2540 4039
43 259 318 32 THE
467 259 318 32 NEW
891 259 741 32 ZEALAND
1738 259 742 32 GAZETTE

43 291 2437 71 AND

43 362 1218 71 WELLINGTON
1383 362 1097 71 SPECTATOR

587 482 222 38 PUBLISHED
856 484 133 37 EVERY
1033 482 261 38 WEDNESDAY
1339 481 87 38 AND
1474 482 231 37 SATURDAY
1750 482 205 38 MORNING.

563 598 133 32 PORT
723 599 288 39 NICHOLSON,
1033 597 265 35 SATURDAY
1318 598 242 40 MORNING,
1583 602 224 32 OCTOBER
1831 604 51 34 30,
1907 606 88 28 1841.

69 588 63 43 No!
155 599 67 40 85.]
239 588 3 4 '

2293 602 98 41 [Vol.
2413 602 47 32 11.

1289 691 73 48 ON
1372 691 85 26 SALE,
1470 699 28 14 ex
1507 693 58 20 Arab
1576 692 45 22 and
1630 693 82 19 Amelia
1724 693 125 25 Thompson:
1851 702 28 5 —

1365 719 77 25 50,000
1451 719 81 22 bricks.

1371 747 27 19 20
1407 745 65 22 hhds.
1482 745 62 23 lime.

1315 771 355 28 Aquantitj'ofbattensandinch
1678 773 70 21 board
1755 772 121 27 (English.)

1372 799 73 26 Apply
1456 803 22 18 to
1654 800 89 21 Willis
1755 800 44 21 and
1810 800 39 21 Co.

1515 845 52 20 For
1582 844 71 24 Sale,

1287 877 52 47 A
1353 875 74 22 FINE
1437 876 43 21 fast
1491 877 78 26 sailing
1585 877 74 26 yacht,
1672 880 73 18 cutter
1753 876 86 27 rigged,
1854 876 23 22 in

1381 902 110 27 thorough
1507 905 78 26 repair,
1606 903 53 22 with
1675 910 49 16 new
1737 903 58 26 sails,
1811 902 68 23 chain

1287 929 71 28 cable,
1370 929 44 22 and
1429 929 85 23 anchor
1527 930 95 27 entirely
1631 931 117 26 complete.
1779 930 44 22 She
1835 929 43 22 will

1287 963 65 21 carry
1369 957 67 21 about
1455 957 62 22 three
1535 964 25 15 or
1577 958 51 21 four
1647 961 58 23 tons,
1727 957 44 22 and
1789 957 20 22 is
1828 957 50 21 well

1287 983 97 28 adapted
1392 987 22 18 to
1424 983 62 23 trade
1496 985 101 22 between
1607 985 44 21 this
1660 985 64 28 ]jlace
1734 985 46 21 and
1789 984 88 22 Petoni.

1287 1010 77 28 Apply
1374 1015 23 17 to

1547 1038 21 23 J.
1584 1039 34 21 M.
1632 1038 104 26 Taylor,
1752 1038 31 22 Te
1794 1039 56 21 Aro.

1287 1083 103 53 JM.
1404 1083 134 27 TAYLOR,
1553 1084 32 23 Te
1600 1085 56 26 Aro,
1670 1084 41 21 has
1726 1091 29 14 on
1774 1084 54 26 sale,
1851 1089 27 16 ex

1328 1124 11 10 •
1369 1112 59 24 Lucy
1439 1112 89 26 Sharpe,
1530 1122 28 4 —

1371 1138 106 22 Gunter's
1486 1138 119 28 preserved
1613 1138 71 27 fruits,

1315 1164 77 28 Fancy
1400 1164 92 23 biscuits
1501 1166 25 21 in
1533 1166 50 26 tins,

1314 1192 65 21 Jams
1388 1192 44 22 and
1437 1192 83 28 jellies,

1314 1218 94 27 Pickles,

1315 1245 127 28 Raspberry
1451 1246 100 27 vinegar,

1314 1272 100 28 Herring
1423 1277 70 23 paste,

1314 1300 112 28 Anchovy
1435 1304 70 24 paste,

1314 1326 54 22 Pate
1378 1335 28 14 au
1414 1327 81 27 diable,

1314 1354 102 22 Chedder
1425 1354 45 22 and
1480 1354 73 22 North
1563 1354 66 22 Wilts
1638 1354 85 27 cheese,
1733 1354 40 22 &c.
1785 1354 41 22 &re.

1546 1389 61 19 ALSO,

1313 1408 114 27 Blankets,

1273 1446 5 17 j-
1313 1435 92 22 Printed
1414 1436 113 27 dtuggets,

1272 1472 2 12 i
1313 1462 53 27 Slop
1376 1462 106 27 clothing,

1312 1489 69 22 Boots
1391 1489 44 22 and
1444 1489 73 27 shoes,
1529 1488 44 23 and
1583 1488 54 22 shoe
1646 1488 119 28 materials,

1313 1516 54 28 Ship
1377 1516 129 27 chandlery,

1313 1543 151 28 Gunpowder,

1313 1570 63 27 Shot,
1388 1582 3 7 .

1313 1598 82 27 String,

1313 1625 135 27 Stationery,

1312 1651 110 28 Tobacco,

1272 1674 2 27 i
1313 1679 66 27 Soap,

1313 1707 23 21 A
1343 1705 110 28 bagatelle
1462 1705 71 23 board
1543 1705 117 28 complete,

1313 1733 77 27 Magic
1399 1733 96 27 lantern,

1314 1760 119 22 Electrical
1442 1760 111 27 machine,

1314 1787 78 27 Piano,

1314 1813 129 23 Stockholm
1453 1817 42 25 tar,

1313 1841 53 23 Coir
1375 1849 61 20 rope,

1314 1869 22 22 A
1346 1869 61 27 large
1418 1871 135 20 assortment
1561 1869 25 21 of
1593 1868 78 27 snuffi,
1682 1868 122 27 consisting
1812 1868 35 22 of:
1849 1879 28 5 —

1314 1895 99 22 Prince's
1423 1896 104 27 mixture,

1313 1923 126 26 Strasburg,
1452 1931 4 4 •

1315 1950 45 22 No.
1369 1951 34 26 45,
1414 1949 100 28 scented,

1315 1977 80 21 Prince
1405 1977 101 21 Albert's
1515 1977 106 27 mixture,

1291 2020 7 11 %
1315 2004 111 21 Morton's
1435 2002 106 29 mixture,

1316 2029 44 22 No.
1367 2031 34 25 31,
1412 2030 50 20 best
1470 2030 85 25 brown,

1317 2056 135 22 Hardham's
1461 2056 45 22 No.
1516 2057 34 26 37,

1317 2084 63 21 Cuba
1389 2086 103 25 carrotte,

1317 2111 113 26 Princeza,
1452 2124 4 2 ■

1317 2137 148 22 Grimstone's
1475 2137 113 27 diamond,

1299 2167 2 6 '
1317 2164 88 28 Scotch,

1318 2191 148 23 Grimstone's
1476 2199 41 20 eye
1528 2191 65 22 snuff.

1317 2247 67 22 From
1394 2246 154 23 Blackurood's
1557 2248 81 25 Lady's
1644 2247 118 25 Magazine,
1771 2246 34 21 for
1815 2246 62 33 May,

1290 2275 61 21 1838.
1379 2274 33 22 To
1430 2274 38 21 Mr
1487 2274 35 21 W.
1534 2274 137 26 Grimstone,
1684 2281 29 14 on
1729 2273 35 22 his
1774 2273 103 22 valuable

1289 2301 116 22 invention
1416 2301 26 21 of
1452 2300 39 24 the
1501 2301 47 27 Eye
1564 2302 70 26 Snuff,
1645 2301 67 22 made
1720 2300 59 22 from
1795 2300 84 21 British

1288 2328 74 28 herbs,
1373 2328 33 23 for
1416 2328 38 22 the
1472 2328 100 23 diseased
1586 2335 82 21 organs
1678 2328 26 21 of
1715 2327 38 22 the
1766 2327 60 22 head
1835 2327 44 22 and

1278 2354 5 7 '
1290 2363 51 20 eyes
1348 2364 5 13 :
1355 2367 28 5 —

1291 2392 69 23 Great
1367 2399 44 15 was
1421 2392 38 22 the
1468 2399 76 21 power
1551 2392 48 22 that
1607 2391 39 22 did
1656 2394 23 19 to
1689 2399 52 14 man
1751 2391 83 27 impart

1290 2420 102 21 Creative
1400 2420 80 27 genius
1490 2420 45 23 and
1541 2419 115 22 inventive
1667 2422 34 18 art
1709 2427 4 18 ;

1289 2446 48 23 The
1356 2447 83 22 second
1458 2447 74 27 praise
1553 2447 26 27 is,
1599 2446 121 27 doubtless,
1741 2445 137 26 Grimstone,

1343 2474 70 22 thine.

1290 2500 60 23 Wise
1360 2509 44 14 was
1413 2501 64 22 thine
1485 2500 67 27 head,
1562 2500 45 22 and
1616 2502 64 25 great
1687 2507 44 14 was
1742 2499 39 27 thy
1792 2499 86 27 design,

1291 2528 47 22 Our
1346 2529 102 27 precious
1458 2528 66 27 sight,
1535 2528 57 21 from
1602 2528 86 26 danger
1697 2534 51 15 now
1759 2531 32 17 set
1802 2526 54 27 free,

1291 2555 82 28 Wives,
1384 2555 96 28 widows,
1491 2554 90 28 fathers,
1591 2554 84 28 praises
1686 2554 50 26 sing
1746 2557 22 18 to
1779 2553 58 22 thee.

1601 2589 134 21 Elizabeth
1750 2587 103 22 Robson*.

1289 2624 32 25 19,
1333 2623 135 26 Bell-street,
1480 2621 180 28 Edgware-road,
1673 2621 156 27 Marylebone.

1461 2676 44 21 Ex
1518 2676 44 20 the

1290 2711 108 48 POTS,
1409 2709 89 28 kettles,
1509 2716 130 21 saucepans,
1649 2709 46 21 and
1706 2716 66 19 every
1783 2708 98 28 descrip-

1362 2739 48 20 tion
1420 2737 27 21 of
1454 2737 97 27 cooking
1559 2737 102 22 utensils.

1318 2765 72 27 Guns,
1400 2764 83 23 double
1496 2765 46 21 and
1557 2764 71 27 single
1644 2763 82 28 barrel,
1736 2762 96 23 suitable
1847 2763 34 21 for

1291 2792 74 22 native
1376 2791 69 23 trade.

1421 2818 125 27 Wallace,
1561 2818 92 27 White,
1670 2817 45 22 and
1729 2817 125 22 Wallace.

1292 2863 136 50 GEESE,
1447 2863 110 27 DUCKS,
1578 2862 153 27 TURKEYS,
1753 2869 14 14 a
1788 2862 45 21 few
1854 2869 29 14 on

1374 2890 52 23 sale.
1456 2890 77 28 Apply
1543 2894 23 19 to

1418 2925 126 27 Wallace,
1559 2924 94 27 White,
1670 2923 46 23 and
1730 2923 126 22 Wallace.

1291 2972 40 21 To
1345 2971 252 27 Agriculturalists,
1616 2970 172 26 Carpenters,
1810 2969 75 20 Saw-

1491 3003 71 21 yers,
1577 2998 45 21 &c.
1637 2997 45 20 &c.

1292 3033 134 23 TT^VERY
1445 3032 134 27 description
1599 3031 27 22 of
1642 3030 143 29 agricultural
1804 3030 80 27 imple-

1301 3056 37 23 Pj
1368 3064 80 22 ments,
1460 3059 135 28 carpenters'
1605 3058 65 26 tools,
1681 3059 40 20 &c.
1733 3058 40 21 &c.

1318 3088 57 21 N.B.
1377 3099 28 3 —
1405 3088 22 20 A
1443 3086 62 23 fresh
1521 3085 146 29 importation
1684 3085 26 21 of
1722 3084 113 22 excellent
1851 3083 33 28 pit

1291 3115 45 22 and
1350 3116 109 21 cross-cut
1475 3121 63 19 saws,
1555 3114 90 28 pit-saw
1660 3112 55 27 files,
1732 3112 41 22 &c.
1788 3112 51 27 &c,
1854 3118 29 14 on

1291 3142 46 21 sale
1346 3145 25 18 at
1379 3141 37 22 the
1427 3144 71 17 stores
1508 3140 26 21 of

1421 3167 125 26 Wallace,
1562 3166 92 27 White,
1671 3165 45 22 and
1730 3165 125 21 Wallace.

1546 3212 81 21 Fork.

1292 3248 72 49 ON
1376 3247 85 27 SALE,
1473 3250 23 19 at
1505 3247 38 21 the
1553 3247 75 22 Stores
1639 3244 24 23 of
1675 3245 38 21 the
1722 3243 160 28 undersigned,

1369 3276 14 21 3
1398 3278 51 18 tons
1465 3274 26 22 of
1510 3273 101 22 Colonial
1628 3272 65 28 pork,
1704 3279 28 15 ex
1746 3273 61 25 Sally
1825 3272 57 27 Ann,

1290 3302 24 22 in
1325 3302 65 23 small
1399 3301 118 29 packages.

1557 3326 36 22 W.
1609 3326 26 22 B.
1651 3325 95 23 Rhodes
1757 3325 44 23 and
1812 3325 39 22 Co.

1318 3355 98 23 October
1425 3356 21 26 4,
1458 3356 62 21 1841.
1566 3355 4 6 '

1291 3408 93 22 fTHHE
1398 3405 153 29 undersigned
1559 3405 41 23 has
1613 3412 30 15 on
1658 3404 46 22 sale
1714 3404 38 22 the
1767 3403 116 28 following

1298 3428 30 29 X
1366 3434 88 23 articles
1463 3442 5 14 :
1470 3445 29 4 —

1318 3469 80 26 Locks,
1407 3468 67 27 bolts,
1484 3468 86 26 hinges,
1581 3466 52 22 sash
1642 3464 78 23 rollers
1730 3464 44 23 and
1785 3467 94 25 centres,

1291 3496 45 22 and
1343 3496 87 22 shutter
1439 3495 93 26 latches,

1318 3523 21 22 A
1350 3527 63 24 great
1421 3522 88 27 variety
1519 3521 26 22 of
1551 3527 86 20 screws,

1318 3550 124 27 Engineers
1451 3549 59 21 bolts
1520 3548 44 22 and
1572 3551 61 23 nuts,

1317 3578 53 26 Dog
1379 3576 44 22 and
1433 3583 47 15 cow
1493 3575 85 27 chains,

1318 3604 55 22 Iron
1383 3603 44 23 and
1437 3610 83 20 copper
1529 3602 59 26 wire,

1318 3631 54 22 Iron
1380 3638 38 19 gas
1423 3629 86 33 piping,
1517 3629 99 23 andiron
1623 3627 78 28 piping
1708 3627 34 21 for
1749 3629 81 24 •toves,
1839 3626 40 22 &c.

1317 3657 92 23 Smith's
1418 3657 56 26 hies,

1317 3685 45 22 Tar
1371 3683 45 23 and
1425 3683 54 22 shoe
1489 3682 100 27 brushes,
1600 3681 108 27 markers,
1719 3681 41 21 &c.

1317 3712 49 22 Bed
1375 3710 109 29 sackings,

1317 3739 53 21 Fish
1381 3737 77 27 hooks,

1317 3765 80 23 Hooks
1406 3764 46 22 dnd
1462 3771 60 20 eyes,
1532 3763 51 28 pins
1592 3762 46 22 and
1647 3761 98 27 needles,

1317 3790 146 24 Unbleached
1473 3791 77 26 calico,
1561 3793 76 19 cotton
1647 3788 89 27 checks,
1745 3788 42 22 &c.

1316 3819 54 28 Slop
1379 3817 108 28 clothing.

1314 3845 97 28 Thread,
1421 3844 98 27 darning
1528 3845 83 25 cotton,
1622 3842 46 23 and
1677 3841 103 27 worsted.

1315 3873 89 22 Pickles
1420 3871 47 23 and
1485 3878 85 20 sauces,
1586 3869 129 23 maccaroni
1733 3866 46 24 and
1797 3868 82 22 vermi-

1290 3900 57 27 celli,
1359 3900 40 22 &c.
1409 3899 41 22 &c.

1619 3930 3 4 ■
1663 3923 28 23 E.
1706 3923 146 23 Catchfool.

1315 3952 189 25 Dickson-»treet.

786 693 175 27 Wellington
978 693 158 26 Exchange.

661 727 52 48 A
727 727 113 22 PUBLIC
849 727 125 21 DINNER
983 730 22 18 to
1016 726 110 22 celebrate
1139 726 39 21 the
1188 733 69 20 open-

740 754 41 28 ing
804 754 26 21 of
856 754 38 21 the
913 754 138 26 Wellington
1071 753 132 27 Exchange,
1223 753 32 21 Te

663 781 54 27 Aro,
728 780 105 22 willtake
842 780 64 28 place
915 780 24 22 in
950 780 37 22 the
997 781 80 26 Room,
1090 788 28 14 on
1128 780 126 26 Thursday,

661 807 40 22 4th
710 807 136 27 November,
864 809 61 20 1841.
953 807 41 22 Dr.
1006 807 76 22 Evans
1094 807 24 21 in
1133 807 39 21 the
1187 806 67 26 chair,

661 835 66 21 when
746 834 38 22 the
804 834 76 27 public
899 841 38 15 are
960 834 145 34 respectfully
1122 833 88 22 invited
1233 836 23 18 to

661 861 85 22 attend.
786 861 91 21 Tickets
897 862 47 20 30s.
958 856 54 26 each
1026 865 24 17 to
1066 861 28 22 be
1110 860 47 22 bad
1173 860 27 22 of
1218 860 38 22 the

662 887 120 23 Stewards.

873 914 174 22 STEWARDS.

881 948 36 23 W.
932 948 73 28 Lyox,

881 976 30 21 A.
927 976 105 27 LUDLAM,

881 1003 22 22 J.
919 1002 81 28 Wade,
1262 1016 2 18 ,

881 1030 30 22 A.
926 1030 77 27 Hort,

880 1057 26 22 T.
921 1058 32 21 M.
968 1057 143 27 Partridge,
1262 1070 2 11 i

881 1084 36 22 W.
933 1085 105 27 Guyton,

882 1112 22 21 £>.
920 1112 99 27 Revans,

882 1138 29 22 R.
925 1138 91 23 Waitt.

689 1173 89 22 Dinner
788 1180 29 14 on
828 1173 38 22 the
876 1173 60 22 table
946 1175 23 20 at
978 1175 14 20 6
1002 1172 93 23 o'clock.
1124 1172 132 23 Admission

661 1199 31 28 by
703 1199 79 23 tickets
793 1200 61 27 only.

777 1247 41 20 On
829 1246 70 25 Sale,
911 1251 35 16 ex
956 1246 45 21 the
1185 1254 10 12 \

661 1281 52 48 A
728 1279 81 23 CASK
818 1279 27 22 of
851 1279 99 22 assorted
960 1279 101 23 tin-ware
1072 1279 123 27 consisting
1205 1279 24 22 of
1229 1290 28 5 —

764 1309 105 25 tea-pots,
894 1310 37 18 tea
953 1306 87 27 kettles,
1066 1314 131 20 saucepans,
1222 1307 34 21 tin

661 1334 70 22 bowls
740 1334 46 22 and
799 1333 83 28 basins,
893 1336 38 19 tea
944 1333 131 27 cannisters,
1085 1334 34 22 tin
1136 1334 46 22 and
1197 1333 59 23 horn

661 1361 108 27 lanterns,
795 1368 65 20 camp
889 1359 89 29 kettles,
1000 1360 103 28 pudding
1124 1368 65 20 pans,
1213 1359 43 23 fish

661 1387 90 28 kettles,
762 1392 99 23 tureens,
872 1387 34 22 tin
923 1387 69 28 pails,-
1002 1394 85 20 covers,
1098 1387 156 29 candlesticks,

660 1415 80 29 lamps,
751 1415 98 27 funnels,
861 1415 40 21 &c.
913 1415 40 22 &c.

1028 1441 111 23 William
1154 1441 74 23 Lyon.

690 1469 98 22 October
796 1470 34 25 29,
843 1469 61 22 1841.

727 1515 42 20 On
788 1515 71 25 Sale,
876 1519 37 16 ex
926 1514 45 21 the

664 1548 178 23 SUPERIOR
851 1547 177 28 Campbelltown
1037 1547 107 29 whiskey,

664 1570 35 29 O
730 1575 110 27 Ayrshire
850 1575 103 26 oatmeal,
1256 1595 2 4 ,
1262 1578 2 30 j

692 1602 132 27 Edinburgh
833 1602 87 22 bottled
931 1602 41 22 ale.
1262 1613 2 7 <

1025 1629 112 22 William
1152 1629 74 22 Lyon.

693 1657 86 22 Corner
789 1656 25 22 of
820 1656 154 22 Willis-street
983 1656 44 22 and
1037 1656 189 28 Lambton-quay,
1262 1662 2 18 I

776 1684 99 21 October
883 1685 34 25 26,
929 1684 61 21 1841.

729 1731 43 20 On
786 1729 71 25 Sale,
873 1735 37 15 ex
923 1730 46 20 the

667 1764 44 32 f^i
723 1763 60 22 LEN
788 1763 109 22 GARRY
911 1763 105 26 bonnets,

668 1788 55 24 \JT
750 1787 55 25 Clan
815 1790 85 21 Tartan
910 1789 78 28 plaids,

694 1817 116 28 Shepherd
819 1817 80 27 plaids,

694 1844 133 27 Edinburgh
837 1844 46 22 and
892 1844 88 26 Paisley
990 1843 86 27 shawls,

692 1872 92 27 Turkey
795 1871 40 22 red
844 1870 172 23 handkerchiefs
1029 1870 45 23 and
1084 1870 88 28 shawls,

693 1899 36 23 De
739 1899 75 27 Lams,
826 1898 80 28 prints,
917 1906 14 13 a
939 1900 64 25 great
1011 1898 93 28 variety,

653 1923 2 24 I
693 1926 121 23 Aberdeen
824 1926 98 27 hosiery.

1028 1952 111 22 William
1155 1952 75 21 Lyon.

892 1997 54 21 For
960 1997 70 24 Sale,

664 2032 93 49 THE
772 2030 71 23 Hotel
856 2031 45 21 and
912 2029 159 22 Public-house
1079 2027 140 24 knovrtf'atf"
1222 2028 37 23 the

739 2058 52 23 Rdb
805 2058 58 27 Roy,
876 2060 22 19 at
908 2057 134 27 Wanganui,
1054 2056 38 22 the
1102 2060 91 24 present
1208 2064 51 20 pro-

662 2086 84 26 prietor
761 2086 69 26 being
845 2085 72 21 about
931 2087 22 18 to
971 2083 123 28 relinquish
1112 2084 104 21 business
1235 2083 23 22 in

663 2113 80 22 favour
747 2112 32 22 <of
791 2111 145 28 agricultural
941 2111 104 26 pursuits.
1073 2111 45 21 For
1127 2110 132 28 particulars

663 2139 68 29 apply
742 2143 23 18 to
776 2139 44 23 Mr.
837 2138 62 23 John
910 2138 26 22 M
946 2138 94 26 Gregor,
1051 2137 137 27 Wanganui,
1202 2145 24 14 or
1237 2140 22 19 to

664 2170 88 19 Waters
760 2166 47 22 and
816 2166 80 26 Smith,
907 2164 147 28 Wellington.

788 2218 72 21 Well
871 2217 135 21 seasoned
1015 2217 117 21 Timber.

663 2251 146 51 WAITT
828 2251 69 22 AND
921 2250 98 22 TYSER
1040 2257 39 15 are
1102 2249 110 29 prepared
1236 2252 22 19 to

748 2278 82 28 supply
845 2286 46 19 any
901 2278 103 27 quantity
1014 2277 25 21 of
1051 2277 50 21 well
1117 2280 37 19 cut
1169 2277 88 27 timber,

664 2307 97 23 suitable
770 2307 35 21 for
815 2313 69 20 every
892 2312 96 21 purpose
995 2304 29 24 .of
1033 2304 110 27 building,
1155 2305 41 21 &c.

693 2333 147 27 Wellington,
852 2332 131 28 September
991 2333 33 25 29,
1036 2332 62 20 1841.

666 2380 73 49 ON
750 2377 79 24 SALE
837 2378 31 28 by
878 2377 38 22 the
925 2376 152 27 undersigned
1085 2384 35 15 :—
1120 2375 7 7 *

730 2407 60 22 First
800 2405 96 22 colonial
905 2404 64 27 flour,

693 2432 137 29 Negrohe'ad
839 2432 93 22 tobacco
943 2431 74 27 (small
1025 2430 74 28 kegs,)

694 2462 97 26 Raisins,
802 2460 49 27 figs,
863 2459 45 22 and
917 2458 114 28 liquorice,

693 2488 126 23 Barcelona
827 2490 61 23 nuts,

695 2514 145 29 Gunpowder
849 2514 24 21 in
884 2513 130 27 cannisters,

694 2543 61 23 Rum
764 2543 24 21 in
798 2541 74 27 hhds.,

694 2570 94 27 Brandy
797 2569 23 22 in
831 2568 70 29 pipes,
911 2566 73 28 hhds.,
995 2566 45 22 and
1047 2570 91 24 quarter
1148 2566 72 27 casks,

695 2597 126 24 Schiedam,
838 2590 68 28 wliite
925 2594 45 23 and
988 2593 85 28 tinged,
1092 2594 26 22 in
1136 2594 59 22 hhds
1214 2592 45 24 and

665 2628 92 25 quarter
766 2624 72 26 casks,

694 2651 113 23 Hollands
816 2650 24 22 in
849 2649 62 27 large
921 2648 46 23 and
976 2647 64 23 small
1050 2655 69 20 cases,

694 2678 96 28 Arrack,

694 2706 83 27 Sherry
786 2706 24 21 in
818 2703 67 23 hhds.
896 2702 45 23 and
950 2705 90 26 quarter
1049 2701 71 29 casks,

694 2733 54 22 Pale
758 2735 60 24 Cape
826 2731 78 27 sherry
913 2731 24 21 in
948 2729 70 28 wood,

693 2761 55 21 Port
757 2759 47 23 and
812 2758 79 28 sherry
899 2758 24 21 in
932 2757 78 27 bottle,

695 2787 117 27 Barclay's
819 2789 61 19 stout
889 2785 29 21 in>
922 2784 77 28 bottle,

694 2814 54 23 Pale
758 2814 40 22 ale-
802 2814 24 22 in
835 2812 79 27 bottle,

695 2842 72 27 Pitch,
777 2844 42 25 tar,
831 2840 46 22 and
885 2840 61 27 glue,

686 2882 3 5 •
695 2869 98 25 Oakum,

695 2897 56 22 Fine
761 2891 60 27 table
831 2894 51 28 salt,

694 2923 90 23 Thumb
792 2923 62 26 blue,

695 2951 119 26 Herrings,

694 2978 111 27 Blacking
813 2977 25 21 in
848 2978 76 26 quarts
934 2974 44 22 and
987 2974 67 28 pints,

694 3005 103 28 Taylor's
806 3003 93 23 Persian
909 3001 85 28 thread,

694 3031 110 22 Assorted
812 3031 68 26 slops,

681 3061 3 4 '
694 3058 66 26 Silks,
772 3057 87 26 shawls,
870 3055 179 26 handkerchiefs,
1060 3055 45 22 and
1115 3055 102 27 ribbons,

695 3085 94 22 Printed
799 3087 95 23 cottons,
905 3082 100 25 muslins,
1016 3081 91 29 linings,

694 3112 92 26 Linens,
798 3111 103 26 calicoes,
911 3109 128 27 moleskins,

694 3138 103 27 Flannel,
809 3137 83 28 cloaks,
903 3136 128 27 umbrellas,

680 3170 3 6 1
693 3166 73 21 Cedar
774 3165 89 27 boards,

694 3193 49 22 Ash
754 3200 56 19 oars,

680 3224 2 4 '
692 3219 132 23 Maccaroni
833 3218 47 23 and
889 3217 130 28 vermicelli,

692 3247 89 22 Knives
803 3246 48 23 and
873 3245 68 28 forks,
961 3248 43 23 tea,
1016 3243 92 29 dessert,
1129 3245 47 22 and
1199 3243 60 23 table

664 3281 91 22 spoons.

995 3298 84 22 Waitt
1089 3299 47 22 and
1144 3298 87 23 Tyser.

692 3335 148 27 Wellington,
852 3333 131 28 September
991 3334 34 26 29,
1036 3334 62 20 1841.

766 3380 42 21 On
823 3379 71 24 Sale,
910 3383 36 16 ex

666 3413 131 24 "TT'ORTY
805 3412 86 22 barrels
901 3410 237 28 Loch-fineherrings,

665 3434 36 30 Jj
739 3441 42 21 150
790 3440 79 22 firkins
896 3439 38 22 do.
1016 3438 36 22 do.

694 3468 34 24 16,
728 3468 81 24 tierces
817 3466 60 27 beef,

692 3497 13 21 5
716 3494 133 29 puncheons
857 3501 59 19 rum,

692 3525 28 20 20
730 3521 65 23 casks
804 3520 56 28 lard,

694 3551 40 21 110
744 3548 85 23 barrels
839 3546 104 28 oatmeal,

692 3579 29 21 24
730 3576 37 22 do.
821 3582 68 20 pease
900 3573 65 27 meal,

693 3606 28 20 20
730 3603 37 23 do.
822 3602 73 27 prime
905 3608 59 14 mess
975 3600 62 28 pork,

693 3633 26 21 85
729 3631 71 21 boxes
808 3634 62 22 soap,

694 3659 26 21 25
730 3656 65 24 casks
805 3655 61 27 soda,

694 3685 77 21 Green
780 3690 74 21 pease»
865 3682 62 27 pearl
935 3681 85 28 barley,

694 3711 59 23 Seed
762 3714 54 23 oats,
828 3709 101 23 assorted
937 3708 71 27 seeds,

694 3741 27 20 10
730 3737 85 23 barrels
823 3735 66 28 nails,

694 3766 94 26 Cottage
798 3764 66 22 doors
875 3762 45 22 and
929 3762 111 26 windows,

694 3793 12 22 5
716 3791 134 32 puncheons
859 3789 68 23 finest
936 3788 175 29 Campbelltown
1120 3788 109 28 wbiikey,

692 3821 13 21 5
716 3819 65 23 hhds.
792 3817 101 28 superior
903 3823 91 20 cognac,

691 3849 30 20 40
729 3846 73 23 dozen
811 3844 102 27 superior
920 3846 59 25 port,

692 3875 28 22 40
729 3873 36 23 do.
779 3892 3 5 ,
808 3871 39 24 old
856 3870 85 28 sherry.

653 3896 2 29 i
664 3900 79 26 Apply
751 3902 24 20 to
784 3899 45 22 Mr.
839 3896 130 24 Mathieson
978 3903 29 15 on
1016 3896 78 27 board,
1105 3904 26 14 or
1140 3899 24 19 to

676 3929 3 4 •
693 3935 2 4 ■
755 3927 2 8 '
806 3932 3 5 ■
831 3924 3 6 '
871 3930 2 6 ■
993 3922 83 24 Waitt
1087 3923 45 23 and
1143 3923 88 23 Tysbr.

653 3968 2 19 ;
692 3960 146 28 Wellington,
850 3958 98 23 October
958 3958 33 28 14,
1003 3957 60 22 1841.

41 693 70 24 THIS
120 692 75 28 DAY,
206 693 198 28 (SATURDAY,)
416 701 28 14 at
454 694 27 21 12
491 692 139 23 O'CLOCK.

164 727 112 27 Village
292 727 32 21 of
339 727 164 22 Richmond.

42 761 158 51 MESSRS.
220 760 86 23 JOHN
324 761 45 22 and
385 761 129 22 GEORGE
535 760 96 22 WADE

129 788 59 22 have
197 787 39 23 the
245 788 89 23 honour
344 792 23 18 to
377 795 119 15 announce
512 787 50 22 that
577 787 54 27 they

42 816 54 24 have
104 814 106 23 received
218 816 147 22 instructions
374 815 59 22 from

144 851 28 23 T.
188 851 34 23 M.
240 851 192 27 PARTRIDGE,
447 851 73 27 ESQ.,

40 886 30 22 To
80 885 83 22 submit
180 887 23 19 to
217 884 86 28 public'
313 884 151 27 competition,
482 887 24 19 at
521 884 39 21 the
575 884 56 21 New

41 911 119 27 Exchange
188 911 81 27 Room,
294 910 33 23 Te
355 912 55 26 Aro,
440 917 30 16 on
499 911 131 27 Saturday,

118 938 100 23 October
226 939 35 26 30,
273 940 61 26 1841,
345 938 38 22 the
393 937 73 23 whole
476 938 27 21 of
513 937 37 22 his

182 975 150 23 COUNTRY
346 975 139 27 SECTION,

40 1009 137 27 Judiciously
186 1009 84 23 chosen
278 1009 25 22 in
316 1009 38 22 the
369 1009 87 27 Valley,
468 1009 26 21 of
508 1008 39 22 the
563 1009 66 26 Hutt,

40 1036 41 24 and
89 1035 46 23 laid
143 1039 41 19 out
193 1036 31 27 by
234 1037 28 21 R.
273 1037 73 26 Park,
362 1036 61 28 Esq.,
437 1035 55 23 with
501 1039 64 24 great
575 1039 56 19 taste

222 1063 47 23 and
279 1063 128 28 judgment,
418 1070 25 15 as

236 1101 23 21 A
278 1100 150 29 VILLAGE,

41 1135 25 23 In
75 1133 72 24 which
156 1133 63 22 there
229 1134 47 22 will
292 1135 29 21 be
336 1142 13 13 a
365 1142 89 14 reserve
470 1141 31 14 on
517 1133 39 22 the
572 1136 61 22 most

103 1161 119 29 navigable
233 1164 51 24 part
294 1161 26 22 of
330 1161 38 22 the
378 1161 71 22 River
458 1161 65 24 Hutt'
527 1162 36 21 for

264 1199 23 21 A
301 1198 101 27 TOWN,

41 1227 26 22 So
76 1233 24 15 aB
109 1228 23 19 to
142 1225 65 23 allow
217 1228 23 19 to
251 1225 58 23 each
318 1225 43 23 five
370 1233 64 15 acres
445 1225 25 23 in
485 1225 38 22 the
541 1225 89 28 village,

112 1260 44 15 one
166 1256 91 25 quarter
267 1253 27 21 of
303 1260 30 14 an
343 1260 52 14 acre
403 1253 25 21 in
438 1253 38 22 the
487 1256 68 23 town,

40 1289 83 24 WITH
136 1289 161 23 RESERVES
312 1289 62 22 FOR
388 1289 22 22 A
422 1289 130 23 CHURCH
563 1289 68 23 AND

181 1316 115 23 PUBLIC
316 1315 163 29 PURPOSES,

41 1353 25 22 So
77 1359 23 15 as
109 1354 23 19 to
142 1350 81 23 enable
238 1350 38 23 the
293 1352 75 21 future
385 1351 137 28 proprietors
537 1354 24 19 to
578 1357 54 16 con-

40 1382 95 21 centrate
146 1378 38 23 the
193 1378 74 23 whole
278 1378 26 22 of
315 1378 37 23 the
369 1378 62 23 trade
449 1378 26 22 of
492 1377 50 23 that
559 1378 73 22 fertile

77 1404 86 24 district
172 1406 24 21 in
205 1406 40 22 the
256 1406 66 21 small
331 1409 60 18 town
403 1404 106 23 attached
518 1409 24 18 to
551 1404 39 23 the

135 1442 145 23 VILLAGE
294 1442 40 22 OF
349 1442 182 23 RICHMOND.

39 1477 44 23 The
94 1476 64 23 order
167 1476 27 22 of
204 1476 78 23 choice
292 1477 24 21 in
328 1476 37 22 the
381 1480 60 18 town
456 1476 45 22 will
514 1476 30 22 be
558 1476 74 21 deter-

40 1503 74 26 mined
122 1503 31 28 by
162 1503 95 29 priority
273 1503 26 22 of
314 1503 110 28 purchase
438 1503 25 22 in
480 1503 38 22 the
536 1502 81 28 village
625 1510 5 19 ;

41 1531 34 23 the
89 1531 73 33 buyer
177 1531 26 21 of
219 1530 40 22 the
276 1531 49 21 first
339 1530 83 27 village
436 1529 35 23 lot
484 1530 85 27 having
584 1529 49 23 first

213 1557 79 23 choice
302 1557 25 23 in
336 1557 38 22 the
383 1561 69 19 town.

65 1592 67 22 Little
141 1591 61 22 need
209 1591 30 22 be
249 1591 48 23 said
308 1598 29 15 on
344 1590 39 23 the
390 1592 87 26 subject
485 1591 25 22 of
517 1590 45 23 this
569 1590 62 28 land,

42 1627 20 14 ss
72 1619 37 22 the
119 1618 94 29 fertility
223 1618 27 22 of
261 1618 18 23 it
287 1619 20 22 is
317 1622 38 18 too
364 1618 50 23 well
424 1625 83 15 Known
522 1622 23 18 to
562 1618 72 22 admit

42 1647 24 21 of
82 1646 87 28 dispute
179 1654 6 19 ;
214 1645 48 22 and
278 1645 108 28 although
393 1654 3 8 '
405 1645 38 22 the
459 1646 77 26 valley
551 1645 28 22 of
595 1645 38 22 the

42 1674 56 21 Hutt
115 1681 45 15 was
179 1676 42 19 not
238 1672 57 29 long
313 1673 61 22 since
395 1672 45 26 like
459 1672 40 23 the
522 1672 112 24 Deserted

41 1700 91 28 Village,
142 1703 40 25 yet
191 1700 29 22 its
229 1699 60 23 local
298 1700 144 27 advantages,
458 1698 55 24 and'
521 1700 38 22 the
575 1700 60 22 rich-

41 1735 48 15 ness
99 1727 26 22 of
134 1727 30 22 its
175 1727 47 25 soil,
235 1734 55 15 soon
308 1735 118 15 overcame
443 1734 69 21 every
526 1727 108 27 obstacle,

42 1754 41 23 and
91 1754 41 23 has
146 1754 92 28 already
254 1754 90 23 created
360 1762 14 14 a
389 1755 108 22 reaction.
525 1754 75 22 There
616 1754 19 23 is

42 1789 45 15 now
97 1789 14 14 a
120 1781 131 29 population
262 1782 27 21 of
299 1789 63 14 more
376 1782 55 21 than
448 1782 41 22 700
506 1782 80 27 people
601 1781 34 22 lo-

41 1808 60 23 cated
115 1809 63 21 there
186 1817 6 19 ;
207 1809 49 21 and
269 1808 44 22 this
323 1808 18 22 is
351 1809 54 27 only
416 1816 13 14 a
436 1809 60 21 faint
504 1809 98 27 promise
612 1810 28 25 of

42 1836 57 22 what
106 1836 19 22 is
134 1839 24 19 to
169 1843 72 15 come.
271 1836 42 22 We
323 1835 58 23 shall
391 1835 85 28 shortly
487 1843 36 15 see

151 1869 163 29 never-failing
322 1869 78 28 brook,
411 1869 39 23 the
459 1869 58 29 busy

40 1903 26 23 In
80 1903 42 23 full
135 1904 134 27 perfection,
285 1911 26 15 as
325 1904 38 22 the
379 1903 73 23 whole
466 1903 82 23 wealth
559 1904 27 21 of
597 1904 37 22 the

40 1930 82 23 district
130 1931 28 22 of
168 1931 54 21 Port
231 1930 126 24 Nicholson
366 1931 20 21 is
395 1930 162 22 concentrated
564 1931 24 22 in
596 1931 36 23 the^

77 1968 134 23 FERTILE
226 1967 129 25 VALLEY
369 1968 41 22 OF
424 1967 65 22 THE
503 1967 93 22 HUTT.

40 2001 29 23 To
79 2001 37 24 the
127 2001 113 28 capitalist
247 2001 20 23 it
275 2001 66 23 holds
349 2004 45 20 out.
398 2009 15 17 a
419 2008 57 21 sure,
487 2001 94 27 certain,
588 2002 46 22 and

40 2028 58 28 Iprge
116 2029 68 27 profit
199 2028 37 22 for
251 2029 62 22 what
326 2028 35 22 hei.
373 2028 94 22 invests.
496 2028 34 22 To
544 2028 39 22 the
600 2029 33 21 la-

40 2055 78 22 bourer
125 2055 19 22 it
151 2050 66 27 holds
233 2058 40 19 out
287 2054 39 22 the
341 2057 104 26 prospect
461 2054 28 22 of
506 2055 76 22 future
597 2055 36 22 in-

41 2082 139 28 dependence
189 2082 25 22 in
224 2081 39 22 the
272 2082 126 27 possession
405 2083 26 21 of
441 2081 36 23 his
485 2089 50 15 own
544 2085 88 25 cottage

41 2109 83 23 fireside
134 2116 29 15 on
173 2109 36 22 his
225 2116 52 15 own
292 2109 63 25 land,
370 2109 25 22 in
412 2117 14 13 a
438 2108 99 29 wealthy
553 2109 79 28 neigh-

41 2136 118 27 bourhood,
170 2135 75 23 where
254 2135 30 23 he
293 2135 21 24 is
323 2136 82 27 always
416 2143 50 15 sure
476 2136 28 22 of
513 2135 119 28 profitable

42 2163 156 28 employment.
226 2163 35 21 To
276 2159 47 26 i!he'
332 2163 75 22 trader
422 2163 18 22 it
456 2161 69 24 holds'
538 2163 40 22 but
595 2163 37 22 the

41 2191 91 28 promise
151 2189 27 23 of
195 2191 118 21 extensive
330 2191 103 21 business
450 2190 25 21 in
492 2198 14 13 a
520 2190 49 22 rich
588 2190 45 23 and

41 2218 104 28 populous
155 2214 93 29 district,
259 2217 76 22 where
350 2217 31 22 all
395 2217 38 22 the
449 2217 76 22 future
541 2221 92 24 exports

42 2246 22 22 of
74 2245 37 24 the
120 2245 87 27 Colony
216 2244 48 22 will
273 2245 71 21 either
357 2245 29 21 be
401 2244 117 28 produced
535 2251 25 15 or
574 2244 59 23 have

43 2276 19 19 to
71 2279 50 24 pass
130 2271 105 33 through,
251 2272 55 21 with
316 2271 38 23 the
369 2279 80 14 means
462 2271 27 22 of
505 2272 129 27 conveying

41 2300 15 22 it
64 2302 21 19 to
94 2299 37 23 the
137 2298 106 29 shipping
249 2302 52 24 port
316 2299 68 26 (until
391 2298 130 23 Richmond
528 2298 105 24 becomes

42 2334 11 15 a
68 2327 58 27 port)
148 2327 31 26 by
196 2325 38 23 the
251 2326 106 27 cheapest
370 2333 80 15 means
450 2337 27 4 —
478 2333 82 15 water
579 2333 56 14 car*

42 2361 64 15 riage
121 2357 23 19 at
157 2353 36 22 his
207 2353 64 23 door.
300 2354 55 21 And
369 2357 24 18 to
410 2353 39 22 the
463 2352 88 23 invalid
566 2360 14 15 a
595 2353 39 27 def

43 2380 84 28 lightful
146 2384 52 24 spot
216 2380 36 22 for
270 2388 13 15 a
308 2380 123 28 residence,
456 2380 102 22 adorned
580 2379 54 24 with

43 2408 98 23 Nature's
151 2407 84 23 richest
243 2408 61 28 gifts,
315 2408 34 21 far
358 2408 59 21 from
427 2409 39 22 the
482 2407 56 22 hum
555 2407 26 22 of
595 2407 38 25 the

42 2435 55 28 busy'
102 2438 67 24 town,
181 2434 55 23 with
246 2442 14 14 a
276 2435 89 22 climate
381 2438 42 18 not
437 2441 59 15 even
510 2434 87 23 second
611 2438 23 19 to

43 2462 33 23 the
85 2462 65 25 south
160 2462 27 22 of
198 2462 87 23 France
296 2469 26 15 or
330 2462 38 21 the
378 2462 53 22 blue
441 2461 100 23 ethereal
554 2460 43 29 sky
612 2462 26 21 of

44 2490 59 28 Italy,
120 2493 24 19 to
160 2492 109 19 renovate
285 2489 40 22 the
340 2488 89 28 health;
452 2489 47 21 and
518 2488 38 22 the
576 2492 59 19 most

43 2517 136 28 picturesque
189 2523 96 21 scenery
296 2516 45 22 and
351 2516 120 27 delightful
478 2515 123 27 landscape
610 2516 25 22 in

44 2544 32 22 the
85 2544 70 22 world
164 2547 23 18 to
196 2542 85 29 gratify
291 2543 38 22 the
339 2551 54 14 man
408 2543 27 22 of
453 2546 65 25 taste,
534 2550 47 15 ana
595 2542 40 23 be-

45 2571 52 28 guile
108 2571 40 23 his-
151 2571 84 22 leisure
245 2570 77 23 hours.
332 2586 4 3 -

66 2606 20 21 A
94 2606 54 23 boat
157 2605 45 22 will
211 2605 29 22 be
250 2604 24 22 in
283 2604 138 23 attendance
430 2603 69 28 daily,
511 2607 23 18 to
545 2611 90 20 convey

44 2639 85 21 persons
148 2632 102 23 desirous
269 2632 27 21 of
316 2632 77 27 seeing
412 2631 40 22 the
470 2631 56 22 land
549 2634 24 19 to
585 2635 3 4 '
596 2631 39 22 the

45 2660 83 27 section,
137 2659 47 22 and
194 2659 45 22 Mr.
250 2659 96 22 Sinclair
353 2659 40 22 has
402 2657 81 29 kindly
492 2657 143 23 undertaken

43 2690 21 19 to
71 2686 58 23 shew
138 2686 39 23 the
186 2686 68 23 lines.

66 2721 104 23 Terms—
174 2720 80 22 Under
263 2721 55 27 £30,
330 2720 26 22 15
365 2719 110 28 percent.
486 2719 94 28 deposit,

45 2749 10 21 3
69 2748 96 23 months'
176 2747 73 23 credit
264 2748 36 22 for
315 2747 128 23 remainder
450 2755 6 19 ;
471 2747 60 21 from
549 2747 49 22 £30
612 2749 23 19 to

45 2775 48 28 £50,
102 2777 26 21 15
137 2783 42 20 per
195 2778 61 19 cent,
266 2774 94 29 deposit,
371 2774 47 22 and
426 2775 13 21 3
457 2772 46 24 and
511 2776 14 19 6
536 2773 99 23 months'

45 2801 29 23 for
81 2803 127 23 remainder
214 2804 8 25 ;'
228 2803 1 5 '
236 2801 73 23 above
318 2802 55 27 £50,
385 2802 25 21 15
421 2808 40 21 per
471 2805 62 27 cerjt.
540 2801 95 28 deposit,

45 2829 39 23 and
98 2832 20 25 3,
129 2832 21 25 6,,
159 2829 46 23 and
221 2831 14 20 9
251 2829 99 23 months'
361 2828 71 23 credit
447 2828 36 22 for
498 2827 136 30 remainder,

46 2864 23 15 on
79 2856 234 29 approved-endorsed
322 2859 154 25 acceptances.

66 2891 78 23 Lunch
158 2890 47 24 will
219 2890 30 23 be
264 2890 111 29 prepared
386 2893 24 20 at
424 2890 81 23 twelve
522 2889 87 23 o'clock

149 2930 11 22 j
275 2918 118 28 precisely.
519 2934 3 5 ,

119 2965 159 26 Important
292 2963 61 22 Sale
369 2964 40 26 by
425 2963 133 21 Auction.

48 2997 153 51 MESSRS.
226 2996 98 28 HORT,
340 2996 161 27 MOCATTA,
527 2996 45 22 and
587 2997 47 23 CO.

129 3026 59 22 have
206 3024 107 23 received
322 3024 152 22 instructions.
483 3027 28 18 ,to
532 3024 55 21 offer
600 3024 36 21 for

48 3052 42 23 Sale
103 3053 37 28 by,
141 3052 117 26 -Auction,
274 3052 30 24 in;
316 3052 39 21 the
365 3050 124 27 Exchange
505 3050 82 27 Room,
603 3058 30 15 on

47 3077 93 30 Tuesday
149 3082 64 24 next,
224 3078 47 22 2nd
280 3078 138 26 November,
429 3080 24 18 at
463 3078 29 21 12
499 3076 96 28 c^clock,

34 3126 1 4 .
49 3131 5 6 t
70 3107 34 21 An
115 3106 117 22 extensive
242 3108 136 19 assortment
385 3104 26 23 of
417 3104 34 22 tin
461 3111 67 21 ware,
540 3104 95 22 consist-

49 3131 32 29 ing
90 3134 26 22 of
122 3137 69 24 many
200 3131 75 23 useful
286 3132 97 27 articles,

73 3160 17 22 A
97 3161 63 27 large
170 3160 49 22 and'
224 3158 79 24 varied
313 3161 136 20 assortment
459 3158 27 22 of
490 3158 65 22 brass
565 3165 68 21 ware,

49 3186 43 28 viz-.,
94 3196 3 5 •
101 3187 80 28 hinges
182 3186 87 28 j4oeks',
280 3186 69 23 roller
356 3186 82 26 blinds,
450 3185 121 27 furniture)
582 3186 42 21 &c.

71 3214 65 29 Camp
154 3221 78 20 ovens,
249 3214 90 27 boilers,
349 3213 51 23 iron
409 3216 57 25 pots,
478 3212 70 23 coffee
565 3212 70 28 mills,

50 3238 94 30 latchets,
154 3241 81 28 hinges
236 3255 9 13 f
253 3241 41 22 &c.
307 3248 4 6 r

71 3267 52 23 Shot
137 3267 66 28 belts,
213 3267 140 29 gunpowder
367 3266 76 28 flasks,
454 3266 84 28 pocket
546 3265 87 29 pistols,

49 3295 294 28 gunpowder.in'c'annister,
356 3295 41 21 &c.

72 3321 77 30 Slops/
179 3324 3 12 ;

70 3348 64 24 Tools
143 3349 27 23 of
177 3356 68 21 every
256 3348 145 27 description,

71 3375 92 24 Bottled,
177 3376 34 22 ale
217 3390 5 11 >
231 3374 52 29 and',
294 3379 83 24 porter,
396 3381 58 21 soup
475 3374 48 22 and
544 3372 88 29 bouilli,

34 3421 4 3 .
50 3403 74 26 atarch,
132 3403 62 28 blue,
204 3399 104 32 pudding
324 3400 45 25 and
384 3400 61 24 table
459 3400 89 28 raisins,
558 3408 76 14 maca-

51 3429 48 28 roni,
116 3430 65 22 bells.
196 3431 4 6 y
202 3433 113 19 cross-.cut
336 3428 47 23 and
403 3428 138 27 hand-saws,
556 3428 79 22 ladies'

50 3454 56 25 shoes
122 3457 45 23 and
175 3451 82 33 Wots,
268 3457 64 27 'hats,
351 3455 71 23 calico
437 3455 83 28 sheets,
539 3455 95 22 tobacco

49 3481 62 30 pipes,
121 3492 46 20 gun
175 3484 70 25 flints,
256 3483 5 21 i
297 3489 3 7 '

73 3511 10 22 1
97 3519 52 17 case,
162 3512 29 24 .of
203 3509 103 28 assprted
322 3509 76 28 beads,
417 3509 47 23 and
479 3516 15 15 a
509 3508 89 29 variety
612 3509 26 22 of

34 3558 2 3 .
50 3535 56 26 other
115 3539 95 22 articles.
233 3559 2 6 ,
264 3544 4 10 *

73 3563 91 25 Further
172 3565 137 29 particulars
318 3565 25 22 in
351 3563 63 23 band
423 3563 60 23 bills.

76 3597 95 24 October
179 3601 41 25 26,.
226 3600 63 21 1841.

51 3640 166 50 BARLEY;,,,
221 3643 46 24 and
279 3643 79 30 barley
367 3643 47 23 and
428 3642 76 24 wheat
520 3646 66 19 straw
600 3642 36 22 for

118 3671 53 23 sale.

432 3697 78 23 James
524 3697 83 22 Watt.

73 3722 146 31 Berhampore
231 3725 75 28 Farm,
318 3725 50 23 Oct.
379 3727 35 25 28,
425 3725 62 22 1841.
526 3734 3 4 •

226 3777 83 22 Place
324 3777 121 25 wanted,

50 3807 61 50 BY
129 3820 14 15 a
160 3820 78 20 young
254 3820 95 20 woman,
367 3821 25 14 as
406 3812 71 23 house
494 3821 26 15 or
529 3819 106 21 nursery-

116 3840 68 22 maid.
205 3840 86 33 -Apply,
306 3843 23 19 to
346 3840 56 22 Mrs.
414 3840 79 28 Hunt,
506 3839 128 23 .Thorndon

50 3863 48 29 flat,
106 3873 54 16 near
166 3866 38 23 the
216 3866 157 29 Immigration
384 3866 98 23 Houses.

172 3896 35 25 28;
217 3895 63 21 1841.

117 3931 211 36 GUNPOWDER,
338 3938 24 24 in
372 3939 28 22 12
409 3939 31 23 lb.
451 3938 62 29 kegs.

50 3954 40 36 X?.
117 3989 4 3 .
138 3970 4 5 '
165 3954 104 34 r^V
299 3966 3 5 '
322 3955 8 37 \
352 3965 4 7 '
468 3965 23 23 S;
503 3965 102 24 Revans.

2119 701 68 20 Seed
2207 701 77 21 Peas.
2317 717 5 2 -

1909 733 91 36 rpiHE
2016 733 150 28 undersigned
2177 734 39 21 has
2227 742 13 14 a
2250 736 103 27 quantity
2364 736 25 21 of
2395 736 100 27 superior

1917 756 28 25 X
1992 760 52 21 blue
2060 761 52 22 seed
2129 769 52 19 peas
2196 762 34 21 for
2249 762 53 26 sale,
2319 771 75 18 grown
2413 764 24 20 in
2457 762 37 23 the

1908 786 73 28 valley
1989 788 25 20 of
2021 787 37 21 the
2070 787 57 22 Hutt
2140 788 73 27 by^the
2223 789 45 21 late
2281 790 41 21 Mr.
2334 790 80 23 Eaton.
2439 790 55 22 Also

1908 821 14 14 a
1931 814 102 27 quantity
2044 814 24 21 of
2078 815 74 21 radish
2163 816 58 21 seed.

2283 843 27 22 E.
2325 844 142 21 Catchfool.

1936 867 186 22 Dickson-street.

2048 919 39 20 To
2103 919 250 26 Agriculturalists.

1911 951 87 48 FOR
2008 951 85 27 SALE,
2102 960 13 13 a
2122 952 65 22 small
2195 954 103 27 quantity
2306 955 24 20 of
2336 962 54 20 very
2397 955 100 27 superior

1983 978 51 22 seed
2046 978 78 28 wheat,
2136 980 45 21 also
2192 988 13 13 a
2215 981 66 21 small
2296 981 100 28 quantity
2407 983 27 21 of
2444 982 52 22 seed

1910 1005 73 27 barley
1995 1005 92 22 without
2096 1006 65 28 husk,
2173 1007 52 21 both
2237 1015 76 20 grown
2329 1009 24 21 in
2371 1011 36 19 the
2423 1009 73 26 valley

1909 1033 22 20 of
1947 1032 35 21 the
1994 1032 64 26 Hutt,
2070 1033 45 21 and
2125 1033 124 23 warranted
2260 1035 26 21 of
2298 1035 35 22 the
2345 1035 46 23 first
2402 1036 93 27 quality.

1909 1058 44 22 £ov
1962 1060 138 27 particulars,
2112 1061 66 27 apply
2189 1065 22 17 to

2072 1088 24 20 C.
2107 1087 26 21 E.
2147 1088 48 21 Yon
2207 1089 117 26 Alzrork,
2341 1089 86 23 Petoni.

1963 1138 39 21 To
2014 1139 84 20 Stand
2114 1141 27 19 to
2157 1140 85 20 Cover
2256 1141 56 20 this
2328 1142 111 24 Season,

2069 1174 31 19 At
2110 1174 141 26 Berhampore
2260 1175 71 26 Farm,

1908 1205 58 22 That
1976 1206 50 22 well
2036 1207 81 22 known
2126 1207 66 22 horse
2203 1209 88 28 Figaro,
2308 1209 37 23 the
2359 1213 106 25 property
2474 1210 27 22 of

2091 1235 77 21 James
2179 1235 67 27 Watt,
2258 1236 53 28 Esq.

1910 1267 146 48 FIGARO
2067 1275 43 15 was
2121 1269 73 21 foaled
2204 1270 23 21 in
2240 1270 124 23 December
2381 1271 60 27 1837,
2459 1274 39 24 got

1981 1294 30 28 by
2022 1295 115 27 Operator,
2149 1296 51 22 dam
2211 1297 117 27 Adelaide,
2339 1298 157 28 byTheorum.

1936 1321 108 28 Operator
2054 1330 44 14 was
2107 1323 73 22 foaled
2191 1324 23 21 in
2227 1326 59 26 1832,
2298 1329 37 23 got
2349 1326 29 26 by
2395 1326 101 26 Emilius,

1908 1347 51 22 dam
1973 1348 119 23 Worthless
2101 1350 30 27 by
2142 1350 97 28 Walton,
2251 1356 40 17 out
2300 1353 26 21 of
2338 1352 121 22 Altisidora
2468 1353 30 27 by

1907 1375 59 21 Dick
1977 1376 116 22 Andrews.

1935 1402 72 28 Every
2018 1404 108 21 attention
2138 1404 43 22 will
2192 1405 26 22 be
2230 1405 52 27 paid
2293 1409 21 20 to
2328 1413 71 16 mares
2414 1409 51 20 sent
2474 1409 23 20 to

1906 1427 54 24 him.

1934 1456 98 27 Charges
2050 1457 34 22 for
2102 1458 56 21 each
2176 1466 68 20 mare,
2265 1460 53 21 with
2336 1468 14 14 a
2367 1463 130 25 guarantee,

1907 1490 67 14 seven
1984 1484 105 26 guineas;
2104 1485 94 22 without
2206 1491 128 24 guarantee,
2346 1488 42 21 five
2395 1488 104 29 guineas,

1907 1509 126 29 Groomage
2043 1511 111 23 included.

2063 1557 138 22 Situation
2216 1559 126 23 Wanted.

1908 1589 51 48 A
1974 1589 119 22 PERSON
2107 1590 50 23 who
2174 1592 40 21 has
2230 1592 45 22 had
2293 1594 153 22 considerable
2459 1602 39 14 ex-

1996 1617 103 26 perience
2122 1618 24 21 in
2170 1619 102 22 business
2296 1622 23 21 in
2343 1622 111 27 England,
2478 1622 19 21 is

1908 1643 99 22 desirous
2018 1644 26 21 of
2050 1645 98 27 meeting
2159 1646 51 21 with
2221 1655 13 13 a
2251 1648 105 22 situation
2368 1656 23 14 as
2404 1656 93 20 manag-

1908 1670 40 26 ing
1957 1670 60 21 clerk
2028 1679 25 14 or
2062 1672 104 22 assistant
2173 1673 23 22 in
2205 1681 12 13 a
2228 1674 65 22 Store
2304 1683 23 13 or
2337 1676 77 22 Office.

1937 1698 36 21 lie
1984 1698 72 21 would
2065 1698 57 23 have
2136 1707 30 14 no
2176 1700 121 29 objection,
2308 1702 82 28 having
2403 1710 15 14 a
2434 1703 64 21 small

1910 1724 80 27 capital
2000 1729 23 17 at
2037 1725 34 22 his
2087 1726 101 28 disposal,
2202 1732 22 17 to
2243 1728 51 22 take
2310 1738 12 14 a
2332 1730 63 21 share
2412 1730 23 21 in
2453 1738 45 18 any

1908 1759 96 14 concern
2023 1752 27 22 he
2066 1753 72 27 might
2154 1761 97 21 approve
2269 1757 31 21 of.
2328 1757 74 26 Apply
2420 1761 23 17 at
2460 1757 37 22 the

1912 1779 85 20 Gazette
2009 1780 78 21 Office.

1938 1807 96 20 October
2045 1808 32 25 18,
2091 1809 24 20 18
2121 1810 29 19 H.

2077 1853 39 21 To
2133 1854 196 22 Landholders.

1908 1886 176 49 WANTED
2095 1895 28 13 on
2139 1887 59 22 lease
2211 1888 159 29 immediately,
2387 1898 12 14 a
2411 1890 49 27 plot
2474 1891 26 21 of

2004 1914 88 26 ground
2101 1914 54 22 with
2164 1919 40 17 not
2213 1915 43 22 leos
2267 1916 54 22 than
2330 1919 27 19 50
2367 1918 44 20 feet
2427 1917 71 22 front-

1909 1947 46 19 age,
1977 1940 34 21 for
2029 1948 14 13 a
2061 1940 118 23 Chemist's
2198 1943 174 28 establishment,
2394 1944 101 22 between

1910 1966 110 23 Robson's
2030 1968 63 21 Store
2103 1968 45 22 and
2158 1968 36 22 the
2211 1970 130 27 Exchange.
2370 1971 83 28 Apply,
2467 1971 31 27 by

1908 1992 73 28 letter,
1993 2001 28 14 on
2032 2001 24 14 or
2065 1994 76 22 before
2152 1995 130 23 November
2291 1999 46 23 Ist.,
2347 2002 22 17 to
2376 1998 21 22 J.
2409 1999 87 23 Sutton.

1910 2020 98 21 Medical
2020 2020 60 26 Hall,
2093 2021 142 27 Wellington.

1938 2065 92 20 Water
2044 2066 136 27 Frontage
2192 2073 36 14 on
2239 2068 229 27 Lainbton-quay.

1913 2098 65 48 TO
1994 2099 38 21 BE
2049 2100 57 21 LET
2116 2107 29 14 on
2157 2100 101 27 building
2268 2101 77 27 leases,
2356 2100 37 23 the
2400 2102 100 21 remain-

1985 2126 40 26 ing
2033 2127 100 26 poitions
2143 2128 26 21 of
2183 2128 37 21 the
2238 2129 84 21 section
2340 2128 94 22 number
2449 2130 48 25 486,

1911 2151 116 30 adjoining
2047 2158 22 17 to
2095 2154 37 21 the
2151 2158 70 18 stores
2240 2155 26 21 of
2288 2156 90 21 Messrs.
2397 2156 101 26 Robson,

1911 2179 76 27 Durie,
2000 2179 88 28 Young,
2100 2182 41 21 &c.
2170 2182 76 27 Apply
2255 2185 24 18 to
2289 2183 40 22 Dr.
2340 2183 82 26 Evans,
2432 2185 24 19 at
2464 2182 36 22 his

1911 2206 82 27 offices,
2006 2207 189 29 Lambton-quay.

2136 2254 52 20 For
2204 2255 70 24 Sale,

1910 2286 73 48 AN
2002 2286 64 22 order
2075 2287 34 21 for
2120 2295 13 13 a
2149 2292 95 22 country
2254 2288 86 22 section
2355 2289 24 22 in
2390 2288 37 22 the
2440 2287 59 23 third

1989 2314 73 26 series,
2073 2314 95 22 number
2178 2323 28 14 on
2216 2316 37 21 the
2265 2316 92 26 register
2365 2316 33 22 78.

2325 2344 22 21 J.
2362 2343 110 22 Jackson.

1939 2366 188 30 Lambton-quay,
2140 2369 98 22 October
2247 2371 34 24 21,
2294 2372 60 20 1841.

1911 2412 159 48 LONDON
2090 2414 164 22 AGENCY.—
2254 2415 49 23 The
2313 2415 37 22 old
2366 2415 134 23 established

1973 2439 50 21 firm
2040 2441 26 20 of
2080 2440 35 22 W.
2133 2441 102 23 Hickson
2252 2443 47 21 and
2314 2444 62 25 Sons,
2387 2445 33 24 20,
2439 2441 63 23 West

1912 2466 130 27 Smithfield,
2056 2467 101 28 London,
2167 2469 139 28 transacting
2315 2478 13 14 a
2336 2470 60 27 large
2408 2472 94 20 amount

1912 2492 26 22 of
1944 2493 95 28 Foreign
2055 2495 109 28 business,
2178 2497 45 21 will
2237 2498 87 21 receive
2333 2497 168 27 consignments

1912 2519 26 22 of
1953 2520 56 22 New
2028 2521 100 22 Zealand
2147 2524 105 27 produce,
2274 2525 45 21 and
2336 2523 124 23 undertake
2477 2526 23 19 to

1912 2547 65 21 effect
1986 2548 56 22 sales
2052 2556 60 19 upon
2124 2549 37 23 the
2177 2554 58 18 most
2251 2551 167 28 advantageous
2433 2554 69 18 terms

1912 2574 48 21 that
1970 2582 41 14 can
2027 2575 27 22 be
2072 2576 106 23 obtained
2187 2577 23 22 in
2227 2578 102 27 London,
2341 2577 120 28 according
2477 2580 23 18 to

1913 2601 37 21 the
1967 2605 56 19 state
2040 2603 25 21 of
2080 2603 36 22 the
2135 2605 93 21 market.
2259 2606 34 21 As
2310 2605 151 22 land-owners
2475 2605 25 21 in

1912 2627 53 23 Port
1974 2629 130 28 Nicholson,
2115 2631 54 32 they
2179 2632 58 21 have
2253 2639 31 14 an
2301 2632 92 22 interest
2408 2632 24 21 in
2449 2638 52 21 pro-

1911 2655 86 28 moting
2010 2657 37 21 the
2062 2659 123 33 prosperity
2197 2659 25 21 of
2235 2659 39 21 the
2290 2660 93 26 Colony,
2394 2659 47 32 and_
2456 2658 45 22 will

1911 2681 56 23 have
1976 2688 64 21 great
2048 2686 102 25 pleasure
2160 2686 23 21 in
2194 2686 142 28 discharging
2347 2687 37 22 the
2394 2686 73 23 duties
2477 2685 26 22 of

1911 2710 143 27 Consignees.

1938 2744 62 28 They
2011 2746 59 22 refer
2079 2746 22 21 in
2120 2746 56 22 New
2194 2747 102 23 Zealand
2311 2751 22 19 to
2348 2748 44 22 Mr.
2409 2747 92 22 Revans

1912 2772 45 21 and
1968 2772 43 22 Mr.
2022 2774 31 20 St.
2065 2773 56 22 Hill.
2156 2775 27 21 In
2194 2775 96 21 London
2300 2779 21 18 to
2331 2775 58 23 their
2395 2774 107 28 bankers,

1913 2799 90 22 Messrs.
2014 2800 107 27 Prescott,
2133 2801 76 26 Grote,
2220 2802 47 22 and
2277 2803 38 21 Co.

1915 2852 71 50 ON
2002 2853 85 28 SALE,
2099 2857 23 18 at
2131 2853 38 22 the
2180 2854 71 21 Office
2263 2855 26 21 of
2297 2855 43 21 this
2351 2855 71 28 Paper
2429 2864 36 12 :—

1994 2881 88 21 Double
2100 2881 113 27 elephant,
2228 2881 151 29 antiquarian,
2390 2882 110 29 imperial,

1915 2907 45 23 and
1969 2907 63 33 royal
2043 2907 100 28 drawing
2153 2916 75 19 paper,

1942 2934 71 22 Black
2032 2935 56 27 edge
2104 2935 46 22 and
2166 2935 110 22 bordered
2294 2937 66 22 letter
2383 2937 45 22 and
2447 2940 53 19 note

1913 2969 77 20 paper,
2014 2980 4 3 .

1943 2989 70 21 Black
2022 2989 52 21 lead
2082 2989 87 28 pencils
2180 2989 64 28 (very
2253 2991 117 27 superior),

1943 3017 139 26 Carpenters'
2093 3017 63 26 ditto,

1942 3043 90 26 Oblong
2041 3043 90 26 clasped
2141 3043 171 23 memorandum
2325 3045 77 26 books,

1942 3069 88 22 French
2040 3071 86 26 tracing
2136 3078 68 19 paper
2214 3070 77 27 (black
2300 3072 45 21 and
2355 3071 84 28 white),

1943 3097 87 22 Ladies'
2040 3097 45 22 and
2094 3097 149 27 gentlemen's
2253 3099 55 21 card
2321 3106 69 20 cases,

1941 3123 64 23 Ditto
2069 3124 36 22 do.
2162 3124 72 22 tinted
2244 3125 46 22 and
2300 3126 116 21 embossed
2427 3126 71 27 cards,

1941 3150 68 23 Sheet
2018 3151 129 21 almanacks
2155 3151 33 21 for
2194 3153 49 20 1841
2248 3168 6 11 ,

1942 3178 92 22 Invoice
2044 3178 77 27 books,
2133 3178 53 21 with
2195 3179 103 27 indexes,
2308 3180 89 21 various
2408 3179 64 28 sizes,

1942 3205 58 22 Cash
2010 3205 77 27 books,
2098 3205 63 22 ruled
2171 3205 89 27 double,
2272 3207 89 21 various
2371 3207 64 26 sizes,
2468 3222 3 3 .

1941 3233 127 27 Envelopes
2080 3233 71 25 (note,
2162 3231 73 28 letter,
2247 3233 46 21 and
2304 3234 81 21 official
2395 3234 77 27 sizes),

1942 3261 72 26 Large
2024 3264 84 23 pewter
2117 3259 125 27 inkstands,
2253 3260 55 21 with
2317 3261 78 27 plates,

1943 3287 79 26 Ebony
2032 3286 125 27 inkstands,
2170 3286 52 21 with
2234 3287 102 27 drawers,

1941 3313 74 23 Broad
2024 3313 45 22 and
2079 3320 87 15 narrow
2174 3320 70 19 green
2254 3313 46 22 silk
2310 3314 85 28 ribbon,

1940 3341 64 22 Ditto
2060 3340 55 21 ditto
2171 3340 40 21 red
2221 3344 60 24 tape,

1941 3368 65 22 Brief
2013 3367 45 22 and
2068 3367 57 22 deed
2134 3374 76 24 paper,

1943 3395 74 22 Ruled
2027 3401 68 21 paper
2104 3394 36 22 for
2148 3394 41 21 bill
2200 3394 77 27 heads,

1941 3421 105 24 Nautical
2055 3421 130 22 almanacks
2195 3421 35 22 for
2242 3423 60 25 1842,

1941 3449 73 27 Royal
2028 3448 67 27 hand,
2113 3448 81 21 double
2209 3448 63 22 hand
2285 3450 84 27 brown,
2384 3449 46 23 and
2438 3450 64 27 royal

1912 3476 61 23 hand
1984 3476 75 22 brown
2069 3475 114 27 wrapping
2192 3483 78 20 paper,

1940 3504 98 26 Ledgers
2047 3502 46 23 and
2100 3506 96 18 account
2203 3502 78 28 books,
2293 3504 87 21 various
2390 3504 64 26 sizes,
2465 3503 3 5 '

1940 3530 84 23 Pocket
2032 3529 87 27 ledgers
2129 3529 45 22 and
2183 3531 172 21 memorandum
2368 3530 76 27 books,

1939 3557 108 27 Foolscap
2057 3556 45 22 and
2110 3556 90 27 writing
2208 3564 77 20 paper,
2295 3558 86 21 various
2387 3557 115 28 qualitiey.

1940 3584 119 28 Engraved
2068 3591 57 19 copy
2136 3584 52 27 slips
2199 3584 45 21 and
2253 3584 77 28 books,
2461 3604 6 8 ,

1939 3611 54 22 Best
2002 3610 79 23 Welch
2091 3606 73 32 slates,
2175 3610 62 28 large
2248 3612 46 21 and
2304 3610 71 28 small.

1940 3639 95 27 Sponge,
2046 3638 79 21 wafers
2134 3638 23 21 in
2167 3639 13 20 2
2192 3645 33 15 oz.
2241 3638 76 27 boxes,
2334 3637 65 22 India
2411 3638 89 28 rubber,

1913 3666 82 21 Albata
2004 3664 151 29 pen-holders,
2167 3672 54 20 very
2231 3666 101 26 superior
2342 3665 86 27 sealing
2443 3672 57 20 wax,

1912 3692 95 27 blotting
2016 3699 75 21 paper,
2100 3692 42 22 &c.
2153 3692 41 22 &c.

2052 3733 138 16 WHOLESALE
2211 3734 41 14 IMP
2268 3733 90 15 BETAIL.

2037 3772 54 21 For
2104 3772 70 25 Sale,
2187 3771 61 27 just
2261 3770 115 26 arrived,

1919 3820 97 18 K/\/\
2032 3805 108 22 REAMS
2161 3805 25 21 of
2207 3804 117 28 PAPER,,
2337 3803 122 28 consisting
2479 3803 27 23 of

1912 3827 104 38 0111
2016 3827 26 38 l
2031 3840 15 21 P
2047 3836 67 18 rmtm
2111 3840 21 24 .£
2142 3832 73 27 demy,
2227 3831 67 22 letter
2307 3831 44 21 and
2365 3835 53 18 note
2432 3838 70 25 paper

1912 3854 17 15 t
1929 3854 14 15 *
1948 3854 30 16 v
2033 3859 26 23 of
2070 3859 89 23 various
2169 3859 56 21 sizes
2232 3857 45 23 and
2285 3858 108 28 qualities,
2402 3857 100 28 blotting

1910 3896 75 21 paper,
1997 3886 66 23 white
2074 3886 45 22 and
2128 3885 113 27 coloured,
2254 3884 54 23 blue
2317 3885 121 28 wrapping,
2451 3892 49 21 Dag,

1913 3917 67 25 Kent,
1992 3914 68 27 hand,
2072 3913 44 23 and
2126 3912 102 28 imperial
2239 3912 76 23 brown
2324 3919 76 23 paper.

2092 3947 78 27 Office,
2181 3946 55 28 July
2246 3945 48 23 3rd.
2359 3948 4 4 '
2412 3945 5 7 '
