2540 4039
1917 127 48 24 But
1982 126 69 29 there,
2062 126 20 23 is
2099 129 38 28 yet
2157 133 14 15 a
2192 133 54 24 very
2265 127 118 31 important
2400 138 58 19 error

1884 160 74 24 which
1975 168 33 16 we
2026 159 47 24 will
2091 163 34 19 set
2142 158 69 32 right,
2228 159 54 29 and,
2294 160 92 33 making
2401 171 59 17 some

1885 194 132 24 deductions
2037 193 59 23 from
2116 192 47 24 Mr.
2182 192 151 24 Shortland's-
2345 201 58 25 ways
2420 198 41 24 and

1886 235 86 21 means,
1985 226 127 24 endeavour
2124 230 21 18 to
2158 225 62 23 show
2231 225 39 23 the
2282 226 47 24 real
2347 226 115 35 deficiency

1886 260 74 24 which
1973 260 54 31 they
2039 260 45 22 will
2102 263 97 19 warrant
2217 266 29 15 us
2266 262 23 20 to
2306 265 85 26 expect,
2410 270 52 18 even

1888 294 87 30 though
1993 301 34 15 we
2039 293 70 22 admit
2126 292 35 23 for
2179 291 39 23 the
2236 297 99 18 moment
2350 293 46 24 that
2413 295 50 25 land

1888 327 47 23 will
1945 327 28 23 he
1985 326 56 29 sold,
2054 325 103 32 yielding
2168 333 14 15 a
2192 329 78 20 return
2281 330 22 18 to
2316 326 36 24 the
2364 332 73 20 extent
2444 330 26 24 of

1891 361 123 27 £50,000.

1924 393 47 24 Mr.
1985 392 124 24 Shortland
2119 399 101 16 reserves
2233 393 32 22 50
2276 399 40 23 per
2328 397 55 19 cent,
2397 394 23 23 of
2429 395 34 24 the

1890 427 53 23 land
1963 427 56 22 fund
2034 427 36 22 for
2089 426 140 30 emigration,
2248 425 63 29 after
2328 425 85 32 making
2431 429 36 23 de-

1892 460 101 23 ductions
2002 463 39 19 not
2051 458 131 24 sanctioned
2192 458 27 29 by
2229 457 65 23 Lord
2303 456 60 25 John
2373 459 94 30 Russell,

1893 501 24 16 as
1926 493 40 23 the
1978 493 115 30 following
2105 495 86 20 extract
2201 491 59 23 from
2272 499 13 14 a
2295 491 65 23 letter
2371 493 95 25 address-

1893 527 28 23 ed
1935 527 30 30 by
1977 526 48 24 Mr.
2039 526 94 24 Vernon
2145 524 84 29 Smith,
2242 524 70 23 under
2324 524 113 33 Secretary
2448 529 24 25 of

1893 560 38 23 the
1955 559 103 24 Colonial
2082 559 81 28 Office,
2185 562 23 19 to
2231 557 49 24 Mr.
2300 558 88 30 Somes,
2409 559 60 26 dated

1894 594 128 23 December
2034 595 24 26 2,
2072 594 72 27 1841,
2157 592 46 22 will
2214 598 69 23 prove
2299 604 32 4 —

1922 632 22 21 It
1952 632 19 21 is
1987 631 110 28 proposed
2112 630 54 27 that,
2182 632 24 18 at
2221 630 58 24 least,
2291 630 26 20 50
2330 637 38 20 per
2381 635 55 18 cent,
2450 634 25 21 of

1895 659 37 22 the
1942 658 106 28 proceeds
2058 658 22 21 of
2090 658 53 21 such
2158 658 57 21 sales
2230 656 57 22 shall
2302 656 28 22 be
2345 658 83 26 applied
2441 662 30 19 to-

1895 686 71 21 wards
1983 686 37 21 the
2037 685 150 22 introduction
2203 683 26 22 of
2242 684 118 26 emigrants
2369 691 5 19 ;
2393 684 35 23 the
2441 693 32 14 re-

1895 714 91 25 maining
1997 714 26 19 50
2039 719 40 21 per
2088 715 57 18 cent,
2157 712 68 26 being
2233 710 108 27 regarded
2352 718 22 14 as
2389 711 83 29 charge-

1896 740 49 22 able
1955 740 53 22 with
2018 740 38 21 the
2066 745 95 20 expenses
2173 739 27 25 of
2210 744 83 19 surveys
2295 748 26 4 —
2322 738 35 21 the
2363 740 109 24 protection

1896 768 27 25 of
1929 769 35 19 the
1973 768 114 25 aborigines
2088 778 26 3 —
2116 766 45 22 and
2174 766 54 21 with
2241 764 62 23 those
2319 764 153 30 indispensable

1898 802 106 20 expenses
2015 795 26 20 of
2048 794 37 22 the
2095 793 68 22 Local
2174 793 162 25 Govornment,
2345 792 33 21 for
2384 792 67 23 which
2457 795 17 22 it

1897 829 52 20 may
1957 822 28 22 be
1995 820 166 29 impracticable
2170 820 109 21 otherwise
2289 822 21 19 to
2320 819 94 27 provide.

1930 858 132 31 According
2084 862 23 19 to
2128 857 63 24 these
2215 856 94 32 explicit
2330 856 145 31 instructions,

1898 892 38 23 the
1947 891 116 30 following
2074 892 21 22 is
2106 891 37 23 the
2156 895 58 19 state
2225 890 25 23 of
2260 889 38 23 the
2310 896 50 15 case
2368 896 5 16 :
2375 900 32 5 —

2172 921 23 18 £
2237 926 15 12 *.
2280 921 17 15 a.
2361 919 21 17 £.
2419 924 15 13 $.
2458 921 17 18 d.

1900 943 108 23 Proceeds
2015 943 25 21 of
2044 943 79 21 Crown

1926 971 75 21 Lands
2305 968 96 26 ..50,000
2427 969 11 19 0
2463 971 13 19 ft

1898 999 28 20 50
1949 1004 40 20 per
2011 1001 59 18 cent,
2092 997 34 21 for

1927 1024 133 27 emigration
2074 1038 44 6 ....
2303 1023 97 25 ..25,000
2426 1025 12 21 0
2463 1026 11 20 0

2330 1078 73 26 25,000
2428 1079 13 20 0
2463 1081 15 19 O

1941 1113 167 15 EXPENDITURE.

1902 1135 102 26 Surveys,
2053 1133 73 26 lands,

1926 1161 72 26 roads,
2011 1161 33 21 &c
2307 1173 18 5 ..
2331 1159 72 26 12,164
2416 1160 25 20 12
2464 1161 12 19 6

1903 1189 101 20 Amount
2018 1186 108 22 available
2474 1197 5 7 -

1928 1215 35 22 for
1980 1215 37 21 the
2036 1214 92 27 general

1929 1249 106 19 purposes
2052 1241 26 21 of
2089 1241 39 21 the

1929 1269 86 27 Colony
2318 1267 94 26 ..12,835
2437 1267 13 23 7
2465 1270 16 20 ft

1905 1295 50 24 Add
1978 1300 22 17 to
2024 1295 43 22 this
2090 1295 38 21 the

1929 1323 55 22 total
1991 1323 26 21 of
2024 1322 104 27 ordinary

1929 1357 97 14 revenue
2031 1349 98 22 furnish'

1931 1377 27 24 ed
1968 1377 69 22 above
2051 1391 72 8 .,..
2317 1376 95 26 ..19,400
2437 1378 13 19 0
2465 1378 14 19 0

2334 1430 72 25 32,205
2432 1430 12 21 7
2468 1432 13 19 G

1937 1467 36 24 As
1987 1467 92 30 already
2096 1465 81 30 stated,
2190 1465 39 23 the
2248 1463 107 25 demands
2372 1472 58 24 upon
2446 1465 37 23 tha

1906 1501 164 28 Government,
2083 1509 24 14 as
2119 1503 38 28 yet
2164 1498 141 32 unprovided
2312 1498 41 28 for,
2364 1503 86 18 amount
2460 1503 20 18 to

1905 1535 113 28 £42,757
2051 1536 51 21 10s.
2131 1533 48 29 Bd.,
2208 1532 160 31 consequently
2387 1532 37 23 the
2445 1531 35 24 de-

1905 1568 94 31 aciency
2011 1569 21 21 is
2042 1569 114 27 £10,522
2175 1568 36 22 3s.
2230 1566 40 23 2d.

1938 1601 45 24 We
1994 1601 76 29 think,
2079 1601 111 28 however,
2199 1608 63 15 some
2272 1599 127 24 deductions
2408 1599 74 24 should

1906 1636 28 22 be
1955 1635 68 23 made
2044 1636 59 22 from
2124 1634 39 24 the
2182 1634 108 31 ordinary
2305 1641 101 16 revenue.
2440 1632 44 23 For

1907 1670 109 28 instance,
2029 1669 18 22 it
2058 1669 19 22 is
2090 1667 165 24 unreasonable
2274 1672 22 18 to
2309 1670 78 27 expect
2397 1674 42 23 any
2448 1674 36 15 re-*

1908 1707 51 19 turn
1982 1702 59 25 from
2063 1702 39 24 the
2126 1702 137 23 Post-office
2285 1700 46 23 this
2352 1708 59 22 year.
2444 1699 40 24 We-

1907 1737 76 22 rather
2001 1740 92 27 suspect
2112 1736 18 22 it
2148 1735 53 23 will-
2210 1735 29 23 be
2262 1734 71 23 found
2350 1738 21 19 to
2382 1733 27 23 be
2420 1742 13 14 a
2448 1737 34 19 tax

1908 1778 62 23 upon
1982 1770 37 23 the
2032 1770 165 22 Government.

1942 1804 107 28 Further,
2063 1811 32 15 we
2107 1803 47 23 find
2165 1803 39 23 the
2216 1803 88 22 income
2323 1806 25 18 to-
2362 1801 27 23 he
2400 1799 83 25 derived

1908 1837 59 25 from
1995 1838 92 22 auction
2109 1836 73 23 duties
2208 1834 120 26 estimated
2348 1839 22 19 at
2394 1834 89 24 £1000.

1910 1871 58 24 This
1979 1872 20 22 is
2011 1871 118 30 assuming
2138 1871 49 22 that
2194 1870 115 28 £80,000
2316 1869 63 22 value
2388 1869 23 23 in
2421 1866 65 32 gooda

1909 1905 46 23 will
1966 1905 28 23 be
2006 1904 106 32 disposed
2124 1904 25 22 of
2159 1904 30 30 by
2196 1904 92 22 auction
2300 1902 47 24 this
2355 1910 60 23 year.
2446 1900 40 24 W&

1910 1938 70 24 doubt
1990 1938 19 26 if
2018 1939 19 22 it
2048 1938 46 23 will
2106 1937 84 24 exceed
2200 1937 51 23 half
2261 1936 46 23 that
2321 1940 96 21 amount.

1942 1971 135 31 Deducting
2088 1971 64 23 these
2164 1972 75 27 items,
2252 1969 101 32 together
2364 1968 124 30 amounting

1910 2010 23 18 to
1942 2006 97 28 £1000,
2047 2005 59 23 from
2116 2004 37 23 the
2163 2005 105 27 income,,
2270 2003 44 24 and
2326 2003 37 23 the
2374 2002 112 29 deficiency

1910 2039 34 22 for
1955 2038 49 24 this,
2011 2046 54 22 year
2076 2037 45 23 will
2133 2041 94 19 amount
2239 2041 23 17 to
2274 2037 111 27 £11,522
2403 2037 34 22 3s.
2451 2034 35 23 2d.

1912 2072 34 23 Of
1955 2071 39 25 the
1999 2076 80 18 return
2088 2071 58 22 from
2158 2070 38 23 the
2208 2069 63 23 other
2280 2067 115 25 estimated
2404 2075 86 16 sources

1912 2105 24 23 of
1956 2105 90 25 income
2067 2112 34 15 we
2124 2111 37 16 are
2184 2107 41 19 not
2248 2102 49 24 able
2316 2107 25 18 to
2357 2109 89 24 express
2462 2108 26 17 an

1912 2139 101 30 opinion;
2032 2138 70 30 being
2120 2137 96 24 without
2236 2136 59 25 data,
2304 2143 62 24 upon
2381 2134 70 24 which
2467 2138 21 19 to

1912 2171 104 33 proceed.

1946 2205 117 31 Probably
2074 2213 62 15 some
2147 2204 103 23 member
2262 2203 25 24 of
2295 2203 38 24 the
2348 2201 90 25 Council
2448 2201 40 23 will

1912 2241 68 30 bring
1992 2239 64 23 these
2068 2246 74 16 errors
2154 2238 72 23 under
2244 2238 39 22 the
2303 2237 107 23 attention
2420 2235 24 23 of
2455 2235 34 23 his

1914 2273 148 31 Excellency,
2071 2277 23 19 at
2105 2272 38 23 the
2155 2272 101 30 meeting
2267 2272 24 22 in
2298 2270 122 24 December
2429 2272 61 20 next.

1948 2340 51 24 The
2007 2340 91 24 French
2106 2340 108 31 Bishop's
2222 2338 133 32 brigantine,
2366 2335 35 25 St.
2408 2333 74 27 Marie
2483 2353 7 11 %

1915 2374 87 24 arrived
2013 2374 59 23 from
2082 2374 101 28 Akaroa,
2197 2381 29 15 on
2239 2372 105 30 Tuesday
2363 2370 62 31 night
2440 2370 48 23 last.

1916 2408 48 24 Mr.
1978 2408 128 29 Robinson,
2117 2408 38 23 the
2171 2407 101 24 resident
2284 2406 137 30 Magistrate,
2433 2410 58 16 cam&

1916 2450 83 22 among
2010 2441 39 24 the
2061 2449 136 23 passengers
2209 2441 30 30 by
2251 2440 48 23 her.

1950 2476 50 23 The
2011 2475 66 24 Aube
2088 2483 45 15 was
2150 2483 29 15 on
2200 2474 39 23 the
2261 2481 39 16 eve
2318 2472 25 25 of
2365 2471 77 30 sailing
2457 2470 31 23 for

1917 2509 96 24 France.
2049 2509 37 24 M.
2100 2508 140 32 Pompallier
2255 2515 46 15 was
2316 2506 128 32 proceeding
2462 2504 27 29 by

1916 2544 41 23 her
1968 2547 22 19 to
2004 2543 97 23 France.

1950 2577 51 23 The
2016 2577 88 31 Bishop
2123 2575 46 24 had
2187 2575 82 31 kindly
2288 2573 89 25 allowed
2398 2571 36 24 the
2454 2569 34 24 St.

1916 2608 81 25 Marie
2009 2615 21 19 to
2044 2619 63 15 come
2118 2615 23 18 to
2154 2610 57 23 Port
2223 2608 132 28 Nicholson,
2377 2605 51 24 with
2444 2608 46 27 part

1918 2645 25 22 of
1965 2644 37 23 the
2023 2652 72 15 Grews
2116 2643 45 25 and
2182 2648 97 18 masters
2302 2641 24 24 of
2351 2640 36 23 the
2413 2636 77 25 vessels

1917 2678 100 31 recently
2029 2678 104 23 wrecked
2144 2682 23 18 to
2178 2677 38 23 the
2224 2674 126 26 southward
2359 2674 23 23 of
2396 2672 94 25 Akaroa.

1952 2712 51 23 The
2016 2711 101 24 Look-in
2135 2711 110 23 schooner
2263 2709 44 24 had
2324 2709 56 23 been
2390 2707 60 23 twice
2465 2712 26 15 on

1919 2745 74 30 shore,
2007 2746 44 22 and
2063 2753 46 15 was
2117 2744 96 31 making
2225 2751 14 15 a
2250 2748 63 27 great
2324 2741 48 24 deal
2382 2740 23 23 of
2418 2742 72 20 water.

1920 2779 46 23 She
1978 2779 45 23 had
2035 2787 14 15 a
2059 2779 62 31 large
2133 2778 97 23 number
2243 2777 24 23 of
2282 2777 37 23 the
2335 2775 75 23 sailors
2422 2772 22 23 of
2458 2772 35 22 the

1919 2812 103 24 wrecked
2044 2812 85 24 vessels
2154 2819 29 15 on
2202 2810 70 30 bqard
2282 2820 5 19 ;
2309 2808 41 25 and
2369 2815 42 16 was
2429 2805 64 29 badly-

1921 2846 170 32 supplied-with
2110 2846 136 31 provisions.
2294 2843 49 24 The
2363 2840 35 24 St.
2420 2837 75 25 Marie

1919 2880 50 23 had'
1976 2880 110 31 expected
2097 2883 22 19 to
2131 2879 48 23 find
2191 2879 41 23 her
2243 2878 61 23 here.
2344 2876 22 23 It
2383 2876 19 22 is
2419 2878 75 18 uncer-

1921 2915 47 22 tain
1987 2918 22 19 to
2031 2913 61 24 what
2114 2913 64 31 place
2201 2913 41 22 she
2265 2911 40 23 has
2328 2906 116 35 proceeded
2464 2905 32 23 for

1919 2947 96 32 •repairs,
2034 2947 42 23 but
2093 2947 19 23 it
2131 2947 20 23 is
2171 2945 113 32 supposed
2302 2951 24 16 as
2346 2942 37 24 she
2403 2941 39 23 has
2460 2942 38 19 not

1922 2989 63 16 come
1997 2980 63 30 here,
2073 2980 50 24 that
2135 2980 40 24 she
2185 2979 45 24 had
2243 2983 38 26 got
2293 2979 46 22 into
2352 2976 79 30 Otago.
2455 2987 5 4 -

1955 3015 51 23 The
2019 3014 39 24 St.
2066 3014 80 23 Marie
2157 3018 92 22 returns
2262 3016 21 19 to
2295 3010 92 25 Akaroa
2395 3015 27 16 on
2434 3006 64 24 Mon-

1922 3048 51 32 day,
1992 3048 56 23 with
2062 3048 100 32 supplies
2173 3046 36 25 for
2220 3047 38 23 the
2271 3043 90 28 French
2371 3041 129 37 settlement^

1955 3106 51 23 The
2017 3106 130 30 brigantine
2157 3104 119 28 Adelaide,
2295 3102 64 31 Capt.
2371 3095 127 32 Hurburgh,

1921 3139 60 24 from
1999 3139 94 24 Hobart
2111 3139 80 28 Town,
2204 3137 86 31 calling
2303 3140 24 19 at
2343 3134 37 24 the
2398 3130 99 27 Thames,

1922 3172 89 24 arrived
2023 3172 127 31 yesterday,
2160 3171 85 30 having
2256 3168 42 26 left
2308 3165 118 28 Auckland
2436 3163 66 24 about

1922 3206 40 23 the
1973 3208 56 21 21st
2041 3205 109 24 October.

1956 3239 43 23 We
2034 3239 58 23 have
2119 3238 102 25 received
2254 3237 31 31 by
2317 3235 40 24 her
2388 3229 112 28 Auckland

1923 3271 106 24 Heralds
2041 3277 23 18 to
2077 3272 40 23 the
2128 3271 57 25 20th
2202 3271 107 24 October.

1957 3306 24 23 It
1991 3307 20 22 is
2025 3306 73 23 stated
2116 3304 49 24 that
2182 3305 45 23 Dr.
2242 3304 78 23 Evans
2338 3301 40 24 has
2394 3299 56 24 been
2465 3302 32 17 re-

1923 3340 99 23 instated
2033 3340 25 22 in
2069 3339 38 24 the
2118 3339 147 30 magistracyl

1957 3372 51 24 The
2020 3373 48 23 sale
2080 3373 25 23 of
2114 3372 116 24 suburban
2243 3370 44 24 and
2301 3367 126 26 cultivation
2438 3363 63 24 allot-

1923 3411 83 25 ments,
2018 3406 74 23 which
2112 3405 55 24 took
2178 3405 65 30 place
2255 3411 29 16 on
2295 3403 38 23 the
2352 3403 35 22 Ist
2402 3399 96 30 Septem-

1924 3440 47 29 ber,
1985 3445 22 18 at
2018 3440 130 28 Auckland,
2161 3433 111 34 realized.
2277 3437 52 24 £4s
2332 3436 29 23 ol
2380 3434 51 23 14s.
2450 3429 48 25 10d.

1959 3473 50 24 The
2023 3474 155 24 Government
2194 3471 54 31 brig
2262 3468 108 26 Victoria,
2381 3466 56 24 from
2448 3463 50 24 Port

1925 3506 134 29 Nicholson-,
2074 3506 53 24 with
2140 3506 97 31 Captain
2250 3503 97 24 Hobson
2356 3500 41 23 and
2408 3498 55 24 suite
2474 3501 25 16 on

1924 3541 77 28 board,
2025 3540 89 25 arrived
2135 3544 24 21 at
2168 3556 5 5 .
2186 3537 124 25 Auckland
2332 3543 29 16 on
2385 3533 37 23 the
2448 3530 54 23 lltn.

1926 3574 110 24 October.
2291 3590 2 4 •
2316 3590 3 3 ■
2484 3593 7 13 ,

1959 3607 58 24 The
2037 3607 68 24 Brig
2351 3600 55 24 This
2425 3597 76 25 vessel,

1925 3641 24 23 in
1961 3641 69 31 going
2042 3645 40 19 out
2091 3640 25 23 of
2125 3640 38 22 the
2176 3638 116 28 Harbour,
2305 3643 28 16 on
2345 3631 101 30 Tuesday
2453 3629 46 26 last,

1926 3680 39 25 got
1973 3674 101 31 aground
2083 3681 28 15 on
2120 3673 37 23 the
2164 3670 131 25 mud-bank
2301 3675 55 17 near
2362 3666 36 24 the
2406 3663 94 25 Barrack

1925 3708 79 23 Point.
2042 3707 47 23 She
2101 3714 52 21 was,
2165 3706 111 26 however,
2293 3700 80 26 hauled
2384 3698 32 24 off
2432 3704 23 16 as
2467 3696 34 21 the

1926 3741 47 24 tide
1984 3749 58 21 rose,
2065 3740 44 23 and
2128 3737 152 30 immediately
2291 3731 120 37 proceeded
2423 3737 28 16 on
2465 3729 39 21 her

1926 3782 97 24 passage
2037 3779 23 18 to
2073 3772 98 31 Sydney,
2191 3776 40 19 not
2246 3770 84 28 having
2341 3762 112 29 sustained
2468 3762 36 21 thfr

1927 3807 96 31 slighest
2034 3807 101 30 damage.
2138 3818 31 4 —
2172 3802 101 26 Herald.
2387 3813 3 5 •
2460 3812 5 8 *

1929 3840 3 6 '
1961 3840 62 24 New
2036 3840 128 24 Zealand
2182 3845 72 17 made
2270 3836 115 29 RpPE,.—
2385 3831 23 25 lt
2425 3830 19 23 is
2454 3829 50 22 *ita

1926 3873 70 24 much
2015 3873 104 31 pleasure
2131 3872 49 24 that
2199 3878 33 16 we
2251 3869 77 30 notice,
2342 3868 26 22 in.
2383 3864 44 24 this
2445 3863 39 27 day
2493 3866 12 15 *

1926 3915 78 24 paper,
2027 3915 14 14 a
2058 3906 47 24 sale
2121 3906 30 30 by
2169 3904 97 28 Brown,
2272 3897 48 29 and'
2335 3896 122 33 Campbell,
2477 3899 28 17 on.

1928 3939 121 31 Thursday
2060 3943 63 24 next,
2133 3938 26 24 of
2167 3943 43 18 two
2221 3941 52 19 tons
2285 3935 24 23 of
2323 3940 12 17 t
2335 3939 47 26 ope,
2394 3927 113 28 manufac-»

1929 3972 64 26 tured
2009 3980 33 16 we
2065 3971 138 27 understand
2222 3974 24 20 at
2269 3968 108 31 Kaipara,
2397 3963 58 25 from
2471 3960 37 27 tyft

729 1519 169 23 SHIPPING
919 1517 275 24 INTELLIGENCE.

891 1569 143 20 ARRIVED.

697 1598 93 21 October
809 1599 33 23 29,
866 1597 122 26 brigantine
1006 1596 107 24 Adelaide,
1134 1595 123 27 Hurburgh,

667 1627 55 22 from
734 1626 82 20 Hobart
826 1626 64 19 Town
901 1625 41 19 and
952 1625 97 19 Thames.

906 1670 115 20 SAILED.

698 1699 92 20 October
801 1699 34 23 27,
846 1699 104 20 schooner
960 1698 59 23 Jane,
1032 1696 82 26 Lundy,
1125 1696 34 21 for
1167 1696 92 26 Wanga-

669 1727 44 20 nui.
743 1727 122 25 Passengers
866 1737 26 3 —
896 1726 61 26 Capt.
968 1726 98 23 Dawson,
1082 1724 56 24 J.P.,
1157 1724 43 20 Mr.
1216 1724 43 19 Ed-

668 1755 56 20 ward
734 1754 101 24 Jackson,
847 1754 41 20 and
899 1754 53 19 Mrs.
964 1753 85 20 Nathan
1059 1752 42 20 and
1110 1752 102 20 children.

698 1782 92 20 October
810 1783 33 25 28,
865 1782 104 20 schooner
992 1781 56 24 Gem,
1067 1781 83 23 Pearce,
1170 1780 34 20 for
1224 1780 36 19 the

670 1809 52 21 East
734 1810 71 20 Coast.

895 1855 34 21 IN
945 1854 85 25 PORT,
1267 1844 2 37 j

727 1884 107 19 Schooner
847 1883 61 25 Lady
919 1882 74 25 Leigh,
1005 1881 65 26 King.

726 1912 83 25 Barque
822 1910 113 26 Clydeside,
950 1909 129 20 Mathieson.

727 1940 52 25 Ship
790 1939 64 23 Arab,
866 1938 100 19 Sumner.

794 1966 100 23 Oriental,
906 1966 92 19 Wilson.

727 1994 83 25 Barque
820 1994 82 19 Amelia
914 1993 123 25 Thompson,
1052 1992 99 21 Dawson,

729 2022 107 18 Schooner
845 2021 69 22 Ariel,
927 2020 141 19 Mulholland.

728 2048 123 25 Brigantine
863 2048 33 20 St.
913 2047 78 23 Mane,
1007 2046 96 20 Michell.

862 2074 109 24 Adelaide,
983 2073 123 27 Hurbujgh.

729 2103 108 21 Schooner
847 2103 126 25 Harlequin,
986 2101 94 27 Phillips.

700 2159 45 20 The
757 2159 76 19 Prince
848 2159 83 24 Rupert
945 2157 64 20 sailed
1024 2156 56 20 from
1098 2155 73 21 Cowes
1188 2161 30 15 on
1227 2156 36 20 the

675 2187 50 19 12th
736 2187 57 25 May,
805 2187 34 19 for
849 2187 42 19 this
901 2186 68 25 place.

702 2221 45 22 The
765 2222 102 19 schooner
887 2221 106 25 Surprise,
1010 2220 23 19 in
1042 2218 85 27 passing
1143 2218 35 20 the
1188 2218 37 20 bar
1242 2220 22 17 at

673 2249 128 26 Wanganui,
819 2256 13 13 a
840 2249 42 20 few
899 2248 52 26 days
968 2248 65 24 since,
1050 2247 22 19 in
1089 2252 143 20 consequence
1242 2246 24 19 of

674 2277 114 24 becalmed,
800 2279 36 23 got
846 2277 46 19 into
904 2277 35 19 the
950 2276 104 23 breakers,
1064 2274 41 20 and
1115 2274 37 20 has
1159 2274 83 19 become
1253 2281 12 12 a

675 2305 53 19 total
744 2303 76 21 wreck.
847 2304 40 20 We
903 2310 34 14 are
954 2304 71 25 happy
1035 2305 22 19 to
1068 2302 26 20 be
1108 2302 46 19 able
1165 2304 21 17 to
1203 2304 60 22 state,

675 2333 46 19 that
731 2333 29 20 all
770 2333 35 19 the
812 2338 87 21 persons
911 2338 28 14 on
950 2331 66 20 board
1025 2330 77 20 landed
1111 2330 23 19 in
1145 2329 75 26 safety.

844 2389 122 21 CUSTOM
983 2388 104 21 HOUSE.

918 2422 112 15 IMPORTS.

705 2446 28 20 In
752 2452 47 14 the
821 2446 127 19 Schooner
1103 2450 64 14 from
1187 2443 79 20 Tara-

677 2480 68 14 nak.l.
746 2485 26 3 —
774 2474 26 20 40
811 2474 52 25 pigs,
876 2474 26 19 20
913 2473 57 26 pairs
980 2472 104 23 blankets,
1096 2472 9 19 1
1113 2471 49 20 cask
1171 2471 94 24 tobacco,

677 2503 12 18 3
708 2508 57 13 cases
785 2502 151 24 merchandize,
949 2501 12 18 5
978 2503 48 16 tons
1044 2499 52 20 New
1113 2499 93 20 Zealand
1218 2499 47 24 flax,

677 2531 26 18 20
713 2530 51 25 bags
774 2529 55 23 shot,
842 2530 9 18 1
863 2529 50 20 cask
928 2528 91 26 powder.

706 2558 28 19 In
766 2563 45 14 the
836 2557 101 20 Barque

677 2591 65 14 from
772 2585 141 20 Taranaki.
914 2594 27 4 —
942 2584 13 19 4
981 2583 69 26 pieces
1075 2582 127 26 machinery,
1227 2582 41 20 and

678 2613 77 24 24,000
766 2613 78 20 bricks.

706 2640 28 20 In
743 2646 47 14 the
802 2640 56 20 Ship
1053 2643 64 15 from
1129 2638 139 20 Plymouth.

677 2678 29 5 —
708 2669 38 19 100
766 2674 56 14 cases
837 2668 45 25 gin,
901 2668 11 22 X
932 2669 56 17 crate
1005 2666 147 25 earthenware,
1172 2666 12 19 2
1206 2666 62 20 boxes

677 2696 68 26 pipes,
759 2697 10 22 I
786 2695 43 20 box
846 2695 93 23 lucifers,
960 2695 10 19 1
988 2694 39 25 bag
1044 2693 59 25 nails,
1124 2694 10 19 1
1153 2693 42 20 box
1211 2694 57 19 iron-

679 2730 107 19 mongery,
805 2724 9 18 1
833 2729 46 14 case
896 2723 97 22 tobacco,
1012 2722 9 19 1
1040 2723 44 17 cart
1099 2721 41 19 and
1155 2721 83 25 wheels,
1257 2722 11 19 6

679 2752 103 25 packages
790 2751 153 22 merchandize,
955 2751 12 17 1
978 2749 86 26 plough,
1076 2749 11 19 2
1098 2749 57 19 bales
1166 2749 26 19 25
1206 2749 62 26 pack-

679 2786 48 18 ages
739 2780 9 18 1
762 2779 76 19 bundle
849 2779 59 25 steel,
920 2779 27 19 28
958 2777 48 20 bars
1017 2777 55 23 iron,
1084 2777 25 19 12
1120 2777 61 19 casks
1192 2777 79 20 bottled

680 2806 56 25 beer,
748 2807 11 19 1
771 2812 46 14 case
827 2807 12 18 2
849 2806 63 20 hhds.
924 2805 87 26 brandy,
1023 2805 12 19 2
1046 2805 54 19 ditto
1110 2810 54 17 rum,
1176 2805 26 21 \2
1214 2811 56 13 cases

680 2834 100 26 whiskey,
793 2834 10 19 1
815 2840 46 13 case
871 2833 76 26 cigars,
960 2833 26 19 13
997 2832 59 20 casks
1066 2832 60 23 wine,
1138 2833 40 19 390
1190 2832 49 26 bags
1249 2833 25 19 of

680 2862 49 23 salt,
746 2862 25 19 10
789 2861 63 24 deals,
870 2861 74 20 Order.
946 2871 27 3 —
975 2860 11 20 1
1004 2859 48 26 pipe
1070 2860 11 19 6
1101 2859 61 20 casks
1181 2860 14 19 2
1215 2867 56 13 cases

680 2890 61 23 wine,
755 2890 59 24 Capt.
825 2889 78 24 Davey.
905 2899 28 3 —
934 2888 26 19 24
971 2888 102 25 packages
1084 2887 25 19 21
1117 2887 47 20 iron
1172 2888 98 26 castings,

682 2918 26 19 10
719 2917 102 26 packages
830 2917 114 24 hardware,
955 2916 27 19 20
1000 2915 74 20 tierces
1091 2914 52 25 beef,
1156 2915 25 20 20
1194 2915 78 20 barrels

681 2945 62 27 pork,
757 2945 38 19 100
807 2944 63 23 deals,
884 2943 74 20 Order.

710 2972 28 21 In
760 2978 46 14 the
830 2972 155 19 Brigantink
1207 2977 65 14 from

682 3000 101 20 Hodart
812 3000 80 19 Town.
893 3010 29 4 —
924 2999 38 20 761
996 2998 70 26 pieces
1089 2998 84 24 timber,
1196 2999 76 25 83,000

682 3028 101 26 shingles,
793 3027 76 25 20,000
880 3027 63 20 laths.

919 3088 113 14 EXPORTS.
1263 3101 12 6 _,

712 3109 29 21 In
754 3116 47 14 the
822 3111 129 19 Schooner
1098 3115 44 17 kcr.
1167 3109 96 21 Wanga.
1265 3123 9 13 s

684 3144 51 14 nui.
737 3149 28 4 —
767 3139 9 19 1
794 3139 77 19 bundle
893 3138 106 22 blankets,
1016 3137 10 19 1
1044 3137 47 19 iron
1108 3137 73 24 brand,
1193 3138 13 18 3
1223 3137 42 26 keg

682 3165 68 27 paint,
769 3167 12 18 2
798 3165 76 20 bottles
891 3165 36 23 oil,
940 3166 10 18 1
970 3170 39 14 can
1025 3164 127 26 turpentine,
1169 3165 12 19 2
1199 3165 75 20 tierces

682 3193 68 26 paint,
764 3194 10 18 1
786 3193 58 20 chest
855 3194 11 20 7
886 3193 64 19 boxes
963 3193 10 19 1
990 3192 42 25 keg
1042 3193 12 18 2
1072 3191 60 20 casks
1147 3192 103 25 sundries,
1262 3193 12 19 2

684 3221 71 23 boxes,
766 3221 10 19 1
794 3221 131 25 grindstone,
936 3221 13 19 3
968 3219 88 21 bundles
1073 3219 118 20 household
1207 3221 68 19 furni-

684 3251 54 22 ture,
747 3248 11 20 1
769 3248 42 20 box
820 3248 80 20 British
910 3247 75 26 goods,
993 3247 12 19 4
1014 3247 190 20 double-barrelled
1213 3254 61 19 guns,

685 3277 11 19 1
717 3276 129 25 grindstone,
858 3276 12 19 2
887 3275 82 27 parcels
985 3274 103 25 sundries,
1100 3274 12 20 3
1129 3275 60 19 casks
1204 3275 71 24 bread,

686 3304 10 19 1
708 3304 78 19 bundle
799 3310 56 19 rugs,
873 3304 11 19 1
904 3303 77 20 bundle
1000 3302 104 24 blankets,
1124 3303 10 19 1
1152 3302 41 20 box
1209 3303 66 26 pipes,

687 3332 9 19 1
712 3332 50 19 cask
775 3331 75 23 cloves,
863 3332 12 18 2
892 3330 54 21 ditto
963 3333 79 23 porter,
1054 3330 11 19 1
1082 3335 48 14 case
1144 3330 44 26 gin,
1202 3331 10 24 \
1230 3337 47 16 case

685 3359 61 23 wine,
759 3360 12 18 2
783 3365 56 14 cases
849 3359 78 19 chairs.

714 3386 29 20 In
753 3393 47 13 the
811 3387 61 19 Brig
1070 3391 46 13 for
1126 3384 151 22 Molineaux

686 3414 128 20 Harbour.
816 3425 27 3 —
844 3415 12 19 2
870 3414 76 20 tierces
963 3413 95 23 tobacco,
1069 3413 27 20 S9
1114 3413 60 20 casks
1190 3413 62 25 flpur,
1265 3415 10 21 1

686 3442 46 20 bale
745 3442 101 24 blankets,
859 3442 9 19 1
880 3441 41 27 keg
932 3441 86 25 brandy,
1030 3441 12 19 5
1054 3447 57 13 cases
1121 3440 44 26 gin.

715 3469 109 20 Omitted
842 3475 26 14 in
886 3475 47 13 the
951 3468 63 20 Lrig
1233 3475 45 18 yqn

688 3497 104 21 Sydney.
794 3508 27 3 —
823 3497 11 19 6
844 3500 47 17 tons
901 3496 129 20 whalebone.

782 3563 123 17 AGENTS
917 3562 58 18 FOR
992 3562 71 18 THIS
1077 3562 108 18 PAPER.

710 3590 37 17 Mr.
760 3590 126 17 BURCHAM
981 3590 73 16 Petoni.

710 3612 38 17 Mr.
760 3611 23 17 R.
795 3611 115 17 BARRETT
986 3610 46 17 New
1040 3609 108 22 Plymouth,
1155 3609 94 18 Taranalu
1251 3621 9 9 s

710 3633 38 17 Mr.
761 3633 25 17 H.
797 3631 122 21 CHUlt'lW
985 3631 113 21 Wangauui.

711 3654 37 17 Mr.
760 3654 30 17 W.
802 3653 97 18 WILSON
983 3652 40 22 Bay
1031 3652 21 17 of
1061 3652 82 17 Islands.

710 3701 40 17 The
758 3700 95 22 following'
861 3704 31 13 are
901 3699 33 17 the
942 3700 78 20 quarter
1032 3697 47 23 days
1086 3698 21 17 of
1119 3697 40 18 this
1167 3702 58 18 paper
1232 3705 27 11 :—
1258 3711 3 4 .

798 3721 66 17 March
1126 3720 47 16 31st.

796 3742 50 17 June
1125 3739 51 19 30th.

796 3763 111 22 September
1126 3762 50 17 30th.

797 3784 104 22 Pecember
1126 3784 48 16 31st.

712 3806 81 18 Persons
801 3805 107 22 previously
916 3806 20 16 to
950 3803 147 23 discontinuing
1107 3804 52 17 their
1166 3808 69 17 papers
1242 3803 36 18 and

691 3827 165 22 advertisements,
864 3828 53 20 lpust
925 3826 57 17 settle
991 3826 31 17 the
1033 3826 93 17 accounts
1133 3825 38 18 due
1178 3829 26 18 up
1216 3826 20 16 to
1247 3826 31 17 the

691 3849 52 17 date.

861 3893 124 20 LATEST
1000 3892 108 22 DATES.

702 3921 79 17 London
865 3921 52 17 June
942 3921 27 16 15.
999 3921 40 20 Bay
1046 3921 20 15 of
1077 3921 92 15 Islands..
1174 3921 49 20 Auf.
1240 3921 30 15 25.

703 3941 75 22 Sydney
867 3941 43 22 Sep.
941 3942 28 16 35.
998 3940 81 17 Thames
1173 3941 41 16 Oct.
1242 3941 28 17 31.

702 3962 42 19 Van
769 3962 97 17 Dieinan's
999 3961 45 18 Port
1051 3960 70 23 Phillip
1133 3959 90 24 ....Aug.
1251 3962 19 17 6.

723 3983 54 18 Land
867 3983 53 18 June
940 3983 29 17 80.
997 3981 118 20 Adelaide...
1141 3982 75 21 ...Sep.
1241 3983 28 17 98.

1363 126 278 27 METEOROLOGICAL
1655 117 104 32 TABLE.

1290 167 88 21 Fot^the
1386 166 55 20 week
1456 165 73 25 ending
1540 164 116 26 Thursday,
1670 161 45 24 Oct.
1728 162 35 24 28,
1776 162 36 20 184
1812 162 25 20 T.

1609 773 125 17 KJSMAttKS.

1278 794 82 20 Friday...
1399 795 10 15 8
1479 794 50 17 Calm
1535 794 36 16 and
1577 794 41 16 fine.

1389 824 10 9 s

1399 837 54 20 Ip.m.
1522 837 32 16 Do.
1597 836 33 17 Do.
1674 835 34 19 Do,

1399 879 10 15 5
1524 879 32 16 Do.
1600 878 34 16 Do.
1677 877 34 16 Do.

1279 920 36 15 5at.
1321 930 39 7 ......
1399 921 11 15 8
1481 920 64 20 Strong
1550 920 63 16 breeze
1621 919 35 17 and
1665 923 42 16 very
1715 919 42 16 flno.

1399 962 55 20 Ip.m.
1524 961 33 19 Do,
1600 961 34 17 Da.
1677 959 35 17 Do.

1400 1004 11 15 5
1482 1002 91 17 Moderate
1579 1003 69 19 breeze,
1656 1003 86 17 overcast,
1752 1002 33 15 but
1793 1000 42 16 flno.

1279 1044 83 21 Sunday..
1401 1046 11 15 8
1482 1045 64 20 Strong
1552 1045 74 16 breezze
1634 1044 36 16 and
1677 1044 59 19 heavy
1743 1043 85 17 ghovrcra.

1402 1088 54 20 Ip.m.
1509 1084 3 4 '
1525 1086 32 17 Do.
1601 1086 33 17 Do.
1678 1085 33 17 Do.

1402 1129 10 16 S
1526 1128 32 17 Do.
1601 1128 35 16 Do.
1679 1128 34 16 Do.

1281 1170 83 20 Monday.
1402 1171 11 16 8
1485 1171 51 20 Light
1545 1170 31 20 air,
1585 1170 87 19 overcast,
1680 1169 33 16 but
1720 1169 42 16 fine.

1404 1213 53 21 Ip.m.
1484 1212 49 17 Calm
1540 1213 36 16 and
1583 1213 87 19 showery.

1403 1256 10 14 5
1485 1255 51 20 Light
1546 1255 26 15 air
1581 1254 36 16 and
1624 1255 86 15 overcast.

1283 1296 82 21 Tueiday
1404 1298 10 16 8
1526 1296 33 16 Do.
1602 1296 33 18 Do.
1679 1295 33 17 but
1721 1295 43 16 fin«.

1404 1340 54 20 Ip.m.
1486 1338 94 17 Moderate
1586 1338 27 16 air
1620 1338 36 16 and
1664 1338 43 16 fine.

1404 1382 11 16 5
1486 1380 52 21 Light
1602 1379 34 17 Do.
1680 1379 34 17 Do.

1406 1425 10 14 8
1488 1422 53 17 Fresh
1548 1423 70 18 breeze,
1625 1422 47 19 light
1679 1421 68 19 clouds,
1755 1421 33 16 but
1795 1421 41 16 fine.

1407 1466 53 20 Ip.m.
1529 1464 33 17 Do.
1606 1464 50 20 hazy,
1665 1463 35 16 and
1707 1463 41 16 fine.
1831 1465 4 8 '

1406 1508 10 15 5
1529 1507 33 16 Do.
1604 1505 34 16 Do.
1682 1505 34 16 Do.

1285 1549 58 17 Thurs
1350 1561 17 5 ...
1407 1550 10 15 8
1488 1548 49 16 Calm
1545 1549 36 15 and
1588 1547 55 21 misty
1651 1547 46 17 rain.

1407 1592 54 19 Ip.m.
1488 1590 52 20 Lijrht
1548 1591 62 15 breeze
1616 1589 36 17 and
1660 1589 62 21 misty.

1407 1634 11 18 5
1443 1630 3 4 '
1530 1632 32 18 Do.
1606 1631 33 17 Do.
1660 1635 6 2 ~
1682 1631 46 16 rain.

1287 1680 94 83 New
1412 1680 219 83 Zealand
1662 1680 218 83 Gazette

1333 1765 68 22 AND
1416 1763 211 23 WELLINGTON
1644 1763 188 22 SPECTATOR.

1391 1819 132 26 Saturday,
1538 1818 108 24 October
1661 1818 35 26 £0,
1712 1818 61 20 1841.

1321 1875 44 24 We
1378 1875 106 25 continue
1497 1881 40 17 our
1554 1873 104 26 remarks
1672 1880 61 25 upon
1744 1872 39 24 the
1798 1872 81 24 Auck-

1289 1908 54 24 land
1366 1909 125 27 estimates,
1512 1906 51 30 and,
1582 1906 31 32 by
1634 1906 38 23 the
1691 1906 118 31 following
1826 1914 54 15 exa-

1289 1943 117 28 mination,
1423 1943 21 22 it
1461 1941 46 23 will
1526 1941 28 23 be
1573 1939 111 25 observed
1703 1940 57 29 that,
1773 1940 108 31 granting

1290 1976 47 23 Mr.
1347 1976 77 23 Short!
1428 1975 65 23 and's
1504 1979 121 19 statement
1637 1974 25 22 of
1671 1981 62 23 ways
1745 1974 46 22 and
1803 1981 78 15 means

1290 2013 22 19 to
1317 2009 64 23 -have
1396 2007 127 32 proceeded
1538 2014 64 24 upon
1613 2006 62 31 right
1687 2007 59 28 data,
1761 2006 63 24 there
1836 2007 19 21 is
1867 2014 14 15 a

1289 2042 108 28 mistake,
1420 2041 135 29 amounting
1577 2044 23 19 to
1618 2047 64 16 more
1702 2039 55 25 than
1775 2040 88 23 £4000
1873 2048 6 19 ;

1281 2093 2 5 ,
1290 2075 40 23 but
1340 2076 19 22 it
1370 2076 19 22 is
1401 2074 88 24 further
1508 2074 86 27 shown,
1606 2073 32 30 by
1650 2081 29 15 an
1695 2077 89 19 extract
1798 2073 59 23 from
1869 2080 14 15 a

1291 2108 102 31 dispa,tch
1401 2108 25 24 of
1433 2107 37 25 the
1480 2106 81 25 Under
1570 2107 120 29 Secretary
1698 2106 25 23 of
1729 2106 39 25 the
1775 2106 107 23 Colonies

1281 2145 2 4 '
1291 2142 48 23 that
1358 2142 36 23 his
1415 2143 122 22 statement
1555 2141 20 23 is
1594 2140 48 23 also
1661 2140 113 24 incoxrect
1791 2140 22 22 in
1834 2139 49 23 that

1291 2180 96 27 respect,
1392 2175 76 23 which
1475 2178 119 27 augments
1601 2174 38 22 the
1647 2181 62 16 error
1717 2173 89 25 further
1814 2177 24 19 to
1845 2173 38 23 the

1281 2204 2 38 |
1291 2214 79 18 extent
1382 2209 24 23 of
1416 2208 88 24 several
1515 2207 112 24 thousand
1639 2207 99 31 pounds:

1318 2247 47 23 The
1397 2247 119 22 estimated
1542 2249 72 19 wants
1644 2246 27 21 of
1697 2246 38 21 the
1745 2246 4 7 :
1762 2244 122 23 'Auckland

1293 2275 157 22 Government
1486 2275 35 21 for
1562 2273 38 22 the
1637 2280 55 20 year
1734 2280 37 14 are
1813 2272 72 21 stated

1293 2306 21 18 at
1704 2299 99 28 £50,922
1830 2301 13 19 3
1871 2300 13 20 2

1319 2329 48 24 The
1378 2329 115 26 following
1502 2331 103 19 amounts
1620 2334 33 14 we
1669 2327 38 21 de-

1293 2357 53 21 duct
1362 2364 23 14 as
1400 2355 98 27 charged
1511 2360 22 16 to
1550 2355 38 21 the
1599 2361 110 20 expenses
1732 2372 3 6 ,

1293 2391 59 20 upon
1363 2383 37 22 the
1413 2384 53 21 land
1475 2383 56 21 fund
1538 2390 5 14 :
1545 2393 29 4 —

1294 2413 85 25 Survey
1387 2411 141 28 department
1537 2410 74 22 j£6164
1627 2409 26 21 12
1681 2409 14 21 6
1713 2424 5 4 .
1726 2423 5 5 .

1295 2439 43 20 For
1357 2438 72 27 roads,
1449 2438 95 26 bridges,

1321 2466 40 21 &c.
1383 2479 155 8 ............
1556 2465 55 21 2000
1640 2465 12 19 0
1682 2464 12 19 0
1714 2478 5 5 .
1726 2478 6 5 .
1751 2464 55 20 8164
1820 2463 26 21 12
1874 2464 12 20 6

1707 2517 97 28 £42,757
1820 2518 25 21 10
1874 2519 12 20 8

1328 2555 24 24 It
1363 2556 20 23 is
1396 2555 114 32 supposed
1521 2555 49 23 that
1579 2554 45 24 this
1639 2559 95 19 amount
1745 2553 49 25 will
1804 2553 29 25 be
1846 2553 41 24 ob-

1295 2589 76 24 tained
1382 2590 24 23 in
1418 2589 39 24 the
1469 2589 114 31 following
1594 2596 96 16 manner
1698 2597 5 14 :
1706 2600 34 4 —

1296 2628 61 23 Sale
1355 2628 17 23 3
1368 2628 26 22 of
1399 2628 56 22 land
1464 2628 35 21 for
1509 2628 35 21 the
1555 2635 54 20 year
1705 2627 99 27 £50,000
1831 2628 13 20 0
1871 2628 13 21 0

1330 2665 71 23 From
1413 2665 38 22 the
1465 2664 59 23 sales
1541 2664 37 23 the
1591 2663 119 31 following

1297 2698 132 24 deductions
1442 2706 37 15 are
1492 2698 65 23 made
1569 2707 4 14 :—:
1576 2710 34 3 —

1577 2728 24 17 £.
1644 2733 14 12 t.
1681 2728 17 17 d.

1297 2752 86 26 Survey
1390 2750 157 28 department..
1562 2752 55 20 6164
1631 2752 27 19 12
1686 2752 13 19 6
1718 2764 18 5 ..

1298 2778 112 22 Purchase
1422 2778 26 21 of
1455 2778 87 22 lands..
1560 2779 57 20 4000
1644 2779 13 18 0
1686 2778 49 19 0..
1772 2785 2 5 •

1299 2806 75 21 Roads
1382 2805 46 22 and
1439 2804 88 28 bridges
1535 2821 14 6 ..
1563 2806 55 20 2000
1647 2806 12 19 0
1688 2804 132 26 0,-12,164
1834 2804 25 21 12
1878 2805 13 20 6

1731 2858 79 26 37,835
1838 2858 12 21 7
1878 2859 13 20 6

1300 2886 33 22 Of
1347 2886 42 22 this
1408 2889 94 18 amount
1521 2886 104 22 one-half
1637 2886 20 22 is
1671 2888 34 19 set

1326 2914 61 22 aside
1394 2914 35 20 for
1434 2920 106 20 purposes
1548 2914 25 20 of
1580 2913 132 27 emigration
1731 2913 32 21 IS.
1768 2911 42 23 917
1825 2912 25 21 13
1878 2913 13 20 9

1734 2966 77 25 18,917
1824 2968 11 20 1
1843 2968 6 19 $
1879 2967 13 21 9

1334 3003 36 24 To
1382 3003 45 23 this
1440 3003 20 23 is
1472 3002 72 26 added
1545 3016 33 4 —

1302 3042 66 23 From
1378 3042 103 24 Customs
1655 3035 52 28 •.'...
1733 3042 77 26 13,000
1838 3041 12 20 0
1879 3041 12 19 0

1303 3068 150 24 Post-offices
1746 3084 2 6 ,
1769 3070 41 19 500
1839 3070 12 18 0
1879 3069 12 19 0

1302 3096 105 21 Licenses
1501 3110 7 9 ,
1756 3097 55 20 2400
1839 3097 11 19 0
1879 3097 24 19 0-

1303 3123 97 22 Auction
1412 3123 72 21 duties
1499 3138 18 7 
1580 3138 5 5 .
1674 3138 5 5 .
1688 3138 19 5 ..
1754 3124 57 20 IiOO
1839 3124 12 19 0
1880 3125 12 19 0

1303 3150 55 21 Fees
1369 3149 45 22 and
1423 3150 56 21 fines
1491 3150 25 21 of
1523 3149 74 29 public
1607 3150 93 22 officers.
1707 3166 7 5 .
1756 3152 55 20 2500
1839 3152 12 19 0
1880 3152 12 19 0

1714 3204 98 27 £38,317
1827 3206 25 21 13
1880 3208 14 19 9

1337 3239 51 23 The
1410 3244 81 24 wants,
1504 3239 30 31 by
1557 3239 38 24 the
1618 3240 71 23 above
1712 3244 130 26 statement,
1855 3249 38 16 are

1303 3273 114 29 £42,757
1450 3275 51 21 10s.
1532 3274 48 29 Bd.,
1605 3274 163 31 consequently
1778 3284 3 4 •
1792 3274 39 24 the
1853 3275 49 23 de-

1303 3307 96 30 ficiency
1411 3314 62 24 upon
1492 3306 38 23 the
1547 3308 50 22 face
1615 3307 26 23 of
1655 3307 64 23 these
1738 3308 116 25 estimates
1874 3309 20 22 is

1304 3340 87 24 £4439
1412 3342 52 22 16s.
1485 3340 53 24 lid.
1575 3340 48 24 Yet
1641 3341 17 22 it
1677 3340 46 24 will
1741 3341 28 23 be
1789 3349 61 21 seen,
1864 3342 31 31 by

1305 3382 12 15 a
1328 3382 41 22 per
1384 3378 80 19 contra
1479 3378 95 19 account
1592 3374 26 23 of
1632 3374 37 23 the
1690 3374 104 23 Colonial
1813 3375 81 23 Secre-

1305 3408 77 29 tary's,
1394 3407 75 23 which
1476 3408 48 22 will
1535 3415 83 24 appear
1627 3408 24 23 in
1664 3407 43 23 due
1720 3416 80 15 course
1818 3409 32 23 in.
1854 3416 41 16 our

1305 3448 79 24 paper,
1401 3441 50 22 that
1471 3441 38 23 the
1532 3441 119 24 estimated
1672 3441 126 31 deficiency
1818 3442 20 23 is
1855 3442 45 25 but,

1305 3474 70 24 £337
1396 3475 52 25 175.
1460 3483 6 19 ;
1486 3474 43 23 and
1548 3482 56 16 even
1622 3474 45 24 this
1688 3477 129 27 statement,
1830 3475 66 23 when

1306 3507 36 24 the
1356 3507 101 26 addition
1469 3508 19 22 is
1501 3512 34 19 set
1546 3508 69 31 right,
1628 3507 74 24 which
1714 3516 32 15 we
1758 3508 47 23 will
1820 3508 28 23 do
1867 3517 30 15 on

1306 3542 48 25 that
1369 3542 112 27 occasion,
1500 3542 44 22 will
1563 3549 69 24 prove
1651 3546 22 19 to
1691 3542 28 22 be
1737 3542 112 23 incorrect
1865 3542 32 31 by

1306 3575 86 23 several
1404 3574 100 32 pounds;
1535 3575 45 24 We
1590 3575 68 23 know
1669 3575 75 24 where
1757 3575 48 24 Mr.
1815 3575 81 24 Short-

1306 3608 74 26 laud's
1390 3608 97 24 blunder
1502 3608 28 29 is,
1541 3608 43 24 but
1595 3609 46 23 will
1652 3608 64 24 leave
1728 3609 48 23 him
1785 3613 23 19 to
1819 3609 47 23 find
1879 3609 18 23 it

1307 3646 46 21 out.
1389 3641 25 24 A
1435 3641 60 24 little
1514 3642 108 31 puzzling
1644 3649 54 16 over
1721 3646 108 19 accounts
1851 3643 47 23 will

1306 3675 102 31 possibly
1419 3676 102 29 improve
1532 3675 35 23 his
1578 3675 110 24 financial
1697 3676 92 23 talents.

1340 3707 95 32 Taking
1454 3708 38 23 the
1512 3708 155 24 Government
1686 3710 118 22 estimates
1822 3717 25 16 as
1864 3714 35 19 set

1307 3741 68 29 forth,
1387 3749 33 15 we
1432 3742 58 22 have
1502 3742 52 22 thus
1569 3742 79 24 shown
1663 3742 55 31 they
1730 3750 38 16 are
1786 3743 113 23 incorrect

1307 3780 22 21 to
1342 3775 40 27 the.
1394 3779 78 20 extent
1484 3775 25 22 of
1519 3775 87 24 several
1617 3775 114 24 thousand
1741 3775 98 32 pounds.
1876 3776 24 23 It

1307 3809 19 23 is
1339 3816 14 15 a
1364 3808 104 31 disgrace
1480 3808 49 23 that
1540 3816 13 15 a
1565 3809 52 23 task
1629 3816 25 16 so
1667 3809 89 31 simple,
1767 3817 25 15 as
1804 3816 94 24 arrang-

1307 3843 40 29 ing
1359 3842 56 23 such
1430 3850 14 14 a
1459 3841 92 31 budget,
1565 3841 83 24 should
1665 3843 28 22 be
1705 3847 52 18 sent
1772 3842 62 23 forth
1845 3843 54 22 with
1902 3846 2 5 '

1308 3883 25 15 so
1352 3883 66 23 gross
1430 3883 14 15 a
1464 3875 95 23 blunder
1655 3876 31 23 its
1704 3875 66 24 face.-
1803 3875 25 24 It
1846 3876 21 22 is
1886 3884 14 14 a

1307 3913 76 27 pretty
1399 3908 60 31 good
1477 3908 66 32 proof
1559 3909 26 24 of
1600 3909 39 23 the
1658 3908 122 32 delightful
1798 3912 58 19 state
1876 3909 24 22 in

1308 3942 74 23 which
1394 3942 39 23 the
1446 3942 76 23 affairs
1537 3942 26 23 of
1580 3942 43 23 the-
1636 3942 106 26 Colonial
1759 3942 141 31 Secretary's

1309 3975 64 28 offi.ce
1385 3975 90 35 may.be
1484 3975 107 24 assumed
1601 3979 23 20 to
1635 3975 37 24 be.

506 55 99 35 THE
626 54 112 33 NEW
752 54 231 33 ZEALAND
1004 49 229 37 GAZETTE
1249 45 103 38 AND
1371 46 330 36 WELLINGTON
1724 43 292 34 SPECTATOR:

1565 208 13 4 -

1676 206 36 23 J>3
1722 214 11 17 5

1679 258 12 23 3
1701 255 11 20 2
1718 257 15 12 *

1676 281 17 9 r*
1697 279 15 9 •*-
1719 277 15 11 **

1290 247 47 17 1841.

1376 225 51 16 Time
1434 224 21 19 of

1371 246 89 16 Observa-

1392 267 44 17 tion.

1489 234 54 17 Baro-

1483 257 62 14 meter.

1563 234 85 17 Thermo-

1574 257 63 14 meter.

1776 241 60 17 Wind.

1272 324 82 21 Friday...

1272 387 31 17 Sat

1274 449 83 20 Sunday..

1276 512 81 20 Monday.

1396 325 9 15 8

1395 345 53 20 Ip.m.

1395 367 9 15 5

1396 387 9 16 8

1396 408 48 20 lp.m

1396 429 10 15 5

1397 450 9 15 8

1397 471 54 19 lp.m.

1397 492 10 15 5

1397 512 11 15 8

1399 533 53 20 lp.m.

1398 554 10 15 5

1399 575 9 15 8

1399 596 54 19 lp.m.

1398 617 10 15 5

1399 638 10 15 8

1399 659 54 19 lp.m.

1399 680 10 15 5

1399 700 11 15 8

1400 721 53 20 lp.m.

1399 743 10 14 5

1490 324 57 16 30.144

1491 345 56 16 30.100

1490 366 57 16 30.060

1491 387 57 15 30.100

1491 408 57 16 30.080

1492 429 57 15 30.058

1493 450 56 15 29.982

1493 471 56 14 23.930

1493 491 56 16 29.86G

1494 512 56 16 30.050

1494 533 56 16 30.070

1495 554 55 15 30.074

1495 575 55 15 30.204

1495 596 55 15 30.180

1495 617 56 15 30.150

1495 638 56 15 30.13G

1495 658 56 16 30.102

1495 679 58 16 30.084

1495 700 57 16 29.882

1495 721 57 16 29.770

1495 742 57 16 29.G74

1589 323 28 16 63.

1590 345 27 15 65.

1591 365 26 16 G6.

1590 386 9 15 C
1599 386 18 15 3.

1591 407 37 15 63.5

1591 428 27 15 63.

1591 449 27 15 62.

1591 470 27 15 61.

1592 491 38 16 15Q.5

1592 512 37 15 59.5

1592 533 28 15 56.

1593 554 26 15 SG.

1594 573 26 16 57.

1580 591 2 5 '
1594 594 37 17 62.5

1594 616 26 16 61.

1594 637 27 16 CO.

1595 658 26 15 64.

1595 679 27 16 63.

1595 699 27 16 57.

1596 721 27 16 58.

1596 742 26 16 57.

1676 344 59 17 None.

1677 406 58 18 None.

1689 469 37 17 0.10

1690 532 38 17 O.OS

1757 322 63 15 North.

1756 342 64 16 North.

1757 363 63 16 North.

1757 383 80 17 W.N.W.

1757 404 80 17 w:n.w.

1758 425 81 16 W.N.W.

1759 446 56 16 West.

1758 466 81 17 W.N.W.

1759 488 27 16 W.
1792 487 51 17 N.W.

1759 509 27 16 W.
1792 508 51 16 N.W.

1760 530 62 17 South.

1761 552 16 16 S.
1785 552 23 19 by
1817 550 20 16 E.

1760 573 17 15 S.
1785 573 24 19 by
1817 571 21 17 E.

1761 593 63 16 North.

1761 613 55 17 West.

1762 635 23 16 N.
1792 635 23 20 by
1822 633 28 17 W.

1763 656 21 16 N.
1792 656 23 20 by
1822 654 27 17 W.

1763 677 22 16 N.
1793 677 22 20 by
1823 676 27 15 W.

1763 698 16 16 S.
1787 698 23 19 by
1818 697 20 16 E.

1763 719 17 16 S.
1787 719 24 19 by
1819 718 21 16 X

1763 740 17 18 S,
1788 738 52 21 byE.

1276 575 81 23 fuesday

1691 595 37 16 0.08
1737 608 3 4 .

1335 620 5 3 -

1277 637 42 17 Wed

1681 657 58 16 None.

1277 699 58 17 Thurs
1341 711 17 5 ...

1683 720 57 16 None.

796 138 55 25 Foj
866 136 119 25 l»pndon
1000 134 94 25 direot,
1171 128 2 9 '

671 174 29 19 To
713 172 42 21 sail
767 172 23 20 in
803 178 13 14 a
831 171 42 24 few
888 170 53 26 days
954 169 59 26 after
1027 170 38 22 her
1078 169 81 21 arrival
1164 168 63 27 from

849 199 103 22 Jlawke't
962 199 54 24 Bay,
1045 193 16 18 ''-
1102 208 4 4 -
1133 209 5 3 -
1172 207 4 7 >

697 230 75 36 »JS]S>L
823 234 90 22 nnHE
930 233 45 22 fine
990 233 43 21 fast
1044 232 80 27 sailing
1134 232 110 22 schooner

687 256 110 37 T&fiTv^S.
829 254 29 29 JL
894 262 84 24 Bailey,
989 260 93 27 Captain
1098 260 77 20 James
1194 259 50 21 Sin-

684 281 199 39 XVfirslg'clair,
905 293 89 17 master.
1030 287 49 21 Has
1097 293 63 15 room
1178 286 36 20 for
1232 292 13 14 a

675 309 141 38 jßsfti&ggC'
823 316 40 21 fe\v
892 316 166 20 measurement
1085 312 69 28 goods
1183 312 60 26 only.

660 336 194 35 f2SJ3KS£3PF°
855 349 11 15 r
887 341 83 28 freight
988 348 26 14 or
1028 347 92 21 passage
1138 339 66 28 apply
1222 342 23 18 to

780 377 25 22 F.
816 376 28 22 V.
855 376 86 22 Martin
952 374 45 23 and
1007 375 46 25 Co.,
1066 381 25 14 or
1100 376 22 19 to

781 404 21 22 J.
810 404 32 21 M.
853 403 90 27 Taylor,
955 402 54 27 Ship
1020 400 90 27 Broker,
1119 400 33 21 Te
1163 400 55 21 Aro.

803 458 52 19 For
869 456 117 20 London
1003 454 94 23 direct,

674 493 29 20 To
716 493 43 19 sail
771 493 22 19 in
806 498 13 13 a
832 491 45 25 few
892 490 52 25 days
957 489 29 26 of
984 491 32 18 tor
1031 489 37 20 her
1082 489 81 20 arrival
1170 488 63 25 from

869 517 100 21 Hawke's
983 518 54 24 Bay,

835 555 92 21 FTPIHE
943 554 45 21 fine
997 554 42 21 fast
1049 553 80 27 sailing
1138 552 111 22 schooner

694 574 108 39 jSgrj^w
842 574 29 30 JL
928 582 80 25 Bailey,
1028 581 93 26 Captain
1145 579 102 22 Sinclair.

691 602 134 29 ATRspnlw''
835 609 44 21 For
887 616 93 20 passage
992 607 59 30 only,
1063 607 66 27 apply
1140 611 22 17 to

764 635 5 18 >
769 636 56 29 7FT
1021 636 87 20 Willis
1124 634 45 21 and
1181 634 40 21 Co.

668 654 162 39 §§5KsiP
835 662 146 27 Wellington,
993 662 58 26 Sept.
1061 663 34 24 20,
1105 661 64 21 1841.'

863 715 54 20 For
927 714 117 26 Sydney,

693 752 28 19 To
731 751 41 20 sail
781 751 22 19 in
812 756 13 13 a
832 749 47 26 few
889 749 51 24 days
950 748 57 25 after
1017 748 37 20 her
1064 745 80 23 arrival
1153 747 62 26 from

898 777 35 19 the
946 776 67 25 Caast,

820 812 8 15 r
837 812 10 16 R
856 809 54 21 IHE
934 808 46 22 fine
1006 808 48 21 first
1082 807 56 22 class
1165 807 84 27 barque

831 830 23 26 JL
877 837 74 25 Regia,
965 837 39 20 180
1021 839 56 21 tons,
1088 835 77 21 James
1178 834 71 21 Bruce

866 869 89 17 master,
967 862 44 22 will
1021 862 40 20 sail
1077 861 33 22 for
1125 861 37 21 the
1180 861 69 21 above

663 883 155 36 amfflsßUSL
835 895 56 21 pnrt,
913 890 58 21 after
998 889 83 26 having
1100 888 60 21 filled
1179 895 46 19 up,
1228 891 23 17 at

663 911 155 38 agsagggggp
835 917 87 26 Cloudj--
938 916 56 27 Bay.
1024 915 48 22 Has
1088 915 112 22 excellent
1216 922 35 14 ac-

835 943 167 22 connnodation
1008 943 34 21 for
1050 948 137 21 passengers.
1208 941 43 22 For

663 971 82 27 freight
756 978 24 14 or
787 978 99 20 passage,
898 970 68 28 apply
976 974 23 17 to

1016 996 21 22 J.
1049 995 42 22 and
1103 996 21 21 G
1141 995 82 22 Wade.

811 1042 53 21 For
879 1042 110 26 Sydney
1007 1042 94 23 direct,

819 1079 91 31 npilE
943 1079 45 21 fine
1013 1078 42 22 fast
1075 1077 88 28 sailing,
1189 1077 21 21 A
1236 1078 9 20 1

689 1101 107 36 jETJ~SJ£gR
826 1100 29 28 JL
893 1107 85 26 barque
1002 1107 105 22 Winwich,
1125 1105 22 20 \\
1155 1121 5 5 .
1177 1104 73 27 Ware,

668 1126 149 39 /4s|~jj®|t&.
832 1133 153 26 commander,
993 1133 44 21 will
1046 1133 40 21 sail
1094 1133 33 21 for
1135 1132 37 21 the
1182 1132 70 20 above

665 1154 153 39 ;s&fs-S£pS^
833 1161 54 21 Port
896 1161 23 21 in
936 1161 103 21 fourteen
1056 1160 61 27 days.
1146 1159 45 21 For
1204 1166 49 20 pas-

668 1184 144 31 T&isSjs&SEfe'
833 1195 51 19 sage
893 1187 60 28 only,
964 1187 82 26 having
1056 1187 99 28 superior
1166 1193 86 15 accom-

666 1216 121 26 modation,
799 1215 65 27 apply
877 1219 22 17 to

925 1241 35 21 W.
977 1241 25 22 B.
1019 1241 94 22 Rhodes
1129 1241 44 21 and
1188 1241 37 21 Co.

750 1288 54 21 For
818 1288 148 21 Auckland
981 1288 54 19 and
1049 1287 118 25 Sydney,

676 1322 102 39 -^jj^gl,
820 1326 90 23 HPHE
948 1326 110 23 schooner
1092 1326 61 25 Lady
1180 1326 73 26 Leigh,

687 1348 106 38 jS^^*»
830 1359 21 14 •*
880 1354 26 21 K.
919 1354 29 21 A.
960 1354 68 26 King,
1047 1357 88 23 master,
1154 1353 44 20 will
1215 1353 39 22 sail

667 1375 147 38 /Jk^N^^^
879 1381 35 20 for
931 1381 38 21 the
985 1381 69 20 above
1071 1380 72 27 places
1160 1387 23 14 as
1200 1387 54 14 soon

666 1404 149 35 3g|g2g!gji§gng
835 1415 23 13 as
875 1408 41 21 her
933 1415 66 19 cargo
1015 1408 18 21 is
1051 1407 131 27 completed.
1213 1407 43 22 For

666 1428 150 39 jgjfi^pigSppllr
835 1434 83 28 freight
929 1443 23 13 or
964 1441 98 21 passage,
1073 1434 65 27 apply
1146 1437 23 18 to

1007 1462 34 18 W.
1058 1462 170 18 FITZHERBERT.

244 139 240 30 Surveyor-General's
494 137 76 28 Office,

320 168 97 22 October
425 169 34 24 2.9,
472 167 59 23 1841.
544 180 2 9 .

40 206 146 22 XTOTTCE
207 205 27 21 IS
254 200 129 25 HEREBY
407 199 106 27 GIVEN,
534 199 48 21 that
598 205 29 14 on

40 225 44 32 i_N
108 233 116 27 Thursday
234 235 61 21 next,
305 230 40 21 4th
356 227 134 26 November,
500 233 13 14 a
522 225 104 22 selection

40 261 44 22 will
96 260 49 22 take
157 260 61 26 place
228 261 23 18 at
259 258 44 21 this
313 256 70 26 office,
395 259 23 17 at
426 256 22 23 l\
458 253 92 26 o'clock,
557 253 25 20 of
590 251 38 22 the

38 287 65 22 lands
113 286 72 22 which
197 293 55 13 were
262 284 40 21 left
317 282 113 23 unchosen
447 285 23 16 at
485 280 35 21 the
535 279 43 21 late
595 285 34 15 se-

39 315 83 21 lection
133 320 30 15 on
174 313 37 21 the
221 311 53 22 23rd
284 311 68 26 Sept.,
365 313 22 17 at
397 306 132 28 Waqganui.

230 344 34 22 W.
282 343 32 22 M.
331 343 81 25 Smith,
429 341 62 27 Capt.
507 339 65 26 R.A.,

376 364 226 30 Surveyor-General.

271 411 241 29 Surveyor-General's
520 409 80 26 Office,

333 440 97 21 October
440 440 33 23 26,
485 439 39 20 181
528 439 17 19 1.

39 477 146 51 NOTICE
218 476 27 22 IS
278 472 128 25 HEREBY
440 470 107 26 GIVEN,
581 468 50 23 that

120 508 96 22 country
226 501 52 23 land
289 501 44 21 will
343 501 28 21 ba
381 499 84 22 ofFered
474 499 34 21 for
521 497 107 22 selection

39 540 30 15 on
78 532 124 26 Thursday,
214 530 37 21 the
263 530 50 24 18th
325 527 135 22 November.

69 560 67 24 Plans
145 565 52 20 may
211 557 26 21 be
248 563 52 15 seen
316 559 23 17 at
352 554 43 22 this
405 552 71 23 Office
487 559 28 14 on
528 551 102 26 Monday

39 590 62 23 next,
111 585 46 26 and,
166 583 112 28 following
293 582 62 28 days.

249 616 35 23 W.
296 616 31 21 M.
341 616 81 25 Smith,
435 613 61 27 Capt.
508 612 66 25 R.A.,

375 637 227 30 Surveyor-General.

187 690 52 21 Zttr.
254 689 94 25 Kcnry
364 687 35 20 St.
414 685 66 21 Hill.

41 726 52 50 IN
108 724 101 24 REPLY
219 727 22 17 to
252 722 43 21 this
305 719 142 24 individual's
458 717 139 23 notification
607 716 24 21 in

99 752 37 23 the
146 754 52 19 New
208 750 93 21 Zealand
313 748 85 21 Gazette
414 747 26 21 of
452 746 37 21 the
506 744 51 23 27th
571 744 60 24 inst,

41 781 50 21 that
100 787 37 19 my
148 778 54 23 land
212 785 27 14 on
251 778 37 21 the
299 775 70 22 beach
379 773 45 22 had
433 774 57 20 been
499 770 96 23 selected
603 769 30 27 by

42 807 54 26 him,
120 807 46 21 and
186 804 109 23 therefore
317 801 128 26 cautioning
465 806 90 21 persons
574 799 59 19 from

42 825 77 35 taking
129 834 24 26 it,
168 833 9 21 I
186 831 87 23 remind
282 831 48 21 him
340 830 49 21 that
398 828 33 21 his
441 827 105 21 selection
557 825 26 21 of
594 831 38 19 my

42 864 104 24 property
157 860 53 21 does
220 862 39 17 not
269 857 120 22 constitute
400 862 12 14 a
421 854 60 27 right
491 857 21 17 to
522 853 24 21 it.

70 888 58 21 Title
137 886 46 22 and
193 886 124 26 possession
327 883 45 22 will
381 883 28 20 be
416 879 136 28 guaranteed
560 882 22 17 to
589 884 44 20 any

42 913 138 28 respectable
198 916 64 23 party
280 911 101 22 desirous
400 908 25 21 of
445 907 96 26 treating
557 905 35 21 for
608 909 25 17 it.

43 942 28 26 If,
83 942 109 24 however,
201 940 23 20 in
235 943 155 21 consequence
399 935 25 20 of
436 934 37 21 the
482 933 68 21 above
558 933 75 26 public

43 973 42 19 act,
95 975 44 17 any
150 974 42 14 one
202 965 40 22 has
251 966 56 21 been
319 961 102 24 deterred
432 962 55 20 from
496 966 88 19 coming
589 960 45 19 for-

44 995 67 26 ward,
139 995 10 21 I
175 993 56 22 shall
257 991 55 22 hold
332 991 45 22 Mr.
402 989 31 22 St.
456 987 48 22 Hill
525 986 66 22 liable
610 992 23 14 in

447 1042 94 21 Robert
550 1039 56 23 Tod.

71 1075 145 27 Wellington,
227 1073 51 22 28th
291 1073 59 25 Oct.,
362 1072 61 21 1341.

289 1117 106 21 Bricks.

44 1154 141 50 BRICKS
197 1160 27 15 on
235 1152 45 22 sale
291 1152 30 26 by
331 1150 38 22 the
379 1146 157 29 undersigned,
553 1149 21 18 at
588 1146 45 20 60s.

120 1189 40 20 per
172 1180 60 22 1000.

71 1209 80 23 Terms
152 1219 28 4 —
183 1207 56 23 Cash
249 1213 29 15 on
289 1204 100 28 delivery
399 1206 23 18 at
431 1202 38 22 the
479 1202 53 21 kiln.

429 1230 8 5 '
454 1230 29 21 A.
503 1229 104 20 Ludlam.

74 1263 157 23 Willis-street,
242 1260 52 22 29th
305 1258 106 23 October.

86 1307 172 26 Wellington
267 1302 202 24 Horticultural
480 1299 115 25 Society.

45 1341 115 51 AMID
171 1340 38 21 the
219 1338 87 23 various
322 1337 64 28 plans
398 1335 71 22 which
480 1341 51 18 may
546 1332 26 22 be
585 1338 54 20 pro-

111 1368 71 26 posed
191 1373 22 15 to
231 1366 36 21 the
284 1363 176 24 considerations
480 1361 25 21 of
516 1360 37 21 the
571 1360 68 20 Colo-

45 1397 63 25 nists,
121 1396 84 25 having
214 1394 34 21 for
258 1392 57 22 their
329 1391 84 27 objects
429 1389 37 22 the
482 1387 157 26 development

46 1424 26 21 of
91 1423 37 21 the
144 1420 89 24 natural
251 1418 137 29 capabilities
399 1417 25 21 of
444 1416 43 21 this
503 1415 134 22 settlement,

47 1450 45 22 and
111 1450 38 21 the
170 1449 164 21 advancement
353 1445 26 21 of
395 1445 28 20 its
440 1445 132 25 prosperity,
592 1441 47 19 that

46 1484 95 21 appears
151 1479 59 18 most
224 1473 93 22 entitled
332 1477 23 16 to
365 1470 90 28 general
472 1468 78 28 legard
566 1468 73 20 which

47 1512 42 14 can
106 1504 63 21 unite
186 1503 30 20 all
230 1501 80 22 classes
325 1500 24 21 in
365 1506 42 14 one
425 1503 103 16 common
546 1498 91 23 pursuit,

47 1531 45 21 and
103 1533 144 19 concentrate
258 1528 57 21 their
325 1526 101 26 energies
434 1526 22 20 in
463 1523 37 22 the
509 1523 129 22 cultivation

48 1559 27 20 of
85 1558 38 22 the
134 1557 49 22 soil.
212 1555 78 22 Under
300 1554 43 22 this
353 1552 139 28 impression,
505 1557 12 15 a
532 1550 39 20 few
582 1549 58 20 indi-

47 1585 87 22 viduals
153 1584 58 21 have
227 1582 95 26 thought
338 1580 38 22 the
395 1582 89 24 present
499 1585 13 14 a
527 1576 112 21 favorable

48 1611 145 28 opportunity
200 1615 23 16 to
233 1608 105 23 establish
348 1615 14 14 a
372 1604 160 23 Horticultural
542 1604 96 25 Society,

48 1639 84 22 similar
143 1639 23 21 in
177 1639 27 19 its
214 1635 108 28 principal
329 1634 96 22 features
433 1637 22 17 to
465 1632 60 21 those
535 1631 105 20 Societies

48 1667 24 21 in
84 1667 71 21 Great
167 1663 91 27 Britain,
273 1663 41 21 but
324 1660 105 23 modified
445 1660 46 21 and
507 1657 93 28 adapted
618 1660 21 17 to

36 1701 2 7 1
49 1693 37 25 (lie
104 1697 70 17 wants
188 1692 25 20 of
231 1698 14 14 a
259 1697 50 14 new
327 1688 82 27 colony
416 1695 6 19 ;
445 1686 45 22 and
506 1686 51 26 they
570 1686 70 18 invite

34 1735 3 3 .
49 1720 57 25 their
115 1719 75 23 fellow
201 1717 110 23 Colonists
323 1719 22 18 to
357 1723 13 14 a
388 1714 82 24 cordial
487 1715 153 26 co-opevaUon

50 1748 25 22 in
86 1747 36 22 the
133 1746 58 28 good
203 1744 67 22 work.

77 1780 46 23 The
134 1778 148 28 subscription
293 1777 18 22 is
322 1775 59 23 fixed
390 1775 43 22 low
444 1775 88 28 enough
543 1779 22 19 to
575 1777 63 23 allow,

50 1808 64 22 those
125 1808 50 20 who
186 1813 36 15 are
233 1809 58 18 most
307 1803 87 22 limited
410 1803 23 21 in
450 1803 57 21 their
522 1811 78 14 means
619 1809 22 16 to

46 1836 50 27 join
107 1835 69 25 them,
186 1832 65 23 while
261 1832 30 27 by
302 1839 13 14 a
329 1830 107 24 donation
449 1830 24 21 in
484 1830 36 21 the
531 1831 47 20 fir.st
587 1839 55 19 year

49 1862 59 22 from
124 1862 64 21 those
205 1859 49 22 well
274 1858 91 21 wishers
383 1862 22 16 to
425 1857 38 20 the
484 1857 87 28 Society
592 1858 49 21 who

51 1890 71 21 desire
132 1893 23 17 to
165 1888 50 26 give
226 1884 123 24 additional
360 1884 78 27 vigour
454 1888 23 17 to
495 1884 57 21 their
569 1884 71 32 plans,

49 1916 19 22 it
83 1916 19 24 is
117 1915 74 28 hoped
207 1914 49 21 that
269 1920 13 17 a
297 1912 112 22 sufficient
424 1911 94 22 number
534 1912 25 21 of
571 1912 71 27 prizes

50 1950 53 20 may
113 1943 28 21 be
155 1941 83 23 offered
255 1944 24 17 to.
294 1940 113 23 stimulate
423 1938 37 21 the
478 1938 107 28 industry,
598 1939 44 22 and

50 1970 86 22 reward
153 1969 36 22 the
207 1968 112 22 exertions
336 1966 25 21 of
373 1965 37 22 the
426 1964 124 23 cultivator.
579 1966 63 27 They

51 1997 59 27 hope
124 1998 29 25 by
165 1997 103 25 frequent
278 1992 143 26 exhibitions,
432 1991 44 22 and
493 1992 37 21 the
540 1992 103 23 distribu-

52 2024 47 20 tion
111 2024 25 18 of
148 2028 120 20 premiums
278 2024 23 15 to
311 2019 74 20 excite
396 2018 37 21 the
445 2018 64 26 spirit
518 2020 26 20 of
555 2026 89 20 compe-

52 2049 72 25 tition,
136 2051 23 18 to
171 2050 71 18 create
254 2053 12 14 a
276 2046 71 21 desire
358 2048 23 18 to
395 2045 99 27 improve
510 2052 22 14 as
543 2046 66 21 much
619 2053 25 14 as

52 2074 96 29 possible
159 2074 38 21 the
206 2074 48 20 best
264 2072 105 23 varieties
385 2071 27 24 of
422 2072 127 26 vegetables
559 2079 50 15 now
619 2074 25 20 in

52 2102 38 21 the
110 2102 94 26 Colony,
221 2099 43 22 and
284 2103 23 18 to
326 2098 80 28 spread
425 2098 60 22 them
507 2100 137 30 extensively

52 2128 98 28 through
160 2128 39 21 the
216 2126 136 26 settlement,
364 2126 29 27 by
404 2125 108 27 directing
522 2126 62 22 those
595 2126 49 23 who

52 2163 52 20 may
115 2155 88 27 require
220 2154 98 26 supplies
335 2153 26 21 of
372 2152 51 22 seed
441 2156 25 19 to.
480 2153 37 21 the
527 2158 58 17 most
595 2161 49 14 suc-

53 2182 81 23 cessful
145 2182 135 21 cultivators.
311 2180 54 21 And
379 2179 65 22 while
461 2179 44 23 due
519 2188 49 14 care
578 2181 19 22 is
606 2181 39 21 be-

53 2209 84 22 stowed
147 2217 29 13 on
186 2208 38 21 the
240 2208 136 21 necessaries
393 2207 25 21 of
430 2206 45 27 life,
486 2207 52 29 they
548 2208 57 27 hope
615 2208 29 26 by

53 2237 62 21 these
126 2243 78 15 means
216 2234 47 22 that
273 2235 28 21 its
311 2234 125 27 elegancies
450 2241 53 20 may
513 2238 39 20 not
562 2235 27 21 be
600 2235 45 21 for-

52 2267 86 23 gotten,
150 2264 48 20 that
212 2262 37 21 the
264 2262 78 21 flower
357 2260 83 28 gardtn
458 2269 52 19 may
520 2262 88 23 receive
618 2262 28 21 its

54 2291 64 21 share
136 2290 26 21 of
174 2290 117 25 attention,
309 2288 46 21 and
371 2288 36 21 the
425 2289 85 26 pursuit
526 2290 23 21 of
569 2288 77 23 Horti-

54 2318 86 22 cxilture
150 2317 25 21 in
185 2316 29 22 all
224 2317 28 20 its
264 2316 110 21 branches
390 2323 52 19 may
452 2316 28 21 be
496 2316 116 26 promoted
624 2320 21 17 to

54 2345 37 21 the
102 2348 98 23 greatest
216 2344 86 26 degree.
332 2343 45 21 But
393 2343 70 20 above
480 2343 28 21 all
525 2344 53 26 they
588 2343 59 27 hope

54 2372 30 27 by
94 2372 94 21 suitable
200 2373 196 23 encouragement,
411 2369 43 22 and
466 2370 29 26 by
505 2370 81 21 annual
599 2378 48 19 pre-

55 2399 89 26 miums,
157 2403 22 16 to
190 2404 125 20 encourage
326 2404 83 19 among
416 2397 37 21 the
464 2397 116 27 labouring
590 2397 57 22 class

54 2426 38 22 the
103 2425 120 22 formation
240 2424 44 21 and
303 2424 130 21 cultivation
451 2424 26 21 of
488 2424 102 27 gardens,
602 2424 45 21 and

55 2453 48 21 that
113 2453 38 21 the
162 2452 127 27 operations
299 2451 26 21 of
337 2451 37 21 the
385 2451 88 27 Society
485 2459 52 19 may
548 2459 35 13 ere
593 2452 54 26 long

54 2479 99 28 produce
164 2480 27 20 its
202 2479 74 21 effects
285 2485 84 19 among
379 2478 66 26 them,
459 2479 23 20 in
493 2478 37 21 the
541 2479 49 21 trim
602 2479 45 21 and

54 2506 143 27 neatgarden
204 2506 149 26 surrounding
360 2505 37 21 the
404 2505 142 22 comfortable
553 2509 93 23 cottage,

55 2535 46 21 and
111 2535 49 20 that
171 2533 37 21 the
226 2533 103 21 labourer
345 2540 52 19 may
411 2532 47 22 find
475 2533 28 21 its
519 2533 130 21 attractions

56 2561 135 26 sufficiently
202 2563 76 23 strong
289 2563 21 18 *o
327 2566 90 20 engross
435 2559 33 22 his
483 2559 79 23 leisure
573 2560 74 26 hours,

56 2589 45 21 and
110 2588 58 27 keep
179 2588 45 20 him
235 2588 23 20 in
277 2587 37 21 the
331 2587 114 21 continual
463 2587 97 23 exercise
576 2587 26 21 of
612 2587 35 21 in-

57 2615 112 22 dustrious
179 2614 46 22 and
235 2617 123 24 temperate
369 2614 79 21 habits.

83 2648 64 28 They
158 2655 93 21 propose
261 2648 47 22 also
324 2648 30 27 by
364 2656 13 13 a
387 2649 69 20 union
475 2648 25 22 of
512 2648 62 21 those
590 2650 59 21 most

57 2676 96 23 devoted
164 2681 22 16 to
197 2676 36 21 the
244 2676 92 30 piirsuit,
346 2679 23 18 to
378 2675 116 22 introduce
506 2676 43 21 and
560 2679 90 20 natura-

56 2704 44 21 lize
110 2702 54 23 here
182 2703 61 22 those
259 2702 94 28 English
368 2703 62 21 fruits
447 2703 45 21 and
510 2703 63 21 other
587 2702 62 21 valu-

57 2731 50 23 able
118 2733 74 24 plants
208 2730 44 21 and
268 2729 86 22 flowers
373 2730 71 21 which
461 2737 37 14 are
513 2737 103 14 common
626 2730 23 20 in

57 2758 39 24 the
107 2757 116 27 adjoining
233 2756 105 27 colonies,
349 2757 41 21 but
407 2763 61 15 some
479 2756 24 22 of
515 2756 71 22 which
598 2756 52 27 only

35 2790 3 4 '
59 2791 37 15 are
108 2785 26 20 at'
139 2787 91 25 present
246 2784 150 26 occasionally
412 2787 22 18 to
450 2784 28 21 be
494 2787 47 18 met
557 2783 53 22 with
628 2784 23 20 in

59 2812 37 21 the
106 2812 96 26 gardens
214 2811 24 20 of
251 2818 40 14 our
301 2810 117 22 Colonists.

87 2845 85 26 La,»tly,
189 2844 21 22 if
221 2845 58 21 their
295 2844 67 22 funds
379 2845 45 21 will
440 2845 71 24 admit
526 2845 26 21 of
562 2845 24 26 it,
599 2844 52 27 they

58 2871 81 22 intend
158 2876 23 16 to
200 2871 54 22 offer
273 2873 122 26 premiums
414 2876 24 17 to
458 2872 62 21 those
540 2873 112 26 energetic

59 2906 100 19 persons,
172 2898 53 22 both
243 2899 121 27 capitalists
374 2899 44 21 and
431 2899 120 26 labourers,
565 2899 49 21 who
629 2898 22 21 in

60 2925 56 22 each
132 2933 54 20 year
201 2933 51 20 may
268 2926 60 21 clear
345 2926 38 21 the
399 2930 97 23 greatest
513 2926 101 27 quantity
631 2925 25 21 of

59 2951 61 28 laud,
132 2953 47 21 and
198 2953 47 21 who
263 2953 66 21 while
346 2953 53 26 they
416 2953 76 21 enrich
510 2953 141 26 themselves,

59 2987 52 20 may
120 2980 29 21 be
160 2980 131 21 considered
306 2980 39 21 the
361 2984 97 23 greatest
472 2980 139 21 benefactors
631 2983 22 19 to

59 3007 38 21 the
109 3007 96 27 Colony.

89 3041 20 21 A
120 3041 38 21 list
172 3041 26 21 of
209 3041 38 22 the
264 3045 91 23 present
371 3041 95 22 number
482 3041 25 21 of
518 3041 135 22 subscribers

59 3067 19 23 is
88 3067 128 28 published,
227 3069 44 21 and
288 3069 63 21 those
367 3069 48 21 who
433 3069 71 21 desire
520 3074 24 16 to
558 3068 96 22 forward

61 3095 63 21 these
134 3095 92 26 objects,
239 3102 36 14 are
286 3095 120 28 requested
416 3099 22 18 to
445 3095 56 22 send
512 3095 55 21 their
576 3102 78 14 names

38 3142 2 5 ,
60 3129 24 13 as
95 3121 62 27 early
167 3129 24 14 as
203 3122 94 27 possible
308 3127 23 17 to
339 3123 63 21 those
411 3123 119 27 appointed
538 3127 22 17 to
567 3122 87 22 receive

60 3147 69 28 them,
141 3147 49 23 that
200 3156 30 14 no
247 3149 53 21 time
318 3157 52 19 may
380 3150 27 21 be
425 3151 45 20 lost
484 3150 24 20 in
524 3149 131 27 organizing

61 3175 38 22 the
110 3176 97 26 Society,
219 3176 45 21 and
273 3177 25 20 in
308 3177 77 27 giving
393 3177 37 21 the
437 3181 96 22 greatest
539 3176 115 27 efficiency

63 3205 22 18 to
96 3201 59 23 their
165 3202 70 27 plans.

66 3248 2 6 ,
91 3229 144 28 Wellington,
245 3230 98 22 October
353 3232 33 25 28,
399 3232 60 20 1841.

96 3282 73 27 AJSS^
181 3275 164 34 (pAPTAIN
381 3276 148 26 MICHEL*.,
562 3275 26 22 of
618 3274 38 22 the

78 3298 96 34 oSSsO^
183 3307 38 16 v^
252 3304 33 20 St.
296 3304 78 23 Marie,
390 3303 83 27 hereby
484 3302 86 22 notifies
586 3305 21 18 to
618 3301 38 22 the

66 3334 111 21 fjgrnu»nr
193 3329 81 27 public,
286 3330 50 21 that
351 3330 29 22 he
391 3330 44 21 will
445 3334 39 17 not
500 3330 53 21 hold
567 3328 93 23 himself

63 3356 137 24 respensiole
209 3357 33 20 for
252 3363 44 21 any
304 3357 65 22 debts
379 3357 129 22 contracted
515 3357 28 27 by
548 3356 34 21 his
592 3363 64 15 crew.

92 3384 98 21 October
200 3384 33 24 27,
246 3385 59 21 1811.

182 3429 160 34 ptAPTAIN
364 3429 133 26 SUMNER,
515 3429 25 21 of
552 3428 36 22 the
608 3428 50 27 ship

68 3471 3 3 ■
79 3454 96 34 jfiijSfC^
184 3461 37 17 v--'
237 3457 65 26 Arab,
318 3457 45 21 will
373 3461 40 17 not
429 3457 25 21 be
471 3455 136 28 responsible
623 3455 35 21 for

194 3491 43 20 any
249 3484 62 21 debts
323 3483 130 24 contracted
462 3484 29 27 by
503 3485 33 20 nis
548 3490 63 14 crew.

78 3530 5 7 '
101 3538 72 24 *£§?■
184 3531 40 31 O
228 3528 118 23 APTAIN
355 3528 141 27 DAWSON,
505 3528 25 22 of
534 3528 36 21 the
576 3528 83 20 Amelia

92 3555 85 33 V2Ki©^
184 3559 40 20 \_y
243 3557 122 25 Thompson,
376 3556 44 21 will
431 3560 39 17 not
486 3556 27 21 be
524 3554 135 23 answerable

68 3598 17 14 rsa£pp£*r
80 3576 101 36 sa£pp£*
196 3586 34 20 for
240 3591 43 19 any
295 3584 63 20 debts
365 3582 104 22 incurred
478 3582 30 27 by
518 3582 34 21 his
562 3589 64 14 crew.

118 3639 51 16 *T-
186 3628 163 33 f^APTAIN/
366 3627 186 22 MATHIESON
566 3627 43 22 will
621 3629 40 19 not

87 3650 140 33 .s§isSkV_/'
252 3656 26 21 be
291 3654 135 23 answerable
437 3655 33 21 for
481 3662 43 20 any
535 3654 62 21 debts
607 3661 54 14 con-

38 3682 2 7 1
71 3676 113 38 J2sk§«»
200 3682 84 24 tracted
294 3682 37 26 by'
334 3682 38 20 the
383 3689 55 14 crew
450 3681 26 21 of
486 3682 36 21 the
534 3682 113 26 Qlydesidc.

209 3730 53 21 For
277 3727 61 21 Sale
355 3732 30 15 or
400 3727 118 24 Charter,

79 3759 109 37 s/jIQ&x
337 3762 52 26 fine,
407 3763 58 26 A'l,
484 3763 108 22 schooner
605 3763 56 21 Ade-

105 3784 104 38 fiE^Hk
233 3784 30 30 JL
300 3790 63 24 laide,
380 3790 92 27 Captain
489 3790 129 27 Hurburgh,
635 3792 27 20 96

75 3812 151 38 /^SgHcaffli
240 3823 50 18 tons
299 3817 100 28 register,
411 3814 65 24 st!ows
487 3824 12 14 a
514 3817 59 26 large
588 3824 73 20 cargo,

74 3839 118 39 gsJpsßpS
202 3857 25 14 m
241 3845 43 23 and
289 3845 42 25 has
336 3843 110 24 excellent
451 3844 210 25 accommodations,

74 3866 118 28 SjafiaaiSi
201 3866 26 33 jjr
242 3872 79 27 which,
336 3870 101 28 together
446 3870 53 22 with
510 3870 40 22 her
559 3871 43 21 fast
612 3871 51 21 sail-

68 3905 42 26 ing
115 3906 3 5 '
124 3903 111 28 qualities,
247 3899 79 28 adapts
334 3898 42 22 her
391 3897 48 22 well
448 3897 35 21 for
493 3897 37 22 the
543 3897 54 23 New
607 3897 57 22 Zea-

69 3930 55 23 land
134 3929 45 23 and
190 3927 102 26 Colonial
303 3926 72 24 trade.
404 3923 76 29 Apply
491 3927 22 19 to

459 3950 89 24 Willis
561 3951 21 23 &
596 3951 39 23 Co.

96 3983 147 29 Wellington,
254 3979 99 26 Ootober
362 3981 35 26 29,
409 3979 61 21 18H.
