3510 4600
72 207 93 29 dards
197 204 207 30 uninterfered
429 204 87 36 with,
546 207 56 29 and

71 249 52 28 the
147 245 145 40 youthful
316 245 101 30 minds
446 245 65 30 free
527 246 75 30 from

67 287 221 40 mythological
322 285 127 41 history.
518 287 31 30 It
577 289 25 29 is

67 327 173 40 commonly
284 327 117 38 argued
444 328 70 29 that
549 329 53 29 the

69 370 143 39 strength
237 369 58 29 and
319 369 89 38 glory
434 369 34 29 of
479 379 18 19 a
511 378 90 20 coun-

67 419 51 33 try
133 412 55 30 lies
212 412 31 28 in
267 410 51 30 the
346 409 198 40 intelligence
570 410 32 28 of

67 455 39 29 its
136 463 70 20 sons
235 452 60 30 and
333 450 180 40 daughters.
570 451 31 30 If

67 496 75 28 such
172 504 17 18 a
203 496 165 26 statement
396 502 57 18 can
482 492 37 28 be
547 501 54 19 re-

65 534 97 30 alized
178 534 34 30 of
223 543 18 19 a
252 534 106 28 nation
373 532 61 28 like
445 531 153 40 England,

67 576 75 29 with
158 576 38 29 its
212 574 156 31 hundreds
384 572 32 30 of
430 571 169 31 thousands

65 619 32 28 of
126 627 131 30 paupers
281 616 69 36 and,
387 614 79 30 until
488 612 110 32 within

65 659 53 30 the
144 659 60 30 last
222 659 85 38 forty
335 667 99 30 years,
455 656 42 29 its
521 666 76 29 very

65 704 87 27 scant
180 699 155 39 provision
363 698 132 30 towards
525 697 71 29 edu-

64 740 104 40 cating
206 739 53 29 the
297 747 85 31 poor,
404 767 2 3 .
433 746 46 21 we
516 737 80 30 have

63 791 109 21 reason
197 783 32 28 to
252 781 61 29 feel
339 779 101 40 proud
467 778 68 30 that
563 778 33 30 in

65 833 57 20 oar
137 821 130 40 adopted
291 823 140 38 country,
455 830 46 19 we
517 819 78 30 have

62 865 54 29 the
131 868 86 35 great
246 862 147 39 privilege
417 859 35 32 of
472 870 56 20 our
543 861 51 29 ed-

63 905 152 30 ucational
224 903 249 31 establishments
483 903 110 41 which,

62 946 25 29 it
102 947 26 27 is
144 945 148 38 sincerely
316 948 32 25 to
371 945 37 28 be
422 943 111 38 hoped,
561 943 32 29 in

58 996 91 25 -years
175 990 30 25 to
221 995 84 19 come
333 983 65 30 Will
412 982 61 30 add
487 992 19 20 a-

55 1026 266 40 r\espondingly
387 1023 206 32 additional

57 1068 144 37 strength
237 1067 60 27 and
332 1066 97 28 result
466 1065 31 27 in
539 1066 60 27 the.

55 1105 147 42 happiest
217 1116 118 30 augury
361 1105 133 30 towards
510 1114 82 23 man-

56 1137 90 44 kind.,
187 1148 39 31 In
253 1148 52 30 the
335 1146 71 32 wild
434 1146 98 30 desire
562 1141 31 36 io

59 1189 114 30 obtauiv
187 1190 53 29 the
259 1189 88 39 point
369 1188 32 30 of
425 1187 168 40 admitting

59 1232 53 27 the
128 1230 84 36 Iris^i
236 1230 82 29 Text
342 1229 89 30 Book
457 1229 66 29 into
540 1232 52 26 tne

60 1268 126 37 schools,
200 1268 46 31 *as
260 1269 52 30 the
326 1268 68 30 thin
408 1268 59 30 end
482 1268 32 29 of
539 1268 52 30 tht

58 1311 115 37 wedge,
210 1310 134 32 tiowards
372 1320 19 19 a
419 1319 83 21 more
538 1320 51 21 ex-

58 1350 324 40 tendeeMcnowledge'
396 1352 32 30 of
440 1350 54 31 the
508 1362 82 29 mys-

59 1395 92 28 teries
177 1395 33 28 of
223 1393 53 30 the
299 1392 97 35 Bible,
419 1402 57 20 one
490 1393 101 38 might

59 1436 182 38 reasonably
262 1434 63 31 ask.
327 1452 41 4 —
369 1434 32 32 Is
415 1434 63 30 this
503 1444 86 29 ques-

59 1475 64 28 tion
154 1475 51 29 the
230 1475 104 29 desire-
356 1475 31 28 of
428 1475 53 29 tlie
509 1483 82 21 com-

60 1517 121 36 munity
193 1519 33 26 at
241 1515 94 39 largej
351 1523 35 22 or
400 1516 26 30 is
441 1514 26 31 it
478 1514 111 41 simply

55 1557 54 30 the
139 1557 104 30 efforts
259 1557 31 30 of
305 1557 73 40 only
406 1567 20 21 a
452 1556 136 41 portion;

59 1599 102 29 whose
177 1599 62 29 sole
255 1598 58 30 aim
328 1599 26 29 is
379 1601 33 27 to
426 1598 165 30 assimilate

57 1640 82 28 their
175 1640 103 35 views,
306 1640 61 29 and
396 1639 118 40 compel
535 1639 52 29 the

58 1689 82 21 same
177 1682 33 28 to
248 1679 38 31 be
321 1680 111 39 taught
470 1689 32 21 as
537 1679 54 31 the

57 1720 153 41 principal
238 1720 57 32 end
333 1722 61 30 and
422 1721 110 40 design
560 1720 35 32 of

57 1763 41 28 all
127 1763 70 29 that
224 1764 27 29 is
279 1762 151 31 desirable
473 1762 33 30 in
528 1762 63 30 this

55 1803 54 29 life
118 1804 14 28 ?
154 1804 33 30 If
201 1814 42 25 so,
258 1814 163 20 numerous
436 1804 154 30 instances

55 1844 101 39 might
191 1844 37 30 be
265 1844 148 36 adduced,
450 1844 141 38 showing

55 1884 70 30 how
140 1886 52 28 the
221 1885 160 40 teachings
409 1886 33 29 of
466 1885 53 30 the
533 1896 54 19 so=

55 1926 100 29 called
172 1926 102 30 divine
306 1928 67 29 writ
387 1936 51 21 are
462 1926 127 31 diamet-

53 1968 112 38 rically
182 1968 136 38 opposed
340 1970 32 27 to
386 1967 52 30 the
453 1968 61 29 end
528 1968 61 30 and

55 2008 115 39 objects
198 2008 32 31 of
243 2008 54 31 the
326 2008 161 31 unlimited
510 2008 79 40 maj-

55 2051 103 29 orities
187 2050 32 29 of
243 2050 52 30 the
324 2051 124 39 peoples
477 2051 32 29 of
537 2051 53 30 the

55 2091 99 28 world.
200 2091 83 28 Take
297 2091 48 28 for
359 2092 148 34 instance,
532 2102 57 18 one

59 2135 128 33 extract,
313 2136 56 26 not
381 2143 42 30 up
438 2136 153 26 treasures

55 2174 49 28 for
133 2174 186 39 yourselves,
341 2185 41 18 on
535 2174 54 30 &c.

55 2215 88 29 when
173 2224 39 20 on
237 2225 94 30 every
359 2214 84 32 hand
470 2225 47 20 we
540 2225 50 20 see

53 2256 110 37 people
186 2256 73 38 ouly
286 2259 33 27 to
344 2266 92 29 eager
464 2260 31 27 to
511 2256 79 31 seize

53 2306 82 28 upon
165 2305 62 30 any
265 2296 81 39 good
384 2295 69 31 that
495 2296 93 30 offers

53 2347 39 18 an
109 2336 196 31 inducement
327 2340 33 28 to
379 2341 124 36 greater
518 2336 72 41 hap-

52 2378 113 38 piness,
187 2378 59 35 for.
279 2378 213 40 undoubtedly
513 2379 27 30 it
563 2379 27 30 is

53 2429 39 19 an
107 2418 143 31 inherent
260 2419 89 30 truth
365 2420 50 30 for
426 2420 163 40 humanity

52 2463 33 24 to
109 2470 147 18 conserve
284 2461 42 27 all
351 2461 75 37 they
449 2461 139 37 possibly

53 2509 56 20 can
123 2498 47 31 for
199 2500 247 42 self-happiness.
489 2500 33 32 If
535 2500 53 33 the

52 2542 130 30 benefits
196 2542 32 29 of
241 2541 89 32 Bible
348 2543 145 40 teaching
507 2554 81 21 were

53 2593 33 20 as
107 2583 135 40 precious
258 2594 34 20 as
315 2584 27 30 is
366 2584 122 40 sought,
503 2588 33 27 to
551 2584 38 31 be

52 2624 207 38 represented,
293 2626 71 30 how
391 2625 112 40 stupid,
527 2625 60 31 and

52 2663 87 31 blind
154 2664 108 41 people
289 2668 84 28 must
390 2667 36 29 be
448 2665 70 31 who
533 2665 55 31 fail

52 2709 34 27 to
100 2705 72 32 take
194 2706 174 41 advantage
396 2707 35 31 of
453 2717 34 21 so
502 2707 85 31 cher-

52 2747 87 31 ished
174 2758 18 20 a
227 2752 148 26 treasure.

93 2788 64 31 The
197 2789 156 32 ministers
392 2790 33 31 of
458 2791 130 40 religion

50 2829 79 29 have
144 2830 52 29 the
220 2831 148 40 privilege
394 2832 34 27 of
441 2832 148 39 teaching

51 2869 53 29 the
133 2869 88 31 ]sible
248 2871 33 28 in
316 2871 120 30 schools
458 2872 27 28 if
513 2873 75 38 they

51 2911 110 30 choose
188 2915 33 27 to
250 2922 91 30 carry
368 2916 56 26 out
451 2913 54 31 the
528 2913 61 31 law

52 2952 32 30 of
118 2953 53 29 the
215 2958 123 35 present
382 2953 206 31 Educational

51 2996 60 34 act,
150 2995 58 29 but
236 2995 82 30 their
346 2995 243 31 non-fulfilment

51 3035 171 29 constrains
244 3045 38 19 us
305 3038 33 26 to
365 3037 141 29 consider
520 3037 69 29 that

51 3075 53 30 the
133 3075 136 31 sacrifice
305 3076 35 30 of
358 3076 81 31 their
465 3076 74 32 time
562 3077 27 30 is

50 3116 33 30 of
96 3127 82 19 more
204 3118 192 39 importance
424 3118 78 30 than
526 3118 62 30 dis-

54 3158 185 40 seminating
437 3160 94 29 views
556 3159 34 30 of

50 3199 165 30 matchless
402 3200 106 29 before
535 3200 55 29 the

51 3239 145 39 youthful
220 3239 165 30 inheritors
408 3240 34 29 of
470 3241 56 35 sin,
557 3240 32 29 in

55 3290 55 20 our
141 3280 104 40 public
274 3280 133 35 schools,
443 3280 39 30 In
512 3291 79 20 con-

53 3322 127 34 clusion,
224 3332 46 19 we
306 3321 146 41 honestly
484 3322 105 38 admit,

51 3362 25 30 if
104 3362 88 30 Bible
231 3363 127 40 reading
395 3363 34 29 in
486 3362 107 31 school

53 3403 100 30 would
182 3404 140 30 alleviate
351 3403 53 31 the
438 3404 154 41 supposed

52 3444 93 30 social
166 3444 199 39 degeneracy,
399 3445 62 30 and
497 3454 96 29 prove

54 3495 37 19 j>d
114 3484 142 32 effectual
279 3495 134 30 panacea
447 3485 34 31 in
509 3484 85 33 rede-

55 3527 102 38 eming
181 3527 53 30 the
260 3527 156 31 wretched
444 3532 32 26 to
518 3527 75 40 hap-

54 3567 120 38 piness;
196 3568 52 30 the
270 3569 162 30 miserable
454 3572 34 26 to
528 3568 65 41 joy;

55 3607 54 28 the
141 3607 93 30 fallen
260 3610 33 27 to
319 3609 120 36 virtue;
461 3609 55 29 the
540 3617 54 30 ag-

58 3647 100 30 nostic
179 3650 33 28 to
234 3649 108 36 belief;
365 3650 62 30 and
450 3650 52 30 the
525 3649 62 31 sin-

57 3699 67 19 cere
170 3689 80 38 hope
300 3690 33 30 of
383 3701 18 20 a
457 3690 137 41 glorious

58 3734 162 25 enterance
250 3731 66 30 into
337 3732 139 35 another,
506 3731 61 30 and
576 3741 19 20 a

56 3770 101 29 better
193 3771 97 30 world
314 3771 74 31 than
443 3772 72 37 this,
553 3773 42 39 by

60 3809 42 29 all
123 3820 104 20 means
259 3822 90 29 carry
382 3816 56 26 out
470 3823 34 20 so
526 3814 66 28 des-

57 3849 96 31 irable
164 3861 18 18 a
204 3851 115 40 project
340 3852 47 32 for
410 3852 53 32 the
478 3852 116 32 benefit

62 3891 32 28 of
123 3891 146 41 suffering
317 3894 173 40 humanity.
544 3894 48 30 On

62 3931 52 30 the
126 3932 86 30 other
234 3933 90 37 hand,
345 3936 26 28 it
380 3936 28 29 is
429 3945 164 23 necessary

61 3977 32 24 to
109 3972 37 30 be
160 3976 53 27 not
229 3984 103 30 weary
349 3976 32 29 in
400 3976 71 30 well
490 3975 104 39 doing,

62 4012 59 29 and
142 4013 66 40 pity
228 4014 47 31 tis'
295 4016 68 30 that
384 4016 54 31 the
459 4016 135 30 referen-

62 4052 73 31 dum
166 4054 26 30 is
222 4060 54 26 not
309 4057 68 36 law,
411 4068 33 20 so
476 4058 71 29 that
577 4067 17 20 a

64 4096 139 36 question
224 4096 33 29 of
285 4098 76 31 such
403 4098 192 40 importance

64 4135 90 30 could
177 4137 38 29 be
237 4139 101 40 easily,
363 4139 61 30 and
447 4139 148 31 satisfac-

64 4176 93 39 torily
178 4178 117 30 settled.

100 4344 70 24 THE
180 4346 181 28 CURRENCY
375 4349 186 29 QUESTION.

98 4426 31 25 In
138 4426 41 26 the
190 4427 136 28 Economic
336 4430 99 28 Science
448 4431 50 26 and
508 4430 89 27 Statis-

67 4466 46 24 tics
125 4467 89 25 section
227 4470 26 23 at
272 4469 43 25 the
327 4470 105 26 'British
444 4469 154 27 Association

67 4504 112 32 meeting,
188 4513 45 17 one
240 4514 74 24 paper
320 4509 65 31 read,
398 4508 149 32 prophesied
555 4508 43 25 the

634 197 149 25 destruction
796 197 25 26 ol
841 197 50 25 free
910 196 178 27 international
1101 196 68 26 trade

634 235 32 32 by
678 237 41 23 the
730 237 162 23 continuance
904 236 26 24 of
946 238 48 23 two
1005 236 164 31 independent

634 275 127 31 monetary
774 274 139 25 standards.
960 274 24 25 If
1006 274 41 25 the
1069 276 100 29 present

633 312 120 23 situation
765 312 26 23 of
801 312 42 23 the
857 320 117 22 currency
983 313 116 29 question
1111 320 56 17 con-

632 351 86 25 tinued
727 351 38 25 for
777 360 14 17 a
803 355 108 27 century,
920 351 19 25 it
951 351 82 26 would
1045 361 68 16 sever
1125 352 43 24 the

631 392 76 24 world
719 392 54 24 into
785 393 48 23 two
845 392 146 30 completely
1000 392 167 31 independent

630 431 49 25 and
691 431 276 30 non-communicating
979 431 94 28 circles,

630 471 72 30 using
720 470 64 24 East
795 470 50 24 and
854 470 58 31 gold
923 470 75 31 using
1115 470 52 24 The

628 508 64 23 East
700 508 82 23 would
794 515 31 23 go
836 510 32 19 its
892 515 56 15 own
965 515 62 23 way,
1045 508 50 21 and
1123 508 43 22 the

629 544 68 26 West
708 544 78 25 would
799 544 29 23 be
841 544 46 23 left
909 545 26 23 to
958 545 153 24 reconstruct
1133 546 32 23 its

627 584 128 27 shattered
771 586 92 29 system
875 583 57 25 how
943 584 48 24 and
1014 584 61 25 with
1098 584 68 25 what

626 625 99 25 friction
738 624 50 25 and
799 624 51 25 loss
863 624 22 25 it
907 624 88 31 might.
1042 624 53 25 The
1118 632 47 18 one

628 665 69 26 State
708 666 26 23 to
744 664 75 25 suffer
830 664 32 31 by
883 664 62 25 such
968 672 14 17 a
1005 664 113 32 cleaving
1140 665 25 24 of

625 704 42 25 the
680 702 78 26 world
772 703 108 24 asunder
891 701 82 25 would
995 701 29 24 be
1037 702 125 32 England,

625 743 32 31 by
668 743 80 29 losing
759 741 44 26 her
814 741 110 30 position
944 748 27 17 as
988 741 42 24 the
1042 745 85 21 centre
1139 742 27 24 of

624 782 43 25 the
680 780 147 30 exchanges.

658 814 54 24 The
734 816 60 22 next
805 821 75 23 paper
899 812 122 25 defended
1043 812 44 25 the
1105 812 57 32 gold

624 851 120 27 standard
766 851 37 26 for
825 851 126 31 England.
1000 850 162 25 Bimetallists

623 891 101 33 pointed
744 892 26 24 to
792 891 44 25 the
856 889 140 33 depression
1008 889 28 24 of
1055 889 107 32 agricul-

623 934 64 26 ture,
705 931 49 25 and
773 931 84 24 traced
868 930 57 25 that
946 929 177 31 phenomenon
1135 932 27 22 to

622 971 43 24 the
677 963 89 37 cheap*
773 969 80 24 wheat
864 967 93 32 poured
975 968 54 24 into
1041 967 119 31 England

621 1007 33 33 by
677 1007 159 31 silver-using
870 1005 131 30 countries,
1041 1004 47 26 but
1107 1012 54 18 un-

621 1047 152 31 fortunately
784 1047 39 25 for
834 1047 70 25 those
916 1047 145 30 arguments
1076 1046 21 24 it
1109 1054 51 16 was

620 1083 93 27 Russia
724 1084 50 26 and
785 1084 137 30 Argentina
945 1083 82 25 which
1040 1084 42 22 did
1095 1084 64 28 that,

621 1126 50 26 and
681 1125 21 25 it
725 1132 49 18 was
786 1124 58 31 only
867 1131 14 17 a
892 1131 60 24 very
975 1122 72 26 small
1059 1131 100 24 propor-

620 1167 53 25 tion
700 1165 57 25 that
794 1172 72 18 came
898 1164 65 25 from
999 1164 161 31 silver-using

619 1204 133 26 countries.
787 1203 79 28 Thus,
884 1203 50 24 last
946 1209 59 24 year
1017 1202 73 24 India
1102 1204 56 23 sent

619 1249 48 22 five
679 1247 96 23 million
787 1247 69 23 cwts.
869 1246 28 24 of
906 1246 88 26 wheat,
1012 1245 45 24 but
1066 1245 94 25 Russia

620 1286 55 24 sent
687 1284 132 25 seventeen
842 1280 97 26 million
960 1282 68 24 cwts.
1052 1280 49 25 and
1113 1282 45 24 Ar-

619 1325 102 33 gentina
744 1324 109 26 thirteen
876 1322 98 26 million
1003 1323 67 24 cwts.
1106 1321 52 26 The

620 1367 54 24 vast
695 1372 70 18 mass
793 1364 26 24 of
844 1362 126 33 imported
998 1362 160 32 agricultural

618 1404 117 32 products
762 1410 67 17 came
852 1402 64 24 from
941 1400 145 33 gold-using
1108 1400 50 25 and

620 1444 159 33 paper-using
800 1442 132 26 countries.
984 1441 72 30 How,
1087 1441 69 30 then,

619 1481 81 26 would
723 1481 44 24 tlie
798 1480 118 30 adoption
948 1479 26 24 of

619 1521 90 26 benefit
732 1519 150 32 agriculture
892 1520 14 23 ?.

653 1561 54 26 The
729 1560 67 27 third
819 1559 154 26 contributor
996 1560 26 23 to
1045 1558 43 29 the
1109 1559 48 24 dis-

619 1600 100 26 cussion
742 1598 127 27 exhibited
902 1605 49 18 one
955 1600 18 13 v
973 1597 28 26 6f
1020 1597 45 25 the
1102 1604 55 18 new

619 1640 95 26 British
737 1640 74 25 silver
833 1638 92 25 dollars
938 1637 48 24 -for
1010 1637 147 25 circulation

619 1684 26 25 in
657 1683 43 26 the
711 1682 64 26 East
794 1688 28 20 as
833 1687 31 20 an
884 1680 82 32 object
976 1682 83 24 lesson
1071 1687 33 18 on
1116 1681 41 24 the

619 1723 69 25 effect
711 1721 28 26 of
755 1729 16 17 •>
793 1720 90 33 falling
904 1719 129 32 exchange
1052 1719 28 25 in
1102 1726 55 25 pro-

619 1761 95 31 moting
735 1761 108 24 Eastern
867 1759 50 25 and
940 1757 134 33 Argentine
1094 1766 63 17 com-

618 1800 106 32 petition
730 1798 63 25 with
800 1798 43 24 the
852 1797 95 24 British
954 1795 203 32 manufacturing

617 1838 49 23 and
688 1835 161 32 agricultural
871 1834 122 30 industry.
1029 1832 54 26 The
1101 1833 56 25 coin

617 1878 22 24 ig
650 1877 145 32 practically
817 1875 44 25 the
885 1882 67 18 same
975 1881 28 18 as
1025 1882 15 16 a
1062 1871 94 26 British

619 1915 162 32 five-shilling
802 1915 76 32 piece,
895 1914 47 25 but
964 1914 22 24 it
1002 1914 23 24 is
1045 1911 112 33 supplied

618 1958 26 23 to
654 1955 43 26 the
720 1954 64 25 East
803 1955 26 23 at
847 1953 77 25 about
936 1953 37 23 2s.
997 1952 42 24 2d.
1050 1952 41 24 for
1113 1950 44 24 the

617 1994 120 32 payment
756 1992 27 25 of
801 1999 90 24 wages,
916 1991 77 29 rents,
1012 1988 50 27 and
1085 1989 72 24 other

618 2035 119 26 elements
760 2033 27 25 in
821 2032 48 30 the,
887 2032 54 24 cost
965 2030 26 25 of
1010 2028 146 33 production

618 2075 76 27 there,
712 2073 74 25 while
797 2072 44 25 the
850 2070 108 33 English
969 2069 187 26 manufacturer

619 2114 46 25 and
678 2113 92 25 farmer
791 2113 23 25 is
826 2112 106 30 charged
956 2112 36 23 ss.
1005 2110 38 24 for
1062 2110 22 23 it
1101 2117 29 15 as
1141 2117 16 14 a

618 2159 86 19 means
727 2151 27 26 of
763 2150 92 31 paying
874 2148 96 27 similar
981 2150 76 23 costs.

653 2191 110 26 Another
785 2189 155 26 Bhnetallist
963 2188 123 29 followed,
1104 2188 53 24 who

619 2231 137 27 contended
779 2231 62 29 that,
861 2228 96 33 though
980 2228 72 26 silver
1071 2224 85 35 might

619 2280 91 24 appear
720 2272 27 23 in
769 2271 101 30 Europe
889 2271 28 23 to
927 2269 65 25 have
1011 2267 91 27 shared
1113 2267 44 25 the

618 2309 102 33 general
729 2308 54 29 fall,
800 2306 45 27 the
856 2306 109 32 posiiioa
978 2312 51 18 was
1040 2304 117 25 different

617 2351 22 25 if
645 2351 59 31 they
715 2348 91 26 turned
817 2352 26 20 to
859 2347 45 25 the
915 2346 74 26 East.
1023 2344 54 26 The
1088 2345 68 25 stan-

618 2390 62 25 dard
703 2389 71 25 there
795 2395 50 18 was
868 2387 82 28 silver,
979 2386 50 24 and
1045 2385 33 25 its
1099 2393 56 23 pur-

617 2428 103 31 chasing
730 2433 82 26 power
821 2433 57 18 oxer
890 2424 74 26 silver
974 2424 47 25 has
1030 2422 125 26 remained

617 2466 195 31 approximately
824 2462 89 27 stable.
938 2463 38 25 To
988 2470 16 17 a
1016 2461 140 27 Chinaman

616 2517 27 19 or
665 2516 16 18 a
692 2508 124 33 Japanese
827 2507 40 25 his
890 2504 74 27 silver
974 2512 91 25 money
1077 2511 78 26 repre-

617 2549 67 25 sents
696 2548 44 26 the
751 2554 70 19 same
831 2553 28 19 as
877 2546 21 25 it
920 2544 43 26 did
978 2544 95 33 twenty
1084 2550 72 26 years

617 2595 57 25 ago.
703 2586 53 25 The
767 2584 110 33 English
888 2584 95 26 farmer
993 2582 55 26 who
1059 2581 98 26 wanted

616 2638 15 14 a
643 2627 125 31 sovereign
779 2625 51 25 had
842 2628 26 21 to
891 2624 55 32 give
968 2624 48 25 two
1037 2623 71 25 sacks
1132 2621 27 27 of

617 2665 82 26 wheat
710 2664 81 25 where
808 2669 48 18 one
875 2662 62 24 used
960 2663 27 23 to
999 2660 93 31 suffice,
1110 2661 47 23 but

616 2707 43 24 the
677 2704 92 26 Indian
791 2706 55 30 ryot
865 2702 58 27 who
934 2700 125 27 wanted.*
1081 2708 76 25 rupee

616 2746 50 25 had
677 2747 26 23 to
727 2744 54 33 give
800 2751 34 18 no
857 2750 70 19 more
951 2741 28 26 of
987 2741 41 26 his
1050 2741 107 32 produce

617 2787 63 25 than
690 2785 91 29 before,
799 2784 50 25 and
868 2783 38 25 his
925 2790 77 24 rupee
1013 2781 83 26 would
1106 2781 51 32 buy

616 2825 25 24 in
654 2827 59 22 turn
724 2831 28 18 as
771 2830 78 23 many
867 2821 27 26 of
903 2821 43 25 the
968 2819 151 26 necessaries
1132 2819 27 26 of

616 2867 43 25 life
670 2875 27 16 as
708 2865 21 25 it
740 2863 83 27 would
834 2871 15 17 a
861 2862 146 33 generation
1019 2868 55 25 ago.
1103 2861 54 24 The

616 2906 73 26 effect
699 2904 51 26 had
770 2903 63 26 been
845 2904 27 25 to
895 2908 138 26 encourage
1056 2901 43 25 the
1110 2901 47 24 im-

617 2944 126 33 portation
755 2943 25 25 of
791 2941 98 32 foreign
899 2940 107 32 produce
1021 2939 54 26 into
1087 2938 70 33 Eng-

616 2984 69 31 land,
704 2983 50 25 and
772 2984 27 24 to
819 2981 89 26 render
925 2980 167 31 increasingly
1112 2978 45 27 dif-

617 3022 78 28 ficult,
718 3022 43 23 the
784 3019 157 31 exportation
953 3018 28 26 of
1000 3017 158 31 English'in-

617 3058 107 27 dustrial
746 3056 118 34 products
884 3057 26 25 to
932 3055 44 26 th«
998 3054 73 28 East.
1106 3054 53 26 The

617 3102 154 26 Lancashire
791 3101 186 24 manufacturer
999 3099 56 25 who
1066 3098 94 26 wished

619 3143 25 24 to
667 3140 44 25 sell
723 3139 44 25 hie
790 3137 77 34 goods
886 3138 29 24 in
937 3137 68 30 Asia,
1030 3144 50 18 was
1102 3144 57 18 con-

618 3179 95 27 fronted
733 3179 63 25 with
818 3178 45 26 the
886 3184 118 18 converse
1031 3176 128 33 difficulty,

618 3225 27 18 as
657 3217 45 25 the
725 3216 166 26 Chiiaman's
903 3215 81 24 dollar
1003 3215 159 30 represented

619 3261 26 21 to
656 3257 55 24 him
730 3255 153 31 unchanged
902 3255 81 24 value.
1019 3254 42 24 He
1071 3254 23 24 is
1117 3256 45 24 not

619 3294 115 32 disposed
757 3294 27 25 to
796 3292 55 33 give
873 3299 71 18 more
964 3291 77 25 silver
1064 3291 39 26 for
1121 3291 41 26 his

619 3339 62 26 yarn
692 3339 27 17 or
730 3331 70 25 cloth
809 3331 64 24 than
883 3330 92 29 before,
993 3329 47 24 but
1052 3329 111 25 whereas

620 3372 41 24 the
672 3369 81 26 dollar
772 3368 63 25 used
846 3371 27 22 to
892 3369 31 24 be
934 3366 82 27 worth
1038 3368 30 24 4s
1079 3367 20 24 it
1111 3374 51 18 was

621 3418 54 18 now
697 3408 80 27 worth
797 3409 60 31 only
877 3409 29 24 2g
919 3407 41 30 Id,
990 3415 27 17 so
1039 3407 57 24 that
1120 3407 43 26 the

621 3447 109 33 English
753 3446 190 24 manufacturer
972 3445 57 24 who
1052 3445 63 23 used
1137 3448 26 21 to

622 3486 50 32 get,
690 3492 51 25 eay,
761 3485 53 29 11b,
838 3491 54 18 now
904 3487 44 28 got
971 3485 29 22 5s
1021 3482 40 31 Bd,
1110 3481 53 26 The

622 3524 71 26 effect
715 3524 47 24 has
790 3522 123 32 naturally
936 3521 62 25 been
1038 3522 27 24 to
1088 3521 75 25 check

623 3565 77 24 trade.

792 3739 204 25 DOMESTICS.

625 3808 50 31 (By
702 3806 69 31 Lady
796 3805 76 29 Cook,
890 3813 47 17 nee
965 3805 142 24 Tennessee
1136 3802 18 26 C

656 3845 98 31 Daring
776 3845 45 25 the
849 3845 71 29 reign
950 3844 29 25 of
998 3844 44 24 the
1063 3845 102 29 present

623 3885 114 31 dynasty,
762 3881 158 33 eighty-nine
942 3880 62 26 Acts
1026 3879 27 26 of
1070 3879 95 26 Parlia-

623 3924 72 25 ment
706 3922 65 25 have
785 3924 62 23 been
865 3920 89 34 passed
976 3921 109 24 between
1100 3920 63 26 1721

624 3963 49 25 and
696 3963 64 26 1876
784 3962 28 24 in
823 3961 44 25 the
897 3961 106 24 interest
1025 3959 26 25 of
1060 3959 43 25 the
1126 3959 38 24 in-

623 4002 106 25 dustrial
751 4001 114 25 workers.
913 4000 40 24 Sir
982 3999 92 24 Robert
1096 3999 68 30 Peel,

623 4043 28 24 in
675 4041 75 29 1802,
779 4039 89 34 passed
893 4040 45 24 the
959 4039 57 24 first

625 4081 93 26 Health
731 4081 51 24 and
802 4080 92 25 Morals
1006 4078 52 25 and
1076 4086 27 17 so
1125 4078 39 24 in-

623 4121 115 25 initiated
760 4120 36 25 all
830 4120 70 25 these
935 4118 137 26 successive
1094 4118 70 24 lawn.

625 4161 54 25 The
697 4160 142 32 apprentice
860 4161 101 30 system,
989 4157 65 25 until
1077 4157 61 25 then
1150 4165 15 16 a

625 4199 52 24 sort
688 4197 26 25 of
724 4197 98 25 limited
840 4196 105 31 slavery,
1026 4194 94 25 broken
1133 4194 32 31 by

625 4237 51 26 this
700 4236 55 30 Act,
782 4236 50 24 and
853 4236 51 24 free
923 4233 88 26 labour
1033 4241 52 18 was
1109 4231 55 27 sub-

626 4275 112 26 stituted.
772 4274 60 28 But,
858 4273 74 25 when
955 4273 44 25 the
1010 4280 86 24 young
1117 4279 48 23 op-

625 4314 106 27 eratives
754 4321 62 18 were
842 4313 75 32 again
947 4311 140 33 oppressed,
1126 4311 39 25 Sir

628 4353 94 24 Robert
744 4352 50 24 and
816 4352 41 24 his
881 4359 45 17 son
961 4358 69 17 came
1052 4351 26 23 to
1101 4349 64 25 their

626 4391 73 23 relief
708 4389 61 25 with
783 4390 42 23 the
1055 4387 27 24 of
1091 4387 74 23 1819.

627 4428 79 26 Other
722 4428 137 31 important
871 4426 60 24 Acts
947 4424 117 26 followed
1074 4423 38 25 for
1123 4422 42 26 the

627 4468 139 34 protection
778 4467 27 25 of
814 4466 117 34 youthful
942 4466 109 26 workers
1072 4473 28 17 as
1110 4464 55 25 well

628 4516 27 18 as
668 4508 91 29 adults,
787 4507 45 25 but
844 4508 20 24 it
884 4514 51 18 was
954 4508 47 24 not
1023 4505 66 25 until
1102 4504 63 25 1842

1198 202 54 26 that
1275 203 61 32 girls
1360 202 49 26 and
1442 210 85 25 young
1556 210 96 18 women
1675 211 61 18 were

1197 242 140 30 prohibited
1349 242 61 25 from
1433 242 108 31 working
1562 242 72 24 down
1646 242 27 24 in
1694 242 42 25 the

1198 285 54 24 coal
1264 285 89 30 mines,
1366 285 83 25 where
1461 285 59 32 they
1540 292 62 18 were
1614 285 122 32 degraded

1197 325 25 21 to
1235 323 43 23 the
1289 323 109 29 position
1416 323 26 23 of
1460 323 81 23 beasts
1561 323 25 22 of
1598 322 104 24 burden.

1229 362 61 23 This
1318 360 186 32 working-class
1527 359 141 32 legislation
1691 360 45 24 has

1195 400 118 31 provided
1336 401 93 25 certain
1452 400 137 31 protection
1613 400 49 24 and
1682 408 52 16 am-

1195 438 130 25 elioration
1337 438 39 24 for
1395 446 73 24 every
1480 438 92 25 section
1596 438 27 25 of
1632 439 102 24 manual

1195 478 114 32 industry
1329 478 46 25 but
1397 486 55 17 one.
1487 478 26 25 It
1536 478 46 25 has
1605 478 129 31 regulated

1195 517 41 21 the
1249 522 53 24 age,
1322 518 41 21 the
1376 516 139 27 education,
1534 516 50 21 and
1596 516 42 22 the
1658 516 74 21 hoars

1194 551 26 24 of
1230 551 43 25 the
1285 552 116 29 workers,
1414 551 50 24 and
1475 551 104 25 insisted
1588 558 33 18 on
1633 553 99 23 various

1194 591 109 32 sanitary
1342 591 145 32 provisions.
1555 591 72 25 Even
1666 591 66 26 their

1193 630 94 24 morals
1315 630 64 24 have
1409 631 26 23 to
1462 637 71 18 some
1562 631 84 23 extent
1669 630 62 25 been

1193 667 72 25 cared
1288 668 43 24 for.
1367 668 50 24 But
1429 668 42 24 the
1494 668 116 31 excepted
1633 668 64 25 class
1709 669 21 24 is

1192 706 43 25 the
1258 706 91 32 largest
1370 708 26 23 of
1419 707 42 30 all,
1491 707 51 25 and
1565 708 41 24 the
1628 708 102 24 comfort

1191 746 27 24 of
1229 746 43 25 the
1284 746 80 25 whole
1376 753 77 24 upper
1473 746 50 25 and
1534 746 94 24 middle
1640 743 90 28 classes

1191 783 28 24 of
1234 783 33 25 all
1280 783 99 33 degrees
1399 791 58 25 may
1469 783 32 25 be
1524 783 53 26 said
1598 786 26 23 to
1636 783 94 33 depend

1191 831 67 24 upon
1281 825 28 23 it.
1346 823 44 26 We
1412 823 65 26 refer
1499 826 26 23 to
1547 825 120 25 domestic
1679 833 50 17 ser-

1190 863 82 29 vants,
1292 861 131 33 especially
1444 863 25 24 to
1482 863 88 24 female
1589 863 139 25 domestics.

1191 899 75 25 Their
1277 900 35 25 lot
1324 900 45 25 has
1392 900 92 32 always
1504 900 63 25 been
1579 908 16 17 a
1618 901 112 31 peculiar

1189 947 55 17 one.
1280 939 69 32 They
1360 940 75 24 -have
1455 948 74 17 never
1551 940 63 25 been
1635 941 94 24 treated

1189 979 61 24 with
1271 979 44 24 the
1327 979 45 23 full
1383 979 146 32 reciprocity
1538 979 88 30 which
1639 980 90 25 should

1189 1017 64 25 exist
1264 1017 108 25 between
1384 1018 125 31 employer
1527 1018 50 24 and
1589 1018 138 33 employed,

1188 1056 47 24 and
1259 1056 178 32 consequently
1465 1056 69 26 there
1556 1057 46 25 has
1628 1058 62 24 been
1713 1065 16 17 a

1189 1094 66 32 large
1266 1096 103 23 amount
1389 1095 27 24 of
1433 1087 162 33 restlessness
1616 1096 50 24 and
1678 1096 49 25 dis-

1188 1136 102 24 content
1311 1134 83 26 which
1416 1135 47 25 has
1482 1136 61 24 been
1565 1136 162 32 unprofitable

1188 1177 25 23 to
1236 1175 149 26 themselves
1409 1176 50 24 and
1489 1179 26 23 to
1538 1176 92 26 others.
1677 1177 50 25 Not

1187 1216 58 31 only
1257 1216 22 25 is
1302 1216 21 25 it
1334 1216 109 28 difficult,
1463 1217 149 31 now-a-day,
1638 1225 37 17 we
1687 1225 40 17 are

1187 1256 60 28 told,
1267 1258 25 21 to
1313 1258 41 28 get
1374 1259 64 26 good
1457 1259 120 25 servants,
1605 1256 45 24 but
1664 1258 21 22 it
1704 1258 23 23 is

1187 1294 68 25 often
1278 1294 79 25 found
1391 1293 105 27 difficult
1520 1296 24 23 to
1562 1315 3 2 .
1579 1294 61 33 keep
1661 1296 64 24 them

1188 1332 71 26 when
1282 1334 50 30 got.
1357 1333 42 28 .In
1422 1340 34 18 no
1478 1334 70 25 other
1567 1333 97 33 regular
1687 1341 38 19 oc-

1186 1371 116 33 cupation
1310 1380 42 17 are
1375 1372 42 25 the
1435 1373 104 32 charges
1562 1381 28 17 so
1602 1374 122 31 frequent,

1186 1413 50 24 and
1248 1414 42 24 the
1301 1420 103 25 average
1416 1413 96 31 periods
1524 1413 26 25 of
1561 1416 164 30 engagement

1186 1459 27 17 so
1226 1451 76 29 short,
1315 1460 27 17 as
1353 1453 28 23 in
1403 1452 121 26 domestic
1548 1453 100 25 service.
1683 1453 42 25 All

1187 1491 67 24 want
1266 1494 26 21 to
1315 1491 31 24 be
1358 1491 219 29 school-teachers,
1586 1491 136 29 barmaids,

1187 1530 88 29 clerks,
1305 1538 27 17 or
1355 1531 122 31 anything
1497 1531 49 25 else
1569 1531 85 25 rather
1664 1531 61 25 than

1249 1570 26 23 to
1286 1569 116 32 service.,'
1439 1569 46 25 We
1498 1577 100 25 propose
1619 1571 26 24 to
1656 1571 70 31 point

1186 1611 45 23 out
1242 1609 42 25 the
1304 1618 73 16 cause
1389 1609 27 26 of
1434 1609 51 26 this
1508 1611 64 24 state
1584 1611 24 24 of
1631 1610 93 33 things,

1186 1650 49 24 and
1246 1651 27 24 to
1293 1652 102 29 suggest
1415 1658 15 17 a
1449 1650 109 31 remedy.
1605 1650 9 29 ';

1218 1688 153 27 Blackstone
1393 1695 65 25 says,
1655 1692 70 29 great

1186 1727 117 33 religions
1326 1728 26 24 in
1376 1728 95 31 private
1492 1727 45 25 life
1555 1735 50 23 are,
1630 1727 96 26 Master

1185 1768 50 24 and
1247 1770 106 26 servant,
1372 1768 115 25 husband
1499 1768 49 25 and
1560 1768 63 29 wife,
1635 1769 90 31 parent

1185 1806 50 24 and
1407 1806 54 24 The
1483 1806 74 25 word'
1571 1808 91 22 master
1684 1815 40 15 ex-

1184 1844 46 23 ists
1241 1844 27 23 in
1288 1844 36 23 all
1346 1845 117 22 northern
1482 1845 146 29 languages.
1663 1844 61 24 Vos-

1184 1883 63 24 gitus
1259 1881 97 26 derived
1366 1882 21 24 it
1398 1881 65 26 from
1474 1881 44 26 the
1538 1881 75 26 Latin
1626 1881 97 32 'magis'

1184 1922 103 31 greater,
1317 1929 29 17 or
1374 1921 44 26 the
1437 1921 90 29 Greek,

1183 1961 116 30 greatest.
1334 1959 69 25 Both
1425 1959 101 28 Master,
1550 1959 49 24 and
1610 1959 34 26 its
1661 1959 62 25 fem-

1183 1997 69 25 inine
1287 1997 138 30 Maistress,
1452 2005 29 18 or
1508 1997 124 28 Mistress,
1656 2005 68 17 come

1184 2037 110 32 through
1313 2037 44 26 the
1378 2037 105 25 French.
1521 2037 105 26 Servant
1646 2037 22 25 is
1680 2037 44 26 the

1184 2077 145 26 correlative
1341 2077 50 26 and
1402 2085 84 18 comes
1509 2077 65 25 from

1184 2118 51 26 and
1251 2118 52 26 this
1315 2119 75 30 again
1405 2119 64 25 from
1619 2122 15 20 a
1647 2119 75 25 slave.

1184 2159 59 30 But,
1262 2166 28 18 as
1312 2158 151 26 Blackstone
1481 2166 65 24 says,
1673 2157 50 27 and

1183 2204 89 25 proper
1295 2197 98 31 slavery
1416 2196 59 26 does
1486 2198 53 29 not,
1558 2204 51 25 nay
1620 2198 102 27 cannot,

1185 2237 92 25 subsist
1299 2237 28 25 in
1548 2237 31 25 In
1602 2237 43 25 the
1667 2236 57 26 first

1183 2285 59 23 year
1265 2276 27 26 of
1301 2276 109 26 Edward
1432 2276 47 26 VI.
1489 2295 6 11 ,
1523 2284 15 18 a
1560 2278 94 24 statute
1672 2284 50 18 was

1183 2314 89 33 passed
1281 2313 58 27 that
1414 2313 51 27 idle
1477 2314 142 32 vagabonds
1631 2314 91 26 should

1184 2355 30 26 be
1233 2354 73 26 made
1325 2353 87 31 slaves,
1439 2353 51 27 and
1509 2353 41 27 fed
1562 2361 66 25 upon
1647 2354 76 26 bread

1183 2395 50 25 and
1244 2396 86 28 water,
1355 2403 27 17 or
1401 2395 75 25 small
1494 2394 75 25 drink
1580 2394 50 26 and
1641 2394 82 26 refuse

1183 2436 67 25 meat
1262 2444 6 21 ;
1298 2434 90 26 should
1410 2441 66 18 wear
1503 2442 16 17 a
1539 2434 56 32 ring
1622 2435 28 24 of
1666 2434 56 26 iron

1183 2476 81 24 round
1273 2475 66 24 their
1350 2475 84 26 necks,
1452 2482 75 20 arms,
1546 2483 28 16 or
1585 2474 53 31 legs
1648 2483 6 20 ;
1673 2476 49 24 and

1183 2512 91 27 should
1285 2512 29 26 be
1325 2511 136 33 compelled
1472 2512 33 33 by
1513 2510 110 35 beating,
1636 2511 84 26 chain-

1182 2554 52 33 ing,
1264 2561 28 18 or
1315 2552 140 30 otherwise,
1496 2554 26 25 to
1544 2554 111 31 perform
1677 2552 45 28 the

1183 2592 68 27 work
1268 2592 115 32 assigned
1395 2591 79 29 them,
1493 2599 64 18 were
1574 2592 22 25 it
1607 2599 76 18 never
1694 2599 28 18 so

1289 2632 53 25 But
1360 2640 28 17 so
1399 2632 122 32 repulsive
1543 2639 52 18 was
1613 2632 52 25 this
1675 2632 47 25 law

1183 2671 97 32 against
1291 2671 44 25 the
1441 2669 149 25 abandoned

1183 2711 55 26 that
1256 2711 43 25 the
1319 2709 207 33 freedom-loving
1548 2709 70 33 spirit
1636 2709 27 26 of
1678 2709 44 26 the

1183 2751 110 33 English
1304 2750 87 33 people
1402 2749 90 26 caused
1503 2749 21 26 it
1535 2751 27 24 to
1571 2749 30 26 be
1613 2750 109 32 repealed

1183 2794 27 24 to
1221 2799 71 25 years
1300 2791 72 26 after.
1407 2789 183 31 Nevertheless,
1602 2790 121 25 domestic

1184 2829 93 26 service
1299 2828 151 32 approaches
1473 2836 67 17 more
1562 2828 86 32 nearly
1670 2829 27 25 to
1708 2836 16 17 a

1183 2881 60 23 very
1265 2871 61 25 mild
1338 2870 96 32 slavery
1454 2871 70 28 than,
1541 2871 114 31 perhaps,
1674 2878 50 24 any

1185 2909 72 26 other
1274 2907 156 33 occupation.

1218 2949 32 26 In
1261 2948 120 33 England
1399 2949 49 24 and
1468 2948 87 26 Wales
1574 2949 28 24 at
1613 2947 44 26 the
1677 2947 49 26 last

1186 2990 103 29 Census,
1308 2989 43 26 the
1374 2989 64 26 total
1459 2988 108 26 number
1590 2989 27 25 of
1638 2989 88 25 indoor

1185 3027 133 25 domestics
1336 3027 73 25 alone
1430 3034 51 18 was
1494 3027 143 28 1,444,694.
1672 3026 55 26 The

1186 3064 80 26 males
1284 3062 96 28 formed
1402 3062 60 34 only
1486 3064 92 31 58,527
1600 3062 28 27 of
1648 3062 78 31 these,

1186 3106 45 24 the
1241 3112 99 18 wemen
1352 3104 50 25 and
1422 3104 62 31 girls
1494 3104 77 32 being
1583 3105 143 28 1,886.167.

1187 3145 64 25 Now
1261 3144 44 26 the
1317 3144 95 26 Census
1423 3147 99 22 returns
1533 3144 39 25 for
1581 3146 65 24 1871
1659 3144 69 32 gives

1189 3186 135 29 1,186,485
1347 3192 99 18 women
1469 3184 51 25 and
1543 3184 114 26 children
1680 3191 46 18 en-

1187 3224 79 33 gaged
1287 3224 28 26 in
1339 3224 34 26 all
1393 3224 74 26 kinds
1489 3224 29 26 of
1526 3224 203 31 manufacturing

1188 3265 96 27 labour,
1310 3263 131 30 including
1461 3263 79 30 dress,
1549 3285 4 2 .
1567 3271 30 17 or
1619 3262 77 26 about
1714 3271 15 17 a

1189 3305 101 31 quarter
1301 3303 28 25 of
1346 3311 16 17 a
1373 3302 99 26 million
1491 3302 50 26 less
1562 3302 64 26 than
1639 3302 41 26 the
1691 3302 38 25 in-

1190 3344 59 24 door
1271 3342 119 26 domestic
1419 3343 109 25 servant.

1225 3381 40 26 All
1294 3381 73 24 know
1395 3380 57 25 that
1487 3380 65 25 from
1586 3380 89 26 fifteen
1703 3382 27 24 to

1191 3415 93 31 twenty
1295 3414 23 24 is
1337 3414 44 25 the
1392 3414 68 24 most
1479 3413 149 32 interesting
1639 3416 54 29 part
1705 3414 26 24 of

1191 3455 16 16 a
1223 3448 121 23 woman's
1366 3445 52 24 life.
1452 3445 26 24 It
1500 3446 22 23 is
1538 3446 43 24 the
1603 3446 84 29 period
1703 3448 28 23 of

1191 3480 72 31 hope,
1280 3478 28 26 of
1317 3476 111 34 physical
1439 3476 51 26 and
1512 3477 92 25 mental
1615 3476 114 33 develop-

1191 3513 78 29 ment,
1282 3511 58 29 and,
1353 3511 76 26 above
1440 3511 42 28 all,
1500 3509 28 26 of
1535 3511 61 24 love.
1631 3510 100 33 During

1191 3546 53 26 this
1255 3544 83 33 peiiod
1358 3544 44 26 the
1412 3543 82 26 whole
1513 3551 97 18 woman
1629 3551 60 24 may
1699 3543 31 26 be

1192 3578 55 26 said
1258 3580 27 23 to
1296 3578 31 25 be
1349 3576 103 31 formed,
1471 3576 80 25 either
1568 3577 41 24 for
1629 3577 65 31 good
1702 3584 28 17 or

1191 3612 39 24 for
1240 3610 58 25 evil.
1332 3610 28 23 If
1367 3617 38 16 we
1427 3610 108 30 enquire,
1548 3609 69 23 what
1635 3617 41 15 are
1687 3610 43 23 the

1191 3643 141 25 conditions
1354 3641 80 25 under
1456 3640 83 26 which
1562 3641 113 25 servants
1687 3648 42 18 us-

1191 3675 68 34 ually
1270 3675 59 29 lire,
1355 3683 35 17 we
1414 3673 66 27 shall
1490 3674 46 26 not
1557 3673 31 26 be
1604 3672 126 33 surprised

1191 3712 28 22 to
1226 3710 74 24 know
1311 3708 57 25 that-
1391 3716 32 16 an
1443 3708 193 24 advertisement
1659 3706 38 26 for
1714 3714 16 18 a

1191 3742 95 31 factory
1296 3741 56 32 girl,
1360 3740 99 26 willcall
1466 3739 68 26 forth
1541 3747 16 18 a
1564 3739 114 25 husdred
1686 3746 43 24 ap-

1191 3774 117 32 plicants,
1317 3774 83 24 where
1418 3780 47 17 one
1483 3772 63 25 fora
1567 3773 100 24 servant
1677 3772 53 25 will

1191 3807 86 31 barely
1294 3807 30 24 be
1347 3805 128 25 answered
1494 3807 27 22 at
1543 3805 42 24 all.
1632 3805 31 24 In
1686 3805 44 24 the

1191 3840 56 23 first
1256 3840 78 30 place,
1343 3839 44 22 the
1395 3838 156 30 factory-girl
1567 3838 21 23 is
1600 3837 93 29 spoken
1705 3837 26 24 of

1191 3879 28 17 as
1232 3878 15 17 a
1501 3869 45 26 the
1566 3868 80 30 other,
1659 3887 3 3 •
1676 3876 28 17 as
1715 3877 14 15 a

1191 3913 16 16 a
1219 3904 114 24 '-mental
1506 3902 53 26 The
1571 3901 159 33 factory-girl

1192 3937 46 25 has
1250 3937 45 25 her
1303 3935 82 26 stated
1395 3935 77 25 hours
1492 3935 28 25 of
1529 3935 68 25 work
1607 3934 50 26 and
1668 3935 63 24 time

1191 3970 39 25 for
1252 3968 94 26 herself
1353 3977 6 21 ;
1389 3968 44 26 the
1457 3970 121 23 servant's
1590 3968 77 24 hours
1690 3974 41 17 are

1191 4002 131 31 arbitrary,
1342 4002 50 24 and
1415 4002 44 23 she
1470 4009 76 16 never
1557 4001 86 23 knows
1654 4000 75 24 when

1191 4035 44 24 she
1247 4035 46 24 has
1305 4034 72 25 done.
1412 4033 50 25 The
1470 4031 153 34 facfory-girl
1630 4032 46 24 has
1684 4039 47 17 one

1191 4066 165 32 half-holiday
1383 4067 28 25 in
1430 4066 44 26 the
1504 4066 77 29 week,
1613 4066 48 24 and
1688 4064 44 26 the

1192 4107 81 25 whole
1284 4106 27 26 of
1330 4106 101 31 Sunday
1439 4114 6 21 ;
1475 4106 41 25 the
1529 4106 97 25 servant
1647 4105 58 31 only
1717 4111 15 18 a

1193 4146 45 24 few
1249 4146 76 24 hours
1348 4146 174 31 occasionally,
1552 4153 29 17 or
1592 4152 15 17 a
1627 4146 58 30 part
1707 4142 27 26 of

1192 4193 15 15 a
1220 4185 104 31 Sunday
1335 4185 138 27 afternoon,
1487 4193 28 16 or
1526 4184 124 30 morning,
1664 4186 26 23 to
1701 4191 32 23 go

1192 4220 108 32 Church,
1325 4229 74 24 every
1410 4220 122 33 fortnight
1545 4228 28 18 or
1594 4228 37 17 so.

1816 203 22 25 A
1849 202 123 27 BANK'S
1993 203 129 27 DUTIES
2136 204 42 26 TO
2198 204 56 27 ITS

1960 244 155 25 CLIENTS.

1798 308 39 25 Mr
1856 310 96 24 Justice
1976 310 111 32 Holroyd
2111 310 47 24 and
2178 318 14 16 a
2201 310 58 33 jury
2279 311 24 23 of

1764 347 37 25 six
1833 356 59 18 were
1924 349 115 31 occupied
2062 350 25 25 in
2117 350 43 26 the
2184 350 119 31 Supreme

1764 385 83 32 Court,
1874 387 121 32 Bendigo,
2023 387 119 32 recently,
2160 387 105 32 hearing
2287 397 16 16 a

1762 433 57 17 case
1842 427 106 32 brought
1971 427 32 32 by
2027 427 137 32 Montague
2184 428 76 31 Levy,
2287 437 14 15 a

1762 464 105 25 licensee
1896 466 27 24 of
1960 466 43 25 the
2045 466 140 25 Shamrock
2214 466 85 30 Hotel,

1761 505 100 29 against
1872 504 44 25 the
1927 506 85 23 Uuion
2031 506 73 24 Bank
2116 506 27 25 of
2160 507 139 27 Australia,

1760 541 120 33 claiming
1899 543 97 29 £1,000
2009 543 118 33 damages
2146 544 39 25 for
2197 543 57 26 libel
2273 544 25 25 in

1760 578 43 26 the
1831 579 121 33 wrongful
1992 581 183 32 dishonouring
2209 582 27 24 of
2261 582 38 25 his

1759 619 93 32 cheque
1863 619 38 25 for
1914 620 37 24 £3
1964 620 37 25 9s.
2014 621 82 24 which
2115 620 33 26 he
2158 621 60 31 paid
2229 624 26 23 to
2266 621 32 25 L.

1760 656 146 30 Steinwehr,
1919 658 27 24 of
1964 658 156 29 Melbourne,
2139 666 33 18 on
2184 659 42 25 the
2238 660 61 24 10th

1758 694 27 25 of
1794 695 65 24 June
1871 694 58 30 last,
1946 696 27 23 in
1993 696 146 24 settlement
2158 696 28 24 of
2203 704 15 16 a
2230 698 73 23 trade-

1758 736 113 21 account.
1908 732 52 25 The
1981 733 95 29 cheque
2096 741 52 16 was
2167 734 87 24 drawn
2265 742 33 16 on

1757 771 42 25 the
1811 770 88 27 bank's
1911 771 98 33 printed
2027 771 73 29 form,
2118 771 111 33 plaintiff
2239 772 60 25 hav-

1757 809 44 32 ing
1813 817 33 17 an
1858 812 105 22 account
1974 810 28 24 in
2014 809 43 25 the
2077 809 66 26 local
2153 809 96 26 branch
2259 809 39 26 for

1759 847 140 31 collection,
1913 848 51 24 and
1976 856 14 16 a
2001 848 48 32 day
2060 856 28 16 or
2099 849 47 24 two
2155 847 143 27 afterwards

1757 885 20 24 it
1789 892 51 18 was
1863 885 117 25 returned
1991 888 26 22 to
2040 885 52 25 him
2103 885 62 25 with
2187 894 16 17 a
2214 887 84 25 notice

1757 925 26 23 to
1817 923 44 25 the
1894 923 126 32 following
2053 924 72 24 effect
2196 924 101 33 Cheque

1756 958 91 34 lodged
1858 961 38 24 for
1918 961 128 25 collection
2065 969 32 17 on
2109 970 63 23 your
2192 969 106 19 account

1751 999 51 26 •has
1815 999 60 26 been
1886 1000 121 25 returned-
2014 1001 99 31 unpaid,
2127 1001 54 25 and.
2187 1004 106 23 amount

1756 1040 46 25 has
1824 1039 63 26 been
1910 1040 86 32 placed
2009 1042 24 23 to
2056 1040 68 26 debit
2136 1040 27 26 of
2183 1049 62 24 your
2256 1049 40 18 ac-

1755 1081 76 21 count
1842 1080 52 23 this
1910 1080 55 30 day.
2001 1080 41 23 Mr
2064 1080 81 30 Levys
2157 1081 94 29 cheque
2262 1081 34 24 U.

1756 1116 62 25 B.A.
1831 1117 35 24 £3
1891 1118 36 23 9s.
1948 1115 120 27 enclosed.
2104 1115 62 26 This
2189 1119 107 24 account

1755 1165 56 16 now
1823 1157 91 24 closed.
1950 1157 73 25 Eefer
2035 1159 26 23 to
2073 1157 41 25 Mr
2255 1157 41 26 Mr

1756 1197 130 29 Coldham,
1905 1197 38 25 for
1962 1197 43 25 the
2026 1197 82 29 Bank,
2127 1198 92 31 argued
2238 1198 58 26 that

1755 1235 71 24 there
1838 1243 50 17 was
1910 1243 30 16 no
1960 1235 216 30 dishonourment,
2203 1243 28 18 as
2252 1236 44 25 the
2302 1233 2 7 '

1754 1272 95 31 cheque
1861 1280 51 15 was
1924 1274 45 21 not
1991 1273 131 30 presented
2134 1274 28 21 at
2172 1273 44 23 the
2228 1273 66 23 Ben-

1754 1311 56 33 digo
1824 1311 100 29 branch,
1951 1312 81 24 where
2045 1312 80 31 ample
2146 1312 75 25 funds
2232 1319 62 18 were

1755 1353 24 24 to
1791 1352 91 32 Levy's
1893 1352 77 24 credit
1982 1354 25 23 to
2020 1353 62 23 meet
2092 1352 30 24 it.
2138 1360 5 6 =
2157 1352 55 25 The
2222 1352 73 25 Bank

1753 1397 52 18 was
1816 1389 81 25 under
1918 1397 35 17 no
1976 1390 136 32 obligation
2136 1392 26 22 to
2184 1390 114 32 -plaintiff

1753 1431 26 24 to
1802 1432 101 29 present
1928 1430 44 25 the
2004 1431 92 31 cheque
2119 1432 27 23 at
2170 1430 123 33 Bendigo,

1753 1470 96 30 though
1877 1470 68 25 there
1976 1470 88 30 might,
2087 1470 64 25 hate
2182 1470 64 26 been
2279 1480 15 15 a

1754 1505 91 26 breach
1868 1505 28 26 of
1915 1505 61 34 duty
2006 1506 108 25 towards
2146 1506 147 26 Steinwehr.

1753 1546 143 33 Regarding
1926 1547 42 25 the
2002 1546 68 30 libsl,
2099 1546 33 26 he
2154 1547 140 26 contended

1753 1585 56 25 that
1826 1585 44 25 the
1892 1586 84 25 notice
1998 1587 27 24 to
2049 1585 141 26 Steinwehr
2210 1593 49 18 was
2280 1593 15 18 a

1753 1625 134 32 privileged
1910 1626 219 25 communication.
2173 1625 41 25 Mr
2231 1625 63 29 Box,

1752 1663 39 24 for
1802 1663 43 26 the
1866 1663 116 31 plaintiff,
2012 1663 54 25 said
2077 1663 33 25 he
2131 1663 83 24 would
2218 1663 76 32 rdrop

1753 1701 44 26 the
1819 1703 77 24 count
1918 1701 28 26 in
1970 1703 42 25 the
2042 1702 87 32 plaint,
2146 1702 102 27 relative
2267 1704 27 24 to

1753 1741 211 31 dishonourment,
1995 1741 43 26 but
2061 1741 92 32 argued
2177 1741 55 26 that
2251 1741 43 26 the

1752 1780 112 33 plaintiff
1884 1785 51 21 Was
1965 1780 105 26 entitled
2094 1781 26 24 to
2144 1780 150 25 substantial

1753 1819 116 32 damages
1869 1827 1 15 :
1892 1820 48 24 foif
1941 1819 76 25 libel.
2053 1820 48 24 His
2124 1820 91 24 Honor
2226 1827 67 17 sum-

1752 1858 58 23 med
1822 1865 34 24 up
1866 1858 26 23 in
1910 1858 87 23 favour
2009 1858 26 23 of
2056 1858 43 23 the
2110 1858 116 31 plaintiff,
2244 1858 50 23 and

1753 1896 64 26 after
1828 1896 75 33 bsing
1913 1896 88 26 locked
2021 1905 33 24 up
2066 1897 39 25 for
2125 1904 34 17 an
2169 1897 64 25 hour
2245 1897 49 24 and

1752 1943 31 19 a.
1790 1935 61 31 half,
1870 1936 44 25 the
1925 1936 57 33 jury
2002 1934 135 26 intimated
2159 1934 56 26 that
2237 1934 57 32 they

1753 1983 60 18 were
1825 1975 179 32 unanimously
2021 1975 35 25 in.
2070 1975 89 25 favour
2170 1974 28 25 of
2208 1982 16 17 a
2240 1981 53 18 ver-

1753 2015 50 26 dict
1823 2016 39 25 for
1873 2013 44 28 the
1936 2015 116 32 plaintiff,
2077 2014 50 25 and
2144 2014 84 25 would
2239 2014 55 32 gire

1752 2061 15 17 a
1778 2053 143 26 five-sixths
1941 2061 33 17 on
1986 2053 44 26 the
2050 2053 117 31 question
2186 2051 28 26 of
2223 2052 70 25 dam-

1752 2101 66 25 ages.
1853 2093 69 26 Both
1942 2093 66 25 sides
2019 2093 91 32 agreed
2131 2095 27 22 to
2181 2091 58 26 take
2250 2092 44 25 the

1751 2131 94 28 verdict
1857 2131 105 27 without
1981 2132 106 32 waiting
2106 2132 44 25 tbt
2169 2133 124 29 statutory

1751 2176 63 23 tern?
1828 2173 28 26 of
1875 2174 71 25 three
1968 2173 87 26 hours.
2091 2173 53 25 Tlie
2164 2173 57 32 jury
2232 2171 62 26 then

1751 2214 148 25 announced
1930 2213 56 26 that
2018 2213 62 32 they
2113 2213 115 25 assessed
2250 2212 43 25 the

1751 2252 119 31 damages
1882 2253 26 24 at
1929 2252 80 25 £350.
2010 2265 34 5 —
2045 2252 126 24 Taranaki
2182 2251 106 24 Herald.

1824 2482 51 30 CO
1885 2481 353 34 RRESPONDENCE.

1751 2534 69 22 Wliile
1830 2538 39 16 our
1877 2533 93 21 column*
1979 2538 37 15 are
2023 2538 52 21 open
2085 2535 21 18 to
2115 2533 33 21 all
2165 2538 30 16 we
2213 2534 27 19 do
2258 2533 39 21 not

1779 2572 92 27 identify
1877 2572 103 20 ourselves
1984 2570 313 27 withanyopinionsexprested

1778 2610 89 20 therein.

1820 2656 34 23 To
1866 2656 38 23 the
1924 2656 90 24 Editor
2024 2657 32 25 of
2062 2656 38 24 the
2119 2660 7 10 '
2138 2656 120 25 Observer.

1785 2716 83 26 Sir.—
1868 2716 15 25 l
1900 2716 81 26 notice
1993 2716 28 25 in
2046 2715 43 26 the
2109 2716 84 33 report
2218 2716 28 25 of
2254 2716 28 26 M

1749 2759 112 26 Buddo's
1872 2760 110 32 meeting
1999 2759 27 25 at
2037 2758 94 26 Oxford
2150 2759 136 34 appearing
2286 2762 13 17 r

1752 2806 28 24 in
1792 2812 62 25 your
1871 2805 67 26 issue
1950 2805 28 24 of
1987 2805 43 24 the
2054 2804 63 25 14th
2127 2805 61 24 inst.
2201 2802 40 26 Mr
2263 2802 33 26 G.

1754 2846 34 23 A.
1801 2845 87 24 White
1907 2845 77 24 asked
2002 2844 70 25 what
2091 2844 52 25 had
2164 2843 45 26 the
2228 2843 67 25 Gov-
2300 2839 1 13 1

1752 2885 116 24 eminent
1885 2883 65 25 done
1972 2882 39 26 for
2033 2882 113 25 Oxford?
2163 2881 50 26 and
2236 2888 65 33 ans-j

1752 2923 79 25 wered
1853 2924 43 24 the
1918 2922 118 33 question
2068 2921 33 33 by
2132 2921 88 32 saying
2239 2920 53 27 alas

1752 2961 116 33 nothing,
1886 2969 28 18 as
1942 2961 33 26 he
1986 2961 143 26 considered
2141 2960 44 26 the
2204 2959 93 34 Ashley

1754 2999 81 34 Gorge
1856 3000 108 26 sections
1987 3001 44 24 not
2058 2999 31 26 fit
2117 2999 38 25 for
2182 2999 114 32 working

1754 3048 67 16 men.
1856 3039 63 24 Now
1931 3039 14 23 I
1956 3039 83 24 would
2048 3039 51 24 like
2110 3041 27 22 to
2155 3039 74 24 know
2241 3039 57 24 who

1754 3076 46 26 but
1811 3076 111 33 working
1944 3085 60 17 men
2027 3076 81 26 would
2126 3075 31 27 be
2177 3074 77 34 likely
2272 3076 26 25 to

1755 3115 58 25 take
1835 3123 34 24 up
1893 3116 76 24 small
1992 3115 108 25 sections
2123 3115 62 25 such
2205 3123 28 17 as
2253 3114 45 26 the

1756 3153 93 33 Ashley
1873 3153 83 33 Gorge
1979 3153 89 26 Estate
2090 3153 23 25 is
2133 3154 44 25 cut
2199 3161 42 24 up.
2250 3153 28 24 in
2286 3153 13 26 t

1758 3191 91 33 Surely
1868 3199 35 18 no
1926 3200 59 16 man
2006 3191 28 25 in
2056 3191 41 25 his
2121 3199 85 18 senses
2216 3191 83 26 would

1756 3231 37 29 be.
1799 3231 77 31 likely
1898 3232 28 25 to
1936 3231 59 26 take
2017 3238 35 24 up
2075 3232 34 26 60
2127 3238 28 19 or
2176 3233 31 25 70
2230 3238 69 18 acres

1756 3269 131 31 anywhere
1921 3269 28 24 in
1973 3268 43 26 the
2039 3268 207 31 neighbourhood
2274 3268 26 25 of

1758 3306 102 28 Oxford,
1872 3307 113 25 however
1996 3306 65 32 good
2082 3306 44 26 the
2142 3306 61 26 land
2216 3306 83 33 might

1757 3346 36 26 be,
1813 3345 60 32 (and
1884 3346 52 24 this
1947 3345 62 25 land
2020 3345 22 25 is
2054 3344 147 32 admittedly
2212 3344 85 33 good,)

1757 3384 60 24 with
1828 3384 43 24 the
1893 3383 55 25 idea
1959 3383 28 25 of
2007 3382 101 32 making
2119 3391 15 17 a
2152 3383 81 31 living
2254 3384 45 24 out

1757 3422 28 23 of
1793 3421 21 24 it
1835 3421 106 24 without
1962 3421 90 24 work?

1791 3460 136 24 Whatever
1948 3460 42 23 Mr
2008 3460 86 24 White
2105 3468 59 22 may
2187 3460 81 27 think,
2278 3460 21 23 it

1757 3506 59 26 goes
1838 3499 107 26 without
1967 3501 89 31 saying
2075 3500 57 25 that
2150 3506 75 26 many
2256 3507 42 25 ap-

1757 3538 126 32 preciated
1903 3539 44 24 the
1965 3538 84 25 action
2072 3537 28 26 of
2120 3538 45 25 the
2188 3537 110 36 Govern^

1758 3578 67 23 ment
1837 3577 25 23 in
1881 3577 100 31 cutting
1991 3584 34 24 up
2037 3576 44 25 the
2104 3576 93 32 Ashley
2216 3577 83 31 Gorge

1756 3617 80 21 estate
1858 3624 29 15 as
1915 3616 50 23 the'
1980 3615 109 25 number
2111 3616 29 24 of
2159 3617 140 30 applicants

1756 3653 39 25 for
1817 3654 43 24 the
1886 3655 107 24 sections
2015 3655 111 25 showed.
2161 3655 53 26 The
2239 3656 60 31 only

1757 3694 141 36 pity_about
1917 3695 23 26 it
1960 3695 102 35 is^tbat
2082 3695 44 26 the
2146 3697 80 24 estate
2249 3704 50 19 was

1757 3735 45 24 not
1813 3734 81 32 larger
1905 3742 29 18 so
1945 3734 57 26 that
2013 3735 35 25 all
2072 3735 77 25 could
2161 3736 64 25 have
2236 3735 63 26 been

1757 3772 112 25 satisfied
1891 3772 57 26 who
1971 3774 97 24 desired
2090 3774 44 24 the
2157 3774 66 24 land.
2253 3774 46 24 We

1757 3811 35 25 all
1809 3813 82 31 regret
1902 3812 66 29 that,
1988 3812 51 25 and
2056 3814 155 31 sympathise
2238 3814 60 24 with

1757 3852 72 23 those
1851 3852 57 23 who
1927 3859 63 16 were
2018 3854 179 21 unsuccessful.

1790 3888 41 25 Mr
1841 3888 88 27 White
1952 3889 54 26 also
2028 3897 103 24 appears
2151 3890 148 25 dissatisfied

1757 3928 101 25 because
1870 3928 44 25 the
1937 3928 65 25 bush
2023 3928 62 25 land
2097 3930 27 25 at
2146 3929 44 26 the
2201 3929 52 25 foot
2275 3930 27 24 of

1757 3967 89 24 Mount
1875 3967 96 25 Oxford
1993 3975 52 17 was
2073 3970 47 23 not
2149 3968 95 32 opened
2265 3977 34 23 up

1757 4004 39 25 for
1819 4005 146 24 settlement
1994 4005 34 31 by
2051 4005 44 24 the
2123 4007 175 24 jovernment.

1759 4043 40 25 He
1826 4047 91 21 cannot
1945 4043 80 32 really
2065 4043 72 26 know
2162 4044 67 26 what
2257 4045 42 24 the

1758 4081 60 25 land
1842 4082 26 24 at
1880 4082 44 24 the
1946 4082 51 25 foot
2009 4082 28 25 of
2056 4082 91 25 Mount
2165 4082 93 26 Oxford
2277 4083 23 25 is

1759 4121 57 28 like,
1829 4128 29 17 or
1869 4121 31 24 he
1917 4120 83 26 would
2022 4129 75 17 never
2117 4123 103 30 suggest
2242 4122 58 25 that

1759 4159 21 25 it
1802 4158 91 26 should
1913 4158 33 25 be
1968 4159 97 31 opened
2075 4166 35 24 up
2133 4160 61 24 with
2204 4169 15 15 a
2238 4161 62 24 view

1760 4198 28 24 of
1797 4198 104 30 settling
1912 4198 111 30 working
2039 4206 59 15 men
2109 4206 34 15 on
2154 4200 29 22 it.
2212 4199 88 24 What-

1760 4242 58 18 ever
1828 4235 33 24 he
1872 4241 59 25 may
1948 4242 44 24 say
2012 4235 28 25 of
2047 4235 46 26 the
2112 4235 94 33 Ashley
2218 4235 83 33 Gorge

1760 4272 66 31 land,
1846 4272 71 25 there
1927 4272 23 25 is
1972 4280 71 24 every
2054 4273 95 25 chance
2167 4274 26 25 of
2204 4275 98 32 getting

1761 4320 33 17 an
1824 4311 143 26 immediate
1995 4314 88 23 return
2111 4313 65 25 from
2199 4315 29 24 it,
2255 4314 48 25 but

1761 4351 64 26 from
1837 4351 51 25 this
1899 4351 63 32 hilly
1979 4351 67 26 bush
2056 4353 60 24 land
2136 4354 73 25 there
2220 4354 83 25 would

1760 4389 32 25 be
1804 4396 33 18 no
1856 4388 108 31 possible
1987 4388 95 26 chance
2101 4390 28 25 of
2149 4398 50 24 any
2218 4393 85 23 return

1761 4424 39 26 for
1821 4431 81 26 years,
1929 4424 52 25 and
1999 4431 62 18 even
2083 4424 22 26 if
2115 4424 70 27 there
2196 4433 52 19 was
2270 4426 33 26 he

1762 4464 84 28 knows
1867 4464 70 33 quite
1968 4464 56 28 well
2049 4464 22 27 it
2086 4465 24 27 is
2141 4467 44 25 not
2208 4467 29 25 in
2260 4466 43 27 the

1762 4505 81 27 hands
1866 4505 28 25 of
1919 4504 44 26 the
1992 4504 173 28 Government
2192 4509 28 23 to
2248 4507 57 25 deal

2334 198 70 26 with.
2441 198 81 26 When
2534 200 21 24 it
2572 200 22 24 is
2606 208 34 18 no
2659 202 76 25 doubt
2752 202 59 31 they
2823 201 51 25 will

2333 237 30 24 be
2375 237 60 32 only
2458 239 40 23 too
2521 239 75 31 ready
2619 241 26 23 to
2663 240 31 24 do
2717 248 35 20 so,
2772 242 43 22 but
2827 247 46 17 one

2333 276 73 32 thing
2426 277 22 25 is
2467 278 92 25 certain
2583 278 45 25 the
2647 279 111 32 working
2770 287 57 18 men
2848 279 26 24 of

2332 316 91 26 Oxford
2446 316 73 26 know
2541 319 42 24 too
2622 319 56 25 well
2709 320 41 24 the
2771 322 52 22 cost
2847 319 27 25 of

2330 353 112 32 clearing
2465 355 73 29 bush,
2552 356 26 25 to
2601 356 74 25 think
2698 357 27 25 of
2745 357 89 31 taking
2851 358 19 25 it

2330 400 34 24 up
2387 394 61 25 with
2472 395 43 25 the
2535 395 66 32 hope
2621 395 28 26 of
2669 396 74 33 being
2764 396 56 26 able
2843 399 26 23 to

2329 434 73 24 make
2415 442 15 16 a
2453 434 80 32 living
2555 437 44 22 out
2622 435 27 25 of
2658 436 28 28 it,
2700 437 85 24 unless
2809 437 59 31 they

2329 471 80 26 have.
2413 480 69 17 some
2505 473 93 31 capital
2623 475 26 23 to
2678 482 29 24 go
2736 482 33 17 on
2799 475 67 25 with.

2496 511 14 23 I
2533 520 38 14 am
2595 512 40 24 &c.

2571 551 128 26 DEMOS.

2377 727 55 25 MR
2443 727 191 27 MEREDITH
2641 719 49 36 M.H.R.
2690 719 13 36 AT

2468 767 100 25 WEST
2582 766 151 27 OXFORD.

2361 847 40 26 On
2413 847 108 34 Monday
2533 849 107 33 evening
2661 851 50 24 last
2733 850 41 26 Mr
2787 851 77 25 Mere-

2325 887 56 28 dith
2394 890 131 27 addressed
2536 900 15 17 a
2562 894 105 31 meeting
2678 894 27 24 of
2710 894 42 24 the
2764 894 100 26 electors

2324 934 27 24 in
2360 934 44 26 the
2415 934 69 26 West
2494 935 94 25 Oxford
2598 936 98 26 School.
2725 937 87 26 About
2821 938 43 25 the

2324 977 64 25 hour
2401 977 28 25 of
2436 978 112 31 meeting
2559 979 43 25 the
2613 981 107 24 we'alher
2727 989 50 16 was
2784 989 78 17 some-

2324 1019 68 26 what
2401 1020 159 34 threatening
2568 1021 38 26 for
2617 1023 64 29 rain,
2691 1023 50 25 and
2750 1023 114 33 together

2324 1064 62 25 with
2397 1064 44 26 the
2453 1065 64 32 busy
2531 1073 94 24 season,
2645 1069 105 23 account
2761 1068 38 25 for
2822 1068 41 25 the

2324 1106 75 25 small
2410 1107 158 25 attendance.

2357 1148 41 26 Mr
2420 1150 96 26 Arthur
2537 1150 98 33 Wright
2657 1152 121 32 presided.
2792 1178 6 3 .
2822 1152 41 26 Mr

2323 1192 123 27 Meredith
2458 1193 75 33 spoke
2537 1197 45 23 -for
2587 1195 87 29 -about,
2681 1204 33 17 an
2726 1195 64 26 hour
2812 1197 50 24 and

2323 1244 15 17 a
2348 1236 57 25 half
2411 1244 33 18 on
2455 1238 127 32 questions
2591 1239 126 32 generally
2725 1239 57 25 that
2791 1247 71 18 came

2322 1275 82 26 before
2416 1279 44 23 the
2471 1280 86 23 House
2577 1281 50 23 last
2650 1282 96 23 session
2768 1282 33 23 he
2822 1289 38 16 re-

2322 1320 80 26 ferred
2413 1322 24 24 to
2448 1321 43 25 the
2500 1322 114 32 frequent
2625 1323 110 26 motions
2752 1323 27 26 of
2793 1325 68 24 want

2321 1364 29 25 of
2357 1365 150 30 confidence,
2520 1366 95 32 testing
2631 1367 43 25 the
2698 1368 115 31 strength
2836 1367 27 26 of

2324 1406 40 27 Sir
2373 1407 31 25 R.
2418 1407 75 26 Stout
2500 1409 50 24 and
2562 1409 42 25 the
2627 1409 69 26 Hon.
2709 1409 41 26 Mr
2762 1411 98 25 Seddon

2321 1450 38 26 for
2371 1450 44 26 the
2425 1451 176 33 Premiership,
2613 1453 28 24 in
2656 1453 62 25 each
2740 1461 56 17 case
2822 1453 41 26 Sir

2321 1494 81 25 Robrt
2411 1502 53 16 -was
2490 1502 52 17 boh
2552 1496 110 31 plussed.
2697 1497 40 23 Sir
2745 1497 33 23 B.
2791 1498 72 22 Stout

2322 1543 23 17 13
2355 1544 16 16 a
2379 1536 81 24 clever
2470 1544 61 18 man
2538 1536 49 25 and
2604 1546 33 16 an
2646 1537 56 26 able
2714 1538 149 30 statesman,

2321 1578 47 26 but
2379 1581 41 24 too
2429 1579 78 26 much
2519 1580 28 25 of
2561 1589 15 16 a
2589 1582 112 25 theorist.
2736 1581 41 26 Mr
2802 1583 58 25 ried-

2322 1619 49 25 don
2383 1619 23 25 is
2417 1628 15 16 a
2443 1616 118 35 practical
2572 1629 62 17 man
2642 1621 49 26 and
2703 1622 84 26 knows
2793 1630 68 18 more

2321 1662 76 25 about
2405 1663 201 33 parliamentary
2617 1672 75 24 usage
2703 1665 63 25 than
2779 1666 41 25 Sir
2830 1666 32 25 R.

2323 1705 82 29 Stout,
2423 1705 52 26 and
2491 1705 48 26 has
2576 1713 14 18 a
2618 1707 97 31 greater
2742 1714 74 25 grasp
2838 1708 25 26 of

2321 1748 84 33 public
2432 1749 82 26 affairs
2542 1750 67 25 than
2648 1750 71 33 Capt.
2754 1750 108 37 Russell,

2321 1792 51 24 and
2413 1793 28 24 in
2482 1792 56 26 the-
2558 1793 111 32 political
2716 1802 75 17 arena
2830 1794 32 25 he

2321 1835 22 24 is
2354 1842 67 18 more
2434 1835 61 24 than
2507 1843 15 17 a
2534 1836 86 25 match
2642 1836 39 25 for
2703 1837 60 26 both
2788 1837 68 26 these

2321 1875 151 33 gentlemen.

2355 1917 53 25 The
2420 1917 104 25 mission
2537 1917 28 25 of
2579 1917 44 26 the
2641 1918 115 25 Colonial
2785 1919 73 25 Trea-

2321 1968 70 17 surer
2418 1962 27 24 to
2470 1961 116 29 London,
2615 1962 50 25 and
2684 1961 42 26 his
2748 1962 112 26 brilliant

2321 2003 115 26 financial
2459 2011 105 23 success,
2582 2004 43 26 the
2645 2004 118 33 Banking
2790 2006 68 24 busi-

2321 2055 63 21 nesi,
2408 2047 44 26 the
2476 2046 119 27 Customs
2618 2048 75 31 tariff,
2719 2048 42 26 the
2778 2048 82 33 liquor

2320 2090 53 31 bill,
2392 2090 44 26 the
2454 2091 77 25 Local
2547 2091 91 25 Bodies
2656 2091 72 25 Loan
2750 2091 108 26 Conver-

2320 2133 56 26 sion
2392 2133 60 30 Bill,
2495 2134 172 26 Government
2695 2135 121 25 advances
2832 2137 27 23 to

2321 2177 106 30 settlers,
2445 2177 50 26 and
2512 2185 15 18 a
2543 2177 106 26 number
2665 2177 28 26 of
2707 2177 71 26 other
2794 2185 64 18 mea-

2321 2228 70 17 sures
2408 2228 64 18 were
2497 2220 89 32 briefly
2602 2220 52 25 and
2675 2220 126 33 concisely
2816 2228 42 18 ex-

2321 2264 109 32 plained,
2449 2264 41 25 Mr
2523 2264 126 25 Meredith
2677 2264 60 25 then
2756 2264 104 26 devoted

2322 2307 129 24 sometime
2467 2307 28 23 in
2519 2307 141 31 answering
2675 2307 46 23 the
2738 2307 122 31 question,

2322 2347 66 28 what
2404 2349 48 25 has
2475 2348 45 26 the
2549 2348 170 27 Government
2745 2348 62 26 done
2823 2349 40 25 for

2322 2392 45 26 the
2383 2391 113 32 working
2529 2399 59 18 men
2614 2391 28 26 of
2673 2391 114 26 Oxford?
2820 2391 42 26 He

2322 2434 142 26 considered
2480 2435 22 25 it
2525 2434 43 26 the
2592 2436 151 31 paramount
2759 2434 62 31 duty
2837 2435 26 24 of

2323 2474 168 27 Government
2507 2476 27 24 to
2550 2474 59 32 help
2617 2474 45 25 the
2676 2474 111 33 working
2796 2482 66 22 man,

2324 2516 170 26 Government
2528 2515 49 26 had
2599 2515 90 32 helped
2723 2516 45 26 the
2795 2523 67 19 com-

2324 2560 96 27 mercial
2444 2560 92 26 classes
2562 2559 51 26 and
2639 2559 113 26 business
2776 2560 87 32 people

2324 2603 124 33 generally
2464 2603 51 25 and
2531 2603 91 26 indeed
2638 2603 44 25 the
2698 2603 82 25 whole
2796 2611 66 17 com-

2325 2647 106 32 munity,
2456 2646 33 32 by
2512 2646 103 32 coming
2640 2648 27 23 to
2693 2646 42 25 the
2751 2645 74 26 relief
2839 2645 28 26 of

2325 2688 44 26 the
2385 2688 75 26 Bank
2476 2688 29 26 of
2519 2688 32 26 N.
2570 2688 31 26 Z.
2613 2689 51 25 and
2681 2688 103 31 thereby
2794 2695 69 18 aver-

2326 2732 55 33 ting
2413 2740 16 18 a
2453 2733 70 32 great
2557 2731 159 26 commercial
2740 2730 123 33 calamity.

2326 2776 52 25 The
2395 2776 63 25 Gov.
2476 2775 52 26 had
2551 2783 72 18 come
2640 2778 27 23 to
2690 2775 45 26 the
2751 2774 74 26 relief
2839 2774 26 25 of

2325 2819 104 26 farmers
2446 2820 27 24 in
2489 2819 143 33 particular,
2668 2826 28 18 as
2717 2818 58 26 well
2792 2825 28 18 as
2837 2820 28 24 to

2326 2862 44 24 the
2385 2862 71 24 relief
2470 2862 26 23 of
2512 2862 45 23 the
2582 2862 83 30 public
2689 2862 127 30 generally
2832 2862 33 30 by

2325 2900 163 32 formulating
2512 2900 50 24 and
2587 2901 115 31 carrying
2724 2902 45 23 out
2794 2906 26 19 to
2849 2907 16 17 a

2325 2940 119 32 practical
2465 2941 74 29 issue,
2574 2940 123 26 advances
2722 2943 27 22 to
2766 2940 98 26 settlers

2324 2982 27 24 at
2368 2980 62 26 such
2448 2989 15 17 a
2479 2980 49 26 low
2544 2981 55 25 rate
2610 2979 27 26 of
2651 2980 106 26 interest
2773 2987 28 19 as
2813 2988 51 18 was

2325 3023 112 26 hitherto
2470 3024 129 26 unknown
2632 3024 28 25 in
2693 3024 44 26 the
2765 3024 98 33 colony,

2326 3063 78 31 cheap
2437 3069 92 26 money
2557 3064 51 24 and
2641 3064 79 31 cheap
2736 3064 61 24 land
2812 3064 51 24 had

2326 3102 104 33 directly
2446 3102 52 26 and
2525 3102 131 33 indirectly
2682 3102 121 26 benefited
2822 3102 42 26 the

2325 3145 79 26 whole
2420 3146 160 31 community.
2614 3146 64 25 Now
2697 3147 28 23 in
2741 3146 123 26 reference

2326 3193 26 21 to
2375 3189 102 30 Oxford,
2503 3189 28 24 in
2554 3189 45 26 the
2623 3188 56 27 first
2703 3189 70 33 place
2798 3189 65 26 Gov-

2326 3231 115 22 ernment
2475 3229 46 23 has
2554 3229 121 32 arranged
2693 3231 25 22 to
2752 3229 54 32 give
2823 3231 42 22 the

2326 3266 95 25 settlers
2439 3267 100 23 50acres
2555 3267 70 28 each,
2642 3268 28 22 at
2684 3267 48 32 1/-.
2749 3274 44 25 per
2809 3274 56 18 acre

2326 3316 28 18 so
2371 3307 56 26 that
2453 3309 61 24 each
2550 3308 86 26 settler
2662 3309 48 24 will
2727 3316 57 18 now
2800 3309 65 26 have

2328 3350 48 24 100
2401 3356 76 17 acres.
2522 3348 53 25 The
2608 3350 50 24 late
2693 3349 173 26 Government

2326 3386 144 26 considered
2488 3388 31 24 50
2554 3394 70 19 acres
2650 3386 27 27 of
2693 3387 92 27 second
2802 3387 64 27 class

2327 3424 58 25 iand
2402 3426 27 24 at
2446 3425 150 25 Woodstock
2621 3426 125 26 sufficient
2768 3426 38 26 for
2822 3426 45 26 the

2326 3462 86 30 people
2429 3464 27 23 to
2481 3464 42 30 get
2557 3463 37 24 fat
2611 3464 51 23 and
2686 3471 62 17 even
2765 3465 27 23 to
2809 3472 57 16 save

2326 3507 92 25 money
2435 3507 42 18 on.
2511 3500 57 25 The
2578 3502 101 30 present
2696 3501 171 26 Government

2326 3539 115 26 consider
2451 3539 74 26 those
2536 3539 87 33 people
2634 3539 92 26 should
2741 3540 64 25 have
2817 3542 48 23 150

2326 3585 69 18 acres
2416 3586 28 17 or
2473 3579 53 24 200
2545 3585 68 18 acres
2641 3578 68 29 each,
2750 3586 28 17 as
2800 3578 67 25 little

2326 3621 101 31 enough
2444 3622 26 22 to
2481 3620 73 31 bring
2569 3629 34 21 up
2626 3621 63 23 their
2700 3621 108 24 familie*
2823 3629 41 21 on,

2326 3663 51 24 an3
2399 3662 52 26 this
2474 3663 114 31 quantity
2615 3663 82 25 would
2716 3663 65 25 have
2803 3664 62 24 been

2326 3707 73 30 given
2412 3706 70 26 them
2504 3706 22 25 if
2547 3706 170 26 Government
2740 3707 51 25 had
2815 3707 49 26 suf-

2326 3749 83 26 ficient
2428 3749 60 26 land
2499 3775 4 2 .
2510 3750 122 26 available
2654 3752 27 23 at
2704 3750 159 26 Woodstock.

2327 3791 171 27 Government
2538 3793 104 25 reduced
2676 3793 44 26 the
2754 3793 111 32 Eailway

2326 3835 93 31 freight
2442 3843 33 18 on
2498 3836 116 25 firewood
2636 3838 27 23 to
2686 3836 179 25 Christchurch

2326 3875 65 26 from
2402 3876 46 26 28s
2456 3879 26 22 to
2494 3876 45 25 22s
2552 3876 40 25 Bd.
2611 3876 44 26 the
2665 3877 82 29 truck,
2762 3878 103 31 tfcereby

2327 3920 84 31 giving
2439 3920 44 24 the
2517 3921 112 31 working
2656 3928 60 18 man
2735 3928 33 17 an
2796 3925 69 21 extra

2327 3962 74 31 profit
2411 3968 34 18 on
2468 3969 15 17 a
2506 3963 58 24 cord
2574 3962 39 26 for
2639 3963 125 25 firewood.
2799 3963 65 25 Gov-

2326 3997 116 22 ernment
2453 3995 104 24 reduced
2569 3995 43 25 the
2623 3996 96 31 royalty
2731 4003 30 18 ojj
2775 3996 91 25 timber

2326 4037 44 23 cut
2380 4036 28 24 in
2425 4036 43 25 the
2491 4036 93 25 Oxford
2602 4037 74 24 Bash
2698 4038 33 30 by
2754 4038 32 25 25
2797 4045 25 24 p.
2842 4045 15 18 c

2327 4080 48 24 and
2387 4087 31 17 on
2431 4079 69 25 birch
2511 4079 34 33 by
2556 4081 32 24 33
2600 4080 49 25 and
2667 4089 47 17 one
2728 4081 66 25 third
2804 4089 26 24 p.
2843 4088 21 19 c.

2328 4130 54 18 now
2411 4130 28 16 as
2465 4130 50 17 saw
2528 4123 101 32 milling
2656 4124 21 23 is
2701 4132 46 16 one
2768 4124 28 25 of
2822 4124 44 25 the

2328 4162 67 25 chief
2404 4163 135 25 irdustries
2550 4163 29 24 in
2588 4163 94 25 Oxford
2689 4163 44 26 the
2742 4165 125 31 working-

2329 4213 66 19 man,
2412 4205 22 23 if
2442 4206 20 22 it
2474 4205 59 24 does
2543 4207 54 26 not,
2615 4205 21 23 it
2648 4206 22 23 is
2682 4209 44 20 not
2738 4207 42 23 the
2802 4207 65 24 fault

2328 4247 27 24 of
2370 4247 43 24 the
2424 4247 181 26 Government.
2624 4247 86 26 Under
2732 4249 45 26 the
2788 4250 79 25 work-

2329 4289 80 23 man's
2432 4295 81 24 wages
2533 4288 48 25 Act
2606 4296 68 17 more
2708 4289 64 26 than
2796 4291 74 25 £300

2329 4329 65 27 have
2404 4330 106 25 reached
2522 4330 44 25 the
2576 4330 102 33 pockets
2687 4332 26 24 of
2722 4333 41 25 the
2776 4334 94 26 Oxford

2329 4372 177 33 workingman,
2525 4374 83 25 which
2620 4374 28 26 in
2671 4376 43 25 the
2726 4376 106 27 absence
2844 4378 28 25 of

2330 4416 51 22 this
2392 4416 124 33 provision
2525 4417 59 30 they
2593 4417 82 32 might
2683 4419 66 23 have
2755 4421 117 22 whistled

2330 4457 39 28 for
2376 4468 9 20 ;
2398 4457 170 28 Government
2578 4459 96 34 bought
2686 4461 92 34 Ashley
2790 4462 82 34 Gorge

2331 4502 146 26 subdivided
2498 4504 21 25 it
2547 4504 55 26 into
2626 4507 32 23 13
2684 4508 117 28 sections,
2834 4508 38 25 for

2910 208 80 26 which
3004 210 69 29 there
3085 218 63 19 were
3300 214 145 32 applicants,

2905 247 151 35 fortunate'y
3083 253 67 22 most
3174 251 26 24 of
3218 252 48 28 the,!
3285 253 106 25 sections
3403 254 42 24 fell

2904 289 26 23 to
2950 288 42 25 the
3017 289 37 25 lot
3066 290 27 23 of
3109 289 89 26 Oxford
3211 293 177 31 workinginen,

2902 331 66 26 what
2981 339 42 18 are
3041 333 93 41 M^srs
3148 334 101 29 Batter,
3269 335 99 30 Brown,
3382 337 62 26 Vin-

2901 375 66 28 cent,
2996 374 92 25 Powell
3197 376 45 25 but
3264 378 178 34 workingmen.

2902 416 172 27 Government
3092 420 98 24 erected
3213 421 98 25 schools
3332 423 50 24 and
3393 432 49 24 pay

2902 461 110 25 teachers
3024 461 38 25 for
3080 463 43 25 the
3146 463 169 33 workingmen
3334 466 27 26 of
3371 466 71 27 View

2902 504 54 25 Hill
2984 505 87 25 Plains
3097 498 66 33 andV
3178 507 157 28 Woodstock.
3348 531 7 7 ,
3364 512 74 32 ysks

2902 545 170 26 Government
3101 548 42 24 did
3166 548 65 25 their
3252 550 63 25 level
3339 539 116 51 b^Wg

2900 588 120 31 purchase
3045 590 64 25 from
3132 592 43 24 the
3203 592 113 27 Midland
3327 595 110 33 Bailway

2901 630 130 35 Company
3042 634 41 24 the
3095 643 62 23 open
3169 636 59 25 land
3254 639 26 24 at
3292 638 43 26 the
3354 639 81 33 Gprge

2900 674 86 33 bridge
2998 677 50 24 and
3071 678 42 25 the
3125 679 61 25 bush
3208 680 80 28 Block
3299 691 6 22 ;
3334 682 46 26 but
3391 683 44 26 the

2900 712 129 33 Company
3041 717 98 26 wanted
3158 719 54 28 355,
3226 727 32 16 an
3270 727 57 18 acre
3341 720 38 25 for
3390 721 45 26 th«

2900 757 140 28 openland,
3058 761 46 21 not
3123 761 81 23 worth
3224 769 68 18 more
3322 764 66 31 12/6.
3401 772 34 16 an

2899 804 56 19 aert
2967 799 49 24 and
3029 801 52 24 17s.
3103 801 40 26 6d.
3163 809 34 18 an
3215 811 56 17 acre
3290 804 39 25 for
3341 806 91 28 15,000

2897 841 28 24 in
2937 842 43 25 the
2991 842 71 26 Bush
3082 845 130 32 including
3233 847 42 25 the
3287 848 88 26 barren
3386 850 47 24 hill

2898 885 62 30 top?,
2996 888 81 24 would
3111 888 42 26 the
3187 890 109 32 working
3323 900 61 17 man
3410 893 26 25 of

2898 927 92 26 Oxford
3014 930 27 24 be
3071 931 96 33 willing
3191 933 56 26 that
3265 934 169 28 Government

2895 970 91 25 should
2998 973 123 30 purchase
3137 976 49 25 this
3196 977 59 24 land
3267 979 27 24 at
3306 978 49 25 this
3365 979 68 31 price

2896 1014 48 23 and
2966 1016 58 24 then
3052 1018 56 24 rent
3135 1018 28 30 it.
3179 1020 27 24 at
3224 1021 14 23 5
3261 1028 24 23 p.
3303 1028 22 18 c.
3344 1028 28 18 as
3389 1021 45 26 the

2896 1058 89 30 capital
2996 1060 81 25 value:
3096 1062 120 33 certainly
3233 1067 53 26 not,
3315 1072 34 18 no
3372 1074 60 17 man

2895 1101 73 22 could
2978 1102 86 23 obtain
3087 1112 15 14 a
3111 1105 79 31 living
3207 1108 43 21 out
3261 1107 27 22 of
3298 1108 63 22 such
3371 1109 62 22 land

2895 1140 26 23 at
2932 1140 61 24 such
3009 1148 15 17 a
3040 1142 76 31 price.
3150 1143 69 26 Here
3238 1153 37 17 we
3285 1146 62 25 have
3358 1155 16 16 a
3384 1147 48 26 few

2894 1180 81 33 things
2994 1182 64 26 done
3076 1183 33 33 by
3127 1184 178 34 Government,
3323 1188 49 25 and
3389 1192 43 28 yet

2895 1218 42 24 the
2950 1227 69 17 same
3143 1220 89 34 critics,
3245 1225 52 24 will
3363 1228 68 24 what

2894 1262 45 24 has
2951 1262 172 27 Government
3134 1266 64 25 done
3214 1267 43 30 /or
3268 1269 42 24 the
3315 1270 117 32 .working

2894 1304 80 23 man?
3003 1304 52 26 The
3076 1308 99 30 present
3199 1307 169 28 Government
3385 1311 46 25 has

2891 1342 66 27 .done
2981 1351 69 23 more,
3078 1346 38 25 for
3141 1348 40 25 the
3209 1349 172 33 \y6rkingmen
3404 1352 27 24 of

2895 1385 92 26 Oxford
3003 1388 63 25 than
3078 1397 50 25 any
3138 1392 114 30 previous
3261 1393 170 27 Government

2895 1431 56 17 ever
2967 1425 49 29 did,
3034 1427 51 25 and
3104 1428 30 25 he
3161 1429 144 33 challenged
3332 1434 99 24 contra-

2895 1467 100 31 diction,
3009 1477 15 17 a,
3036 1470 152 28 Goverment
3200 1477 94 24 fianrict
3302 1476 32 26 do
3346 1484 83 25 every,

2897 1509 72 31 thing
2979 1516 7 22 ;
3008 1512 62 24 with
3093 1520 65 18 some
3165 1516 96 30 .people
3282 1516 23 25 if
3319 1517 112 26 Govern-

2895 1554 70 21 ment;
2984 1550 59 26 does
3069 1552 61 26 nine
3158 1552 89 35 things'
3261 1557 44 23 oat
3324 1556 29 26 of
3377 1559 52 23 ten.

2897 1591 55 32 they
2970 1592 31 26 do
3024 1596 45 24 not
3097 1596 91 26 receive
3210 1598 78 25 credit
3309 1599 54 26 and,
3386 1601 45 25 the

2895 1630 124 30 gratitude
3034 1634 60 31 they
3116 1643 44 16 are
3177 1643 27 17 st«
3208 1636 51 32 rely
3275 1629 102 34 entitled
3393 1640 37 23 tol

2895 1672 46 26 but
2963 1681 40 18 are
3021 1675 99 26 blamed
3142 1679 49 23 and
3209 1687 61 16 even
3293 1680 92 25 abused
3398 1681 32 32 by

2895 1717 68 20 some
2974 1713 84 32 people
3075 1714 104 28 because
3207 1716 60 35 they
3290 1709 66 45 iaye
3381 1721 47 24 not

2895 1751 181 32 accomplished
3087 1753 43 27 the
3140 1755 81 26 tenth.
3255 1756 34 26 At
3306 1756 44 27 the
3362 1758 68 26 close

2894 1790 27 25 of
2935 1791 43 25 the
3003 1793 101 25 address
3124 1803 32 16 on
3176 1796 43 24 the
3239 1797 96 25 motion
3348 1799 27 24 of
3389 1799 43 24 Mr

2894 1828 97 30 Ancall,
3008 1831 121 25 seconded
3148 1832 31 32 by
3204 1833 41 24 Mr
3269 1834 127 33 Aldridge,
3414 1844 17 17 a

2893 1865 87 31 hearty
2996 1869 57 22 vote
3070 1869 27 23 of
3111 1869 93 25 thanks
3230 1879 49 16 was
3307 1872 74 31 given
3402 1875 29 22 to

2893 1907 41 25 Mr
2951 1909 132 31 Meredith,
3101 1919 16 16 a
3130 1912 106 25 'similar
3252 1911 5 3 '
3266 1914 163 32 compliment

2893 1954 26 23 to
2936 1952 43 25 the
3001 1953 137 27 Chairman
3160 1955 106 34 brought
3286 1957 44 26 the
3352 1961 78 23 meet-

2892 1995 45 31 ing
2953 1999 26 21 to
3012 2004 15 16 a
3055 1997 75 25 close.
3218 2010 3 11 :

2955 2079 255 27 WAIMAKARIRI
3221 2081 90 27 ASHLEY

2946 2127 124 23 WATER
3086 2128 143 25 SUPPLY
3250 2131 128 22 BOARD.

2926 2207 55 25 The
3003 2209 116 29 ordinary
3147 2209 156 34 fortnightly,
3319 2213 111 32 meeting

2893 2249 27 26 of
2929 2251 49 24 this
3000 2251 82 26 Board
3100 2260 51 18 was
3172 2253 60 25 held
3251 2261 32 18 on
3300 2254 130 35 Thursday

2893 2293 72 26 26th,
2993 2294 59 25 inst.

2928 2334 113 30 Present,
3060 2335 42 26 Mr
3123 2335 26 27 J.
3166 2337 161 31 O'Halloran,
3345 2338 88 27 Chair-

2895 2386 69 21 man,
2982 2378 91 26 Messrs
3090 2379 102 27 Horrell
3209 2381 50 26 and
3277 2381 157 27 Dickenson.

2895 2421 81 26 Leave
2987 2422 28 25 of
3034 2422 104 26 absence
3149 2431 49 18 was
3219 2426 104 31 granted
3345 2427 26 23 to
3391 2426 43 25 Mr

2895 2464 57 33 Hey
2954 2465 77 25 wood.
3065 2466 41 25 An
3126 2467 103 32 apology
3251 2475 53 18 was
3321 2469 112 25 received

2895 2507 64 23 from
2971 2508 42 22 Mr
3029 2509 85 23 Dixon
3131 2511 137 29 regretting
3284 2511 113 23 absence.

2929 2549 55 26 The
2999 2550 110 26 minutes
3128 2550 28 27 of
3173 2551 45 26 the
3233 2552 132 34 preceding
3382 2560 50 19 me-

2896 2593 69 31 eting
2976 2601 64 18 were
3050 2595 60 25 read
3121 2595 50 25 and
3181 2596 150 25 'confirmed.

2930 2636 99 27 Letters
3049 2638 112 26 outward
3197 2646 63 18 were
3288 2640 65 29 read,
3382 2640 52 26 and

2896 2679 45 23 the
2962 2679 129 32 following
3111 2688 64 16 were
3196 2682 119 24 received.
3349 2682 85 29 From,

2990 2722 112 33 Eyreton
3129 2723 70 26 Road
3220 2724 85 25 Board
3330 2732 26 17 re
3378 2725 58 25 ford

2897 2765 125 33 crossings
3044 2774 33 17 on
3111 2766 93 27 Boads.
3238 2767 88 26 Letter
3356 2770 27 24 to
3403 2768 33 26 be

2897 2804 198 36 acknowledged,
3123 2810 52 25 and
3210 2810 45 26 the
3283 2810 84 26 Board
3393 2811 41 26 in-

2896 2852 96 25 formed
3003 2853 55 25 that
3082 2853 74 25 when
3177 2854 109 31 Surveys
3307 2862 41 17 are
3359 2855 76 26 made

2898 2893 41 25 the
2961 2893 160 27 information
3150 2894 65 26 will'
3229 2894 31 26 be
3287 2895 147 26 forwarded.

2896 2936 77 26 From
2985 2936 42 26 Mr
3048 2936 28 27 C.
3099 2937 25 26 J.
3141 2937 114 30 Newton,
3263 2955 7 6 ,
3272 2946 28 18 re
3322 2937 113 28 MoeraM

2896 2980 102 26 Downs*
3032 2981 75 25 From
3129 2981 94 26 Jamns
3246 2981 69 33 Gray
3334 2989 27 18 re
3380 2982 54 25 fen-

2896 3023 127 26 Contract.
3066 3024 40 26 On
3127 3024 43 26 the
3192 3026 134 24 statement
3347 3025 28 26 of
3390 3026 45 25 the

2897 3067 126 32 Engineer
3034 3068 57 24 that
3102 3068 69 24 there
3181 3075 53 17 was
3243 3075 33 16 no
3287 3068 84 29 claim,
3389 3069 47 23 the

2896 3111 94 25 matter
3001 3118 50 18 was
3059 3109 98 27 allowed
3171 3112 27 24 to
3210 3110 69 32 drop.
3298 3113 6 2 '
3314 3110 73 27 From
3400 3110 34 27 D.

2897 3153 73 31 Long
2982 3161 26 17 re
3029 3161 91 24 money
3138 3161 34 17 on
3191 3155 121 24 contract.
3346 3153 90 26 Letter

2896 3196 119 25 received.

2931 3240 110 24 Tenders
3057 3240 38 23 for
3108 3240 77 23 flume
3196 3247 83 16 across
3288 3239 149 25 Gammon's

2898 3282 88 29 Creek,
3005 3282 116 28 Cooper's
3141 3281 79 25 Creek
3242 3281 84 25 Water
3338 3281 96 33 Supply

2898 3333 64 18 were
2970 3324 95 33 opened
3074 3325 50 25 and
3136 3324 56 27 that
3203 3324 28 27 of
3239 3324 25 26 J.
3274 3324 42 26 W.
3324 3324 111 26 Thomas

2900 3369 80 26 £286.
3000 3369 53 25 14s.
3077 3368 41 25 Od.
3137 3376 52 17 was
3211 3368 122 32 accepted.
3369 3368 67 25 Con-

2900 3414 64 23 tract
2975 3412 47 27 No.
3035 3413 25 24 4.
3078 3412 90 25 Flume
3180 3413 26 24 to
3217 3411 101 33 Paget's
3337 3419 98 23 corner,

2900 3456 168 25 construction
3079 3455 28 25 of
3112 3464 16 16 a
3138 3457 57 30 part
3206 3455 27 25 of
3241 3456 71 24 main
3324 3456 112 26 Channel

2900 3499 40 25 &c.
2953 3499 27 25 to
2988 3497 31 26 be
3037 3497 174 26 readvertised.
3246 3497 75 25 After
3339 3498 99 25 routine

2898 3543 122 29 business,
3046 3541 45 26 the
3112 3541 111 33 meeting
3247 3542 158 26 terminated.

3022 3649 142 25 OXFORD
3191 3649 129 25 NOTES.

3063 3721 49 31 (By
3137 3720 132 33 Oxonian.)

2932 3760 14 24 I
2968 3759 49 31 beg
3038 3760 27 24 to
3087 3758 79 28 direct
3196 3766 63 24 your
3280 3758 108 26 readers'
3400 3760 40 24 at-

2897 3797 96 25 tention
3005 3799 40 22 to*
3053 3796 45 25 the
3109 3796 50 25 fact
3182 3797 56 24 that
3249 3796 42 25 Mr
3301 3797 73 24 Dora
3391 3796 50 26 has

2896 3836 140 32 purchased
3059 3836 43 25 the
3133 3835 98 26 Oxford
3259 3836 181 26 Refreshment

2897 3875 101 28 Roomi,
3010 3874 75 31 lately
3104 3875 119 31 occupied
3240 3875 34 32 by
3285 3875 42 26 Mr
3337 3875 103 26 Eskett.

2897 3915 91 24 Ladies
2999 3913 131 33 attending
3149 3914 45 25 the
3205 3915 102 31 outings
3326 3916 27 24 at
3365 3915 76 25 Pear-

2898 3962 46 17 son
2955 3953 74 29 Park,
3048 3953 51 24 will
3111 3955 31 23 be
3153 3954 55 25 able
3220 3955 27 24 to
3259 3957 42 30 get
3312 3954 45 26 the
3367 3955 76 25 much

2898 3993 93 25 wished
3010 3993 38 24 for
3070 4000 48 25 cup
3130 3993 28 25 of
3177 3995 50 28 tea,
3245 4002 30 18 or
3295 4002 51 24 any
3367 3994 76 25 other

2897 4033 183 24 refreshments
3097 4032 38 25 for
3146 4033 86 25 which
3250 4034 60 32 they
3320 4042 57 24 maj
3390 4035 53 22 feel

2898 4074 116 27 inclined.

2930 4118 147 26 Lancaster
3100 4118 72 26 Park
3189 4118 111 26 Bicycle
3323 4119 78 25 Race.
3405 4132 33 5 —

2973 4162 70 25 learn
3067 4162 56 26 that
3151 4162 42 25 Mr
3226 4162 33 26 E.
3295 4162 148 32 Thompson

2900 4205 104 25 secured
3015 4205 92 25 second
3130 4205 71 30 place
3212 4206 29 24 in
3257 4205 47 26 the
3314 4213 47 18 one
3372 4205 71 28 mile*

2900 4241 70 26 third
2980 4240 72 34 place
3062 4242 29 25 in
3102 4241 44 26 the
3155 4242 50 26 two
3230 4242 69 29 mile,
3311 4241 51 25 and
3374 4240 72 26 third

2900 4285 71 31 place
2982 4285 28 25 in
3022 4285 44 25 the
3090 4286 71 24 three
3172 4284 72 26 mile.

2935 4335 138 25 Accident.
3074 4348 33 5 —
3108 4334 36 26 As
3166 4334 42 26 Mr
3227 4334 31 26 P.
3276 4334 102 33 Wright
3394 4333 52 26 and

2902 4379 41 25 his
2966 4379 136 32 daughters
3135 4386 65 18 were
3228 4378 100 32 driving
3351 4379 28 25 to
3405 4377 43 25 the

2904 4421 95 31 Ashley
3011 4429 33 16 on
3055 4421 134 32 Thursday
3203 4422 61 29 they
3274 4428 63 17 were
3346 4421 98 24 thrown

2907 4465 45 25 out
2963 4463 27 26 of
2999 4463 66 26 their
3076 4465 57 33 trap
3152 4463 73 27 twice
3234 4464 47 26 hat
3304 4470 33 19 no
3355 4463 96 25 serious

2910 4508 107 31 damage
3035 4515 53 19 was
3111 4509 72 26 done.

1113 56 174 31 OXFORD
1334 57 229 32 OBSERVER
1609 56 236 38 SATURDAY,
1910 57 240 32 DECEMBER
2186 59 49 35 28,
2294 57 90 31 1895.

1227 4371 55 25 Thb
1312 4372 74 24 Ibish
1414 4372 68 25 Text
1524 4372 78 26 Book.
1603 4386 33 5 —
1637 4372 22 25 A
1682 4372 51 31 pet-

1193 4413 62 25 ition
1266 4413 21 25 is
1308 4413 85 32 laying
1414 4414 25 25 in
1451 4421 46 19 our
1508 4414 73 26 office
1592 4414 38 26 for
1653 4414 81 31 signa-

1194 4457 67 26 tures
1284 4457 99 32 against
1405 4457 44 26 the
1470 4457 174 26 introduction
1656 4458 25 24 of
1693 4457 41 26 the

1193 4499 68 26 Irish
1270 4499 67 26 Text
1349 4499 70 27 Book
1428 4501 53 25 into
1493 4508 45 18 our
1550 4501 65 26 state
1627 4500 107 28 schools.
