3243 4309
939 2175 58 18 THE
1016 2175 59 18 HOT
1094 2175 97 18 LAKES
1210 2175 175 18 CHRONICLE

939 2211 446 13 AND

939 2240 223 20 Tourists'
1187 2240 198 20 Journal.

985 2298 172 21 WEDNESDAY,
1165 2299 69 18 JULY
1241 2300 27 20 17,
1276 2300 51 17 1895.

938 2349 46 18 Tub
993 2349 133 25 preliminary
1137 2350 90 25 meeting
1242 2350 64 19 which
1327 2350 47 19 took

939 2375 56 24 place
1005 2378 21 16 at
1037 2375 56 20 Lake
1104 2375 71 20 House
1186 2376 39 19 last
1243 2376 128 20 Wednesday

939 2401 59 25 night
1010 2408 41 12 was
1061 2408 12 12 a
1082 2404 45 20 step
1138 2402 20 19 in
1169 2402 35 19 (he
1214 2402 56 25 right
1277 2402 96 20 direction

939 2427 16 19 if
965 2428 15 18 it
992 2427 47 24 only
1052 2428 122 19 manifested
1192 2430 43 17 that
1250 2429 56 18 there
1324 2436 49 12 wore

939 2454 39 18 still
990 2460 12 12 a
1012 2455 38 17 few
1059 2455 71 23 peoplo
1141 2455 20 17 in
1172 2455 35 18 the
1218 2455 100 25 township
1329 2456 44 18 who

939 2486 51 12 were
1000 2480 54 18 alive
1063 2484 19 14 to
1093 2480 35 18 the
1145 2481 99 24 necessity
1263 2483 21 17 of
1301 2481 61 19 bestir-

938 2506 45 24 ring
995 2506 122 19 themselves
1128 2507 31 17 J'or
1174 2507 34 19 tiie
1226 2507 82 24 general
1324 2508 49 19 weal

938 2538 21 12 ol
983 2534 34 16 (lie
1040 2532 64 18 whole
1129 2534 132 24 community.
1299 2534 21 18 If
1339 2534 34 18 the

939 2558 90 25 mooting
1038 2558 84 19 savored
1129 2559 111 19 somewhat
1250 2559 22 19 of
1289 2560 35 18 the
1339 2560 34 19 old

939 2585 100 24 township
1050 2583 88 20 element
1149 2585 15 18 it
1181 2585 65 25 ought
1261 2588 20 16 to
1298 2586 26 18 he
1341 2593 22 12 re-

939 2610 115 19 membered
1073 2610 45 19 that
1139 2611 19 18 in
1178 2611 45 19 that
1240 2611 82 26 locality
1339 2613 34 18 the

938 2636 94 25 pioneers
1042 2636 21 19 of
1073 2636 34 19 the
1118 2637 56 25 place
1185 2644 34 12 are
1230 2641 20 15 to
1261 2638 25 19 be
1301 2639 70 19 found,

938 2663 40 18 and
1000 2663 45 18 that
1066 2662 73 20 almost
1164 2663 85 20 without
1268 2665 104 25 exception

939 2688 56 19 those
1007 2691 79 22 present
1097 2689 39 18 had
1149 2690 93 19 interests
1253 2691 19 18 in
1284 2691 33 19 the
1329 2698 42 12 new

939 2717 53 16 town
1000 2722 23 11 as
1033 2714 36 19 wel
1085 2722 22 11 as
1117 2716 34 19 the
1169 2716 40 18 old.
1244 2717 42 18 The
1303 2717 70 25 public
1383 2714 2 31 j

939 2742 89 24 meeting
1039 2740 63 20 which
1115 2742 16 17 is
1148 2743 120 19 announced
1285 2748 20 15 to
1326 2745 47 18 take

939 2766 56 25 place
1013 2767 21 18 in
1054 2767 34 18 the
1108 2768 87 24 Library
1214 2772 49 15 next
1284 2770 89 24 Monday

939 2793 59 25 night
1009 2793 46 24 will,
1068 2794 14 17 it
1094 2794 16 18 is
1119 2797 19 16 to
1151 2795 23 18 be
1185 2795 72 22 honed,
1271 2796 52 25 fully
1342 2803 21 12 re-

939 2822 81 23 present
1028 2819 98 19 residents
1138 2820 40 19 and
1187 2823 186 24 property-owners

939 2846 21 18 of
983 2846 50 19 both,
1051 2845 104 20 localities.
1195 2846 44 19 The
1258 2850 115 22 prominent

939 2874 46 19 idea
993 2880 26 12 on
1030 2872 130 25 Wednesday
1176 2872 61 25 night
1254 2875 79 19 seemed
1353 2877 20 16 to

940 2901 24 18 be
975 2899 44 19 that
1033 2901 55 22 steps
1103 2898 65 25 ought
1187 2902 20 15 to
1228 2899 24 19 be
1272 2900 62 19 taken
1353 2904 20 16 to

939 2925 118 24 strengthen
1067 2924 34 19 the
1112 2924 66 19 hands
1186 2925 23 19 of
1219 2932 36 12 our
1272 2926 50 19 local
1338 2935 24 18 go-

939 2952 86 23 verning
1037 2950 52 24 biuly
1098 2950 21 18 in
1130 2957 39 18 any
1186 2951 80 20 scheme
1282 2953 21 19 of
1322 2954 40 19 sani-

939 2978 63 19 atti'Ui
1016 2977 61 19 which
1091 2977 47 23 they
1156 2977 66 25 might
1239 2980 75 22 evolve,
1332 2981 41 18 and

939 3007 20 17 to
970 3011 50 18 urge
1035 3004 35 18 the
1087 3004 138 18 Government
1241 3008 20 16 to
1277 3007 94 24 expedite

940 3031 34 18 (ho
1002 3029 54 19 work
1079 3029 22 18 of
1125 3029 126 28 purchasing
1275 3032 35 18 the
1341 3032 33 19 old

941 3056 124 20 Ohinemutu
1075 3055 101 24 township
1186 3055 53 21 from
1246 3058 34 19 the
1288 3059 85 19 natives.

941 3083 28 18 As
978 3084 20 16 to
1011 3082 34 18 the
1056 3081 42 19 first
1108 3081 22 18 of
1149 3081 58 19 these
1224 3083 77 26 objects
1318 3085 56 19 there

939 3115 37 12 can
985 3107 88 25 scarcely
1084 3107 25 18 bo
1128 3109 39 16 two
1183 3109 99 24 opinions,
1301 3111 40 19 nnd
1358 3111 16 19 if

941 3134 57 19 there
1008 3134 17 18 is
1037 3140 39 19 any
1088 3133 97 25 diversity
1196 3135 22 18 of
1227 3136 61 19 views
1305 3137 20 18 in
1345 3144 20 12 re-

942 3161 51 23 gard
1003 3162 20 16 to
1032 3159 34 19 the
1079 3160 61 18 latter
1157 3166 25 12 an
1199 3162 131 25 opportunity
1345 3163 31 19 for

941 3185 111 20 discussion
1068 3185 42 19 will
1124 3184 24 20 be
1166 3186 92 20 afforded
1277 3192 21 15 at
1317 3189 45 19 Mon-

942 3211 57 25 day's
1008 3211 97 25 meeting.
1132 3211 25 19 In
1169 3214 73 24 regard
1258 3219 19 14 to
1287 3215 34 19 the
1340 3216 24 18 im-

941 3239 129 25 provements
1088 3238 76 24 sough*;
1182 3239 9 17 f
1192 3246 22 11 or
1232 3240 6 18 j
1241 3246 13 12 n
1272 3243 8 16 t
1282 3241 5 18 j
1289 3248 17 11 le
1322 3243 53 17 town

942 3264 101 25 approach
1056 3264 51 18 from
1117 3264 36 18 the
1163 3264 110 27 Tauranga
1288 3267 55 23 road,
1360 3268 16 18 it

942 3290 16 19 is
969 3290 47 24 only
1026 3289 120 19 reasonable
1157 3290 44 19 that
1214 3292 55 19 when
1277 3293 99 19 residents

943 3316 61 23 along
1026 3315 44 19 that
1089 3315 97 25 highway
1203 3317 47 19 look
1268 3325 54 19 upon
1342 3321 34 17 the

943 3342 56 19 work
1010 3342 63 24 going
1083 3347 26 13 on
1119 3344 20 16 to
1150 3342 73 19 render
1233 3344 94 24 passable
1342 3345 34 19 the

943 3368 125 18 side.streets
1078 3368 20 17 in
1108 3368 34 18 the
1158 3368 137 21 Government
1313 3373 54 16 town

943 3394 45 24 ship
999 3394 48 24 they
1058 3393 73 19 should
1141 3394 35 19 ask
1190 3395 45 19 that
1247 3403 53 12 some
1312 3399 53 17 atten-

943 3420 21 19 ti<
972 3425 14 13 n
1005 3419 26 19 bo
1044 3418 47 25 paid
1111 3422 20 16 to
1146 3420 35 18 the
1197 3424 73 21 urgent
1287 3424 77 23 requin-

944 3447 65 17 ments
1019 3445 21 18 of
1050 3451 37 12 one
1098 3445 21 18 of
1136 3446 34 18 the
1184 3446 56 19 main
1257 3449 83 18 arteries
1356 3451 21 17 of

945 3471 34 19 the
990 3473 59 17 town.
1078 3470 42 19 The
1138 3472 87 19 erection
1244 3474 21 18 of
1282 3481 12 12 a
1309 3475 68 24 public

945 3497 43 19 hall
998 3497 23 22 is,
1033 3503 30 13 wo
1073 3497 48 18 take
1129 3497 21 22 it,
1162 3505 12 11 a
1184 3502 74 16 matter
1268 3500 64 19 which
1343 3502 34 18 the

945 3523 99 19 residents
1056 3522 38 20 will
1103 3523 51 19 have
1162 3526 19 16 to
1192 3525 58 19 effect
1258 3526 120 20 themselves

945 3549 44 19 The
1007 3548 137 20 Government
1163 3551 74 24 might,
1256 3552 15 18 it
1290 3552 17 18 is
1326 3554 50 23 true,

945 3575 60 19 assist
1015 3575 35 18 the
1059 3574 79 25 project
1147 3575 27 25 by
1185 3583 43 18 grai
1238 3577 44 24 ting
1301 3584 12 12 a
1328 3580 40 18 suit-

946 3601 49 19 able
1004 3601 37 18 site
1051 3603 20 17 at
1080 3607 12 12 a
1103 3601 58 19 small
1171 3603 66 19 rental
1254 3603 37 19 but
1300 3604 45 19 that
1361 3605 17 19 is

946 3627 63 19 about
1019 3626 27 19 all
1052 3627 46 19 that
1105 3627 59 19 could
1171 3628 26 19 be
1205 3629 103 24 expected.
1336 3631 42 18 The

946 3653 98 24 necessity
1054 3653 31 18 for
1098 3653 48 18 such
1164 3660 12 12 a
1194 3655 93 24 building
1304 3656 17 18 is
1339 3657 32 19 evi
1373 3653 4 26 l

946 3679 49 18 dent
1005 3681 21 16 to
1042 3685 79 17 anyone
1141 3679 45 20 who
1205 3681 38 18 has
1261 3682 72 24 passed
1353 3689 25 12 an

946 3704 88 25 evening
1044 3704 21 19 in
1075 3704 35 19 the
1121 3706 104 25 draughty
1236 3707 39 18 and
1291 3708 88 18 weather

946 3730 75 19 beaten
1031 3730 68 19 edifice
1110 3731 20 18 in
1141 3732 65 19 which
1214 3739 37 12 our
1261 3733 117 20 assemblies

947 3756 39 19 and
1010 3757 166 19 entertainments
1199 3765 34 12 are
1252 3761 21 16 at
1291 3762 87 21 present,

948 3788 35 18 per
993 3782 61 23 force,
1073 3782 54 19 held.
1162 3783 59 20 Some
1239 3791 92 18 progress
1350 3788 20 16 to-

949 3808 65 18 wards
1025 3808 33 19 the
1068 3809 87 18 erection
1166 3810 21 18 of
1204 3817 12 11 a
1232 3810 88 19 suitable
1339 3811 41 18 hall

948 3833 40 18 will
1000 3834 99 25 probably
1109 3834 26 19 bo
1144 3836 60 19 made
1214 3836 26 24 by
1261 3836 27 19 its
1307 3836 62 20 discus-

950 3858 43 19 sion
1004 3865 24 12 on
1039 3859 90 25 Monday
1139 3861 66 24 night.

976 3883 24 19 In
1021 3885 131 24 anticipation
1171 3887 22 18 of
1207 3887 34 19 the
1257 3888 88 26 opening
1360 3889 21 18 of

950 3909 35 19 the
995 3910 73 18 tourist
1086 3917 71 13 season
1175 3913 57 19 there
1251 3920 34 12 aro
1305 3921 36 12 one
1360 3921 22 12 or

950 3938 39 16 two
997 3936 65 18 minor
1073 3939 83 16 matters
1174 3938 65 19 which
1256 3939 73 19 should
1347 3943 35 16 not

950 3961 26 19 be
985 3961 40 19 lost
1034 3962 56 25 sight
1100 3962 27 24 of,
1139 3963 49 19 such
1201 3970 23 12 as
1240 3961 34 22 Flie
1289 3965 94 22 building

951 3987 21 20 of
983 3987 35 20 the
1027 3988 66 19 wharf
1103 3995 22 12 or
1134 3988 142 26 boat-shelter,
1292 3991 40 19 and
1348 3991 35 20 the

950 4013 97 25 practical
1056 4014 92 25 carriage
1157 4015 50 19 road
1217 4018 20 16 to
1251 4016 34 20 the
1301 4018 82 18 summit

951 4040 21 18 of
993 4039 145 25 Ngongotaha.
1176 4041 71 25 These,
1267 4043 41 18 and
1326 4044 57 18 other

952 4065 90 19 schemes
1052 4066 21 19 of
1083 4073 13 12 a
1105 4067 78 19 similar
1196 4070 71 17 naturo
1278 4069 30 18 for
1319 4069 64 19 which

951 4091 71 25 plenty
1032 4092 22 19 of
1063 4093 131 25 opportunity
1204 4093 17 19 is
1232 4093 89 20 afforded
1328 4095 54 23 here,

953 4117 66 19 would
1028 4118 53 19 have
1097 4118 34 19 the
1147 4119 59 20 effect
1223 4120 21 19 of
1261 4121 124 25 persuading

1408 121 37 14 our
1467 120 89 15 slimmer
1574 116 80 19 visitors
1670 118 20 16 to
1708 116 68 23 linger
1795 116 49 18 here

1408 141 73 19 awhile
1504 142 70 18 before
1601 142 100 25 hurrying
1724 142 29 18 off
1770 143 21 17 to
1808 142 34 18 the

1407 170 82 20 greater
1508 168 67 25 sights
1595 170 20 17 at
1637 174 12 12 a
1668 168 96 18 distance.
1802 167 42 19 The

1407 193 137 19 Government
1555 194 51 20 have
1616 193 109 26 expressed
1741 193 54 19 their
1814 193 19 18 in-

1407 219 78 19 tention
1494 219 22 19 of
1526 219 117 26 expending
1652 226 11 12 a
1682 219 57 22 largo
1757 224 44 14 sum
1819 226 24 11 on

1406 245 35 18 the
1451 245 142 24 development
1603 245 21 19 of
1642 245 35 19 the
1694 245 89 24 springs,
1802 251 40 13 cce.,

1408 272 46 17 here
1466 271 40 19 and
1517 278 12 11 a
1540 271 79 24 portion
1628 271 21 19 of
1659 271 33 19 the
1701 277 73 18 mono}'
1783 271 61 18 could

1406 299 34 16 not
1452 297 25 19 be
1488 297 66 18 better
1571 300 58 22 spent
1648 297 50 18 tlntn
1718 296 21 18 in
1758 296 86 25 making

1406 323 34 18 the
1452 324 82 17 various
1544 323 82 25 heights
1637 322 48 19 such
1706 328 22 12 as
1745 321 84 26 Ngongo-

1405 348 49 19 taha
1464 348 41 19 and
1515 348 97 26 Tikitapu
1628 348 108 19 accessible
1754 348 39 19 and
1811 348 32 19 in*

1406 375 66 24 vitiug
1482 377 21 16 to
1515 375 90 18 tourists.

1441 427 95 18 reference
1550 428 20 15 to
1583 427 33 16 the
1629 426 102 17 statement
1746 425 55 18 made
1817 425 25 23 by

1405 450 28 17 Dr
1440 448 94 19 Newman
1542 450 20 16 in
1571 450 32 16 the
1612 448 64 18 House
1685 449 38 17 last
1732 448 52 18 week
1793 455 21 11 as
1823 450 19 16 to

1404 473 33 17 the
1445 473 89 22 growing
1542 472 135 22 unpopularity
1686 472 20 16 of
1715 472 32 16 the
1758 473 84 16 Rotorua

1405 496 120 17 Sanatorium
1534 495 59 23 being
1600 495 70 23 proved
1679 494 26 23 by
1722 495 76 22 figures,
1815 500 27 13 Wu

1404 519 47 16 have
1460 519 58 16 taken
1527 518 32 17 the
1567 518 75 17 trouble
1651 518 19 17 of
1678 518 112 23 instituting
1802 523 30 12 cer-

1404 542 40 16 tain
1452 542 94 21 enquiries
1555 541 38 17 and
1602 541 39 17 find
1657 541 44 17 that
1716 541 33 17 the
1767 542 75 21 worthy

1404 565 81 17 doctor's
1494 566 103 16 statement
1604 565 15 16 is
1649 565 89 21 oontraiy
1746 566 21 15 to

1403 593 20 11 as
1442 588 31 16 Mr
1481 588 72 17 Dutliie
1562 587 162 23 euphemistically
1732 588 36 22 put
1776 588 16 16 it
1808 588 33 16 the

1403 610 54 18 other
1474 611 58 22 night
1551 612 54 16 when
1620 610 93 23 referring
1725 612 21 15 to
1762 611 80 17 another

1403 635 75 15 matter.
1504 634 39 16 The
1556 633 119 18 Sanatorium
1691 634 74 16 returns
1780 633 62 17 which

1403 662 31 11 are
1442 657 101 18 accessible
1551 658 21 16 to
1580 656 28 17 Dr
1616 655 92 19 Newman
1717 656 19 17 in
1747 655 82 24 Welling-

1402 680 34 17 ton
1445 685 20 12 as
1475 680 45 22 they
1529 686 31 11 are
1569 681 21 16 to
1598 685 37 17 any
1644 680 87 22 enquirer
1739 680 45 17 here
1789 680 53 17 show

1402 708 12 11 a
1422 707 46 18 very
1477 703 54 22 great
1539 702 82 18 increase
1630 701 47 19 both
1685 703 20 17 in
1714 703 33 17 the
1762 703 80 17 number

1402 726 21 16 of
1430 726 78 17 bathers
1515 725 38 18 and
1560 726 80 18 inmates
1646 727 20 17 of
1675 726 31 17 the
1713 725 127 18 Sanatorium.

1402 748 39 17 The
1449 748 90 18 financial
1553 755 45 16 yoar
1614 749 45 17 ends
1675 749 20 17 in
1711 748 74 21 March,
1804 749 38 17 and

1402 771 71 24 during
1481 772 33 17 the
1530 771 102 24 preceding
1645 772 67 17 twelve
1727 772 77 17 months
1819 772 21 17 70

1402 795 83 22 patients
1494 801 48 11 were
1551 795 93 18 admitted
1652 797 19 15 to
1685 795 33 17 the
1732 795 109 17 institution

1402 823 20 12 as
1430 817 78 24 against
1516 821 22 14 o(>
1547 819 29 16 for
1584 819 33 17 the
1625 819 86 23 previous
1720 824 51 16 year,
1778 818 50 17 show-

1402 841 34 23 ing
1452 847 25 11 an
1493 842 83 17 increaso
1594 842 20 17 of
1631 843 22 16 20
1669 847 34 17 por
1719 843 48 16 cent.
1801 842 39 17 The

1402 864 45 18 bath
1458 865 38 17 fees
1506 866 30 16 for
1544 865 32 17 the
1591 870 50 12 same
1654 864 66 23 period
1736 864 104 18 amounted

1402 889 19 15 to
1431 887 49 18 434
1490 889 20 16 9,-s
1519 888 25 17 3d
1552 888 100 23 compared
1661 888 46 17 with
1717 887 49 18 '3l3
1780 890 21 14 4s
1816 889 24 17 (id

1402 911 29 17 for
1440 911 32 17 the
1481 911 88 23 previous
1579 917 50 17 year,
1640 917 24 12 an
1673 911 82 18 increase
1764 911 20 18 of
1790 911 47 18 l2l

1401 935 20 16 4s
1430 934 24 17 Od
1464 941 21 10 or
1493 934 65 23 nearly
1572 936 24 15 40
1610 941 34 16 per
1659 936 49 15 cent.
1743 934 40 17 The
1798 934 42 18 first

1401 959 78 20 quarter
1487 958 21 18 of
1514 958 32 17 the
1551 960 75 21 present
1633 958 89 17 financial
1727 963 45 17 year
1778 957 61 18 shows

1401 985 46 13 even
1456 981 63 17 bettor
1535 981 74 17 results.
1634 981 39 17 The
1690 981 46 17 bath
1755 982 37 15 fees
1809 987 20 11 re-

1402 1004 63 17 ceived
1474 1005 30 16 for
1513 1005 32 16 the
1555 1004 75 18 months
1639 1005 20 16 of
1668 1004 59 22 April.
1741 1003 46 23 May
1801 1004 37 17 and

1400 1026 51 18 June
1460 1030 79 15 amount
1548 1030 20 15 to
1578 1027 37 18 i)o
1629 1028 18 16 7s
1663 1027 23 16 3d
1701 1031 20 12 as
1738 1027 101 22 compared

1401 1050 46 17 with
1457 1050 38 18 ')')
1507 1052 29 16 Ids
1546 1051 23 16 !M
1578 1051 30 17 for
1618 1051 50 18 1803,
1677 1050 38 17 and
1725 1049 26 20 <
1760 1049 8 20 l
1777 1049 25 20 17s
1809 1050 30 17 for

1403 1074 50 16 1804.
1478 1074 46 17 This
1532 1074 16 16 is
1557 1080 23 10 an
1590 1074 105 16 inereaseof
1709 1079 45 11 over
1768 1075 22 15 00
1805 1078 34 18 per

1401 1098 43 15 cent
1452 1103 25 11 on
1486 1097 33 17 the
1527 1097 148 22 corresponding
1683 1097 77 21 quarter
1769 1097 20 16 of
1801 1097 38 17 last

1400 1125 51 16 yoar.
1477 1119 33 18 We
1519 1119 55 18 make
1579 1119 28 18 Dr
1615 1118 92 19 Newman
1716 1125 11 11 a
1736 1122 76 20 present
1818 1120 20 17 of

1400 1143 53 17 these
1459 1143 70 22 figures
1536 1143 33 17 but
1575 1143 123 22 would,point
1705 1144 34 16 out
1745 1143 42 17 that
1792 1143 46 22 they

1400 1165 56 18 could
1465 1167 47 16 have
1518 1167 47 16 been
1572 1166 115 17 ascertained
1694 1167 19 16 in
1720 1166 118 23 Wellington

1400 1189 15 16 if
1423 1190 24 16 ho
1456 1190 37 16 had
1503 1188 57 18 taken
1569 1189 31 18 the
1609 1190 74 17 trouble,
1692 1190 20 16 to
1720 1189 35 17 ask
1764 1190 29 16 for
1805 1190 32 16 the

1400 1212 124 18 information
1536 1212 64 18 before
1617 1212 103 22 hazarding
1737 1212 53 18 what
1802 1218 35 12 can

1400 1236 45 21 only
1453 1235 23 18 be
1485 1235 93 22 regarded
1586 1242 20 11 as
1614 1242 10 11 a
1634 1235 80 18 reckless
1729 1237 106 16 statement.

1414 1297 104 24 LOCAL
1532 1297 96 24 NEWS
1639 1297 69 24 AND
1724 1297 102 24 NOTES.

1422 1358 40 18 The
1470 1359 47 17 Rev,
1531 1359 25 17 11.
1567 1360 22 16 It,
1607 1359 82 21 Haweis,
1708 1360 33 18 the
1755 1361 81 22 popular

1399 1381 87 21 lecturer,
1505 1383 66 22 passed
1595 1383 85 21 through
1696 1383 86 17 Rotorua
1798 1384 38 17 this

1399 1405 52 18 week
1460 1411 25 12 on
1491 1406 30 17 his
1530 1412 41 16 way
1580 1407 21 16 to
1609 1407 105 16 Auckland.

1422 1428 39 18 The
1470 1430 48 16 next
1526 1430 83 21 meeting
1623 1430 19 17 of
1651 1430 32 16 the
1693 1430 67 17 School
1778 1430 43 17 Com-

1399 1452 65 16 niittce
1474 1452 38 16 will
1530 1452 43 17 take
1590 1453 52 22 place
1660 1459 23 11 011
1700 1453 85 23 Monday
1803 1454 33 17 the

1399 1475 27 16 2!)
1426 1475 18 16 th
1453 1475 75 18 instead
1536 1475 21 18 of
1565 1476 32 17 the
1609 1476 56 17 22nd.

1423 1503 16 17 A
1448 1503 66 23 pulilio
1524 1505 84 21 moating
1624 1505 18 17 in
1661 1506 110 16 connection
1788 1506 47 16 wiih

1399 1526 32 17 the
1448 1527 72 17 British
1536 1527 38 18 and
1591 1528 82 23 Foreign
1689 1529 54 16 Bible
1761 1529 74 22 Society

1400 1550 36 16 will
1446 1550 24 17 be
1479 1550 30 17 he!
1519 1550 4 24 !
1531 1556 19 11 111
1561 1551 31 17 the
1606 1552 116 17 schoolroom
1740 1552 94 22 to-night.

1399 1573 39 17 The
1446 1573 47 17 Rev.
1510 1573 19 17 .T.
1547 1573 90 22 Hcndrio,
1655 1576 94 21 secretary
1766 1577 19 15 to
1802 1576 33 16 the

1399 1595 101 19 Hamilton
1508 1597 72 17 branch
1588 1598 21 16 of
1617 1598 32 16 the
1657 1598 100 17 Auckland
1767 1599 56 17 Auxil-

1399 1620 46 21 iary,
1457 1620 42 17 who
1507 1621 15 16 is
1531 1622 21 15 at
1560 1623 75 19 present
1651 1621 19 17 in
1688 1621 90 21 Rotorua,
1796 1622 38 17 will

1399 1642 76 18 address
1484 1643 33 17 the
1526 1644 83 22 meeting
1617 1650 24 11 on
1651 1645 31 16 the
1700 1645 52 17 work
1766 1646 20 16 of
1802 1646 32 16 the

1399 1665 81 23 Society,
1489 1667 45 22 past
1541 1666 38 18 and
1588 1667 69 18 future.

1422 1694 32 16 Mr
1462 1694 19 17 K
1488 1694 82 19 illeuder.
1581 1695 20 17 of
1609 1695 32 17 the
1651 1695 71 23 Survey
1737 1695 58 18 Office
1804 1701 20 11 ar-

1398 1717 52 17 rived
1459 1717 19 17 in
1488 1718 84 17 Rotorua
1581 1724 24 12 on
1618 1719 99 22 Thursday
1734 1719 38 17 ]:>st
1788 1719 46 17 with

1398 1740 32 17 the
1440 1747 68 16 money
1518 1741 30 17 for
1556 1741 32 17 (lie
1597 1747 37 17 pay
1649 1742 19 17 of
1679 1742 30 17 the
1719 1748 43 11 men
1771 1742 50 17 work-

1397 1763 35 22 ing
1441 1769 24 11 on
1474 1763 33 18 the
1516 1763 76 18 Galitea
1604 1771 19 10 ro
1631 1764 33 18 ids.
1690 1764 19 17 II
1718 1763 3 25 >
1730 1764 104 24 proceeded

1399 1787 19 16 to
1428 1787 29 17 his
1465 1787 116 17 destination
1589 1794 24 11 on
1627 1787 95 24 Saturday
1738 1788 96 23 morning.

1421 1816 39 16 The
1470 1822 18 11 m
1495 1816 38 17 Itch
1543 1816 31 18 bet
1577 1823 48 11 ween
1635 1817 33 17 the
1677 1817 115 22 Cambridge
1797 1818 38 17 and

1398 1839 85 17 liotorna
1492 1840 80 17 football
1581 1841 59 17 teams
1651 1840 94 22 arranged
1759 1844 30 14 tor
1797 1841 37 17 last

1399 1861 94 24 Saturday
1503 1863 37 17 had
1550 1864 19 16 to
1578 1863 23 16 lie
1615 1864 111 22 postponed,
1744 1870 20 10 as
1780 1864 16 17 it
1804 1865 20 15 in-

1398 1885 82 17 terfered
1489 1886 45 17 with
1544 1886 32 17 the
1585 1887 42 22 Cup
1635 1887 84 17 matches
1736 1887 19 17 in
1772 1887 61 18 which

1398 1908 32 17 the
1441 1911 70 15 former
1519 1911 50 15 team
1578 1910 15 16 is
1604 1910 92 21 engaged.
1722 1910 39 17 The
1771 1911 61 16 match

1399 1932 38 16 will
1446 1932 44 17 take
1499 1933 53 22 place
1561 1934 96 16 sometime
1665 1934 50 16 after
1732 1934 32 17 the
1782 1934 51 17 27th.

1421 1959 45 17 This
1475 1960 49 16 issue
1537 1961 20 16 of
1572 1961 31 16 the
1617 1961 118 17 CliliO.vici.l-:
1748 1961 86 17 contains

1398 1988 8 11 a
1418 1983 120 21 supplement
1546 1990 9 10 a
1559 1984 82 21 Hording
1652 1985 112 21 particulars
1773 1985 20 16 of
1802 1985 32 16 the

1397 2005 52 18 Lake
1458 2006 66 17 House
1541 2007 67 20 Hotel,,
1621 2007 32 17 the
1666 2008 96 17 extensive
1776 2007 48 18 alter-

1397 2029 62 17 ations
1476 2031 20 15 to
1514 2030 61 17 which
1592 2037 31 10 are
1644 2036 43 12 now
1704 2032 130 21 approaching

1398 2052 120 23 completion.
1544 2054 39 16 The
1592 2054 99 22 similarity
1700 2056 20 15 of
1739 2054 32 18 the
1788 2061 34 11 con-

1397 2075 91 18 stituents
1497 2075 19 17 of
1526 2076 31 17 the
1568 2077 66 17 waters
1650 2077 18 16 in
1686 2077 33 17 the
1736 2077 60 17 Baths
1813 2079 20 15 at

1397 2098 52 17 Lake
1458 2099 65 17 House
1533 2100 37 16 and
1579 2100 53 17 those
1639 2101 19 16 at
1665 2100 33 17 the
1705 2100 127 19 Sanatorium,

1397 2127 20 11 as
1427 2122 67 17 shown
1504 2123 24 21 by
1545 2124 32 16 the
1591 2122 51 18 table
1658 2124 21 16 of
1695 2124 87 21 analyses
1798 2129 23 17 ap-

1396 2145 75 21 pended
1480 2149 19 13 to
1509 2145 32 17 (lie
1550 2146 83 20 circular,
1649 2146 16 16 is
1682 2147 20 16 of
1718 2147 69 22 special
1803 2147 20 16 in-

1396 2169 59 16 terest
1463 2169 20 16 at
1492 2169 32 16 the
1533 2171 75 19 present
1616 2169 51 18 time.

1420 2197 70 18 Messrs
1500 2197 45 18 Karl
1555 2199 53 17 Bros,
1623 2199 37 17 and
1676 2199 93 17 Williams
1785 2200 48 16 have

1396 2221 19 16 at
1425 2223 77 20 present
1515 2221 19 16 in
1543 2221 49 17 their
1607 2221 56 23 yards
1681 2228 10 11 a
1708 2223 89 22 quantity
1814 2224 20 17 oi'

1396 2244 90 22 mangiao
1508 2244 37 17 and
1564 2245 125 22 honeysuckle
1707 2246 81 17 .suitable
1804 2247 30 16 for

1396 2267 161 17 cabinet-makers
1565 2268 37 16 and
1611 2268 157 18 coach-builders.
1799 2269 22 17 In-

1396 2290 85 22 spection
1490 2291 17 17 is
1514 2291 99 17 invited.**

1421 2318 37 17 The
1465 2317 45 19 Rev.
1518 2319 77 23 Temple
1602 2319 23 17 13.
1633 2319 23 17 E.
1662 2319 78 23 Temple
1745 2320 86 20 Candler,

1396 2341 57 17 Vicar
1461 2342 20 16 of
1495 2342 107 22 Stockport.
1628 2342 96 22 England,
1739 2343 43 17 who
1799 2343 33 18 has

1395 2364 48 17 been
1452 2365 104 21 officiating
1564 2366 18 16 ir.
1592 2366 33 17 the
1641 2366 101 22 Episcopal
1757 2366 74 18 Church

1395 2387 50 18 here,
1456 2387 70 22 during
1535 2388 31 17 the
1576 2388 5 17 l
1588 2390 23 16 ist
1621 2389 27 16 six
1663 2389 66 17 weeks,
1740 2390 91 22 preachel

1396 2411 28 16 his
1433 2411 117 23 valedictory
1561 2418 71 11 sermon
1639 2412 36 17 last
1683 2413 77 22 Sunday
1769 2413 62 21 night.

1396 2434 22 16 In
1428 2434 32 17 the
1470 2440 64 12 course
1543 2436 20 15 of
1573 2435 27 16 his
1608 2435 83 17 remarks
1701 2436 32 17 the
1740 2442 38 11 rev.
1785 2442 35 16 gen-

1396 2457 71 17 tleman
1477 2458 58 22 spoke
1544 2458 20 17 of
1573 2458 31 17 the
1613 2460 53 20 great
1676 2458 86 23 pleasure
1771 2460 14 17 it
1794 2460 38 17 hud

1395 2481 57 21 given
1461 2481 39 17 him
1510 2482 20 16 to
1538 2481 23 17 be
1571 2482 19 16 of
1599 2481 69 18 service
1677 2484 19 14 to
1706 2482 32 17 the
1752 2489 68 14 congre-

1395 2503 66 23 gation
1471 2504 70 21 during
1550 2505 32 16 the
1592 2510 81 16 vacancy
1683 2505 60 17 which
1754 2502 36 21 had
1801 2512 20 10 oc-

1395 2527 66 16 curred
1471 2528 50 16 since
1529 2528 32 17 Mr
1570 2528 97 22 Spencer's
1675 2528 114 23 departure..
1802 2530 20 17 He-

1396 2550 73 18 trusted
1478 2550 43 18 that
1530 2550 45 23 they
1584 2551 63 17 would
1654 2557 46 11 soon
1712 2552 47 17 have
1766 2559 11 10 a
1786 2553 36 16 resi-

1395 2573 46 17 dent
1449 2574 110 21 clergyman
1568 2576 88 20 amongst
1664 2575 52 17 them
1722 2576 64 21 again,
1794 2576 38 17 and

1395 2597 25 16 tin
1429 2597 9 16 t
1446 2597 33 17 the
1489 2598 63 16 future
1561 2598 19 17 of
1589 2598 31 17 the
1629 2598 76 18 Church
1719 2599 18 16 in
1747 2599 85 17 Eotorua

1395 2620 63 17 would
1468 2620 23 17 be
1501 2620 65 22 bright
1575 2620 161 24 and.prosperous.
1762 2622 31 17 He
1801 2629 20 10 re-

1395 2643 75 22 gretted
1479 2643 28 17 his
1516 2644 100 22 departure
1625 2645 49 17 from
1691 2651 63 12 scenes
1770 2646 60 17 which

1394 2667 24 16 he
1426 2667 65 17 would
1499 2667 70 22 always
1578 2667 43 17 look
1630 2667 47 17 back
1686 2674 52 17 upon
1748 2669 45 17 with
1799 2669 33 17 the

1395 2691 50 16 most
1453 2690 87 22 pleasant
1550 2691 133 17 recollections.
1709 2692 32 17 Mr
1752 2692 80 17 Candler

1394 2712 36 17 left.
1438 2713 86 17 Rotoina
1536 2714 31 17 for
1582 2714 100 17 Auckland
1698 2721 25 10 on
1739 2715 91 23 Monday,

1395 2736 38 17 and
1442 2736 136 23 contemplates
1590 2737 79 23 visiting
1686 2738 96 17 Australia
1797 2738 22 18 be-

1395 2759 40 17 fore
1444 2760 29 16 his
1482 2760 100 21 departure
1591 2761 30 17 for
1628 2761 96 20 England.

1418 2789 40 17 The
1474 2788 76 18 billiard
1574 2790 122 17 tournament
1720 2790 61 18 which
1797 2791 35 17 has

1394 2811 48 18 been
1451 2812 115 23 proceeding
1577 2813 30 17 for
1622 2818 52 12 some
1691 2814 45 16 time
1753 2815 43 20 past
1812 2816 19 15 at

1395 2835 32 17 the
1438 2835 52 17 Lake
1499 2835 65 18 House
1573 2836 75 17 billiard
1656 2842 53 12 room
1719 2836 112 24 (MrHuett)

1394 2858 16 17 is
1418 2864 44 11 now
1471 2858 87 23 drawing
1568 2860 18 16 to
1595 2866 11 10 a
1621 2859 54 18 close.
1702 2860 29 17 On
1747 2860 85 22 Monday

1394 2881 57 23 night
1460 2882 32 16 Mr
1500 2882 99 21 Morrison,
1612 2882 103 23 encoding
1730 2884 23 16 30
1761 2883 69 22 points,

1395 2910 43 12 won
1456 2905 49 17 from
1521 2905 31 17 Mr
1565 2906 58 20 Percy
1641 2905 66 21 Thom,
1725 2907 33 16 the
1775 2906 58 18 latter

1395 2928 76 22 spring
1480 2929 32 16 l.'iti
1521 2928 20 17 of
1548 2929 32 17 the
1595 2935 98 16 necessary
1711 2930 34 16 200
1761 2930 70 21 points.

1395 2951 96 23 To-night
1500 2952 32 16 the
1541 2952 71 17 winner
1620 2954 58 15 meets
1692 2953 32 16 Mr
1740 2953 92 18 AVilliams

1396 2975 54 16 whoa
1460 2981 11 10 a
1481 2975 50 21 good
1540 2981 55 16 game
1608 2982 45 16 may
1668 2976 24 17 be
1709 2976 122 22 anticipated.

1420 3004 31 16 Mi'
1460 3003 21 17 C.
1491 3003 81 20 Kusabs,
1581 3004 20 17 of
1609 3004 70 18 Messrs
1686 3005 75 18 Kusabs
1771 3006 59 19 Bros.,

1395 3027 16 17 is
1420 3025 160 24 superintending
1593 3027 32 17 the
1639 3028 82 18 erection
1731 3029 20 17 of
1759 3036 11 10 a
1778 3028 54 23 large

1396 3051 77 20 cottage
1481 3049 19 17 in
1515 3049 129 21 Hinemoa-st,
1661 3057 23 12 on
1704 3052 31 17 Iho
1752 3052 80 18 sections

1395 3075 47 15 next
1451 3073 40 16 The
1500 3073 105 21 Langham.
1619 3074 38 17 The
1665 3074 89 22 building
1762 3076 16 16 is
1787 3081 34 11 con-

1396 3096 85 17 structed
1490 3096 80 22 entirely
1578 3097 20 17 of
1606 3097 49 17 riiiiu
1668 3098 49 17 from
1733 3098 32 17 the
1774 3098 58 18 firm's

1397 3119 42 17 mill
1446 3121 21 15 at
1475 3119 98 21 Mamaku,
1583 3120 37 16 and
1629 3120 39 18 will
1681 3121 24 17 bo
1718 3121 81 17 finished
1808 3123 27 16 off

1396 3142 61 17 inside
1466 3142 46 17 with
1522 3143 54 20 tawa,
1587 3143 58 18 matai
1652 3143 37 18 and
1696 3146 48 15 rata.
1758 3145 17 16 A
1780 3145 53 21 large

1397 3166 70 17 t'mber
1475 3165 46 18 shod
1529 3166 16 16 is
1550 3166 59 23 being
1617 3167 79 20 erected,
1706 3173 20 12 as
1739 3168 16 17 it
1771 3168 15 17 is
1801 3169 32 16 the

1397 3189 95 17 intention
1501 3189 21 17 of
1529 3189 33 17 the
1570 3190 41 16 firm
1621 3191 20 16 to
1650 3190 50 18 form
1708 3197 12 11 a
1732 3190 72 18 branch
1814 3192 20 16 of

1398 3212 49 17 tlieir
1455 3212 85 17 business
1550 3212 49 18 here.
1613 3213 39 17 The
1660 3214 90 22 promises
1759 3214 17 16 in
1784 3215 50 16 their

1397 3236 84 21 entirety
1497 3235 39 17 will
1552 3236 52 17 show
1620 3237 21 16 to
1655 3237 56 17 much
1726 3237 108 23 advantage

1397 3258 33 17 the
1439 3258 117 23 capabilities
1568 3259 19 17 of
1595 3260 32 16 the
1642 3259 58 18 firm's
1711 3260 74 21 timber,
1796 3260 36 17 and

1397 3281 34 17 the
1439 3282 75 17 various
1522 3288 91 16 purposes
1621 3284 20 16 to
1649 3283 63 17 which
1726 3283 16 17 it
1757 3290 45 15 may
1809 3284 25 17 be

1397 3304 89 22 adapted.

1421 3334 39 16 The
1470 3334 49 16 Bath
1529 3335 38 15 fens
1575 3334 30 18 for
1615 3335 32 16 the
1663 3335 66 17 month
1748 3336 20 16 of
1783 3335 51 17 Juno

1397 3357 104 17 amounted
1510 3359 19 15 to
1539 3357 37 17 22
1586 3359 19 15 2s
1615 3357 23 17 lid
1647 3364 20 10 as
1678 3359 100 21 compared
1787 3359 45 16 with

1399 3380 26 16 .1'!)
1436 3381 29 16 14s
1475 3380 23 17 !)d
1507 3380 19 17 in
1538 3381 43 15 lSiKi
1597 3380 38 17 and
1649 3381 38 16 l2
1697 3382 20 16 2s
1726 3382 49 16 Odin
1782 3382 30 17 ISO
1812 3382 20 17 4.

1423 3408 81 22 Captain
1514 3407 67 18 Morris
1598 3408 74 18 M.L.C.
1690 3415 39 11 was
1745 3410 90 21 amongst

1398 3431 33 17 the
1439 3431 76 17 visitors
1523 3432 20 16 to
1555 3430 85 18 Rotorua
1656 3431 70 22 during
1743 3432 32 17 the
1791 3434 44 20 past

1399 3455 57 16 week.
1483 3454 30 17 He
1522 3460 38 10 was
1567 3454 32 17 the
1608 3456 55 20 guest
1672 3455 21 16 of
1703 3455 28 17 Dr
1748 3455 85 21 Ginders,

1399 3477 38 17 and
1444 3477 59 21 being
1512 3483 11 11 a
1531 3477 77 17 sufferer
1616 3477 49 18 from
1674 3477 76 18 sciatica
1757 3478 35 17 has
1801 3484 22 11 ex-

1399 3500 99 23 perienced
1506 3500 56 17 much
1570 3500 71 17 benefit
1648 3501 50 16 from
1706 3501 33 16 the
1745 3506 42 11 new
1795 3502 30 16 sul-

1399 3524 50 20 phur
1458 3523 52 17 bath.
1536 3523 54 22 Capt.
1601 3523 66 17 Fisher
1679 3523 36 17 left
1724 3524 37 17 this
1770 3530 52 12 morn-

1399 3546 35 23 ing
1442 3547 30 16 for
1481 3546 104 19 Auckland,
1593 3552 23 11 on
1625 3547 54 16 route
1696 3547 30 16 for
1742 3547 83 23 AVelling-

1399 3570 40 20 ton,
1449 3571 21 15 to
1479 3569 66 17 attend
1554 3570 19 15 to
1581 3569 29 17 his
1623 3568 106 23 legislative
1743 3570 68 18 duties.

1423 3598 33 17 Mr
1476 3597 64 22 Wray,
1556 3597 116 22 stipendiary
1689 3599 111 21 magistrate
1816 3601 21 16 of

1400 3621 83 20 Timaru,
1493 3620 38 17 and
1539 3621 31 16 Mr
1579 3620 20 17 F.
1610 3621 24 16 I).
1645 3620 54 18 Rich,
1710 3623 19 15 of
1738 3622 96 22 Okoroire,

1401 3650 31 10 are
1441 3645 20 15 at
1469 3644 77 21 present
1554 3644 19 16 in
1582 3643 85 18 Rotorua
1679 3643 69 24 taking
1764 3645 60 18 advan-

1401 3668 45 20 tage
1454 3667 21 17 of
1484 3672 34 11 our
1526 3667 81 17 thermal
1620 3667 62 17 baths.

1425 3694 26 17 As
1460 3700 24 10 an
1493 3693 84 18 antidote
1586 3695 20 16 to
1615 3694 33 17 the
1656 3695 100 23 croakings
1770 3697 20 16 of
1804 3697 33 17 the

1401 3716 113 22 pessimistic
1519 3716 113 18 individuals
1641 3718 42 16 who
1689 3724 32 11 are
1729 3719 108 23 constantly

1421 3740 86 22 praising
1515 3739 33 17 the
1556 3740 55 18 times
1619 3740 43 18 that
1670 3741 48 18 have
1723 3742 48 17 been
1800 3738 37 24 anil

1402 3762 101 23 deploring
1512 3763 31 16 the
1553 3763 77 17 outlook
1636 3764 30 16 for
1680 3764 33 18 the
1727 3765 69 20 future,
1809 3771 28 12 wo

1402 3785 53 22 print
1463 3785 32 17 the
1504 3784 100 24 following
1611 3787 131 24 encouraging
1749 3789 89 22 quatrain

1402 3809 49 16 from

1447 3836 44 17 .lust
1500 3836 55 17 make
1563 3842 48 16 your
1618 3838 42 17 best
1671 3838 99 22 endeavor,

1462 3859 55 17 Have
1526 3859 49 18 faith
1581 3860 75 18 instead
1664 3862 20 16 of
1696 3859 70 24 doubt;

1428 3882 19 16 If
1455 3882 55 17 times
1519 3888 48 11 were
1575 3883 50 22 good
1632 3884 30 17 for
1670 3890 44 12 over

1463 3905 58 17 What
1529 3905 55 18 could
1592 3912 38 16 you
1639 3907 60 22 growl
1706 3907 59 18 about

1427 3932 32 17 Mr
1467 3932 19 25 J.
1496 3932 25 17 H.
1531 3933 69 22 Taylor
1606 3933 38 18 will
1653 3934 34 17 sell
1695 3935 26 22 by
1729 3935 76 17 auction
1815 3942 24 10 on

1404 3955 87 22 Tuesday
1500 3957 47 15 next
1555 3958 20 15 at
1583 3957 32 16 the
1624 3958 59 21 goods
1692 3953 46 22 slied
1747 3959 22 15 (10
1786 3959 53 17 sacks

1404 3979 92 21 potatoes,
1507 3978 37 17 and
1552 3980 110 17 afterwards
1679 3982 20 16 at
1715 3981 29 17 his
1761 3981 52 17 Mart
1829 3988 10 10 a

1405 4001 89 22 quantity
1504 4001 20 17 of
1531 4003 100 17 furniture.

1441 4033 106 19 POWERS
1562 4034 32 18 OF
1603 4035 202 18 RECUPERATION

1407 4080 37 16 Are
1453 4080 82 17 existent
1543 4081 19 16 in
1571 4087 45 11 even
1625 4082 33 16 the
1672 4082 78 18 feeblest
1763 4085 76 20 system,

1407 4103 37 17 and
1453 4103 16 17 it
1477 4102 45 23 only
1530 4104 56 17 needs
1595 4111 11 10 a
1613 4104 113 18 wholesome
1733 4106 107 23 invigorant

1407 4125 37 18 like
1454 4126 77 18 Wolfe's
1540 4127 96 22 Schnapps
1645 4129 20 16 to
1677 4128 96 18 stimulate
1782 4129 58 18 them,

1862 117 1 22 i
1891 117 38 16 The
1938 117 45 17 Rev.
1997 117 50 17 .Tolin
2057 118 91 20 Hendrie,
2159 118 19 16 of
2195 117 106 20 Hamilton,

1862 135 1 23 !
1867 140 105 17 conducted
1980 140 134 18 Presbvterian
2122 141 71 16 service
2207 140 37 18 last
2253 141 36 17 Sun-

1866 161 37 23 day
1912 163 19 16 in
1940 163 33 18 the
1981 163 131 18 schoolliouse.
2138 163 31 18 He
2178 164 39 17 will
2223 164 80 17 officiate

1866 186 57 22 again
1932 187 47 16 next
1987 186 83 22 Sunday.

1890 218 32 17 Mr
1928 219 29 16 W.
1972 218 61 22 Kelly,
2050 218 81 18 M.H.B.
2146 218 15 17 is
2175 218 128 23 endeavoring

1866 243 21 15 to
1895 247 64 12 secure
1975 247 24 11 an
2015 241 123 18 amendment
2155 241 20 17 of
2190 241 33 18 the
2239 242 64 17 native

1866 264 59 17 lands'
1935 264 107 23 legislation
2051 265 21 16 of
2089 264 37 18 List
2139 264 77 21 session,
2235 264 19 17 in
2270 266 32 16 the

1865 287 91 17 direction
1972 288 20 16 of
2009 287 113 22 permitting
2136 287 113 18 half-castes
2265 288 37 18 and

1865 310 63 17 others
1937 311 20 16 of
1967 311 31 16 iho
2006 310 64 18 native
2079 316 41 12 race
2130 312 20 15 to
2159 311 48 16 lease
2214 317 21 11 or
2242 313 48 15 mort-

1865 338 50 17 gage
1923 334 50 17 their
1985 332 50 19 land.
2061 334 32 17 Mr
2110 333 58 23 Kelly
2182 334 65 17 thinks
2264 334 37 17 this

1865 356 63 17 would
1936 356 56 18 assist
1996 356 72 18 natives
2077 356 19 18 in
2105 356 73 23 paying
2183 356 51 18 their
2240 356 61 18 debts.

1888 384 32 16 Mr
1928 383 25 17 11.
1964 384 81 17 Stewart
2061 390 108 11 announces
2185 384 20 17 in
2222 384 81 17 another

1865 407 75 17 column
1949 407 43 17 that
2000 407 23 17 he
2038 407 39 17 will
2093 408 48 16 next
2157 406 51 18 week
2225 413 48 16 open
2290 414 11 10 a

1865 429 137 23 hair-dressing
2010 429 66 19 saloon
2084 431 21 16 in
2113 431 33 17 the
2155 430 31 18 old
2199 430 101 23 township,

1865 454 46 15 next
1920 452 45 18 door
1973 455 20 15 to
2003 454 31 16 Mr
2042 453 102 18 Samson's.
2169 453 34 18 We
2212 454 47 17 have
2276 459 25 12 no

1865 475 59 17 doubt
1932 475 24 18 he
1965 476 38 18 will
2011 477 50 17 meet
2072 476 46 18 with
2127 476 63 23 ample
2195 478 106 22 patronage

1865 497 31 18 Mr
1909 497 81 19 Stewart
2004 500 16 16 is
2037 500 40 17 also
2094 506 12 10 a
2122 500 143 22 photographer
2282 501 19 16 of

1864 520 93 19 admitted
1976 522 105 18 excellence
2101 522 38 18 and
2159 522 40 18 will
2219 528 49 18 open
2289 529 11 11 a

1864 544 62 18 studio
1934 544 21 18 in
1960 544 36 18 duo
2004 551 71 12 course.

1887 574 38 17 The
1936 573 85 18 Waiknro
2044 574 96 18 Advocate
2157 574 83 17 remarks
2257 575 43 17 that

1885 596 32 17 the
1940 596 78 18 absence
2047 598 49 17 from
2117 597 142 23 Ngaruawahia
2280 598 20 17 of

1864 619 63 23 Const.
1938 619 101 23 Cavansgh
2056 622 19 16 at
2096 621 86 17 Rotorua
2202 621 33 17 has
2251 621 48 17 been

1863 641 57 18 taken
1926 643 106 21 advantage
2039 645 20 16 of
2066 644 25 22 by
2100 644 53 17 those
2159 643 139 23 objectionable

1863 666 94 17 creatures
1965 666 68 17 known
2043 672 20 11 as
2072 666 58 19 sneak

1887 692 32 17 Mr
1927 692 27 17 M.
1972 692 86 22 Xieman,
2076 694 128 17 watchmaker
2220 695 20 17 of
2248 695 38 17 Tau-

1863 720 66 18 ranga,
1939 715 101 23 according
2048 718 20 16 to
2077 723 25 11 an
2119 720 151 15 announcement
2279 718 18 17 in

1863 737 20 18 in
1891 743 35 12 our
1933 737 85 19 business
2026 739 91 20 columns,
2134 739 75 19 intends
2223 742 20 16 to
2254 741 44 17 visit

1863 761 38 18 this
1910 762 52 17 town
1969 761 123 24 periodically
2101 763 30 18 for
2139 763 32 18 the
2184 769 81 17 purpose
2279 765 20 16 of

1863 784 125 23 overhauling
2007 785 68 18 erratic
2096 786 87 19 watches,
2202 788 32 16 &c.
2267 787 32 17 Mr

1862 807 81 18 Nieman
1962 807 37 18 will
2014 808 23 18 bo
2052 809 60 17 found
2129 809 21 17 at
2166 809 31 17 the
2214 810 84 18 Rotorua

1864 830 65 18 Hotel.

1854 860 1 25 j
1887 860 23 16 In
1919 860 80 18 another
2007 860 75 18 column
2091 861 38 17 will
2143 861 23 17 be
2179 861 60 17 found
2253 867 33 18 par-

1854 882 1 21 |
1863 883 82 19 tieulars,
1962 882 105 19 conditions
2082 885 20 16 of
2117 883 50 18 lease
2183 884 37 18 and
2237 885 59 18 rental

1854 906 1 19 !
1863 906 19 17 of
1891 906 71 17 certain
1970 906 80 17 sections
2058 906 20 17 in
2092 908 32 16 the
2138 907 146 18 Maraeroa-Otu-

1854 926 1 28 j
1863 934 32 13 roa
1903 929 60 17 Block
1972 929 60 18 which
2041 929 39 18 will
2089 930 23 17 he
2121 930 69 18 offered
2207 931 30 17 for
2253 937 33 12 auc-

1854 952 1 24 ;
1861 952 40 17 tion
1911 954 19 15 at
1937 953 32 16 the
1975 953 79 17 District
2059 953 54 17 Lnnd
2120 953 65 22 Office,
2191 954 105 22 Auckland,

1854 972 1 28 |
1863 981 24 11 on
1896 975 32 17 the
1937 975 44 18 25tli
1993 975 44 18 inst.

1885 1006 39 18 The
1941 1006 54 18 usual
2019 1007 88 24 monthly
2128 1009 85 21 meeting
2228 1009 21 17 of
2265 1009 31 18 the

1854 1029 1 25 j
1862 1029 80 23 Library
1953 1030 77 18 Commit
2035 1032 29 16 fee
2078 1030 46 19 took
2137 1031 53 23 place
2199 1032 18 17 in
2226 1031 32 18 the
2266 1032 20 17 in-

1861 1052 89 18 stitution
1960 1060 23 10 on
1990 1053 118 23 Wednesday
2113 1054 63 22 night,
2185 1055 53 18 when
2244 1056 52 17 there

1862 1081 48 12 were
1929 1078 75 21 present
2029 1076 70 18 Messrs
2124 1077 81 22 Purcell,
2229 1078 67 23 (chair)

1861 1099 125 21 Neighbour,,
1997 1099 54 19 ICirk.
2061 1100 76 21 Fairlie,
2147 1101 103 18 Protheroe
2258 1103 38 17 and

1861 1122 81 20 Seddon,
1953 1122 51 24 (lion,
2015 1122 44 23 sec.)
2084 1124 40 17 The
2140 1124 45 18 lion,
2204 1126 92 17 treasurer

1860 1145 62 18 stated
1932 1146 42 17 that
1983 1146 32 17 the
2023 1146 79 19 balance
2110 1147 20 17 in
2138 1147 52 18 hand
2203 1154 38 11 was
2258 1147 38 18 lO

1861 1169 19 17 7s
1891 1170 6 16 1
1903 1169 27 17 Id.
1968 1169 39 18 The
2021 1170 100 22 following
2143 1172 89 16 accounts
2247 1177 49 12 were

1859 1192 66 22 passed
1934 1192 30 18 for
1972 1193 147 22 payment.:T.
2129 1193 79 18 Samson
2217 1193 25 19 2
2254 1195 40 21 17s;

1860 1215 18 17 J.
1889 1215 51 20 Bird,
1950 1217 28 18 7s;
1992 1216 29 17 W.
2030 1216 100 21 Williams,
2142 1217 33 17 .liis
2190 1217 29 20 (id;
2233 1217 51 18 insur-

1861 1245 51 11 ance.
1923 1238 27 18 3
1961 1239 18 17 Is
1988 1238 28 18 3d.
2042 1239 40 17 The
2092 1242 93 21 secretary
2202 1240 62 17 stated
2272 1241 24 16 he

1860 1262 39 16 had
1907 1263 76 16 written
1990 1264 20 15 to
2019 1263 31 16 Mr
2058 1263 63 22 Kelly,
2139 1263 20 17 in
2173 1264 93 18 reference
2275 1266 20 16 to

1859 1285 32 17 the
1905 1285 133 23 .grant-in-aid
2059 1286 38 17 and
2113 1286 33 17 the
2162 1286 97 25 exchange
2275 1287 21 17 of

1859 1308 49 17 sites.
1934 1308 39 17 The
1981 1309 85 23 meeting
2074 1310 45 17 then
2136 1308 111 24 adjourned.

1882 1337 33 17 We
1925 1343 49 12 were
1983 1337 64 18 shown
2056 1338 34 17 the
2098 1338 55 17 other
2169 1338 37 23 day
2222 1339 26 22 by
2265 1339 31 18 Mr

1859 1360 139 18 Marchessoau.
2016 1367 11 10 a
2045 1361 67 22 couple
2128 1362 21 17 of
2164 1362 130 22 photographs

1858 1383 59 17 taken
1926 1383 27 23 by
1959 1384 31 17 Mr
1999 1384 70 19 Seelev,
2086 1391 11 10 a
2113 1386 65 16 recent
2193 1385 65 17 visitor
2275 1387 19 16 to

1858 1405 92 19 Rotorua.
1960 1407 61 17 which
2041 1407 74 23 though
2129 1408 116 22 professedly
2262 1409 32 16 the

1859 1430 52 17 work
1920 1431 20 16 of
1948 1437 24 10 an
1981 1431 86 16 amateur
2075 1431 61 18 artist,
2150 1437 87 17 compare
2246 1434 47 15 most

1858 1453 99 22 favorably
1966 1453 45 18 with
2019 1454 44 16 that
2080 1455 20 16 of
2117 1460 37 17 any
2171 1455 123 22 professional

1857 1477 147 21 photographer.
2029 1477 41 17 One
2079 1477 20 17 of
2108 1477 32 17 the
2152 1477 57 18 views
2223 1477 71 24 depicts

1858 1505 8 10 i
1878 1505 61 18 group
1948 1499 56 18 taken
2012 1501 17 16 at
2041 1500 88 18 Tikitere.
2148 1500 18 17 in
2181 1501 61 17 which
2260 1501 32 18 Mr

1858 1523 130 17 M.irchesseau
2125 1524 39 17 The
2181 1524 54 17 other
2250 1525 16 16 is
2282 1531 10 11 a

1857 1548 56 16 street
1923 1553 8 9 s
1943 1551 33 12 one
1985 1546 19 17 in
2012 1546 89 18 Dunedin
2116 1546 50 18 after
2182 1548 32 17 the
2230 1550 63 15 recent

1857 1570 88 16 snowfall
1953 1570 58 19 there,
2021 1570 38 17 and
2068 1570 47 17 bolli
2124 1570 82 23 pictures
2220 1571 74 17 exhibit

1857 1598 11 11 a
1877 1592 91 18 cleanups
1976 1593 20 17 of
2005 1595 44 15 tone
2054 1593 38 18 and
2098 1593 92 23 crispness
2197 1594 20 17 of
2221 1594 72 17 outline

1857 1616 70 17 seldom
1934 1617 38 16 met
1976 1616 44 17 with
2027 1622 46 11 even
2080 1617 19 16 in
2106 1616 124 23 professional
2234 1617 58 18 work.

1880 1639 33 17 We
1928 1639 48 17 have
1993 1640 82 17 received
2094 1640 47 17 from
2159 1640 32 17 the
2208 1640 72 18 Govern-

1857 1663 51 16 ment
1917 1662 73 22 printer
1994 1662 32 17 the
2033 1665 13 7 '
2054 1663 94 17 Statistics
2155 1661 21 19 of
2181 1663 33 17 the
2221 1663 73 24 Colony

1858 1685 29 17 for
1971 1685 111 23 containing
2090 1687 56 16 much
2160 1686 88 18 valuable
2262 1687 20 16 in-

1858 1708 101 17 formation
1967 1708 103 23 regarding
2079 1710 32 17 the
2123 1710 117 22 population,
2256 1710 25 17 im-

1856 1732 52 21 ]lefts
1917 1732 36 17 and
1964 1733 82 22 exports,
2054 1734 83 16 customs
2142 1738 86 15 revenue,
2237 1734 31 16 Ac.

1881 1760 40 18 Our
1941 1761 146 23 correspondent
2106 1762 21 16 in
2147 1762 33 17 the
2200 1762 89 17 Urewcra

1858 1785 80 20 e.e-..(,y
1946 1784 62 17 wi-ites
2016 1784 3 21 :
2046 1785 39 17 The
2094 1784 45 18 road
2146 1786 20 16 to
2180 1785 24 17 Te
2222 1785 71 17 Wliaiti

1857 1807 15 16 is
1881 1807 86 23 iViwitig
1975 1813 45 12 near
2028 1808 121 22 completion.
2159 1808 36 18 but
2209 1814 51 11 some
2272 1809 21 17 of

1858 1830 31 17 the
1898 1835 14 12 r<
1921 1830 3 24 i
1931 1830 12 17 k
1960 1830 51 17 work
2028 1830 38 18 and
2084 1831 81 18 culverts
2181 1832 39 17 will
2237 1832 55 22 delay

1857 1853 46 17 drav
1912 1854 61 17 traffic
1981 1854 30 17 for
2017 1854 60 18 about
2086 1861 10 11 a
2105 1855 67 17 month
2189 1856 38 21 yet.
2253 1855 38 17 The

1856 1876 46 18 bulk
1912 1877 19 15 of
1941 1877 31 17 the
1981 1883 41 11 men
2032 1878 38 17 will
2086 1884 45 11 soon
2140 1878 23 16 be
2180 1878 69 17 shifted
2259 1878 22 17 be-

1856 1900 49 21 yond
1912 1900 26 17 Te
1944 1900 70 17 Wliaiti
2021 1901 19 16 to
2046 1900 52 18 work
2104 1907 25 11 on
2138 1901 33 17 the
2178 1901 115 18 Ruatahuna

1857 1923 69 16 section
1935 1924 20 16 of
1964 1924 37 18 the.
2011 1924 53 17 road.
2090 1924 39 17 The
2146 1924 51 17 work
2214 1924 75 22 beyond

1856 1946 25 17 Te
1890 1946 70 18 Wliaiti
1970 1946 37 18 will
2015 1946 24 18 be
2047 1947 114 22 principally
2178 1948 60 21 heavy
2247 1948 44 17 rock

1857 1969 56 18 work,
1932 1976 20 10 as
1968 1970 32 17 the
2016 1969 47 19 road
2080 1976 44 11 runs
2145 1971 84 22 through
2246 1977 45 16 very

1856 1993 61 23 rough
1927 1995 84 19 country.
2039 1995 15 16 A
2065 1994 67 17 winter
2137 2000 54 15 camp
2196 1994 36 17 and
2239 2000 39 11 com-

1857 2016 77 21 missary
1945 2016 37 17 v.-ill
1991 2012 23 21 be
2023 2017 115 17 established
2146 2019 21 15 at
2179 2018 25 16 Te
2214 2018 76 17 Wliaiti.

1856 2039 69 17 Messrs
1934 2040 71 16 Turner
2011 2040 38 17 ami
2059 2040 120 22 Kensington
2188 2046 31 12 .-ire
2225 2040 67 23 hiving

1856 2059 38 26 eft'l
1900 2063 22 16 he
1931 2063 44 16 ro'i-1
1987 2063 75 22 beyond
2079 2063 24 17 Te
2119 2059 72 21 Wliaiti
2206 2063 36 17 and
2260 2070 31 10 are

1856 2087 33 15 not
1899 2086 86 17 troubled
1993 2086 25 22 by
2028 2086 32 17 the
2068 2086 80 17 natives.
2173 2087 32 16 Mr
2211 2086 80 22 Phillips

1856 2108 14 16 is
1879 2108 19 17 in
1907 2109 48 17 from
1965 2109 164 22 Maungapohatu,
2147 2110 72 21 having
2232 2110 38 17 had
2280 2115 9 12 n

1856 2132 85 16 dreadful
1952 2135 45 14 time
2003 2132 17 16 in
2030 2133 33 15 iho
2072 2138 58 12 snow.
2156 2133 31 17 He
2201 2133 53 17 looks
2269 2134 22 15 20

1856 2160 54 16 years
1919 2155 57 17 older.
2001 2155 33 17 Mr
2042 2155 26 18 11.
2078 2155 27 18 M.
2120 2155 72 19 Wilson
2201 2162 38 11 was
2248 2156 43 17 well

1856 2178 83 17 received
1945 2179 20 16 at
1972 2178 265 21 Ruatahunnandelscwheie;
2246 2179 45 22 only

1856 2202 37 16 two
1903 2202 19 16 of
1931 2202 32 16 the
1979 2201 106 18 sub-chiefs
2101 2208 49 11 were
2167 2203 75 20 against,
2258 2202 33 17 the

1855 2224 52 18 road.
1932 2224 74 18 Tutaka
2014 2225 90 22 Nguliau,
2115 2225 32 17 the
2164 2226 50 16 chief
2230 2225 20 17 of
2258 2226 33 16 the

1856 2247 163 23 Maungapohatu,
2030 2254 38 11 was
2077 2250 21 15 at
2113 2249 106 17 Whirinaki
2236 2255 55 16 camp

1856 2270 31 17 the
1896 2271 55 16 other
1960 2271 42 22 day.
2028 2271 30 18 He
2068 2272 16 16 is
2091 2272 21 17 in
2121 2272 53 17 favor
2181 2273 19 16 of
2206 2271 31 18 the
2244 2272 47 17 road

1855 2293 37 17 and
1901 2294 15 17 is
1928 2300 12 12 a
1956 2293 36 18 tine
2006 2295 94 22 specimen
2117 2296 20 16 of
2153 2296 33 16 the
2202 2294 89 19 old-time

1855 2317 67 17 Maori.
1948 2317 61 17 Lieut.
2019 2318 65 18 Hume
2092 2317 16 19 is
2116 2324 44 12 now
2168 2319 20 17 in
2193 2318 45 18 char
2239 2324 24 12 ere
2271 2320 20 16 at

1854 2340 25 17 To
1890 2340 77 17 Wliaiti.

1949 2394 67 18 BALL
2030 2395 32 17 AT
2071 2396 117 16 GALATEA.

1879 2441 40 17 Our
1934 2440 79 19 Galatea.
2027 2441 147 23 correspondent
2192 2440 74 24 writes:

1855 2465 38 16 The
1901 2470 42 11 now
1959 2464 127 18 Government
2179 2467 19 15 at
2213 2465 78 17 Gi.latea

1854 2494 38 10 wis
1901 2494 23 10 or
1926 2487 45 18 end
1984 2494 23 11 on
2023 2488 33 18 the
2071 2488 32 18 sth
2121 2488 78 20 instant,
2217 2488 38 18 and
2271 2491 20 14 to

1855 2510 92 18 celebrate
1955 2511 32 17 the
1995 2512 84 17 eeo-sion
2089 2519 9 10 a
2109 2512 38 16 liiill
2157 2518 38 11 wits
2204 2512 56 20 given
2271 2514 20 15 to

1856 2534 31 17 tlx-
1897 2534 64 18 native
1969 2534 35 18 iiTid
2015 2535 101 20 European
2126 2535 91 17 residents
2227 2536 19 16 of
2259 2536 32 16 the

1855 2558 127 18 surrnun'Mnr'
1997 2558 90 18 di'stric's.
2114 2559 15 17 A
2146 2559 53 19 largo
2211 2559 81 17 number

1855 2581 19 16 of
1895 2583 64 14 n-nest
2104 2581 70 18 several
2196 2582 48 17 from
2266 2582 25 17 To

1854 2605 76 18 AAlmiti.
1947 2605 109 18 Wlii-'n.'i]--;.
2073 2606 36 17 -irifl
2126 2605 26 18 To
2166 2604 65 18 Houlii
2243 2611 49 12 were

1854 2630 81 18 present,
1943 2628 36 16 ini'l
1989 2628 33 18 fh<>
2030 2629 54 18 nffii.il'
2092 2634 39 12 wis
2143 2628 21 18 in
2178 2634 56 12 ovorv
2249 2634 43 13 tvnv

1854 2658 23 10 nil
1887 2651 113 23 unqualified
2010 2658 79 12 success.
2100 2652 65 19 mirth,
2173 2651 117 23 enioymeut.

1854 2675 37 17 and
1900 2675 66 22 hearty
1976 2675 51 22 good
2035 2675 72 23 feeling
2116 2675 59 23 being
2187 2675 33 18 tlio
2236 2675 55 18 order

1854 2699 20 16 of
1882 2698 32 17 the
1923 2698 43 19 dav,
1976 2705 20 10 or
2004 2699 66 17 rather
2078 2700 86 18 evening.
2183 2698 96 18 Thebuild-

1853 2722 40 21 ing.
1903 2722 33 18 the
1944 2722 114 18 dimensions
2067 2723 20 17 of
2095 2722 62 18 which
2171 2728 32 12 are
2216 2723 22 15 .'!()
2253 2722 38 18 feet

1853 2745 26 17 hv
1896 2746 21 16 20
1939 2745 43 18 fee*,
2003 2751 40 11 was
2058 2745 116 23 beautifully
2191 2744 99 19 decorated

1854 2769 44 16 with
1909 2769 51 16 *eyns
1968 2768 36 17 and
2020 2775 116 13 evergreens,
2152 2769 37 16 and
2203 2775 38 10 was
2256 2769 23 16 ad-

1854 2792 81 17 mirably
1943 2791 59 18 suited
2012 2793 30 16 for
2051 2793 32 16 the
2091 2792 91 18 occasion,
2189 2792 33 17 the
2230 2791 61 18 whole

1853 2815 48 17 floor
1907 2815 59 20 being
1974 2817 28 15 set
2075 2816 29 17 for
2119 2816 32 17 the
2168 2815 86 17 devotees
2271 2816 20 17 of

1854 2838 126 19 Terpsichore.
1988 2839 56 17 while
2055 2839 20 17 in
2083 2839 33 17 the
2124 2839 117 17 schoolroom
2256 2839 23 17 ad-

1854 2862 75 21 joining
1938 2869 11 9 a
1958 2862 86 20 splendid
2051 2863 63 20 repast
2122 2868 39 11 was
2175 2862 39 17 laid
2229 2862 60 17 which

1854 2891 38 11 was
1901 2885 74 22 groatlv
1991 2884 120 24 appreciated
2128 2885 26 17 hv
2170 2885 32 17 the
2218 2887 72 19 guests.

1855 2909 38 16 The
1902 2909 111 19 committee,
2025 2907 108 23 (especially
2142 2909 32 17 Mr
2182 2909 28 16 AV.
2229 2909 59 22 Bird),

1855 2931 74 18 worked
1939 2931 46 18 hard
1994 2932 19 17 in
2023 2931 55 18 order
2086 2933 20 16 to
2115 2938 67 11 ensure
2190 2937 25 12 nn
2223 2932 56 22 enjoy-

1855 2954 41 17 able
1907 2961 45 10 even
1954 2955 39 18 inc.
2008 2955 36 16 and
2060 2961 49 10 were
2122 2955 65 21 amplv
2201 2961 77 16 compen-

1855 2978 52 17 sated
1915 2978 26 17 hv
1950 2978 32 17 the
1990 2978 124 18 exceedingly
2124 2978 106 21 gratifying
2239 2983 39 13 com-

1854 3001 89 20 pliments
1952 3002 19 16 of
1984 3001 54 17 those
2051 3002 81 18 present.
2163 3002 38 16 The
2218 3007 72 12 success

1855 3025 19 16 of
1887 3025 32 16 tlio
1933 3024 79 22 evening
2025 3030 38 11 was
2080 3024 73 21 mainly
2169 3025 36 17 duo
2222 3026 19 15 to
2258 3025 32 17 the

1854 3048 67 16 kindlv
1929 3048 93 16 exertions
2039 3048 21 17 of
2072 3048 107 17 Mesdamos
2193 3048 18 18 J.
2229 3048 61 17 AVvlie

1855 3071 36 17 and
1900 3071 29 17 AV.
1938 3070 51 18 Bird,
2000 3070 60 18 under
2069 3071 63 17 whose
2140 3077 45 16 very
2198 3071 92 17 excellent

1854 3095 133 19 management
1995 3094 25 16 all
2029 3094 33 17 the
2069 3096 142 20 arrangements
2218 3095 18 16 in
2244 3101 34 11 con-

1854 3117 75 17 nection
1937 3117 45 16 with
1992 3117 33 16 the
2034 3123 69 15 supper
2111 3123 49 12 wore
2169 3117 71 18 carried
2249 3119 39 16 out.

1855 3140 60 17 Music
1924 3146 38 11 was
1971 3140 86 19 snnpliod
2065 3140 26 23 hy
2099 3141 71 17 Messrs
2182 3140 73 19 Baillie.
2270 3140 19 17 .T.

1855 3163 60 21 AVylie
1932 3163 36 17 and
1983 3164 28 16 AY.
2030 3164 52 19 Bird,
2100 3164 38 17 and
2155 3164 82 19 dancing
2251 3170 39 11 was

1854 3186 46 21 lcopt
1909 3192 26 15 up
1942 3186 19 17 in
1971 3193 11 10 a
1990 3187 79 21 spirited
2077 3192 79 12 manner
2164 3187 49 17 until
2222 3189 10 14 8
2245 3194 44 10 a.m.

1855 3216 22 10 en
1888 3210 32 16 the
1928 3210 99 21 following
2035 3210 94 22 morning,
2140 3211 20 16 at
2168 3211 60 17 which
2243 3211 48 16 hour

1855 3233 32 17 the
1900 3233 85 17 national
1999 3234 78 17 anthem
2091 3240 38 11 was
2143 3240 51 14 sung
2206 3233 37 18 and
2258 3234 32 17 the

1855 3262 94 15 company
1954 3255 101 22 dispersed,
2065 3263 34 11 one
2108 3257 37 17 and
2155 3257 25 17 all
2194 3256 97 22 declaring

1855 3279 43 17 that
1905 3285 11 10 a
1925 3285 50 11 more
1983 3279 88 22 pleasant,
2079 3280 103 20 cathering
2189 3280 39 17 had
2234 3286 57 11 never

1853 3302 49 18 ,l>eon
1910 3302 44 19 lipid
1962 3302 20 17 in
1991 3303 33 17 the
2041 3302 79 19 district.
2154 3302 58 19 Great
2228 3304 63 20 regret

1855 3331 38 11 was
1902 3326 98 17 ex-pressed
2009 3326 27 16 hv
2044 3326 26 17 all
2084 3328 77 20 present
2175 3328 21 15 at
2209 3326 33 17 the
2255 3325 24 18 ab-

1856 3354 53 11 sence
1918 3349 20 16 of
1946 3349 30 17 Mr
1985 3349 26 17 H.
2024 3349 71 17 Munro
2110 3349 78 20 Wilson,
2203 3349 88 19 enarinecr

1855 3371 19 17 in
1886 3371 69 21 charge
1964 3373 19 16 of
1996 3372 69 19 woi-ks,
2080 3372 43 18 who
2136 3379 39 11 was
2188 3372 69 18 unahlc
2270 3373 21 17 to

1856 3394 66 17 attend
1931 3395 63 19 owinsr
2001 3396 21 16 to
2031 3396 32 17 the
2071 3401 86 17 pressure
2174 3396 20 17 of
2206 3396 85 17 business

1856 3418 21 16 at
1889 3418 112 18 AVliirinnki.
2035 3419 96 19 Amonarst
2146 3419 53 17 those
2215 3420 77 21 present

1856 3446 48 11 were
1914 3441 32 17 the
1953 3441 99 22 following
2059 3441 3 22 :
2076 3441 106 18 Mesdamos
2190 3442 18 17 J.
2223 3442 67 18 AYvlie,

1856 3464 29 17 AV.
1895 3464 52 17 Bird.
1957 3465 103 18 Bohinson.
2074 3465 73 19 Malier,
2161 3465 61 19 Bemi,
2237 3465 40 17 Sam-

1856 3493 39 11 son.
1914 3488 37 16 and
1967 3487 100 23 Narahero:
2093 3488 67 18 Misses
2180 3488 61 22 AVylie
2257 3488 19 20 (.'i
2277 3487 3 23 1
2281 3490 9 17 ),

1858 3509 85 18 (Galatea
1947 3510 12 18 V
1968 3510 68 21 Wylie.
2046 3511 33 22 (To
2088 3511 80 18 HouhiV
2178 3512 66 17 Crane.
2258 3511 33 21 (Te

1858 3533 64 22 Toko),
1932 3533 57 23 Nelly
1997 3534 52 19 Bird,
2061 3533 86 19 Crownio
2159 3534 67 20 Lamb,
2241 3534 51 18 Celia

1856 3556 68 19 L'lmh,
1934 3556 37 18 and
1979 3563 11 11 a
1998 3557 54 22 large
2067 3557 80 18 number
2159 3563 52 12 more
2223 3557 21 17 of
2260 3557 32 17 the

1857 3580 36 17 fair
1902 3585 31 12 sex
1943 3580 61 17 whoso
2013 3586 64 11 names
2086 3587 48 16 your
2147 3579 144 20 correspondent

1857 3603 15 16 is
1881 3603 69 17 unable
1958 3604 20 16 to
1989 3603 72 18 obtain.
2092 3604 95 20 Amongst
2199 3604 33 16 the
2246 3609 37 12 <ren-

1857 3625 70 18 tlomon
1936 3628 75 16 present
2018 3632 50 11 were
2075 3627 71 17 Messrs
2158 3627 67 21 Wylie,
2241 3626 50 18 Bird,

1857 3650 18 15 AA
1875 3650 6 7 r
1882 3650 4 19 .
1896 3650 72 17 Butler.
1978 3650 73 19 Baillie,
2060 3650 72 18 Maher.
2143 3650 59 19 Bemi,
2211 3650 68 16 AVhare-

1857 3672 51 19 lmia,
1919 3672 77 23 Lopdell
2006 3672 33 23 (2).
2049 3673 79 20 Turner,
2141 3673 61 21 AVylie
2216 3672 33 23 (3h
2265 3672 27 17 M.

1858 3695 92 19 Pousrlas,
1960 3696 98 22 Kennedy,
2069 3696 97 17 Robinson
2175 3695 37 18 and
2220 3702 10 10 a
2240 3695 52 23 large

1858 3718 81 17 number
1947 3719 19 16 of
1975 3719 69 16 others.

1888 3768 53 16 THE
1953 3767 121 18 ROTORUA
2088 3767 168 18 SANATORIUM.

1883 3813 34 16 Wo
1926 3819 31 11 are
1972 3819 43 11 now
2030 3813 20 17 in
2067 3814 105 21 possession
2185 3814 20 17 of
2222 3813 74 17 further

1860 3835 74 21 details,
1943 3836 46 17 than
1999 3842 48 11 wore
2057 3836 93 18 available
2157 3836 26 23 by
2197 3835 99 22 telegraph

1860 3859 37 17 last
1912 3859 57 17 week,
1986 3860 19 16 in
2022 3859 69 23 regard
2108 3861 20 15 to
2145 3859 32 17 the
2194 3859 101 17 discussion

1861 3882 61 17 which
1930 3882 46 17 took
1987 3882 54 22 place
2058 3883 18 16 in
2094 3883 33 16 the
2144 3883 66 16 House
2225 3888 25 11 on
2265 3882 31 16 the

1861 3904 74 21 subject
1943 3905 19 17 of
1970 3905 32 17 the
2011 3904 85 19 Hotorua
2110 3905 125 18 Sanatorium.
2265 3904 33 17 Mr

1861 3929 21 15 T.
1898 3928 115 18 MacKcnzie
2027 3928 88 18 declared
2129 3929 43 17 that
2184 3928 33 18 the
2230 3928 67 16 waters

1861 3950 37 18 had
1907 3952 35 16 not
1950 3951 47 18 been
2005 3951 91 18 analysed
2105 3952 29 17 for
2142 3957 59 17 years,
2211 3949 38 19 and
2256 3950 40 17 that

1862 3975 67 16 waters
1942 3974 19 17 of
1974 3980 11 10 a
1999 3975 70 21 totally
2085 3974 87 18 different
2188 3974 45 17 kind
2250 3979 48 11 wore

1862 3996 106 18 sometimes
1982 3996 47 18 used
2042 3997 20 17 in
2076 4003 35 11 one
2127 3997 52 17 bnth.
2213 3996 30 18 He
2260 3995 38 18 also

1862 4019 72 21 hinted,
1950 4019 102 21 according-
2064 4021 20 15 to
2098 4021 33 15 the
2145 4020 48 17 Star,
2208 4019 43 17 that
2267 4019 32 17 the

1863 4042 72 17 officers
1943 4042 32 17 did
1983 4043 35 17 not
2027 4043 43 16 take
2084 4043 92 17 sufficient
2189 4043 76 16 interest
2280 4042 19 17 in

1863 4065 50 17 their
1921 4066 87 21 patients,
2018 4066 45 17 that
2071 4066 33 16 the
2114 4066 78 18 chareos
2204 4070 49 12 were
2266 4064 22 18 ab-

1863 4088 66 20 surdly
1936 4089 47 21 liifrh
1992 4089 38 17 and
2039 4089 44 18 that
2093 4089 32 17 the
2140 4089 56 17 baths
2209 4094 47 11 were
2268 4090 31 15 not

1863 4111 92 18 available
1964 4111 29 18 for
2001 4117 78 17 persons
2088 4112 20 17 of
2116 4111 95 18 moderate
2224 4116 64 12 means

1863 4134 18 17 in
1890 4134 53 17 short
1951 4134 42 18 that
2002 4134 32 18 the
2043 4135 61 17 whole
2117 4134 107 18 institution
2238 4134 20 17 in
2271 4134 28 17 its'

2326 121 76 18 present
2418 120 49 16 state
2483 125 39 12 was
2538 126 11 10 a
2562 120 51 22 liugc
2629 120 80 17 mistake
2725 120 37 17 ;m'l

2326 142 43 18 t'rat
2377 142 15 18 it
2401 142 63 18 would
2472 142 25 18 Te
2505 142 44 18 well
2557 144 20 16 to
2585 148 61 17 sweep
2655 143 14 17 it
2681 146 54 19 awaj-
2749 144 13 16 if

2325 165 17 17 it
2349 171 49 11 were
2405 167 34 15 not
2451 165 100 18 reformed.
2577 165 27 17 Dr
2616 165 93 18 Newman
2723 166 39 18 also

2326 188 105 17 contended
2440 189 43 16 that
2495 189 33 16 the
2542 189 120 18 Sanatorium
2677 195 39 11 was
2728 189 23 18 be-

2319 212 1 23 (
2326 212 76 21 coining
2422 218 45 15 very
2487 212 114 23 unpopular.
2634 212 38 17 The
2692 212 70 23 figures

2324 235 72 21 proved
2408 235 22 17 it.
2455 235 40 17 The
2507 235 80 17 number
2600 235 20 17 of
2633 235 76 17 visitors
2723 241 39 11 was

2325 257 69 23 falling
2410 258 28 17 off
2449 257 59 23 .solely
2522 258 63 22 owing
2601 259 20 16 to
2634 258 33 17 the
2683 264 43 17 way
2742 259 19 16 in

2324 281 61 16 which
2395 280 32 18 the
2436 281 53 22 place
2497 287 39 12 was
2544 280 100 23 managed.
2664 282 30 16 Tic
2701 282 61 21 urged

2324 309 12 11 a
2344 304 48 17 total
2397 304 129 18 reformation.
2552 304 19 18 31
2574 311 9 10 v
2591 301 71 21 Reeves
2668 304 94 18 defended

2324 327 32 16 the
2372 327 72 17 officers
2457 327 19 17 in
2490 327 75 22 charge,
2582 327 101 22 especially
2697 334 20 10 as
2730 334 21 10 re-

2324 349 57 22 gards
2389 349 33 18 the
2431 350 74 22 alleged
2518 351 68 18 misuse
2604 351 20 16 of
2639 350 33 17 the
2681 351 78 17 Priest's

2324 372 38 17 and
2370 372 71 19 Rachel
2449 373 63 18 baths.
2543 374 39 17 The
2598 373 83 18 Premier
2699 373 61 18 stilted

2324 395 43 17 that
2375 396 33 17 the
2416 396 93 18 members
2518 397 74 21 finding
2604 396 49 18 fault
2666 396 95 23 appeared

2323 419 21 16 to
2360 418 49 18 have
2425 420 122 16 information
2565 419 43 18 that
2624 419 33 17 the
2673 420 74 17 Govern-

2323 443 53 15 ment
2384 442 38 17 had
2429 442 49 17 been
2486 443 69 18 unable
2564 445 20 15 to
2592 444 39 22 get.
2662 443 39 16 The
2719 445 41 15 cost

2324 464 20 17 of
2359 464 60 23 doing
2435 465 36 18 full
2486 466 69 22 justice
2575 468 20 15 to
2615 466 49 17 their
2680 465 79 18 mineral

2324 489 67 15 waters
2399 489 63 17 would
2471 489 23 17 he
2502 495 46 17 very
2556 489 134 18 considerable.
2720 490 39 16 The

2323 510 128 19 Government
2459 512 38 17 had
2505 512 48 17 been
2561 512 116 23 purchasing
2687 518 20 11 as
2721 513 39 16 fast

2323 539 21 11 as
2352 534 81 22 possible
2442 536 20 16 at
2469 535 180 20 Wliakarewarcwa,
2659 536 38 16 and
2710 541 49 12 were

2323 556 76 23 getting
2407 557 41 18 into
2457 564 10 10 a
2476 558 120 22 satisfactory
2605 560 54 16 state.
2676 558 26 17 To
2710 558 49 18 have

2323 579 102 18 interfered
2433 581 46 17 with
2490 581 51 17 what
2549 581 38 18 had
2594 581 48 17 been
2659 581 60 22 going
2734 588 24 10 on

2323 602 62 18 would
2394 602 48 18 have
2450 603 91 19 hindered
2550 605 32 17 the
2598 605 127 17 Government
2739 605 20 16 in

2322 626 100 23 acquiring
2429 627 33 16 the
2471 626 62 19 shares
2542 628 46 22 they
2596 627 94 23 required.
2706 628 53 17 Thev

2321 649 64 17 would
2391 649 34 17 ask
2432 650 31 17 for
2471 650 83 23 supplies
2563 654 19 14 to
2591 650 66 18 enable
2670 650 53 18 them
2739 652 19 16 to

2321 671 53 23 place
2389 672 32 17 tin*
2436 673 78 17 minrir.il
2530 675 68 17 waters
2614 674 60 17 under
2690 679 69 17 proper

2321 695 117 22 supervision
2446 696 38 17 and
2492 697 79 18 control.
2596 696 44 18 This
2646 703 39 11 was
2693 703 55 11 neces-

2321 723 44 17 sary
2373 718 38 18 and
2418 719 63 18 would
2487 719 24 18 be
2520 720 54 17 done.
2600 720 30 17 lie
2643 720 85 17 believed
2743 720 13 17 it

2321 741 63 18 would
2393 741 23 17 be
2425 741 51 24 good
2484 744 20 15 lo
2513 744 34 21 get
2560 749 50 12 some
2625 745 67 19 expert
2708 744 50 16 from

2321 764 32 17 the
2362 766 55 21 great
2427 765 79 18 mineral
2519 766 75 22 springs
2610 767 21 17 of
2646 766 77 23 Europe
2738 769 20 14 to

2321 789 64 21 report
2394 793 24 12 on
2427 795 21 10 or
2457 790 20 15 to
2492 795 80 17 manage
2587 790 33 17 the
2636 790 75 22 springs
2729 790 30 16 for

2321 816 51 12 some
2380 810 52 18 time.
2458 812 39 17 The
2507 812 123 23 expenditure
2639 814 21 16 of
2676 813 82 18 2(1.000

2321 840 23 10 on
2353 834 34 17 the
2396 834 84 18 Rotorua
2489 835 75 22 springs
2569 836 63 17 would
2639 835 24 18 be
2669 837 45 16 wise
2719 836 38 17 am]

2320 858 34 16 not
2363 857 99 18 excessive.
2494 858 44 17 This
2552 863 149 14 announcement
2719 865 39 11 was

2320 880 84 17 received
2413 880 46 17 with
2469 880 66 18 tokens
2545 883 20 16 of
2577 882 90 21 approval
2681 882 26 18 bv
2724 882 33 17 the

2320 903 71 18 House.

2373 956 121 18 MEETING
2507 957 33 17 OF
2553 957 141 19 RESIDENTS.

2344 1003 14 16 A
2369 1003 84 22 meeting
2462 1003 20 17 of
2488 1005 173 21 property-owners
2666 1005 38 17 and
2710 1003 4 23 l
2719 1004 28 18 esi-

2310 1024 1 29 ]
2319 1024 55 19 dents
2382 1025 46 18 took
2438 1025 52 23 place
2500 1028 19 14 at.
2528 1026 51 18 Lake
2586 1028 65 17 House
2656 1028 37 17 last
2699 1028 43 17 Wed-

2310 1048 1 25 |
2319 1048 72 22 nosday
2398 1049 57 22 night
2464 1050 29 16 for
2500 1049 32 17 the
2539 1056 80 17 purpose
2625 1052 21 16 of
2651 1050 106 23 discussing

2310 1071 1 24 !
2319 1071 71 18 certain
2402 1073 79 16 matters
2498 1072 95 23 affecting,
2603 1073 50 18 their
2668 1074 89 17 interests

2310 1094 1 24 i
2319 1094 37 17 and
2377 1094 79 23 making
2476 1096 45 22 ]>re]i
2525 1103 10 10 n
2538 1094 60 24 lina:y
2614 1098 142 20 arrangements

2319 1117 30 17 for
2357 1124 12 10 a
2376 1118 65 22 public
2453 1118 85 24 meeting
2551 1120 54 16 when
2620 1120 32 17 the
2666 1120 57 17 views
2737 1121 20 17 of

2310 1141 1 24 ;
2319 1141 91 17 residents
2427 1141 103 23 generally,
2554 1148 23 12 on
2598 1143 74 17 various
2692 1144 64 21 points

2310 1164 1 24 j
2318 1169 45 17 may
2378 1164 23 17 be
2416 1171 51 11 more
2481 1165 49 21 fully
2544 1166 121 18 ascertained.
2696 1167 60 17 There

2310 1189 1 21 ;
2318 1193 38 11 was
2373 1193 12 11 a
2398 1189 147 21 representative
2561 1190 112 17 attendance
2687 1190 20 17 of
2723 1190 33 17 the

2310 1209 1 28 j
2318 1209 92 19 residents
2418 1211 20 17 of
2446 1211 33 17 the
2488 1211 31 17 old
2528 1212 99 23 township,
2641 1212 37 18 and
2692 1213 31 17 Jlr
2736 1213 18 17 J.

2310 1233 1 23 I
2318 1233 26 17 H.
2362 1234 69 21 Taylor
2453 1234 59 22 being
2532 1235 57 17 voted
2610 1237 20 16 to
2651 1237 33 17 the
2704 1236 52 17 chair

2310 1257 1 23 S
2318 1257 73 22 opened
2399 1257 33 17 the
2442 1258 89 22 meeting.

2310 1279 1 21 !
2340 1280 42 17 Mrs
2391 1279 88 21 Graham,
2489 1281 33 17 the
2531 1287 92 12 convener
2631 1282 20 17 of
2657 1283 33 16 the
2695 1284 48 15 meet-

2310 1303 1 24 :
2317 1303 39 21 ing,
2366 1303 63 17 stated
2438 1304 42 16 that
2489 1310 20 10 as
2518 1305 52 17 there
2578 1305 38 17 had
2624 1305 47 18 Iwu
2680 1312 11 10 a
2704 1306 50 21 good

2310 1325 1 21 1
2317 1325 42 18 deal
2368 1327 20 16 of
2396 1326 40 18 talk
2446 1327 19 17 of
2474 1327 38 18 late
2520 1327 58 19 about
2587 1328 32 17 the
2627 1331 61 15 wants
2697 1329 21 17 of
2723 1329 34 17 the-

2310 1349 1 24 I
2318 1350 49 15 town
2377 1349 33 18 she
2418 1350 37 17 had
2465 1350 84 23 thought
2558 1352 14 16 it
2581 1352 95 17 advisable
2690 1354 19 15 to
2718 1352 37 17 call

2317 1379 9 9 a
2337 1373 35 16 few
2382 1374 20 16 of
2411 1372 32 18 the
2452 1374 67 21 people
2528 1374 87 22 together
2624 1381 20 11 so
2657 1375 43 18 that
2708 1376 46 22 they

2317 1395 54 17 could
2381 1397 74 16 consult
2465 1403 20 10 as
2493 1398 21 16 to
2523 1398 32 16 the
2564 1398 41 16 best
2614 1404 64 12 means
2690 1399 20 16 of
2724 1399 20 17 in-

2317 1425 11 10 v
2337 1419 51 21 iking
2396 1419 33 17 the
2439 1419 102 18 assistance
2550 1421 20 17 of
2578 1421 32 17 the
2619 1421 111 18 authorities

2316 1441 48 18 local
2373 1442 38 17 and
2420 1444 150 21 governmental.
2587 1445 26 16 At
2619 1446 75 21 present
2701 1445 53 18 there

2316 1470 38 12 was
2363 1472 11 10 a.
2383 1465 50 22 good
2443 1466 40 17 deal
2494 1467 20 17 of
2522 1467 40 17 talk
2576 1468 58 17 about
2648 1468 49 17 what
2715 1475 39 10 was

2316 1489 90 21 required,
2412 1491 19 15 to
2439 1489 24 17 be
2472 1489 48 18 done
2528 1489 35 19 but
2571 1496 25 12 no
2605 1490 80 19 decisive
2703 1494 51 19 steps

2316 1517 48 12 were
2374 1512 63 17 taken.
2467 1512 40 18 The
2519 1513 58 18 Town
2591 1514 62 17 Board
2667 1521 39 11 was
2721 1515 33 17 the

2315 1539 65 18 power
2387 1535 19 17 in
2416 1536 32 16 the
2457 1536 73 17 district
2538 1538 20 16 to
2565 1537 59 20 which
2632 1538 46 21 they
2685 1538 69 17 should

2316 1557 76 18 address
2401 1559 112 17 themselves
2521 1560 38 17 and
2568 1560 62 18 unless
2645 1561 43 17 that
2702 1560 51 24 body

2316 1586 38 12 was
2363 1582 120 22 approached
2492 1583 14 16 if
2516 1589 38 11 was
2563 1584 83 22 unlikely
2655 1585 43 17 thfit
2704 1590 36 17 any-

2316 1604 55 22 thing
2380 1605 63 17 would
2452 1606 23 16 be
2484 1606 84 18 effected.
2583 1607 16 16 It
2610 1613 38 11 was
2654 1613 98 17 necessary

2315 1627 43 17 that
2367 1628 46 21 they,
2427 1628 68 18 should
2512 1629 47 18 have
2575 1630 49 17 their
2640 1632 61 16 wants
2718 1632 35 21 put

2315 1650 64 18 before
2388 1651 32 17 the
2429 1652 63 17 Board
2500 1652 19 17 in
2528 1658 69 17 proper
2603 1652 64 24 shape.
2692 1654 60 18 These

2315 1679 49 12 wore
2372 1674 34 17 her
2414 1680 20 12 re
2440 1681 49 12 'sons
2498 1676 30 17 for
2541 1675 71 24 calling
2622 1677 33 17 the
2668 1677 85 22 meeting

2316 1697 88 22 together
2412 1698 37 17 and
2458 1699 15 16 it
2481 1705 39 11 was
2533 1699 30 17 for
2575 1699 54 18 those
2642 1701 77 21 present
2732 1701 20 16 to

2315 1719 65 19 decide
2396 1722 8 16 t
2418 1727 11 11 c
2445 1727 65 12 course
2526 1723 20 16 of
2565 1723 102 22 procedure
2688 1725 21 16 to
2729 1724 23 17 be

2315 1743 88 23 adopted.

2338 1767 39 17 The
2390 1767 100 18 Chairman
2505 1768 69 18 asroed
2588 1769 43 17 that
2645 1770 32 17 the
2693 1769 59 18 Town

2315 1790 62 17 Board
2386 1791 116 17 constituted
2516 1792 33 16 the
2563 1798 63 16 power
2640 1795 20 15 at
2676 1794 76 21 present

2314 1813 37 17 and
2361 1814 55 16 could
2425 1820 54 12 move
2488 1815 32 17 the
2530 1814 127 19 Government
2672 1818 20 15 to
2707 1816 45 17 take

2314 1835 33 18 the
2355 1842 98 18 necessary
2462 1838 57 20 steps.
2552 1838 75 18 Besides
2643 1840 32 17 the
2688 1839 64 18 Board

2315 1865 37 12 was
2361 1865 18 11 in
2395 1866 10 11 a
2422 1860 49 20 pood
2485 1861 88 18 financial
2587 1861 81 23 position
2682 1863 21 17 at
2719 1863 33 17 the

2314 1884 76 21 present
2399 1884 44 16 time
2453 1884 38 17 and
2499 1885 50 17 from
2558 1884 32 18 the
2605 1886 39 18 fact
2657 1885 42 18 that
2716 1892 36 12 one

2314 1912 21 10 or
2344 1907 38 16 two
2396 1908 94 16 contracts
2504 1907 37 17 had
2556 1908 47 18 been
2615 1908 27 19 let
2656 1910 43 17 that
2714 1909 38 23 day

2314 1929 45 22 they
2372 1936 12 11 n
2392 1929 5 18 i
2405 1930 31 18 rlit
2449 1930 60 23 judge
2523 1931 43 17 that
2580 1938 37 17 any
2631 1933 121 21 suggestions

2314 1952 30 17 for
2359 1953 40 23 imp
2406 1956 100 16 -ovements
2526 1955 63 18 would
2608 1955 23 18 bo
2652 1956 100 22 favorably

2314 1976 115 19 considered.

2337 1999 31 17 Jlr
2377 1999 26 18 11.
2413 2000 28 18 W.
2452 2000 86 20 jritcliell
2547 2009 38 11 was
2594 2003 20 17 of
2623 2003 76 22 opinion
2708 2003 44 17 that,

2314 2022 32 17 flic
2355 2025 48 15 most
2413 2023 104 24 important
2526 2028 69 15 matter
2606 2028 19 15 to
2641 2026 63 18 which
2719 2027 32 16 the

2314 2046 92 17 attention
2416 2047 20 17 of
2449 2049 31 16 the
2494 2047 64 20 Board
2563 2047 75 20 'should
2651 2048 23 18 be
2690 2048 60 19 called

2313 2074 39 14 was
2360 2069 32 18 the
2402 2071 84 23 sanitary
2494 2074 142 20 arrangements
2645 2073 20 17 of
2677 2073 32 16 the
2719 2072 30 17 old

2313 2093 58 18 town.

2335 2116 40 18 Tht!
2392 2116 101 18 Chairman
2509 2117 98 18 remarked
2623 2119 43 17 that
2678 2118 24 17 ho
2716 2118 33 17 be-
2756 2116 1 27 j

2312 2140 61 17 lieved
2382 2141 95 16 atieniion
2490 2141 38 17 had
2540 2141 47 17 been
2601 2141 55 22 given
2671 2142 19 16 to
2707 2141 43 18 that

2314 2164 69 16 matter
2389 2163 19 17 in
2417 2162 33 18 the
2463 2162 94 24 bye-laws
2572 2163 60 20 which
2648 2164 38 17 had
2702 2164 49 18 been
2756 2162 1 24 I

2312 2192 80 17 prepare
2398 2187 5 15 1
2413 2186 26 23 by
2448 2187 32 17 the
2498 2187 62 18 Board
2575 2188 37 17 and
2627 2188 59 17 which
2702 2194 49 11 were
2756 2181 1 28 I

2313 2215 43 12 now
2370 2210 19 17 in
2404 2210 32 17 the
2452 2210 62 18 hands
2531 2211 20 17 of
2566 2211 33 17 the
2615 2211 68 18 Crown
2704 2211 46 17 Law

2314 2233 77 18 officers.
2417 2234 29 16 An
2455 2234 96 22 inspector
2559 2233 63 19 would
2631 2235 19 17 in
2659 2234 25 17 all
2692 2234 46 22 prob-

2313 2256 67 21 ability
2389 2257 45 17 then
2445 2256 22 18 be
2482 2256 103 23 appointed
2599 2258 62 17 whose
2673 2257 48 22 duty
2735 2258 15 16 it

2314 2280 63 16 would
2385 2279 23 18 be
2417 2282 20 15 to
2446 2286 29 11 see
2485 2281 41 17 that
2535 2282 32 16 the
2576 2281 61 22 yards.
2648 2282 38 18 &e.,
2700 2286 49 12 were

2313 2303 46 22 kept,
2367 2303 18 17 in
2396 2310 11 10 a
2415 2303 75 23 cleanly
2502 2304 101 18 condition.
2628 2305 44 16 This
2686 2310 39 11 was
2739 2310 10 11 a

2314 2328 69 15 matter
2391 2327 20 17 of
2420 2326 56 18 much
2485 2326 121 23 importance;
2617 2328 14 16 if
2639 2328 53 17 there
2701 2333 48 11 were

2314 2355 37 16 any
2359 2356 52 11 more
2420 2355 87 13 rumours
2516 2350 20 18 of
2544 2350 81 18 sickness
2632 2350 32 18 the
2675 2350 74 18 district

2314 2373 63 17 would
2386 2373 23 16 be
2418 2372 56 18 much
2483 2372 99 24 damaged.

2336 2396 41 17 Mrs
2386 2397 83 16 Graham
2479 2396 61 18 stated
2549 2397 47 19 that,
2599 2397 54 17 when
2661 2398 32 16 Jlr
2699 2396 37 18 Cad-

2314 2426 42 11 man
2363 2426 38 11 was
2408 2419 71 23 spoken
2489 2421 19 16 to
2516 2426 23 11 on
2549 2420 36 17 this
2595 2420 73 23 subject
2675 2421 25 16 lie
2715 2427 22 10 ex-

2314 2444 74 21 pressed
2398 2443 32 18 the
2439 2443 76 22 opinion
2525 2444 42 17 that
2575 2443 15 18 it
2603 2450 38 11 was
2653 2444 33 17 the
2700 2444 49 22 duty

2314 2467 19 17 of
2349 2467 31 17 the
2394 2467 91 17 residents
2500 2468 20 15 to
2534 2467 73 17 initiate
2624 2467 31 17 the
2672 2468 75 17 matter.

2314 2490 23 17 In
2346 2491 53 17 effect
2401 2491 18 16 in
2423 2496 12 12 !r
2443 2496 69 16 proper
2518 2491 83 20 sanitary
2606 2491 143 21 arrangements

2313 2513 32 18 the
2354 2514 92 17 residents
2455 2514 20 15 of
2483 2513 45 17 both
2538 2514 32 16 the
2579 2514 29 17 old
2619 2513 36 18 and
2665 2513 32 18 the
2707 2519 42 11 new

2313 2537 105 18 townships
2426 2536 69 18 should
2503 2537 51 17 work
2565 2537 50 17 hand
2629 2537 19 17 in
2664 2536 51 18 hand
2729 2542 20 12 as

2313 2560 14 16 it
2337 2560 62 17 would
2408 2561 24 15 be
2441 2560 29 16 for
2475 2559 50 18 their
2530 2560 48 21 joint
2584 2559 75 18 benefit.
2673 2560 62 17 Touch-

2313 2583 34 21 ing
2355 2583 80 18 another
2443 2585 69 15 matter
2521 2583 31 17 she
2561 2583 82 21 thought
2660 2583 44 18 that
2717 2583 31 17 the

2314 2606 127 18 Government
2450 2606 68 17 should
2526 2606 23 17 be
2558 2606 80 18 induced
2651 2608 20 15 to
2685 2612 64 12 secure

2314 2628 23 19 all
2349 2630 31 17 the
2389 2630 98 20 frontages
2496 2631 20 16 to
2525 2630 31 16 the
2565 2629 50 18 main
2624 2630 45 17 road
2686 2630 62 17 which

2314 2660 31 10 are
2353 2654 21 16 at.
2391 2654 74 21 present
2478 2652 66 18 rented
2560 2653 48 17 from
2624 2653 123 18 the-,natives.

2313 2676 39 17 The
2361 2676 128 17 Government
2497 2675 38 18 had
2543 2677 55 17 spent
2605 2682 68 16 money
2680 2682 25 11 on
2716 2677 33 16 the

2313 2699 52 18 main
2373 2700 45 17 road
2436 2699 36 17 and
2487 2699 95 22 naturally
2596 2700 61 22 ought
2671 2701 20 15 to
2706 2705 43 12 own

2314 2723 31 17 the
2354 2723 89 18 fronfaee
2451 2724 20 16 to
2480 2722 21 18 it.

2337 2747 38 16 The
2391 2745 101 19 Chairman
2505 2745 84 23 thought
2604 2745 44 18 that
2660 2745 33 18 the
2710 2746 39 17 fact

2313 2769 43 18 that
2365 2770 32 17 the
2405 2769 128 18 Government
2541 2768 37 18 had
2585 2769 55 22 spent
2648 2775 70 11 monev
2724 2775 23 11 on

2313 2792 32 18 the
2354 2792 54 17 roads
2418 2799 38 10 was
2471 2799 11 10 a
2497 2792 49 21 good
2562 2798 66 11 reason
2644 2792 45 18 wliv
2703 2792 46 23 they

2312 2815 66 19 should
2389 2815 75 24 acquire
2471 2816 32 16 the
2512 2815 44 17 land
2565 2822 24 10 on
2601 2815 47 17 both
2664 2814 48 19 sides
2729 2815 20 18 of

2313 2839 20 17 it.
2359 2839 39 17 The
2406 2839 73 17 natives
2488 2838 55 18 could
2551 2839 46 16 then
2605 2839 49 16 lease
2661 2839 48 17 from
2716 2839 33 17 the

2313 2863 128 16 Government
2448 2862 16 17 if
2472 2862 46 17 thev
2526 2862 75 17 wanted
2613 2863 20 16 to
2647 2862 38 17 live
2697 2862 50 17 here.

2312 2886 31 16 He
2351 2886 85 17 believed
2445 2886 43 16 that
2496 2885 32 17 the
2537 2885 111 22 acquisition
2662 2886 19 16 of
2696 2885 52 17 those

2313 2909 97 21 frontages
2430 2909 63 16 would
2514 2908 23 17 lie
2556 2907 104 19 facilitated
2675 2909 27 17 bv
2716 2908 32 17 tlie

2312 2932 79 21 passing
2399 2932 20 17 of
2427 2931 32 18 the
2467 2931 70 18 Native
2545 2931 111 23 Townships
2662 2930 37 19 Bill
2705 2937 43 11 now

2312 2954 64 18 before
2385 2955 32 18 the
2425 2955 72 17 House.

2336 2979 40 16 Mrs
2385 2978 82 18 Graham
2478 2978 40 17 said
2526 2978 42 18 that
2577 2978 31 16 the
2621 2977 126 18 Government

2312 3001 77 21 already
2398 3001 66 17 owned
2474 3001 78 22 Utangi,
2563 3001 37 17 No,
2608 3002 16 17 0.
2635 3000 60 18 which
2709 3006 38 11 was

2313 3025 31 16 the
2354 3024 40 18 first
2403 3025 75 22 portion
2488 3025 19 16 of
2516 3025 31 16 the
2560 3023 52 18 Lake
2626 3023 64 18 House
2705 3023 41 18 site.

2312 3048 49 17 That
2371 3054 38 10 was
2418 3055 11 10 a
2437 3047 111 22 beginning.

2335 3071 39 17 The
2391 3072 102 16 Chairman
2509 3070 83 18 thought
2608 3070 43 17 that
2667 3069 81 18 another

2312 3093 66 22 fitting
2387 3094 74 22 subject,
2469 3095 30 16 for
2512 3093 136 18 consideration
2662 3098 38 11 was
2714 3093 33 16 the

2312 3117 107 19 advantage
2432 3117 20 17 of
2465 3117 72 22 having
2549 3123 10 10 a
2575 3121 68 17 proper
2659 3116 88 17 entrance

2312 3140 55 17 made
2373 3141 42 16 into
2426 3140 33 17 the
2473 3142 52 15 town
2536 3140 48 16 from
2598 3139 32 17 the

2312 3163 52 18 road.
2390 3164 49 17 That,
2447 3163 75 22 portion
2532 3163 19 16 of
2559 3163 32 16 the
2599 3162 45 17 road
2653 3162 50 18 from
2715 3163 33 15 the

2312 3186 86 18 Utuhina
2406 3187 68 20 bridge
2481 3187 40 16 into
2530 3185 32 18 the
2574 3186 52 16 town
2639 3190 38 12 was
2691 3184 57 19 much

2312 3210 118 22 frequented,
2448 3210 52 16 there
2517 3208 56 22 being
2589 3208 68 17 houses
2672 3208 27 17 all
2715 3208 33 17 the

2313 3238 48 17 way.
2388 3234 25 16 At
2420 3234 75 18 pre=ent
2503 3232 15 17 it
2532 3237 38 11 was
2583 3230 102 23 positively
2700 3231 36 17 dan-

2313 3262 69 14 gerous
2391 3257 45 16 with
2445 3255 33 17 the
2486 3254 73 21 boilinjr
2566 3254 2 22 .
2573 3255 60 17 water
2650 3255 49 17 from
2716 3255 32 16 the

2313 3280 73 17 Ivuirau
2395 3279 84 22 running
2492 3284 24 11 on
2531 3277 59 17 either
2606 3276 45 18 side.
2685 3277 63 18 Bonds

2312 3302 39 18 and
2359 3302 98 22 footpaths
2473 3306 48 12 wore
2535 3300 67 24 being'
2608 3300 54 17 made
2679 3300 20 17 in
2715 3301 33 16 the

2312 3332 42 11 new
2366 3324 94 23 township
2476 3324 61 17 where
2550 3324 53 17 there
2617 3330 38 11 was
2671 3330 25 11 no
2713 3330 35 11 one

2312 3348 67 20 livinir.

2337 3371 55 18 After
2400 3377 50 12 some
2460 3370 73 17 further
2542 3370 129 17 conversation
2679 3375 24 11 on
2715 3370 33 17 the

2314 3394 74 23 subject
2395 3394 19 17 in
2423 3393 62 17 which
2493 3392 32 18 Jfr
2534 3391 79 22 Seddon,
2624 3392 31 18 Jlr
2660 3392 88 18 Mitchell

2313 3418 38 18 and
2367 3418 63 17 others
2446 3415 70 24 joined,
2532 3417 40 15 Jlrs
2587 3416 82 17 Graham
2686 3415 63 18 stated

2314 3442 42 16 that,
2365 3440 32 17 she
2405 3439 36 18 had
2451 3439 76 17 written
2536 3441 20 15 to
2565 3439 29 17 Sir
2602 3439 76 17 Patrick
2684 3437 51 18 Buck-

2313 3465 36 18 lev,
2358 3464 68 20 asking
2434 3463 15 16 if
2457 3463 33 16 the
2504 3463 34 16 site
2553 3462 19 17 of
2587 3462 32 17 the
2632 3461 32 18 old
2680 3461 69 18 Palace

2314 3485 57 20 Hotel
2382 3492 23 11 on
2413 3485 32 18 the
2461 3485 86 18 Pukcroa
2561 3485 79 17 Reserve
2655 3484 55 18 could
2725 3484 23 18 be

2314 3509 89 19 obtained
2415 3510 30 16 for
2457 3509 33 17 the
2505 3514 80 17 purpose
2601 3509 20 16 of
2636 3507 85 21 erecting
2737 3514 12 10 a

2314 3533 64 24 public
2393 3531 46 18 ball.
2465 3532 23 17 In
2503 3531 53 23 reply
2573 3531 28 16 Sir
2618 3530 76 17 Patrick
2710 3530 39 17 had

2314 3556 103 23 suggested
2425 3556 43 16 that
2477 3555 32 16 the
2517 3555 75 22 request
2600 3553 68 18 should
2676 3554 24 16 be
2705 3560 33 15 pre-

2315 3579 60 19 ferred
2390 3580 20 16 to
2424 3578 33 17 the
2570 3577 21 17 of
2603 3576 64 18 Lands
2680 3577 38 17 and
2734 3577 16 17 if

2315 3603 38 17 this
2362 3608 48 11 were
2418 3601 48 17 done
2474 3601 24 17 he
2507 3599 61 18 would
2577 3599 23 18 be
2613 3598 45 24 glad
2672 3600 20 17 to
2705 3606 33 11 ren-

2315 3626 34 17 der
2356 3625 107 18 assistance.

2338 3649 32 16 Jlr
2378 3647 86 18 Jlitchell
2478 3645 89 19 observed
2581 3646 43 17 that
2636 3645 16 18 if
2666 3646 46 18 such
2726 3653 24 11 an

2316 3671 114 24 application
2443 3675 49 12 were
2506 3668 54 18 made
2573 3669 32 17 the
2622 3670 129 17 Government

2315 3695 39 17 had
2362 3693 90 22 certainly
2462 3699 8 10 a
2481 3692 51 22 good
2539 3692 100 21 precedent
2648 3693 30 16 for
2683 3695 57 19 grant-

2316 3718 34 20 ing
2358 3718 21 16 it.
2404 3716 51 17 Thev
2472 3714 39 19 had
2524 3716 56 22 given
2596 3721 17 13 a.
2622 3717 42 21 part
2683 3716 20 17 of
2719 3716 33 17 the

2316 3740 65 23 public
2396 3744 73 12 reserve
2486 3738 29 17 for
2532 3745 10 10 a
2558 3737 65 24 public
2638 3739 60 18 house
2714 3739 38 17 and

2318 3763 61 22 surely
2388 3769 11 10 a
2407 3761 64 23 public
2479 3761 39 17 hall
2527 3767 38 11 was
2582 3768 10 10 a
2608 3768 52 12 more
2677 3763 75 21 worthy

2317 3787 63 19 object
2388 3787 20 16 to
2417 3784 67 18 devote
2492 3784 16 17 it
2516 3786 26 16 to.
2568 3784 121 24 (Laughter.)

2340 3810 39 16 The
2396 3808 101 18 Chairman
2512 3808 61 17 stated
2589 3808 44 17 that
2645 3809 24 16 he
2682 3808 59 17 under-

2318 3831 53 19 stood
2381 3832 42 16 that
2431 3832 32 16 Jfr
2468 3831 29 17 W.
2514 3830 58 22 Kelly
2585 3831 37 17 had
2639 3838 12 10 a
2667 3832 50 16 lease
2733 3831 21 17 of

2318 3856 32 16 the
2359 3854 31 18 old
2399 3853 68 18 Palace
2473 3854 59 18 Hotel
2540 3855 35 16 site
2584 3854 62 18 which
2652 3854 38 18 had
2697 3860 56 11 seven

2318 3884 53 16 years
2380 3879 20 16 to
2409 3884 41 10 run.
2476 3878 99 19 Hop-ever,
2585 3877 44 18 that
2636 3883 39 11 was
2683 3883 12 12 a
2704 3878 37 16 mat-

2318 3904 29 15 ter
2355 3901 62 17 which
2434 3900 56 18 could
2504 3900 23 18 be
2542 3907 42 11 seen
2599 3901 40 17 into
2652 3900 16 18 if
2682 3900 16 17 it
2705 3905 49 12 were

2318 3924 78 18 decided
2403 3925 19 15 to
2431 3924 54 17 write
2493 3925 21 15 to
2523 3924 32 16 the
2563 3924 87 17 Minister
2655 3923 21 17 of
2683 3923 71 17 Lands.

2342 3947 23 17 In
2382 3947 68 21 regard
2468 3948 20 15 to
2504 3947 33 18 the
2554 3947 111 21 acquisition
2682 3947 20 16 of
2722 3946 33 17 the

2319 3971 98 21 frontages
2426 3971 31 19 Jfr
2465 3970 87 17 Jlitchell
2564 3968 108 19 considered
2685 3969 43 17 that
2742 3969 14 16 if

2319 3994 33 17 the
2361 3995 69 15 matter
2444 3999 48 11 were
2509 3999 49 15 gone
2570 3992 58 17 about
2641 3991 116 22 judiciously

2320 4017 32 17 the
2365 4017 53 22 right
2432 4017 19 17 of
2465 4017 32 16 the
2511 4015 69 17 Jlaoris
2593 4013 55 19 could
2662 4015 59 22 easily
2733 4014 24 17 bo

2321 4039 110 24 purchased.

2345 4063 39 16 The
2392 4062 101 18 Chairman
2501 4061 83 22 thought
2591 4060 31 18 the
2629 4060 128 18 Government

2323 4085 55 19 could
2387 4086 75 22 acquire
2470 4085 32 17 the
2516 4085 45 17 land
2575 4083 60 18 under
2648 4083 32 17 the
2693 4083 64 17 Lands

2323 4109 30 18 for
2361 4109 113 17 Settlement
2484 4109 42 19 Act,
2536 4114 20 10 or
2565 4109 19 15 at
2590 4107 25 17 all
2622 4107 64 17 events
2695 4107 26 22 by
2725 4106 32 17 the

2324 4132 37 17 Bill
2370 4138 42 11 now
2420 4131 65 18 before
2493 4131 32 17 the
2533 4131 72 16 House.
2629 4130 20 17 It
2661 4135 39 12 was
2714 4130 43 22 only

2786 120 82 20 natural,
2886 120 92 21 however,
2996 122 21 16 to
3034 127 80 16 suppose
3132 122 43 17 that
3191 122 27 17 tbfl

2786 142 129 18 Government
2923 149 49 11 were
2980 145 34 16 not
3022 149 45 17 very
3076 144 81 18 isnxions
3165 147 20 15 to

2786 172 43 11 cure
2838 166 38 17 this
2885 166 36 17 end
2930 167 20 16 of
2957 167 33 17 the
2996 169 52 15 town
3057 167 56 17 when
3125 168 40 21 the;
3184 169 34 17 hud

2785 188 33 17 the
2827 189 54 17 other
2890 189 36 17 end
2934 189 20 17 in
2963 190 49 17 their
3020 189 13 18 h
3040 190 47 17 tnds.

2810 212 54 17 After
2872 218 51 11 some
2932 212 74 19 further
3019 213 104 18 di-iussion
3136 214 34 17 the
3183 215 27 16 fol-

2784 234 73 23 lowing
2864 235 126 22 propositions
3000 242 47 11 were
3062 236 115 18 formulated
3192 238 26 16 for

2784 257 113 18 submission
2908 259 21 16 to
2944 265 10 10 a
2967 259 64 22 public
3043 260 85 22 meeting
3140 261 21 16 to
3177 261 41 16 t;dw

2784 281 53 21 place
2846 287 24 10 on
2879 281 84 21 Monday
2972 282 81 23 evening
3060 281 57 24 next:

2773 304 1 20 ;
2810 304 14 16 1.
2838 304 49 17 That
2895 304 15 17 it
2918 304 15 17 is
2947 304 91 18 desirable
3052 307 20 16 to
3084 306 53 17 write
3154 307 21 16 to
3189 306 29 18 Mr

2773 323 1 33 j
2782 327 30 16 W.
2822 327 63 22 Kelly,
2895 327 87 21 J1.1T.1t.,
2993 329 73 22 stating
3073 329 43 17 that
3127 329 33 17 the
3173 330 36 16 resi-

2783 349 55 18 dents
2847 356 48 11 were
2902 351 80 17 anxious
2990 351 41 17 that
3045 352 32 17 the
3091 352 46 17 Gov
3144 355 74 14 rument

2782 372 70 17 should
2864 374 43 17 take
2922 374 40 17 into
2976 374 137 18 consideration
3128 376 33 15 the
3174 381 33 16 pro-

2773 391 1 31 ]
2782 396 63 22 priety
2852 396 21 17 of
2879 396 117 24 purchasing
3003 398 33 17 the
3052 398 31 17 ol:l
3101 398 115 18 Ohincmutu

2773 419 1 23 i
2782 419 9 16 t
2794 419 89 23 jwnship.

2806 443 16 16 'J.
2836 442 49 17 That
2901 443 16 16 it
2932 443 16 16 is
2965 443 90 18 desirable
3072 443 44 18 that
3131 450 86 12 someone

2773 463 1 27 j
2782 464 68 18 should
2858 465 23 17 be
2888 466 102 22 appointed
3000 473 20 10 as
3026 466 88 23 Sanitary
3121 468 96 21 Inspector

2773 485 1 28 j
2782 487 62 22 (a,part
2853 489 49 17 from
2911 489 32 17 tin!
2951 489 74 23 police),
3035 490 86 23 pending
3128 490 33 18 the
3172 491 45 17 time

2773 510 1 26 j
2781 511 44 17 that
2833 511 32 17 tile
2873 511 58 18 Town
2940 511 63 18 Board
3011 519 43 16 pass
3060 513 51 17 their
3117 513 20 23 bj
3144 514 70 17 o-laws.

2836 535 49 16 That
2900 534 33 17 the
2949 535 58 18 Town
3030 536 62 17 Board
3109 536 68 18 should
3194 537 21 18 be

2773 556 1 23 I
2781 557 60 22 urged
2850 559 21 15 to
2879 558 49 17 form
2937 564 11 11 a
2956 558 47 18 road
3019 559 49 18 from
3083 560 34 17 the
3130 560 74 17 Utuhin
3210 567 5 10 i

2773 580 1 25 |
2781 580 67 21 bridge
2856 583 40 14 ::ifo
2905 581 32 17 the
2946 581 95 23 township
3050 582 45 17 with
3104 589 12 11 a
3128 583 87 22 footpath

2773 603 1 23 I
2781 603 31 17 for
2820 603 124 23 pedestrians.

2773 625 1 26 i
2804 628 16 15 !.
2835 627 49 16 That
2893 627 14 16 it
2915 628 15 15 is
2940 627 91 18 desirable
3040 630 19 15 to
3068 631 50 15 erect
3130 635 12 11 a
3153 629 62 22 public

2773 646 1 29 j
2781 649 39 17 hall
2829 650 59 17 ether
2897 650 24 22 by
2930 651 32 16 the
2979 651 102 18 formation
3095 653 20 16 of
3129 659 11 10 a
3153 652 63 23 public

2773 673 1 24 i
2781 678 93 17 company
2883 679 20 11 or
2913 673 98 17 otherwise
3019 681 21 10 as
3048 682 43 15 may
3100 673 24 19 be
3139 675 76 19 decided

2780 701 58 17 upon.

2805 720 15 16 ').
2835 718 48 18 That
2892 718 14 18 it
2916 719 14 17 is
2940 718 91 19 desirable
3040 722 19 16 to
3066 724 47 20 Urge
3124 722 32 16 the
3171 727 32 17 pos-

2781 741 27 17 t:il
2817 742 110 18 authorities
2937 744 19 16 to
2963 743 89 18 establish
3058 750 11 11 a
3074 745 53 17 town
3133 744 81 23 delivery

2780 764 21 18 of
2808 765 71 18 letters.

2803 788 40 17 The
2851 788 84 23 meeting
2948 790 104 17 concluded
3065 788 46 19 with
3127 791 52 16 votes
3196 791 18 17 of

2780 811 69 17 thanks
2858 813 20 15 to
2888 812 38 17 Jlrs
2936 812 82 18 Graham
3027 814 30 16 for
3070 809 99 28 initiating
3183 814 30 17 the

2780 836 112 20 movement,
2902 835 38 17 and
2948 837 20 15 to
2981 836 31 16 Jlr
3026 836 18 18 J.
3060 837 25 17 H.
3101 837 70 22 Taylor
3187 838 28 16 for

2779 857 104 22 presiding.

2928 898 110 19 SERVICE

2780 946 134 19 Ai.kxaxdki:,
2925 946 33 16 the
2972 946 62 18 White
3048 947 47 17 Czar
3109 948 19 16 of
3142 947 25 17 all
3182 948 27 16 the

2780 968 82 18 liussias,
2872 969 49 16 after
2930 976 10 9 a
2949 969 52 17 short
3017 970 32 16 life
3066 972 55 20 spent
3138 970 20 17 in
3173 971 36 16 fear

2779 990 38 17 and
2826 988 103 26 trembling
2933 993 20 16 of
2961 991 95 20 Nihilism-
3073 994 50 17 after
3128 993 69 18 almost
3203 1001 6 10 a

2780 1014 68 17 decade
2857 1015 20 16 of
2886 1014 115 19 domination
3012 1017 20 15 of
3040 1016 33 16 the
3085 1018 48 15 most
3147 1017 52 21 ignor-

2779 1038 34 16 ant
2827 1037 37 17 and
2882 1038 136 21 superstitious,
3036 1039 37 17 and
3090 1040 33 17 the
3140 1042 69 20 poorest

2779 1066 49 11 mass
2838 1066 22 11 on
2869 1061 33 16 the
2911 1061 40 17 face
2961 1062 20 16 of
2994 1062 33 16 the
3043 1061 54 19 earth
3113 1063 52 17 -died
3182 1063 27 17 the

2779 1083 55 17 other
2842 1084 42 21 day.
2895 1090 26 12 or.
2932 1090 20 11 as
2960 1085 24 16 lie
2993 1085 44 17 used
3051 1087 20 16 to
3085 1087 35 17 put
3128 1086 21 18 it,
3180 1086 29 17 left

2779 1106 28 17 his
2813 1106 79 18 Russian
3015 1108 61 17 While
3165 1110 44 17 from

2778 1129 29 17 his
2816 1135 46 17 very
2869 1131 82 22 position
2960 1138 20 10 as
2989 1129 52 21 Czar,
3052 1132 38 17 and
3094 1132 115 19 not.because

2778 1153 20 16 of
2806 1158 38 17 any
2853 1153 36 17 bad
2899 1154 87 22 qualities
2994 1155 21 17 of
3023 1155 29 17 his
3068 1160 49 16 own,
3135 1155 24 17 lie
3176 1162 33 10 w;e.

2777 1176 33 17 the
2819 1176 42 17 best
2875 1177 57 17 hated
2948 1183 45 12 man
3009 1178 19 17 in
3045 1178 32 17 the
3092 1178 66 20 world,
3176 1179 33 17 and

2777 1205 43 11 now
2829 1200 33 16 the
2870 1200 52 16 cable
2931 1200 42 17 tells
2987 1207 22 11 us
3027 1202 44 17 that
3086 1202 30 17 his
3132 1202 66 17 remain-

2778 1222 48 17 have
2834 1223 46 17 been
2890 1223 56 17 taken
2955 1224 72 17 around
3041 1225 32 16 the
3090 1226 68 19 towns,
3175 1231 23 11 an
3207 1222 2 23 !

2780 1245 32 17 the
2820 1248 101 20 peasantry
2934 1246 48 17 have
2992 1248 94 22 trampled
3096 1248 46 17 each
3159 1248 50 18 other

2779 1268 111 19 under-foot
2904 1270 19 16 in
2940 1270 33 17 the
2989 1271 82 22 attempt
3093 1273 21 15 to
3133 1271 39 17 kiss
3180 1271 29 18 the

2777 1291 49 18 dead
2834 1292 51 17 hand
2901 1292 62 18 which
2987 1293 46 17 hurt
3049 1294 52 18 them
3118 1301 21 11 so
3155 1295 54 17 much

2777 1315 55 17 when
2840 1315 17 17 it
2864 1321 38 12 was
2912 1316 88 18 animate.
3026 1317 38 17 The
3072 1318 70 21 pathos
3158 1318 21 17 of
3186 1318 23 17 ail

2779 1338 3 23 t
2787 1338 28 17 his
2824 1339 15 16 is
2847 1340 34 15 not
2890 1339 31 16 the
2931 1339 68 22 pathos
3008 1341 21 16 of
3044 1341 45 17 such
3107 1348 11 9 a
3135 1346 53 12 scene

2777 1361 34 17 but
2820 1362 32 16 the
2861 1362 97 17 falsehood
2966 1363 21 17 of
2996 1363 20 17 it.
3042 1364 39 17 The
3095 1364 47 17 Czar
3149 1364 59 22 might

2777 1385 42 16 well
2829 1384 49 18 have
2886 1385 40 17 said
2935 1386 46 17 with
2993 1387 89 17 Miicbcth

2796 1412 89 20 honor,
2904 1413 47 20 love,
2973 1414 105 20 obedience,
3104 1416 65 21 troops
3193 1416 16 16 of

2847 1435 77 22 friends,

2777 1458 9 17 I
2796 1459 50 17 must
2855 1460 33 16 not
2897 1459 43 17 look
2957 1461 20 16 to
2993 1461 53 19 have,
3067 1461 37 17 but
3123 1461 20 17 in
3163 1461 46 18 their

2846 1482 54 17 stead

2776 1505 67 17 Curses
2852 1507 33 15 not
2893 1505 45 17 loud
2947 1506 35 18 but
2994 1506 46 23 deeji
3052 1508 155 17 -moutli-honor,

2845 1528 73 22 breath,

2779 1552 13 15 \\
2799 1551 43 17 jiicli
2853 1552 32 17 the
2893 1557 47 17 poor
2948 1552 55 18 heart
3017 1554 63 17 Would
3097 1554 40 17 fain
3154 1554 53 22 deny,

2845 1574 36 18 but
2890 1575 45 17 dare

2799 1602 44 17 This
2853 1602 14 17 is
2879 1603 32 16 tin!
2919 1603 40 22 just
2968 1604 72 17 reward
3048 1605 21 16 of
3077 1605 25 16 all
3112 1611 95 14 successes,

2776 1625 15 16 if
2799 1625 46 22 they
2854 1625 24 17 be
2886 1628 68 21 gotten
2970 1627 68 24 falsely
3046 1629 21 16 at
3080 1628 36 17 .the
3133 1630 40 16 cost
3189 1629 19 17 of

2775 1648 54 17 other
2837 1654 49 12 men.
2912 1649 38 17 But
2959 1650 32 17 the
3000 1656 71 12 success
3080 1652 21 16 of
3109 1651 33 17 the
3155 1654 52 20 great

2775 1671 56 20 book,
2839 1673 21 16 of
2868 1672 32 17 the
2907 1672 37 17 fine
2953 1679 62 16 opera,
3029 1673 33 18 the
3079 1673 129 20 heaven-born

2775 1695 68 20 statue,
2861 1696 31 16 the
2913 1696 73 22 picture
3010 1696 46 18 with
3074 1698 32 16 the
3124 1698 49 22 ljglit
3190 1699 18 16 cf

2775 1718 66 21 genius
2857 1719 19 16 in
2888 1719 21 20 it,
2927 1725 21 11 or
2964 1719 33 18 the
3013 1719 90 19 Scientific
3120 1721 87 17 medicine

2775 1740 61 18 which
2845 1741 62 18 works
2914 1742 89 24 honestly
3012 1744 29 16 for
3049 1744 25 17 its
3086 1744 121 18 endsthese

2774 1769 32 12 are
2815 1764 98 24 enduring.
2933 1766 49 17 Such
2993 1767 90 18 medicine
3090 1768 17 16 is
3115 1767 76 18 Warnei
3195 1769 12 16 's

2775 1787 53 17 Sai'E
2837 1788 53 17 Cure.
2916 1789 19 17 It
2944 1795 53 12 cures
3005 1790 25 17 all
3040 1791 59 16 forms
3107 1792 21 15 of
3133 1791 72 18 Kidney

2774 1811 81 21 trouble,
2864 1812 62 17 which
2935 1813 16 16 is
2961 1813 115 22 responsible
3090 1814 30 17 for
3137 1816 22 14 90
3175 1820 32 17 per

2774 1835 43 15 cent
2826 1834 20 17 of
2854 1834 68 19 known
2934 1835 86 18 diseases.

2798 1857 26 16 To
2832 1857 33 17 the
2873 1864 55 11 name
2937 1860 20 15 of
2973 1859 93 18 Warner's
3084 1860 52 17 Safe
3153 1861 51 19 Cure,

2774 1880 61 17 which
2845 1881 29 17 for
2884 1882 20 16 lo
2913 1887 53 16 years
2980 1883 43 22 past
3039 1883 34 17 has
3090 1884 68 21 gained
3175 1885 30 16 the

2773 1903 108 23 increasing
2889 1905 107 18 confidence
3004 1906 20 17 of
3032 1911 55 17 every
3096 1906 54 23 lal'gc
3156 1913 37 11 com-

2774 1927 74 22 munity
2858 1928 20 16 of
2888 1928 32 17 the
2930 1928 83 18 civilized
3022 1929 65 21 world,
3106 1936 34 11 can
3156 1931 51 22 truly

2773 1949 23 17 be
2813 1950 75 23 applied
2905 1952 32 16 the
2961 1958 87 11 converse
3065 1953 21 17 of
3102 1953 103 18 Macbeth's

2773 1972 59 18 bitter
2845 1974 102 22 complaint
2959 1975 38 17 and
3009 1976 60 17 affirm
3091 1976 49 17 that,
3146 1977 15 16 it
3173 1983 21 10 en-

2773 1995 43 23 joys
2830 1997 26 16 all

2773 2042 26 17 As
2816 2042 65 22 honor,
2902 2044 47 21 love,
2975 2043 99 20 obedience
3098 2047 65 21 troops
3187 2047 18 17 of

2772 3085 425 48 CABLEGRAMS

2794 3158 56 20 Sofia,
2860 3158 47 22 July
2918 3160 25 16 10.
2946 3159 50 18 -JI.
3008 3161 131 22 Stambauloff,
3147 3164 53 16 while

2770 3182 100 22 returning
2878 3183 20 16 to
2907 3182 32 17 the
2947 3182 39 23 city
2994 3184 70 22 to-day
3073 3190 38 13 was
3124 3187 76 22 stopped

2770 3204 26 22 by
2805 3205 43 17 four
2855 3211 44 11 men
2907 3205 42 17 who
2956 3208 106 21 attempted
3067 3208 21 17 to
3093 3210 107 17 assassinate

2770 3228 46 17 him.
2841 3228 30 17 He
2880 3227 38 18 had
2927 3227 47 19 both
2982 3229 29 18 liis
3024 3230 61 18 hands
3100 3233 75 17 severed
3184 3234 16 16 in

2770 3250 103 23 defending
2881 3251 81 18 himself.
2988 3253 98 23 Infixing
3102 3257 20 15 to
3139 3262 61 17 escape

2770 3274 24 17 he
2802 3280 38 11 was
2850 3274 41 17 shot
2900 3274 56 17 down
2964 3276 38 17 and
3010 3277 85 18 stabbed.
3114 3278 37 18 His
3159 3285 31 12 con-

2770 3297 60 17 dition
2838 3297 16 17 is
2867 3297 77 17 critical.

2794 3320 82 22 Sydney,
2885 3319 47 23 July
2953 3321 92 19 16.The
3066 3323 58 19 death
3144 3325 15 17 is
3179 3331 21 11 an

2770 3343 85 18 nounced
2864 3344 20 16 of
2891 3343 55 20 Lady
2954 3345 77 18 Parkes.

2859 3391 235 34 TELEGRAPHIC.

2794 3437 104 22 Auckland,
3096 3443 63 18 Labor
3167 3445 35 17 and

2770 3462 76 17 Liberal
2856 3462 177 20 Association'have
3041 3464 78 19 decided
3128 3471 20 13 to
3157 3467 46 23 drop

2770 3485 32 17 Mr
2810 3484 79 18 Fawcus
2898 3485 37 18 and
2944 3488 19 15 to
2974 3490 79 19 support
3062 3488 31 17 Mr
3102 3490 99 20 Thomson,

2771 3508 32 17 the
2812 3508 128 18 Government
2956 3510 104 19 candidate.
3086 3512 32 17 Mr
3126 3513 77 19 Fawcus

2770 3532 35 17 has
2813 3533 35 16 not
2855 3533 33 21 yet
2892 3531 78 19 decided
2978 3533 42 17 how
3029 3534 23 17 he
3065 3535 40 17 will
3121 3538 36 16 act.

2794 3554 123 23 Wellington,
2950 3556 124 24 Wednesday.
3086 3559 59 17 ln
3174 3561 31 16 the

2771 3578 66 18 House
2845 3578 38 17 last
2890 3578 57 23 night
2955 3578 31 18 Mr
3001 3579 71 20 Collins
3084 3581 59 18 asked
3154 3583 22 19 if,
3185 3589 18 11 at

2771 3602 30 17 tor
2809 3601 32 17 the
2850 3607 78 12 manner
2935 3600 20 19 in
2968 3602 61 18 which
3038 3605 33 16 the
3087 3605 66 18 House
3168 3606 37 17 had

2772 3624 52 17 dealt
2829 3624 45 17 with
2881 3624 32 17 the
2916 3624 80 24 Lottery
2999 3625 38 19 Bill
3043 3627 163 19 tlieGovernment

2772 3647 63 18 would
2844 3648 23 16 be
2875 3648 92 22 prepared
2975 3650 20 15 to
3003 3650 44 17 take
3059 3657 45 11 over
3119 3653 59 16 assets
3186 3657 19 13 ot

2773 3670 38 18 and
2819 3671 102 17 transform
2930 3671 32 17 the
2976 3672 54 18 Bank
3039 3674 20 16 of
3067 3674 48 17 New
3123 3674 83 19 Zoaland

2773 3694 40 17 into
2822 3699 11 11 a
2850 3693 52 18 State
2918 3693 61 19 Bank.
3012 3696 39 17 The
3068 3697 83 18 Premier
3166 3699 28 17 sai
3199 3699 6 16 l

2775 3716 42 17 that
2825 3722 11 11 a
2846 3722 52 12 more
2914 3716 77 19 definite
3006 3718 116 19 declaration
3139 3721 20 17 of
3177 3722 30 17 the

2774 3739 65 17 House
2855 3745 40 11 was
2919 3745 98 19 necessary
3040 3744 21 15 to
3078 3746 83 15 warrant
3177 3745 30 17 the

2774 3763 128 17 Government
2910 3763 93 24 adopting
3014 3765 32 17 the
3055 3768 117 21 suggestion.

2797 3786 39 16 The
2853 3785 50 18 Code
2919 3786 37 17 Act
2971 3787 129 19 Amendment
3118 3790 38 17 Bill
3171 3796 36 12 was

2775 3808 108 18 considered
2891 3809 21 17 in
2925 3810 118 19 Committee.
3078 3813 24 16 In
3117 3813 66 18 Clause

2775 3831 72 21 raising
2855 3831 32 17 the
2896 3838 35 17 ago
2940 3833 21 17 of
2969 3836 77 15 consent
3055 3836 21 16 to
3083 3836 21 17 10
3112 3841 60 16 years,
3180 3837 27 16 Mr

2776 3855 22 16 G.
2808 3854 18 17 J.
2837 3853 61 18 Smith
2907 3856 67 17 moved
2981 3857 41 17 that
3031 3858 20 16 IS
3060 3858 24 17 be
3090 3859 117 18 substituted,

2775 3877 35 17 but
2818 3877 39 16 this
2866 3883 38 11 was
2914 3878 82 22 rejected
3004 3879 25 22 by
3038 3881 23 16 33
3070 3883 20 15 to
3101 3883 27 16 1!).

2801 3900 28 16 On
2840 3900 32 17 the
2884 3902 73 17 motion
2974 3902 20 17 of
3010 3903 31 16 Mr
3057 3904 75 18 Seddon
3147 3911 11 11 a
3172 3912 35 11 new

2777 3923 62 17 clause
2848 3929 38 11 was
2895 3924 61 18 added
2964 3926 102 23 providing
3074 3927 31 17 for
3113 3934 10 10 a
3136 3929 71 22 penalty

2778 3946 19 17 of
2807 3946 20 16 14
2837 3952 54 16 years
2900 3947 30 18 for
2937 3947 78 25 placing
3022 3948 119 20 Obstruction
3148 3958 22 10 on
3177 3958 30 11 am

2777 3968 79 23 railway
2864 3969 44 18 line.

2802 3992 39 17 The
2861 3993 95 18 Evidence
2973 3995 125 18 Amendment
3117 3998 36 16 Bill
3178 4004 29 11 w:e

2778 4015 117 18 committed.
2920 4017 68 18 Clause
2996 4019 10 15 (i
3016 4019 79 23 making
3103 4020 25 17 all
3142 4022 56 16 confes-

2779 4038 50 17 sions
2838 4040 19 16 to
2866 4040 95 17 ministers
2966 4041 104 23 privileged
3077 4048 39 12 was
3124 4044 82 16 retained

2779 4061 17 17 A
2812 4066 43 12 now
2871 4062 62 18 clause
2949 4064 20 16 to
2986 4065 78 21 compel]
3083 4071 95 16 pressmen
3196 4072 7 12 r

2780 4083 77 24 divulge
2865 4085 33 17 the
2905 4091 65 15 npipes
2979 4087 20 19 of
3013 4088 127 18 contributors
3154 4090 53 17 undei

2780 4113 12 11 a
2799 4108 78 22 penalty
2886 4107 20 18 of
2914 4110 38 15 two
2961 4110 58 21 years'
3028 4111 144 22 imprisonment
3177 4119 26 11 w.i

2781 4129 82 23 rejected
2871 4131 25 21 by
2905 4132 22 16 32
2937 4133 19 16 to
2967 4132 15 17 7.

1191 50 59 22 THE
1278 50 57 23 HOT
1362 50 92 22 LAKES
1484 50 174 26 CHRONICLE,
1687 49 193 26 WEDNESDAY,
1908 50 77 23 JUi.Y
2014 54 30 22 17,
2064 54 49 19 159.5

78 218 3 22 '
96 218 40 22 iON
150 220 140 20 PTEAM-11IP
439 218 30 19 OF

41 244 9 12 *
60 238 7 22 )
118 241 59 20 K&W
188 241 116 20 ZEALAND
311 242 82 18 Limited.

118 277 3 17 ;
221 277 3 17 >
238 277 59 17 I'-iJ'.'.
305 279 10 12 !'
325 277 2 17 i
337 279 65 15 1/KIVV

174 312 3 21 i
186 312 32 13 wit
414 328 16 5 _

36 347 14 10 I
57 351 19 10 -:
112 350 16 11 (,
135 348 6 13 J
206 344 77 20 Monday
306 343 43 16 '2nd
357 343 24 15 Jll
388 343 28 20 yii
424 343 43 21 p.in.

33 366 101 17 I'.:>..,wkw
178 366 76 19 Molulwy
308 363 29 17 sth
347 364 47 16 Ausr.
405 362 9 18 6
423 369 11 15 p
443 368 23 12 tn.

111 401 48 15 i'uK
170 399 44 17 fcuU
221 399 80 16 UHEbN
311 400 79 14 lUKia.

47 435 54 20 'a'-./.]!
121 440 11 11 A
139 441 52 14 evriy
201 435 75 20 llond.-y

36 458 12 11 *!
151 461 52 16 ewry
211 456 91 20 'lhurtdny

34 478 97 16 7.\iif.*v.i.A
205 477 80 21 Tiu-sdny
315 475 41 18 23r-i
369 477 41 20 July
422 480 46 12 tio-u

33 501 99 14 At'-Ta.vi.;.!
154 498 147 20 Wfdin.sday.2t
314 498 42 21 July

96 540 81 15 Xltduced
187 540 45 15 fnrea
239 544 10 11 a
259 545 9 9 e
276 545 37 10 now
323 541 17 14 iu
349 543 19 11 :o
379 543 23 12 i;t;

33 561 90 16 A.iichlund
129 560 69 16 Branch
250 561 105 15 Piilnieotr.ii
369 559 98 18 Buildings.

181 669 118 20 tefiyvSHaaa

82 700 113 23 UDDART,
221 700 110 22 PARKER,
353 699 54 19 AND
427 698 39 19 CO.

196 725 108 23 (limited),

108 770 60 19 NEW
181 770 86 19 STEAM
280 768 108 21 service:

36 803 126 29 Bringing
162 801 3 31 1
175 803 61 23 Lew
244 802 79 24 Fares
332 802 56 23 into
397 801 69 23 force

55 852 96 23 Splendid,
161 851 163 24 Well-appointed
329 851 93 19 Steamers
428 851 40 17 will

31 875 24 18 bo
63 875 112 23 despatched
186 876 50 17 from
245 878 118 18 Auckland,
374 881 19 11 us
407 874 61 17 under

31 899 90 23 (weather
137 899 37 17 and
195 900 54 17 other
264 899 144 17 circumstances
423 903 33 16 per-

31 922 85 23 mitting)
123 922 4 23 ;
149 922 2 23 -

31 945 42 17 Fou
79 943 136 23 GISBOENE,
222 945 105 20 NAPIER
334 942 116 19 WELLING-

54 968 56 21 TON,
122 969 158 20 LYTTELTON,
290 969 14 16 &
314 966 128 21 DUNEDIN,

31 992 102 17 AnuX.ian.
142 990 2 23 .
153 990 3 23 .
165 990 2 23 .
172 992 103 19 Tuesday,
285 991 47 22 July
341 992 28 19 2,'j,
388 990 17 16 11
421 996 45 10 a.m.

32 1015 106 17 Tasmania
144 1015 37 21 ....
188 1015 102 19 Tuesday,
301 1015 48 21 Aug.
360 1015 16 18 6,
385 1018 56 12 noon.

158 1060 51 17 FOll
224 1060 112 20 SYDNEY,

76 1083 116 23 (Returning
203 1084 20 16 to
232 1083 100 17 Auckland
340 1079 79 25 Direct.)

31 1107 93 22 Carrying
143 1107 114 22 Passengers
278 1107 30 16 for
329 1106 135 19 Mkt.kouhne,

43 1130 53 17 other
101 1128 132 19 Au.STiiAi.IAN
241 1130 70 19 Touts,
318 1129 37 16 and
362 1129 44 16 Hob
407 1133 11 11 a
422 1132 30 16 ut,

28 1159 106 17 Tasmania
207 1159 98 19 Monday,
309 1157 47 22 July
365 1157 28 19 '22,
401 1158 9 15 -1
418 1161 46 17 p.m-

28 1182 95 17 Anglian
196 1182 99 20 Monday,
305 1181 50 22 Aug.
369 1181 16 19 5,
395 1181 10 15 H
417 1185 47 16 p.m.

53 1209 79 23 Freight,
141 1209 38 16 and
188 1209 91 23 Passages
292 1209 19 16 at
325 1211 78 14 LOWEST
416 1210 36 13 cun-

28 1236 55 13 j;ent
96 1236 69 13 kates.

52 1255 73 17 Return
134 1253 75 19 Tickets
215 1252 93 20 available
313 1255 29 16 for
348 1253 26 17 six
382 1252 82 18 months.

128 1284 21 16 L.
166 1284 24 16 D.
200 1283 108 17 NATHAN
320 1283 17 17 &
349 1282 44 19 CO.,

361 1305 79 20 Agents.

63 1359 225 47 Visitors'
313 1359 118 46 List.

148 1449 71 22 Lake
235 1449 95 21 House.

27 1479 32 18 Mr
67 1480 67 18 Potter
141 1479 78 24 (Messrs
228 1479 73 17 Morrin
309 1480 16 16 &
339 1477 33 24 Co)
381 1477 82 18 Auckl'd

62 1504 88 20 Hansom,
161 1501 111 25 (Sargoods)
281 1501 99 18 Auckland

62 1526 11 17 J
76 1527 35 16 aim
122 1526 71 20 Cnrric,
203 1525 99 18 Auckland

28 1549 45 17 liev.
83 1550 45 16 lI.R
137 1548 4 23 .
151 1549 83 21 Haweis,
244 1548 90 23 England

28 1573 46 17 Miss
83 1573 97 20 Freeman,
190 1572 89 18 Dunedin

73 1595 68 21 Fodor,
155 1595 89 18 Dunedin

62 1650 101 22 Brent's
181 1649 129 28 Batlig-ate
330 1647 94 23 House.

31 1680 46 17 Miss
89 1680 26 17 H.
129 1679 67 21 Piczzi,
210 1678 117 23 Grcyinoutli

75 1703 73 21 Hanis,
165 1702 76 22 Sydney

28 1726 40 18 Mrs
76 1726 74 21 Harris,
160 1731 46 15 sen.,
222 1725 77 22 Sydney

27 1750 47 17 Rev.
84 1749 32 17 Mr
124 1748 38 18 and
174 1748 40 18 Mrs
231 1748 90 20 Hendrie,
338 1747 102 17 Hainilton

144 1773 78 18 Turner,
233 1771 89 23 England

27 1796 32 17 Sir
68 1795 20 18 C.
99 1795 18 18 S.
128 1795 72 21 Moore,
210 1795 78 21 Sydney

62 1819 21 17 C.
96 1818 29 18 W.
139 1816 91 20 Caldwell
243 1818 37 17 and
292 1823 40 14 son,
346 1816 37 23 Fiji

96 1842 46 17 Miss
151 1841 77 22 Plielps,
238 1840 117 22 Wellington

62 1865 114 20 Dasliwood,
186 1865 47 16 Port
245 1863 77 18 Danvin

64 1888 20 17 C.
94 1889 22 16 A.
126 1887 64 23 Wray,
200 1888 76 17 Timaru

62 1911 73 20 Harris,
145 1911 45 22 jnr.,
203 1910 77 23 Sydney

28 1934 28 18 Dr
64 1935 61 22 Barry
133 1934 20 17 T.
164 1934 81 21 Russell,
256 1933 76 23 Sydney

140 1980 55 22 The
207 1979 139 28 Langham.

27 2013 32 17 Mr
71 2012 25 17 11.
106 2012 71 22 Molyc,
186 2011 89 17 Miranda

62 2036 24 17 D.
97 2035 84 18 Sincock,
192 2034 100 17 Auckland

62 2059 23 16 R.
93 2058 78 20 Martin,
181 2058 92 17 Mamaku

62 2082 26 17 H.
98 2082 27 16 M.
134 2081 80 20 Martin,
229 2080 71 23 Napier

62 2105 18 17 J.
91 2105 53 20 Ross,
154 2104 97 17 Waiwaka

62 2128 23 17 E.
95 2128 80 20 Corban,
190 2126 98 18 Aueklanc

138 2171 116 23 Kotorua
270 2169 85 23 Hotel.

29 2207 32 16 Mr
69 2206 97 21 Edwards,
176 2204 88 18 Waikato

60 2229 51 18 John
122 2230 73 22 Angus,
210 2227 100 18 Auckland

62 2253 30 17 W.
102 2253 87 19 Stewart,
200 2250 99 18 Auckland

64 2276 30 17 W.
103 2275 52 21 Bird,
174 2274 78 19 Galatea

63 2300 28 16 M.
101 2300 87 19 Nieman,
198 2298 99 21 Tauranga

62 2322 68 21 Rocho,
141 2321 98 17 Allendale

62 2346 61 20 Allen,
134 2344 108 23 Wanganui

61 2368 104 21 Callender,
175 2366 101 19 Auckland

61 2392 67 22 Tyson,
139 2390 100 18 Auckland

61 2415 68 20 Alfrid,
140 2413 100 19 Auckland

62 2438 110 22 Cavanagli,
179 2436 87 19 Waikato

61 2462 21 16 B.
90 2462 21 16 F.
122 2462 89 21 Cliaytor,
219 2460 25 16 Te
253 2458 53 18 Puke

61 2484 101 21 Wallnutt,
175 2482 101 18 Hamilton

60 2508 75 20 Cowan,
149 2503 101 21 Auckland

61 2531 22 17 A.
93 2531 98 19 Patcrson,
201 2528 99 19 Auckland

162 2585 161 23 ROTQRUA.

24 2672 428 72 Langham.

46 2791 48 22 (One
100 2790 90 18 minute's
198 2789 50 17 walk
257 2789 49 17 from
313 2789 31 16 the
351 2788 72 17 Govern-

175 2814 53 16 ment
235 2811 76 22 Baths.)

143 2882 189 23 T6RMS:

52 2921 44 22 35s
104 2926 46 23 per
169 2919 87 27 week;
277 2919 27 21 6s
320 2925 44 22 per
374 2918 57 29 day.

54 2955 60 22 Two
124 2954 90 23 weeks
224 2960 28 16 or
261 2953 98 28 longer,
377 2952 54 23 30s.

62 3022 27 31 C.
122 3020 134 33 HAWKER
284 3019 140 36 WILSON,

151 3065 186 21 PROPRIETOR.

183 3316 55 20 ASK
254 3316 56 19 FOR

30 3366 431 50 HANCOCKS'

155 3440 183 21 CELEBRATED

212 3492 85 32 xxxx

143 3549 212 51 ALES,

163 3616 60 13 MADE
230 3615 55 13 I'T.OM
294 3614 42 13 TIIE

74 3747 53 15 FREE
139 3746 56 14 I'KOM
207 3746 39 13 ALL
259 3743 127 15 AUTISEI'TICS
398 3742 26 14 OR

139 3782 140 14 DELETERIOUS
297 3781 63 13 ACIDS.

42 3845 138 33 CAPTAIN
202 3843 81 32 COOK
302 3842 166 37 BREWERY,

139 3892 194 22 NEWMARKET.

66 3942 174 26 WSNYARD
254 3941 190 27 &PURCHAS,

101 3979 129 19 Barristers
237 3982 42 14 akd
290 3976 122 23 Solicitous,

41 4008 84 26 Templo
132 4008 117 23 Chambers,
257 4006 58 25 Higli
322 4007 29 23 St,
358 4004 108 20 Auckland

38 4066 61 28 ~\\T
103 4066 18 19 E
134 4065 53 19 liavc
197 4070 71 18 money
277 4067 20 16 to
307 4063 47 20 lend
365 4069 25 12 on
407 4062 61 19 Mort-

52 4083 35 26 VY
130 4097 54 19 gnge
195 4090 19 18 ol
230 4090 98 18 Freehold
343 4089 40 19 and
398 4088 70 19 Lease-

557 213 68 22 Loads
638 212 40 22 and
690 212 78 26 Savvey
777 212 70 26 Office,

569 238 115 26 Auckland,
697 240 48 19 28th
752 239 78 25 March,
844 240 56 20 1805.

496 269 130 22 VTOIIOJB
641 271 26 19 IS
680 268 118 22 HEIIEBY
809 269 60 26 given
881 269 45 20 that

571 295 35 21 the
616 295 180 21 Uiidel'montioned
808 297 90 18 Sections
905 295 21 19 in

493 324 36 19 tlit-
537 321 108 21 Miuaeroa
656 323 77 19 Otut-oa
747 321 69 23 Block,
830 320 96 21 Thermal

493 349 87 26 Springs
599 348 91 24 District,
708 348 113 23 Auckland,
842 348 41 19 will
901 347 25 20 be

493 377 76 18 offered
579 375 32 19 for
620 375 64 19 Lease
696 375 26 24 by
742 374 73 19 Public
831 373 94 24 Auction,

492 402 32 19 for
533 409 12 12 a
556 406 50 15 tel-in
617 402 22 19 of
650 403 122 21 twenty-one
782 405 44 17 year
826 405 22 17 3,
860 401 21 17 at
891 400 35 18 the

493 431 59 22 Upset
561 428 76 19 rentals
647 426 59 19 noted
721 426 70 21 below,
803 428 21 16 at
836 425 34 19 the
881 425 34 19 Dis-

491 455 47 18 trict
547 453 68 20 Lands
626 452 39 19 and
679 452 76 24 Survey
773 451 67 24 Office,
856 451 70 19 Ancle-,

491 480 54 22 land,
557 487 25 11 011
593 480 121 20 ToVkbdaY,
731 477 50 19 25th
796 477 56 25 July,
869 479 55 22 1895,

491 509 21 16 at
524 508 20 16 11
557 506 75 18 o'clock
644 510 47 12 a.m.

491 549 118 18 Mauakuoa
618 548 85 19 Oturoa
726 547 75 23 Block,
822 546 104 19 Thermal

604 573 87 20 SrniNOs
705 573 103 19 District.

553 1174 138 19 Dbscpii'tion
708 1179 24 13 of
750 1173 104 19 Sections.

514 1206 65 19 These
591 1206 86 19 sections
685 1212 33 12 are
725 1204 70 25 nearly
803 1204 27 19 till
838 1204 84 19 covered

488 1232 49 19 with
555 1232 68 19 ruixcd
645 1232 63 19 forest
718 1230 4 26 ;
748 1231 38 18 soil
805 1231 60 25 light,
885 1230 37 19 but

488 1256 58 26 pood.
579 1258 59 24 'ihey
657 1264 34 12 are
710 1260 35 15 not
764 1256 43 20 well
827 1256 93 22 watered,

488 1285 67 24 owing
574 1286 21 17 to
614 1284 35 19 the
666 1290 75 18 porous
760 1286 73 15 nature
849 1283 22 18 of
887 1282 34 19 the

487 1310 44 19 soil.

567 1362 124 19 Conditions
708 1367 23 13 ov
743 1360 98 20 Leasing.

518 1398 14 18 I.
546 1395 59 21 Term
616 1395 21 20 of
648 1395 60 23 lease,
720 1397 125 23 twenty-one
861 1401 59 18 years

487 1423 52 19 from
551 1423 34 19 the
598 1425 28 16 'ft
637 1423 38 23 daj-
685 1423 21 17 of
716 1421 124 25 September,
863 1422 56 18 1895.

513 1451 11 16 2
545 1448 54 20 Rent
609 1448 87 26 payable
707 1447 126 25 half-yearly
854 1447 19 19 in
885 1447 23 18 ad-

486 1482 63 12 vance
560 1473 4 25 ;
581 1475 34 18 the
626 1476 42 17 lirst
689 1475 21 18 of
728 1475 48 18 such
797 1473 123 25 half-yearly

485 1504 108 22 payments
602 1504 21 15 to
635 1501 23 18 he
668 1500 58 19 made
745 1502 20 16 at
782 1500 34 19 the
832 1499 52 19 close
899 1501 20 17 ot

486 1527 48 23 sale,
546 1527 39 18 and
595 1527 28 18 all
640 1527 70 18 future
730 1530 107 20 payments
855 1528 20 16 to
896 1526 24 19 be

485 1554 59 18 made
560 1555 20 17 to
596 1554 35 17 the
648 1553 66 18 officer
728 1552 90 24 appoint!
826 1552 12 18 d
855 1554 20 16 to
889 1558 28 13 ro'

485 1580 55 18 ceive
550 1579 33 19 the
593 1585 56 12 same
658 1578 71 19 within
742 1578 54 24 sixty
807 1578 51 24 days
868 1579 51 17 from

487 1606 33 18 the
531 1605 50 25 days
591 1612 26 11 on
628 1604 64 20 which
703 1604 48 24 they
772 1604 81 19 become
872 1604 46 23 due,

486 1631 39 19 and
536 1631 21 19 in
567 1631 79 19 default
665 1631 80 18 thereof
757 1630 34 19 the
801 1630 54 19 lease
865 1634 20 15 to
895 1630 25 19 be

485 1657 103 19 forfeited.

513 1685 17 16 3.
544 1684 44 18 The
597 1683 64 19 lessee
669 1682 59 24 shall,
744 1682 72 19 within
826 1682 94 25 one'yenr

485 1710 52 18 from
548 1710 34 18 the
593 1710 46 18 date
650 1711 21 16 of
680 1708 60 23 lease,
751 1708 42 23 fell,
807 1708 58 22 burn,
878 1708 39 18 and

485 1741 40 13 sow
537 1735 47 19 with
597 1741 57 20 grass
665 1742 24 12 a-
705 1741 48 13 area
762 1734 61 25 equal
832 1738 19 14 to
861 1736 11 17 5
883 1740 36 19 per

485 1764 51 16 cent,
547 1762 21 18 of
579 1762 34 18 the
630 1761 48 19 land
697 1760 111 25 comprised
826 1760 79 19 therein
914 1760 4 25 ;

485 1787 72 19 within
564 1790 40 16 two
613 1794 60 18 years
683 1794 10 12 a
705 1788 80 18 further
797 1788 12 17 5
819 1793 36 18 per
865 1790 52 15 cent,

485 1813 21 19 of
516 1813 34 19 the
560 1820 46 12 area
616 1813 3 24 ;
635 1813 69 19 within
720 1813 57 18 three
787 1819 58 17 years
856 1819 10 11 a
878 1813 30 18 fur-

485 1839 46 19 ther
539 1841 11 17 5
560 1846 36 19 per
605 1844 51 15 cent.
675 1841 21 17 of
712 1839 33 18 the
762 1845 61 17 area;
848 1839 70 18 within

485 1865 31 19 six
534 1872 59 18 years
602 1873 26 11 an
649 1868 83 16 amount
751 1865 61 24 equal
832 1867 20 16 to
872 1871 36 12 ono-

484 1895 84 21 quarter
576 1892 21 18 of
607 1892 34 18 tiie
652 1891 49 19 total
713 1897 58 17 area;
786 1891 40 18 and
844 1893 21 15 at
883 1890 34 19 the

485 1917 40 19 end
534 1918 21 18 of
564 1918 34 18 the
609 1921 50 15 tenn
677 1924 25 12 an
713 1924 47 12 area
771 1917 59 25 equal
840 1919 20 17 to
870 1924 36 11 one-

485 1943 44 19 half
538 1945 21 17 of
566 1944 35 18 the
615 1944 50 18 total
680 1950 53 12 area.

515 1971 15 17 1.
547 1970 43 19 The
600 1970 63 19 lessee
673 1969 53 20 shall
737 1969 24 18 ho
771 1969 63 18 liable
849 1969 31 18 for
891 1968 27 21 all

485 1999 59 19 rates,
557 1999 63 21 taxes,
631 1997 34 18 &c.

511 2023 18 17 5.
544 2022 33 19 No
588 2022 99 19 transfers
704 2029 22 11 or
741 2022 137 24 assignments
898 2023 20 16 to

484 2048 26 18 bo
518 2048 109 24 permitted
643 2049 82 17 without
743 2050 35 17 the
798 2050 83 16 consent
898 2048 21 18 of

485 2074 33 18 the
530 2074 155 19 Commissioner
693 2074 21 19 of
727 2073 71 19 Crown
816 2074 74 18 Lands.

511 2102 18 16 G.
544 2100 33 19 No
592 2100 104 19 valuation
712 2101 32 17 for
760 2100 159 24 improvements

486 2126 39 18 will
536 2126 25 19 be
571 2126 48 25 paid
630 2126 26 26 by
674 2126 34 18 the
729 2125 78 22 Crown,
828 2126 36 18 but
883 2126 35 18 the

484 2151 54 19 lease
557 2154 21 17 of
600 2152 34 19 the
659 2152 94 24 holdings
777 2151 48 22 will,
848 2158 12 11 a
879 2152 38 17 few

484 2178 81 19 months
577 2178 69 19 before
658 2178 34 18 the
702 2178 38 18 end
750 2177 22 19 of
779 2178 35 18 the
825 2180 57 19 term,
892 2177 25 19 be

485 2204 112 19 submitted
607 2207 20 16 to
638 2204 80 19 auction
726 2204 62 25 again
800 2204 32 18 for
848 2210 11 12 a
878 2204 30 18 fur-

484 2229 46 19 ther
536 2230 69 25 period
609 2230 22 19 of
639 2232 124 23 twenty-one
769 2236 66 19 years,
845 2229 73 19 loaded

484 2255 50 19 with
544 2256 35 19 the
589 2256 59 19 value
659 2256 21 18 of
689 2257 35 17 the
733 2256 157 25 improvements
898 2256 19 18 in

484 2283 73 18 favour
566 2283 22 19 of
597 2283 35 19 the
649 2283 68 18 lessee.
755 2283 43 18 The
816 2282 102 25 incoming

484 2310 70 17 tenant
565 2312 19 16 to
593 2316 39 18 pay
640 2309 33 18 tho
680 2309 59 19 value
746 2309 21 18 of
775 2308 34 19 the
818 2308 87 25 improve-

484 2336 71 21 ments,
572 2335 37 19 but
626 2335 16 18 if
651 2335 57 18 there
718 2335 25 18 be
754 2341 25 12 no
797 2334 35 18 bid
842 2335 31 17 for
883 2334 34 18 the

484 2360 53 19 leaso
548 2361 47 19 then
605 2361 35 18 the
651 2361 53 22 land,
716 2361 48 18 with
773 2361 34 18 tho
818 2361 87 24 improve-

484 2389 71 21 ments,
575 2387 43 19 will
635 2390 67 15 revert
722 2389 19 16 to
763 2387 34 18 the
817 2386 100 25 outgoing

484 2415 70 16 tenant
564 2415 21 16 at
599 2413 35 18 the
654 2418 54 13 same
723 2415 44 16 rent
786 2413 49 24 paid
854 2412 64 18 under

484 2438 34 18 the
538 2439 94 24 expiring
645 2439 60 18 lease.

562 2464 139 20 GERHARD
720 2464 142 24 MUELLER,

536 2490 156 20 Commissioner
703 2491 21 18 of
733 2490 72 20 Crown
815 2491 75 18 Lands.

541 2536 114 46 FOR
689 2536 165 47 SALE.

483 2618 132 34 rpOTARA
620 2619 95 19 HOUSE
723 2618 112 21 BLOCKS.
841 2619 74 20 Stiain.

488 2641 26 21 J-
548 2651 39 20 firs,
599 2645 40 19 and
650 2644 136 21 Government
796 2646 40 18 size
850 2646 65 22 Posts,

482 2670 21 20 in
515 2677 39 18 any
565 2670 102 26 quantity,
678 2670 101 21 delivered
790 2674 20 16 to
821 2678 40 19 any
871 2676 44 21 part

481 2697 21 18 of
513 2697 34 19 tbo
560 2697 177 26 listrict.Apply
751 2700 21 16 at
783 2698 34 19 the
829 2698 86 19 Auction

481 2723 64 22 Man.

665 2757 19 20 J.
703 2757 27 19 11.
744 2758 118 19 TAYLOR.

505 2807 158 23 FURTHER
677 2807 208 24 REDUCTIONS

484 2859 118 24 Genuine
613 2859 57 23 Sale
690 2859 27 22 of
732 2859 117 30 Drapery
866 2861 51 22 and

635 2885 128 29 Clothing.

508 2937 114 23 Balance
632 2937 27 23 of
665 2937 78 23 Stock
755 2939 27 21 to
792 2938 31 22 be
835 2937 57 23 sold

566 2964 147 29 regardless
730 2964 28 22 of
769 2965 61 21 cost.

482 3015 35 18 XO
523 3015 172 18 REASONABLE
701 3015 84 18 OFFER
791 3015 126 18 REFUSED.

484 3064 104 47 RARE
607 3064 201 21 OPPORTUNITY
831 3065 32 18 for
884 3066 33 18 the

557 3091 73 19 Public
640 3094 21 15 to
667 3091 100 25 purchaso
774 3091 53 19 their

484 3117 67 19 Goods
558 3120 20 16 at
585 3117 40 19 less
632 3117 49 19 than
691 3117 118 20 Wholesale
816 3117 76 19 Prices.

515 3169 48 46 S.
604 3169 285 48 HOWARD.

600 3226 92 19 COMET
707 3226 94 19 STOKE.

1134 114 67 23 THE

950 148 273 45 WORKINGMAtTS
1242 148 141 44 FRIEND,

951 218 191 45 MNIEMAN,
1152 218 135 19 Watchmaker
1301 219 20 18 of
1334 218 37 18 Tau-

1041 247 67 19 ranga,
1117 243 35 17 has
1161 243 73 17 arrived
1242 244 21 16 at
1279 243 32 17 the
1326 242 49 17 Itoto-

949 272 34 11 !iia
992 265 58 19 Hotel
1059 267 47 16 -with
1119 267 33 16 tlio
1168 267 95 16 intention
1279 267 20 16 of
1315 265 69 22 calling

948 289 44 18 here
1000 289 96 23 regularly
1106 295 20 12 so
1134 289 47 23 long
1190 294 20 13 as
1226 289 33 17 the
1274 289 79 22 support,
1366 289 18 16 of

949 313 32 16 the
989 314 65 21 public
1062 311 80 24 justifies
1151 312 21 17 it.

971 334 45 24 Any
1024 333 69 25 repairs
1103 337 19 15 to
1131 335 83 17 Watches
1225 340 22 12 or
1261 333 61 19 clocks
1336 332 48 19 done

948 356 26 25 by
989 364 31 13 mo
1035 358 38 18 and
1094 358 78 18 deemed
1188 358 148 22 unsatisfactory
1353 357 31 17 the

948 387 68 17 money
1023 381 39 18 will
1070 381 23 17 he
1101 378 89 21 returned
1199 381 20 16 in
1228 380 42 18 full.

971 403 26 19 'ro
1014 404 85 18 business
1113 404 67 23 pfeople
1194 404 52 18 work
1263 404 38 17 will
1314 402 24 19 bo
1351 402 22 18 de-

947 425 71 20 livered
1026 434 25 11 on
1060 427 48 17 trial.

1061 449 113 19 AtJCJOiAXii
1190 449 79 19 PRICES.

1021 480 51 34 M.
1096 480 211 35 MIKMAH,

1066 524 195 28 Watchmaker,

1035 556 72 21 ROTO
1114 558 55 19 :vUA
1193 557 93 20 HOTEL

575 3273 249 43 NOTICE.

490 3406 198 32 FRANKTON
713 3406 208 32 JUNCTION

654 3447 113 33 HOTEL.

490 3506 204 46 PASSENGEKS
709 3506 27 25 by
752 3507 54 19 train
822 3508 20 18 to
857 3506 65 20 Auolc

681 3533 54 19 land.

490 3627 73 20 Trains
585 3629 44 23 stop
650 3629 76 24 twenty
744 3628 89 18 minutes
850 3629 22 17 at
890 3627 35 19 the

536 3653 107 19 Franliton
653 3653 95 19 Junction
759 3654 32 18 for
800 3653 79 19 dinner.

517 3679 43 19 The
583 3679 137 25 undersigned
748 3679 38 19 has
817 3679 108 19 tirst-elass

492 3704 65 19 Meals
570 3705 61 24 ready
642 3705 40 19 and
692 3705 71 19 served
774 3712 25 12 on
814 3705 74 20 arrival
905 3706 21 18 of

492 3729 27 19 ull
530 3731 70 17 truins.

488 3784 439 38 lYfiircffiungizani

548 3836 322 23 PROPRIETOR.

494 3879 149 23 Hancock's
652 3879 98 22 XXXZ
757 3878 64 23 Ales
828 3878 99 29 always

626 3912 33 16 011
671 3904 127 29 Draught.

1034 610 105 19 PUBLIO
1160 609 132 20 AUCTION.

946 662 42 18 The
1001 661 137 26 undersigned
1148 662 36 19 has
1193 660 92 20 received
1295 660 74 19 instruc-

972 688 53 19 tions
1043 690 21 17 to
1085 687 51 20 offer
1155 689 32 17 for
1206 685 42 21 sale
1264 687 27 24 by
1310 686 70 20 Public

972 713 87 20 Auction
1082 716 20 16 at
1125 715 35 17 the
1184 713 103 19 Railway
1312 712 68 19 Goods

972 739 63 24 Sued,
1054 740 98 23 Rotorua,
1172 746 26 12 011
1216 738 99 19 Tuesday
1324 741 55 21 next,

971 763 49 27 July
1030 766 56 22 23rd,
1099 769 21 15 at
1130 767 11 17 2
1152 764 82 19 o'clock.

946 790 16 20 D.
967 791 19 19 A
995 791 87 19 SACKS
1090 791 91 19 PKIME
1188 790 192 20 CANTERBURY

947 817 17 14 V
969 821 14 9 v
1014 817 146 23 POTATOES,
1174 817 21 18 in
1204 817 40 18 lots
1254 819 20 17 to
1284 817 41 19 suit
1332 823 36 19 pur-

996 843 88 19 chasers.

1042 879 42 13 AX!)
1098 878 26 14 AT
1137 874 11 17 3
1162 873 82 19 O'CLOCK
1254 878 26 13 AT

1081 903 58 19 THE
1154 903 87 19 MART.

945 933 18 19 A
979 933 96 25 quantity
1092 934 21 19 of
1132 933 121 19 Household
1271 933 108 20 Furniture

1076 960 124 25 comprisiug
1209 966 33 12 :

946 990 113 48 QUEST
1075 991 34 19 OF
1125 991 140 20 DRAWERS

970 1044 80 19 Double
1061 1043 101 20 Bedstead

969 1068 66 21 Toilet
1045 1070 35 20 Set

970 1096 107 23 Crockery.
1088 1096 84 23 Cutlery

1023 1124 41 23 &c.,
1144 1124 40 22 Sc.,
1266 1123 33 19 &c.

1058 1158 96 14 WITHOUT
1167 1158 99 14 ItESEKVE.

1102 1184 19 19 J.
1137 1184 27 19 IT.
1180 1183 118 22 TAYLOR,

1226 1210 125 19 Auctioneer.

944 1255 136 22 BARBER
1094 1254 22 22 &
1134 1253 243 25 HAIRDRESSER.

954 1308 7 24 }
977 1308 12 27 |
1021 1306 141 24 STEWAKT,
1172 1307 40 19 lato
1219 1307 21 19 of
1248 1307 128 24 Cambridge,

953 1328 7 23 I
975 1328 11 23 1
1002 1342 8 10 i
1043 1333 49 25 begs
1102 1337 21 14 to
1134 1339 105 13 announce
1247 1333 45 19 that
1302 1333 25 18 ho
1338 1333 40 19 will

942 1362 51 16 start
1004 1359 94 19 business
1113 1359 21 18 in
1153 1359 35 19 the
1202 1359 97 25 premises
1316 1359 61 22 lately

942 1385 96 26 occupied
1054 1385 26 25 by
1099 1385 34 18 Mr
1151 1385 106 24 Andrews,
1276 1385 100 23 fruiterer,

942 1418 25 13 on
987 1419 22 11 or
1028 1411 64 20 about
1113 1411 132 25 Wednesday
1264 1415 54 19 next,
1338 1411 39 19 and

944 1439 61 20 hopes
1015 1441 20 16 to
1047 1438 59 19 merit
1120 1438 34 18 tho
1174 1441 113 22 patronage
1304 1438 21 18 of
1344 1438 33 18 tlio

629 3958 154 16 NOTICE

506 4003 19 26 \
538 4003 38 18 NY
582 4003 101 17 PERSON
690 4003 60 17 found
758 4002 106 24 trespassini

596 4032 6 17 f
610 4031 21 12 oi'
639 4031 40 17 gun
688 4031 24 12 on
724 4032 37 16 any
774 4026 77 23 portion
865 4029 19 14 of
898 4029 28 14 tlic

494 4050 47 17 N.Z.
562 4050 80 17 Thames
658 4048 67 23 Valley
746 4049 55 17 Lund
818 4049 112 23 Company's

495 4073 67 17 Estate
570 4072 39 18 will
618 4073 23 16 bo
649 4073 117 21 prosecuted.

630 4095 76 17 MAKE
719 4095 140 21 HARBISON,

807 4118 100 21 Manager,

1041 1599 95 17 PUBLIC
1148 1599 127 17 MEETING.

960 1646 9 17 4
998 1646 120 17 MEETING
1135 1646 20 17 of
1171 1645 92 17 residents
1277 1644 38 17 and
1333 1650 42 16 pro-

942 1663 43 24 J;\_
1009 1671 56 20 petty
1077 1674 73 12 owners
1166 1668 21 18 of
1202 1668 47 17 botli
1267 1668 108 21 townships,

941 1693 37 16 will
988 1692 23 16 be
1023 1692 44 17 held
1079 1692 17 16 in
1112 1692 32 16 the
1159 1691 80 22 Library
1252 1697 25 11 on
1294 1691 81 22 Monday

941 1717 46 15 next
995 1717 21 15 ut
1026 1717 10 14 S
1046 1715 73 18 o'clock
1129 1720 53 17 p.m.,
1201 1715 30 17 for
1248 1714 32 17 tlie
1296 1720 79 16 purpose

941 1739 20 16 of
970 1738 68 23 taking
1047 1738 39 17 into
1094 1738 139 17 consideration
1245 1738 74 16 various
1328 1739 36 15 mat-

941 1763 37 15 ters
987 1762 90 22 affecting
1086 1762 31 16 the
1126 1767 88 16 progress
1223 1761 20 17 of
1249 1761 32 16 the
1289 1762 58 16 town.

963 1785 32 16 Mr
1003 1785 18 17 J.
1032 1785 26 17 H.
1067 1784 69 23 Taylor
1145 1784 39 17 will
1193 1790 71 16 occupy
1275 1785 31 15 Uie
1319 1784 56 16 chair.

963 1832 107 19 BRITISH
1083 1833 54 17 AND
1150 1833 116 18 FOREIGN
1275 1833 78 17 BIBLE

1100 1856 116 18 SOCIETY.

959 1903 9 16 t
997 1902 95 18 PUBLIC
1105 1903 121 17 MEETING
1238 1903 19 16 in
1267 1903 108 17 connection

947 1933 5 9 i
962 1919 14 23 \
1009 1927 47 16 with
1065 1927 31 16 the
1105 1926 60 17 above
1174 1926 39 17 v.'ill
1221 1926 23 17 be
1260 1926 42 17 held
1318 1925 57 23 (u.V.)

940 1949 19 17 in
968 1950 32 16 the
1017 1950 122 17 Schoolroom
1154 1955 24 12 on
1195 1949 124 22 Wednesday,
1338 1949 28 23 (to-

940 1971 70 24 night),
1020 1974 20 16 at
1050 1973 40 17 7..'50
1099 1978 46 16 p.m.

963 1996 38 16 The
1014 1996 46 17 Rev.
1069 1996 18 17 J.
1098 1995 90 21 Hondlie,
1199 1995 97 23 Secretary
1310 1996 20 16 to
1345 1995 30 18 the

940 2019 100 17 Hamilton
1049 2019 75 17 Branch
1133 2020 21 16 of
1162 2019 32 17 the
1209 2019 100 17 Auckland
1322 2020 40 15 Aux-

940 2042 54 22 iliary
1003 2042 39 17 will
1051 2043 42 22 give
1102 2049 25 10 ail
1141 2042 77 18 address
1235 2048 24 12 oil
1275 2043 33 16 the
1325 2042 50 17 work

940 2065 37 17 and
984 2065 72 22 objects
1065 2066 21 16 of
1091 2065 34 17 the
1134 2065 81 22 Society.

964 2089 16 16 A
989 2089 99 17 collection
1098 2089 38 16 will
1145 2089 23 17 be
1176 2088 56 17 made
1241 2089 19 16 in
1274 2088 31 17 aid
1319 2089 20 16 of
1352 2088 23 17 its

940 2111 71 18 Funds.

875 4209 100 39 Ask
1001 4211 71 40 for
1098 4212 263 41 Hancock's
1387 4216 282 41 Celebrated
1711 4220 188 40 XXXX
1923 4223 113 39 Ales
2062 4225 94 37 and
2191 4224 147 38 Stout.

2900 2112 24 18 IS
2938 2111 38 18 HE
2990 2112 99 22 ARMED,

2819 2135 60 17 WHO
2889 2135 51 17 HAS
2949 2135 44 19 HIS
3007 2136 124 20 QUARREL
3138 2137 64 19 JUST.

2772 2180 136 19 CLEMENTS
2921 2181 84 20 TOXIC.

2795 2204 53 17 THE
2858 2203 113 20 WORLD'S
2983 2205 84 18 GREAT
3080 2205 96 21 RESTOB
3183 2208 20 16 \-

2771 2227 61 17 TIVE
2842 2227 51 18 HAS
2902 2227 86 19 CURED
2997 2229 73 18 MORE
3087 2228 77 19 CASES
3173 2231 30 17 OF

2954 2251 158 23 NEURALGIA,
3118 2253 68 18 WEAK-

2771 2273 70 20 NESS,
2895 2274 130 21 DEBILITY,
3096 2274 105 22 DROPSY.

2771 2297 118 18 BRIGHT'S
2910 2297 114 22 DISEASE,
3051 2300 54 16 AND
3126 2300 76 18 LIVE]:

2771 2320 151 17 COMPLAINT
2950 2321 72 18 THAN
3046 2323 52 17 ALL
3119 2322 84 19 OTHER

2771 2344 146 17 MEDICINES
2926 2344 50 17 PUT
2985 2346 144 17 TOGETHER.

2795 2390 19 16 If
2822 2394 38 18 you
2868 2393 31 15 are
2908 2390 39 18 sick
2955 2391 39 17 and
3001 2391 55 18 Value
3070 2398 48 16 your
3127 2392 37 19 life,
3175 2394 18 16 in-

2771 2413 34 17 sist
2814 2419 50 17 upon
2873 2413 71 25 having
2952 2413 94 20 Clements
3061 2415 63 19 Tonic,
3135 2416 36 18 and
3181 2422 22 12 no

2771 2436 101 18 substitute
2881 2443 21 10 or
2911 2443 38 16 you
2957 2438 39 17 will
3006 2438 23 17 bo
3042 2438 138 24 disappointed.

2864 2482 69 18 HEAD
2958 2484 61 17 THIS
3040 2485 70 17 CASE.

2770 2506 32 17 Mr
2810 2506 46 17 Bon.
2867 2506 21 17 P.
2899 2506 81 21 Walker,
2993 2506 103 23 Willis-st.,
3112 2509 79 23 Welling-

2770 2530 39 19 ton,
2820 2528 47 18 Now
2875 2528 93 24 ffioalond,
2978 2531 43 16 who
3037 2532 63 17 writes
3117 2539 25 10 on
3158 2532 45 22 July

2772 2553 50 20 17th,
2834 2554 42 16 IN'M
2885 2553 3 24 :
2891 2553 41 17 lt
2942 2554 14 16 is
2966 2559 10 11 a
2989 2554 86 23 pleasure
3093 2556 29 16 for
3139 2560 51 12 met
3200 2553 3 24 >

2771 2575 64 23 testify
2845 2577 19 16 to
2873 2576 32 17 the
2915 2577 63 17 merits
2992 2578 21 16 of
3029 2578 95 18 Clements
3140 2579 61 17 Tonic.

2770 2599 38 18 For
2821 2599 67 18 twelve
2904 2605 54 17 years
2977 2601 9 16 I
3003 2606 38 13 was
3058 2601 82 18 afflicted
3157 2602 44 17 with

2771 2624 52 20 gout,
2834 2622 36 18 and
2879 2624 136 22 consequently
3034 2624 135 23 sleeplessness.
3195 2626 9 16 I

2769 2651 57 12 never
2834 2645 55 17 knew
2897 2645 52 18 what
2957 2647 16 17 it
2982 2653 37 11 was
3026 2649 20 15 to
3056 2648 49 17 have
3114 2654 11 12 a
3133 2648 70 24 night's

2771 2672 37 13 rest
2820 2667 80 20 without
2908 2669 91 24 suffering
3015 2670 50 24 pain,
3091 2672 10 16 I
3119 2672 44 17 look
3180 2671 22 18 all

2770 2693 48 16 sorts
2827 2692 20 17 of
2855 2690 47 19 stuff
2909 2694 19 15 to
2937 2694 31 18 try
2977 2694 38 17 and
3023 2694 68 17 relieve
3096 2701 32 15 my
3134 2701 67 16 agony,

2769 2715 35 17 but
2813 2714 112 29 everything
2934 2716 58 18 failed
3000 2718 49 16 until
3058 2718 10 17 I
3084 2718 49 17 tried
3142 2718 49 18 Clem-

2770 2739 41 17 ents
2820 2738 62 17 Tonic.
2908 2739 55 17 After
2971 2740 33 17 the
3013 2740 40 18 first
3061 2740 61 18 bottle
3140 2741 10 18 I
3166 2747 26 12 wii
3199 2738 4 22 i

2770 2761 98 23 decidedly
2875 2761 67 18 better.
2973 2763 10 16 I
3000 2764 46 17 then
3063 2765 101 17 continued
3180 2765 23 17 its

2770 2791 38 14 use,
2818 2784 37 17 and
2864 2785 49 16 after
2921 2786 68 21 taking
2997 2785 36 20 five
3048 2787 54 18 small
3116 2787 68 18 bottles
3194 2789 7 16 I

2771 2814 37 11 was
2816 2808 106 22 absolutely
2931 2808 62 19 cured.
3019 2810 10 17 I
3040 2810 49 18 have
3097 2811 39 16 had
3152 2811 52 18 other

2769 2831 87 17 ailments
2865 2831 56 21 since,
2930 2831 36 17 but
2974 2832 48 18 have
3032 2834 61 17 found
3110 2834 93 18 Clement-;

2769 2854 58 17 Tonic
2835 2854 51 27 good
2894 2859 55 19 every
2959 2855 51 23 time,
3029 2857 38 17 and
3083 2857 48 17 have
3147 2863 56 12 never

2770 2877 58 17 found
2839 2877 16 17 it
2870 2877 35 18 fail
2921 2879 20 16 to
2958 2879 43 22 give
3018 2880 110 17 immediate
3143 2881 58 17 relief.

2769 2901 19 16 It
2797 2901 15 16 is
2827 2901 32 16 the
2875 2901 91 18 medicine
2983 2902 21 17 of
3020 2904 100 17 medicines
3136 2904 20 17 in
3172 2910 30 17 my

2769 2924 113 17 estimation.
2907 2925 44 17 You
2960 2932 31 10 are
3004 2927 20 16 at
3035 2927 70 22 liberty
3113 2928 20 16 to
3150 2927 53 18 make

2769 2947 51 16 what
2829 2952 33 11 use
2870 2953 38 16 you
2917 2949 38 16 will
2971 2949 20 16 of
3006 2950 36 17 this
3060 2951 108 16 statement.
3194 2951 7 16 I

2769 2975 30 12 am
2808 2970 43 18 well
2859 2970 69 18 known
2936 2972 20 16 in
2965 2972 117 22 Wellington
3091 2974 38 16 and
3142 2974 48 17 Hoki-

2769 2993 134 18 tika.Yours
2919 3000 45 14 very
2982 2996 109 23 gratefully;
3117 2997 45 17 Ben.
3181 2998 20 16 I'.

2768 3016 82 21 Walker,
2865 3017 61 18 Willis
2942 3020 63 20 street,
3023 3015 123 27 Wellington,
3156 3020 46 17 New-

2769 3040 89 16 Zealand.
