3190 4258
35 99 131 24 TERRIBLE
182 99 82 24 CRIME
280 99 33 24 AT
329 99 113 24 NOTTING-

206 122 69 19 HAM.

58 170 87 22 Herbert
151 167 88 22 Weston,
251 172 12 12 a
271 162 119 24 lacemnker,
406 160 52 26 aged

37 202 19 17 5\
74 193 104 24 murdered
187 192 31 19 Lit-
227 191 45 19 wife
291 192 21 16 at
325 187 133 25 Nottingham

35 214 30 31 on'
76 220 57 27 April
156 218 53 23 25th,
228 216 28 25 by
281 214 113 26 strangling
416 212 37 19 her

33 251 33 20 He
84 243 115 24 afterwards
212 240 80 22 entered
308 240 35 18 the
356 240 64 17 house
438 240 20 16 of

35 284 11 12 a
56 280 75 15 woman
140 270 45 21 who
194 268 40 20 had
309 264 88 24 recently
413 270 33 12 eon-

34 300 58 23 fined,
103 298 39 20 and
152 294 83 22 stabbed
243 293 36 19 her
293 298 21 13 as
332 290 36 19 she
385 290 35 24 lay
437 295 21 13 in

33 327 39 20 ted
80 324 49 21 with
137 324 37 19 her
179 321 71 20 infant.
277 317 40 20 She
340 322 17 13 is
371 318 35 16 not
424 321 23 13 ex-

32 351 68 23 pected
115 353 20 16 to
154 353 83 15 recover.
264 344 84 19 Weston
369 341 42 19 also
428 342 19 17 at-

35 377 70 23 tacked
119 374 83 21 another
219 369 111 27 neighbour
344 367 70 20 before
431 367 26 18 he

30 411 42 15 was
80 400 93 22 arrested.
279 398 17 12 *

58 429 43 21 The
111 425 88 23 accused,
209 422 87 21 Herbert
303 419 92 22 Weston,
411 419 45 19 who

33 457 18 20 is
68 456 21 19 in
112 452 88 25 custody,
222 450 36 19 has
276 447 52 19 been
348 444 63 20 heard
435 445 21 18 to

32 483 92 20 threaten
145 478 32 20 his
194 475 45 21 wife
263 479 26 14 on
306 476 94 21 previous
424 476 21 13 oc-

33 508 82 20 casions.
141 504 42 20 The
199 500 50 21 fatal
265 497 81 27 quarrel
371 503 17 13 is
408 502 36 19 sup-

31 533 62 22 cosed
102 535 20 16 tc
131 531 50 19 have
190 527 59 20 taken
258 525 55 26 place
322 523 63 19 about
402 528 53 13 noon

33 567 27 13 on
91 554 132 25 Wednesday.
249 551 42 19 The
321 554 90 21 prisoner
437 553 18 13 is

32 584 91 23 believed
131 584 21 17 to
160 581 50 19 have
218 575 102 27 strangled
333 575 35 19 the
376 579 78 14 woman

33 613 27 21 by
68 609 79 25 putting
154 607 31 19 his
191 604 54 21 hand
250 601 74 27 tightly
338 600 64 20 round
418 600 37 18 her

34 638 73 21 throat,
124 633 75 24 having
218 628 113 27 previously
345 626 79 20 twisted
442 631 11 13 a

32 659 141 24 handkerchief
181 657 62 19 about
260 655 36 19 her
312 652 57 21 neck.
395 652 59 19 After

32 688 79 23 leiving
126 685 33 19 the
172 683 63 19 house
257 681 25 20 ho
305 678 111 25 attempted
434 679 20 16 to

32 722 9 13 T
47 712 95 22 (.tackMrs
148 706 159 26 Attenborough,
314 711 13 14 a
332 703 120 26 neighbour,

32 740 39 21 and
80 744 53 19 upon
141 737 35 18 the
185 735 59 20 latter
250 732 88 24 running
354 735 57 20 away
428 729 25 19 he

31 767 61 20 threw
112 762 67 20 vitriol
194 762 21 18 at
237 760 41 22 her,
297 756 104 25 scorching
417 756 37 18 her

29 791 73 21 clothes
111 789 39 19 and
159 787 56 20 neck.
242 785 33 20 He
287 784 48 19 then
345 781 108 27 proceeded

29 821 20 18 to
58 817 34 19 the
101 815 62 20 bouse
171 814 22 18 of
201 812 43 21 Mrs
259 808 131 24 Greensmith,
410 808 43 18 Mrs

28 839 170 26 Attenborougli's
204 836 103 26 daughter,
315 835 46 23 and,
369 833 84 24 rushing

27 869 43 21 into
78 868 37 19 her
123 873 60 15 room,
194 864 65 20 where
268 862 35 19 she
324 861 34 24 lay
375 867 21 13 in
414 860 38 18 bed

28 894 49 22 with
91 894 37 19 her
145 891 59 24 child,
220 888 84 21 stabbed
321 887 37 19 her
373 885 49 20 with
441 891 11 11 a

29 918 152 26 carving-knife,
194 915 63 21 which
265 915 25 19 he
297 913 37 19 left
343 911 108 20 embedded

28 948 21 19 in
58 946 36 19 her
112 950 53 14 nose.
193 942 25 20 So
237 942 31 18 far
285 939 39 19 had
343 938 35 18 the
395 936 56 19 knife

28 970 117 28 penetrated
154 969 44 20 that
207 966 58 21 much
274 966 52 18 force
340 963 41 19 had
390 965 21 16 to
425 962 26 19 be

28 998 50 20 used
86 1000 21 16 to
115 1001 67 15 secure
192 995 25 18 its
225 991 92 21 removal.
345 989 25 20 In
376 988 36 19 her
418 994 22 13 en-

28 1024 88 20 deavour
122 1024 21 17 to
151 1021 76 26 protect
233 1017 74 20 herself
315 1015 40 20 and
370 1015 36 18 her
421 1020 19 13 in-

28 1051 45 18 fant
82 1049 42 19 Mrs
134 1044 125 22 Greensmith
276 1049 39 13 was
332 1041 41 19 also
389 1040 61 24 badly

28 1078 33 18 cut
67 1075 62 19 about
147 1073 33 19 the
194 1070 70 20 hands.
291 1068 84 20 Weston
392 1069 58 16 made

27 1103 34 22 off,
70 1101 37 19 but
117 1106 39 14 was
169 1096 92 27 pursued,
272 1094 38 20 and
326 1092 94 26 captured
438 1097 12 13 a

28 1128 56 20 short
90 1126 88 19 distance
187 1124 50 18 from
251 1121 33 19 tho
302 1125 57 14 scene
377 1118 21 19 of
416 1118 33 18 the

25 1154 66 19 crime.
118 1151 42 19 The
167 1149 71 20 motive
261 1148 32 17 for
310 1146 33 18 the
350 1143 66 20 attack
423 1149 25 13 on

24 1179 34 19 tho
74 1176 121 26 neighbours
209 1174 16 19 is
242 1171 90 21 beheved
355 1173 19 16 to
397 1169 51 19 have

22 1205 52 20 been
93 1210 25 13 an
137 1202 32 19 old
182 1200 102 25 grievanco
308 1196 89 20 between
412 1195 34 19 the

22 1230 81 24 parties.
135 1228 25 19 In
182 1226 56 24 reply
260 1226 20 17 to
306 1223 34 19 tho
372 1221 73 24 charge

20 1256 85 20 Weston
110 1253 42 20 said
158 1253 20 19 in
188 1252 63 19 effect.
279 1249 61 24 'They
350 1247 58 20 made
416 1252 32 14 me

21 1282 36 21 kill
63 1287 33 19 my
100 1279 57 21 wife.'
184 1278 41 19 The
235 1275 80 21 accused
321 1275 15 18 is
344 1273 102 20 described

21 1315 23 13 as
56 1308 22 19 of
100 1313 12 12 a
127 1310 75 15 moroso
216 1301 120 27 disposition,
363 1299 39 19 and
423 1304 23 13 as

21 1333 75 25 having
105 1330 89 21 bohaved
203 1329 21 19 in
233 1335 12 13 a
257 1326 88 27 peculiar
362 1330 84 14 manner

21 1360 21 20 of
51 1360 45 18 late.
124 1357 32 19 Ho
166 1355 40 20 had
218 1356 33 17 not
265 1354 49 18 been
334 1351 20 20 in
364 1350 82 26 regular

21 1384 131 26 employment
160 1382 31 19 for
200 1379 74 21 several
282 1377 104 26 years,but
404 1376 40 19 had

21 1409 127 24 occasionally
166 1407 51 20 done
234 1405 53 21 work
303 1410 21 14 a;
331 1403 59 20 homo
399 1409 22 12 as
432 1409 12 12 n

20 1438 41 19 lace
68 1435 60 21 hand.

38 1484 93 22 FOUND
140 1480 135 23 THROUGH
284 1479 19 20 A
314 1477 104 21 DREAM.

46 1528 33 20 An
88 1527 77 24 inquest
170 1530 40 14 was
219 1523 46 19 held
274 1522 20 20 in
301 1519 141 26 Birmingham

21 1561 26 14 on
54 1553 56 27 April
120 1551 47 21 25th
180 1557 25 13 on
221 1549 33 20 the
270 1547 52 26 body
336 1547 21 19 of
373 1552 12 13 a
404 1545 38 26 girl

21 1580 71 22 named
97 1578 73 25 Foster,
177 1577 43 19 who
224 1581 39 14 was
266 1573 63 21 found
332 1573 21 19 in
357 1572 34 20 the
397 1578 34 13 can-

21 1607 21 21 al
48 1612 47 14 near
99 1604 72 27 Spring
174 1602 41 21 Hill
224 1608 25 13 on
257 1600 57 27 April
320 1598 52 20 19th.
400 1597 42 20 The

20 1632 64 26 police
92 1631 40 20 had
140 1630 50 20 been
198 1627 70 26 helped
286 1632 21 14 in
330 1632 12 12 a
360 1626 82 23 strange

19 1665 46 19 v&y
73 1658 27 25 by
110 1664 23 12 an
142 1658 47 18 aunt
198 1655 20 19 of
227 1654 32 19 the
278 1651 99 23 deceased,
398 1650 44 19 who

20 1684 76 22 related
102 1686 20 17 to
131 1683 53 19 them
192 1688 12 13 a
212 1682 78 22 strange
299 1678 74 20 dream.
401 1676 39 19 She

20 1711 42 21 had
68 1710 50 20 been
127 1708 82 25 hearing
216 1707 19 19 of
244 1705 33 20 the
287 1704 154 26 disappearance

18 1738 25 22 Jof
56 1736 36 20 her
106 1735 58 24 neice,
186 1733 39 20 and
242 1731 34 20 she
298 1730 76 20 dreamt
390 1728 50 24 that)

18 1754 61 31 Vhile
88 1761 80 27 passing
181 1761 33 19 the
232 1757 55 20 canal
301 1763 48 13 near
367 1755 74 26 Spring

21 1788 46 23 Bill
76 1789 34 19 she
131 1786 70 27 ripped
222 1784 33 21 tho
271 1785 60 19 water
347 1782 49 20 with
405 1781 37 19 her

21 1814 97 22 nmbrolln
129 1813 36 19 and
176 1812 33 20 tho
218 1810 52 26 body
278 1810 21 19 of
307 1809 34 19 the
347 1807 94 20 deceased

21 1845 22 17 at
56 1847 47 13 onco
118 1838 70 21 floated
204 1844 20 13 to
240 1837 35 19 the
292 1836 82 19 surface.
402 1833 40 20 She

20 1867 73 21 Visited
101 1866 34 19 tho
145 1867 41 23 spot
194 1871 25 12 on
227 1863 33 20 the
265 1861 103 25 following
376 1867 52 12 morn-

20 1891 43 28 ing,
75 1893 44 22 and,
130 1891 75 25 finding
214 1890 34 19 the
261 1888 63 26 police
342 1886 100 26 dragging

20 1920 36 19 tho
65 1918 55 21 canal
134 1918 21 19 in
168 1915 82 22 another
265 1916 50 24 part,
334 1912 108 26 suggested

20 1946 46 20 that
75 1945 47 24 they
131 1942 70 21 should
209 1942 85 19 transfer
301 1939 112 26 operations
423 1940 19 18 to

20 1972 36 19 the
73 1972 45 24 part
126 1970 35 19 sho
178 1968 40 19 had
238 1967 76 20 dreamt
332 1966 28 19 of.
388 1965 54 24 They

18 1998 37 19 did
65 2003 27 17 so,
103 1996 40 20 and
148 1993 133 25 immediately
296 1991 104 21 recovered
409 1990 34 20 tho

19 2023 61 26 body;

73 2078 56 20 ONE
143 2076 80 22 GOOD
232 2074 83 24 TURN,
329 2073 56 20 ETC.

46 2132 25 20 In
82 2129 88 22 America
182 2133 115 21 newspaper
307 2133 43 14 men
360 2125 79 26 usually

21 2159 61 21 travel
101 2163 24 14 an
139 2156 32 19 the
199 2154 89 26 railways
315 2153 48 20 free.
390 2153 29 19 At
429 2158 10 13 a

21 2182 68 26 Recent
99 2182 99 25 <*sther!Dg
217 2180 21 21 of
255 2179 78 21 so'.able
346 2185 50 18 men,
407 2178 32 20 the

23 2201 132 33 after-dinner
170 2208 46 20 chat
233 2206 71 20 turned
319 2212 53 18 upon
396 2211 33 20 per-

23 2238 54 22 ional
87 2235 125 25 experiences,
222 2233 37 20 and
270 2239 11 14 a
294 2231 145 26 distinguished

23 2264 60 28 jurist
92 2261 71 21 related
173 2260 38 20 this

51 2290 60 21 After
121 2286 119 28 graduation,
255 2286 23 19 he
288 2285 97 26 migrated
400 2286 20 18 to
431 2290 10 13 a

24 2313 93 26 Western
135 2316 52 18 town
197 2320 5 18 ;
216 2312 75 20 months
305 2313 21 18 of

34 2344 47 19 With
105 2344 36 21 fcno
164 2340 90 26 prospect
289 2339 21 19 of
343 2338 90 25 improve

24 2371 61 23 toent,
99 2366 81 21 induced
202 2366 38 19 him
263 2366 21 19 to
306 2363 46 22 se:-k
370 2371 12 13 a
398 2370 42 14 new

23 2394 65 23 tome.
113 2393 94 22 Without
228 2398 66 19 money
317 2393 21 17 to
357 2396 38 20 pay
410 2390 31 20 his

25 2420 50 26 fare,
97 2421 23 20 he
136 2419 85 21 boarded
237 2426 10 12 a
260 2418 51 20 train
327 2417 32 20 for
374 2416 54 20 Nash-

23 2439 54 37 fille,
86 2446 101 26 intending
202 2447 19 18 to
244 2444 45 20 seek
306 2443 134 26 employment

26 2480 21 17 M
57 2476 87 24 reporter
153 2479 23 13 on
187 2478 36 14 one
230 2471 21 20 of
268 2471 33 19 the
312 2470 51 25 daily
374 2476 53 13 news-

24 2507 77 20 papers.
127 2499 65 21 When
209 2498 33 20 the
256 2497 105 21 conductor
378 2496 62 20 called

24 2519 35 30 for
69 2527 29 20 his
108 2526 58 20 ticket
175 2525 23 19 he
208 2524 40 20 said
259 2519 4 30 :

52 2555 5 9 '
64 2554 11 19 I
84 2560 29 13 am
124 2559 23 14 on
158 2551 32 21 the
199 2550 46 20 staff
254 2551 20 19 of
284 2549 33 21 the
407 2549 4 25 ,
419 2550 23 20 of

26 2579 108 25 Kashville,
153 2579 11 19 I
186 2584 81 19 Buppoe
284 2583 38 20 you
336 2576 40 21 will
395 2583 45 19 pass

26 2607 56 21 tneP'

51 2633 41 19 The
122 2631 103 22 conductor
252 2629 68 21 looked
353 2631 22 18 at
402 2628 38 20 him

25 2655 86 30 iharply.

54 2685 51 20 'The
113 2685 61 20 editor
185 2684 20 20 of
214 2683 44 21 that
275 2690 60 19 paper
350 2683 16 19 is
378 2683 19 19 in
408 2682 34 20 the

26 2711 77 22 amoker
127 2711 58 19 Come
194 2710 45 20 with
249 2716 28 14 me
287 2708 4 27 ;
304 2709 16 21 if
336 2712 23 17 be
369 2708 61 20 identi-

27 2738 36 21 fies
71 2745 44 18 you,
125 2737 25 19 all
160 2737 63 26 right.'

54 2765 31 19 He
94 2764 87 20 followed
194 2763 32 20 the
240 2762 105 21 conductor
354 2762 43 20 into
409 2761 33 21 the

26 2789 89 26 tnoker;
129 2790 33 20 the
171 2789 92 21 situation
273 2796 37 13 was
326 2789 104 26 explained
438 2789 4 26 ;

26 2815 36 23 Mr
71 2817 68 20 Editor
148 2815 51 23 said:

56 2841 4 27 '
68 2843 37 24 Oh,
115 2850 39 17 yes,
163 2843 10 19 I
182 2842 97 26 recognise
293 2842 39 20 him
342 2849 21 13 as
373 2848 38 14 one
421 2841 21 20 of

27 2867 35 25 tlie
71 2869 48 21 staff
129 2885 5 9 ,
147 2870 17 18 it
172 2875 16 13 is
198 2869 25 19 all
233 2869 65 25 right.'

55 2896 71 20 Before
136 2895 75 26 leaving
221 2895 32 19 the
261 2895 56 25 train,
327 2895 33 20 the
369 2895 73 25 lawyer

27 2922 58 28 Again
96 2923 71 24 sought
176 2921 32 20 the
218 2921 67 20 editor.

56 2949 65 25 'Why
131 2948 31 20 did
175 2954 37 20 you
230 2954 33 20 say
282 2954 37 20 you
330 2948 112 26 recognised

28 2982 31 16 tte
69 2975 9 19 ?
92 2975 37 19 I'm
139 2977 35 17 not
183 2981 24 13 on
217 2981 48 19 your
275 2974 70 26 paper.'

56 3000 4 24 '
68 3002 37 19 I'm
122 3003 35 18 not
178 3001 33 20 the
225 3001 68 23 editor,
309 3000 67 21 either.
405 3000 37 20 I'm

28 3028 106 25 travelling
157 3034 23 13 on
208 3028 29 19 his
265 3034 50 17 pass,
343 3027 38 20 and
405 3033 39 14 was

29 3054 68 22 Beared
108 3055 20 19 to
144 3054 55 19 death
209 3054 38 19 let
264 3061 37 18 you
316 3053 69 20 should
401 3054 43 25 give

28 3080 31 24 &e
69 3080 65 26 away.]

189 3123 94 20 'G.P.O.'

34 3190 8 12 f
56 3177 42 22 One
116 3177 21 20 of
147 3176 33 20 the
199 3178 49 18 most
260 3182 76 15 curious
349 3176 96 21 blunder#

29 3204 23 21 of
74 3211 24 13 an
122 3203 70 21 author
214 3209 37 13 was
273 3203 43 19 that
343 3203 53 20 made
419 3203 24 25 by

30 3231 119 24 Thackeray,
170 3229 53 20 when
237 3229 101 24 collecting
356 3230 89 19 material

32 3257 33 21 for
75 3257 29 20 his
114 3255 4 26 '
128 3256 50 20 Irish
187 3255 71 20 Sketch
270 3255 65 20 Book.'
363 3256 82 25 Driving

31 3284 60 25 idetJg
102 3290 9 13 a
121 3283 52 23 road,
183 3282 23 20 he
220 3288 37 14 saw
268 3284 20 17 at
305 3282 37 20 due
354 3282 92 20 interrals

30 3312 56 25 posts
94 3312 30 18 set
133 3316 26 19 up
170 3309 45 20 with
223 3308 33 20 the
265 3308 68 20 letters
345 3308 3 29 1
360 3308 87 29 G.P.O.'

31 3341 55 22 Upon
97 3336 60 20 them.

36 3369 12 20 5;
57 3362 123 26 Overtaking
195 3369 10 13 a
215 3363 89 24 peasant,
318 3361 23 19 he
357 3361 89 26 inquired

34 3389 34 21 the
77 3389 91 25 meaning
177 3389 21 19 of
207 3389 56 19 these
272 3387 79 24 initials,
361 3389 39 18 and
410 3395 38 12 was

31 3416 82 25 gravely
123 3415 94 20 informed
230 3414 44 20 that
288 3413 45 26 they
344 3415 55 19 stood
417 3415 32 19 for

9 3434 2 28 :
31 3434 62 28 skiod
105 3442 94 19 Preserve
209 3440 109 20 O'Connell
329 3439 11 20 !'

33 3466 1 25 '
36 3466 3 25 :
40 3467 8 24 k
59 3469 41 19 Out
110 3474 51 14 came
175 3467 33 20 the
227 3466 88 20 tourist's
334 3469 53 17 note-
393 3467 55 24 hook,

33 3493 21 21 ih
64 3494 61 20 which
135 3501 10 11 a
160 3493 144 20 memorandum
314 3500 37 12 was
371 3495 21 18 at
402 3500 47 14 once

34 3519 64 27 jjofcted
109 3521 55 18 down
175 3521 19 18 of
204 3520 33 20 the
249 3519 77 20 curious
337 3521 112 19 statement.

63 3547 24 19 In
97 3546 34 20 the
140 3546 42 19 first
195 3546 73 20 edition
279 3545 20 20 of
311 3545 32 20 the
361 3545 89 21 Fketches

37 3570 35 23 the
90 3573 42 19 fact
142 3578 36 14 was
188 3573 46 25 duly
250 3572 115 24 mentioned,
382 3573 36 19 1-ufc
434 3573 15 19 it

36 3602 40 17 Ifris
92 3598 115 26 suppressed
216 3598 19 19 in
246 3598 26 20 all
281 3598 33 20 the
331 3599 120 26 subsequent

36 3624 70 25 itoues,
124 3624 63 26 owing
196 3626 19 17 to
230 3624 32 21 the
280 3624 56 26 tardy
351 3625 98 25 discovery

37 3650 47 22 tbat
102 3651 33 20 tlie
144 3650 73 20 initials
231 3651 53 19 Btood
299 3651 31 19 for
349 3650 3 22 '
363 3652 87 19 General

36 3677 49 21 Post
95 3677 71 23 Office,'
180 3676 104 27 indicating
293 3677 44 20 that
352 3678 33 20 the
396 3678 44 25 high-

34 3710 45 19 way
89 3709 39 15 was
137 3710 11 13 a
158 3705 43 23 post
210 3703 51 20 road.

550 90 107 50 Bravery
677 89 28 41 of
723 89 117 42 Women.

478 170 30 19 T3T
519 168 77 21 LADY
604 168 86 23 COCK,

607 196 22 17 V.
641 194 136 19 CHAELIN.

501 248 21 19 It
531 254 40 12 was
582 245 40 20 said
635 247 26 23 by
671 252 25 14 an
707 246 101 20 excellent
826 247 80 20 Divine.

477 271 3 26 '
489 273 51 20 That
555 271 75 26 though
642 278 60 19 many
721 272 118 20 discoveries
858 273 48 20 have

475 299 49 20 been
543 298 57 20 made
615 297 22 19 in
653 297 35 20 Ihe
698 298 61 19 world
770 298 22 19 of
806 299 98 24 self-lcve,

475 325 56 20 there
556 325 16 18 is
596 330 19 19 y<
622 325 9 18 t
654 323 117 20 abundance
791 324 22 19 of
836 327 5 8 '
851 327 54 18 terra

475 351 101 25 incrgnita
588 351 5 8 '
624 349 41 20 left
692 349 79 20 behind.
818 351 21 19 It
870 351 35 19 has

475 376 79 25 pleased
564 382 44 14 men
619 377 22 17 to
649 377 94 24 arrogate
753 377 22 18 to
785 375 119 23 themselves

473 403 68 26 nearly
562 402 35 20 the
611 401 64 20 whole
688 401 24 20 of
729 401 74 20 human
817 409 87 20 courage

474 429 37 19 and
529 432 21 16 to
566 427 71 27 regard
651 433 76 14 women
746 434 21 13 as
781 434 48 20 very
846 429 57 20 timid

473 455 37 19 and
529 454 101 26 cowardly
653 456 102 18 creatures
774 454 58 20 when
851 462 39 13 com-

473 481 58 26 pared
548 480 48 20 with
615 479 125 21 themselves.
767 480 53 21 Now
834 487 29 14 we
877 482 25 20 do

473 510 35 17 not
519 508 52 24 deny
582 506 170 20 tbatscmewome
762 507 138 27 occasionally

472 534 49 19 have
540 533 54 19 little
613 532 129 20 affectations
761 532 65 21 which
836 534 45 25 give
890 541 12 13 a

471 559 67 20 colour
559 560 21 18 to
601 558 41 19 this
665 558 87 26 opinion.
781 558 64 21 These
867 566 34 13 are

470 584 68 21 scared
549 588 22 15 at
588 584 90 24 meeting
691 584 98 19 harmless
805 591 51 14 cows
879 592 23 13 or

470 617 56 18 oxen,
544 616 22 13 as
575 609 80 26 though
673 610 49 25 they
735 617 52 12 were
802 611 98 20 ferocious

470 637 59 19 bulls.
557 636 56 25 They
622 635 59 26 jump
690 636 22 18 in
717 638 65 17 terror
789 643 25 12 on
824 644 11 12 a
844 637 57 19 chair

470 665 21 17 at
499 662 34 20 the
548 661 54 26 sight
616 661 22 20 of
656 668 12 12 a
681 668 76 13 mouse.
783 662 35 19 All
837 663 61 24 these,

470 689 97 22 however,
575 694 34 12 are
619 693 65 13 errors
700 688 22 18 of
735 687 112 25 education,
857 689 43 26 just

470 722 22 12 as
501 715 49 24 boys
556 720 34 13 are
605 713 76 24 taught
698 713 52 19 from
760 713 35 21 the
804 715 66 19 cradle
879 716 21 18 to

470 741 77 26 despise
577 739 49 25 girls
653 739 33 19 for
712 739 53 19 their
800 741 98 25 supposed

470 768 52 18 want
531 766 21 19 of
569 765 92 24 bravery,
681 765 41 19 and
736 772 55 17 grow
806 768 20 17 to
844 772 42 13 man-

470 792 52 20 hood
541 791 85 20 without
649 791 70 24 seeing
735 791 54 19 their
809 792 87 19 mistake

470 819 39 19 Yet
526 815 123 21 Mandeville
671 816 21 19 in
707 817 31 19 his
755 817 84 19 'Search
857 818 43 19 into

469 844 34 20 the
517 843 77 19 Nature
616 842 22 19 of
658 842 94 25 Society,'
775 849 58 13 avers
855 843 45 19 that

470 873 5 8 '
482 869 54 24 Man,
560 875 22 13 as
603 868 26 19 he
645 868 18 19 is
683 875 12 12 a
717 869 76 20 fearful
815 869 84 20 animals

468 895 101 24 naturally
586 896 36 17 not
634 894 113 26 rapacious,
762 895 54 19 loves
836 895 63 20 Peace

468 922 39 19 and
517 921 65 23 Quiet,
593 920 40 19 and
642 920 26 19 he
679 920 66 19 would
759 927 61 13 never
829 921 67 25 Fight,

467 948 17 18 if
493 946 79 24 nobody
582 946 93 19 offended
688 946 48 23 him,
756 947 40 18 and
806 947 25 19 he
841 947 57 19 could

468 974 51 18 have
534 972 54 20 what
602 972 26 19 ho
642 972 63 25 fights
724 972 33 19 for
769 972 86 20 without
868 972 29 20 it.'

467 999 47 19 This
521 1005 46 17 may
576 997 26 20 bo
621 999 45 18 true
676 998 21 19 of
707 1005 47 12 man
763 1005 22 12 as
795 1005 12 12 a
816 1005 81 18 savage.

467 1025 40 19 But
524 1023 122 20 civilization
665 1024 56 25 gives
738 1031 21 12 so
773 1024 60 19 much
851 1024 46 19 skill

467 1050 39 19 and
526 1050 106 25 dissipates
655 1056 22 13 so
697 1056 62 19 many
777 1057 64 12 errors
858 1050 39 19 and

467 1079 76 20 terrors,
559 1075 45 19 that
622 1081 46 13 men
682 1075 53 21 have
752 1076 66 19 learnt
832 1079 19 17 to
871 1076 26 19 be

466 1102 140 25 quarrelsome,
632 1108 132 19 courageous,
787 1102 41 19 and
850 1102 36 19 self-

465 1128 78 20 reliant.
570 1127 21 19 It
609 1127 68 19 would
686 1127 26 20 bo
721 1128 81 19 natural
816 1130 20 17 to
849 1135 35 18 sup-

465 1160 47 19 pose
519 1153 35 20 the
562 1153 89 19 mothers
670 1153 39 19 and
726 1153 68 20 sisters
804 1154 21 18 of
834 1154 61 19 brave

465 1186 45 13 men
520 1179 66 20 would
603 1179 26 19 bo
647 1179 63 19 brave
724 1179 49 20 also.
801 1179 39 20 AVe
849 1180 46 19 look

465 1206 32 19 for
506 1207 84 24 cognate
607 1205 95 25 qualities
712 1205 21 19 in
747 1205 50 19 both
809 1212 56 13 sexes
874 1206 22 19 of

464 1231 57 20 other
539 1231 90 24 animals,
654 1231 40 19 and
717 1238 34 12 are
773 1233 36 17 not
829 1231 55 26 disap-

463 1257 88 26 pointed.
578 1257 56 25 Why
654 1257 74 19 should
754 1257 97 19 mankind
869 1257 26 20 bo

463 1290 26 13 an
512 1283 102 25 exception
624 1283 10 19 ?
656 1283 58 25 Why
736 1283 73 19 should
831 1283 17 20 it
869 1283 25 20 be

463 1310 101 25 imagined
569 1309 44 19 that
620 1315 47 13 men
674 1308 52 21 have
733 1309 28 19 all
769 1309 35 20 the
808 1315 86 20 courage

463 1336 40 19 and
512 1341 76 14 women
601 1341 12 13 a
630 1335 109 25 monopely
752 1336 23 18 of
792 1335 87 25 timidity
886 1336 8 19 ?

463 1361 77 25 Simply
557 1361 85 19 because
654 1361 21 19 of
693 1360 63 20 men's
770 1362 123 25 stupendous

462 1386 128 21 self-conceit.
632 1386 44 20 Tho
712 1387 96 25 majority
842 1387 51 20 have

461 1420 61 13 never
543 1413 61 25 given
622 1412 35 20 the
677 1412 80 26 subject
779 1419 12 13 a
807 1413 86 19 rational

461 1439 93 25 thought.
581 1438 56 25 They
647 1438 52 20 have
714 1438 97 21 excluded
817 1445 76 13 women

461 1466 52 19 from
522 1464 53 20 their
585 1471 44 13 own
639 1464 103 20 favourite
750 1465 59 19 fields
818 1465 32 19 for
858 1465 35 19 the

461 1491 78 26 display
561 1490 22 20 of
598 1490 93 26 bravery,
707 1490 40 20 and
765 1491 48 19 then
836 1491 57 26 pride

461 1517 119 20 themselves
612 1523 55 20 upon
690 1517 53 19 their
766 1517 126 26 superiority.

460 1544 47 23 But,
532 1543 106 20 whenever
670 1550 77 13 women
778 1543 52 20 havo
853 1543 40 19 had

461 1570 59 25 equal
530 1569 153 26 opportunities,
699 1569 49 25 they
756 1569 53 20 have
818 1569 75 26 proved

460 1596 119 20 themselves
597 1602 26 13 no
636 1595 116 26 despicable
766 1595 127 26 competitors

460 1622 48 20 with
517 1628 46 14 men
572 1621 22 19 in
606 1621 92 26 physical
707 1628 94 19 courage,
812 1622 40 20 and
860 1621 33 20 far

460 1648 64 20 ahead
531 1648 21 19 of
562 1647 54 20 them
624 1648 21 19 in
656 1647 65 21 moral
729 1648 136 20 fearlessness.

484 1674 28 20 At
529 1681 12 13 a
555 1674 47 19 time
616 1674 42 20 like
677 1674 35 19 the
731 1676 86 24 present,
833 1674 58 20 when

468 1700 58 21 >ublic
544 1700 98 20 attention
659 1700 18 19 is
691 1700 78 26 largely
787 1700 69 20 drawn
870 1702 20 18 to

468 1726 3 26 i
488 1726 133 26 comparative
631 1726 52 20 view
692 1727 21 19 of
723 1726 33 20 the
767 1726 94 26 qualities
871 1728 20 18 of

468 1752 39 21 >oth
529 1759 62 17 sexes,
607 1752 16 20 it
640 1759 48 19 may
706 1752 26 20 bo
746 1752 107 26 profitable
870 1755 21 17 to

468 1780 44 19 liaw
534 1778 99 21 attention
661 1781 21 18 to
704 1778 35 20 tho
761 1779 86 25 bravery
870 1779 21 19 of

468 1812 72 13 pomen.
567 1805 40 20 We
615 1805 25 20 do
656 1807 35 17 not
701 1805 65 20 desire
776 1807 20 18 to
816 1805 64 19 under-

472 1832 45 19 alue
526 1831 34 20 tbe
573 1831 132 26 conspicuous
724 1831 71 20 valour
809 1832 21 18 of
839 1838 52 13 men.

467 1858 22 20 )n
506 1858 34 20 tlie
558 1860 99 23 contrary,
673 1864 30 13 we
727 1864 33 12 are
781 1858 66 30 proud
872 1860 19 17 to

470 1884 90 26 ecognifO
582 1884 17 19 it
616 1885 21 18 to
660 1883 35 20 the
708 1883 46 20 full.
781 1883 40 20 We
845 1884 48 25 only

467 1910 43 20 rish
531 1912 21 17 to
574 1909 58 26 point
645 1912 36 17 out
703 1909 46 20 that
766 1916 77 14 women
859 1916 34 13 are

467 1936 76 26 lapable
557 1937 21 19 of
588 1936 34 19 the
637 1942 55 13 same
708 1937 59 24 great
785 1935 79 26 qualify
872 1938 21 17 to

467 1970 6 12 i
489 1962 105 26 profitable
606 1962 80 25 degree,
706 1962 41 19 and
761 1961 50 24 that,
828 1961 55 20 there-

467 1989 43 23 fore,
521 1988 16 19 it
545 1987 64 21 shoud
618 1988 26 19 be
654 1987 127 26 encouraged
799 1988 21 18 in
839 1988 54 19 them

466 2021 18 13 is
494 2015 44 19 well
548 2015 42 19 asin
599 2020 52 14 men.
680 2014 21 19 If
710 2013 35 20 the
754 2020 46 13 men
818 2014 73 24 refuse,

469 2043 20 17 et
494 2046 75 14 women
578 2040 71 20 exhort
657 2040 48 19 each
715 2039 64 20 other.

489 2065 32 21 No
544 2073 37 13 one
602 2073 38 13 can
662 2066 65 20 doubt
757 2065 46 20 that
830 2066 63 19 moral

466 2098 82 20 lourage
557 2093 17 19 is
583 2092 92 26 superior
690 2094 20 18 to
720 2092 97 26 physical.
844 2092 48 19 Men

466 2119 67 19 >xeeed
550 2119 22 19 in
589 2119 36 19 the
638 2118 67 24 latter,
723 2125 77 12 women
824 2118 21 19 in
859 2118 34 19 tho

466 2145 73 23 brmer,
557 2145 40 19 and
614 2145 17 19 it
648 2144 18 19 is
680 2146 35 17 not
731 2144 101 19 desirable
849 2144 45 19 that

467 2170 32 20 his
519 2170 73 20 should
614 2166 26 24 be
658 2170 76 19 altered
754 2176 49 13 even
813 2176 51 13 were
878 2170 16 19 it

466 2196 89 20 lossible.
582 2196 42 20 Yet
646 2196 17 19 it
680 2196 68 20 would
766 2196 40 19 add
821 2198 21 17 to
860 2196 34 19 tho

466 2222 73 26 lignity
549 2223 21 19 of
581 2222 51 20 both
650 2222 17 19 if
680 2229 47 12 men
740 2228 52 13 were
802 2224 92 23 stronger

466 2249 80 25 norally
555 2249 40 19 and
605 2255 77 14 women
691 2248 119 26 physically.

487 2274 19 20 A
516 2275 83 20 modern
607 2274 99 20 historian
713 2274 26 25 say
748 2274 9 25 6
766 2274 8 25 '
780 2274 67 19 Moral
854 2274 40 19 and

466 2300 82 21 ational
565 2300 94 21 faculties
677 2307 47 19 may
738 2300 54 19 alike
806 2300 26 19 be
849 2300 33 19 dor-

466 2329 56 23 mant,
534 2327 41 19 and
584 2326 48 27 they
642 2327 42 20 will
699 2326 96 25 certainly
806 2326 25 20 be
840 2333 22 13 so
878 2326 16 20 if

466 2359 40 14 nen
529 2360 33 13 are
591 2353 75 25 wholly
689 2353 107 19 immersed
816 2353 21 19 in
860 2352 34 20 the

466 2379 129 26 gratification
613 2380 22 19 of
649 2379 54 20 their
717 2385 73 13 senses.
818 2379 50 19 Man
877 2379 17 19 is

469 2405 32 20 ilce
512 2412 12 13 a
532 2405 63 26 plant,
607 2405 66 21 which
683 2405 91 26 requires
792 2411 12 13 a
813 2405 70 19 favour-

466 2432 40 20 ible
517 2432 36 20 soil
571 2432 32 20 for
612 2431 34 21 the
664 2431 39 20 full
717 2431 110 26 expansion
838 2431 22 19 of
868 2431 26 19 its

466 2458 75 20 latural
559 2465 22 13 or
600 2458 70 20 innate
688 2457 92 26 powers.'
807 2457 21 19 If
847 2463 45 13 men

466 2484 33 19 lad
519 2484 51 20 been
588 2483 47 21 shut
649 2486 37 18 out
703 2490 22 13 as
740 2490 76 13 women
834 2482 59 25 have,

466 2511 46 19 'rom
531 2509 35 21 tlie
582 2511 88 19 exercise
693 2511 21 19 of
729 2509 52 20 their
803 2509 90 26 physical

466 2536 93 24 'acuities,
570 2537 18 19 is
598 2536 16 20 it
623 2537 77 19 certain
708 2535 49 26 they
769 2535 68 20 would
842 2535 52 20 have

466 2562 105 27 leveloped
580 2568 68 14 excess
664 2563 22 19 of
694 2561 91 27 physical
799 2568 77 19 powers
883 2561 10 20 ?

486 2589 189 26 Notwithstanding
694 2589 37 19 her
748 2587 61 21 social
827 2587 56 20 disad-

466 2617 93 23 vantages
575 2615 21 19 in
612 2615 41 19 this
662 2617 83 23 respect,
761 2620 78 14 woman
857 2613 37 20 has

466 2641 53 19 nade
534 2641 37 20 her
597 2641 59 19 mark
684 2641 22 19 in
729 2640 35 20 the
786 2640 72 19 annals
872 2641 22 19 of

466 2673 84 19 Dravery.
578 2667 85 26 History
687 2666 76 21 affords
785 2672 108 13 numerous

466 2694 95 26 'xamples
580 2694 22 19 of
619 2696 59 23 great
687 2692 98 24 heroines,
801 2698 61 20 many
872 2693 22 18 of

469 2720 86 24 hemtoo,
566 2721 21 18 at
597 2727 12 12 a
628 2720 49 19 time
691 2720 60 19 when
760 2718 36 20 her
802 2718 84 26 general

466 2746 68 26 positin
552 2753 40 13 was
604 2747 45 18 that
666 2746 22 19 of
699 2752 12 13 a
729 2744 62 24 slave,
813 2744 38 20 but
860 2751 31 13 we

466 2779 31 12 :an
520 2772 47 25 only
585 2774 47 17 note
654 2779 12 12 a
684 2772 47 19 few.
773 2770 81 20 Leaena
873 2771 21 18 of

466 2798 61 20 Attica
536 2798 48 20 bore
600 2798 35 20 tho
653 2800 89 18 severest
750 2799 77 18 torture
837 2796 46 21 with-

466 2826 30 17 )ut
516 2831 11 13 a
550 2825 61 20 word.
638 2824 102 24 Tolesilla,
760 2823 34 20 the
807 2824 85 24 poetess,

466 2850 52 19 nade
528 2850 34 20 the
580 2850 83 26 Argolic
678 2856 78 14 women
773 2849 84 19 fearless
873 2849 21 19 of

466 2876 61 25 leath,
538 2876 40 20 and
588 2876 134 20 discomfitted
741 2876 34 19 the
790 2875 103 25 Spartans,

466 2902 88 21 rhedora
579 2903 62 20 saved
651 2902 35 20 the
700 2902 87 19 Eastern
804 2901 89 26 Empire.

466 2928 103 22 Artemisia
578 2929 64 19 drank
653 2928 35 20 the
698 2928 59 20 ashes
773 2928 22 19 of
802 2927 38 19 her
849 2934 33 12 con-

466 2963 23 14 50i
494 2956 9 19 t
537 2954 91 25 Camilla,
637 2954 71 23 Queon
714 2954 22 20 of
741 2954 34 20 the
782 2953 111 22 Yolscians,

466 2988 36 15 ,vas
510 2981 50 19 slain
574 2981 89 26 fighting
680 2983 21 18 at
715 2980 35 20 the
759 2980 53 19 head
828 2980 21 18 of
858 2979 36 20 her

470 3014 64 19 roops.
574 3007 102 20 Boadicca
703 3005 134 22 encountered
860 3006 34 19 the

466 3038 86 17 veterans
576 3034 21 20 of
623 3033 71 20 Rome.
728 3033 43 19 Tho
797 3031 59 20 Maid
873 3032 21 18 of

466 3061 77 20 Dreans
552 3060 62 20 drove
618 3059 38 26 the
656 3059 89 26 English
754 3059 53 19 from
811 3057 83 20 France.

466 3087 55 20 \rria
531 3086 85 20 stabbed
625 3085 76 21 herself
710 3087 21 18 to
739 3090 112 19 encourage
859 3083 36 20 her

466 3112 90 21 lusband
574 3115 20 17 to
611 3112 38 20 die.
688 3114 5 9 '
701 3111 44 24 See,
760 3111 16 19 it
795 3111 47 19 does
860 3111 35 18 not

466 3140 49 23 hurt,
539 3139 49 19 dear
602 3138 91 25 Paetus,'
716 3137 36 21 she
853 3135 42 20 The

466 3166 47 20 iales
531 3165 21 19 of
574 3165 124 25 martyrdom
724 3170 35 14 are
785 3162 67 20 fertile
875 3162 21 20 of

466 3191 63 21 heroic
548 3197 84 14 women.
659 3191 77 24 Young
754 3189 91 20 maidens
854 3190 41 18 met

466 3218 31 20 the
506 3219 52 18 most
576 3216 89 21 horrible
681 3216 72 20 deaths
771 3215 49 20 with
830 3214 65 26 placid

467 3245 104 24 contempt,
588 3243 18 20 if
621 3245 36 18 not
674 3242 50 21 with
738 3242 107 20 vehement
854 3241 40 25 joy.

467 3271 30 19 No
506 3269 86 21 fiendish
606 3271 88 18 tortures
703 3269 45 19 that
766 3268 62 19 devils
838 3267 57 20 could

467 3297 65 19 levise
548 3302 51 14 were
616 3295 45 20 able
679 3297 21 18 to
714 3294 64 21 shake
787 3294 34 19 the
840 3293 47 20 forti-

467 3323 46 19 tude
531 3323 21 19 of
579 3322 127 19 numberless
728 3321 62 19 brave
813 3325 83 14 women.

467 3348 98 21 Whether
582 3348 65 19 under
655 3348 57 19 Nero
720 3353 23 14 or
759 3346 35 19 the
802 3346 93 23 Bishops,

467 3375 62 20 under
542 3374 35 20 the
594 3374 124 26 Inquisition
728 3379 23 14 or
768 3372 34 19 the
818 3371 79 20 French

467 3400 168 24 revolutionaries,
649 3400 17 19 it
675 3406 42 13 was
726 3398 60 20 noted
796 3398 50 20 with
855 3404 32 13 sur-

467 3428 52 25 prise
537 3427 39 19 and
586 3426 122 19 admiration
725 3425 45 20 that
777 3424 34 19 the
821 3430 77 14 women

467 3454 46 19 died
535 3459 54 13 more
609 3452 84 25 bravely
715 3452 51 19 than
788 3450 35 19 the
846 3456 51 13 men.

467 3480 58 19 With
543 3479 55 20 what
616 3485 59 19 grace
685 3478 41 19 and
744 3476 103 23 calmness,
859 3475 39 20 and

467 3505 77 20 infinite
551 3504 116 20 tonderness
671 3504 32 19 for
712 3502 73 25 others,
796 3502 34 20 did
840 3502 58 19 Anne

467 3532 76 24 Boleyn
553 3531 40 19 and
602 3530 60 26 Mary
666 3531 21 18 of
699 3529 95 20 Scotland
803 3529 34 24 lay
846 3528 54 19 their

467 3558 39 19 fair
515 3557 60 20 necks
590 3563 55 20 upon
661 3556 35 20 the
705 3555 67 21 block.
799 3555 57 19 Even
865 3553 34 20 the

467 3584 82 19 fearless
556 3583 88 25 Raleigh
652 3582 74 20 suffers
731 3582 28 25 by
767 3580 130 26 comparison,

468 3610 31 18 for
508 3609 53 20 their
579 3609 87 26 queenly
680 3609 80 24 dignity
771 3606 87 20 excelled
867 3606 32 19 his

467 3635 131 26 half-jocular
605 3635 138 19 carelessness.

494 3662 68 19 When
579 3668 30 13 we
627 3667 55 14 come
700 3663 20 17 to
738 3658 92 27 physical
853 3657 38 20 self-

468 3688 93 23 sacrifice,
572 3689 20 18 to
602 3687 71 26 giving
680 3686 55 20 one's
743 3686 35 19 life
782 3687 20 17 to
809 3690 47 14 save
866 3684 34 19 the

468 3716 52 17 most
529 3714 49 19 dear
590 3715 21 17 to
621 3720 29 17 us,
661 3719 78 14 women
755 3711 59 20 stand
828 3711 72 19 almost

468 3740 65 19 alone.
560 3739 99 21 Whether
672 3741 21 17 to
711 3738 50 20 suck
780 3744 11 12 a
805 3736 94 27 poisoned

470 3765 78 25 wound,
559 3772 22 12 or
590 3768 21 16 to
620 3765 104 19 intervene
733 3763 41 21 and
782 3763 78 20 receive
866 3762 34 19 the

470 3791 104 20 assassin's
593 3791 82 25 dagger,
700 3797 22 13 or
739 3792 21 17 to
779 3795 60 14 nurse
867 3788 34 19 the

470 3817 98 21 wounded
578 3817 21 20 in
607 3817 35 19 the
658 3817 61 20 mids',
729 3816 21 20 of
767 3815 70 24 battle,
849 3821 23 13 or
881 3816 20 17 to

471 3843 65 21 watch
545 3843 27 26 by
581 3843 35 20 tho
634 3843 62 19 coucb
705 3842 22 20 of
744 3841 109 27 pestilence
862 3840 39 19 and

470 3870 66 24 death,
557 3877 22 12 or
597 3871 21 18 to
627 3868 81 20 commit
722 3867 76 20 suicide
816 3869 20 17 to
855 3872 46 13 save

471 3896 52 19 their
530 3903 44 12 own
583 3895 41 20 and
633 3894 53 20 their
695 3892 111 21 husbands'
816 3892 84 23 honour,

470 3922 48 26 they
527 3922 51 20 have
597 3921 57 20 acted
666 3920 87 21 without
762 3925 12 13 a
783 3918 85 27 parallel
877 3924 24 13 on

472 3948 34 20 the
523 3950 46 24 part
588 3948 21 21 of
627 3953 52 14 men.
708 3945 106 21 Woman's
832 3944 44 20 love
885 3944 17 19 is

472 3976 92 24 stronger
573 3974 49 19 than
638 3974 37 19 her
693 3972 60 23 feors,
764 3971 41 20 and
820 3970 48 20 here
886 3970 17 19 is

472 4007 26 12 no
508 4000 86 19 sacrifice
604 4000 66 19 which
686 3999 36 19 she
740 3997 43 20 will
790 3998 37 18 not
835 3997 55 19 cheer-

473 4026 51 25 fully
539 4026 60 20 make
616 4026 33 19 for
661 4025 44 20 him
723 4024 46 21 who
785 4029 64 20 sway
867 4022 36 20 her

472 4052 64 20 heart.
562 4052 66 20 What
645 4052 35 19 she
703 4051 49 20 does
773 4050 29 25 by
817 4049 86 26 impulse

473 4084 46 15 man
528 4078 68 27 feebly
605 4078 48 21 tries
662 4080 21 19 to
693 4077 27 21 do
731 4077 29 26 by
777 4075 126 21 calculation.

954 88 42 20 But
1018 89 17 19 it
1052 89 18 18 is
1083 88 22 19 in
1123 88 62 20 moral
1204 95 87 20 courage
1314 90 44 19 that

928 120 78 13 woman
1025 114 73 19 shines.
1126 114 47 19 Just
1186 121 22 12 as
1225 115 36 19 the
1279 119 79 22 greater

927 140 94 25 strength
1039 140 40 20 and
1088 140 90 25 training
1190 141 23 19 of
1226 147 47 13 man
1288 142 70 19 makes

928 165 38 19 liini
978 166 112 27 physically
1100 167 96 24 superior,
1207 173 21 13 so
1239 167 34 19 the
1294 168 62 19 mora]

926 192 118 24 ftrenj;tha'
1054 193 11 18 d
1076 192 116 25 traiiiiiigof
1202 199 75 13 woiran
1290 194 66 20 maker

926 217 38 19 him
976 219 85 25 morallj'
1072 218 134 20 hei'inferior.
1234 219 25 19 In
1270 219 83 26 loyalty,

928 243 142 25 truthfulness,
1089 245 92 24 chastity,
1201 245 82 25 fidelity,
1304 250 49 20 ri'y.

924 269 99 26 sobriety,
1033 269 92 26 honesty,
1141 271 38 18 and
1194 274 80 21 general
1287 278 56 17 perse-

924 301 85 15 verance
1017 297 19 18 in
1048 296 119 24 well-doing,
1174 296 34 19 she
1215 297 15 19 is
1237 297 102 19 immenscr-

922 321 46 26 ably
976 322 63 20 above
1048 321 46 21 him.
1122 322 47 19 This
1176 321 35 20 has
1218 322 47 20 been
1273 324 77 19 noticed

922 347 27 25 by
959 350 59 23 great
1036 348 77 19 writers
1124 348 19 19 in
1157 354 58 19 every
1225 355 42 19 age,
1278 350 39 18 and
1335 350 16 19 it

922 374 65 19 would
997 375 38 18 not
1044 374 25 19 be
1079 374 84 20 difficult
1173 375 21 18 to
1206 374 91 21 discover
1306 375 43 26 why

921 399 36 20 she
966 400 17 19 is
993 407 23 12 so
1026 400 59 20 much
1100 400 63 19 man's
1173 400 61 20 moral
1252 402 98 25 superior.

921 425 125 21 Mandeville
1055 426 85 25 thought
1148 426 16 19 it
1174 433 39 12 was
1220 426 84 21 because
1314 427 36 21 her

921 451 57 20 brain
997 459 40 12 was
1047 459 55 13 more
1116 452 112 26 accurately
1246 452 102 21 balanced.

921 477 39 21 We
970 478 67 24 think,
1054 478 96 24 however,
1170 478 44 19 that
1239 478 17 20 is
1271 478 76 27 largely

921 503 64 27 owing
1003 506 22 17 to
1034 511 12 12 a
1055 504 70 26 higher
1138 504 98 20 standard
1255 504 22 20 of
1286 506 61 19 moral

921 530 85 20 conduct
1025 530 74 25 having
1117 530 49 20 been
1180 531 115 25 constantly
1314 532 22 19 de-

921 556 83 20 manded
1013 556 53 20 from
1073 556 36 20 her
1117 556 51 20 from
1179 558 95 19 remotest
1281 560 65 17 times.

921 582 40 19 But
983 582 36 19 she
1039 584 54 18 must
1112 582 58 19 insist
1192 589 54 19 upon
1264 583 83 20 further

920 608 86 25 physical
1015 608 148 23 advancement,
1171 608 38 19 and
1219 615 44 13 man
1274 609 71 20 should

920 635 43 19 look
981 636 23 18 to
1020 634 31 20 his
1070 635 77 24 morals,
1163 634 45 20 that
1217 636 69 19 sexual
1300 636 36 19 har-

920 667 57 18 mony
987 667 45 19 may
1040 661 71 19 result.

942 686 23 20 It
982 686 17 20 is
1009 692 27 14 no
1053 687 80 19 wonder
1147 686 44 20 that
1209 687 35 20 the
1258 688 88 20 cowards

919 712 37 20 and
975 713 170 20 narrow-hearted
1160 719 72 20 among
1251 714 35 20 the
1300 721 44 13 men

919 744 32 14 are
974 738 85 25 bitterly
1077 739 89 26 opposed
1180 741 21 17 to
1223 739 36 21 the
1279 742 5 8 '
1294 740 50 20 New

919 765 98 19 Woman.'
1045 765 55 26 They
1110 772 33 13 see
1163 766 5 10 '
1179 765 32 20 the
1222 767 35 18 rod
1267 767 23 19 of
1305 774 26 12 em-

919 791 40 24 pire
969 790 5 10 '
985 791 89 25 slipping
1084 792 51 19 from
1150 791 53 20 their
1221 799 67 18 grasp,
1305 794 38 18 and

919 817 37 19 Feel
975 817 46 19 that
1029 817 52 20 their
1091 817 61 20 brute
1167 817 53 21 force
1239 819 40 19 and
1297 826 36 13 cun-

919 844 45 24 ning
975 846 74 17 cannot
1064 850 46 14 save
1119 844 61 20 them.
1208 844 87 21 Women
1312 852 33 13 are

919 869 78 26 already
1016 870 62 20 men's
1093 870 62 20 moral
1176 871 110 24 superiors,
1305 872 39 19 and

919 902 30 13 are
969 895 42 20 fast
1030 896 104 26 becoming
1148 896 53 20 their
1218 897 126 21 intellectual

919 922 71 26 equals.
1018 922 61 20 Their
1094 923 97 26 physique
1201 923 17 19 is
1232 923 113 27 improving

918 955 51 12 more
988 948 77 26 rapidly
1076 949 48 20 than
1140 949 33 20 the
1192 949 67 21 men's.
1287 951 46 19 Alto-

918 974 73 25 gether,
1014 974 35 21 the
1067 975 82 20 outlook
1175 982 80 14 assures
1277 983 23 13 us
1324 977 21 19 of

918 1000 65 20 sexual
993 1001 90 26 equality
1095 1004 21 17 at
1126 1009 25 12 no
1161 1002 32 19 far
1203 1002 79 20 distant
1291 1003 54 20 date.

918 1026 112 20 Whenever
1048 1028 16 19 it
1083 1028 80 24 arrives,
1178 1028 16 19 it
1215 1029 40 20 will
1273 1029 46 26 give
1333 1036 11 13 a

917 1052 99 21 universal
1035 1054 88 25 impetus
1139 1056 21 18 to
1184 1061 99 20 progress,
1304 1056 40 19 and

917 1079 52 19 mark
988 1086 12 12 a
1023 1086 43 13 new
1086 1080 38 19 and
1148 1080 83 26 happier
1253 1089 35 12 eia
1314 1082 30 19 for

917 1104 110 27 humanity,
1037 1106 32 19 for
1086 1106 70 26 Eight,
1167 1108 36 18 not
1219 1108 74 26 Might,
1304 1108 40 20 will

917 1137 79 19 govern,
1015 1132 40 20 and
1072 1132 34 20 the
1121 1133 103 20 worthiest
1243 1141 52 13 wear
1310 1135 34 19 the

917 1163 68 14 irown.
1013 1158 42 20 The
1065 1159 59 19 brave
1135 1166 75 13 women
1224 1160 22 19 of
1256 1160 34 20 the
1300 1163 45 23 past

917 1184 34 19 ind
971 1187 84 22 present
1064 1185 39 20 will
1115 1185 47 20 then
1178 1186 23 19 be
1220 1188 82 19 revered
1323 1195 21 12 as

917 1210 30 20 the
965 1211 74 25 daring
1048 1211 92 25 pioneers
1154 1212 20 19 in
1186 1212 33 20 tho
1238 1213 105 27 discovery

917 1236 17 19 )f
943 1243 11 13 a
964 1236 50 21 New
1032 1238 85 19 Heaven
1128 1238 39 20 and
1180 1245 12 13 a
1202 1239 50 20 New
1270 1239 73 20 Earth.

911 1290 58 20 THE
992 1290 188 21 PRODUCTION
1203 1292 37 20 OF
1253 1292 71 21 MEER-

1064 1317 126 20 SCHAUM.

938 1370 34 20 Mr
981 1370 154 25 Cumberbatch,
1147 1371 76 19 British
1234 1372 76 20 Consul
1321 1375 21 17 at

910 1397 92 25 Angora,
1013 1397 20 19 in
1044 1397 30 20 his
1084 1397 61 20 latest
1154 1399 76 25 report,
1241 1406 44 19 eaya
1295 1399 47 20 that

910 1423 42 20 rich
961 1423 92 26 deposits
1061 1424 23 19 of
1091 1424 134 20 meerschaum
1233 1432 34 13 are
1277 1425 63 20 found

910 1451 75 25 twenty
996 1450 56 19 miles
1063 1452 21 17 to
1095 1450 34 19 the
1139 1451 113 19 south-east
1262 1452 22 19 of
1293 1451 47 20 Eski

910 1476 77 23 Shehir,
1006 1483 26 13 an
1051 1476 111 26 important
1175 1477 74 20 station
1266 1485 25 13 on
1307 1478 34 20 the

910 1502 111 20 Anatolian
1049 1502 98 26 Bailway.
1187 1504 42 19 The
1256 1504 84 26 Belgian

910 1528 74 20 Consul
992 1528 21 20 in
1025 1529 168 25 Constantinople
1201 1530 43 19 who
1251 1531 89 26 recently

910 1555 71 20 visited
1002 1555 35 20 the
1060 1556 64 25 place,
1137 1563 44 18 says
1201 1556 16 20 it
1236 1557 64 20 would
1317 1559 24 19 be

910 1581 85 20 difficult
1013 1583 22 18 to
1046 1582 110 21 determine
1170 1582 33 21 tho
1220 1586 58 18 exact
1294 1591 45 13 area

910 1614 19 13 in
954 1608 64 21 which
1038 1608 35 20 the
1088 1609 133 20 meerscLaum
1241 1610 17 19 is
1273 1613 21 18 to
1317 1611 24 21 be

910 1634 71 20 found.
1009 1634 93 26 Judging
1112 1635 52 20 from
1175 1635 34 21 the
1223 1637 86 20 number
1320 1638 21 20 of

910 1661 41 26 pits
974 1662 22 19 at
1014 1660 138 21 considerable
1167 1662 101 21 distances
1288 1664 52 20 from

910 1687 47 21 each
967 1688 65 24 other,
1042 1687 18 21 it
1068 1690 53 18 must
1131 1688 24 20 be
1164 1690 108 21 extensive.
1300 1691 41 20 The

911 1714 96 21 localities
1018 1714 66 21 where
1100 1718 52 16 most
1167 1715 54 20 work
1232 1717 16 20 is
1263 1718 77 20 carried

910 1748 25 13 on
955 1748 33 13 are
1003 1741 194 27 Sepetdji-Odjaghi
1214 1744 38 19 and
1273 1744 68 20 Kemi.

910 1767 150 27 kdji-Gdjaghi.
1100 1768 41 20 The
1165 1769 135 22 meerschaum
1325 1771 16 20 is

910 1794 103 21 extracted
1033 1794 20 19 in
1069 1794 34 20 the
1122 1801 53 13 same
1190 1802 42 19 way
1251 1803 21 14 as
1292 1798 41 19 coal

911 1822 44 19 Pits
965 1821 53 20 from
1028 1820 47 20 25ft
1085 1824 21 16 to
1116 1821 34 20 120
1150 1821 24 20 ft
1183 1822 50 26 deep
1249 1830 35 13 are
1294 1824 46 26 dug,

911 1847 38 20 and
960 1855 21 12 as
992 1853 48 14 soon
1051 1854 21 13 as
1083 1846 34 21 the
1127 1848 45 19 vein
1182 1848 17 19 is
1209 1850 69 19 struck
1289 1850 41 20 hori-

911 1874 67 19 zontal
1002 1873 101 26 galleries,
1123 1875 111 20 sometimes
1253 1876 22 20 of
1296 1884 34 13 con-

911 1900 98 20 siderable
1019 1900 77 25 length,
1110 1907 34 12 are
1161 1902 61 23 m->de,
1235 1902 37 20 but
1288 1910 53 13 more

912 1927 48 19 than
971 1928 40 18 two
1028 1926 93 25 galleries
1131 1934 34 13 are
1175 1927 38 20 but
1230 1928 75 21 seldom
1321 1932 21 17 to

911 1953 24 20 be
954 1952 64 21 found
1034 1954 19 18 in
1074 1959 38 13 ore
1126 1954 37 24 pit.
1190 1954 42 20 The
1248 1957 59 18 stone
1321 1963 21 12 as

910 1979 103 21 extracted
1037 1980 17 19 is
1074 1978 64 21 call.'d
1159 1978 3 28 '
1174 1980 44 20 ham
1242 1982 59 24 tasb,'
1321 1989 22 13 or

911 2005 63 27 rough
985 2005 66 24 block,
1062 2005 39 20 and
1113 2005 16 20 is
1140 2006 41 19 soft
1199 2008 78 25 enough
1288 2011 20 18 to
1319 2008 24 20 be

910 2032 62 26 easily
990 2034 36 18 cut
1038 2032 47 20 with
1096 2039 12 12 a
1122 2032 63 20 knife.
1213 2034 21 19 It
1249 2034 17 19 is
1282 2034 61 21 white

912 2059 46 19 with
968 2066 12 12 a
998 2058 103 27 yellowish
1112 2059 46 22 tint,
1173 2060 37 19 and
1227 2067 17 12 is
1258 2062 83 19 covered

910 2085 49 19 with
979 2092 11 12 a
1000 2085 35 19 red
1046 2085 70 25 clayey
1131 2085 36 20 soil
1184 2086 22 19 of
1223 2086 63 20 about
1301 2088 40 19 lin.

910 2111 64 20 thick.
1002 2111 22 20 It
1029 2111 16 19 is
1050 2111 20 19 in
1081 2111 41 20 this
1129 2113 53 19 state
1188 2112 34 20 the
1232 2112 69 21 blocks
1309 2121 33 12 are

912 2137 111 26 purchased
1033 2137 27 26 by
1070 2137 77 20 dealers
1156 2145 25 13 on
1197 2138 35 20 the
1242 2141 52 24 spot,
1305 2142 38 18 not

912 2164 24 25 by
947 2163 74 26 weight
1031 2170 23 14 or
1065 2164 27 26 by
1103 2167 151 24 measurement,
1265 2166 37 20 but
1311 2173 20 14 ac-

912 2190 82 25 cording
1004 2195 21 15 to
1037 2190 35 20 the
1087 2192 138 24 approximate
1242 2193 99 26 quantity,

912 2217 64 20 either
987 2223 35 18 per
1041 2216 44 20 load
1097 2217 22 19 of
1129 2216 56 21 three
1198 2218 58 20 sacks
1267 2226 22 12 or
1306 2226 36 19 per

912 2245 43 18 cart
974 2243 51 23 lrad,
1037 2243 35 20 the
1082 2243 55 25 price
1152 2244 82 26 varying
1244 2245 52 20 from
1312 2246 30 20 5

912 2271 21 18 to
944 2271 45 19 3O
999 2276 36 17 per
1045 2269 51 25 load,
1108 2271 106 25 according
1226 2272 21 19 to
1256 2272 85 27 quality.

912 2295 62 21 These
985 2295 69 21 blocks
1063 2303 35 13 are
1112 2296 55 20 dried
1177 2297 39 19 and
1235 2298 106 26 subjected

912 2325 21 17 to
952 2323 77 20 certain
1044 2323 141 25 pieparations
1199 2323 69 21 before
1284 2325 57 25 being

912 2349 101 26 conveyed
1032 2350 22 19 to
1075 2349 49 19 Eski
1140 2349 78 21 Shehir.
1246 2351 57 20 Some
1321 2352 22 19 of

912 2376 54 20 them
976 2382 35 14 are
1020 2382 23 14 as
1058 2375 57 20 small
1124 2383 21 13 as
1157 2384 10 12 a
1177 2377 81 24 walnut,
1275 2377 68 21 whilst

912 2402 68 20 others
990 2404 64 18 attain
1066 2402 34 20 the
1115 2402 40 20 size
1164 2403 23 19 of
1196 2410 12 13 a
1223 2404 58 20 cubic
1291 2405 51 19 foot.

911 2429 47 19 Tho:
964 2434 12 15 e
999 2427 64 21 vhich
1083 2429 90 20 combine
1188 2430 110 27 rtgularity
1321 2431 22 20 of

912 2456 80 20 surface
1011 2455 40 20 rnd
1068 2455 40 20 size
1122 2462 33 13 are
1173 2455 35 21 the
1223 2457 50 20 best.
1300 2457 42 20 The

912 2481 122 26 manipulali
1042 2488 18 13 >n
1070 2481 92 27 required
1174 2482 69 20 before
1252 2483 48 26 they
1309 2490 34 14 are

911 2508 61 25 ready
995 2509 33 19 for
1047 2509 128 24 exportation
1195 2509 17 19 is
1235 2509 48 26 long
1303 2511 39 19 and

911 2535 70 26 costly.
1009 2534 43 20 Tiio
1075 2534 68 26 clayey
1162 2542 14 13 s<
1185 2535 13 20 il
1213 2535 17 21 i<
1251 2537 91 20 removed

912 2561 38 20 rnd
983 2561 35 20 the
1047 2561 136 21 mceiecbaum
1213 2562 63 20 dried.
1317 2564 25 19 In

911 2595 37 13 sun
957 2594 19 14 m
979 2595 8 7 n
990 2594 9 13 r
1009 2594 103 19 exposure
1126 2588 31 19 for
1168 2589 36 19 five
1214 2595 23 13 or
1254 2589 30 19 six
1293 2589 50 26 days

912 2617 20 17 to
955 2615 35 19 the
1014 2615 56 19 fun's
1090 2621 46 19 rays
1156 2615 83 25 suffices,
1263 2615 38 21 but
1322 2617 19 19 in

912 2641 71 20 winter
994 2648 11 12 a
1016 2647 54 14 room
1086 2640 69 20 heated
1167 2644 22 16 to
1199 2641 34 21 the
1249 2642 91 26 required

912 2669 137 25 temperature
1060 2667 15 20 is
1082 2674 113 20 necessary,
1208 2668 39 20 and
1255 2669 34 19 the
1298 2669 33 26 dry-

911 2694 36 24 ing
966 2700 81 20 process
1058 2693 57 20 takes
1128 2694 56 26 eight
1202 2696 22 18 to
1234 2697 34 18 ten
1287 2695 55 26 days.

912 2720 67 20 When
1003 2720 58 20 dried
1081 2720 36 20 the
1140 2720 69 20 blocks
1241 2728 34 14 are
1298 2722 43 19 well

912 2747 81 20 cleaned
1012 2746 40 21 and
1068 2746 97 25 polished,
1180 2747 48 20 then
1246 2747 48 26 they
1309 2755 34 13 are

912 2774 67 19 sorted
987 2773 44 20 into
1042 2774 63 19 about
1114 2774 22 19 12
1147 2774 78 21 classes,
1236 2774 47 20 each
1291 2775 52 19 class

911 2799 60 27 being
994 2800 77 26 packed
1096 2800 48 19 with
1174 2802 57 24 great
1253 2807 45 14 care
1321 2800 21 21 in

912 2828 91 24 separate
1021 2833 63 17 cases,
1094 2826 39 20 and
1143 2826 47 21 each
1205 2827 59 20 block
1283 2827 60 26 being

912 2853 94 25 wrapped
1025 2853 21 19 in
1067 2855 69 18 cotton
1152 2852 56 21 wool.
1235 2854 43 19 The
1294 2854 47 19 bulk

912 2879 22 19 of
941 2878 35 21 the
987 2879 137 20 meerschaum
1138 2886 17 13 ib
1165 2882 44 17 rent
1219 2881 20 18 to
1255 2880 87 24 Vienna,

912 2905 64 20 where
995 2906 16 19 it
1021 2906 16 19 is
1047 2905 80 20 worked
1143 2906 38 19 and
1198 2906 100 26 dispersed
1315 2907 26 19 all

912 2938 47 13 over
1025 2932 70 20 world.
1124 2932 57 20 Meet
1197 2934 23 18 of
1232 2932 35 21 the
1284 2934 59 19 finest

912 2958 111 24 speeimers
1042 2965 33 13 are
1094 2960 47 18 sent
1154 2959 65 20 dinct
1237 2961 23 18 to
1279 2960 63 20 Paris.

913 2984 81 20 Certain
1003 2985 107 20 American
1121 2986 78 19 dealers
1210 2986 48 20 have
1268 2986 73 20 visited

913 3010 48 20 Eski
971 3011 73 20 Shehir
1055 3011 48 20 with
1115 3012 34 19 the
1157 3012 68 26 object
1233 3013 21 19 of
1264 3012 66 20 obtaii-

912 3037 151 20 therawarticle
1070 3038 63 20 direct
1140 3038 76 20 instead
1226 3038 22 21 of
1256 3039 85 27 through

913 3063 85 25 Vienna,
1021 3064 86 26 thereby
1128 3065 70 25 saving
1216 3065 34 20 the
1273 3066 70 25 higher

912 3089 161 21 Custom-house
1092 3091 51 25 duty
1164 3092 85 25 payable
1267 3099 26 13 on
1308 3092 35 20 the

913 3116 81 20 worked
1008 3117 144 21 meerschaum.
1188 3118 41 20 The
1247 3118 96 27 quantity

913 3142 96 26 annually
1033 3144 98 24 exported
1145 3144 16 19 is
1173 3147 45 25 .put
1241 3146 57 19 'town
1322 3147 22 18 at

913 3170 58 23 8,000
990 3171 22 18 to
1028 3171 72 23 10,000
1115 3177 61 14 cases.
1205 3171 41 20 The
1263 3171 80 21 various

914 3198 56 17 taxes
990 3196 63 19 levied
1065 3196 24 26 by
1100 3197 34 19 the
1148 3197 87 20 Turkit-h
1251 3198 79 21 Govern-

913 3224 56 17 ment
978 3226 84 17 amount
1072 3225 22 18 to
1104 3222 63 21 about
1176 3224 25 20 37
1211 3231 36 19 per
1263 3228 47 17 cent
1319 3226 25 19 ad

915 3248 84 19 valorem.

1024 34 58 21 THE
1095 33 60 22 HOT
1169 35 93 22 LAKES
1277 36 174 26 CHRONICLE,
1469 37 195 25 WEDNESDAY,
1694 36 74 21 JULY
1783 36 32 26 17,
1830 36 54 22 1>95,

941 3306 42 19 The
1001 3313 43 13 new
1061 3306 56 20 cable
1126 3307 63 19 which
1205 3307 35 20 has
1254 3309 91 26 recently

917 3334 49 18 bum
985 3332 39 20 laid
1035 3339 66 13 across
1113 3333 34 20 the
1161 3333 93 21 Atlantic
1272 3336 73 25 weighs

915 3360 39 19 GSO
973 3360 79 24 pounds
1063 3362 21 17 to
1094 3359 34 20 the
1143 3360 51 19 mile.
1222 3361 47 19 This
1284 3361 18 20 is
1312 3363 33 19 the

915 3385 81 25 biggest
1014 3385 22 20 of
1051 3386 26 19 all
1093 3386 35 19 the
1141 3386 72 20 cables.
1240 3387 105 26 Although

917 3412 40 19 this
980 3412 62 19 latest
1061 3418 38 13 one
1122 3412 18 19 is
1163 3412 71 25 larger,
1245 3413 48 21 than
1312 3415 35 19 the

915 3438 76 24 others,
1010 3438 35 19 the
1055 3438 80 20 fashion
1150 3438 22 20 of
1182 3439 81 26 nJa.kirg
1281 3441 66 19 cables

917 3464 35 19 has
971 3466 37 17 not
1023 3464 91 25 changed
1129 3465 54 20 since
1200 3466 55 19 1851.
1289 3467 59 20 More

917 3490 48 20 than
983 3491 73 19 twelve
1075 3491 75 20 million
1166 3492 78 24 pounds
1255 3499 33 14 are
1303 3500 42 13 now

917 3517 90 20 invested
1016 3517 21 20 in
1049 3517 94 20 Atlantic
1152 3518 72 19 cables.

942 3551 42 20 The
1008 3551 102 25 Japanese
1129 3558 35 14 are
1185 3552 81 26 making
1289 3554 56 25 rapid

917 3578 94 25 headway
1030 3580 23 18 at
1067 3577 105 27 Thursday
1192 3579 76 19 Island.
1302 3580 45 20 Two

917 3604 21 20 of
957 3603 34 21 the
1002 3604 57 20 fhree
1075 3604 49 26 Blips
1134 3611 33 13 are
1181 3611 44 13 now
1235 3607 69 18 owned
1323 3607 24 26 by

919 3631 59 23 them,
988 3631 40 19 and
1039 3631 17 19 it
1066 3631 16 19 is
1093 3631 96 25 probable
1199 3631 44 20 that
1257 3632 69 20 within
1337 3640 9 12 a

914 3657 1 26 ,
919 3657 36 19 few
974 3664 60 19 years
1050 3657 57 19 thero
1119 3657 38 19 will
1173 3660 36 16 not
1227 3658 24 19 be
1262 3664 19 14 a'
1288 3659 61 20 white

917 3683 130 20 boatbuilder
1057 3683 20 19 in
1088 3683 34 19 the
1132 3684 128 25 community.

944 3716 32 19 An
995 3715 68 20 Arctic
1074 3714 117 21 Exhibition
1206 3716 16 19 is
1232 3718 21 18 to
1263 3716 25 20 be
1303 3717 44 20 held

919 3743 19 18 in
959 3741 119 26 Edinburgh
1096 3742 19 19 in
1131 3742 33 19 the
1179 3749 86 13 summer
1283 3743 20 20 in
1319 3751 20 12 re-

919 3768 102 26 cognition
1039 3768 22 19 of
1072 3767 34 20 the
1120 3767 75 26 jubileo
1206 3768 21 19 of
1236 3769 34 20 the
1284 3772 55 17 start-

919 3796 35 25 ing
973 3794 22 20 of
1006 3794 31 20 Sir
1048 3794 54 20 John
1118 3794 117 21 Fraukliu's
1255 3795 39 20 last
1310 3796 39 20 and

920 3822 112 19 disastrous
1042 3820 124 26 expedition.

946 3855 42 20 The
1011 3854 208 26 Inspector-General
1242 3855 23 19 of
1288 3855 61 21 Penal

922 3881 167 20 Establishments
1098 3887 45 19 nays
1154 3881 43 20 that
1208 3881 34 20 the
1251 3888 38 20 gag
1299 3883 16 18 is
1325 3889 24 13 an

921 3908 75 25 utterly
1015 3907 147 20 unauthorised
1183 3908 69 19 article
1267 3909 20 18 in
1302 3909 36 19 Vic-

921 3935 65 19 torian
997 3934 85 26 prisons.
1110 3934 45 24 Any
1165 3934 75 19 warder
1250 3934 89 20 threaten-

921 3961 33 25 ing
973 3961 34 20 the
1018 3967 35 13 use
1068 3960 21 20 of
1108 3960 18 20 it
1140 3960 64 20 would
1223 3960 24 21 be
1262 3961 89 27 severely

922 3986 104 27 punished.

948 4014 125 19 Subscribers
1088 4012 42 20 will
1145 4012 66 30 pirate
1224 4013 57 20 leave
1298 4018 53 16 Wv-rd

921 4043 22 17 at
952 4040 35 21 the
997 4040 63 24 office,
1074 4039 69 20 Bhould
1157 4040 49 25 fchey
1224 4042 35 17 not
1277 4041 75 20 receive

921 4067 50 20 their
978 4073 63 20 paper
1051 4066 105 26 regularly,
1166 4067 39 20 and
1215 4066 33 19 the
1257 4067 95 21 omission

922 4092 40 22 will
972 4093 23 20 be
1006 4092 134 25 immediately
1154 4092 92 23 rectified.

37 3748 69 27 iLife
124 3752 16 19 is
162 3751 80 25 terribly
263 3753 106 20 uncertain.
396 3753 55 20 Even

45 3776 29 25 ie
82 3780 61 19 hours
153 3778 20 20 of
182 3784 11 13 a
198 3777 53 20 clock
260 3784 32 14 are
298 3778 114 21 numbered.

63 3813 71 25 Gossip
150 3814 45 24 puts
211 3813 37 19 two
258 3813 36 19 and
308 3815 38 18 two
362 3813 91 26 together

41 3835 43 30 ijfod
92 3839 69 21 makes
171 3838 52 20 what
237 3844 43 14 ever
289 3845 42 13 sum
347 3839 15 19 it
379 3839 72 21 desires

38 3883 18 14 .:
63 3874 103 24 Theology
184 3872 46 19 isn't
244 3872 81 25 religion
340 3880 38 19 any
400 3878 54 15 more

37 3897 50 28 ijian
96 3907 12 13 a
115 3898 142 26 fashion-plate
263 3898 15 19 is
284 3905 11 13 a
302 3899 37 19 suit
346 3900 20 18 of
373 3900 79 19 clothes-

40 3931 49 19 SSTtao
101 3932 77 15 Customs
185 3931 66 14 returns
261 3934 49 15 prove
316 3930 62 19 beyond
387 3933 58 15 contra

35 3952 64 17 <Kction
113 3951 39 15 that
162 3949 68 19 Nelson,
237 3949 55 16 Moatc
304 3950 31 15 and
345 3951 36 15 Co'a
389 3952 31 15 fine
427 3953 27 15 tea

35 3968 31 21 st>
79 3971 50 18 being
143 3968 105 21 appreciated
261 3968 21 19 by
293 3969 27 15 tlie
328 3969 81 21 majority,
429 3972 26 15 for

41 3997 15 12 n
68 3991 42 20 spite
122 3989 18 16 of
151 3989 29 16 the
186 3993 87 11 numerous
285 3989 44 15 firms
339 3989 17 15 in
363 3994 48 15 every
418 3995 27 15 pai
449 3992 7 15 t

40 4010 20 22 If,
63 4011 28 16 the
103 4008 77 18 Colonies
187 4008 37 16 that
237 4013 29 11 are
282 4008 70 19 copying
364 4009 50 19 them,
428 4010 26 15 the

26 4025 2 25 '
36 4025 81 25 f&nover
129 4029 15 15 is
150 4033 19 10 as
176 4028 45 18 large
232 4032 19 11 as
258 4032 43 14 ever,
315 4027 31 16 and
357 4027 26 15 the
389 4029 67 16 demand

36 4048 23 18 ml
73 4050 47 19 great
130 4048 39 16 that
181 4047 40 20 they
234 4047 31 15 Bell
274 4051 44 11 more
327 4046 64 20 Indian,
404 4048 52 19 Oyon

42 4070 25 17 t(d
86 4067 71 18 blended
175 4067 36 15 teas
227 4066 42 16 than
292 4065 27 16 the
338 4066 50 15 whole
404 4067 15 14 ol
438 4067 18 16 th

41 4093 67 16 japorcs
124 4087 33 17 and
171 4086 63 16 dealers
255 4086 36 20 put)
308 4085 77 20 together
395 4085 17 17 in
427 4086 31 17 last

36 4109 70 17 Mlrter
113 4106 18 18 of
137 4106 28 18 the
175 4105 68 20 Colony.

1495 106 244 69 LAKE
1818 101 327 71 HOUSE

1421 184 327 45 Hydropathic
1789 180 154 44 Hotel,
1980 180 230 37 Roturua,-

1644 230 259 24 ESTABLSSHIED
1918 230 75 20 1881.

1373 269 84 24 Under
1469 269 39 23 the
1521 274 132 26 patronage
1666 269 26 23 of
1704 268 38 24 Sir
1764 268 41 23 W.
1825 266 101 31 Jervois,
1947 266 58 22 Earl
2024 265 48 23 and
2093 264 120 23 Countess
2233 262 24 23 of

1422 302 137 30 Hopetoun,
1572 301 42 23 the
1627 301 65 23 Hon.
1707 300 105 24 Premier
1824 298 47 24 and
1884 298 126 24 Members
2022 299 26 23 of
2060 297 151 23 Parliament.

1402 353 54 24 The
1468 352 76 24 Hotel
1559 352 19 23 is
1588 352 107 23 situated
1708 360 30 15 on
1751 359 29 15 an
1794 350 113 24 elevated
1919 349 105 31 position
2038 356 30 16 on
2081 349 40 23 the
2134 348 86 23 shores
2232 348 25 22 of

1369 386 67 23 Lake
1449 386 115 26 Rotorua,
1577 384 146 25 convenient
1735 389 25 18 to
1777 382 31 25 all
1821 382 40 23 the
1879 382 78 32 sights
1970 382 22 23 in
2005 382 41 23 the
2055 381 100 24 district.

1370 423 154 34 Sulphur
1537 422 69 28 and
1624 421 151 28 Mineral
1787 419 108 28 Baths
1909 420 24 23 in
1945 420 42 23 the
2007 420 115 24 Grounds
2140 419 26 24 of
2178 418 77 25 Hotel

1399 494 38 23 To
1448 499 64 18 meet
1523 493 40 23 the
1575 492 109 24 dullness
1697 493 26 23 of
1735 492 41 23 the
1789 491 71 23 times
1872 499 15 14 a
1899 490 90 32 charge
2003 490 25 23 of
2041 489 40 29 2
2095 498 26 16 2s
2130 498 42 24 per
2184 489 71 24 week

1443 526 38 24 for
1498 535 14 14 a
1525 525 148 33 lengthened
1686 530 62 26 stay,
1784 523 86 24 Under
1883 531 45 15 one
1940 523 70 23 week
2024 523 35 23 Bs.
2074 531 42 23 per
2129 523 54 31 day.

1778 563 45 18 ic

1365 591 38 27 N.
1413 591 35 26 B.
1450 591 87 23 Mrs
1550 589 108 25 Graham
1671 589 47 25 will
1731 589 52 23 also
1796 588 111 24 continue
1920 593 25 17 to
1956 586 126 31 supervise
2094 586 41 23 the

1458 624 138 42 (Seysep
1614 622 123 37 .House
1762 621 253 43 .Hydropathic
2033 619 124 40 Hotel,

1695 666 239 33 WAIRAKEI,

1363 708 76 24 which
1451 708 44 24 has
1506 708 101 24 become
1620 716 14 15 a
1642 706 102 33 popular
1753 706 24 24 &
1786 706 120 23 favourite
1916 714 62 15 resol
1987 720 7 8 d
2005 709 113 28 amongst
2126 703 127 24 travellers

1712 739 48 24 and
1791 739 109 24 invalids.

1429 780 24 24 A
1473 778 123 25 reduction
1616 778 19 24 is
1656 778 73 24 made
1749 783 24 18 to
1794 776 92 32 weekly
1904 785 27 16 or
1943 776 109 32 monthly
2062 775 122 24 boarders.

1365 818 81 24 Guide
1459 818 81 24 Books
1548 818 48 23 and
1609 816 156 25 information
1774 816 76 32 gratis
1863 821 24 18 at
1896 816 71 23 Cook
1978 815 23 24 &
2011 816 63 23 Sons
2085 814 61 32 (sole
2156 813 96 33 agents)

1594 850 83 24 offices
1695 849 148 32 throughont
1862 849 40 24 the
1916 849 101 31 Colony.

1362 889 88 37 .Mrs.
1470 888 38 40 R,
1528 887 213 42 GRMJLM,
1780 907 21 8 -
1853 907 19 8 -
1923 907 20 8 -
1986 886 264 44 Proprietress.

1366 968 289 61 GEYS
1665 969 66 56 E
1743 967 467 60 RHOUSE

1409 1044 330 47 Hydropathic
1771 1042 153 41 Hotel,
1943 1041 259 40 Wairakei.

1559 1089 36 20 Six
1605 1089 58 20 railos
1673 1090 53 19 from
1736 1088 57 20 Lako
1802 1088 71 26 Taupo
1884 1088 101 26 (Rotorua
1996 1088 60 24 side).

1487 1121 221 31 SUPERIOR
1740 1119 388 32 ACCOMMODATION

1554 1159 55 20 ALL
1619 1159 58 20 THE
1687 1159 145 20 COMFORTS
1842 1158 35 20 OF
1888 1159 17 18 A
1915 1158 60 20 HOM
1983 1158 14 19 E
2008 1157 55 20 FOR

1595 1186 158 27 Tourists
1772 1185 68 26 and
1870 1184 157 27 Invalids

1362 1258 70 28 Hot
1445 1257 204 32 Swimming
1662 1256 117 32 Baths,
1794 1255 295 28 Kiri-o-hine-Kai
2114 1261 39 21 or
2166 1254 84 27 New

1513 1291 83 27 Skin
1623 1290 99 31 Bath,
1749 1290 70 26 Hot
1832 1289 141 27 Douche
1983 1289 120 32 Baths.

1662 1323 119 27 Grand
1799 1323 152 26 Climate.

1462 1362 302 28 Elevationl3so
1783 1361 68 27 feet
1865 1361 110 27 above
1985 1368 59 21 sea
2054 1359 98 31 level,

1362 1431 257 27 COMPETENT
1635 1430 162 28 GUIDES
1809 1438 155 25 accompany
1976 1429 108 26 tourists
2095 1430 26 23 to
2130 1429 44 24 the
2186 1429 53 24 vari-

1461 1474 46 16 ous
1519 1466 85 32 places
1616 1465 27 24 of
1655 1465 117 30 interest,
1786 1464 87 24 which,
1881 1464 75 24 baffle
1969 1464 46 24 the
2027 1464 66 24 most
2104 1462 78 25 facile
2190 1470 60 25 pen,

1460 1498 52 25 and
1524 1507 47 16 can
1583 1498 61 32 only
1656 1498 32 25 he
1700 1497 110 26 realized
1822 1497 77 25 when
1916 1505 68 18 seen.

1362 1557 194 26 GEYSER
1569 1557 195 25 VALLEY
1775 1557 92 20 contains
1874 1556 35 21 the
1917 1557 107 26 following
2037 1563 11 13 n
2052 1563 6 8 f
2060 1563 10 11 ;(
2078 1554 79 27 qutilJed
2166 1554 84 21 Natura

1440 1583 258 24 wonders:Tuhuatahi,
1719 1591 23 12 or
1761 1584 66 19 Great
1846 1583 132 25 Cham]ague
1999 1583 104 20 Caul-Iron
2113 1589 5 17 ;
2133 1581 34 20 the
2186 1581 67 20 Groat

1440 1610 103 20 Wairakei
1553 1611 79 26 Geyser
1640 1608 4 29 ;
1654 1610 35 20 tbe
1700 1610 87 26 Donkey
1798 1610 79 25 Engine
1886 1608 4 29 :
1903 1609 33 20 the
1948 1610 84 20 Fairies'
2042 1608 53 20 Bath
2105 1608 4 29 ;
2120 1608 35 19 the
2166 1608 73 25 Lightn-

1441 1637 17 20 ii
1465 1644 12 19 g
1489 1637 61 24 Pool;
1562 1636 35 20 the
1607 1637 90 20 Cascde
1709 1637 84 25 Geyser,
1808 1642 22 14 or
1841 1635 102 27 Dragon's
1956 1637 70 19 mouth
2037 1634 4 29 ;
2053 1635 35 21 the
2096 1634 58 20 black
2166 1635 86 25 Geyser;

1441 1664 33 20 the
1482 1663 51 21 Mud
1546 1663 78 25 Geyser
1633 1661 4 27 ;
1655 1663 34 20 the
1702 1662 51 21 Bluo
1764 1662 54 22 Lake
1828 1672 5 16 ;
1842 1662 35 20 the
1896 1663 33 19 Oil
1942 1662 53 21 Bath
2005 1661 4 27 ;
2028 1663 35 19 the
2086 1661 79 25 Eagle's
2185 1661 68 25 Nest;

1441 1691 35 19 the
1487 1689 77 21 Devil's
1576 1690 70 20 Punch
1658 1690 54 20 Bow!
1724 1688 4 27 ;
1740 1689 34 21 the
1786 1689 72 21 Prince
1872 1689 21 19 of
1906 1689 75 21 Wales'
1992 1688 111 27 Feathers;
2112 1689 33 18 the
2162 1688 91 24 Mirror;

1441 1717 33 20 the
1484 1717 55 19 Twin
1549 1716 78 27 Geyser
1637 1725 5 16 ;
1653 1717 35 20 the
1698 1717 61 19 Coral
1771 1713 78 29 Gtyser
1858 1724 5 16 ;
1876 1715 34 21 the
1921 1716 67 20 Green
2004 1713 62 30 Pool;
2085 1714 133 26 Terekerehe,
2230 1722 22 13 or

1441 1743 48 21 Hell
1501 1743 77 25 Geyser
1587 1740 4 34 ;
1602 1742 36 20 the
1648 1744 69 19 Steam
1729 1740 103 34 Kamnjier.
1861 1741 85 22 Guide's
1958 1743 32 21 fee
2001 1745 21 18 to
2034 1743 79 25 Geyser
2132 1741 79 25 Valley,
2223 1744 29 22 ss;

1442 1771 91 19 distance
1543 1769 51 20 from
1606 1769 35 20 the
1651 1769 63 26 hotel,
1724 1777 38 13 ono
1773 1764 52 31 m{le.

1364 1823 96 25 THE
1479 1822 339 26 AREATEATEA
1850 1830 22 12 or
1885 1823 79 19 I.adder
1975 1823 83 26 llipids.
2087 1821 42 21 Tho
2148 1822 105 20 Grandest

1441 1851 79 24 Hapids
1531 1851 21 19 in
1561 1851 35 18 the
1607 1849 103 21 Southern
1722 1850 136 25 Hemisphere
1867 1849 3 26 ;
1882 1849 74 26 falling
1966 1850 21 20 in
2008 1850 29 20 six
2055 1849 88 20 distinct
2159 1849 93 20 cascades

1441 1879 94 24 amongst
1551 1877 60 19 weird
1624 1877 40 19 and
1675 1877 76 25 rugged
1768 1882 88 20 scenery.
1886 1877 97 19 Distance
1994 1877 52 19 from
2060 1875 34 21 tho
2114 1876 63 25 hotel,
2196 1876 57 20 three

1442 1903 63 21 miles.
1533 1903 75 20 Soddle
1617 1903 71 20 horses
1703 1905 22 17 to
1736 1903 47 19 visit
1794 1902 34 20 the
1836 1903 83 26 liapids,
1931 1903 22 19 7s
1964 1903 26 19 61
2001 1903 55 20 each.

1707 1933 4 12 .
1796 1933 20 12 :o:

1364 1950 219 26 KERAPITI
1613 1958 22 13 or
1646 1951 35 20 the
1691 1951 78 20 Devil's
1779 1951 97 25 Trumpet
1886 1951 17 20 is
1920 1952 43 19 said
1983 1955 21 16 to
2026 1952 51 19 emit
2095 1959 12 12 a
2129 1957 93 19 pressure
2232 1950 21 21 of

1442 1978 70 20 ISOlbs
1523 1978 21 19 of
1559 1981 64 16 steam
1634 1980 21 17 to
1666 1978 35 19 the
1707 1978 54 23 inch,
1776 1978 53 19 from
1839 1985 25 12 an
1881 1981 97 22 aperlure
1988 1978 21 19 of
2029 1978 64 20 about
2112 1979 24 18 12
2153 1977 69 20 inches
2232 1978 20 19 in

1442 2004 103 20 diameter.
1573 2004 99 20 Distance
1684 2004 54 19 from
1750 2004 54 19 hotel
1812 2004 56 20 three
1880 2006 37 18 and
1931 2011 11 13 a
1952 2004 44 20 half
2006 2004 69 25 miles;
2096 2004 69 21 saddle
2182 2004 71 20 horses

1442 2034 21 17 to
1475 2031 47 20 visit
1533 2030 34 21 the
1577 2031 69 24 above,
1658 2032 24 18 2s
1688 2031 26 20 (jd
1726 2031 54 20 each.

1776 2063 53 14 ALSO

1364 2083 96 26 THE
1480 2083 133 24 HUKA
1632 2083 170 31 FALLS,
1820 2083 35 20 the
1873 2084 106 20 Grandest
1990 2084 56 20 Falls
2057 2085 20 18 in
2097 2083 34 20 the
2152 2082 100 21 Southern

1441 2114 141 26 Hemisphere.
1610 2115 42 20 Tho
1663 2114 56 20 Falis
1730 2121 45 19 may
1790 2116 23 18 be
1823 2115 75 20 visited
1903 2121 26 13 on
1939 2115 35 20 tho
1984 2122 55 13 same
2046 2114 115 26 expedition
2175 2122 21 12 as
2218 2114 35 21 tho

1441 2141 79 20 Dovil's
1526 2142 105 25 Trumpet.
1659 2141 99 20 Distance
1768 2141 52 20 from
1832 2141 52 20 hotel
1895 2142 59 19 three
1963 2142 39 19 and
2014 2149 11 12 a
2035 2142 44 19 ha'f
2090 2148 17 12 m
2110 2141 4 26 ;
2118 2141 34 20 les.
2178 2141 75 20 Soddle

1443 2167 59 20 horse
1519 2175 23 12 or
1551 2167 69 25 buegy
1634 2168 49 19 2s9d
1694 2168 55 19 each.

1495 2194 87 26 MRS
1595 2194 38 26 R.
1652 2192 197 34 GRAHAM,
1869 2194 245 33 Proprietress.

1706 2321 79 34 i

1848 2410 164 33 SMillt

2060 2469 32 38 S

2091 2488 26 35 I

1532 2506 2 12 1

2159 2580 16 26 *

1518 2608 7 10 C
1531 2607 45 13 ';-.J:.-

1939 2613 77 30 i^

1516 2646 29 18 :r:

1431 2671 96 16 SBIS4S

2146 2682 35 20 S3

1427 2753 39 26 ll*

1453 2791 32 13 Zeii

1416 2818 62 30 mm

1585 2836 7 9 i
1601 2833 4 12 J
1611 2833 18 8 '-

1735 2859 14 20 s-

1584 2881 15 36 i

1625 2897 24 21 &

2056 2916 10 16 'L
2068 2918 5 6 J
2077 2916 57 15 .'"-**'r^T
2135 2916 2 17 r-

1441 2921 63 39 >#

1839 2948 33 20 'a'

1478 2959 83 24 otav

1984 3011 44 19 sp

1364 3137 455 73 CENTRAL
1900 3139 348 89 HOTEL,

1515 3221 58 27 HIGH
1591 3221 35 27 ST.
1647 3222 38 26 and
1703 3222 111 28 VICTORIA
1824 3224 33 26 ST.
1873 3224 64 32 EAST,
1960 3225 129 27 AUCKLAND.

1786 3262 62 14 -:o:

1417 3280 44 22 The
1480 3280 63 21 above
1562 3280 110 21 Favourite
1687 3281 42 20 and
1752 3282 140 21 Commodious
1911 3283 63 21 Hotel
1992 3284 77 21 affords
2087 3286 167 22 EXCELLENT

1364 3307 241 21 ACCOMMODATION
1638 3307 32 20 fox-
1696 3307 141 27 TOURISTS,
1872 3310 182 21 TRAVELLERS
2082 3314 16 18 &
2126 3313 127 21 VISITORS

1365 3335 44 19 who
1419 3334 42 21 will
1469 3334 77 20 receive
1555 3341 60 19 every
1624 3334 92 20 Comfort
1730 3335 41 19 and
1785 3335 112 21 Attention.

1800 3368 35 13 o

1405 3387 82 27 Sample
1496 3386 75 20 Eooms
1580 3386 32 20 for
1621 3386 186 21 COMMERCIAL
1816 3388 183 22 TRAVELLERS
2008 3390 102 21 available
2120 3393 21 18 at
2150 3391 29 21 all
2188 3393 65 20 times.

1803 3422 11 12 o
1926 3422 2 14 .

1418 3440 91 25 Charges
1518 3439 110 20 Moderate.
1653 3440 118 20 SPECIAL
1776 3440 89 21 RATES
1870 3441 34 20 TO
1914 3441 177 23 PERMANENT
2097 3444 156 21 BOARDERS.

1806 3475 10 12 o

1418 3491 105 22 Excellent
1532 3490 87 22 Cuisito.
1648 3492 97 26 Spacious
1758 3492 41 21 and
1818 3494 43 19 Wei
1865 3494 132 21 I-Ventilated
2016 3497 116 19 Bedrooms.
2169 3498 85 20 Billiard

1366 3519 65 20 Room
1440 3518 49 22 with
1499 3521 39 18 two
1548 3519 103 19 first-class
1661 3520 73 19 tables.
1762 3520 43 19 1100
1819 3521 16 18 &
1845 3520 51 20 Cold
1908 3521 81 26 Plunge
1999 3523 16 18 &
2025 3522 83 20 Shower
2117 3523 71 20 Baths.

1622 3550 74 27 Spirits
1706 3551 40 19 and
1755 3551 49 20 Ales
1813 3552 21 19 of
1844 3552 34 20 tho
1889 3553 43 19 best
1941 3553 80 20 Brands
2029 3555 53 25 only.

1517 3610 40 38 S.
1588 3610 40 39 C.
1658 3612 221 47 CAULTOJM,
1910 3614 207 46 Proprietor.

1439 3732 33 40 J,
1489 3733 37 40 T,
1540 3733 188 49 Jienshaw,

1381 3803 143 29 GENERAL
1559 3803 238 35 STOREKEEPER,

1465 3851 54 21 THE
1543 3851 159 21 BUNGALOW.

1369 3894 188 24 KAKABAMEA,
1583 3894 128 21 GALATEA
1742 3895 59 20 AND

1416 3929 174 21 WAI-O-TAPU
1604 3929 148 20 JUNCTION.

1370 4025 83 22 Horse
1487 4023 55 23 feed
1580 4023 51 21 and
1660 4023 141 22 Luncheon

1517 4049 135 28 provided.

1844 3723 47 40 W.
1911 3724 187 37 Blomfield
2114 3724 36 37 &
2163 3725 65 48 Co.,

1819 3803 208 22 TOTALISATOR
2046 3804 200 28 proprietors

1846 3858 41 18 Are
1894 3859 99 24 prepared
2002 3861 20 17 to
2037 3858 56 21 make
2100 3863 154 21 arrangements

1821 3889 24 12 on
1866 3883 119 21 favourable
2004 3887 63 18 terms
2091 3886 34 19 for
2139 3886 36 20 the
2185 3893 38 14 use
2233 3888 21 19 of

1822 3909 53 19 their
1884 3910 108 20 machines.

1994 3946 101 20 Addkess

1823 3983 44 39 W,
1904 3983 187 38 Blomfield
2127 3985 36 37 &
2198 3986 55 41 Co.

1890 4037 105 34 QUEEN
2057 4039 129 36 STREET,

1951 4084 172 29 AUCKb/fcND.

535 4188 116 43 Arlc
679 4186 95 54 for
806 4182 329 55 Hanccok's
1161 4174 343 61 Celebrated
1534 4181 205 45 xxxx
1763 4170 144 52 Ales
1934 4171 118 51 and
2077 4171 177 55 Stout

2305 84 114 22 Visitors
2430 87 27 19 to
2467 86 47 20 the
2528 85 55 21 Hot
2596 85 90 21 Lakes-

2468 137 57 18 THE

2328 161 156 34 Palace
2519 162 143 44 Hotel,

2278 205 94 19 Situated
2399 205 21 19 iu
2444 205 35 19 tho
2499 207 50 19 New
2577 207 134 19 Government

2278 230 108 25 Township
2402 231 21 18 in
2441 231 52 19 closo
2510 232 111 25 proximity
2639 235 21 15 to
2678 230 33 19 the

2278 256 69 24 Baths,
2368 256 133 24 Sanatorium,
2524 258 50 18 Post
2592 258 61 19 Office
2670 256 41 19 aud

2276 282 94 24 itailway
2380 281 87 19 Station.

2302 333 43 19 The
2354 332 63 19 Hotel
2427 332 17 19 is
2459 332 128 26 luxuriously
2605 332 106 20 furnished

2276 359 40 19 and
2326 358 76 26 repleto
2410 358 48 19 with
2468 364 60 19 every
2537 359 133 19 convenience
2680 358 31 19 for

2275 385 84 19 tourists
2368 384 41 19 and
2424 384 74 19 others.
2526 384 21 18 It
2565 384 116 19 commands
2700 390 11 12 a

2275 409 92 26 splendid
2376 410 51 19 view
2435 410 21 18 of
2467 410 34 18 tho
2510 409 57 19 Lake
2576 410 41 18 and
2626 410 17 18 is
2653 409 46 19 with-

2275 435 21 19 in
2306 442 47 19 easy
2363 442 65 12 access
2437 435 22 19 of
2468 435 35 19 the
2513 435 76 24 Geysor
2597 435 87 25 Springs
2691 434 20 19 of

2275 461 192 19 Whakarewarewa
2477 461 40 19 and
2526 461 28 19 all
2570 461 35 19 tho
2615 461 66 24 sights
2691 460 20 19 of

2274 487 36 19 the
2319 487 84 19 district.

2287 513 34 19 All
2330 513 109 26 telegrams
2448 512 102 27 promptly
2562 512 96 20 attendod
2668 513 28 18 to.

2376 566 77 34 John
2475 565 148 34 ohnston,

2302 600 32 25 <P
2346 604 34 21 It
2392 604 24 21 O
2425 604 66 21 JPIt
2499 603 63 22 IE
2573 603 28 21 T
2611 603 23 21 O
2644 602 40 22 It.

2279 683 55 46 jyj
2351 683 147 20 OKOIA
2561 683 49 48 -yr
2625 682 44 21 iE
2683 681 26 21 w

2433 736 125 19 PRIVATE

2281 781 226 32 BOARDING
2548 783 121 32 HOUS
2675 764 24 25 b

2274 893 131 20 Opposite
2423 896 50 15 the
2492 893 66 20 Sost
2566 896 53 16 and
2629 891 71 21 Sele

2492 921 96 19 OPPIGE

2273 951 48 20 And
2335 958 49 13 near
2404 952 33 19 the
2460 952 122 20 Colobratod
2607 950 100 21 PRIEST

2326 983 115 21 RACHEL
2450 985 42 19 aud
2497 985 58 19 otlior
2562 984 99 24 BATHS,

2422 1016 139 20 ROTORUA.

2298 1068 120 35 MRS
2443 1069 215 40 YOUNG,

2509 1114 144 26 Proprietress.

2391 1140 69 19 Terms
2476 1140 111 19 Moderate.

2278 1215 273 44 PHOENIX
2573 1215 134 44 FIRE

2378 1262 223 44 OFFICE.

2272 1366 84 21 Losses
2380 1366 54 19 Paid
2532 1365 176 25 ~.'20,000,000

2272 1419 170 20 FibePjiemium:
2452 1418 98 19 Exceeds
2594 1419 30 24 1,5
2634 1418 33 25 11!
2683 1418 25 19 00

2272 1472 162 20 Accumulated
2482 1470 74 20 Funds

2271 1498 90 20 Exceed

2271 1550 24 22 W.
2312 1551 59 22 WARD
2380 1550 72 25 BAKER,
2523 1549 17 21 W
2556 1550 11 21 A
2580 1549 102 24 WILLIAMS

2311 1578 71 21 District
2391 1577 81 24 Manager,
2553 1575 49 22 Local
2613 1575 59 26 Agent;

2369 1601 92 23 Auckland.
2581 1603 77 21 Rotorua.

2498 1728 35 40 M.
2555 1728 129 41 SIMON.

2472 1771 59 26 (Lute
2542 1773 21 17 oi!
2573 1770 136 26 Molbourne.)

2500 1804 97 28 Practical
2608 1805 72 32 Tailor,

2620 1844 89 27 made

2489 1876 32 24 to
2542 1872 86 27 order
2652 1886 39 19 on

2524 1906 139 34 shortest

2535 1940 102 26 notice

2483 2075 55 25 Stylo
2549 2074 40 21 and
2599 2074 34 20 Fit
2642 2076 35 18 not
2689 2075 20 18 to

2402 2103 42 14 --~s~
2469 2102 26 18 l,d
2507 2100 95 26 equalled
2615 2102 19 17 in
2648 2103 60 16 town.

2392 2143 52 29 jpv
2469 2143 97 21 Address
2621 2143 56 19 Next
2688 2144 20 18 tc

2392 2171 25 20 W
2469 2171 92 18 Tiarlrins.
2576 2169 131 20 Oliiuoinutu.

2437 2243 23 25 [a
2474 2243 72 26 cabd.]

2307 2362 100 20 BAKER
2418 2362 16 20 &
2444 2361 230 22 CONFECTIONER.

2303 2424 71 20 Goods
2386 2423 102 21 delivered
2503 2423 56 27 daily
2575 2425 20 20 iu
2616 2425 93 21 Rotorua

2300 2495 81 25 Butter,
2390 2495 54 26 Eggs
2451 2497 39 19 and
2594 2497 115 20 Groceries.

2321 2559 39 42 A,
2380 2559 31 40 &
2435 2558 36 41 G.
2492 2559 168 50 BROOK,

2274 2611 88 26 Boot
2373 2613 66 24 and
2455 2613 89 25 Shoe
2559 2614 147 25 Makers.

2351 2649 80 20 Fenton
2441 2649 71 24 Street,
2528 2649 100 21 Rotorua.

2271 2674 47 20 And
2341 2677 22 18 at
2390 2675 82 20 Pamoll
2498 2676 40 20 and
2566 2677 140 22 Newmarket.

2298 2727 67 26 Largo
2375 2727 41 20 and
2425 2727 69 20 varied
2509 2727 59 21 Stock
2579 2729 22 19 of
2615 2729 92 24 English,

2272 2753 89 26 Foreign
2370 2753 41 20 and
2421 2753 91 20 Colonial
2521 2755 63 19 Boots
2594 2756 40 18 and
2645 2755 62 20 Shoes

2338 2782 21 17 to
2369 2780 71 19 choose
2450 2780 52 19 from
2512 2783 21 17 at
2542 2781 35 19 the
2590 2784 53 17 most

2272 2814 240 32 asigftft&B&s
2574 2816 131 32 mrnm

2338 2855 94 19 Football
2442 2855 58 19 boots
2510 2861 12 14 a
2528 2856 113 26 speciality.

2272 2886 33 20 All
2325 2887 68 20 orders
2411 2887 41 19 and
2469 2887 76 26 ropairs
2556 2888 150 25 expeditiously

2441 2913 102 19 executed.

2751 84 22 23 Z
2781 84 56 19 AUL
2857 85 68 19 15R03
2944 87 15 17 &

3027 88 8 18 /
3045 85 7 18 ]
3060 85 24 18 LI
3087 85 72 19 JAMS

2798 143 115 28 Steam
2939 147 153 27 Sawmill

2730 181 155 22 MAIIAEIiOA
2924 186 112 21 OTIJKOA
3075 188 84 19 BUSH.

2754 212 46 25 Beg
2808 215 21 16 to
2838 220 11 11 a
2859 215 64 20 solicit
2937 223 12 12 a
2958 218 59 19 share
3029 220 23 18 of
3064 220 69 25 public

2887 244 116 23 patronage.

2729 283 42 19 Tlie
2777 284 62 19 Hiuiu
2848 285 82 20 Timber
2939 287 21 19 in
2969 288 40 19 this
3022 289 56 21 Bush
3092 292 17 19 is
3122 293 35 19 the

2807 310 69 20 Finest
2886 311 22 19 in
2921 312 50 19 New
2985 313 94 22 Zealand.

2728 359 43 19 The
2780 361 122 25 proprietors
2913 369 34 14 are
2956 365 99 25 prepared
3068 368 20 17 to
3097 373 61 19 guar,

2754 388 59 17 anteo
2822 387 34 19 the
2866 389 79 25 quality
2954 390 40 19 and
3003 391 35 19 tho
3047 392 59 19 finish
3112 393 21 19 of

2781 412 34 19 the
2822 413 74 20 timber
2904 415 94 25 supplied
3005 416 28 25 by
3045 417 61 21 them.

2778 464 72 23 GOTHIC
2861 466 81 23 PICKETS
2958 468 11 20 A
2988 468 120 23 SPECIALITY.

2729 511 93 27 Delivery
2831 520 22 12 as
2861 513 88 20 directed
2956 515 21 19 in
2994 517 60 22 town,
3073 520 85 23 country

2871 546 23 13 cr
2902 542 22 17 at
2933 541 81 19 station.

2803 583 81 23 LOWEST
2906 586 94 23 CURRENT
3015 588 67 21 RATES.

2781 623 86 22 Address

2833 651 33 20 W.
2876 652 25 20 A.
2913 653 142 22 WILLIAMS

2992 680 137 22 KOTOBUA.

2301 2968 50 50 G
2352 2968 40 20 EO,
2408 2968 57 47 M
2476 2968 16 20 C
2507 2969 51 47 A
2559 2969 94 21 ULEY

2274 3028 117 21 Plumber
2406 3032 16 17 &
2447 3028 101 23 General
2568 3030 131 23 Mechanic

2377 3061 114 20 Tutanekai
2530 3062 71 20 Stroot,

2342 3096 299 30 ROTORUA.

2274 3165 156 39 Rotorua
2452 3167 157 38 Sawmill
2622 3168 85 48 Coy.

2274 3241 140 47 WIUTE
2424 3241 59 21 AND
2492 3243 57 19 RED
2564 3243 70 20 TINE
2644 3244 21 19 of
2674 3244 35 19 the

2352 3269 60 19 finest
2421 3269 79 26 quality
2510 3269 39 19 and
2559 3270 100 26 carefully
2667 3272 40 17 cut.

2464 3309 49 14 ALSO

2274 3336 93 26 iVlatai,
2396 3338 120 18 I'ukateii
2544 3339 52 17 ami
2623 3340 83 17 Taiva

2273 3360 130 21 Sliiiisics,
2416 3360 115 22 Palings.
2544 3361 95 18 ISlocliN
2653 3362 53 17 and

2274 3382 81 19 Posts,

2298 3420 20 19 A
2328 3420 52 25 good
2394 3420 39 19 and
2448 3420 90 19 assorted
2548 3421 74 25 supply
2632 3422 75 25 always

2273 3452 25 13 ou
2309 3446 56 19 liaud
2373 3449 23 16 at
2405 3446 34 19 the
2446 3446 82 19 Timber
2537 3446 64 20 Yard.

2406 3472 42 19 110
2454 3472 64 19 Tolt
2525 3472 52 19 UA.

2272 3519 195 26 N-B.Special
2487 3524 59 17 care
2574 3521 81 21 taken
2679 3521 28 22 in

2380 3546 46 21 the
2452 3546 146 26 seasoning.

2304 3597 83 40 Prices
2409 3599 24 38 at
2469 3597 104 40 Current
2588 3598 86 42 Rates.

2273 3666 27 26 W.
2317 3666 122 31 HESSHAW,
2608 3667 97 31 Manager.

2324 3723 56 49 B,
2399 3721 47 49 S.
2478 3721 38 49 C
2527 3707 179 41 oklett:

2384 3776 19 19 A
2410 3775 19 19 R
2437 3775 15 19 C
2460 3775 33 19 HI
2501 3776 16 19 T
2525 3776 18 19 E
2551 3776 14 20 0
2572 3776 23 20 T.

2361 3802 101 25 Building'
2470 3803 101 24 Surveyor
2580 3803 35 19 &c.

2272 3834 70 24 Agent
2352 3834 32 19 for
2394 3834 33 19 the
2436 3833 100 19 National
2546 3834 46 19 Fire
2603 3834 40 19 and
2653 3834 41 18 Mar-

2272 3860 33 19 ino
2315 3860 112 19 Insurance
2434 3859 35 20 Co.

2772 734 26 26 J.
2818 735 50 28 W.
2890 737 212 38 WRIGLEY,

2805 791 347 34 RCHITECT,

2870 844 136 24 ROTOEUA.

2754 879 69 20 A<iont
2839 879 30 19 for
2881 881 34 19 the
2936 882 62 19 South
3021 883 75 21 British
3106 885 46 21 Fire

2728 906 16 18 &
2755 904 80 21 Marine
2845 906 111 21 Insurance
2967 909 106 26 Company.

2796 965 209 35 Established
3027 982 58 20 1876.

2728 1044 38 36 His'
2773 1065 52 15 Exoul
3058 1050 97 36 jfutron-ige

2793 1131 95 38 John
2925 1133 37 38 J.
2985 1135 103 48 Keys,

2729 1189 126 31 Builder
2885 1191 59 27 and
2971 1192 173 30 Contractor

2796 1244 294 30 ROTORUA.

2728 1305 107 21 Estimates
2855 1308 57 25 given
2928 1309 32 19 for
2971 1309 113 27 Buildings,
3094 1310 51 23 alter-

2745 1333 76 20 tations
2831 1334 38 20 and
2880 1335 76 24 repairs
2966 1336 20 19 in
2998 1336 26 19 all
3034 1337 96 20 branches

2883 1360 23 20 of
2916 1361 34 20 the
2958 1362 64 21 trade.

2754 1391 101 26 Tainting,
2865 1392 166 28 Paperhanping,
3045 1395 40 19 and
3100 1396 46 20 Glaz-

2726 1417 41 25 ing,
2779 1417 100 20 Venetian
2891 1420 17 19 &
2920 1417 4 26 <
2933 1420 44 19 thcr
2991 1421 23 19 131
3024 1421 36 20 uds
3071 1424 19 17 to
3100 1423 57 20 order

2740 1449 23 14 or
2777 1444 115 26 re-paintad
2907 1446 40 20 and
2957 1448 99 25 re-taped,

2758 1476 37 20 ood
2803 1477 67 19 stocks
2885 1478 22 18 of
2921 1477 89 21 Funeral
3024 1479 120 26 Requisites.

2775 1532 138 20 EUNEItAL
2935 1534 36 19 EU
2976 1533 37 20 I<N
3018 1534 88 20 ISUER.

2336 3941 38 43 J.
2411 3940 231 48 LARKIN,

2287 4012 405 32 BOOTMHKSR.

2336 4070 323 63 F(OTORUA.

2824 1619 37 26 H.
2893 1619 180 27 MARTIN.

2729 1665 127 29 Saddler
2865 1670 20 24 &
2900 1666 133 28 Harness
3048 1667 106 29 Maker.

2773 1712 60 19 (Next
2845 1713 22 18 to
2877 1712 93 19 Larlcin's
2984 1712 51 19 Boob
3050 1712 64 22 Shop.)

2850 1748 186 21 OHINEMUrU.

2855 1790 83 25 Bridles,
2947 1790 84 24 (dollars,
3083 1790 47 27 kept
3138 1790 17 21 iu

2728 1816 67 21 Stock.

2790 1854 32 19 All
2834 1854 132 25 descriptions
2977 1854 21 19 of
3009 1854 81 21 haruess

2860 1882 58 19 made
2929 1885 20 15 to
2960 1881 64 20 order.

2780 1923 84 26 Repairs
2874 1924 52 20 doao
2942 1924 47 19 with
3001 1919 101 31 despatch.

2726 1960 56 26 Stylo
2792 1960 39 20 and
2850 1960 62 21 Work
2921 1960 85 26 nauship
3020 1959 131 27 guaranteed.

2726 2030 189 38 JECKLIN
2933 2032 25 29 &
2979 2030 161 40 COTTER

2793 2094 113 21 FAMILY
2935 2094 155 27 BUTCHERS,

2806 2137 71 20 Arawa
2892 2137 72 25 S'reet,
2980 2137 96 25 Rotorua,

2753 2180 59 20 liaiu
2822 2181 21 19 lu
2855 2181 62 19 iuai.k
2934 2184 32 16 LiiO
2979 2180 67 26 public
3061 2181 22 19 of
3092 2181 63 19 liotu

2728 2213 36 13 rua
2774 2207 32 19 for
2812 2209 47 23 past
2869 2208 67 19 favors
2951 2208 40 19 aud
3010 2207 37 26 beg
3064 2211 20 15 to
3102 2209 53 19 state

2728 2233 47 27 tbey
2786 2233 40 20 will
2836 2235 95 19 continua
2939 2236 22 18 to
2970 2234 57 20 merit
3037 2237 84 23 support
3130 2233 25 27 by

2728 2260 106 26 pronding
2852 2260 35 20 the
2907 2261 45 19 beat
2972 2260 78 26 quality
3065 2261 23 19 of
3103 2266 52 16 meat

2794 2296 31 28 At
2850 2296 108 29 lowest
2983 2300 107 32 prices.

2745 2372 200 28 EOTORUA
2987 2373 151 34 HOTEL,

2807 2406 76 26 Facing
2903 2407 56 20 Lako
2979 2407 99 20 Rotorua.

2789 2454 138 20 NATURAL
2943 2455 57 21 HOT
3015 2455 91 26 BATH;

2728 2481 94 19 attached
2834 2484 19 16 to
2864 2481 34 21 the
2909 2481 63 21 house
2980 2482 44 20 free
3034 2485 21 18 to
3073 2483 85 21 visitors.

2730 2528 89 19 Phaeton
2830 2527 48 26 kept
2890 2528 32 20 for
2931 2535 35 13 use
2976 2528 22 20 of
3018 2529 84 21 tourists
3119 2530 39 20 ftud

2900 2556 92 19 invalids.

2754 2607 129 20 Terms:Oj
2894 2615 34 18 per
2939 2609 45 25 day,
2995 2615 22 14 or
3027 2610 38 19 35s
3077 2616 11 13 a
3099 2607 59 23 week.

2907 2657 21 19 J.
2944 2657 162 26 FALLOONA,

3008 2684 124 26 Proprietor.

2786 2733 29 39 H,
2841 2733 40 40 W.
2906 2733 193 47 NEIGHBOUR,

2726 2794 145 38 TailorSt
2894 2795 263 47 Habit-Maker,

2728 2853 33 26 (l\
2768 2854 45 19 r25
2824 2860 57 19 years
2892 2853 20 20 in
2924 2854 34 19 the
2973 2854 61 20 West
3055 2855 42 19 Eud
3114 2855 22 19 of

2891 2881 105 25 London.)

2795 2911 298 29 EOTORUA.

2827 2947 45 20 Has
2882 2947 75 27 always
2967 2955 25 13 on
3002 2949 55 19 hand

2750 2980 62 18 IKcst
2832 2980 108 20 HiKlisli
2968 2981 94 18 Scotch
3083 2980 50 19 and

2813 3001 121 19 Colonial
2954 3003 118 18 Tnccils.

2749 3031 70 22 Stylo
2832 3031 53 17 and
2900 3031 42 17 Fit
2963 3030 172 22 guaranteed.

2729 3061 95 18 Likllcn
2845 3061 114 18 .Sachet
2983 3061 52 17 mid
3059 3061 92 22 (tiding

2803 3083 97 18 Habits
2909 3088 16 13 a
2935 3083 139 22 speciality

2727 3117 32 18 All
2765 3117 46 18 suits
2818 3116 54 19 made
2879 3119 20 16 to
2906 3117 54 18 order
2967 3119 20 16 nt
2992 3116 97 19 Auckinnd
3097 3118 38 23 pric

2778 3165 162 36 Rotorua
2956 3165 158 43 Library.

2728 3224 113 49 OPEN
2857 3226 53 21 from
2921 3228 25 19 10
2958 3234 45 12 a.m.
3012 3228 21 18 to
3043 3228 12 17 5
3064 3233 43 19 p.m.
3118 3225 37 20 aud

2788 3254 11 18 G
2808 3254 26 18 30
2843 3256 19 16 to
2873 3254 24 19 10
2906 3261 15 18 p.
2928 3261 23 12 m.
2963 3254 94 24 Suudays
3066 3253 29 19 till
3104 3254 52 24 9p.ni

2728 3284 194 22 subscription:
2932 3286 51 16 iOs
2998 3290 47 17 per
3058 3288 95 14 annum

2753 3316 87 20 Visitors
2861 3323 43 15 may
2924 3323 85 19 procure
3025 3315 65 20 Hook*
3106 3315 50 19 from

2728 3343 33 18 the
2778 3342 86 25 Library
2881 3349 25 12 on
2924 3342 82 26 making
3024 3350 10 12 a
3048 3341 77 25 deposit
3136 3341 20 19 o

2728 3371 35 18 not
2779 3368 39 20 less
2837 3368 48 20 than
2903 3370 29 19 ss.
2951 3370 39 19 and
3006 3368 119 26 purchasing
3136 3368 22 19 Is

2726 3402 79 19 Coupon
2817 3395 31 20 for
2858 3401 60 20 every
2930 3396 56 19 Pour
2996 3395 68 19 books.

2752 3428 42 19 The
2813 3428 85 25 Library
2919 3428 16 19 i*
2959 3434 51 20 open
3033 3426 70 25 during
3122 3425 34 20 the

2726 3454 92 25 evening.

2727 3510 240 42 STEELE
3003 3511 151 40 Bros.

2763 3595 162 37 iVlararoa
2954 3594 169 38 Sawmill.

2729 3652 114 38 DESIRE
2866 3653 23 17 to
2900 3652 66 18 thank
2984 3652 35 17 the
3038 3650 66 22 public
3126 3650 29 18 for

2788 3674 46 21 past
2843 3674 74 18 favors,
2930 3673 40 18 and
2979 3673 35 20 beg
3024 3673 22 16 to
3054 3676 101 14 announce

2726 3695 47 18 that
2795 3695 75 21 having
2881 3700 12 13 a
2909 3695 54 20 large
2986 3693 59 19 stock
3057 3693 21 18 of
3100 3692 44 19 well-

2726 3717 96 18 seasoned
2844 3716 105 18 first-class
2970 3715 75 18 timber
3063 3720 26 13 on
3103 3713 52 19 hand

2726 3739 50 20 they
2798 3743 34 12 are
2851 3737 97 22 prepared
2960 3738 22 16 to
2994 3736 52 18 fulfil
3055 3736 68 18 orders
3134 3735 21 18 at

2726 3760 85 17 reduced
2823 3760 61 17 rates.

2809 3793 260 41 HTv&km

2857 3841 169 20 FRUITERER.

2752 3874 54 20 Next
2817 3874 101 19 Saddler's
2931 3873 195 26 shop,-Ohinemutu,

2726 3909 45 19 Has
2785 3908 75 24 always
2874 3914 12 13 a
2901 3908 51 24 pood
2968 3907 75 26 supply
3056 3907 22 19 of
3093 3904 60 21 Fresh

2778 3934 65 22 Fruit,
2864 3934 48 19 both
2930 3933 52 20 local
3005 3933 40 19 and
3066 3933 24 18 im-

2831 3960 71 24 ported
2937 3966 26 13 on
2998 3958 55 19 hand

2893 3986 93 19 Also

2845 4011 20 19 A
2886 4010 153 21 wellassorted

2779 4038 55 20 stock
2846 4038 22 18 of
2877 4037 93 24 Biscuits,
2979 4036 111 20 Confection-

2727 4072 35 18 ery
2772 4064 40 20 and
2821 4065 92 18 .Summer
2924 4062 75 19 Drinks
3010 4065 19 15 at
3039 4061 60 19 Mode
3102 4065 11 13 i;
3114 4063 38 15 ate

2911 4094 69 14 nticES
