3260 4260
1030 1567 42 20 AN
1084 1566 124 21 OUTSIDE
1221 1566 129 22 OPINION.

1007 1626 67 22 vJsdcr
1082 1626 33 21 the
1125 1626 58 21 !icndi
1281 1626 127 23 ActiDodcsc

1104 1655 34 20 the
1149 1656 85 19 London
1246 1656 66 19 Globe
1330 1656 34 19 baa
1376 1656 30 19 tin

1180 1682 51 20 Now
1250 1682 90 20 Zealand
1355 1682 49 19 thost

977 1709 79 20 blessed
1070 1709 191 20 boons—'Universal
1272 1710 90 25 suffrage
1372 1715 35 13 auc

977 1740 94 22 payment
1088 1736 21 19 of
1128 1736 175 20 members—have
1324 1737 48 19 been
1390 1736 13 19 ii

976 1763 103 20 combined
1097 1763 104 25 operation
1224 1762 122 27 sufficiently
1364 1763 43 24 Ion;,

976 1792 21 17 to
1009 1790 62 19 admit
1081 1789 21 20 of
1119 1788 94 26 jugment
1233 1790 26 26 by
1277 1790 84 20 results.
1389 1790 17 18 L

977 1816 34 19 the
1022 1816 71 25 colony
1105 1816 84 26 happier
1202 1823 23 14 or
1244 1823 54 13 more
1317 1823 82 19 prosper-

977 1849 37 14 ous
1024 1842 49 20 than
1084 1844 17 17 it
1110 1843 48 19 used
1169 1845 22 16 to
1201 1843 24 20 bo
1244 1844 20 19 in
1283 1843 27 20 its
1329 1849 70 19 regene-

977 1872 43 17 rate
1030 1870 49 24 days
1087 1870 9 19 ?
1126 1870 45 23 For,
1182 1869 58 21 when
1255 1870 26 19 all
1291 1870 18 19 is
1318 1870 43 19 said
1372 1870 37 19 and

977 1896 58 24 done,
1047 1896 40 19 this
1098 1896 17 19 is
1126 1896 33 19 the
1169 1897 40 18 real
1222 1899 40 18 test
1270 1896 21 19 of
1302 1896 34 19 the
1347 1896 62 19 worth

977 1922 21 19 of
1007 1922 91 25 political
1107 1922 136 20 institutions.
1259 1923 94 25 Judging
1361 1922 48 20 New

977 1949 97 24 Zealand,
1084 1949 57 24 then,
1152 1949 53 19 from
1225 1950 39 19 this
1284 1949 122 25 standpoint

977 1983 29 12 we
1016 1976 44 19 fear
1070 1975 45 20 that
1126 1976 34 19 the
1178 1976 159 20 Kadicalisation
1348 1976 63 24 of|the

978 2002 74 19 islands
1063 2002 40 19 will
1113 2004 36 18 not
1159 2003 24 20 be
1198 2003 65 20 found
1274 2006 21 17 to
1305 2002 96 26 havejpro

978 2028 64 21 duced
1051 2036 47 19 very
1106 2029 129 26 satisfactory
1245 2030 80 20 results.
1347 2029 64 20 Trade

978 2055 35 20 has
1024 2056 61 19 fallen
1102 2055 43 20 into
1162 2063 11 12 a
1190 2063 47 19 very
1258 2056 89 25 decrepit
1366 2063 35 12 con-

978 2082 64 25 pition
1053 2082 3 27 ;
1067 2084 137 24 employment
1223 2090 63 19 grows
1305 2089 53 13 more
1373 2083 38 18 and

979 2115 54 13 more
1043 2115 55 14 scare
1106 2109 4 25 ;
1121 2110 34 19 the
1173 2116 92 18 pressure
1280 2109 22 19 of
1322 2109 89 19 taxation

979 2135 34 19 has
1027 2135 81 20 become
1126 2136 74 19 almost
1216 2135 132 24 intolerable;
1365 2135 46 24 only

980 2161 132 26 professional
1124 2162 113 26 politicians
1258 2162 38 19 and
1316 2162 53 19 tneir
1380 2162 20 18 de-

979 2188 98 25 pendents
1100 2195 76 20 appear
1197 2192 21 16 to
1239 2189 24 20 be
1288 2188 125 25 flourishing.

979 2214 51 20 How
1051 2215 35 20 has
1109 2216 42 19 this
1175 2215 116 27 deplorable
1315 2217 54 17 state
1392 2216 21 18 of

978 2241 69 26 things
1057 2249 55 12 come
1123 2247 19 15 to
1154 2249 46 18 pass
1209 2242 21 19 in
1242 2249 11 12 a
1262 2241 70 20 fertile
1353 2248 47 13 coun-

978 2271 38 22 try,
1024 2269 97 19 endowed
1132 2269 46 19 with
1188 2276 10 12 a
1209 2270 114 24 temperate
1333 2267 80 20 climate

978 2295 40 19 and
1030 2295 85 26 peopled
1130 2296 25 25 by
1166 2303 11 12 a
1188 2301 44 13 race
1246 2295 73 19 second
1329 2296 21 17 to
1361 2300 52 13 none

978 2322 21 18 in
1009 2328 75 20 energy
1099 2322 38 19 and
1147 2321 127 26 jenterprise
1281 2321 9 19 ?
1320 2320 42 20 The
1380 2327 22 13 ex-

978 2348 105 25 planation
1095 2348 16 20 is
1136 2348 59 25 given
1209 2355 21 13 in
1248 2355 12 12 a
1270 2348 61 20 letter
1341 2347 50 19 from
1403 2354 11 12 a

980 2375 85 19 colonist
1075 2375 63 19 which
1153 2375 101 26 appeared
1270 2375 20 19 in
1308 2381 11 12 a
1336 2374 65 19 Lanca-

978 2401 55 19 shire
1043 2408 60 19 paper
1121 2402 35 19 the
1166 2402 58 19 other
1236 2401 45 24 day.
1310 2401 22 19 It
1350 2406 35 19 rep

978 2429 46 17 ents
1035 2428 44 19 that
1090 2428 34 20 the
1135 2427 76 26 capital
1222 2427 93 26 required
1335 2426 33 20 for
1379 2429 8 16 t

978 2454 137 25 development
1128 2454 21 20 of
1160 2455 36 18 the
1207 2454 65 19 latent
1283 2460 101 13 resources
1392 2452 22 19 of

979 2481 34 19 the
1023 2481 77 20 islands
1110 2488 18 12 is
1138 2481 68 19 scared
1217 2487 55 19 away
1287 2481 53 23 byan
1360 2479 44 19 abid-

978 2507 34 26 ing
1031 2507 44 21 fear
1098 2508 21 19 of
1143 2507 108 26 piecemeal
1275 2505 139 21 confiscation.

977 2535 41 18 The
1043 2535 144 22 Government,
1212 2533 60 25 being
1296 2533 73 24 wholly
1382 2533 22 18 de-

979 2561 90 25 pendent
1080 2568 25 12 on
1118 2561 34 19 the
1166 2561 71 19 labour
1256 2563 53 20 vote,
1321 2559 48 19 dare
1379 2561 35 16 not

978 2588 67 19 refuse
1076 2587 107 19 obedienca
1213 2589 21 17 to
1264 2587 27 19 its
1314 2587 81 19 decrees
1411 2587 3 20 ;

1436 123 95 18 members
1550 123 22 19 of
1592 124 125 19 Parliament
1736 130 33 13 are
1787 125 80 25 equallJ

1435 148 127 19 3ubservietit
1576 151 21 18 to
1653 151 23 25 by
1688 157 69 12 reason
1775 151 22 18 of
1816 150 40 19 thei
1860 152 7 11 r

1434 174 71 21 official
1515 175 84 20 salaries
1621 176 25 19 1e
1648 174 3 28 :
1669 183 50 19 ga.
1733 176 59 20 stake
1826 177 41 19 The

1437 200 61 19 result
1507 201 15 18 is
1533 201 45 20 that
1593 202 58 20 when
1667 203 19 19 K
1696 210 26 18 ng
1741 203 51 19 Deru
1801 211 14 10 is
1834 203 22 19 de-

1435 226 53 19 cide-i
1510 227 45 19 tl.at
1571 235 38 12 one
1632 236 87 18 expense
1743 236 22 11 or
1783 229 85 19 another

1436 256 53 15 must
1499 253 23 18 be
1531 254 103 23 incurred,
1645 262 22 11 as
1682 256 33 18 the
1730 255 47 25 only
1795 262 40 13 wav
1847 256 21 18 of

1436 279 112 26 increasing
1562 281 141 25 employment,
1724 281 33 19 the
1773 281 93 26 question

1435 304 21 19 of
1467 312 51 17 ways
1528 306 40 19 and
1577 313 67 14 means
1655 307 17 19 is
1680 308 110 24 invariably
1801 308 66 19 solved

1436 332 20 18 at
1467 331 33 19 the
1510 335 44 16 cost
1564 333 21 19 of
1604 333 35 20 the
1663 334 103 19 wealthier
1788 334 80 19 classes.

1439 358 27 25 Hy
1477 357 74 20 similar
1566 360 98 23 coercion,
1690 360 27 19 all
1741 367 82 12 manner
1847 360 21 19 of

1435 383 98 21 obstacles
1543 391 33 13 are
1593 385 79 20 thrown
1694 387 20 18 in
1731 386 35 19 the
1785 393 43 19 way
1847 386 21 19 of

1436 411 141 24 immigration,
1596 412 39 19 lest
1655 412 17 19 it
1686 412 71 19 should
1777 412 90 25 cheapen

1436 436 74 19 labour.
1526 437 41 20 The
1578 444 16 12 w
1602 445 31 18 ige
1640 438 22 19 of
1669 438 40 19 Lte
1717 438 34 19 has
1760 438 47 20 thus
1818 439 49 19 been

1436 462 118 20 maintained
1566 466 22 17 at
1599 471 24 12 an
1632 464 116 26 artificially
1760 464 46 26 high
1816 465 49 19 level

1440 495 42 13 iven
1493 489 74 24 during
1578 491 38 18 bad
1628 491 65 19 tin.es.
1722 491 43 19 But
1774 491 67 26 owing
1847 493 21 18 to

1435 514 33 20 the
1487 515 84 25 gradual
1592 517 125 19 withdrawal
1745 517 22 19 of
1786 517 82 26 capital,

1435 542 136 24 employment
1602 543 108 19 continues
1740 546 21 16 to
1790 543 78 24 shrink,

1442 567 48 19 vhile
1498 568 34 19 the
1542 568 46 26 high
1606 572 46 16 cost
1668 569 22 20 of
1704 570 120 24 production
1844 571 21 18 in

1490 593 88 21 Zealand
1589 595 100 27 seriously
1705 596 107 26 handicaps
1823 596 45 20 that

1441 626 40 13 •nee
1489 620 118 27 flourisning
1617 622 131 26 dependency
1762 623 20 19 in
1794 625 74 23 export

1439 647 93 19 business.
1559 647 94 26 England
1665 649 64 19 would
1746 649 24 19 do
1788 649 43 19 well
1849 652 19 16 to

1439 673 39 22 jive
1494 673 48 20 heed
1560 676 21 17 to
1599 674 40 20 this
1659 675 90 25 warning
1763 675 54 19 from
1834 675 34 20 the

1435 699 109 26 Antipodes
1573 700 68 20 before
1670 701 35 20 she
1728 702 73 25 adopts
1830 708 38 14 one

1435 732 44 13 man
1493 732 38 14 one
1539 729 44 17 vote
1594 727 39 19 and
1651 731 96 22 payment
1765 728 22 19 of
1807 734 45 14 mem-

1446 792 56 19 THE
1518 792 199 21 ADVERTISING
1731 793 112 20 DOCTOR.

1458 844 42 18 The
1521 844 10 10 '•
1542 845 144 19 Australasian
1711 845 89 20 Medical
1826 846 28 20 Ga-

1433 871 52 18 zette
1530 871 103 24 publishes
1656 878 11 13 a
1691 871 75 20 violent
1786 872 81 20 screech

1434 896 59 19 about
1508 896 34 20 the
1558 897 161 25 unprofessional
1735 899 88 19 c:dj.*t
1846 899 22 19 of

1434 923 33 19 the
1481 923 123 27 advertising
1618 924 77 20 doctor.
1735 925 132 25 Advertising

1434 950 15 18 is
1472 951 84 24 c'ontary
1578 953 21 16 to
1624 951 34 20 tbe
1683 950 133 26 profcs.-ion&l
1831 951 27 20 eti-

1432 978 75 23 quette,
1531 977 40 19 and
1604 977 135 25 professional
1769 978 99 26 etiquette

1434 1009 38 12 was
1483 1003 94 20 invented
1588 1003 26 25 by
1632 1004 32 19 old
1675 1004 83 19 doctors
1769 1004 43 19 who
1828 1004 38 19 had

1434 1028 78 20 become
1521 1029 73 20 known
1606 1030 40 19 and
1662 1037 50 12 were
1723 1030 61 25 doing
1791 1037 12 12 a
1817 1030 50 26 good

1434 1055 96 18 business,
1554 1058 21 16 to
1594 1059 85 21 prevent
1698 1062 69 19 young
1788 1056 80 19 doctors

1434 1081 103 25 becoming
1557 1081 74 19 kno.vn
1659 1082 41 19 and
1733 1082 72 26 taking
1834 1082 35 19 the

1434 1106 90 19 business
1547 1107 51 19 from
1615 1108 62 20 them.
1718 1109 115 25 According
1848 1111 21 16 to

1433 1132 84 21 medical
1527 1133 107 26 etiquette,
1653 1134 36 20 the
1697 1134 55 26 right
1763 1135 58 25 thing
1836 1134 33 19 for

1433 1158 33 20 the
1481 1165 42 14 new
1535 1160 58 19 M.O.
1615 1162 22 17 to
1651 1160 26 20 do
1693 1160 16 20 is
1721 1164 21 17 to
1754 1164 37 21 put
1802 1168 25 12 on
1839 1161 30 19 his

1432 1185 49 20 door
1491 1193 11 12 a
1512 1186 58 19 small
1581 1186 56 21 baass
1652 1187 54 25 plate
1718 1187 61 20 which
1790 1187 77 20 doefn'l

1432 1214 72 18 attract
1514 1219 38 18 any
1565 1212 67 25 public
1650 1214 109 23 attention,
1770 1214 38 19 aad
1820 1214 49 19 then

1433 1239 80 20 conceal
1524 1238 81 21 himself
1627 1246 23 13 as
1665 1240 60 19 much
1744 1247 22 12 as
1782 1240 87 25 possible

1433 1265 32 20 for
1486 1265 45 20 fear
1546 1265 24 20 be
1585 1265 72 20 should
1672 1269 34 23 get
1723 1266 95 25 patients.
1847 1266 21 19 If

1433 1291 23 21 he
1466 1294 45 23 gets
1521 1298 11 13 a
1542 1292 80 25 patient
1632 1293 20 19 in
1663 1294 54 25 spite
1727 1294 22 18 of
1769 1292 29 20 his
1820 1299 37 14 con-

1432 1319 104 23 cealment,
1561 1319 47 19 then
1638 1319 24 19 he
1691 1326 44 19 may
1763 1319 57 20 write
1844 1325 25 14 an

1432 1347 86 17 account
1527 1344 22 20 of
1559 1345 34 19 the
1617 1345 88 20 horrible
1720 1348 55 17 state
1785 1345 21 20 of
1822 1345 45 20 that

1431 1371 98 26 'person's
1552 1371 72 26 inside,
1644 1372 39 20 and
1704 1373 48 19 send
1770 1372 15 20 it
1800 1374 21 18 to
1835 1372 34 20 the

1437 1397 95 21 'Medical
1671 1399 39 20 and
1720 1400 36 25 get
1770 1405 26 13 an
1813 1399 54 19 advt.

1433 1424 18 19 in
1462 1424 44 20 that
1516 1424 87 25 fashion,
1619 1425 39 19 but
1677 1425 34 20 the
1721 1425 80 26 patient
1812 1427 54 18 must

1433 1451 47 19 have
1497 1457 55 14 come
1566 1454 23 16 to
1604 1451 41 20 him
1660 1452 26 26 by
1701 1452 100 20 accident.
1836 1452 33 20 He

1432 1477 48 20 isn't
1501 1484 50 14 even
1566 1478 83 20 allowed
1670 1482 20 17 to
1707 1479 50 20 have
1767 1478 29 20 his
1807 1485 58 14 name

1432 1510 24 14 on
1466 1504 31 20 bis
1507 1504 40 20 late
1558 1505 119 21 customer's
1688 1505 115 21 tombatone
1812 1513 5 17 ;
1832 1505 35 20 the

1434 1531 116 26 inscription
1578 1532 75 26 simply
1674 1539 45 19 says
1743 1532 46 20 that
1812 1531 54 21 John

1433 1557 63 21 Smith
1513 1557 17 21 is
1544 1558 58 25 dead,
1620 1559 37 20 but
1673 1559 33 20 the
1724 1566 58 13 name
1799 1559 20 20 of
1834 1559 34 20 the

1434 1584 100 26 physician
1556 1585 42 21 who
1608 1585 62 21 killed
1690 1586 39 20 him
1737 1585 17 21 is
1765 1585 100 26 carefully

1434 1612 126 25 suppressed.
1606 1612 91 21 Medical
1712 1613 99 26 etiquette
1826 1611 16 22 is
1857 1619 12 14 a

1432 1642 56 22 great
1498 1637 125 22 institution.

1438 1680 50 20 THE
1497 1679 110 22 UNITED
1619 1678 103 23 STATES
1738 1681 60 20 AND
1810 1679 57 22 THE

1497 1706 174 21 NICARAGUA
1683 1706 104 21 CANAL.

1459 1747 40 20 The
1510 1748 77 21 United
1598 1750 69 19 States
1679 1756 66 13 means
1766 1752 19 18 to
1796 1749 50 27 keep
1858 1759 10 12 a

1435 1774 52 25 tight
1502 1774 53 21 hand
1566 1783 24 12 on
1611 1776 36 20 tho
1665 1776 116 26 Nicaragua
1799 1778 69 20 Canal.

1439 1802 35 19 I'he
1484 1802 76 19 United
1571 1803 68 19 States
1649 1803 142 20 Government
1798 1811 70 19 agrees

1436 1834 18 13 to
1464 1831 110 22 guarantee
1590 1829 34 20 tho
1645 1830 62 19 Canal
1722 1830 54 20 Co.'a
1795 1831 60 20 deben-

1435 1858 52 16 tures
1498 1854 31 20 for
1544 1855 25 20 70
1587 1855 79 20 million
1684 1856 76 21 dollars
1775 1856 32 21 for
1823 1865 33 13 con-

1434 1881 97 19 struction
1543 1888 106 19 purposes,
1660 1882 40 20 and
1719 1883 21 19 in
1759 1886 71 17 return
1840 1885 28 19 all

1435 1907 100 20 materials
1557 1908 48 20 used
1630 1916 34 13 are
1686 1912 20 16 to
1727 1910 24 19 be
1773 1910 57 21 made
1845 1918 22 13 or

1434 1940 66 18 grown
1524 1934 21 19 in
1567 1934 35 21 the
1625 1935 75 25 States,
1724 1936 40 19 and
1788 1937 26 19 all
1836 1938 32 19 the

1433 1961 94 19 directors
1548 1961 22 19 of
1580 1961 34 20 tho
1634 1969 102 19 company
1759 1969 34 14 are
1809 1966 20 17 to
1844 1964 24 20 bo

1436 1987 74 19 United
1521 1987 67 21 States
1599 1988 90 20 citizens.
1731 1988 57 25 Also,
1814 1990 15 19 it
1851 1990 17 20 is

1435 2013 96 26 proposed
1548 2014 45 19 that
1609 2015 107 20 American
1731 2016 73 19 vessels
1816 2016 52 20 shall

1434 2039 50 20 have
1503 2040 33 19 the
1551 2047 35 13 use
1606 2041 22 19 of
1647 2041 34 20 the
1697 2042 56 19 canal
1773 2044 22 17 at
1810 2043 58 20 much

1435 2067 58 19 lower
1520 2068 54 18 rates
1604 2067 49 20 than
1683 2068 58 20 those
1769 2068 22 20 of
1811 2069 56 20 other

1434 2093 108 20 countries.
1580 2093 45 20 One
1650 2094 109 21 inevitable
1774 2096 63 19 result
1851 2096 16 19 is

1434 2119 50 22 that,
1495 2126 72 13 sooner
1578 2127 24 13 or
1619 2121 58 22 later,
1693 2121 66 20 Uncle
1769 2122 44 19 Sam
1830 2122 38 19 will

1433 2147 33 17 eat
1477 2152 26 18 up
1515 2145 34 20 the
1572 2147 89 19 wild-cat
1672 2149 66 18 states
1748 2147 23 19 of
1785 2148 83 20 Central

1433 2171 98 25 America,
1542 2174 37 18 and
1596 2173 49 19 then
1654 2173 76 20 devour
1740 2174 87 25 Mexico,
1835 2175 33 19 for

1435 2198 31 19 tin;
1477 2198 48 20 eake
1543 2199 22 19 of
1584 2200 143 25 geographical
1746 2203 64 24 unity,
1830 2202 38 19 and

1433 2231 42 13 own
1486 2226 33 18 the
1529 2225 63 20 whole
1611 2228 88 24 country
1709 2226 55 25 right
1779 2228 57 20 down
1847 2230 21 18 to

1434 2251 93 18 Panama.

1886 122 48 20 OUTRAGE
1941 122 13 20 BY
1961 122 68 20 QUEENSLAND

2048 149 119 19 BLACKS.

1914 202 79 24 Sidney
2004 201 42 20 files
2060 201 45 24 just
2121 202 21 17 to
2162 201 52 20 hand
2227 203 45 25 give
2286 203 35 19 tbe

1885 227 106 25 following
2011 227 123 25 particulars
2153 228 22 18 of
2194 235 25 12 an
2234 231 87 23 outrage

1886 254 89 24 recently
1999 253 86 19 referred
2111 256 21 15 to
2161 254 21 19 in
2206 255 35 19 tbe
2265 256 56 19 cable

1888 286 98 18 messages
1994 280 4 24 :
2015 280 31 18 On
2060 280 46 18 14th
2117 280 49 24 May
2186 281 54 18 Johu
2252 282 58 19 Mulll-

1886 313 45 17 gin,
1956 306 34 19 tbe
2008 313 68 12 owner
2095 306 21 18 of
2131 312 54 13 eom;
2200 308 64 18 teams
2287 315 23 12 en-

1886 332 63 24 gaged
1974 332 19 18 in
2018 332 93 25 carrying
2135 332 77 20 lations
2238 334 32 19 for
2288 334 33 19 the

1886 358 92 20 Victoria
2001 358 61 19 River
2078 358 75 19 Downs
2167 359 84 23 station,
2273 360 47 19 with

1887 384 31 19 his
1928 386 101 22 assistant,
2040 386 81 23 George
2135 384 67 25 Ligar,
2213 386 40 18 a>jd
2266 386 55 19 three

1887 410 131 25 Qneenslind
2043 410 56 20 black
2125 410 47 25 boys
2206 412 39 19 and
2270 412 51 19 their

1887 436 74 25 lubras,
1980 444 40 13 was
2030 436 83 26 camped
2132 440 21 16 at
2167 437 74 26 Jasper
2257 438 64 20 Crock

1888 463 73 26 Gorge.
2003 463 62 20 After
2095 470 76 18 sapper
2201 464 120 26 Mulligan's

1887 489 67 20 blacks
1966 489 72 20 visited
2054 496 12 12 a
2081 489 85 19 natives'
2182 496 58 20 camp
2251 498 25 12 on
2287 490 34 20 the

1886 516 94 25 opposite
2003 516 43 20 side
2069 515 22 20 of
2110 515 34 20 the
2159 516 65 23 creek,
2250 517 72 24 taking

1888 542 89 20 firearms
1989 542 47 20 with
2052 542 61 20 them.
2144 543 68 19 About
2222 544 12 18 8
2245 543 76 20 o'clock

1887 568 102 26 Mulligan
2010 569 38 19 and
2072 569 61 24 Ligar
2153 575 51 13 were
2226 569 96 26 standing

1886 600 49 14 near
1958 595 35 20 the
2012 602 101 18 waggons,
2128 595 58 25 whey
2201 595 47 26 they
2271 602 50 13 were

1886 621 100 26 suddenly
1996 621 96 20 attacked
2104 621 24 25 by
2144 628 12 13 a
2171 623 55 24 largo
2238 623 52 19 bodv
2300 621 22 21 of

1887 647 85 20 natives.
2001 648 101 25 Mulligan
2114 654 39 13 was
2167 648 29 19 hit
2208 655 26 13 on
2245 649 34 19 the
2290 649 31 23 leg

1888 673 47 19 with
1946 681 11 12 a
1977 674 126 25 spear-head,
2118 674 63 20 which
2192 682 40 12 was
2243 675 78 19 formed

1887 699 22 19 of
1919 707 12 12 a
1950 700 60 24 sheep
2024 700 64 20 shear.
2117 700 62 26 Ligar
2191 708 39 13 was
2249 702 71 19 struck

1886 725 21 20 in
1918 725 34 21 the
1963 727 50 19 back
2029 727 47 18 with
2088 734 11 12 a
2109 734 64 17 spear,
2186 727 63 20 which
2262 734 48 19 pene-

1887 753 68 19 trated
1966 753 43 19 into
2021 753 33 19 the
2065 753 56 24 lung,
2138 753 39 19 aud
2189 754 24 20 he
2229 760 39 13 was
2279 754 41 19 also

1886 778 31 20 bit
1927 780 21 18 in
1968 778 34 20 tbe
2017 779 43 20 fiice
2080 779 47 19 with
2142 786 11 12 a
2167 780 153 26 glass-pointed

1887 812 65 19 spear,
1967 805 64 20 which
2050 805 82 21 entered
2148 807 65 19 under
2229 808 33 18 the
2273 813 48 13 nose

1886 838 26 13 on
1936 832 35 20 the
1994 832 54 25 right
2069 832 42 20 side
2143 833 22 19 of
2193 833 35 19 the
2251 833 63 20 cheek

1887 858 102 26 Mulligan
2000 859 60 19 drove
2067 859 29 19 off
2103 858 34 20 the
2145 859 68 19 blacks
2225 860 25 25 by
2261 860 60 24 firing

1886 887 21 17 at
1918 885 52 19 them
1983 885 46 19 with
2049 892 11 12 a
2071 885 49 19 rifle.
2149 885 66 25 Ligar,
2227 886 43 19 who
2281 892 40 13 was

1887 911 93 26 bleeding
2003 911 111 26 profusely,
2139 918 38 13 was
2202 912 74 20 unable
2300 916 21 15 to

1886 938 72 20 render
1982 938 39 19 him
2045 944 38 18 any
2110 938 117 20 assistance.
2266 938 56 20 Next

1887 965 93 25 morning
1990 964 34 19 the
2036 967 40 16 two
2097 971 43 12 men
2156 971 52 13 were
2219 964 80 26 making
2311 972 10 12 a

1886 997 11 12 a
1907 990 106 21 barricade
2022 990 47 20 with
2079 991 49 23 bags
2139 990 21 19 of
2177 990 50 20 flour
2237 991 21 19 in
2269 992 41 19 anti-

1886 1017 89 24 cipation
1986 1016 22 19 of
2022 1016 87 19 another
2119 1016 75 24 attack,
2216 1017 57 20 when
2284 1025 38 12 one

1887 1043 22 18 of
1919 1042 120 26 Mulligan's
2050 1042 58 20 black
2118 1043 55 19 black
2184 1044 49 25 boys
2241 1044 49 21 fired
2300 1047 22 17 at

1886 1068 68 26 Ligar.
1984 1070 21 18 It
2015 1077 39 11 was
2072 1069 117 20 afterwards
2200 1071 67 19 learnt
2278 1071 44 20 that

1887 1094 57 20 these
1968 1095 131 25 Queensland
2123 1096 69 20 blacks
2215 1097 37 20 had
2279 1105 32 17 per-

1886 1122 75 19 suaded
1973 1122 35 19 the
2018 1122 57 19 other
2093 1122 78 20 natives
2182 1125 21 18 to
2212 1123 43 26 join
2267 1125 54 19 them

1887 1148 19 19 in
1918 1155 24 12 an
1954 1148 68 19 attack
2031 1155 55 17 upon
2095 1148 33 20 the
2139 1150 113 19 teamsters.
2280 1151 42 20 The

1886 1174 79 20 assault
1985 1181 39 12 was
2037 1174 49 25 kept
2097 1181 26 18 up
2143 1175 32 20 for
2190 1177 56 20 three
2256 1178 50 25 days
2318 1174 4 29 ;

1889 1200 47 19 then
1949 1200 108 26 Mulligan,
2074 1201 77 25 finding
2162 1203 29 20 his
2201 1205 120 24 companion

1888 1227 105 25 becoming
2010 1234 47 18 very
2079 1228 61 24 weak,
2156 1229 82 20 decided
2257 1233 22 17 to
2290 1234 32 17 trv

1887 1253 40 19 and
1939 1253 57 20 make
2015 1254 130 25 Tuvargerne
2165 1256 48 20 stati
2221 1263 26 17 >n,
2258 1258 64 19 where

1888 1279 111 20 assistance
2023 1280 58 19 could
2102 1280 23 20 be
2140 1281 44 20 hal.
2215 1283 52 20 Both
2288 1284 34 19 the

1889 1312 44 13 men
1951 1306 84 19 rerched
2051 1306 127 21 Bradshaw's
2194 1309 69 26 Camp,
2283 1311 38 20 and

1889 1332 62 25 Hugh
1961 1332 75 26 Young
2046 1334 39 18 and
2091 1340 11 13 a
2114 1337 58 23 party
2182 1336 22 19 of
2212 1343 44 13 men
2268 1340 54 16 went

1889 1360 21 18 to
1930 1359 35 19 the
1984 1365 60 13 scene
2062 1360 22 19 of
2100 1360 33 20 the
2148 1364 92 23 outrage.
2267 1364 55 26 They

1889 1385 65 19 found
1965 1385 44 20 that
2024 1386 34 19 the
2078 1386 68 21 blacks
2158 1388 36 20 had
2210 1389 111 25 plundered

1888 1411 35 19 the
1944 1418 100 19 waggons,
2068 1414 38 18 and
2128 1414 35 20 the
2187 1416 61 24 goods
2271 1423 51 14 were

1888 1439 102 19 scattered
2021 1439 20 19 in
2072 1440 26 19 all
2122 1440 109 22 directions
2255 1443 33 20 for
2311 1451 10 12 a

1888 1464 92 21 distance
2005 1465 21 20 of
2050 1466 26 20 20
2100 1466 63 21 miles.
2191 1468 41 20 The
2253 1470 68 21 blacks

1887 1491 77 21 carried
1988 1498 56 19 away
2060 1492 35 21 the
2120 1494 55 22 flour,
2200 1502 60 18 sugar
2282 1497 39 20 and

1888 1519 91 30 tobacco.
2007 1519 42 20 The
2057 1526 92 20 manager
2158 1520 22 21 of
2190 1521 33 21 tbe
2230 1522 67 22 Victoj
2302 1522 20 23 ia

1889 1545 60 21 River
1965 1546 76 20 Downs
2058 1547 82 26 station,
2151 1548 47 21 with
2209 1556 10 13 a
2231 1553 59 24 party
2300 1550 22 21 of

1888 1572 31 24 18,
1930 1571 84 21 tracked
2034 1573 34 20 the
2081 1573 68 22 blacks
2160 1582 53 14 some
2224 1576 97 26 distance,

1887 1598 41 21 and
1939 1599 97 31 captured
2046 1600 55 21 three
2108 1600 87 27 oldgins,
2224 1602 96 26 Through

1888 1625 54 21 them
1966 1625 18 21 it
2004 1633 39 14 was
2058 1626 114 23 discovered
2186 1628 45 21 that
2247 1630 62 21 Mulli-

1888 1653 56 26 gan's
1968 1652 58 21 black
2058 1654 48 27 boys
2126 1654 38 21 had
2189 1662 10 14 a
2224 1656 97 27 plentiful

1887 1679 73 33 supply
1971 1679 22 21 of
2007 1681 133 21 ammunition
2154 1682 32 21 for
2196 1683 55 21 their
2267 1682 54 23 rifles

1887 1705 39 21 and
1945 1706 105 27 revolvers,
2071 1708 73 26 having
2164 1710 65 21 stolen
2240 1711 17 20 it
2268 1712 53 19 from

1887 1733 34 20 the
1947 1739 99 20 waggons.
2075 1735 55 26 They
2158 1737 42 19 also
2229 1738 38 19 bad
2292 1738 30 19 six

1886 1759 51 21 bead
1957 1759 22 21 of
1998 1760 76 25 horses,
2092 1762 48 20 with
2165 1764 85 21 saddles.
2279 1764 42 20 The

1886 1788 5 8 '
1900 1786 49 27 boys
1961 1786 4 28 '
1986 1788 42 19 who
2052 1788 47 21 thus
2115 1790 152 24 treacherously
2290 1793 22 17 at-

1886 1813 72 20 tacked
1975 1814 39 19 him
2026 1815 38 19 had
2085 1815 79 20 worked
2176 1817 32 20 for
2219 1818 102 21 Mulligan

1886 1840 33 20 for
1939 1841 24 19 15
1977 1847 65 20 years,
2057 1842 40 19 and
2117 1842 24 19 he
2156 1843 87 26 thought
2267 1844 54 20 them

1886 1867 57 25 quite
1968 1868 141 26 trustworthy.
2156 1870 101 26 Mulligan
2282 1871 39 19 and

1888 1893 61 25 Ligar
1960 1900 50 13 were
2021 1894 60 19 taken
2092 1897 21 17 to
2124 1895 34 20 the
2169 1896 48 20 Port
2236 1898 85 19 Darwin

1887 1920 96 25 Hospital
1999 1922 24 25 by
2034 1924 92 20 steamer.
2155 1922 107 27 Although
2274 1924 47 20 both

1886 1953 35 13 are
1940 1947 61 25 badly
2024 1947 88 26 injured,
2131 1948 62 26 hopes
2208 1956 34 14 are
2255 1954 55 16 enter-

1887 1973 70 20 tained
1968 1973 21 20 of
1999 1973 53 21 their
2062 1981 101 19 recovery.

1928 2034 57 21 THE
2000 2034 125 22 MISSING
2143 2034 141 22 AUSTRIAN

2014 2062 179 20 ARCH-DUKE.

1968 2121 78 15 AVEBT
2059 2122 99 14 STUANGE
2169 2123 72 15 STOUT.

1914 2148 42 20 The
1976 2148 68 20 Berlin
2069 2150 159 25 correspondent
2243 2150 22 20 of
2288 2150 34 21 the

1887 2175 105 19 Standard
2011 2182 45 17 says
2067 2175 44 19 that
2122 2183 11 12 a
2141 2176 91 26 singular
2241 2185 81 12 rumour

1887 2201 36 19 has
1934 2201 51 20 been
1995 2203 86 18 current
2091 2202 19 19 in
2118 2202 46 20 that
2174 2204 43 25 city
2224 2203 32 20 for
2267 2211 54 12 some

1887 2227 56 25 days,
1963 2227 71 24 which,
2044 2228 20 19 in
2077 2228 53 26 spite
2140 2229 22 19 of
2180 2230 27 19 its
2222 2230 88 26 improba-

1888 2253 65 26 bility,
1966 2254 15 19 is
2002 2254 87 20 believed
2105 2262 21 13 in
2146 2256 25 25 by
2186 2263 55 14 some
2255 2257 22 19 of
2288 2257 34 20 the

1888 2287 54 13 more
1953 2280 92 20 intimate
2055 2281 146 21 friendsofthe
2212 2290 110 19 personage

1888 2309 21 17 to
1934 2307 64 19 whom
2013 2307 18 19 it
2054 2307 70 21 refers.
2152 2309 22 19 It
2192 2310 16 19 is
2232 2310 90 20 averted

1888 2333 57 26 (says
1969 2333 35 19 the
2028 2335 169 26 correspondent)
2223 2336 45 20 that
2288 2337 34 19 the

1889 2360 80 19 famous
1985 2360 103 25 Japanese
2098 2361 90 21 Marshal
2209 2363 113 26 Yamagata

1888 2385 17 20 is
1925 2392 52 14 none
2000 2389 60 17 other
2077 2387 50 20 than
2147 2389 48 20 than
2213 2389 35 20 the
2267 2390 44 25 long-

1890 2412 82 25 missing
1996 2413 109 21 Archduke
2133 2415 54 20 John
2214 2416 108 26 Nepomuk

1889 2439 99 24 Salvator,
2000 2441 20 17 of
2035 2441 85 22 Austria,
2131 2441 34 20 the
2176 2444 100 24 youngest
2286 2450 35 13 son

1889 2465 23 19 of
1935 2465 36 20 the
1995 2466 70 20 Grand
2091 2467 59 21 Duke
2174 2469 89 25 Leopold
2288 2470 34 19 the

1889 2493 78 19 Second
1992 2493 21 18 of
2031 2493 100 26 Tuscany.
2160 2495 32 20 He
2207 2496 115 20 renounced

1891 2519 31 19 his
1933 2519 51 23 title,
1997 2520 92 18 assumed
2109 2520 35 20 the
2163 2528 58 14 name
2235 2522 23 20 of
2269 2522 53 25 plain

1891 2545 53 19 John
1956 2545 60 23 Orth,
2035 2546 38 19 and
2086 2553 38 13 was
2134 2547 40 20 last
2194 2549 62 20 beard
2271 2549 21 19 of
2302 2550 20 18 in

1891 2573 52 18 18S!)
1953 2578 23 12 or
1986 2573 58 23 1800,
2059 2580 40 12 was
2107 2575 21 17 at
2138 2574 34 20 the
2181 2575 69 19 mouth
2258 2575 21 20 of
2289 2576 33 19 the

1891 2599 29 18 La
1931 2599 56 19 Plata
2007 2598 47 20 with
2070 2606 12 12 a
2096 2600 64 20 vessel
2180 2601 21 19 of
2216 2601 63 20 which
2299 2603 23 18 he

1891 2631 39 13 was
1954 2625 88 26 captain.
2070 2626 34 20 He
2126 2634 38 12 was
2184 2629 102 23 supposed
2303 2631 19 17 to

1891 2651 50 19 have
1960 2651 45 25 paid
2022 2652 30 19 off
2064 2652 30 19 his
2114 2660 50 12 crew
2180 2655 39 19 and
2235 2656 20 18 to
2275 2655 47 19 have

1891 2678 105 20 wandered
2016 2678 42 20 into
2074 2679 74 20 Brazil.
2176 2681 41 19 The
2241 2688 81 13 reasons

1890 2704 33 20 for
1942 2711 44 13 now
2005 2705 123 26 identifying
2145 2706 39 20 him
2200 2707 49 20 with
2268 2708 41 19 Mar-

1890 2730 50 20 shall
1951 2731 115 25 Yamagata
2085 2739 32 13 are
2136 2733 45 19 that
2196 2740 25 13 no
2233 2733 89 27 princely

1889 2757 71 25 family
1985 2757 22 20 of
2025 2758 112 22 Yamagata
2152 2766 38 13 was
2206 2759 73 21 known
2301 2763 20 17 to

1890 2785 52 18 exist
1953 2784 19 19 in
1984 2784 65 24 Japan
2060 2785 52 19 until
2124 2788 68 17 recent
2202 2793 58 18 years
2272 2788 49 22 ;and

1889 2810 45 20 that
1945 2810 35 20 the
1999 2811 89 25 military
2102 2812 72 20 tactics
2188 2813 89 25 adopted
2296 2814 26 21 bv

1889 2836 35 20 the
1943 2837 91 20 Marshal
2053 2844 33 13 are
2097 2839 98 24 precisely
2209 2839 58 20 those
2281 2841 18 19 la
2302 2836 4 27 :
2309 2841 12 19 d

1889 2863 57 20 down
1955 2863 19 21 in
1987 2864 34 20 the
2032 2864 90 26 writings
2137 2864 22 20 of
2169 2865 33 20 the
2214 2866 107 20 Archduke

1889 2890 62 19 John.
1980 2891 34 19 Mr
2034 2890 22 20 F.
2072 2891 26 19 H.
2115 2891 89 25 Balfour,
2225 2893 95 24 however,

1889 2917 67 19 writes
1967 2919 21 18 to
2008 2917 33 19 the
2058 2917 101 20 Standard
2177 2921 21 16 to
2209 2920 57 20 point
2285 2923 35 17 out

1888 2942 46 20 that
1949 2942 4 30 '
1965 2943 56 20 there
2038 2943 16 20 is
2068 2947 36 16 not
2124 2944 33 20 the
2172 2945 95 26 slightest
2279 2953 30 19 per-

1887 2970 57 19 sonal
1966 2969 136 21 resemblance
2121 2970 89 21 between
2227 2972 34 20 the
2281 2975 38 17 two

1888 3002 51 17 men,
1963 2996 37 19 and
2029 2996 109 26 Yamagafa
2161 2997 17 20 is
2192 3005 38 13 one
2249 2999 23 20 of
2285 2999 34 19 the

1887 3024 53 17 most
1949 3022 88 20 familiar
2047 3023 72 23 figures
2127 3023 21 20 in
2164 3025 84 26 society.
2277 3025 28 20 No-

1887 3047 53 24 body
1959 3048 43 20 win
2022 3049 36 20 had
2075 3057 46 12 ever
2136 3058 45 13 seen
2203 3051 30 20 his
2248 3051 58 26 photo-

1888 3074 70 24 graph,
1977 3082 57 18 even,
2053 3076 58 20 could
2129 3077 84 20 mistake
2229 3077 38 21 him
2286 3078 33 20 for

1886 3101 100 24 anything
1995 3102 37 19 but
2051 3110 12 12 a
2073 3104 117 23 pure-blood
2209 3105 107 25 Japanese.

1886 3126 44 21 Nor
1940 3128 17 19 is
1968 3128 33 20 tho
2012 3129 98 20 assertion
2127 3130 46 19 that
2183 3130 33 20 the
2228 3138 58 13 name
2296 3131 22 20 of

1884 3152 113 28 Yamagata
2016 3155 47 20 does
2077 3157 36 18 not
2131 3156 52 19 exist
2196 3164 72 20 among
2283 3158 34 20 the

1884 3180 4 28 '
1898 3180 91 26 princely
2000 3181 58 25 '—by
2082 3182 63 19 which
2170 3183 16 19 is
2208 3187 73 21 meant,
2306 3185 10 19 I

1884 3213 94 19 suppose,
1989 3207 34 20 the
2042 3208 188 22 daimio—families
2245 3210 20 20 in
2278 3217 37 19 any

1885 3239 42 18 way
1938 3236 21 17 to
1969 3234 33 19 the
2014 3234 63 24 point,
2089 3241 48 13 even
2148 3235 17 20 if
2171 3238 45 17 true
2227 3244 5 17 ;
2247 3236 69 24 seeing

1883 3258 46 21 that
1944 3260 48 24 only
2011 3267 10 12 a
2036 3260 76 20 certain
2135 3262 85 20 number
2235 3264 24 19 of
2282 3264 34 19 the

1884 3285 115 26 marquises,
2032 3288 80 22 counts,
2140 3288 108 26 viscounts,
2277 3289 37 20 and

1882 3311 73 20 barons
1966 3312 22 19 of
2006 3312 66 25 Japan
2090 3320 51 13 were
2152 3314 82 21 daimios
2253 3316 62 19 under

1884 3337 33 19 the
1936 3338 121 23 Shogunate.
2086 3341 17 17 A
2118 3341 139 20 considerable
2269 3349 35 17 pro-

1884 3363 80 24 portion
1975 3365 22 19 of
2016 3366 57 19 these
2093 3366 55 20 titles
2159 3373 33 14 are
2210 3368 22 19 of
2246 3370 69 18 recent

1882 3389 96 26 Imperial
1997 3392 96 22 creation,
2114 3392 73 26 having
2206 3394 48 20 been
2268 3401 35 13 con-

1880 3415 68 21 ferred
1969 3424 25 13 on
2014 3418 53 20 their
2087 3418 79 21 holders
2183 3420 31 19 for
2230 3420 84 21 services

1880 3443 98 20 rendered
1988 3452 22 12 or
2025 3452 54 12 some
2089 3445 59 19 other
2157 3446 74 25 special
2242 3454 60 13 caase
2310 3443 4 28 ;

1880 3469 38 19 and
1930 3469 35 20 the
1976 3477 83 17 persona
2067 3471 47 19 thus
2122 3472 147 26 distinguished
2281 3480 33 13 are

1880 3495 62 20 calbd
1954 3497 65 18 Court
2029 3497 84 18 nobles.'

1882 3552 14 19 A
1917 3552 66 21 NEW
2002 3553 66 20 PEST
2082 3554 34 19 IN
2131 3554 173 21 SOUTHLAND.

1906 3605 42 19 The
1959 3605 97 20 Western
2072 3606 47 19 Star
2136 3609 77 23 reports
2225 3605 37 27 :—'
2279 3609 32 20 We

1880 3631 53 19 learn
1945 3632 47 19 that
2002 3639 104 18 opossums
2121 3639 35 14 are
2167 3640 44 13 now
2231 3636 69 19 exceed-

1879 3657 57 26 ingly
1960 3664 107 14 numerous
2091 3658 21 20 in
2141 3660 32 19 the
2197 3660 114 26 Longwood

1882 3683 118 20 Forest—in
2020 3684 48 23 fact,
2093 3686 32 18 too
2149 3692 108 14 numerous
2280 3688 31 19 for

1881 3716 58 19 many
1950 3710 130 24 orchardists,
2091 3711 43 19 who
2144 3718 34 14 are
2187 3712 124 27 continually

1880 3735 138 26 complaining
2047 3737 63 19 about
2133 3738 52 20 their
2209 3740 102 19 vexatious

1880 3762 143 25 depredations
2046 3763 22 18 in
2096 3763 35 19 the
2162 3765 92 24 gardens,
2279 3766 32 19 the

1880 3788 85 19 animals
1976 3789 133 24 particularly
2116 3789 97 25 relishing
2221 3791 35 20 the
2263 3792 48 20 bark

1880 3813 22 19 of
1913 3814 60 25 apple
1986 3817 60 17 treert.
2074 3815 100 21 Denuded
2192 3817 21 19 of
2227 3818 41 19 this
2279 3818 32 20 the

1881 3843 52 17 trees
1952 3847 50 13 soon
2026 3841 37 19 din.
2091 3841 42 20 The
2157 3850 103 17 opossums
2279 3850 31 13 are

1882 3867 110 23 protected,
2009 3867 38 19 but
2057 3874 28 12 we
2105 3867 59 20 think
2174 3869 34 19 the
2219 3870 48 19 lime
2277 3870 34 18 has

1880 3893 78 19 arrived
1971 3893 55 19 when
2037 3893 57 19 there
2109 3894 71 20 should
2190 3896 23 19 be
2223 3902 25 13 an
2260 3902 50 18 open

1880 3926 72 13 season
1969 3919 32 19 for
2020 3919 88 26 hunting
2117 3920 59 24 them,
2192 3928 47 13 even
2250 3922 17 18 if
2277 3921 34 19 the

1881 3945 76 25 society
1976 3945 103 20 restricted
2091 3947 33 19 the
2135 3946 71 27 killing
2224 3947 23 19 of
2257 3947 52 19 them

1880 3973 21 18 to
1913 3971 34 19 the
1957 3971 80 20 holders
2056 3972 22 19 of
2096 3972 89 20 licenses.
2214 3973 39 19 We
2263 3973 48 19 have

1882 3998 49 19 been
1942 3998 82 19 assured
2040 3997 45 19 that
2093 3998 17 19 it
2124 3999 66 20 would
2204 3999 24 20 be
2237 3999 62 23 impos-

1881 4024 51 19 sible
1955 4025 21 17 to
1997 4023 133 21 exterminate
2148 4025 60 23 them,
2228 4032 21 12 as
2263 4025 48 25 they

1883 4050 48 18 havo
1950 4055 45 13 now
2014 4052 34 23 got
2063 4056 11 13 a
2084 4051 50 23 good
2155 4050 44 19 hold
2214 4050 21 19 in
2246 4052 65 24 places

1882 4076 73 18 almost
1983 4075 130 24 inapcessible
2135 4078 22 18 to
2180 4083 51 13 man.
2273 4077 38 19 We

1882 4101 103 20 commend
2005 4101 41 20 this
2065 4103 74 18 matter
2148 4104 21 17 to
2187 4102 34 19 the
2235 4103 76 20 serious

1882 4127 148 20 consideration
2048 4126 23 21 of
2090 4128 35 19 the
2145 4128 158 22 Acclimatisatio

1878 4151 1 27 j
1882 4153 87 25 Society,

2356 129 85 20 WHAT
2464 129 64 19 THE
2539 130 102 19 BALTIC
2664 130 96 20 CANAL

2469 156 68 19 WILL
2554 156 86 19 SAVE.

2366 208 42 19 The
2419 208 38 27 drp
2467 208 14 19 h
2493 208 34 19 uid
2540 208 86 20 oreai'.h
2634 209 21 19 ;;?
2663 209 34 19 the
2709 209 65 20 Ba'tic

2341 235 55 19 canal
2405 242 34 12 are
2450 242 20 12 so
2481 237 58 23 great
2547 235 38 19 and
2598 235 26 19 its
2634 242 16 12 e<

2341 268 22 12 so
2382 261 126 24 substantial,
2525 261 74 20 vessels
2614 268 34 12 a-e
2665 263 22 17 t>
2706 262 24 19 be
2744 263 20 19 al-

2340 288 63 19 lowed
2423 290 20 16 to
2462 290 92 18 traverse
2570 289 16 18 it
2600 291 22 16 at
2641 288 34 19 the
2694 290 43 18 rate
2751 289 21 19 of

2340 320 49 13 over
2398 314 29 19 pis
2438 315 55 18 miles
2502 322 24 12 an
2537 315 57 19 hour.
2623 315 31 19 Its
2664 317 83 17 current
2756 315 17 19 is

2341 348 21 12 so
2381 342 71 23 strong
2462 340 44 20 that
2516 341 17 19 it
2549 341 16 19 is
2576 343 36 17 not
2622 341 101 23 expected,
2741 348 21 12 ex-

2340 369 48 22 cept
2398 367 19 17 in
2430 367 107 24 unusually
2548 374 69 12 severe
2631 367 88 23 winters,
2730 367 44 19 that

2341 393 16 19 it
2368 393 38 19 will
2414 393 24 19 be
2449 393 43 19 frcz
2499 400 17 12 ;n
2606 393 134 25 Throughout
2748 394 25 18 its

2341 419 64 19 entire
2415 419 69 23 length
2495 420 16 19 it
2521 421 16 18 is
2548 422 22 17 to
2580 420 25 19 be
2615 420 75 24 lighted
2702 419 25 26 by
2738 421 35 18 the

2340 445 83 20 electric
2434 445 56 25 light,
2506 453 22 12 bo
2538 447 46 19 that
2593 446 119 25 navigV.ion
2729 454 44 18 may

2342 471 82 24 proceed
2443 471 40 26 day
2492 473 39 19 and
2547 473 65 25 night.
2640 473 66 19 There
2715 473 17 19 is
2747 480 26 12 no

2340 497 69 23 doubt,
2434 497 69 21 claims
2522 506 38 13 one
2581 499 76 24 writer,
2682 498 45 20 that
2747 506 25 13 an

2340 524 95 20 immense
2446 525 84 20 number
2545 526 22 19 of
2578 525 102 20 merchant
2699 526 74 20 vessels

2342 550 38 19 will
2401 551 61 25 adopt
2472 551 34 20 the
2521 553 58 19 canal
2598 557 58 15 rou'e
2667 560 5 16 ;
2687 553 20 18 in
2723 552 49 24 fact,

2341 577 33 20 the
2385 577 64 25 major
2460 578 51 24 porti
2521 585 19 13 >n
2551 579 22 19 of
2584 578 35 20 the
2640 579 64 19 Ra'tic
2716 579 57 19 trade

2342 607 54 16 must
2403 604 107 26 inevitably
2520 612 43 18 pass
2573 605 87 25 through
2672 605 22 19 it.
2723 605 50 19 Five

2342 637 56 18 years
2408 636 37 19 ago
2455 630 33 19 the
2499 633 88 24 tonnage
2598 631 21 19 of
2633 631 73 20 vessels
2718 638 44 18 pass-

2340 663 35 19 ing
2393 656 88 25 through
2502 657 33 20 the
2546 657 68 20 Sound
2631 657 108 20 amounted
2751 660 20 17 to

2340 683 35 20 the
2392 689 105 14 enormous
2507 686 73 18 extent
2594 684 22 19 of
2626 685 86 22 300,000
2727 685 46 18 tons

2340 717 11 12 a
2362 709 75 20 month.
2465 710 41 19 The
2526 717 35 13 me
2576 710 22 20 of
2608 710 35 20 the
2659 711 58 18 canal
2733 710 39 19 will

2340 736 139 22 considerably
2502 737 82 20 shorten
2601 736 2 26 '
2619 737 34 20 the
2676 736 96 26 journeys

2341 762 52 19 from
2404 762 82 24 English
2503 766 55 20 ports
2570 763 63 19 below
2650 763 122 24 Newcastle,

2341 789 34 19 the
2386 789 91 19 Atlantic
2488 791 55 23 ports
2554 790 22 19 of
2588 790 83 22 France,
2687 790 40 19 and
2737 790 36 19 the

2341 817 57 22 ports
2408 815 21 19 of
2438 815 97 25 Belgium,
2544 816 97 22 Hollaud,
2650 816 39 19 and
2700 822 26 13 on
2738 816 35 19 the

2342 842 86 19 German
2437 841 65 20 North
2511 842 38 19 Sea
2556 845 62 16 coast.
2647 842 42 19 The
2697 849 76 18 voyage

2340 868 51 19 from
2400 868 84 19 London
2492 870 21 17 to
2525 868 46 20 Kid
2582 869 38 19 will
2631 869 24 19 be
2664 868 107 20 shortened

2341 894 25 26 by
2376 896 25 17 22
2412 894 66 23 hours,
2489 895 38 18 and
2539 895 44 19 that
2603 895 52 19 from
2667 894 106 25 Hamburg

2341 921 23 24 by
2375 922 27 18 44
2412 920 66 25 hours,
2489 928 10 11 a
2514 922 139 19 considerable
2670 921 72 25 saving
2752 922 20 19 in

2341 947 57 20 these
2407 947 50 24 days
2472 947 56 20 when
2539 955 21 12 so
2572 948 58 19 much
2648 948 124 21 importance

2340 974 17 18 is
2376 970 92 23 attached
2485 976 21 17 to
2520 974 60 26 quick
2596 974 176 20 communication.

2341 999 54 20 Then
2407 1000 55 19 there
2472 1000 16 19 is
2502 1001 86 19 another
2600 1001 58 25 point
2669 1000 19 19 in
2699 1000 71 20 favour

2341 1026 22 19 of
2382 1026 33 19 the
2426 1026 61 24 canal,
2499 1027 62 20 which
2577 1027 76 25 largely
2673 1026 99 20 increases

2342 1053 24 19 its
2389 1052 168 21 usefulness—its
2577 1054 66 24 safety
2666 1053 106 25 compared

2342 1080 47 18 with
2413 1080 33 18 the
2469 1080 114 25 dangerous
2608 1087 76 18 voyage
2707 1080 64 19 round

2342 1105 108 20 Denmark.
2478 1106 42 19 The
2540 1113 85 18 passage
2648 1106 66 19 round
2739 1105 35 19 the

2342 1132 57 19 Skaw
2410 1132 38 19 and
2457 1132 87 25 through
2556 1132 110 20 theSouud
2677 1131 39 20 and
2727 1131 47 20 Belt

2342 1158 16 20 is
2376 1158 56 20 beset
2443 1158 45 20 with
2501 1159 67 25 perils,
2583 1165 22 13 as
2623 1158 34 20 the
2673 1158 100 20 scattered

2344 1185 39 19 ribs
2393 1185 21 19 of
2425 1192 58 17 many
2497 1192 9 13 a
2518 1185 50 26 good
2581 1185 45 24 ship
2647 1184 76 25 testify.
2753 1185 21 19 It

2342 1212 16 18 is
2376 1211 103 20 estimated
2500 1212 46 19 that
2561 1219 19 11 in
2593 1218 11 12 a
2624 1211 69 21 period
2713 1210 22 20 of
2748 1211 26 19 27

2341 1245 64 18 years,
2424 1238 52 19 from
2497 1239 51 19 1858
2563 1240 21 16 to
2596 1239 56 22 1885,
2673 1244 26 12 no
2714 1237 60 20 fewer

2341 1265 48 19 than
2398 1266 57 21 6,31(3
2467 1266 96 18 steamers
2570 1265 38 19 and
2617 1264 73 24 sailing
2700 1264 74 19 vessels

2342 1298 49 12 were
2415 1291 90 19 wrecked
2525 1298 25 12 on
2575 1291 35 19 the
2633 1290 78 19 Danish
2734 1291 39 19 and

2341 1317 88 19 Swedish
2453 1320 72 19 coasts,
2554 1317 39 19 and
2617 1317 22 19 of
2669 1316 56 20 these
2749 1318 23 18 01

2340 1346 95 17 stpamers
2443 1344 36 18 and
2488 1345 11 17 2
2507 1343 39 20 712
2558 1343 73 24 sailing
2640 1343 74 19 vessels
2723 1349 51 13 were

2342 1370 44 20 lost.
2415 1370 59 19 From
2485 1369 52 21 1877
2548 1372 21 16 to
2581 1371 50 18 ISSI
2642 1369 39 21 708
2693 1376 81 18 persons

2342 1396 39 20 lost
2391 1396 52 20 their
2455 1396 47 19 livea
2518 1395 19 20 in
2549 1399 73 17 waters
2640 1395 69 24 which,
2721 1395 53 20 after

2340 1423 35 19 the
2385 1423 87 26 opening
2488 1422 145 20 oftheßiltic
2652 1422 71 24 Canal,
2734 1422 39 20 will

2340 1456 26 14 no
2377 1449 70 24 longer
2466 1449 48 19 need
2528 1451 21 17 to
2560 1449 24 20 be
2596 1449 71 25 passed
2679 1449 95 24 through.

2342 1475 114 26 According
2473 1477 8 18 t
2490 1475 3 26 >
2505 1476 76 20 former
2591 1475 133 21 calculations
2740 1475 34 20 the

2341 1503 84 20 number
2436 1502 21 20 of
2466 1502 73 21 vosseh
2551 1502 22 20 of
2581 1502 25 20 al!
2619 1502 81 20 nations
2711 1501 62 21 which

2340 1536 35 13 are
2394 1528 40 21 lost
2445 1535 24 13 on
2487 1529 83 26 passing
2586 1529 65 21 round
2667 1528 35 21 the
2716 1527 58 22 Skaw

2340 1558 94 18 amounts
2445 1555 68 26 yearly
2525 1562 24 14 on
2561 1563 25 14 an
2601 1562 86 19 average
2697 1557 21 18 to
2729 1555 45 21 200.

2344 1583 38 19 The
2393 1582 106 21 maximum
2511 1581 20 21 in
2542 1589 38 15 one
2589 1590 48 20 year
2650 1582 72 26 (1872)
2736 1589 38 13 was

2340 1609 39 21 423
2391 1609 3 24 t
2419 1609 34 21 tho
2476 1609 110 24 minimum,
2611 1609 20 21 in
2654 1609 58 24 1870,
2736 1610 38 19 154

2341 1635 79 22 vessels.
2448 1635 42 21 The
2500 1635 125 27 importance
2641 1636 21 20 of
2673 1636 34 20 tht
2717 1636 57 20 canal

2340 1670 21 13 as
2372 1670 25 13 an
2408 1662 88 21 addition
2508 1667 20 17 to
2544 1661 120 29 Germany's
2676 1668 66 15 means
2753 1663 21 20 of

2340 1689 84 21 defence
2441 1690 17 20 is
2467 1690 43 20 also
2520 1697 47 19 very
2585 1694 63 23 great.
2677 1688 31 22 Its
2718 1697 42 13 com-

2342 1717 75 26 pletion
2429 1715 38 21 will
2479 1717 71 20 enable
2565 1717 35 20 the
2613 1715 89 23 German
2719 1713 55 23 fleets

2340 1743 103 21 stationed
2454 1743 19 20 in
2486 1743 34 20 tho
2532 1745 67 19 B.iltic
2612 1744 39 20 and
2662 1740 33 24 the
2707 1743 67 20 North

2341 1777 33 13 bpa
2393 1773 20 17 to
2429 1770 56 20 unite
2497 1771 87 21 without
2598 1771 43 21 fear
2652 1770 23 20 of
2689 1770 72 25 opposi-

2340 1797 51 24 tion,
2412 1797 21 19 in
2457 1797 111 21 whichever
2584 1805 33 13 sea
2636 1797 34 20 the
2694 1799 80 23 greater

2340 1824 77 25 danger
2436 1823 110 24 threatens,
2556 1824 40 20 aid
2612 1824 35 20 the
2662 1823 77 25 danger
2753 1822 21 21 of

2340 1850 35 20 the
2386 1857 50 18 navy
2447 1850 60 26 being
2516 1851 81 19 divided
2612 1851 20 19 in
2644 1851 48 19 timo
2702 1850 22 19 of
2735 1857 39 12 war

2340 1877 116 19 diminishes
2471 1879 21 17 to
2512 1877 35 20 tho
2562 1877 107 26 vanishing
2684 1876 90 27 point.—

2341 1903 113 25 Exchange.

2434 1963 139 20 ELECTRIC
2589 1964 84 19 SNOW.

2366 2017 6 10 '
2381 2016 41 20 The
2441 2018 56 24 story
2511 2017 22 19 of
2552 2023 11 13 a
2579 2018 52 19 most
2646 2016 125 20 remarkable

2340 2043 134 24 snowstorm,'
2507 2050 45 17 says
2576 2043 33 19 the
2641 2043 51 20 N<?w
2715 2043 56 20 York

2339 2070 95 23 Tribune,
2445 2071 5 10 '
2461 2070 16 19 is
2488 2070 42 19 told
2542 2070 25 25 by
2583 2070 126 19 Lieutenant
2718 2069 53 20 John

2340 2096 22 20 P.
2382 2096 78 25 Finley,
2471 2103 37 13 one
2518 2096 22 19 of
2554 2096 35 19 the
2608 2096 45 19 best
2671 2096 100 20 informed

2339 2122 159 25 meteorologists
2517 2122 20 19 in
2553 2122 34 20 the
2602 2122 78 20 United
2700 2123 71 24 States,

2340 2149 43 20 who
2394 2149 135 19 encountered
2539 2149 34 19 the
2584 2154 63 14 storm
2659 2149 21 20 in
2692 2149 79 25 making

2340 2183 25 12 an
2384 2177 70 18 ascent
2464 2175 21 20 of
2500 2175 66 20 Pike's
2586 2175 62 21 Peak.
2677 2175 33 20 He
2728 2182 43 18 says

2342 2202 33 20 ilie
2386 2204 62 18 pLurm
2467 2210 58 12 couiu
2536 2202 46 20 best
2596 2202 25 20 lie
2631 2202 104 20 dtJßcnutiu
2751 2208 20 13 So

2340 2236 11 11 a
2361 2228 4 25 '
2377 2229 77 19 shower
2464 2229 21 19 of
2495 2229 44 19 cold
2551 2228 48 20 fire.'
2627 2229 25 19 In
2672 2228 73 25 reality
2756 2228 15 19 it

2341 2262 39 13 was
2391 2262 21 12 so
2431 2255 84 25 charged
2526 2255 48 20 with
2589 2255 114 25 electricity
2720 2261 20 13 as
2751 2256 20 18 to

2340 2284 83 23 present
2433 2288 12 14 a
2455 2288 58 13 scene
2530 2288 54 13 more
2594 2281 63 26 easily
2673 2281 97 24 imagined

2340 2309 50 19 than
2410 2308 108 20 described.
2548 2309 29 19 At
2596 2309 46 19 first
2656 2307 34 20 the
2712 2307 59 20 fhkes

2340 2335 47 25 only
2407 2333 116 27 discharged
2540 2335 53 19 their
2607 2336 45 23 tiny
2669 2333 61 26 lights
2745 2340 25 13 on

2340 2361 80 26 coming
2429 2361 19 19 in
2460 2364 81 16 contact
2553 2361 47 19 with
2611 2361 35 20 the
2653 2361 42 19 hair
2706 2359 21 20 of
2737 2359 34 21 the

2342 2388 52 20 mule
2414 2394 25 13 on
2455 2387 63 20 which
2538 2388 34 19 the
2595 2387 114 20 lieutenant
2732 2393 38 13 was

2342 2415 100 19 mounted.
2471 2414 106 24 Presently
2588 2414 47 25 they
2645 2413 65 24 began
2720 2420 38 12 com-

2340 2440 36 26 ing
2400 2440 77 20 thicker
2500 2441 39 19 and
2559 2440 70 23 faster,
2650 2439 47 20 each
2720 2439 50 19 flake

2340 2467 94 25 emitting
2456 2467 27 19 its
2501 2467 62 26 spark
2577 2474 21 12 as
2616 2467 17 19 it
2651 2465 51 19 sank
2726 2465 44 20 into

2340 2493 61 19 drifts
2420 2493 21 19 of
2452 2493 34 20 the
2497 2500 53 13 snow
2565 2500 23 13 or
2604 2491 70 21 settled
2695 2498 25 12 on
2736 2491 35 21 the

2340 2519 91 25 clothing
2440 2519 22 19 of
2472 2523 34 16 the
2522 2520 111 20 lieutenant
2652 2525 22 13 or
2683 2518 35 20 the
2730 2518 41 20 hair

2340 2546 23 20 of
2372 2546 34 20 the
2504 2547 29 19 As
2544 2547 34 18 the
2594 2547 61 17 storm
2667 2545 102 19 increased

2341 2573 20 19 in
2372 2573 47 24 fury
2429 2572 38 20 and
2479 2573 34 19 the
2523 2573 61 19 flakes
2594 2572 79 19 became
2683 2571 87 25 emiller,

2341 2599 47 20 each
2399 2599 22 19 of
2431 2599 35 19 the
2476 2599 31 25 icy
2523 2598 96 26 particles
2636 2598 101 24 apprarid
2749 2605 21 12 as

2342 2632 10 12 a
2363 2625 83 25 trailing
2456 2625 43 20 blaz
2501 2621 3 29 1
2504 2632 6 12 ?
2519 2625 23 19 of
2551 2624 81 26 ghostly
2642 2621 60 23 white
2713 2624 57 25 light,

2341 2652 38 19 and
2399 2652 34 20 the
2443 2653 55 18 noise
2513 2651 99 26 proluced
2632 2651 26 25 by
2669 2650 34 19 the
2720 2654 38 16 con-

2341 2681 56 17 stant
2406 2679 81 20 electric
2500 2677 115 27 explosions
2633 2677 100 27 convryjd
2745 2684 23 13 an

2341 2705 116 25 impress-ion
2478 2704 22 19 of
2516 2704 90 19 nature's
2622 2710 67 19 power
2706 2704 63 20 which

2341 2731 125 20 Lieutenant
2481 2730 70 26 Finley
2566 2730 40 20 will
2695 2730 74 26 forget.

2342 2758 65 19 When
2419 2757 33 20 the
2463 2759 60 17 storm
2533 2763 39 13 was
2582 2759 21 16 at
2614 2756 27 20 its
2652 2756 68 26 height
2730 2757 38 20 and

2340 2784 47 20 each
2399 2784 11 19 fl
2418 2784 31 19 ike
2459 2784 22 19 of
2490 2790 54 13 snow
2560 2790 40 13 was
2610 2782 42 21 like
2669 2790 11 13 a
2690 2784 50 25 drop
2751 2784 20 19 of

2341 2811 39 24 fire,
2400 2810 79 21 electric
2500 2809 72 22 sparks
2588 2817 52 12 were
2659 2810 75 20 shaken
2749 2810 19 19 in

2340 2839 84 18 streams
2443 2836 51 19 from
2505 2836 35 19 the
2553 2836 132 20 lieutanant's
2704 2836 63 26 finger

2340 2864 46 24 tips,
2406 2870 21 13 as
2443 2863 41 19 well
2495 2869 21 13 as
2533 2862 53 20 from
2601 2862 31 20 his
2642 2869 51 17 ears,
2707 2863 60 20 beard

2339 2890 38 20 and
2388 2897 53 15 nose,
2452 2888 37 21 and
2500 2896 11 13 a
2522 2895 53 14 wave
2590 2888 21 21 of
2622 2888 30 21 his
2662 2896 51 13 arms
2730 2896 37 12 was

2339 2916 40 20 like
2386 2916 33 19 the
2429 2922 64 19 sweep
2504 2915 21 20 of
2532 2915 83 26 flaming
2625 2916 142 19 sword-blades

2339 2942 85 24 through
2436 2942 33 19 the
2479 2942 35 22 air,
2529 2949 60 19 every
2608 2943 58 23 point
2676 2942 22 19 of
2713 2949 54 12 snow

2338 2969 82 20 touched
2432 2968 68 26 giving
2515 2970 37 19 out
2562 2968 27 21 its
2600 2968 54 21 little
2669 2975 49 18 snap
2726 2968 37 20 and

2338 2995 48 20 flash
2410 2995 21 20 of
2455 2994 64 26 light.'
2554 2996 43 19 The
2621 2995 144 25 phenomenon,

2337 3021 76 26 though
2432 3021 69 20 rather
2519 3028 51 16 iare,
2586 3021 16 20 is
2613 3022 26 24 by
2659 3028 25 13 no
2700 3027 65 13 means

2337 3055 42 13 new
2389 3050 21 17 to
2423 3047 167 27 meteorologists,
2601 3048 16 19 it
2634 3048 72 25 having
2718 3047 45 20 been

2337 3074 93 21 recorded
2450 3075 75 19 ssveral
2540 3074 59 21 times
2622 3074 77 21 before.
2734 3073 30 25 By

2336 3107 53 14 some
2407 3100 83 21 authors
2507 3102 17 19 it
2534 3108 63 13 seems
2612 3102 22 18 to
2652 3100 48 19 have
2715 3099 48 20 been

2335 3128 77 19 treated
2424 3134 21 13 as
2455 3135 12 12 a
2476 3130 43 17 sort
2533 3128 21 19 of
2574 3128 187 25 phosphorescence,

2335 3154 37 19 but
2382 3153 16 20 if
2408 3153 125 21 Lieutenant
2542 3153 89 27 Finley's
2641 3152 121 25 descript'on

2335 3182 14 17 is
2361 3182 83 23 correct,
2455 3180 56 21 there
2521 3188 37 13 can
2570 3181 24 19 be
2610 3187 25 12 no
2645 3178 63 20 doubt
2719 3178 44 20 that

2333 3207 48 20 each
2399 3206 51 20 flake
2464 3214 40 13 was
2514 3206 92 26 charged,
2624 3206 21 19 in
2655 3204 41 21 this
2712 3212 51 16 caje,

2335 3233 47 20 with
2393 3235 60 18 ctatic
2463 3233 117 25 electricity.

2421 3293 69 20 NEW
2504 3291 161 22 AUSTRALIA.

2359 3347 35 19 Mr
2419 3346 80 21 Gilbert
2518 3347 69 23 Casey,
2602 3345 61 22 agent
2685 3343 22 19 of
2728 3343 33 20 the

2334 3373 49 19 New
2395 3373 104 20 Australia
2507 3372 121 23 settlement,
2636 3369 43 19 who
2690 3369 16 20 is
2718 3376 43 13 now

2333 3400 18 19 in
2515 3399 34 19 has
2564 3398 48 18 been
2631 3396 129 20 interviewed

2333 3426 25 25 by
2369 3433 11 12 a
2389 3425 157 26 representative
2553 3423 21 19 of
2584 3423 34 19 the
2628 3422 72 20 Times.
2729 3423 32 19 ITe

2332 3452 42 20 said
2385 3452 32 19 the
2428 3451 82 26 original
2521 3449 121 23 settlement,
2660 3449 55 19 since
2726 3450 33 19 Mr

2334 3479 54 19 Lane
2398 3478 81 20 seceded
2491 3484 38 12 was
2540 3475 105 26 gradually
2656 3475 104 26 becoming

2332 3512 11 12 a
2353 3512 85 13 BUCCJBB.
2466 3503 32 20 All
2510 3503 34 19 the
2551 3505 79 20 reports
2641 3501 62 20 about
2713 3502 16 19 it
2740 3504 20 17 to

2331 3531 28 19 its
2370 3531 141 22 disadvantage
2521 3527 103 20 emanated
2638 3527 52 20 from
2703 3528 57 20 those

2333 3557 42 20 who
2386 3558 37 19 had
2434 3556 44 20 left.
2505 3555 64 19 There
2579 3560 51 13 were
2640 3555 39 19 350
2689 3555 71 30 people

2332 3584 63 23 there,
2414 3590 24 12 on
2456 3581 44 19 land
2511 3587 21 13 so
2548 3579 69 20 fertile
2633 3580 46 20 that
2689 3581 17 19 it
2721 3588 38 12 was

2332 3613 33 17 too
2374 3610 40 20 rich
2425 3612 20 16 to
2455 3613 52 19 grow
2516 3605 70 25 wheat,
2597 3607 38 19 and
2647 3607 21 19 in
2678 3614 12 12 a
2700 3607 50 19 benu

2331 3637 49 19 tiful
2399 3635 83 20 climate.
2510 3633 54 25 They
2579 3640 52 12 were
2641 3633 48 25 only
2704 3633 54 25 eight

2332 3663 55 19 miles
2397 3662 50 18 from
2463 3666 12 12 a
2485 3659 87 25 railway.
2600 3659 42 20 The
2662 3659 96 25 difficulty

2330 3689 22 19 of
2370 3686 45 21 food
2429 3685 72 25 supply
2522 3692 40 13 was
2582 3692 45 13 now
2649 3691 108 14 overcome.

2330 3715 55 24 They
2403 3719 51 19 grew
2471 3711 53 20 their
2534 3718 44 13 own
2593 3712 90 23 tobacco,
2700 3717 58 19 sugar

2330 3741 37 19 and
2379 3738 78 22 cereals,
2468 3738 57 19 made
2532 3738 53 20 their
2596 3746 44 12 own
2650 3739 60 19 boots
2720 3736 37 20 and

2330 3766 81 20 clothes,
2421 3765 52 18 carts
2483 3764 39 19 and
2531 3771 101 19 waggons,
2643 3766 39 18 and
2694 3762 62 20 would

2329 3799 47 13 soon
2397 3791 26 19 be
2444 3790 113 26 exporting.
2593 3791 69 26 Single
2682 3795 74 14 women

2330 3825 49 12 were
2389 3816 59 24 badly
2461 3817 84 20 wanted.

2832 130 58 19 THE
2900 130 148 21 PEASANT'S
3064 130 109 21 MEMORY.

2906 191 62 20 BYT.
2980 193 23 18 D.
3014 193 89 18 Exglish

2792 243 88 26 Strange
2901 244 76 19 fancies
2998 251 61 18 come,
3088 246 39 19 and
3150 248 59 25 vision;

2844 269 77 26 bright,

2791 295 28 19 As
2829 296 47 19 here
2887 296 11 19 I
2907 296 27 19 sit
2941 296 59 19 alone
3007 297 95 25 to-night.

2791 321 11 18 I
2812 321 47 19 look
2869 329 54 18 upon
2933 322 35 19 the
2978 325 44 23 past
3032 323 61 25 again

2791 346 28 19 As
2829 348 102 24 earnestly
2941 348 40 19 and
2991 348 49 19 fond
3050 355 21 12 as
3087 350 58 20 when

2791 372 26 19 In
2825 374 65 23 youth
2900 374 35 19 the
2943 374 62 19 world
3015 381 40 13 was
3063 375 39 19 fair
3113 376 66 22 before

2791 399 47 19 And
2847 406 60 13 azure
2917 400 54 19 skies
2981 407 51 12 were
3041 400 91 28 bending
3137 403 40 21 o'er
3184 399 3 29 •

2793 425 40 19 But
2843 426 54 19 what
2906 426 18 19 is
2934 429 52 16 most
2995 426 28 24 by
3032 433 89 19 memory
3130 421 79 33 scanilei

2790 450 48 20 And
2847 452 87 23 fondest,
2944 452 17 19 is
2972 459 12 12 a
2993 453 95 20 woman's
3097 454 62 21 hand.

2791 481 42 19 Tho
2843 483 58 24 taper
2910 482 82 26 fingers,
3003 481 154 29 creainy-hued;

2791 506 42 20 Tho
2840 508 58 23 nails,
2911 508 49 19 with
2968 515 46 19 rosy
3023 509 49 20 tints
3081 510 82 21 imbuod
3170 506 4 28 •

2790 533 43 19 Tho
2842 534 61 24 palm,
2914 534 29 24 by
2949 536 88 18 carmine
3042 536 76 19 flushes
3127 537 55 21 kiss't
3189 533 4 25 •

2791 559 42 19 Tho
2843 560 77 24 perfect
2929 561 106 25 moulding
3044 562 22 19 of
3074 562 35 19 the
3120 564 52 20 wrist
3178 557 15 29 •'

2791 585 42 19 The
2850 586 94 19 flexuous
2961 593 61 19 grace
3040 588 45 19 that
3101 595 65 21 wraps
3188 593 22 23 the

2843 612 71 23 whole,

2791 637 86 26 Making
2887 638 16 19 it
2913 638 61 20 index
2984 642 19 16 to
3015 640 34 19 the
3059 641 50 24 soul,

2791 663 59 21 Until
2859 664 12 19 I
2880 671 63 18 yearn
2953 665 45 19 that
3007 666 55 19 hand
3069 670 21 16 to
3103 675 66 19 grasp,

2793 689 45 20 And
2848 692 21 17 to
2878 697 35 18 my
2922 691 69 20 breast
2998 692 26 19 its
3033 699 67 14 owner
3108 694 62 26 clasp.

2789 721 47 19 And
2845 724 35 22 yet
2890 722 32 19 'tis
2932 730 45 13 now
2987 724 56 19 theso
3050 732 61 18 many
3120 733 62 19 years,

2789 746 33 20 An
2832 748 87 20 interval
2928 750 22 18 of
2959 750 57 25 sighs
3026 751 40 19 and
3075 753 59 23 tears,

2791 772 97 21 Wherein
2898 776 124 19 condemned
3032 777 57 19 alone
3099 780 21 17 to
3128 778 47 26 pine

2791 798 57 21 Since
2862 800 40 20 last
2920 801 46 20 that
2984 802 56 19 hand
3058 810 40 13 was
3116 804 69 26 placed
3198 808 12 22 in

2845 827 61 24 mine,

2790 852 62 25 Upon
2861 853 57 19 those
2928 853 56 20 locks
2993 854 54 20 since
3061 856 49 20 then
3128 857 35 20 tho
3181 866 29 16 wen

2790 878 103 26 Replaced
2902 879 35 19 the
2945 887 62 12 raven
3018 881 48 20 with
3076 882 33 20 the
3120 890 60 18 snow,

2789 904 48 20 And
2847 905 21 19 of
2873 905 26 19 its
2909 907 54 24 steps
2973 906 37 19 has
3018 907 37 20 left
3073 908 34 20 the
3118 911 53 19 trace

2790 930 26 19 In
2826 931 94 19 wrinkles
2930 938 26 13 on
2963 932 40 19 this
3014 934 96 20 withered
3120 936 48 20 face.

2790 964 46 19 Still
2846 965 49 20 lives
2905 965 42 24 she,
2958 967 22 18 in
2989 974 12 12 a
3011 967 79 26 foreign
3099 969 56 24 land,

2790 991 42 19 The
2842 991 48 25 lady
2900 992 22 19 of
2932 987 45 25 that
2986 1000 80 19 creamy
3074 995 56 19 hand
3136 997 9 18 ?

2791 1016 59 20 Have
2856 1024 38 19 ago
2901 1018 40 19 and
2947 1025 72 13 sorrow
3026 1021 80 19 seamed
3111 1021 37 21 her
3155 1016 56 28 brow'

2790 1042 22 19 Is
2822 1046 54 17 want
2885 1051 23 12 or
2917 1044 76 25 luxury
3003 1046 47 19 with
3061 1046 36 20 her
3106 1054 45 14 now
3158 1049 8 19 ?

2791 1068 59 20 Have
2867 1076 60 18 years
2945 1071 93 25 replaced
3062 1073 57 20 those
3137 1075 72 21 riuirlet;

2821 1095 4 30 _
2843 1095 71 25 bright

2791 1120 59 19 With
2864 1124 70 22 scanty
2943 1123 56 19 locks
3008 1124 22 19 of
3039 1124 73 26 silvery
3123 1127 58 19 white
3188 1129 8 19 ?

2791 1146 47 19 And
2852 1153 33 14 are
2895 1148 58 19 those
2963 1155 45 19 eyes
3019 1150 21 19 of
3049 1150 60 21 violet
3120 1152 47 20 blue

2791 1172 99 27 Changed
2899 1177 21 16 to
2931 1181 12 12 a
2953 1175 41 19 dim
3003 1176 40 19 and
3053 1177 63 20 ashen
3126 1179 52 20 hue?

2793 1206 129 22 Condemned
2933 1209 36 19 her
2979 1210 85 20 father's
3071 1211 47 21 land
3128 1216 21 17 to
3156 1214 36 25 till,

2792 1233 42 19 The
2845 1234 109 26 plaything
2963 1236 22 18 of
2994 1236 36 19 her
3040 1237 61 21 whine
3123 1240 40 19 and
3179 1242 32 22 will,

2793 1259 134 25 Uncultured,
2937 1267 56 19 poor,
3001 1262 20 19 in
3032 1270 83 14 manner
3123 1266 54 23 rude,

2792 1284 49 21 Low
2851 1285 58 21 down
2919 1287 89 20 beneath
3017 1289 37 19 her
3068 1292 52 18 state
3135 1291 12 19 I
3163 1294 48 21 stood.

2793 1310 56 26 Why
2857 1313 73 19 snould
2941 1313 11 19 I
2960 1313 47 20 dare
3018 1317 20 17 to
3047 1316 52 20 raise
3108 1324 34 18 my
3155 1325 42 18 eyes

2792 1337 16 18 T
2816 1344 5 11 >
2831 1344 38 13 one
2878 1339 22 18 in
2909 1339 51 20 such
2969 1346 26 13 an
3005 1341 61 25 angel
3076 1343 65 24 guise.

2793 1362 62 21 Much
2862 1364 40 19 less
2910 1365 25 19 be
2945 1366 48 19 bold
3003 1368 20 17 to
3033 1374 55 19 press
3097 1376 34 17 my
3141 1370 38 26 lips

2793 1389 61 26 Upon
2862 1390 58 20 those
2930 1398 47 19 rosy
2982 1393 66 25 finger
3057 1394 40 26 tips
3105 1395 9 19 ?

2792 1423 47 20 And
2848 1428 35 21 yet
2892 1425 36 20 she
2941 1426 59 20 loved
3010 1433 31 13 me
3050 1434 54 18 once,
3116 1429 12 20 I
3137 1437 74 15 sweir-

2792 1450 48 20 This
2851 1451 48 26 lady
2907 1458 71 20 young
2987 1453 41 19 and
3037 1453 114 24 debonaire.

2792 1476 90 21 Thrilled
2892 1480 21 17 at
2923 1485 34 18 my
2967 1479 69 26 loving
3042 1480 81 25 glances
3134 1485 62 24 much,

2792 1502 46 20 And
2843 1503 87 21 blushed
2937 1505 40 19 and
2984 1506 98 21 trembled
3089 1511 20 16 at
3115 1515 34 19 my
3153 1502 58 32 touch:

2792 1528 43 21 Nor
2845 1529 89 27 thought
2943 1531 36 19 she
2987 1531 48 21 then
3045 1533 21 20 of
3083 1533 52 29 high
3151 1536 60 21 do-*r«

2791 1555 47 20 And
2847 1557 129 26 many-titlod
2984 1560 97 26 ancestry.
3177 1553 11 10 °

2793 1581 42 21 One
2845 1582 46 27 sigh
2901 1583 53 21 from
2963 1583 37 21 her
3010 1591 48 20 poor
3067 1587 122 29 worshipper

2793 1606 50 23 Was
2854 1609 64 21 worth
2928 1610 32 20 far
2970 1617 54 14 more
3034 1611 49 22 than
3090 1613 57 22 these
3153 1621 20 15 to
3182 1616 29 23 kor,

2793 1639 40 22 Slio
2843 1642 83 21 weddod
2937 1644 49 20 with
2996 1650 12 14 a
3017 1644 64 22 baron
3090 1646 55 26 bold,

2793 1666 26 21 Of
2828 1674 12 14 a
2849 1669 65 25 proud
2923 1669 87 27 lineage,
3022 1671 42 21 rich
3074 1674 39 20 and
3123 1666 44 35 old;

2793 1693 39 21 She
2842 1696 92 24 queened
2944 1696 16 21 it
2969 1697 21 20 in
2998 1704 12 13 a
3019 1697 52 27 lofty
3080 1700 48 25 hall,

2792 1720 59 21 With
2860 1722 78 20 vassals
2948 1725 21 18 at
2979 1723 36 20 her
3024 1724 50 21 beck
3083 1727 41 20 and
3134 1720 47 34 call;

2791 1747 47 20 And
2848 1750 39 23 yet,
2897 1750 116 24 perchance,
3026 1753 20 17 at
3055 1752 58 21 times
3123 1755 37 19 her
3168 1756 43 22 mind

2794 1773 61 20 Went
2864 1775 56 20 forth
2930 1778 20 17 to
2960 1783 38 12 one
3007 1777 36 20 she
3052 1778 37 21 left
3099 1780 81 26 behind,

2793 1800 59 20 With
2861 1802 66 19 whom
2935 1802 16 19 it
2961 1809 40 14 was
3010 1803 37 20 her
3056 1808 53 17 wont
3118 1810 20 16 to
3148 1814 44 14 rovo

2792 1826 25 19 In
2827 1834 72 19 grassy
2908 1828 41 19 doll
2958 1836 23 13 or
2990 1830 76 21 shaded
3075 1839 69 19 grove.

2792 1860 41 20 Sits
2842 1862 36 20 sho
2885 1863 72 25 to-day
2967 1870 22 13 as
3003 1865 47 19 hdre
3058 1866 11 18 I
3080 1867 26 19 sit

2791 1887 29 20 To
2827 1894 32 13 see
2869 1889 35 19 tho
2911 1892 46 23 past
2967 1890 69 20 before
3046 1891 36 21 her
3088 1893 59 20 flit—

2791 1913 30 20 Its
2831 1920 74 20 scenes,
2915 1922 22 13 so
2943 1917 45 19 well
2998 1919 143 26 remembered,
3152 1927 44 20 pass

2791 1940 51 19 Liko
2852 1941 70 26 things
2933 1943 70 19 within
3014 1943 34 20 the
3058 1946 65 25 magic
3134 1947 58 26 glass,

2792 1965 27 20 Or
2829 1966 37 19 has
2875 1967 43 24 she,
2928 1969 21 18 at
2958 1969 41 19 this
3008 1969 46 26 day,
3065 1972 68 25 forgot

2791 1992 45 19 Hor
2843 1993 56 20 lover
2907 1994 21 19 in
2946 2001 12 13 a
2967 1995 94 21 humbler
3069 1997 28 20 lot
3106 1999 8 19 ?

2791 2018 148 21 Whichever't
2949 2021 22 24 is,
2981 2028 22 13 so
3012 2022 28 20 let
3048 2023 16 19 it
3074 2023 25 20 bo
3106 2031 5 17 ;

2791 2044 53 20 That
2854 2045 54 20 hand
2918 2049 22 17 at
2946 2047 52 20 least
3007 2049 87 20 remains
3103 2053 22 18 to
3134 2058 38 13 me.

2845 2103 19 19 A
2879 2103 139 22 WOMAN'S
3030 2105 75 23 CURE
3114 2108 57 21 FOR

2900 2129 207 25 LARRIKINISM.

3005 2166 11 15 *
3046 2166 14 15 ''

2816 2185 24 21 In
2852 2185 116 26 Osbalccsa,
2980 2188 20 19 in
3013 2188 87 26 Kansas,
3112 2191 48 27 they
3170 2192 40 24 have

2789 2218 11 13 a
2820 2213 80 20 method
2914 2213 22 20 of
2954 2214 82 27 dealing
3062 2217 48 20 with
3130 2220 80 24 naught}

2789 2238 54 28 boys.
2873 2240 41 20 For
2923 2247 59 19 years
2993 2241 34 21 the
3036 2249 70 21 young
3113 2246 72 26 roughs
3196 2247 14 21 of

2789 2265 34 21 the
2834 2266 56 25 place
2909 2266 38 20 had
2968 2267 49 21 been
3038 2268 82 23 allowed
3139 2275 21 17 to
3178 2273 32 21 loaf

2789 2292 61 20 about
2859 2293 34 20 the
2904 2296 73 17 streets
2992 2296 22 18 at
3033 2296 63 24 night,
3113 2300 39 19 and
3173 2300 37 26 they

2789 2320 33 18 cut
2832 2319 26 19 all
2867 2322 52 18 sorts
2929 2319 23 21 of
2961 2327 77 20 capers,
3049 2323 48 20 such
3107 2331 25 13 a*
3140 2327 70 25 moving

2789 2345 55 25 signs
2857 2345 50 21 from
2918 2353 38 13 one
2967 2347 55 25 place
3033 2350 20 17 to
3071 2351 90 25 another,
3179 2355 30 18 anJ

2789 2371 74 26 rolling
2872 2373 131 25 grindstones
3011 2374 51 21 from
3073 2376 34 21 the
3126 2378 56 21 front
3196 2381 14 19 of

2789 2397 103 23 hardware
2902 2402 65 18 stores
2975 2402 21 17 to
3007 2401 78 25 private
3103 2404 107 23 residence!,

2791 2425 17 17 A
2827 2426 147 25 proclamation
3003 2434 41 13 was
3062 2428 112 30 issued-by
3185 2432 25 22 the

2789 2451 47 24 Ciiy
2854 2453 84 20 Council
2964 2455 140 25 commanding
3125 2458 26 20 all
3172 2459 38 25 bayi

2789 2478 64 20 under
2864 2480 24 18 18
2899 2486 59 19 years
2973 2479 23 20 of
3012 2486 36 20 age
3057 2484 21 17 to
3095 2483 24 20 be
3138 2485 30 20 off
3185 2486 25 21 the

2789 2505 74 19 streets
2873 2508 22 18 nt
2904 2507 57 24 eight
2970 2505 77 21 o'clock
3057 2508 20 19 in
3092 2510 34 20 the
3136 2512 74 27 evening

2789 2531 66 19 under
2866 2533 83 24 penalty
2969 2533 24 20 of
3011 2538 70 17 arrest.
3109 2537 53 21 Now
3179 2545 31 19 you

2789 2560 73 17 cannot
2874 2559 39 19 find
2925 2567 11 12 a
2947 2559 38 26 boy
2994 2559 19 19 in
3025 2560 33 20 the
3076 2565 73 19 streets
3167 2566 43 19 after

2789 2584 45 19 that
2853 2585 55 20 hour.
2939 2587 41 19 But
3000 2586 38 20 this
3066 2593 57 20 great
3146 2592 64 21 reform

2789 2616 40 13 was
2841 2614 34 16 not
2883 2613 146 25 accomplished
3038 2615 50 20 until
3106 2617 104 22 Oskaloosa

2789 2636 37 20 had
2847 2637 69 24 placed
2943 2639 58 20 itself
3028 2641 64 20 under
3121 2645 88 23 petticoat

2789 2667 139 20 government,
2960 2665 33 21 for
3017 2667 35 19 the
3083 2675 68 21 mayor
3179 2672 30 19 and

2788 2690 120 21 councillors
2936 2692 22 20 of
2987 2693 46 19 that
3058 2694 56 26 place
3137 2703 36 15 are
3189 2697 21 21 all

2789 2722 81 15 women.

2788 2781 19 20 A
2822 2782 215 25 WELL-KNOWN
3056 2789 154 25 ANARCHIST

2919 2812 156 21 ARRESTED.

2813 2852 132 23 Desperate
2956 2863 112 16 struggle
3078 2865 58 15 with
3146 2868 43 14 the

2956 2889 82 16 rcr.icE.

2812 2905 42 21 The
2864 2907 110 22 individnal
2983 2909 72 22 known
3063 2912 26 21 bv
3097 2913 34 21 the
3140 2913 68 22 aoubri.

2792 2933 71 24 luetof
2881 2934 71 21 ''Petit
3119 2940 43 20 who
3177 2941 31 20 had

2792 2964 42 14 >oen
2855 2960 82 25 pointed
2967 2966 36 17 out
3028 2972 21 13 as
3075 2965 73 27 having
3173 2968 33 19 left

2791 2985 78 21 [jondoi,
2881 2987 32 20 for
2921 2988 83 23 Franco,
3024 2990 48 21 with
3092 2992 33 21 the
3135 2994 72 26 allegod

2793 3014 93 19 ntention
2897 3014 23 20 of
2930 3016 146 26 assassinating
3087 3018 34 21 the
3137 3020 71 21 French

2790 3037 106 26 President,
2909 3041 35 20 has
2955 3042 49 20 been
3015 3044 91 21 arrested
3116 3046 21 19 in
3151 3047 52 20 Paris

2790 3064 27 20 :Ie
2827 3072 39 13 was
2877 3067 60 20 taken
2949 3067 44 21 into
3003 3071 84 25 custody
3097 3071 20 20 in
3132 3079 12 14 a
3164 3074 44 20 winfl

2789 3090 44 27 ihop
2841 3099 21 12 as
2874 3092 24 20 he
2909 3101 39 13 was
2963 3096 86 26 reading
3068 3104 11 13 a
3097 3105 111 21 newspaper

2789 3118 112 27 jontaining
2908 3121 34 19 the
2951 3122 70 20 article
3028 3123 62 21 about
3097 3124 47 21 him.
3172 3127 36 20 The

2789 3150 37 13 nan
2838 3144 38 20 had
2885 3146 45 25 just
2939 3148 40 20 laid
2995 3149 35 19 the
3048 3150 81 26 journal
3148 3152 59 26 down,

2788 3169 41 20 vith
2848 3171 34 21 the
2901 3174 134 21 exclamation
3063 3178 21 19 to
3109 3185 11 12 a
3146 3185 62 20 young

2788 3202 69 15 votnati
2874 3199 44 21 who
2932 3208 40 13 was
2988 3203 68 19 seited
3075 3206 22 17 at
3116 3204 30 21 his
3165 3206 43 26 side,

2853 3226 65 24 police
2937 3234 33 14 are
2987 3229 53 20 after
3057 3236 35 18 me,
3113 3238 22 13 so
3154 3233 11 19 I
3182 3240 26 13 am

2787 3256 46 14 lone
2909 3253 56 20 when
2980 3261 11 13 a
3000 3255 52 20 hand
3072 3263 39 14 was
3127 3258 41 21 laid
3186 3265 22 14 on

2787 3275 24 21 lis
2827 3278 67 21 collar.
2924 3281 55 19 Petit
2998 3281 106 22 Bordeaux
3123 3286 85 24 engaeed

2791 3310 10 11 n
2812 3310 12 12 a
2834 3304 80 22 furious
2923 3307 92 24 struggle
3024 3308 47 20 with
3090 3310 35 21 the
3142 3315 66 22 agents

2788 3329 15 19 >f
2815 3330 33 20 the
2859 3331 42 25 iaw,
2914 3333 37 19 but
2961 3333 24 19 he
2993 3340 38 13 was
3042 3341 48 14 soon
3107 3338 101 25 mastered,

2788 3355 32 20 md
2836 3364 38 12 was
2894 3359 101 24 conveyed
3021 3362 21 18 to
3070 3362 35 20 the
3130 3368 77 16 nearest

2788 3383 74 25 itation,
2883 3385 38 19 and
2942 3385 78 23 therce,
3040 3387 47 21 with
3106 3395 12 14 a
3143 3392 65 24 strong

2787 3411 65 21 iscort,
2863 3413 20 15 to
2895 3411 33 19 the
2939 3411 123 23 Prefecture.

2824 3435 23 20 he
2857 3437 39 18 real
2908 3444 58 13 name
2975 3438 23 19 of
3008 3440 54 20 Petit
3072 3441 105 22 Bordeaux
3191 3444 16 19 is

2786 3468 78 18 sagnac.
2893 3463 33 19 He
2935 3463 17 20 is
2963 3471 11 12 a
2986 3465 69 21 native
3066 3468 22 18 of
3098 3468 34 20 the
3143 3475 64 20 sunny

2786 3488 61 23 south,
2859 3489 38 18 and
2909 3489 16 20 is
2937 3491 26 18 2i
2980 3498 58 17 years
3058 3494 22 19 of
3097 3502 44 18 age.
3169 3496 38 19 The

2785 3515 72 23 jreater
2868 3517 45 21 part
2923 3516 23 19 of
2956 3516 29 20 his
2995 3517 35 21 life
3041 3519 35 20 has
3087 3521 50 19 been
3151 3524 56 24 spent

2787 3547 9 11 n
2805 3540 56 19 P.iris
2871 3540 48 20 with
2930 3542 30 19 his
2971 3545 84 24 mother,
3066 3553 11 13 a
3083 3549 122 24 respectable

2784 3566 31 18 md
2835 3566 151 29 hard-working
3007 3578 83 19 woman,
3109 3574 42 24 but,
3172 3581 23 13 an-

2787 3594 120 24 ortunately,
2927 3595 24 20 he
2979 3597 56 25 early
3064 3598 79 22 became
3162 3608 44 13 cm«

2786 3619 98 20 aminated
2896 3621 48 19 with
2961 3623 108 21 Anarchist
3087 3625 61 24 ideas,
3168 3627 37 19 and

2783 3645 46 19 ifter
2843 3645 24 20 he
2886 3646 38 20 had
2941 3648 69 21 drawn
3025 3649 32 21 his
3076 3653 86 19 number
3175 3653 31 20 for

2782 3671 28 18 ;he
2820 3677 55 19 army
2886 3672 24 20 he
2919 3673 135 26 disappeared
3073 3678 69 20 rather
3156 3679 48 20 than

2782 3703 49 13 ierve
2847 3698 48 19 with
2914 3699 36 20 the
2967 3702 71 20 colors.
3065 3703 95 24 Latterly
3182 3705 23 20 he

2782 3722 31 20 lad
2824 3724 77 20 resided
2912 3726 21 19 in
2953 3727 92 25 London,
3064 3730 40 20 and
3125 3728 27 23 he'
3167 3731 38 20 had

2781 3756 49 13 ;ome
2846 3752 21 17 to
2889 3752 55 21 Paris
2962 3756 20 17 to
3002 3755 56 20 fetch
3075 3756 34 20 the
3125 3757 39 25 girl
3185 3758 20 19 in

2781 3775 59 20 vhose
2850 3783 99 23 company
2959 3779 25 20 be
2995 3788 39 13 was
3044 3785 22 17 at
3074 3782 35 20 the
3119 3787 87 17 moment

2780 3801 16 19 •>f
2817 3801 29 20 his
2862 3806 72 18 arrest.
2963 3806 33 20 He
3016 3815 39 12 waß
3074 3811 20 17 to
3109 3809 49 21 have
3177 3817 20 13 to-

2780 3829 68 19 -urned
2856 3831 21 18 to
2894 3831 94 25 England
3008 3834 20 19 in
3045 3841 12 13 a
3075 3835 38 26 day
3122 3843 24 13 or
3163 3839 43 19 two.

2779 3854 24 18 As
2813 3854 39 20 will
2864 3856 49 21 have
2932 3858 51 20 been
3000 3867 53 17 seen,
3071 3861 78 26 Sagnac
3166 3863 37 20 had

2779 3886 21 13 10
2820 3881 81 27 designs
2920 3891 26 13 on
2964 3886 34 19 the
3015 3886 35 20 life
3071 3887 21 20 of
3109 3888 30 20 M.
3149 3889 57 20 Felix

2779 3907 66 24 I'aure,
2858 3910 39 19 and
2907 3910 36 20 has
2961 3912 72 25 simply
3049 3913 49 20 been
3116 3916 89 19 arrested

2778 3933 27 19 for
2816 3935 108 22 desertion.
2953 3938 33 19 lie
2997 3939 46 24 will,
3059 3940 105 26 probably,
3181 3942 24 20 be

2777 3960 87 22 snrolled
2880 3962 21 20 in
2920 3971 38 12 one
2977 3964 22 19 of
3019 3965 34 20 the
3074 3967 130 22 punishment

2777 3992 55 20 coips
2843 3988 19 20 in
2878 3989 88 26 Algeria,
2977 3990 65 21 where
3053 3991 35 21 the
3102 3992 105 27 discipline

2777 4013 15 19 is
2801 4015 131 25 exceedingly
2940 4023 74 14 severe.

1086 65 57 20 THE
1157 64 59 21 HOT
1231 66 93 20 LAKES
1340 64 174 25 CHRONIGLF,
1530 64 192 26 WKDNES::AY,
1752 66 75 22 JULY
1843 68 33 25 17,
1890 69 58 24 15-95,

2798 4081 73 19 Printed
2882 4084 34 17 and
2927 4084 92 21 published
3037 4085 27 16 for
3080 4086 30 16 the
3117 4088 85 20 proprioto

2797 4105 19 14 at
2831 4104 26 16 his
2879 4105 95 19 registered
2979 4105 79 21 printing
3063 4107 47 16 office
3124 4108 77 18 Rotorua

2797 4124 23 22 fcy
2827 4125 58 18 Peect
2896 4127 58 16 Jakes
2964 4127 99 21 Hamkond,
3075 4129 19 16 of
3100 4128 85 20 Rotorua.

2819 4157 162 24 WEDNESDAY,
2989 4158 69 23 JULY,
3068 4160 26 21 17,
3104 4160 49 20 1895.

72 1260 271 31 WMULcbALt
366 1261 181 35 AGhNTS,

373 1302 50 38 L.
451 1301 53 39 D.
533 1302 262 39 NATHAN
821 1305 113 39 &Co.

93 1387 55 23 Under
159 1388 17 22 th
196 1388 127 26 distinguished
332 1389 92 26 Patronage
435 1388 18 23 of
461 1388 26 23 his
498 1389 100 27 Excellency
609 1390 28 22 the
647 1390 84 23 Governor
738 1392 27 21 the
776 1392 37 21 Earl
823 1392 18 21 of
846 1392 73 24 Onslow,

136 1485 137 69 HOT
304 1485 302 69 SPRINGS
649 1488 252 79 HOTEL,

256 1587 124 48 TE
413 1587 361 51 HRGHH.

111 1683 54 26 Tlie
188 1685 58 25 best
266 1684 129 31 Situated,
415 1685 46 25 the
483 1686 67 24 most
573 1686 186 31 Comfortable,
785 1687 45 25 tbe
857 1687 58 26 best

292 1719 143 32 appointed
449 1719 79 24 Hotel
540 1727 29 17 111
578 1721 34 24 Te
625 1721 96 25 Aroha.

72 1759 139 34 .Adjoins
239 1759 75 34 (with
337 1761 114 31 Private,
467 1760 140 35 Entrance)
628 1764 44 24 the
697 1764 125 25 Thermal
848 1764 109 33 Springs

68 1790 120 33 Domain,
204 1795 93 24 Tennis
310 1796 81 24 Court
400 1795 28 24 in
441 1793 119 27 Domain.

251 1860 94 25 Terms
346 1862 63 23 —6s
420 1869 46 23 per
479 1859 57 34 day,
555 1863 45 23 30s
619 1870 45 24 per
682 1870 38 17 we
723 1863 32 24 ok

172 1925 54 40 H.
252 1926 220 48 KNOCK,
548 1946 13 11 -
611 1949 14 9 -
674 1927 282 49 Proprietor.

70 2004 3 31 .
91 2004 43 21 Tlio
143 2005 64 20 Baths
217 2007 39 18 and
271 2007 96 25 drinking
386 2009 72 17 waters
475 2014 33 13 are
527 2009 107 25 especially
653 2009 112 20 efficacious
784 2010 21 19 in
823 2009 68 26 Gouty
914 2018 13 12 n

65 2030 121 21 Uheumatic
195 2032 109 20 affections.
313 2033 77 24 Cronic,
402 2033 119 26 Dyspepsia,
538 2035 106 19 Disorders
663 2036 21 18 of
701 2036 36 19 tlie
755 2036 90 25 Urinery
863 2037 28 19 Or
900 2042 57 20 gans,

66 2058 115 19 Cutaneous
192 2058 97 25 Diseases,
310 2059 82 26 Splenic
409 2060 41 19 and
460 2060 86 26 Hepalic
556 2061 114 24 Disorders,
689 2062 96 20 Diseases
804 2062 40 20 due
854 2065 20 17 ot
883 2063 76 20 Excess

68 2081 87 28 Acidity,
166 2084 119 26 Neuralgia,
301 2085 92 20 Sciatica.

172 2136 72 19 Public
254 2136 49 20 Hall
324 2137 40 19 and
383 2137 82 26 Sample
482 2138 65 19 Room
557 2140 108 19 connected
677 2140 49 20 with,
736 2140 35 20 the
782 2140 69 19 Hotel.

74 2195 514 50 SPECIAL
648 2200 306 47 sale

120 2324 192 46 Cutlery,
338 2325 257 44 Hardware,
622 2329 288 42 Brasswares,

210 2378 149 35 House
378 2378 279 49 Furnishing-
673 2383 143 35 Goods

350 2430 54 32 (in
416 2431 99 32 great
527 2432 147 34 variety)

71 2466 155 37 Nickle
252 2468 87 35 and
366 2468 97 35 E.P.
491 2471 165 44 Spoons
693 2473 88 35 and
816 2473 139 35 Forks

371 2531 95 38 E.P.
496 2531 155 37 Cruets

210 2590 86 35 Tea
322 2590 115 42 Pots,
465 2592 153 35 Butter
649 2593 158 36 Dishes

72 2640 102 38 Jam
194 2642 163 45 Spoons
614 2646 158 35 Butter
790 2647 165 37 Knives

331 2696 146 44 Sugar
527 2696 148 47 Tongs

251 2753 80 33 etc.
475 2754 77 38 eto,
698 2757 80 33 etc®

243 2827 21 38 -J
265 2827 118 38 Hfl*l
592 2827 255 38 aIiiITOCT

119 2903 250 47 CT.&cCT.

284 2962 94 42 234,
413 2964 147 43 Queen
597 2969 151 39 Street.

117 3031 84 71 E,
216 3031 397 74 EOBEBf
618 3034 307 76 SOM'S.

79 3173 582 74 COACHING
691 3178 269 71 LINE

265 3310 533 51 BETWEEN

193 3425 267 53 Eotorua
496 3430 117 51 and
646 3432 213 65 Taupo.

317 3708 377 41 _THURHNGH

79 3739 92 39 Sinitir
189 3740 48 39 and
255 3739 114 52 Carriage
391 3743 104 47 Works,
525 3746 80 40 Coacli
633 3749 48 38 and
711 3748 111 52 Waggon
856 3749 101 52 Factory

280 3803 214 33 ESTABLiSHEJ)
510 3807 80 20 OVER
607 3808 26 21 10
648 3809 107 24 YEARS.

95 3847 37 16 The
140 3848 114 21 undersigned
263 3855 29 11 are
300 3851 139 16 manufacturers
447 3853 18 16 of
473 3854 23 15 all
504 3854 61 17 classes
573 3856 18 15 of
600 3855 80 17 Vehicles
689 3857 13 15 &
711 3857 121 20 Agricultural
840 3858 112 19 Implements

96 3871 37 13 Our
142 3871 108 15 well-known
259 3874 98 18 reputation
365 3878 19 10 as
392 3873 86 17 Practical
491 3874 101 19 Meclianica
607 3878 35 15 and
655 3877 59 17 W.P's
726 3880 20 15 27
762 3884 50 14 years
823 3880 100 18 experience
941 3881 16 16 ia

75 3891 29 15 the
113 3891 117 16 Australasian
238 3892 84 21 Co.omes,
330 3895 64 19 justiiy
402 3900 20 10 us
430 3895 18 16 in
464 3895 82 21 claiming
558 3899 38 15 that
611 3904 26 10 we
652 3904 32 10 can
698 3900 69 15 furnish
782 3906 10 10 a
808 3900 56 16 better
879 3901 43 16 class
940 3904 17 14 of

73 3916 17 11 T<
91 3925 24 16 Vi
139 3916 15 25 £>'
162 3914 93 15 cons'stent
263 3914 41 16 with
311 3915 62 16 honest
381 3916 47 16 work
437 3918 19 14 at
463 3922 11 10 a
482 3917 73 20 cheaper
565 3921 37 14 rato
610 3920 41 15 than
661 3926 34 14 any
703 3921 19 15 of
729 3926 32 10 our
769 3922 116 19 competitors.

96 3935 103 14 Ihelublic
206 3935 35 14 will
252 3935 35 16 find
296 3937 13 14 it
321 3938 16 13 to
352 3937 45 15 their
412 3937 99 21 advantage
525 3940 18 14 to
558 3940 149 18 ENCOURAGE
726 3942 80 16 LOCAL
825 3942 125 18 INDUSTRY

71 3956 57 13 where
139 3956 41 18 ttiey
191 3960 31 10 can
231 3956 42 16 have
280 3956 28 17 the
315 3958 78 19 pleasure
401 3959 18 15 cf
426 3959 60 21 seeing
500 3960 91 17 first-class
606 3963 78 16 material
696 3963 35 16 and
748 3964 126 20 workmanship
890 3967 32 17 put
936 3967 15 14 ir

70 3975 78 16 Vehicle*
155 3975 49 16 made
212 3978 18 13 to
237 3976 45 16 their
287 3978 62 16 valued
357 3979 64 16 orderfi.

70 3995 66 37 to^iew'
138 3996 100 18 -Vebil:leS
245 4003 10 10 °
257 3998 6 16 f
269 3998 23 16 all
301 3999 53 16 de3ori
356 4006 11 15 P
369 4000 45 17 tious
424 4002 85 20 repaired,
520 4003 77 20 painted,
608 4005 93 16 renovated
711 4007 34 15 and
755 4007 49 15 made
820 4008 18 14 to
853 4007 39 17 look
909 4014 43 15 cqua

63 4062 202 31 WILLIAM
284 4067 184 35 PARKER,
489 4073 257 35 Coachbuilder.

418 4108 139 27 JAMES
576 4111 134 33 HAUA,
731 4113 214 29 Blacksmith

322 4139 149 19 DEVONPORT
482 4141 73 20 ROAD,
569 4142 121 19 TAURANG
695 4145 18 16 X.

1018 120 76 17 DVICE,
1115 119 150 15 PERSONALLY
1282 120 30 15 OR
1323 120 30 15 BY
1364 119 39 15 LET-

1156 138 51 19 TER,
1218 139 65 15 FREE.

999 178 37 14 DR.
1052 177 56 15 NEIL
1118 177 31 15 has
1165 178 75 17 pleasure
1254 178 18 15 in
1287 178 92 18 informing
1392 177 25 15 liis

979 198 72 18 patrons
1058 197 33 16 ar.d
1099 197 28 15 the
1134 197 58 19 public
1198 197 37 14 that
1246 197 20 16 he
1273 198 30 15 has
1313 197 68 16 secured
1388 197 29 15 the

979 216 68 16 services
1054 217 19 14 of
1082 221 10 10 a
1098 217 93 18 competent
1198 221 79 14 manager
1287 218 28 14 for
1325 217 25 15 his
1360 216 45 16 Auck-

980 235 39 15 land
1037 235 80 19 business,
1134 235 56 16 whose
1207 235 69 16 midical
1293 236 74 18 training
1384 235 32 15 and

979 255 72 20 hospital
1065 256 96 17 experience
1172 255 67 15 enables
1256 256 34 14 li!m
1308 257 18 14 to
1336 256 37 18 give
1388 255 28 15 the

979 275 37 15 host
1022 275 58 15 advice
1087 275 27 14 for
1121 274 27 15 the
1159 275 89 14 treatment,
1254 276 19 13 of
1279 276 17 14 di
1305 280 51 10 eease.

998 310 65 16 BALM
1082 310 29 15 OF
1127 309 92 17 GILEAD.
1221 310 55 15 —The
1291 310 72 19 greatest
1375 310 39 15 Cold

979 334 48 11 curcr
1044 329 18 15 of
1072 329 28 15 the
1110 329 41 18 age;
1170 329 29 14 h'is
1212 329 49 15 cured
1279 330 45 15 colds
1341 330 18 15 of
1372 329 42 15 from

979 353 49 11 seveu
1036 350 17 14 to
1061 350 28 14 ten
1099 353 49 15 years
1159 348 82 19 standing.
1264 349 53 20 Price,
1328 350 18 14 2s
1356 349 20 15 Gd
1387 353 25 14 pci

979 369 59 15 bottle.

998 406 64 15 LUNG
1077 405 92 16 BALSAM
1170 405 59 16 —Will
1240 411 38 10 cure
1296 406 117 19 Consumption

979 426 17 15 in
1004 426 21 14 its
1033 425 45 19 early
1086 430 19 9 or
1115 425 61 15 middle
1186 426 61 18 stages.
1268 426 46 16 Miss
1326 427 87 15 Russell.

980 445 74 15 Woollen
1072 444 52 19 Mills,
1141 444 99 19 Onehunga,
1258 446 64 19 speaks:
1381 449 32 10 was

978 469 51 14 g>ven
1037 468 23 15 up
1066 464 23 20 by
1095 465 33 14 two
1141 464 66 15 doctors
1220 465 56 15 defore
1291 465 8 15 I
1310 463 103 17 commenced

979 484 59 18 taking
1051 488 42 15 your
1108 484 49 19 Lung
1176 484 72 17 Balsam,
1266 484 33 15 and
1324 484 8 15 1
1350 484 63 15 declare

979 503 72 15 without
1061 508 33 14 any
1106 503 119 19 exaggeration
1236 504 37 15 that
1290 504 13 15 it
1320 503 50 15 saved
1387 507 25 15 my

979 523 35 15 life.
1036 522 34 19 Anj
1070 522 4 19 r
1094 523 69 15 sufferer
1173 522 60 16 should
1242 522 120 16 communicate
1373 522 41 15 with

1045 542 48 15 Price
1100 543 18 14 2s
1126 543 20 14 6d
1151 547 30 14 per
1187 543 58 17 bottle;
1263 543 32 16 five
1305 543 27 15 for
1342 542 32 15 10s.

999 580 103 15 CASOARA
1119 580 151 15 BITTERS—The
1280 580 40 19 only
1329 580 35 15 real
1375 584 33 11 cur.

979 599 26 15 for
1023 599 104 19 costiveness,
1145 599 108 20 Indigestion,
1270 599 91 16 Headache
1381 604 26 10 am

979 619 102 18 Flatulence,
1091 619 69 19 making
1174 624 11 10 a
1200 619 87 16 miserable
1304 619 30 15 life
1351 619 56 19 happy

979 639 37 14 well
1026 639 61 14 named
1097 639 22 18 by
1130 639 46 15 those
1186 639 37 15 who
1233 639 42 14 have
1286 638 41 15 used
1338 639 14 14 it

979 658 111 16 Sufferer's
1212 658 46 16 Price
1265 659 18 15 '2s
1290 658 22 15 Gd
1317 663 30 14 per
1353 658 60 16 bottle-

1000 699 66 15 Ladies
1094 699 130 16 Complexions
1251 698 90 16 beautified
1367 697 44 15 made

979 718 52 18 clean,
1039 718 71 19 pimples
1120 719 32 14 and
1163 719 73 14 blotches
1246 717 77 15 removed
1333 718 22 18 by
1366 717 48 18 using

979 742 30 10 our
1021 738 70 16 LIVER
1100 738 75 17 TONIC,
1186 737 54 15 which
1251 737 14 15 is
1275 737 34 15 also
1326 737 29 15 the
1371 739 41 13 most

978 757 90 16 successful
1076 762 39 11 cure
1122 757 26 15 for
1155 757 101 15 Biliousness
1266 757 33 14 and
1310 756 22 16 all
1343 757 71 14 diseases

978 777 19 15 of
1004 777 28 15 the
1040 776 46 17 liver.
1107 777 48 15 Price
1160 776 18 15 2s
1183 776 20 16 Gd
1209 781 30 14 per
1244 776 21 15 bo
1266 776 4 19 1
1273 776 28 18 tie;
1308 777 32 15 five
1348 776 26 15 for
1381 776 27 15 10s
1410 776 3 19 -

999 811 64 16 IRISH
1080 811 57 16 MOSS
1154 811 48 15 AND
1223 811 47 16 COD
1287 811 72 16 LIVER
1376 810 37 15 OIL

979 830 174 16 EMULSION—The
1160 831 37 15 best
1202 830 33 15 and
1240 830 82 20 Cheapest
1328 829 85 17 Emulsion

979 850 17 15 iu
1004 851 28 14 the
1042 851 70 17 market;
1120 856 10 9 a
1143 849 61 20 special
1217 854 39 12 cure
1270 850 27 15 for
1303 850 71 19 wasting
1381 849 32 15 and

979 869 79 20 debility.
1080 870 48 15 Trice
1134 870 18 14 2s
1163 874 30 15 per
1204 869 59 16 bottle.

1003 894 32 16 DR
1046 894 79 18 NEIL'S,
1145 894 154 20 Wellesley-street
1313 894 42 15 East
1384 894 29 19 (tw

979 914 51 15 doors
1038 914 53 15 above
1098 914 52 15 Milne
1158 913 33 15 and
1196 914 86 19 Choyce's,
1287 914 14 15 is
1308 914 29 15 the
1343 914 70 19 cbeapes

978 933 52 15 house
1035 935 17 14 to
1056 934 35 19 buy
1095 933 62 15 Patent
1162 933 34 15 and
1200 933 119 20 Homeopathic
1323 933 91 15 Medicines

978 952 56 16 Toibt
1051 952 95 19 Requisites
1167 952 33 16 and
1221 952 92 20 Druggists
1334 952 80 16 Sundries

978 972 55 15 Herbs
1040 972 33 15 and
1080 972 62 15 Herbal
1151 971 124 18 Preparations.

1115 1000 85 15 ADVICE
1216 1000 60 15 FREE

1075 1073 21 33 J.
1131 1073 26 26 R.
1189 1073 123 33 COWAN,

1037 1115 120 20 Barrister
1172 1114 48 20 and
1234 1113 123 26 Solicitor,

1140 1146 106 20 Kotobua.

978 1199 49 21 May
1039 1199 24 17 be
1075 1199 106 17 consulted
1193 1199 22 17 at
1221 1197 115 19 Falloona's
1343 1197 68 19 Hotel.

1000 1289 46 39 M
1051 1287 18 17 E
1092 1287 64 37 W.
1190 1287 40 38 J.
1256 1287 38 39 N
1297 1287 81 21 APIERi

1028 1330 151 18 BARRISTER
1192 1331 16 17 &
1217 1331 143 18 SOLICITOR.

976 1352 155 24 (Commissioner
1139 1352 20 17 of
1168 1352 32 17 the
1216 1352 91 23 Supreme
1323 1353 59 17 Court
1394 1352 20 17 of

1169 1375 55 24 Fiji.)

976 1399 88 18 Solicitor
1077 1400 19 17 to
1105 1399 32 18 the
1145 1399 25 18 N.
1180 1399 20 18 Z.
1211 1399 130 18 Government
1355 1399 58 18 under

1084 1422 96 18 Advances
1189 1424 19 16 to
1218 1421 77 19 Settlers

975 1445 99 20 Victoria
1082 1447 90 21 Arcade,
1180 1446 78 19 Queen-
1263 1451 33 17 st.,
1305 1446 106 18 Auckland.

999 1470 47 18 Mon
1077 1472 19 15 to
1106 1469 10 18 I
1122 1470 35 17 end
1166 1474 25 13 on
1203 1469 84 18 freehold
1300 1470 80 23 security
1393 1473 18 14 at

976 1500 29 12 ow
1015 1496 48 16 rates
1070 1494 19 18 of
1093 1494 82 18 interest.
1203 1494 72 22 Money
1284 1494 87 18 invested
1378 1493 30 18 for

977 1520 31 16 rits
1018 1518 39 18 free
1067 1517 19 19 of
1098 1517 74 21 charge.

1462 2307 17 19 A.
1490 2307 73 20 motion
1572 2308 16 19 is
1598 2314 27 14 on
1634 2308 35 20 the
1683 2308 59 20 order
1753 2315 61 20 paper
1835 2309 33 19 for

1434 2333 79 26 plaoing
1532 2334 69 20 school
1621 2335 113 26 inspectors
1752 2336 64 19 under
1835 2336 34 19 the

1433 2360 64 20 direct
1516 2361 76 19 control
1617 2361 23 19 oE
1666 2361 35 19 the
1734 2362 135 25 department,

1434 2386 47 20 with
1501 2387 34 19 the
1550 2387 48 20 view
1611 2389 22 17 to
1653 2387 52 21 their
1716 2388 107 25 periodica'
1841 2395 19 13 re-

1434 2413 61 20 moval
1508 2420 19 12 to
1539 2414 57 19 other
1613 2414 96 20 districts.

1469 2452 70 20 Union
1561 2453 107 25 Company
1687 2454 148 25 inaugurating
1857 2461 12 12 a

1434 2478 123 26 fortnightly
1567 2479 76 19 service
1654 2481 20 17 to
1693 2480 82 25 Sydney
1793 2480 79 20 instead

1433 2505 21 19 of
1468 2505 34 19 tlie
1512 2507 81 23 present
1605 2505 77 25 weekly
1692 2512 44 14 ono.

1458 2540 19 19 A
1487 2540 67 19 dealer
1563 2540 21 19 in
1594 2541 94 19 artificial
1698 2540 61 20 limbs
1770 2542 101 19 estimates

1433 2566 44 19 that
1488 2568 86 22 300,000
1588 2566 83 20 Britons
1681 2567 51 20 have
1746 2567 40 20 lost
1795 2574 38 13 ono
1851 2573 21 14 or

1433 2592 52 19 both
1494 2593 50 23 legs.

1158 2714 221 27 OFFICIAL
1404 2716 287 28 TESTIMONY.

1082 2771 241 42 HITCHEN'S
1348 2775 151 38 BLOOD
1524 2775 246 40 RESTORER

979 2820 14 16 W
1001 2825 20 11 011
1029 2820 39 21 high
1077 2821 71 17 honours
1155 2824 19 14 at
1181 2823 28 15 the
1216 2822 75 16 Colonial
1298 2824 92 16 Industrial
1399 2824 99 16 Exhibition
1508 2825 39 16 held
1553 2825 19 16 in
1581 2825 111 21 Wellington,
1701 2827 33 15 and
1753 2832 12 10 n
1781 2826 26 15 the
1819 2826 50 16 officii.

1018 2842 55 17 report
1080 2841 89 16 submitted
1177 2843 16 14 to
1201 2842 28 16 the
1237 2843 113 15 Government
1360 2844 28 16 the
1395 2844 89 20 following
1490 2845 84 15 reference
1582 2850 34 10 was
1623 2846 48 16 made
1679 2847 17 14 to
1703 2846 37 15 it.~
1756 2855 7 3 -

1076 2862 20 14 A.
1108 2862 23 14 H.
1139 2862 85 18 Kitchens,
1230 2862 94 19 Auckland,
1332 2864 48 14 sends
1385 2868 10 10 a
1402 2864 54 18 small,
1464 2864 31 15 but
1503 2865 77 15 valuable
1588 2865 70 19 exhibit,
1666 2865 93 20 consisting
1773 2865 17 16 of
1804 2871 56 14 a.vege-

979 2879 44 16 table
1030 2881 92 18 compound
1130 2881 42 15 from
1180 2881 42 16 New
1230 2881 71 16 Zealand
1308 2883 54 19 herbs,
1369 2883 26 15 for
1400 2883 28 15 the
1435 2888 40 10 cure
1482 2885 17 14 of
1513 2883 108 21 Indigestion,
1635 2885 122 19 Rheumatism,
1771 2885 98 16 Rheumatic

979 2900 46 14 Grout
1036 2900 32 14 and
1076 2900 95 19 Impurities
1178 2901 17 14 of
1201 2901 28 15 the
1236 2902 58 15 Blood.
1317 2902 34 15 The
1356 2903 58 15 maker
1421 2906 32 12 and
1461 2903 82 16 exhibitor
1557 2904 56 15 claims
1627 2904 27 15 for
1672 2905 32 14 this
1715 2904 80 16 medicine
1807 2905 62 15 sevoral

979 2919 91 19 important
1077 2919 81 19 qualities,
1165 2920 34 15 and
1207 2921 29 14 has
1243 2920 59 20 gained
1309 2921 28 16 the
1348 2922 37 16 first
1392 2922 48 15 order
1447 2923 18 14 of
1475 2923 48 15 merit
1530 2923 43 15 from
1581 2923 29 17 the
1620 2924 67 19 judges.
1715 2925 35 15 The
1765 2925 104 19 preparation

979 2938 13 15 is
1000 2940 30 14 not
1037 2940 18 14 to
1063 2944 19 10 oe
1089 2939 104 15 confounded
1200 2940 40 15 with
1247 2940 78 20 ordinary
1332 2942 54 18 quack
1393 2941 96 20 medicines,
1496 2942 86 16 inasmuch
1588 2947 18 11 as
1613 2944 13 14 it
1640 2944 14 15 is
1668 2944 28 15 the
1703 2944 71 19 product
1788 2944 18 15 of
1819 2949 49 14 many

979 2963 47 15 years
1034 2959 18 14 of
1062 2959 51 19 study
1120 2959 33 15 and
1160 2959 116 19 investigation
1282 2961 21 18 by
1311 2966 21 10 an
1339 2961 73 16 eminent
1421 2961 82 19 physician
1512 2962 17 15 of
1534 2963 28 14 the
1571 2964 50 18 Army
1629 2963 72 15 Medical
1712 2963 47 19 Staff,
1767 2964 40 14 with
1814 2964 54 15 whom

979 2978 29 15 the
1016 2978 82 15 exhibitor
1105 2978 56 16 served
1169 2978 61 20 during
1237 2979 28 15 the
1277 2980 42 14 New
1327 2980 70 15 Zealand
1409 2985 35 11 wav
1456 2985 18 11 as
1487 2981 78 16 assistant
1575 2982 90 19 Dispenser
1672 2984 18 14 to
1706 2984 29 15 the
1749 2983 41 15 New
1797 2983 72 15 Zealand

979 2998 10 14 t
1065 2998 27 14 Mr
1099 2998 82 15 Hitehens
1187 2999 74 19 explains
1270 2999 36 16 that
1313 3000 28 15 the
1349 3005 46 10 cures
1403 3000 18 15 of
1428 3001 120 19 Rheumatism,
1556 3003 31 16 etc,
1595 3002 70 15 effected
1672 3003 22 19 by
1708 3003 26 15 his
1745 3003 85 18 mcdicirc,
1841 3008 28 10 are

979 3017 32 15 due
1017 3017 70 19 entirely
1092 3018 19 15 to
1118 3017 21 15 its
1146 3018 92 14 wonderful
1245 3018 48 16 effect
1300 3024 45 15 upon
1352 3020 27 14 the
1386 3020 49 14 blood
1449 3020 22 19 by
1484 3020 22 16 its
1513 3020 89 21 cleansing,
1610 3022 93 19 purifying,
1715 3022 33 16 and
1757 3022 112 21 invigorating

979 3041 61 15 power*
1061 3037 19 16 It
1090 3038 14 14 is
1109 3037 48 16 made
1162 3038 45 14 from
1214 3038 42 15 New
1263 3038 72 17 Zealand
1345 3039 48 15 herbs
1400 3039 33 16 and

1216 3086 221 25 NOTABLE
1472 3088 161 26 CURES.

980 3118 91 19 Mention
1080 3119 17 18 is
1107 3117 57 20 made
1174 3118 22 19 of
1205 3118 34 20 the
1249 3119 105 26 following
1361 3126 22 13 as
1393 3126 12 13 a
1414 3120 39 20 few
1461 3121 21 19 of
1489 3121 34 19 the
1533 3121 108 20 multitude
1651 3121 22 20 of
1682 3128 56 14 cures
1748 3122 118 20 effected:—

999 3151 70 16 Sciatica
1089 3152 45 20 Gnpt
1157 3152 92 20 Farquhar,
1258 3158 13 10 s.
1279 3158 14 10 s.
1313 3153 101 16 'Clansman'
1433 3166 8 10 B
1442 3161 39 16 tant
1488 3160 104 21 Dysentery,
1602 3162 63 17 caused
1677 3162 24 19 by
1709 3162 80 19 working
1796 3163 19 16 in
1833 3163 33 16 bad

979 3172 89 15 Auckland
1073 3172 54 15 whose
1133 3177 36 10 case
1175 3177 34 10 was
1214 3173 95 15 considered
1315 3173 18 15 to
1339 3173 19 15 be
1364 3173 50 19 hope-
1446 3171 3 21 •
1468 3187 7 5 „
1494 3182 6 5 ,
1505 3171 9 11 '
1534 3171 3 21 .
1621 3171 34 18 ~T
1667 3177 29 12 m/
1765 3171 22 21 !f
1805 3184 27 8 ™,

979 3191 5 15 2
986 3196 25 10 csa
1386 3184 6 8 1
1433 3187 27 10 air
1467 3184 34 14 r-.nd
1507 3184 33 14 wet
1548 3188 54 11 mines
1610 3185 19 14 at
1635 3184 28 15 the
1668 3184 120 15 Thames—D.
1804 3184 60 17 Elkin,

999 3210 113 17 Rheumatism
1117 3211 18 15 of
1140 3212 26 14 the
1171 3211 106 20 Feet—Oapt
1296 3212 118 16 JamosAvon-
1454 3203 173 17 Rheumatism—Mr
1634 3205 123 19 JamesPook,
1766 3205 98 16 Auckland,

980 3231 42 18 dale,
1029 3231 90 15 Auckland
1132 3231 18 17 17
1157 3236 49 14 years
1211 3231 85 21 standing.
1455 3225 96 16 Cancerous
1577 3225 53 17 Llcer
1649 3232 18 10 in
1687 3225 96 17 Face—Mr
1798 3225 29 18 W.
1845 3227 18 16 C.

1000 3250 98 16 Rheumatic
1106 3251 51 18 Gout,
1164 3255 19 11 so
1188 3251 34 15 bad
1230 3250 37 16 that
1274 3250 27 16 the
1307 3252 68 19 pationt
1382 3252 32 15 had
1434 3246 76 20 Walker,
1521 3246 99 17 Auckland,

980 3270 36 15 obe
1024 3270 48 15 lifted
1080 3270 17 15 in
1104 3270 34 15 and
1145 3271 30 14 out
1183 3271 17 14 of
1206 3270 81 16 bed—Mr
1294 3271 27 15 W.
1337 3271 76 19 Hunter,
1454 3267 103 17 Rheumatic
1576 3268 99 17 Gout—Mr
1693 3269 84 16 Edwards
1789 3269 75 17 Waters'

980 3290 74 16 Ormotid
1060 3290 73 17 Poverty
1144 3290 42 19 Bnj-.
1432 3288 126 21 Confectioner,
1574 3289 94 20 Auckland;
1679 3290 28 16 Mr
1714 3290 98 16 Alexander
1821 3292 42 15 Bar-

1002 3309 103 16 Rheumatic
1113 3309 105 16 Fever—Mr
1234 3310 69 20 Brown,
1321 3310 93 16 Britannia
1432 3311 38 17 rett,
1481 3309 59 19 Queeu
1556 3311 62 19 Street,
1634 3311 92 16 Auckland
1736 3309 4 21 ;
1755 3312 29 15 Mr
1802 3312 21 16 E.
1840 3313 22 16 D.

980 3330 76 21 Height,
1071 3330 71 17 Nelson.
1432 3331 90 19 Halstnad,
1532 3331 105 21 Veterinary
1645 3332 84 20 Surgeon,
1743 3333 98 17 Auckland.

1002 3352 104 16 Rheumatic
1121 3352 52 20 Gout,
1190 3352 75 21 Dropsy,
1285 3354 59 19 Ague,
1361 3353 53 17 Liver
1442 3352 119 16 Rheumatism
1570 3353 18 15 in
1594 3353 29 15 the
1629 3353 59 17 Knees
1693 3354 34 16 and
1733 3354 47 20 Feet,
1788 3355 76 21 brought

980 3373 104 20 Complaint,
1094 3373 34 16 and
1136 3373 80 16 Stomach
1234 3374 67 21 Cough,
1318 3376 47 15 most
1374 3375 36 16 dis-
1432 3379 21 10 on
1461 3374 23 20 by
1493 3373 78 21 working
1580 3375 17 15 in
1606 3375 106 16 water—Mr
1725 3375 85 18 Matthew
1825 3377 37 15 Box

981 3394 127 21 tressing—Mr
1122 3394 78 21 Waugh.
1218 3395 83 22 Bombay,
1323 3396 89 16 Waikato*
1431 3395 80 17 Thames.

980 3416 51 20 given
1040 3421 29 15 up,
1079 3421 22 10 no
1110 3416 43 20 hope
1160 3417 41 15 held
1209 3419 37 17 out,
1255 3417 132 16 recommended
1395 3419 17 14 to
1453 3416 126 19 Rheumatism,
1590 3418 73 20 causing
1674 3419 68 15 intense
1750 3419 47 20 pain,
1807 3419 54 16 which

980 3442 22 15 go
1011 3438 49 15 home
1068 3438 33 14 and
1113 3438 34 15 die.
1431 3438 92 24 prevented
1532 3438 29 15 the
1569 3439 67 20 patient
1644 3440 44 15 from
1697 3439 52 21 being
1756 3440 105 16 overturned

1002 3458 130 16 Inflammation
1148 3459 17 15 of
1179 3459 29 15 the
1222 3459 53 16 Liver
1293 3460 34 15 and
1343 3459 70 17 Gastric
1430 3464 18 10 in
1457 3459 32 15 bed
1512 3459 29 15 Mr
1548 3459 58 17 Duvid
1615 3460 62 21 Barry,
1687 3461 81 16 Newton.

980 3479 50 16 Juice
1036 3479 18 16 of
1063 3480 28 15 the
1103 3480 132 16 Stomach—Mr
1248 3481 76 16 Uiomas
1340 3481 70 21 Macky,
1453 3480 72 16 Chronic
1534 3480 117 22 Dysentery—
1656 3482 29 15 Mr
1693 3483 21 16 A.
1724 3481 81 21 Bettany,
1815 3482 44 17 Pon-

980 3500 43 16 Mer.
1028 3500 49 21 hant,
1086 3501 98 17 Auckland.
1430 3502 53 19 sonby
1492 3502 55 18 Road,
1564 3503 96 16 Auckiand.

1002 3521 60 21 Lupus
1068 3523 19 15 of
1092 3523 28 15 the
1126 3522 95 17 Face—Mr
1227 3523 82 20 Dickson,
1319 3523 92 17 Auckland
1453 3523 73 16 Chronic
1541 3523 122 17 Rheumatism
1682 3525 18 15 ic
1720 3524 29 16 the
1757 3525 55 20 spine,
1823 3525 37 21 hip,

1002 3543 104 16 Rheumatic
1113 3544 100 16 Gout—Mr
1231 3544 100 21 Blackman,
1347 3544 64 17 'Even-
1431 3544 47 19 knee,
1485 3544 60 21 joints,
1559 3545 35 15 calf
1601 3545 19 15 of
1630 3545 29 16 the
1672 3545 34 19 lex,
1728 3546 32 15 and
1782 3547 78 16 toes—T.

979 3565 30 19 ing
1019 3565 44 15 Star'
1073 3565 53 19 office,
1140 3565 97 17 Auckland.
1430 3565 79 21 Morgan.
1519 3565 62 16 Mount
1589 3565 50 16 Eden
1648 3566 55 20 Road,
1713 3566 95 18 Auckland.

1002 3586 120 16 Rheumatism
1131 3587 18 15 of
1164 3588 21 15 23
1204 3587 55 21 years'
1276 3587 136 21 standing—Mr
1430 3587 104 15 Rheumatic
1542 3586 52 20 Gout,
1606 3587 57 15 which
1672 3587 78 16 confined
1759 3588 29 16 tho
1794 3589 67 20 patient

980 3607 76 17 Widiain
1065 3607 84 21 McEvoy,
1159 3608 37 17 Pitt
1203 3609 79 22 Terrace,
1289 3609 99 15 Auckland.
1430 3610 18 13 to
1456 3608 27 16 his
1490 3608 32 16 bed
1530 3608 27 15 for
1569 3608 106 16 weeks—Mr
1683 3608 20 16 T.
1713 3608 18 17 J.
1748 3609 111 23 Bainbridge,

1001 3629 78 18 Sciatica,
1089 3630 33 15 and
1131 3626 111 23 Lumbago—
1244 3630 29 16 Mr
1279 3630 24 19 N-
1310 3630 99 20 McMillan,
1430 3629 96 19 Ponsonby,
1536 3629 96 16 Auckland.

979 3650 67 16 Vulcan
1055 3650 54 20 Lane,
1118 3651 96 16 Auckland.
1458 3649 73 17 General
1549 3649 79 21 Debility
1640 3650 34 16 and
1695 3650 114 23 Indigestion,
1827 3654 33 16 and

1000 3671 152 21 Lumbago—Mrs
1162 3673 51 21 Mary
1221 3673 59 20 Knox,
1289 3673 73 20 Rokeby
1376 3673 33 15 St..
1430 3671 80 20 inability
1519 3672 17 14 to
1545 3671 42 19 keep
1594 3671 86 21 anything
1693 3678 21 10 on
1724 3673 30 16 the
1761 3675 78 16 stomach

978 3693 99 17 Auckland.
1430 3692 28 15 Mr
1467 3691 62 16 Gerald
1539 3691 60 20 Grace,
1609 3688 60 25 Kyber
1676 3693 46 21 Pass,
1731 3695 96 18 Auckland.

1000 3714 133 16 Sciatica—Mrs
1140 3714 17 18 J.
1166 3714 90 21 Renwick,
1270 3716 60 16 Drake
1345 3715 64 18 Streot,
1463 3712 124 16 Sciatica—Mr
1602 3713 47 17 John
1665 3714 50 21 Ross,
1732 3716 51 16 Duke
1797 3718 63 17 Street.

978 3735 98 17 Auckland.
1430 3733 99 16 Auckland.

999 3757 120 16 Rheumatism
1127 3758 18 16 of
1154 3759 19 15 20
1181 3758 56 20 years'
1253 3758 83 18 standing
1354 3756 55 17 which
1452 3754 94 21 Discharge
1552 3756 18 15 of
1578 3754 39 27 8100
1627 3754 10 27 l
1647 3754 39 27 from
1693 3758 29 16 tho
1728 3758 134 23 Bowels—Capt

978 3778 77 21 brought
1062 3784 22 10 on
1091 3779 73 15 Asthma
1171 3779 35 16 and
1211 3779 122 21 Dropsy—Mr
1340 3777 71 17 Samuel
1429 3776 20 16 T.
1460 3775 90 21 Aldridge.

977 3800 55 17 Field,
1042 3799 47 16 Lorn
1097 3800 57 15 Stieot
1160 3800 97 16 Auckland.
1451 3797 52 16 Great
1511 3797 77 21 Debility
1596 3800 33 15 and
1636 3800 86 21 Bleeding
1731 3803 18 14 at
1757 3801 30 16 the
1794 3801 46 18 Nose

998 3820 202 16 Rheumatism—MrH.
1209 3820 64 21 Lewis,
1283 3820 60 19 Queen
1353 3820 58 16 Street
1429 3818 29 16 Mr
1465 3819 74 16 Thomas
1546 3819 82 21 Pellicnn,
1644 3821 99 22 Ponsonby.

976 3841 98 17 Auckland.
1451 3840 94 20 Neuralgia
1554 3841 33 16 and
1596 3841 81 18 Nervous
1686 3843 139 21 Debility—Mr?
1835 3845 25 16 H.

997 3863 75 15 Sciatica
1080 3864 33 15 and
1121 3862 144 22 Lumbago—Mr
1274 3863 51 17 Chas.
1335 3864 73 21 Honey-
1431 3861 62 20 Waile,
1503 3862 98 16 Auckland,

976 3884 66 20 combe,
1053 3884 97 18 Auckland,
1451 3883 50 16 After
1509 3882 59 17 effects
1581 3884 20 15 of
1608 3884 104 17 Rheumatic
1731 3885 60 19 Fever,
1807 3888 55 16 which

1002 3884 40 20 nbe,
1053 3884 97 18 Auckland.
1451 3883 50 16 After
1509 3882 59 17 effects
1581 3884 20 15 of
1608 3884 104 17 Rheumatic
1731 3885 60 19 Fever,
1807 3888 55 16 which

1003 3905 104 16 Rheumatic
1125 3905 98 16 Gout—Mr
1238 3906 60 21 Elliot,
1317 3907 92 21 McGuire,
1429 3904 32 16 left
1470 3904 29 16 the
1507 3904 67 20 patient
1581 3904 129 22 helpless—Mr
1717 3907 48 16 John
1775 3908 24 15 Id.
1809 3909 53 16 Jones

974 3925 108 22 Contractor,
1091 3927 100 15 Auckland.
1430 3925 98 16 Auckland.

995 3947 74 16 Chronic
1090 3947 171 18 Rheumatism—Mr
1279 3949 71 17 Ronald
1371 3950 38 16 Mc-
1451 3946 69 21 Kidney
1528 3946 71 17 Disease
1608 3949 33 15 and
1649 3948 92 22 Lumbago
1753 3951 18 15 of
1779 3951 20 16 20
1806 3951 55 21 years'

973 3968 74 20 Donald,
1057 3968 88 17 Rolleston
1159 3969 61 19 Street,
1232 3970 81 17 Thames.
1430 3967 133 20 standing—Mr
1572 3969 79 17 William
1658 3970 41 17 Trie
1727 3977 13 14 e,
1754 3971 48 22 Irjli
1809 3973 53 15 iFm

995 3989 116 21 Indigestion,
1125 3990 73 17 General
1214 3991 84 23 Debility,
1314 3993 34 15 and
1363 3993 45 16 Con-
1418 3986 3 28 |
1430 3994 42 11 near
1480 3988 79 18 Howick.

982 4022 65 20 These
1057 4029 56 13 cures
1122 4030 35 13 are
1162 4024 28 19 all
1199 4024 85 19 attested
1294 4025 28 25 by
1331 4024 139 23 testimonials,
1479 4024 64 19 which
1552 4025 35 20 the
1601 4027 152 20 manufacturer
1761 4028 42 25 has,
1815 4030 49 20 with

1216 4050 104 20 hundreds
1329 4051 22 19 of
1359 4050 74 24 others,
1441 4050 22 19 in
1469 4050 31 19 his
1508 4052 119 24 possession,

1065 4101 41 16 Sold
1117 4101 22 21 by
1150 4101 23 16 all
1179 4102 67 19 respect
1250 4102 34 16 ible
1293 4102 86 16 Chomists
1385 4102 35 16 and
1431 4102 124 21 Storekeepers,
1564 4103 34 16 and
1609 4104 24 21 by
1645 4104 29 16 tho
1682 4106 97 20 proprietor

1082 4127 28 20 H.
1120 4127 25 21 A.
1156 4127 28 20 H.
1195 4127 153 26 lIIICIIENS,
1359 4130 24 18 50
1405 4127 124 22 SUOIIXJLAKD
1539 4129 85 24 STREET,
1634 4129 122 24 Auckland,

2353 3876 42 19 The
2406 3876 192 25 penny-in-the-slot
2606 3879 75 23 system
2692 3874 21 19 of
2722 3880 34 18 gas

2330 3905 73 17 melcis
2414 3902 33 20 has
2458 3903 107 19 succeeded
2577 3902 79 25 beyond
2666 3902 78 24 expecta-

2329 3929 43 19 tion
2383 3929 19 18 in
2412 3929 63 19 South
2483 3929 91 19 London.
2603 3928 41 19 The
2652 3931 103 16 consumer

2329 3962 37 13 can
2386 3957 36 23 put
2431 3962 11 13 a
2457 3962 66 19 penny
2538 3955 20 19 in
2569 3955 35 19 the
2621 3955 40 18 slot
2678 3959 25 12 on
2718 3958 37 18 any

2329 3981 84 20 number
2424 3988 26 20 up
2467 3985 21 16 to
2499 3983 29 21 10,
2539 3981 40 20 and
2593 3981 22 20 in
2626 3981 68 19 return
2708 3978 48 19 have

2329 4014 35 20 gas
2374 4009 21 18 to
2403 4008 33 20 the
2447 4008 57 19 value
2513 4007 22 20 of
2543 4007 34 20 the
2585 4013 62 19 pence
2657 4004 98 25 supplied.

2356 4042 42 21 The
2408 4041 139 26 importations
2563 4041 23 20 of
2597 4041 38 24 hay
2648 4038 38 20 and
2696 4040 59 17 straw

2329 4070 45 18 into
2383 4069 63 22 Qreat
2454 4067 79 23 Britain
2541 4068 33 19 for
2585 4067 56 22 18W4.
2649 4065 106 19 amounted

2330 4098 21 16 to
2370 4096 85 23 254,000
2469 4095 53 21 tons,
2540 4094 37 20 the
2590 4091 76 22 United
2684 4090 72 24 States,

2330 4121 88 24 Canada,
2426 4119 72 20 Russia
2508 4120 40 20 and
2557 4117 88 23 Holland
2655 4116 60 27 being
2725 4117 31 19 the

2330 4148 54 21 chief
2393 4145 144 26 contributors,
