3480 4580
2329 3529 77 48 The
2431 3529 153 48 Oxford
2610 3529 229 48 Observer.

2329 3577 270 140 PUBLISHED
2629 3577 210 140 WEEKLY.

2334 3717 83 22 SATURDAY
2417 3717 38 22 JANUARY
2455 3717 17 22 18th,
2472 3717 367 22 1896.

2362 3829 40 31 In
2416 3829 52 30 the
2493 3829 211 40 forthcoming
2728 3829 129 31 election

2321 3869 50 31 for
2387 3869 233 37 Christchurch,
2641 3871 118 30 several
2773 3871 83 35 prin-

2322 3911 94 39 ciples
2432 3921 52 19 are
2508 3911 147 31 involved
2669 3911 33 30 m
2730 3921 127 21 connec-

2321 3952 68 28 tion
2404 3951 77 31 with
2489 3951 54 30 the
2557 3952 95 30 views
2667 3951 192 31 entertained

2322 3992 42 39 by
2379 3991 53 30 the
2446 3992 125 30 various
2587 3991 188 32 candidates.'
2801 3990 59 33 We

2323 4032 91 29 could
2428 4041 55 21 not
2511 4033 132 38 pretend
2672 4036 32 27 to
2732 4033 128 40 classify

2323 4072 73 30 each
2412 4082 74 20 ones
2512 4073 134 38 opinion,
2668 4083 58 20 nor
2749 4073 110 31 devote

2323 4121 92 30 space
2426 4111 33 31 m
2470 4123 58 19 one
2543 4114 108 30 article
2658 4116 34 28 to
2707 4117 154 27 comment

2324 4162 82 29 upon
2421 4153 84 29 their
2531 4154 132 40 variety.
2778 4165 80 29 may,

2324 4192 152 36 however,
2498 4193 39 30 be
2552 4194 159 39 pardoned
2724 4194 51 30 for
2789 4205 71 19 con-

2324 4233 138 40 sidering
2490 4231 52 33 the
2575 4235 135 39 position
2739 4235 34 31 of
2809 4235 53 31 the

2324 4273 191 39 prohibition
2543 4278 103 37 party,
2691 4276 63 30 and
2782 4275 82 31 their

2324 4314 192 31 endeavours
2530 4319 34 27 to
2579 4326 91 30 carry
2684 4316 53 31 the
2747 4317 116 40 weight

2326 4354 32 30 of
2372 4354 125 40 opinion
2526 4356 34 30 m
2587 4356 113 32 favour
2728 4358 40 33 of:
2782 4358 83 31 their

2326 4394 134 30 selected
2484 4397 165 31 candidate
2682 4398 51 30 Mr
2759 4398 34 30 T.
2826 4398 37 30 E.

2326 4433 123 41 Taylor.
2485 4436 32 30 It
2531 4438 151 31 is-doubtf
2681 4438 31 31 til
2716 4438 149 31 -whether

2326 4476 54 30 the
2409 4476 137 41 subjects
2575 4480 34 29 of
2651 4480 123 39 politics
2803 4480 62 31 and

2891 192 102 34 drink,
3024 192 60 30 will
3111 201 73 21 ever
3212 191 34 29 be
3280 189 153 37 amicably

2890 233 152 40 adjusted.
3184 232 110 30 tactics
3317 232 33 29 of
3378 231 53 29 the

2890 274 188 39 prohibition
3115 276 93 37 party
3257 273 79 30 have
3379 282 50 20 ac-

2890 314 190 40 complished
3108 317 76 27 next
3223 317 33 26 to
3285 314 141 39 nothing,

2889 357 62 28 and
2968 360 53 25 yet
3049 356 40 29 its
3118 356 149 29 members
3282 366 82 19 seem
3393 359 33 26 to

2890 397 36 30 be
2962 408 33 19 as
3031 396 202 31 enthusiastic
3268 406 35 20 as
3343 406 96 26 ever^.

2889 438 104 30 whilst
3007 438 211 29 uninterested
3247 437 118 39 parties
3389 448 36 19 or

2888 489 18 19 a
2929 479 144 39 majority
3089 478 34 30 of
3134 478 54 29 the
3198 503 2 3 .
3216 479 109 38 people
3340 488 83 20 seem

2887 522 33 27 to
2968 519 112 39 regard
3147 519 81 29 their
3283 519 133 44 endeay^-

2887 570 71 20 ours
2974 570 33 19 as
3023 570 18 19 a
3056 559 144 40 hopeless,
3210 559 134 30 crusade.
3390 563 31 26 It

2887 601 26 29 is
2929 601 104 30 rather
3062 610 17 20 a
3108 600 137 40 singular
3273 601 149 38 paradox,

2886 642 102 28 which
3007 644 83 26 must
3106 641 36 29 be
3165 642 170 28 accounted
3362 641 57 29 foi.

2887 681 62 31 The
2964 682 100 30 desire
3090 682 32 29 of
3138 682 50 29 the
3218 681 202 40 prohibition-

2884 723 54 30 ists
2953 724 27 29 is
2995 726 33 28 to
3054 732 104 20 secure
3180 723 53 29 the
3260 723 76 29 total
3360 716 62 36 and

2884 763 140 31 ultimate
3061 764 199 38 suppression
3299 764 32 29 of
3366 764 55 28 the

2885 805 63 29 sale
2963 804 34 29 of
3006 803 207 39 intoxicating
3227 803 116 29 drinks.
3372 803 49 29 On

2885 844 52 30 the
2951 853 58 21 one
3033 844 94 37 hand,
3134 855 3 21 ;
3149 844 27 28 it
3202 844 100 29 shows
3329 854 18 18 a
3363 848 56 25 set-

2885 885 64 30 tled
2963 885 62 29 and
3049 887 121 28 earnest
3199 884 224 39 convictiom^

2884 929 32 26 to
2932 936 18 19 a
2978 928 90 35 great
3082 924 93 31 social
3200 925 70 34 evil,
3294 925 58 28 and
3380 935 40 19 on

2883 966 53 30 the
2962 966 99 35 other,
3084 976 19 18 a
3125 964 71 30 lack
3225 965 32 29 of
3275 965 144 29 -discern-

2884 1011 84 26 ment
2983 1017 33 20 as
3045 1010 32 26 to
3091 1006 54 30 the
3174 1005 132 40 possible
3322 1002 136 36 metb-/_,

2883 1048 55 30 ods
2954 1048 33 29 of
3012 1046 124 39 dealing
3158 1046 77 30 with
3263 1046 70 29 that
3348 1047 70 28 evil.

2885 1088 63 31 The
2977 1088 246 41 prohibitionists
3252 1087 113 34 would.,
3396 1088 25 29 if

2883 1130 75 40 they
2974 1130 98 38 could,
3110 1132 90 36 upset
3244 1128 53 30 the
3333 1128 85 39 daily

2883 1171 103 30 habits
3016 1171 33 29 of
3071 1170 160 35 centuries,
3267 1169 102 30 which
3393 1170 28 29 is

2882 1222 38 19 an
2936 1215 50 26 act
3002 1211 82 39 quite
3099 1210 124 38 beyond
3237 1210 52 29 the
3312 1219 103 29 power

2883 1253 34 28 of
2926 1252 82 29 their
3019 1250 280 39 accomplishment.
3323 1245 98 34 There

2882 1293 27 29 is
2929 1303 40 19 no
2998 1292 146 38 denying,
3167 1290 74 40 they
3264 1300 49 20 see
3336 1292 83 36 quite

2883 1332 116 40 clearly
3013 1332 85 30 what
3114 1342 18 18 a
3161 1332 142 29 terrrible
3332 1342 89 19 curse

2882 1374 63 29 and
2960 1383 109 20 source
3092 1372 32 29 of
3154 1371 199 40 degradation
3359 1398 7 14 ,
3389 1373 32 28 of

2882 1413 209 40 unspeakable
3119 1413 114 38 misery
3249 1412 52 30 the
3316 1413 103 30 drink-

2883 1454 56 39 ing
2983 1454 104 29 habits
3134 1453 32 28 of
3202 1463 17 19 a
3254 1463 167 20 numerous

2883 1495 118 30 section
3016 1495 33 29 of
3063 1493 54 30 the
3134 1494 107 38 people
3256 1504 61 19 are.
3355 1493 65 30 The

2883 1534 186 31 individuals
3097 1533 70 32 who
3196 1534 143 39 honestly
3372 1535 49 30 be-

2883 1576 79 30 lieve
2977 1575 31 30 m
3025 1576 54 29 the
3106 1575 167 40 principles
3296 1577 33 28 of
3344 1577 78 28 total

2884 1617 177 29 abstinence
3076 1624 7 28 ;
3104 1616 70 29 who
3197 1616 80 29 form
3303 1617 53 29 the
3371 1618 57 34 al-.

2883 1657 99 30 liance
2999 1657 33 29 of
3045 1655 200 40 prohibition,
3268 1666 52 20 are
3345 1657 76 40 high

2883 1697 126 30 minded
3037 1697 114 29 zealots
3165 1709 6 24 ;
3195 1697 68 35 but,
3292 1697 63 31 like
3379 1699 42 29 all

2885 1739 74 29 such
2976 1738 106 30 bodies
3111 1738 56 30 fail
3181 1741 33 27 to
3236 1737 72 31 look
3322 1740 32 28 m
3370 1740 50 29 the

2883 1779 78 36 face,
2983 1779 76 30 such
3087 1779 79 29 facts
3188 1789 34 19 as
3252 1779 121 40 happen

2883 1820 89 30 make
3002 1820 123 39 against
3167 1820 33 37 it,
3239 1821 62 29 and
3337 1821 82 36 thus,

2885 1860 200 40 unwittingly
3114 1860 62 30 and
3216 1861 203 41 unwillingly,

2883 1901 110 30 hinder
3014 1902 54 28 the
3083 1901 273 39 accomplishment
3384 1904 34 28 of

2884 1942 53 30 the
2972 1951 77 29 very
3090 1951 91 21 cause
3216 1942 100 30 which
3346 1943 74 39 they

2884 1982 79 31 have
2979 1986 33 26 at
3026 1982 99 30 heart.
3158 1981 195 41 Practically,
3370 1984 50 30 the

2885 2023 78 29 kind
2986 2023 62 29 and
3075 2022 113 39 degree
3213 2022 32 30 of
3274 2024 146 39 drinking

2885 2063 102 31 which
3014 2062 106 31 makes
3136 2062 77 31 such
3242 2073 18 19 a
3283 2064 61 30 bad
3365 2064 54 30 im-

2885 2104 138 39 pression
3057 2113 85 30 upon
3176 2104 54 30 the
3266 2104 85 30 mind
3382 2106 35 35 is,

2885 2144 242 42 comparatively
3177 2144 158 41 speaking,

2885 2186 127 30 modern
3041 2186 130 39 growth,
3215 2186 61 29 and
3304 2186 25 29 is
3344 2196 73 29 syn-

2885 2226 152 30 chronous
3052 2226 76 29 with
3156 2226 54 29 the
3235 2227 61 29 rise
3318 2227 32 29 of
3374 2228 45 28 in-

2885 2266 145 38 dustries,
3061 2267 59 30 and
3150 2268 53 29 the
3235 2268 135 39 herding
3390 2268 30 29 of

2883 2308 108 39 people
3007 2309 143 38 together
3177 2309 33 28 m
3226 2307 96 40 -large
3343 2312 115 37 jeeh-.v

2882 2351 73 27 tres.
2998 2349 59 29 We
3071 2348 40 30 do
3126 2351 55 26 not
3209 2358 90 20 mean
3324 2353 31 24 to
3367 2358 52 20 say

2884 2389 68 30 that
2979 2389 89 31 there
3093 2399 61 20 was
3190 2400 40 19 no
3256 2399 103 20 excess
3389 2390 31 29 m
3450 2405 6 4 -

2883 2430 157 40 drinking,
3057 2430 105 30 before
3178 2440 63 30 say,
3257 2431 54 30 the
3322 2431 95 38 eight-

2883 2472 93 29 eenth
2992 2476 130 35 century
3144 2472 32 29 m
3191 2471 126 40 Europe
3329 2481 7 26 ;
3367 2471 54 30 but

2883 2511 53 31 the
2951 2513 141 39 problem
3122 2512 105 30 before
3250 2511 68 31 that
3350 2513 75 38 tirae_

2883 2563 63 20 was
2962 2554 116 39 simple.
3125 2553 63 29 The
3213 2554 153 38 spectacle
3391 2548 40 36 of

2884 2594 213 30 drunkenness
3126 2604 40 20 on
3194 2605 19 19 a
3227 2595 84 38 huge
3341 2595 78 29 scale

2882 2645 62 20 was
2969 2635 79 30 little
3073 2635 123 31 known.
3240 2635 52 29 Mr
3317 2636 103 39 Lecky

2883 2676 32 30 m
2929 2677 48 29 his
2996 2676 122 40 history
3148 2676 33 30 of
3207 2676 54 30 the
3291 2677 130 38 Eighte-

2883 2718 75 28 enth
3169 2716 158 30 considers
3354 2718 67 28 that

2883 2758 111 29 almost
3017 2758 155 29 universal
3202 2758 148 39 drinking
3374 2762 45 25 set

2883 2798 33 29 m
2930 2798 91 30 when
3035 2798 52 30 the
3103 2798 94 30 house
3212 2798 36 29 of
3271 2798 147 30 Hanover

2885 2838 99 40 began
3006 2840 42 28 its
3072 2839 77 35 rule,
3172 2838 61 30 and
3257 2840 162 38 especially

2885 2880 87 30 when
2998 2880 216 40 gin-drinking
3240 2890 62 20 was
3317 2881 100 29 intro=

2883 2921 106 35 duced,
3006 2921 70 30 that
3090 2921 53 30 the
3159 2922 149 39 specially
3321 2922 93 29 drau-
3453 2950 3 3 .

2885 2962 61 30 ken
2981 2962 102 31 habits
3118 2962 33 30 of
3186 2962 53 29 the
3287 2962 133 40 English

2884 3004 108 30 nation
3006 3005 110 38 began.
3160 3004 32 29 It
3207 3013 96 21 seems
3325 3007 33 25 to
3374 3013 43 28 gs,

2885 3045 163 36 therefore,
3071 3044 68 30 that
3154 3044 54 30 the
3232 3054 81 20 mere
3329 3043 90 30 drink

2885 3087 147 38 problem,
3076 3085 40 39 by
3153 3085 94 35 itself,
3292 3085 61 30 will
3384 3085 35 28 be
3449 3111 2 2 .

2886 3130 76 27 next
2977 3130 32 26 to
3031 3126 177 39 impossible
3236 3129 33 25 to
3285 3130 136 34 separate

2885 3168 26 29 it
2926 3167 78 30 from
3019 3167 52 30 the
3086 3166 93 30 social
3195 3167 146 38 problem.
3381 3166 39 29 So

2886 3209 74 38 long
2976 3219 33 19 as
3035 3216 113 21 masses
3162 3207 33 29 of
3219 3207 110 38 people
3345 3217 76 19 ccvi-

2887 3252 126 35 gregate
3062 3247 143 39 together
3254 3247 34 29 m
3336 3247 92 38 larg<s

2886 3293 107 32 towns,
3017 3289 60 29 and
3092 3299 34 19 so
3149 3288 74 39 long
3238 3297 32 20 as
3292 3297 127 30 country
3454 3283 4 31 I

2887 3330 107 39 people
3010 3340 51 20 are
3076 3329 156 40 relegated
3261 3334 31 24 to
3308 3339 17 19 a
3340 3339 81 19 mere
3436 3343 3 9 <
3454 3345 4 19 i

2887 3371 114 30 animal
3016 3370 61 36 life,
3101 3370 155 30 excessive
3278 3370 143 39 drinkb.g
3452 3370 6 23 i

2888 3412 63 30 will
2966 3422 39 29 go
3034 3422 49 24 on,
3106 3410 62 31 and
3195 3411 26 29 if
3248 3410 87 31 there
3350 3412 25 28 is
3403 3420 17 19 a

2888 3454 141 35 demaud,
3073 3453 89 29 there
3201 3456 84 26 must
3315 3462 108 19 neces-

2889 3494 95 40 sarily
3007 3495 38 29 be
3061 3504 18 19 a
3104 3494 122 39 supply.
3273 3493 61 30 The
3360 3492 62 30 real

2889 3537 182 35 permanent
3113 3535 134 38 remedy,
3285 3544 135 29 appears,

2889 3575 50 29 for
2953 3574 50 30 the
3018 3578 125 36 present
3169 3574 113 39 deadly
3304 3574 117 29 disease

2890 3614 32 31 m
2972 3625 18 19 a
3019 3614 129 41 healthy
3186 3616 63 29 and
3287 3614 130 30 rational

2889 3656 248 30 reconstruction
3165 3656 33 29 of
3242 3656 92 30 social
3362 3655 57 37 life,

2890 3697 33 28 of
2950 3696 54 30 the
3031 3696 150 40 breaking
3211 3706 43 30 up
3283 3697 32 29 of
3350 3696 74 29 such

2889 3737 84 39 large
2988 3747 116 20 masses
3119 3737 133 40 herding
3273 3736 146 40 together,

2888 3778 34 29 m
2934 3778 55 29 the
3000 3783 259 35 encouragement
3273 3779 33 30 of
3320 3779 138 47 labo^r^j

2890 3828 40 21 on
2944 3818 54 31 the
3022 3819 67 35 soil,
3112 3819 62 30 and
3196 3820 54 30 the
3265 3809 193 50 providing*

2890 3870 153 29 everyone
3058 3861 43 29 all
3127 3861 56 30 the
3206 3861 143 30 facilities
3377 3852 81 54 far^

2890 3911 19 20 a
2937 3901 125 40 worthy
3090 3903 117 29 mental
3243 3903 60 29 and
3331 3899 92 32 moral
3435 3903 23 28 1

2890 3941 63 31 life.
3004 3941 119 31 Whilst
3159 3953 48 21 we
3235 3943 188 30 animadvert
3450 3941 8 49 ]

2892 3992 84 30 upon
2986 3983 56 30 the
3050 3985 197 38 suggestions
3257 3985 33 29 of
3304 3983 118 38 dealing

2891 4023 77 31 with
2981 4024 55 30 the
3063 4023 105 31 Drink
3196 4024 143 41 question
3358 4034 31 18 ts
3402 4024 23 28 it
3452 4030 6 24 i

2892 4067 141 35 presents
3061 4064 86 31 itself
3174 4068 35 28 to
3224 4074 39 22 us
3284 4075 79 25 now,
3383 4073 43 21 we
3451 4086 3 13 ;

2892 4104 38 29 do
2945 4107 57 27 not
3014 4104 51 30 for
3079 4115 60 21 one
3153 4109 139 27 moment
3313 4106 111 30 believe
3431 4116 7 15 ?
3447 4104 7 28 I

2892 4145 34 29 m
2940 4145 55 29 the
3009 4146 225 40 possibilify~of
3252 4145 201 42 legislating^

2893 4185 94 29 drink
2998 4189 56 27 out
3068 4186 33 30 of
3115 4187 165 31 existence.
3317 4187 107 30 There-

2892 4225 79 36 fore,
2993 4226 143 32 whether
3150 4226 51 32 Mr
3215 4227 34 31 T.
3265 4224 39 35 B.
3320 4226 109 41 Taylor
3449 4238 3 19 ;

2893 4266 28 31 is
2949 4266 121 32 elected
3104 4279 37 20 or
3175 4272 67 33 not,
3277 4279 46 22 we
3350 4269 78 29 trust

2894 4306 106 32 rather
3014 4312 33 27 to
3061 4308 55 32 tlie
3143 4303 153 38 in%ience
3313 4310 33 30 of
3360 4309 67 31 edu-

2895 4348 135 40 cation,;~
3035 4350 59 40 Iby
3107 4350 103 32 which
3237 4361 47 22 we
3312 4351 39 30 do
3379 4343 56 38 n#

2896 4399 90 21 mean
3000 4391 131 41 reading
3222 4392 135 38 writing,
3372 4391 55 30 bu*
3446 4387 8 53 |

2887 4430 204 36 jmtellectual
3105 4432 64 30 and
3179 4432 99 31 moral
3289 4432 139 37 training,
3442 4422 11 39 1

2897 4471 63 30 and
2974 4474 33 28 to
3022 4472 54 32 the
3103 4472 90 33 work
3206 4473 34 32 of
3268 4472 95 33 social
3390 4479 39 22 re-
3444 4463 8 58 j

1138 53 170 33 OXIOKD
1345 53 229 33 OBSERVER
1639 56 240 35 SATURDAY,
1924 53 202 33 JANUARY
2158 54 50 37 18,
2272 54 82 30 1896

2331 1281 512 49 DRESSMAKING.

2565 1356 33 14 r**7
2619 1358 7 11 ti

2397 1389 96 32 MISS
2516 1392 34 30 E.
2568 1392 199 38 HAWKER,

2317 1444 114 40 (Pupil
2446 1448 33 28 of
2497 1448 75 31 Miss
2587 1448 138 40 Keating
2748 1450 103 30 Scien-

2313 1484 66 32 tific
2389 1486 209 41 Dressmaker,
2614 1490 235 40 Christchurch)

2355 1535 81 42 Begs
2459 1542 34 26 to
2527 1540 115 30 inform
2677 1541 57 30 her
2763 1542 89 40 Lady

2313 1576 132 32 Friends
2504 1580 54 31 she
2572 1581 27 30 is
2615 1591 71 20 now
2700 1583 151 39 prepared

2313 1620 33 25 to
2361 1619 90 29 make
2469 1621 119 30 dresses
2601 1622 33 29 m
2648 1623 204 30 Fashionable

2314 1658 61 29 and
2380 1658 110 32 Latest
2500 1660 108 41 styles,
2620 1665 33 26 at
2663 1662 189 32 Reasonable

2314 1697 136 41 charges.

2365 1749 49 24 She
2453 1751 47 24 lias
2530 1754 122 30 arranged
2688 1754 38 24 for
2753 1758 100 28 present

2315 1787 198 28 WORKROOM
2537 1793 26 24 at
2592 1792 70 25 MRS
2682 1793 170 27 ESKETT'S

2313 1825 119 32 Opposite
2444 1827 74 26 Bank
2529 1829 27 25 of
2565 1830 62 25 New
2638 1831 111 25 Zealand
2759 1832 93 26 Oxford

2438 1871 54 32 Bay
2504 1872 70 25 Road
2588 1873 134 26 Entrance.

2462 2019 239 46 FOUND.

2345 2100 22 25 A
2386 2100 88 26 TRAP
2493 2102 166 27 CUSHION.
2695 2104 91 26 Owner
2805 2113 49 17 can

2310 2137 63 26 have
2394 2139 42 24 the
2454 2147 66 18 sama
2549 2140 33 33 by
2610 2142 119 32 applying
2746 2144 26 23 at
2801 2143 51 25 this

2315 2174 86 27 Office.

2372 2318 45 46 C.
2463 2321 330 57 CLEAVER,

2511 2404 143 23 CAREIER

2327 2444 128 39 OXFORD
2485 2446 43 38 TO
2560 2446 275 42 CHRISTCHURCH.

2338 2582 25 21 A.
2377 2582 87 21 Flether
2474 2582 19 28 ].
2718 2586 36 27 [jr.
2767 2587 81 21 Fuller.

2326 2631 205 42 PLESHEE
2553 2634 70 40 ana
2645 2635 188 41 PULLER.

2491 2691 182 27 SOLICITOES,

2352 2728 13 19 9
2375 2727 124 21 Cathedral
2510 2728 93 27 Square,
2619 2730 191 22 Christchtjkch.

2314 2760 116 27 (Between
2438 2761 111 21 Morten's
2559 2763 118 27 buildings
2687 2764 18 20 k
2715 2764 56 21 Post
2778 2765 73 21 Office.

2353 2796 187 56 Money
2570 2799 54 42 to
2661 2799 142 44 Lend

2313 2862 35 21 On
2357 2862 33 21 all
2397 2862 58 21 kind
2464 2862 24 21 of
2499 2862 112 28 Security,
2619 2864 26 21 at
2663 2864 57 22 Low
2734 2866 78 21 Rates
2830 2866 24 21 of

2339 2908 108 20 Intereit.
2476 2908 90 26 Special
2579 2908 78 22 Trma
2667 2909 35 21 for
2711 2909 111 22 Farmers.

2453 3103 117 31 Copies
2592 3112 40 23 of
2652 3112 64 22 the

2367 3165 175 31 OXFOKD
2575 3165 224 32 OBSERVER

2422 3240 47 18 e*n
2492 3233 31 24 b
2547 3233 120 25 leUined
2689 3234 27 24 at

2333 3277 158 25 ARGILL'S
2504 3285 87 17 comer
2614 3278 27 24 of
2655 3276 139 26 CA.SHEL
2807 3278 48 24 and

2417 3316 163 27 COLOMBO
2601 3316 155 26 STREETS

2492 3357 188 26 Christchurch.

2457 206 268 46 NOTICE.

2321 296 21 57 I
2360 297 47 30 beg
2425 297 26 23 to
2467 296 93 26 inform
2589 297 43 25 the
2655 297 156 25 inhabitants
2834 297 26 25 of

2361 329 94 25 Oxford
2466 330 50 25 and
2525 330 43 25 the
2577 330 84 32 public
2670 330 124 32 generally
2802 330 57 25 that

2320 366 14 24 I
2345 365 63 26 have
2427 367 75 26 taken
2513 376 59 17 over
2590 368 43 25 the
2645 368 114 25 business
2781 368 77 32 lately

2321 407 94 24 carried
2427 414 32 17 on
2469 407 33 32 by
2511 407 138 26 MESSRS
2667 407 190 26 GRIFFITHS

2320 445 96 26 BROS.
2430 446 103 25 General
2544 447 109 25 Carriers
2676 447 50 25 and
2743 449 67 26 trust,
2826 448 31 32 by

2319 484 124 24 attention
2452 486 26 23 to
2490 484 115 26 business
2617 487 26 23 to
2654 487 74 23 merit
2748 494 13 16 a
2785 485 71 25 share

2319 522 27 24 of
2351 522 85 31 public
2448 526 110 29 support.

2352 569 108 26 Covered
2471 571 73 25 Vans
2556 572 50 24 will
2617 579 48 17 run
2687 571 64 26 from
2763 572 93 26 Oxford

2319 614 25 23 to
2356 613 127 32 Rangiora
2504 615 52 25 and
2579 614 180 27 Ghristchurch
2782 624 73 24 every

2318 658 153 32 MONDAY,
2485 661 219 26 WEDNESDAY
2709 680 5 10 ,
2725 662 129 25 FRIDAY

2509 700 150 32 Returning.

2318 736 161 28 TUESDAY
2535 739 190 26 THURSDAY
2782 739 71 26 AND

2476 776 210 26 SATURDAY'S

2350 817 135 27 Furniture
2497 819 49 25 and
2558 820 83 24 Goods
2665 820 27 24 of
2712 828 73 24 every
2805 821 48 24 dis-

2315 856 112 32 cription,
2440 857 92 32 packed
2544 857 50 25 and
2605 857 116 25 removed
2733 859 26 24 at
2771 858 81 26 short-

2315 898 36 22 est
2362 897 91 24 notice.

2348 941 140 26 ORDERS
2509 943 129 24 entrusted
2650 945 26 23 to
2688 943 42 25 Mr
2741 944 32 24 L.
2786 943 66 25 Grif-

2314 979 48 25 fith
2374 980 98 31 Oxford,
2492 983 51 22 who
2554 982 51 25 will
2624 986 40 21 act
2676 991 27 16 as
2714 991 44 24 my
2770 986 81 29 agent,

2314 1028 28 16 or
2354 1022 25 23 to
2391 1020 27 25 C.
2431 1020 29 25 A.
2474 1021 75 32 Tyler
2555 1022 134 32 Rangiora,
2700 1023 49 25 will
2758 1023 94 26 receive

2314 1061 100 29 prompt
2434 1059 134 26 attention.

2502 1099 27 26 C.
2549 1100 29 25 A.
2599 1100 119 26 TYLER

2698 1136 152 33 Proprietor.

1891 4178 270 47 NOTICE.

1758 4320 170 35 PERSONS
1951 4321 239 27 TRESPASSING
2207 4329 34 19 on
2256 4330 41 24 my

1758 4351 22 28 1
1810 4351 96 30 FARM
1936 4353 51 27 win
2010 4355 29 26 be
2067 4353 230 29 PROSECUTED

1757 4391 63 26 after
1834 4391 50 25 this
1902 4389 96 28 Notice.
2163 4412 3 3 .

1750 4421 29 24 rt
1799 4429 14 18 r
1856 4427 38 20 yv
1912 4420 8 24 i
1970 4421 31 27 '^
2019 4430 102 31 ioflU
2138 4435 126 26 BROWN

1929 4486 3 2 -
1978 4486 14 4 -
2003 4499 1 2 .
2018 4489 12 10 v
2100 4478 105 27 Browns
2219 4477 78 27 Rook.

1743 2721 313 78 BURRELL
2086 2723 193 97 BROS.,

1856 2820 166 45 Photogi
2032 2822 143 43 aphers

1742 2883 191 40 VICTORIA
1956 2884 150 49 STUDIO,
2131 2885 59 40 CH.
2218 2886 60 39 CH.

1825 2945 69 26 Take
1913 2947 41 24 the
1971 2947 57 25 lead
2046 2954 60 18 once
2124 2955 70 18 more

1743 2989 67 40 Our
1818 2990 465 53 Fhotographsalltherage

1745 3054 59 32 Aft
1830 3052 22 21 *
1859 3059 41 14 our
1909 3053 52 20 we^
1982 3059 65 15 nown
2058 3053 82 26 highly
2182 3053 62 33 A/
2251 3055 30 25 A

1750 3074 12 26 I
1773 3074 119 27 Scnniske
1898 3081 15 20 d
1927 3080 225 22 nanielledCabinets
2160 3074 13 27 1
2181 3074 13 27 1
2200 3074 13 27 1
2226 3074 55 33 /I*

1746 3097 58 35 IU
1971 3108 35 20 for
2033 3108 56 24 &g-
2157 3097 75 38 IU/
2250 3103 32 30 V

1746 3171 16 38 1
1774 3170 105 39 dozen
1900 3171 205 39 Enamelled
2121 3172 164 40 Cabinets

1745 3222 97 38 with
1854 3232 61 28 one
1924 3222 214 40 15xl2Matt
2148 3224 137 39 surface

1746 3269 299 51 Enlargement
2061 3271 225 42 Beautifully

1854 3326 150 40 Framed
2025 3327 53 40 for
2101 3328 62 40 1.

1746 3384 62 25 This
1819 3384 21 25 is
1853 3392 33 18 no
1897 3386 81 26 sham,
1991 3386 46 25 but
2049 3394 14 17 a
2076 3386 51 26 real
2140 3387 46 32 gift
2197 3387 38 25 for
2243 3388 44 25 the

1747 3423 99 31 coming
1865 3422 123 33 holidays.
2032 3425 45 25 All
2097 3426 68 24 work
2180 3426 64 25 done
2256 3426 32 32 by

1748 3461 161 31 experienced
1931 3462 90 25 hands.
2074 3464 149 24 Remember
2243 3472 46 17 our

1765 3498 155 29 Concession,
1931 3500 30 23 18
1974 3502 26 23 to
2012 3500 42 25 the
2063 3501 79 25 dozen
2154 3502 38 25 for
2202 3502 68 32 10/6.

1748 3537 60 24 This
1827 3538 43 23 the
1889 3539 59 31 only
1964 3540 60 24 time
2040 3540 26 24 m
2085 3540 43 25 the
2149 3541 104 31 History
2265 3541 26 26 of

1748 3574 179 33 Photography
1940 3576 55 25 that
2014 3577 62 24 such
2093 3586 15 15 a
2131 3579 92 24 chance
2242 3579 47 24 has

1750 3620 56 17 ever
1826 3612 60 27 been
1906 3613 107 32 brought
2032 3614 82 26 before
2134 3615 44 26 the
2197 3616 92 32 public,

1750 3652 50 24 and
1811 3660 57 24 may
1880 3660 75 17 never
1971 3662 74 16 occur
2068 3655 82 32 again.
2171 3656 39 24 Sit
2221 3657 70 31 early

1750 3692 186 31 appointments
1948 3692 91 26 should
2050 3693 30 25 be
2092 3694 74 26 made
2183 3694 22 25 if
2222 3702 69 24 poss-

1749 3728 57 26 ible.
1830 3728 200 27 REMEMBER
2051 3731 71 25 OUR
2137 3731 63 26 BIG
2213 3732 77 26 CON-

1751 3768 149 26 CESSION
1912 3769 68 25 FOR
1995 3770 15 24 2
2021 3770 147 27 MONTHS
2188 3771 102 26 ONLY.

1752 3840 99 26 Letters
1862 3840 32 32 by
1905 3842 57 31 post
1973 3843 149 32 punctually
2134 3843 120 26 attended
2266 3846 27 23 to

1766 3900 226 28 PICTURE
2040 3902 240 30 FRAMING

1903 3934 25 21 m
1938 3935 32 20 all
1978 3936 32 20 its
2019 3935 121 21 branches.
2174 3955 3 4 .

1753 3963 166 27 BURRELL
1936 3965 107 30 BROS.,
2065 3967 211 33 Photographers,

1882 4005 109 25 Victoria
2004 4008 84 27 street,
2101 4007 192 26 Christchurch.

1754 4047 111 32 opposite
1877 4048 42 24 the
1929 4048 131 28 Salvation
2072 4050 77 32 Army
2161 4050 132 26 Barracks.

1788 1379 118 32 BOTS
1939 1379 304 31 DEPARTMENT.

1796 1466 86 47 X^p
1929 1475 22 23 T
1967 1482 57 18 now
2033 1476 117 24 continue
2161 1478 26 22 to
2199 1476 87 24 devote

1796 1499 87 47 Jjy^L
1928 1499 23 33 X.
1988 1507 98 31 Special
2105 1507 132 25 Attention
2259 1512 27 20 to

1761 1532 144 46 /WtfZpTih
1968 1547 12 17 s
1994 1540 172 31 Department,
2179 1542 50 22 and
2246 1548 40 17 am

1972 1599 73 21 NOW
2075 1599 156 22 OFFERINa

1818 1673 19 27 A
1865 1659 28 36 'Q
2012 1674 103 21 LARGE
2130 1676 75 21 LINE

1796 1752 24 31 J
1845 1749 28 38 pj
1981 1751 143 20 KNICKER
2145 1751 85 22 SUITS

1801 1782 15 38 |
1841 1771 111 49 l^^at
1966 1784 42 21 the
2027 1784 119 27 following
2159 1785 126 21 SPECIAL

1928 1820 108 21 prices
2046 1829 35 12 -.

1803 1862 31 21 To
1845 1862 28 21 fit
1882 1864 61 26 Boys
1952 1864 13 19 3
1976 1864 72 20 Tears
2059 1864 35 26 5/6
2123 1864 12 20 S
2146 1864 71 21 Years
2232 1864 35 27 5/6

1960 1897 14 20 7
1984 1897 73 20 Years
2068 1897 36 26 5/6
2123 1898 13 20 9
2146 1898 73 21 Years
2234 1898 35 27 5/6

1813 1950 54 47 E.
1908 1951 58 46 H.
1998 1950 220 49 PAEISH

1742 2229 45 45 J.
1812 2229 53 45 T.
1894 2229 202 56 Brown,
2119 2233 42 43 &
2181 2233 98 45 Son

1797 2297 111 20 TIMBER
1918 2298 18 20 &
1947 2297 73 21 COAL
2034 2299 184 22 MERCHANTS.

1918 2335 167 21 IMPORTERS

1743 2370 34 27 Of
1807 2370 142 28 TIMBER
1979 2373 55 27 and
2064 2373 50 27 All
2143 2375 89 26 Kinds
2256 2376 28 27 of

1796 2418 190 28 BUILDING
2010 2420 224 28 MATERIALS.

1933 2464 153 28 COENER

1743 2504 166 27 COLOMBO
1949 2507 19 23 &
1998 2506 99 26 TUAM
2126 2507 158 27 STREETS

1902 2550 196 26 Cfbistohuech

1893 224 127 22 DOUBLE
2042 223 112 21 WIDTH

1769 287 194 44 DRESS
2019 286 258 45 TWEEDS

1931 357 80 38 (half
2027 357 96 38 price)

1808 416 185 38 Homespun
2009 416 35 28 6
2061 413 102 31 worth
2178 414 39 30 10
2220 413 18 41 J

1766 467 101 29 better
1891 465 91 31 value
2008 465 75 29 than
2109 465 169 39 travelling

1829 520 127 39 drapers
1970 519 66 31 will
2051 520 70 37 give
2136 528 70 29 you.

1766 587 210 41 iASMS
2018 586 256 42 J/kCKET.B

1857 639 81 29 New
1960 639 78 29 This
2061 637 125 31 Season
2233 660 5 2 -
2284 667 7 3 ..

1752 688 35 28 8s
1810 685 54 31 6d'
1893 686 146 31 Eeduced
2054 686 81 31 from
2193 687 55 29 12s
2270 688 18 29 6

1752 748 51 28 15-
1813 748 16 29 6
1829 748 32 29 d;
1930 761 26 15 .;
1977 761 50 23 ':-.
2084 765 24 21 .
2137 761 8 16 *
2173 749 73 29 n2os
2268 750 19 28 0

1766 846 238 27 MANCHESTER
2022 847 247 26 DEPARTMENT.

1749 918 115 36 Prints,
1886 919 114 30 checks
2015 919 62 30 and
2099 920 114 39 stripes

1750 971 96 29 Table
1870 971 159 36 Damasks,
2053 973 192 29 unbleached

1830 1022 115 39 special
1967 1023 93 30 value
2076 1022 82 32 from
2177 1022 43 41 1/-

1740 1103 2 2 .
1747 1077 117 30 Brown
1900 1076 139 32 Holland
2074 1088 78 29 very
2188 1078 98 40 cheap

1748 1128 192 32 Flannelette
1956 1129 61 30 and
2032 1129 151 40 Shirting,
2205 1131 81 38 good

1829 1180 91 30 value
1940 1180 81 31 from
2043 1182 51 29 4d.

1746 1229 94 31 Floor
1862 1229 90 31 Cloth
1975 1231 82 39 good
2079 1234 33 27 at
2135 1231 49 30 9d.

1745 1280 90 31 Wide
1857 1281 113 30 Forfar
1992 1285 33 26 at
2048 1282 49 30 6d.

1408 3810 69 22 NEW

1185 3857 266 47 SUMMER

1426 3934 299 44 DRAPERY

1307 4032 122 34 NOW
1460 4031 134 33 OPEN

1186 4160 118 25 PRINTS,
1320 4158 171 25 GINGHAMS,
1505 4158 118 28 DRILLS,

1191 4229 2 7 '
1218 4236 145 25 ZEPHYRS,
1377 4234 107 26 MULLS,
1499 4233 227 26 FLANNELETTS,

1187 4311 94 24 DRESS
1295 4313 135 25 TWEEDS,

1326 4353 26 19 4s
1366 4350 43 22 lid
1436 4349 55 23 Full
1504 4349 70 22 Dress
1587 4348 58 21 with
1653 4348 76 27 lining

1189 4417 114 21 COTTON
1317 4416 92 22 DRESS
1423 4415 140 25 MUSLINS,
1608 4431 3 14 ,
1629 4431 1 2 .
1663 4435 3 5 ,
1690 4438 3 5 ,
1697 4425 9 16 r
1707 4426 13 9 ..

1354 4493 136 23 OSBORNE
1505 4493 98 22 CRAPE
1620 4492 99 23 CLOTH

1207 3081 254 27 FLANNELETTS
1475 3084 18 23 &
1507 3082 189 31 GALATEAS,

1176 3139 30 25 In
1229 3140 124 32 quantitie
1377 3142 49 24 and
1447 3142 117 31 qualities
1582 3151 72 16 never
1674 3144 41 30 yet

1175 3178 87 32 placed
1273 3179 82 25 before
1368 3179 91 25 Oxford
1472 3180 97 32 buyers.
1581 3180 69 25 Such
1661 3182 54 30 pat-

1177 3219 76 27 terns,
1267 3217 60 24 such
1339 3218 106 28 colours,
1459 3219 61 23 such
1532 3220 119 27 textures,
1661 3219 55 24 that

1177 3261 48 17 one
1236 3255 126 30 naturally
1373 3254 58 26 asks
1443 3255 55 25 how
1511 3255 59 32 they
1581 3263 43 17 are
1644 3257 72 24 made

1177 3293 38 25 for
1237 3293 43 25 the
1302 3294 75 31 price.
1421 3294 44 32 My
1489 3294 115 32 Glasgow
1627 3295 90 32 buyers

1177 3332 114 31 pounced
1308 3340 68 24 upon
1396 3340 15 17 a
1433 3333 52 24 line
1507 3333 67 25 fresh
1594 3333 64 25 from
1674 3333 43 26 the

1178 3370 87 30 looms,
1277 3371 73 24 made
1362 3370 122 26 excellent
1495 3372 76 24 terms
1591 3371 61 25 with
1673 3371 44 25 the

1179 3408 94 28 maker,
1283 3408 103 32 shipped
1397 3410 26 23 at
1435 3415 61 18 once
1508 3410 26 23 to
1543 3416 49 21 me,
1602 3409 50 25 and
1659 3409 59 25 here

1179 3448 59 33 they
1251 3457 48 21 are,
1313 3457 66 16 some
1392 3450 49 23 100
1452 3449 90 31 pieces,
1550 3448 50 25 and
1607 3449 13 24 I
1631 3449 87 25 intend

1179 3490 27 23 to
1217 3488 73 25 make
1302 3495 15 18 a
1329 3488 69 25 noise
1419 3488 77 26 about
1519 3488 70 26 them
1599 3497 6 21 ;
1618 3497 32 17 no
1671 3496 48 18 one

1180 3527 50 25 else
1240 3528 48 25 has
1299 3528 41 24 the
1352 3529 113 29 patterns
1472 3535 6 21 ;
1490 3535 34 18 no
1547 3535 48 18 one
1618 3528 51 25 else
1691 3529 28 24 m

1180 3565 44 24 the
1235 3565 71 24 trade
1316 3573 46 16 can
1376 3565 60 24 offer
1454 3565 62 24 such
1527 3566 80 24 value.

1209 3603 257 26 FLANNELETTE
1482 3605 29 24 2s
1530 3605 48 24 lid
1587 3604 78 25 dozen
1674 3605 46 31 yds

1181 3651 28 17 or
1220 3651 47 23 any
1278 3643 89 32 length
1378 3646 43 23 cut
1433 3645 26 24 at
1479 3645 33 24 3d
1530 3652 44 24 per
1593 3645 70 30 yard.
1698 3645 22 24 A

1181 3680 113 33 splendid
1310 3688 77 25 range
1404 3681 28 25 of
1445 3683 120 30 patterns.

1173 2276 94 52 Ifln
1298 2277 37 42 D
1338 2276 74 30 AIR
1415 2277 21 30 S
1453 2277 32 30 of
1502 2277 209 32 CURTAINS

1174 2309 93 47 IUU
1298 2325 22 30 1
1377 2317 110 30 Ijate&fe
1512 2318 135 40 Designs

1268 2363 81 30 from
1441 2373 56 30 per
1526 2365 78 39 pair.

1173 2612 121 30 Ladies'
1319 2612 87 31 Rock
1421 2612 102 31 Straw
1538 2613 133 30 Boaters

1319 2664 106 40 Fancy
1450 2664 94 30 Sailoi

1173 2714 94 40 Boys'
1283 2716 62 28 and
1360 2714 100 31 Maids
1478 2714 142 33 Galateas

1174 2808 100 29 Black
1289 2807 121 30 French
1428 2807 182 31 Cashmeres

1174 2858 99 32 Black
1289 2859 28 29 &
1330 2858 64 32 Col.
1414 2859 123 31 French
1558 2859 155 32 Merinoes

1291 1206 320 34 PARISH'S

1433 1514 111 33 IUU
1559 1514 113 35 IJtlb

1452 1599 66 34 All
1547 1600 106 35 Wool

1381 1679 179 26 COLONIAL
1585 1683 129 24 TWEED

1427 1753 219 35 SUITS

1213 1838 129 33 From
1367 1839 90 40 12/6
1478 1847 74 31 per
1574 1841 94 37 suit.

1300 1896 80 32 (three
1398 1897 147 33 garments.)

1175 1940 94 26 Cannot
1280 1942 26 23 le
1313 1942 138 30 purchased
1462 1945 25 20 at
1504 1942 172 25 Christchurch
1688 1951 27 15 or

1288 1984 124 25 elsewhere
1424 1989 26 19 at
1457 1985 36 23 the
1501 1986 78 30 price.

1202 2079 142 49 LACE
1396 2081 287 48 CURTAINS

1231 202 168 34 ALL
1436 200 246 37 WOOL

1183 255 201 49 Colonial
1425 255 176 48 Ftenarf
1650 256 74 50 91.

1185 331 132 40 cheaper
1332 333 77 29 than
1425 342 58 22 can
1502 333 38 31 be
1552 334 172 39 purchased

1184 385 32 26 at
1246 383 125 30 auction
1399 393 35 20 or
1453 384 83 29 from
1574 385 150 31 itinerant

1369 430 137 40 drapers:

1181 604 247 50 EIIAPOI
1470 606 252 50 TWIEBS.

1180 688 122 78 PULL
1319 690 143 31 KANGE
1476 692 34 29 of
1517 692 63 29 this
1594 693 125 31 Season'

1259 729 146 32 Patterns
1425 735 33 26 to
1489 732 92 30 hand:

1437 783 25 23 at

1283 822 36 31 R,
1345 823 42 28 .H
1409 824 199 31 PARISH'S

1325 882 91 25 EAST
1434 884 147 26 OXFORD.

1310 931 135 23 INTENDS
1460 935 37 19 TO
1514 935 73 20 SELL

1178 970 179 29 seasonable
1366 972 96 36 goods
1473 975 32 26 at
1511 973 100 39 prices
1622 975 99 31 below

1179 1018 69 30 that
1267 1019 34 29 of
1315 1030 61 30 any
1401 1020 224 35 Christchurch
1649 1027 68 31 firm

744 3155 263 46 NOTICE.

640 3240 83 25 MISS
744 3239 103 25 TRITT
859 3239 61 31 begs
940 3241 26 23 to
978 3246 131 18 announce
1120 3240 27 24 to

606 3284 42 24 the
670 3283 83 32 public
765 3283 28 24 ef
810 3282 96 25 Oxford
916 3281 57 26 that
994 3281 44 25 she
1050 3282 22 24 is
1091 3289 56 18 now

607 3328 75 30 agent
704 3326 38 25 for
765 3325 116 26 Powell's
906 3325 130 25 Columbia
1057 3325 89 30 Fitter,

607 3370 51 25 and
669 3370 22 25 is
709 3369 115 32 prepared
836 3370 27 24 to
883 3368 58 25 take
952 3368 83 31 pupils
1056 3368 38 25 for
1105 3368 45 25 the

608 3413 85 26 above.
718 3413 50 25 For
788 3414 75 24 terms
876 3411 50 26 and
944 3412 35 24 all
1000 3412 150 31 particulars

607 3457 75 32 apply
702 3459 34 26 to,
755 3456 83 25 MISS
856 3456 112 29 TRITT,

779 3499 87 30 Queen
891 3498 92 30 Street,

839 3542 64 24 East
934 3541 101 25 Oxford.

610 3669 225 26 PREVENTION
854 3668 33 24 IS
904 3667 139 25 BETTER
1056 3666 94 25 THAN

845 3707 106 26 CURE.

727 3781 54 24 that
792 3780 44 25 the
847 3779 134 25 Influenza
990 3779 131 31 Epidemic
1130 3778 24 24 is

612 3804 32 36 IN
687 3814 76 25 about
783 3813 41 24 the
843 3812 184 32 neighbouring
1044 3811 110 25 districts

612 3855 33 17 no
658 3848 74 24 home
744 3846 89 25 should
846 3845 30 25 be
887 3845 105 24 without
1003 3845 45 24 the
1067 3845 87 30 Platy-

614 3887 47 25 pus
665 3878 87 26 Brand
763 3879 26 25 of
802 3878 155 31 Eucalyptus
967 3876 124 26 Globulus
1103 3876 52 24 Ex-

614 3915 64 23 tract
690 3914 26 23 to
729 3912 30 25 be
771 3911 77 25 taken
859 3918 69 24 upon
944 3918 82 23 t.ugar,
1048 3918 29 16 or
1092 3909 28 24 m
1140 3916 15 17 a

614 3945 66 25 little
691 3944 72 24 milk.
800 3943 51 24 The
862 3944 68 23 most
944 3942 150 25 convenient
1106 3941 50 24 and

614 3978 114 31 pleasant
739 3984 55 24 way
806 3979 27 21 to
844 3976 58 24 take
925 3974 157 32 Eucalyptus
1094 3973 23 25 is
1128 3973 29 25 m

614 4011 33 24 he
659 4010 120 31 Platypus
791 4008 88 25 Brand
899 4007 28 25 of
944 4007 146 31 Euacyptus
1110 4005 45 25 Ju-

612 4042 84 32 jubes,
706 4042 60 31 they
778 4049 42 17 are
828 4041 26 23 m
865 4040 62 25 such
937 4048 15 16 a
959 4038 125 33 palatable
1091 4038 65 25 form

614 4076 115 30 pleasant
770 4075 28 23 to
831 4074 72 26 taste,
944 4071 133 31 antiseptic
1107 4071 50 24 and

614 4107 142 25 stimulant.
802 4104 117 32 Sprinkle
942 4111 63 24 your
1031 4102 125 27 handker-

615 4140 68 25 chief
692 4139 50 24 and
761 4144 85 19 rooms
857 4137 61 25 with
937 4138 42 23 the
998 4135 42 26 oil.

618 4191 27 24 BE
656 4189 59 26 SURE
722 4189 43 25 YOU
776 4187 118 27 PURCHASE
903 4186 47 26 THE
959 4186 116 25 PLATYPUS
1084 4186 74 26 BRAND

696 4234 32 25 B.
739 4231 93 27 Parish
843 4231 84 32 Agent
937 4229 39 26 for
988 4229 102 26 Oxford.

615 4278 75 25 Office
698 4277 41 25 No
749 4278 14 23 9
777 4274 176 32 Oathedralsq.
972 4272 184 26 Ohristchurch

713 4358 137 45 FOR
875 4354 186 48 SALE.

614 4424 42 57 A
657 4423 70 26 stack
737 4423 28 24 of
780 4422 86 25 OATS
878 4421 51 25 and
946 4419 83 29 HAY,
1053 4419 37 25 for
1107 4418 51 25 fur-

673 4457 57 25 ther
735 4455 160 32 -particulars,
903 4453 74 32 apply
989 4454 27 24 to
1028 4452 43 28 the
1081 4450 77 27 Office

615 4489 52 26 this
696 4496 83 25 paper.

742 1502 266 45 NOTICE.

606 1578 95 29 LOST,
731 1578 140 32 STOLEN,
901 1580 45 24 OR
974 1580 169 25 STRAYED.

638 1675 34 23 40
688 1674 97 25 merino
808 1682 63 18 ewes
894 1675 65 25 from
976 1683 95 17 reserve
1095 1676 48 24 462

606 1716 93 25 VIEW
717 1717 94 30 HILL,
833 1717 76 32 lately
921 1715 116 34 occupied
1052 1719 32 31 by
1103 1719 41 24 Mr

606 1759 160 25 CHARLES
787 1760 146 29 GORTON,
950 1769 96 23 anyone
1061 1762 83 30 giving

605 1802 161 25 information
783 1803 57 24 that
863 1804 51 24 will
929 1804 56 24 lead
1008 1806 26 22 to
1051 1804 43 24 the
1106 1812 37 16 re-

605 1853 85 23 covery
707 1846 27 24 of
749 1846 41 24 the
807 1854 70 16 same
894 1846 51 25 will
962 1847 30 24 be
1008 1847 134 25 rewarded.

703 1889 80 31 Apply

771 1932 31 24 R.
815 1931 129 26 PARISH

936 1975 69 25 View
1028 1975 62 26 Hill.

767 2039 86 24 Brand
872 2039 47 33 P5
938 2040 63 25 Red.

736 2159 267 45 NOTICE.

848 2234 65 28 TO

618 2290 364 38 WAIMAKARIRI-ASHLEY
1013 2290 115 38 WATER

682 2352 125 38 SUPPLY
830 2351 240 39 CONTRACTORS

630 2420 54 22 Just
693 2420 104 22 received
806 2427 14 14 a
827 2420 158 27 consignment
994 2420 24 21 of
1034 2421 81 25 strong

604 2488 259 43 MOLESKIN
891 2488 250 43 TROUSERS

840 2560 46 15 AND

625 2598 242 38 COTTON
896 2598 79 38 SH
983 2599 14 35 I
1006 2598 116 38 RTS

868 2641 13 12 *

605 2685 53 38 for
674 2686 94 49 price
785 2685 69 39 and
870 2685 144 49 quality
1028 2686 63 37 not
1106 2685 37 38 to

770 2753 42 38 be

654 2814 34 37 A
717 2813 134 49 Special
874 2813 113 49 Cheap
1010 2813 84 38 Line

604 2882 225 48 WELSH
851 2881 293 47 FLAIHII*

703 2964 39 25 for
759 2964 80 25 men's
856 2963 145 26 undershirt
1019 2964 46 23 etc.

665 3008 41 30 R.
721 3007 42 32 H.
780 3007 170 37 PARI3H,
966 3008 137 30 .Draper

896 3055 88 31 East
1008 3057 137 29 Oxford

670 196 196 43 MUSICAL
907 195 180 43 TUITION
1129 234 9 10 ,

614 262 141 40 PIANO,
785 265 188 36 SIEGING,
997 263 156 37 VIOLIN,

656 305 148 31 ORGAN
869 305 86 30 ETC.
1018 305 93 30 ETC.

717 378 64 28 MR
818 378 31 30 S.
880 377 182 32 MAYSON.

614 438 67 30 Has
715 439 162 30 vacancies
906 439 48 29 for
975 439 101 39 pupils
1119 438 31 29 m

741 484 98 30 above
875 484 146 38 subjects.

712 597 88 24 Terms
829 605 32 16 on
890 597 160 31 application.

613 694 189 44 Pianos
825 696 100 42 and
951 695 198 55 Organs

741 760 80 24 tuned
837 761 51 23 and
904 760 121 30 repaired.

611 816 118 25 AGENT
747 817 68 24 FOR
832 816 137 25 MILNER
981 818 167 24 THOMSON

759 902 83 40 FOR
886 903 115 40 SALE

642 964 50 24 AN
707 964 156 24 UPRIGHT
877 964 118 25 GRAND
1009 965 106 24 PIANO

642 1036 171 25 Instruments
825 1045 44 16 can
881 1037 31 25 be
929 1039 120 30 procured
1061 1047 32 15 on
1105 1039 42 24 the

610 1079 57 25 time
684 1083 119 29 payment
814 1082 100 30 system,
1046 1100 6 7 ,
1127 1099 6 5 ,

752 1124 75 26 From
839 1126 33 24 1
892 1133 15 18 a
919 1126 94 25 month.

676 1212 116 25 SHEET
805 1212 109 25 MUSIC
922 1213 39 24 IN
971 1213 108 24 STOCK

609 1256 143 38 SONGS,
976 1260 167 30 DUETTS

757 1305 120 25 VIOLIN
889 1306 115 25 SOLOS.

608 1353 116 25 Addross.
761 1354 117 31 Opposite
908 1355 73 24 Bank
998 1355 27 24 of
1052 1356 30 23 N.
1115 1356 30 24 Z.

801 1407 149 26 OXFORD.

47 3917 232 27 CANTERBURY
301 3917 94 25 LAND
414 3916 171 25 DISTRICT.

66 3950 115 27 SMALL
204 3950 157 25 GRAZING
386 3950 72 24 RUN
477 3949 91 25 OPEN

165 3983 68 24 FOR
266 3982 202 24 SELECTION.

82 4014 25 26 It
127 4015 21 24 is
179 4014 89 32 hereby
285 4015 103 24 notified
413 4015 27 24 m
459 4017 78 22 terms
562 4013 27 25 of

51 4048 62 24 'The
125 4047 72 25 Land
216 4047 48 24 Act
285 4048 72 23 1892'
369 4048 49 23 and
440 4047 62 24 'The
513 4046 74 25 Land

49 4081 38 23 for
111 4080 145 24 Settlement
280 4079 54 29 Act,
365 4080 73 24 1894'
461 4081 56 23 that
543 4079 44 24 the

48 4111 225 26 undermentioned
301 4111 73 25 lands
391 4119 41 17 are
448 4119 57 18 now
522 4118 64 24 open

49 4145 38 25 for
99 4144 148 31 application
270 4145 26 23 at
308 4144 51 24 this
371 4144 70 24 office
452 4144 80 24 under
545 4144 42 24 the

51 4177 81 26 Small
146 4176 110 30 Grazing
267 4175 58 25 Run
346 4177 108 29 System.

81 4208 98 26 Sectioa
198 4209 16 23 2
228 4207 92 32 Ashley
341 4208 82 31 Gorge
438 4208 148 24 Settlement

48 4241 51 26 and
111 4241 100 26 Section
225 4241 89 25 36589.
350 4240 65 25 Area
428 4242 47 23 915
483 4248 36 17 ac.
532 4241 53 24 2ro.

49 4276 40 29 2p.
113 4274 99 25 Annual
230 4275 57 23 rent
320 4274 67 24 101
411 4276 52 22 11s.
508 4273 78 25 Plans

48 4314 58 24 may
117 4306 31 25 be
160 4314 59 17 teem
237 4308 26 23 at
275 4305 112 32 Railway
405 4306 113 25 Stations
536 4305 49 25 and

49 4338 60 25 Post
138 4338 95 30 OfiUts,
259 4338 50 25 and
337 4338 116 26 obtained
482 4345 33 19 on
541 4345 43 25 ap-

49 4371 118 31 plication
179 4373 26 23 at
213 4372 51 24 this
276 4373 76 23 office.

213 4404 22 24 I.
255 4403 38 25 W.
319 4405 30 22 A.
367 4402 200 25 MARCHANT.

50 4434 103 26 District
165 4434 82 30 Land,
258 4436 50 24 and
320 4436 93 31 Surrey,
428 4436 68 25 office
512 4435 73 25 Com-

48 4467 128 27 jnissiontr
187 4469 25 23 of
224 4468 86 25 Crown
325 4469 91 24 Lands.

331 4500 185 27 Cbristchurch.

105 1474 99 24 WEST
224 1472 138 24 OXFORD
376 1470 135 26 SCHOOL

197 1510 213 26 COMMITTEE.

54 1601 12 21 A
82 1597 225 26 PPLICATIONS
325 1605 41 15 are
377 1595 95 26 invited
483 1595 36 25 for
537 1595 40 24 the

39 1618 42 38 A
115 1630 108 31 position
240 1630 28 23 of
291 1629 103 24 PUPIL
412 1628 164 24 TEACHER

39 1666 39 24 for
96 1664 40 24 the
155 1663 70 25 West
245 1661 91 25 Oxford
361 1661 99 25 School.

72 1695 170 33 Applications
273 1694 64 26 from
371 1694 99 29 eligible
486 1692 90 32 youths

41 1731 27 24 of
84 1730 78 24 either
188 1736 50 21 sex,
266 1727 174 31 accompanied
474 1726 31 31 by
533 1725 43 25 the

38 1770 125 17 necessary
181 1761 143 24 certificates
341 1761 67 23 must
425 1759 29 24 be
475 1761 56 22 sent
549 1758 27 23 m

36 1796 81 25 before
162 1795 40 23 80.
213 1802 23 23 p.
249 1801 36 16 m.
295 1801 33 17 on
340 1792 144 24 MONDAY
508 1791 66 24 20th.

37 1827 167 28 JANUARY,
242 1827 81 29 1896.,
364 1827 26 23 to
414 1825 44 24 the
486 1824 89 25 under-

37 1862 93 29 signed.

126 1894 31 23 G.
171 1891 180 25 JOHNSTON
364 1889 176 25 WEBSTER.

341 1923 142 25 Chairman.

179 2058 267 48 NOTICE.

139 2135 154 25 BRIDGES
327 2132 145 27 CLOSED.

71 2180 130 26 NOTICE
221 2180 21 24 is
259 2178 91 32 hereby
366 2178 73 31 given
456 2176 57 25 that
532 2176 41 25 the

37 2224 58 25 Two
111 2223 103 31 Bridges
232 2223 26 23 m
276 2222 69 31 High
365 2220 81 26 Street
458 2227 57 17 over
531 2218 43 26 the

39 2267 88 25 School
142 2266 79 25 Drain
235 2265 48 24 and
299 2265 72 25 Main
391 2264 88 25 Drain.
515 2263 59 25 Also

39 2307 100 24 Booth'B
166 2306 91 31 Bridge
293 2314 33 15 on
350 2305 44 24 the
414 2304 71 24 Main
501 2303 73 25 Bush

37 2345 69 24 Road
122 2352 42 17 are
179 2343 81 25 closed
276 2343 36 25 for
327 2343 79 25 traffic
426 2343 91 30 during
534 2349 39 17 re-

37 2388 72 31 pairs.

142 2430 112 25 JAMES
272 2429 34 25 H.
327 2429 146 29 SHARPE,

236 2473 72 25 Clerk
326 2474 26 23 to
369 2472 44 24 ths
430 2472 90 24 Board.

58 2594 70 24 DOG
181 2592 259 26 REGISTRATION
484 2592 72 24 1896.

37 2680 143 33 \TOTICE
209 2681 21 23 is
257 2679 92 30 hereby
374 2679 73 30 given
464 2677 55 25 that
533 2676 42 25 the

39 2703 31 35 IN
103 2712 138 26 OXFORD
273 2711 93 25 ROAD
396 2710 114 25 BOARD
529 2710 46 23 lias

35 2746 67 25 fixed
153 2746 42 24 the
231 2744 169 31 Registration
440 2743 60 23 Fees
536 2742 38 24 for

38 2780 68 30 Dogs
124 2780 26 22 m
167 2779 41 23 the
235 2777 93 24 Oxford
353 2776 105 24 District
476 2783 27 16 as
529 2775 45 24 fol-

37 2813 69 24 lows.

73 2844 81 31 Sheep
172 2843 51 24 and
240 2843 80 24 Cattle
347 2841 76 32 Dogs,
451 2840 61 25 used
538 2839 38 25 for

38 2879 41 25 the
92 2878 51 25 sole
160 2884 106 24 purpose
279 2876 24 24 of
319 2874 106 31 herding
435 2882 27 17 or
479 2874 97 30 driving

39 2911 78 28 stock,
138 2912 34 23 2s.
193 2911 39 23 Gd.

72 2944 40 24 All
133 2944 71 24 other
221 2943 67 30 Dogs
308 2949 33 19 up
359 2943 26 23 to
403 2940 88 24 March
510 2940 64 24 31st.

37 2980 38 23 Bs.
94 2978 63 24 after
169 2976 56 25 that
244 2975 57 24 date
322 2975 52 24 10s.

238 3014 114 25 JAMES
371 3014 36 24 H.
427 3011 147 27 SHARPE.

172 3059 79 29 Clerk,
271 3057 93 26 Oxford
388 3056 69 25 Road
486 3055 90 25 Board.

37 3199 97 32 LIST
164 3198 53 30 OF
240 3194 214 33 LICENSED
482 3192 95 32 AUC-

198 3235 220 33 TIONEERS.

73 3288 195 33 DISTBICT
286 3287 54 31 OF
362 3286 185 31 OXFORD.

41 3349 21 57 I
75 3348 89 29 hereby
174 3345 54 32 give
241 3342 126 26 NOTICE
390 3342 55 24 that
458 3342 41 24 Mr
511 3342 66 24 John

75 3382 103 30 Ingram
199 3377 82 25 whose
299 3376 131 28 residence,
450 3375 48 24 and
511 3375 68 31 place

40 3416 25 23 of
82 3414 113 24 business
225 3411 20 24 is
271 3409 88 25 within
390 3408 49 25 this
465 3408 113 28 District,

47 3450 45 22 has
106 3448 61 23 byen
179 3444 60 31 duly
259 3442 109 25 licensed
380 3445 24 21 to
414 3441 45 25 sell
471 3441 32 31 by
515 3441 63 24 Auc-

40 3482 56 24 tion
120 3479 39 25 for
177 3477 86 25 twelve
276 3476 111 28 months,
406 3477 26 22 to
461 3475 28 24 be
512 3481 66 17 com-

41 3513 77 32 puted
130 3512 63 24 from
219 3510 44 24 the
284 3511 46 22 Ist.
349 3509 46 30 day
408 3507 26 25 of
458 3507 120 31 January,

42 3547 75 23 1896,

174 3584 115 25 JAMES
308 3583 34 25 H.
363 3582 147 26 SHARPE.

209 3623 79 29 Clerk,
301 3623 92 25 Oxford
407 3622 70 25 Road
488 3620 91 26 Board.

38 205 408 49 h^^^vri-abhley
462 210 124 24 water

38 235 268 61 Hb^H^^
313 251 162 28 district
479 271 5 5 .

418 296 36 23 for
477 296 43 24 the
537 296 46 24 fol-

336 361 83 24 Water
438 360 102 32 Supply.

44 383 243 41 Conffl^H^PrO.

103 413 230 40 EXCAVATION,
345 425 31 23 GO
386 425 96 29 chains,
492 425 89 27 Wood-

46 454 70 26 stock
135 454 70 25 Road
223 458 26 22 to
267 456 76 25 River
360 456 74 32 Eyre.

112 488 115 30 Cooper's
246 489 78 24 Creek
336 489 85 25 Water
446 489 102 31 Supply.

45 521 119 24 Contract
181 521 39 24 No
244 522 24 22 4.

112 553 262 25 CONSTRUCTION
395 554 26 24 of
431 554 30 32 If
477 554 71 23 miles
559 553 27 23 of

43 588 77 23 water
144 586 113 30 channel,
284 591 54 27 part
362 587 99 24 boulder
486 585 97 33 pitched

44 621 50 22 and
112 624 54 26 part
184 620 62 23 with
263 620 57 24 falls
329 628 5 20 ;
355 621 14 21 3
387 620 116 26 culverts,
533 618 50 24 and

44 652 62 24 road
129 652 131 24 diversion.
303 652 33 23 Or
353 653 123 22 alternate
504 651 77 24 TEN-

43 685 93 24 DERS
158 693 53 22 may
239 693 25 15 oe
289 687 56 21 sent
361 686 27 21 m
406 685 36 23 for
466 684 117 24 Contract

44 717 47 25 No.
110 719 24 23 4.
150 718 25 24 m
193 718 40 24 the
243 717 126 31 following
386 717 44 24 sub
434 717 137 25 -divisions.
574 731 8 4 -

44 750 48 25 No.
112 752 22 23 1.
154 751 69 24 Road
240 750 131 28 diversion,
388 750 50 24 and
456 750 32 24 70
497 750 86 24 chains

112 783 26 25 of
153 783 112 28 channel,
284 785 54 28 part
363 782 102 24 boulder
481 782 101 31 pitched

112 816 48 23 and
176 819 54 27 part
249 816 61 23 with
327 815 65 24 falls.

44 848 52 24 No.
122 849 23 23 2.
171 850 31 24 70
227 848 87 24 chains
338 848 26 24 of
388 847 107 24 channel
521 846 59 24 with

112 881 65 24 falls.

50 913 48 25 No.
117 915 22 22 3.
160 912 259 25 CONSTRUCTION
442 912 25 23 of
490 913 13 22 3
524 919 57 16 con-

111 947 66 22 crete
194 945 116 28 culverts,
334 945 32 24 60
390 945 57 26 feot,
473 945 33 23 40
523 943 57 28 feet,

110 978 49 23 and
176 979 32 22 20
231 978 49 23 feet
300 978 64 30 long.

42 1020 76 26 Plans
136 1021 50 24 and
213 1020 176 32 specifications
411 1027 47 17 can
476 1018 29 25 be
524 1025 57 18 seen

110 1055 25 23 at
153 1053 43 24 the
213 1053 68 24 office
299 1053 26 24 of
339 1055 42 22 the
401 1052 81 24 Board
494 1054 25 22 at
532 1051 48 25 Ox-

98 1105 2 3 .
110 1086 61 29 ford,
190 1086 82 24 where
290 1085 98 24 tenders
404 1084 133 25 addressed
555 1085 26 22 to

111 1119 43 25 the
180 1118 132 26 Chairman
337 1118 51 25 will
413 1117 31 26 be
470 1115 110 27 received

110 1154 45 22 not
175 1152 62 24 later
249 1152 59 24 than
320 1153 31 23 10
361 1159 22 16 a.
400 1159 31 16 m.
447 1157 33 18 on
490 1150 90 24 Thurs-

111 1185 55 30 day,
185 1185 62 23 23rd
263 1184 48 31 day
330 1183 25 25 of
371 1183 123 29 January,
506 1183 73 24 1896.

111 1217 53 24 The
187 1218 84 23 lowest
297 1224 27 16 or
348 1223 49 23 any
431 1215 84 24 tender
533 1215 46 22 not

109 1249 147 30 necessarily
284 1248 127 30 accepted.

108 1293 31 23 G.
159 1291 177 25 JOHNSTON
361 1290 182 29 WEBSTER,

173 1335 126 31 Engineer
316 1336 25 22 to
359 1333 43 24 the
420 1333 90 24 Board.
