2520 4010
825 141 121 21 CUSTOM
961 138 124 22 HOUSE.

678 212 35 8 -
729 194 10 22 \
790 200 10 19 '■)
807 210 5 10 •,
865 194 165 23 ''.'"IMPORTS.S'>
1076 194 4 3 '
1095 194 6 22 f

671 235 9 13 <■
685 230 30 20 Ik
722 236 45 14 the
790 230 15 19 .V
807 228 6 14 :
1013 225 6 11 *
1028 231 70 17 from,
1101 224 132 21 Sydney.—

658 258 104 25 Schultze,
770 256 104 26 Agent—
875 256 26 19 ll
915 255 50 25 bags
975 254 50 24 rice,
1042 254 12 19 8
1064 252 64 20 boxes
1143 250 88 25 candles,
1233 268 9 12 4

659 285 26 19 12
701 285 49 24 bags
759 284 71 23 coffee,
847 283 26 19 25
884 282 60 20 casks
962 280 62 27 pork,
1040 280 26 21 70
1082 278 150 26 bagsflour,yß

657 318 58 14 cases
724 311 78 25 cheese,
812 311 27 21 72
850 310 67 23 hams,
927 309 26 20 35
971 306 79 22 barrels
1058 306 61 26 pork,
1130 306 13 19 4
1160 305 72 20 tierces

657 339 94 24 tobacco,
761 339 26 19 25
797 343 57 15 cases
864 337 74 25 cherry
951 334 89 26 brandy,
1050 334 13 19 3
1073 339 31 20 qr.
1120 332 59 20 casks
1188 333 43 25 gin,

657 367 14 19 3
680 366 78 20 barrels
767 365 34 21 old
806 367 52 18 torn.
873 383 4 5 ,
886 363 152 25 Passengers—
1038 360 54 21 Mrs.
1099 360 83 23 Brown,
1188 359 44 20 Mr.

659 389 152 28 Schulfze,;Dr.
821 390 115 25 Kicharai,'
948 384 44 36 %.
1003 388 107 25 Langdon,
1120 386 45 21 Mr.
1179 386 52 26 Ray,

658 421 42 20 and
709 420 42 22 Mr.
762 415 104 25 Christie."'
880 421 25 26 ;.'
917 419 11 28 {
936 417 35 31 ■*[
992 414 18 14 '*
1092 438 4 5 .
1190 433 10 6 *

802 473 115 20 Inwards
918 482 26 4 —
945 471 146 20 Coastwise.
1101 479 4 6 *

656 520 2 6 ,
687 506 28 20 In
723 511 44 15 the
956 508 65 14 krom
1028 501 103 20 Nelson.
1132 510 27 5 —
1159 500 73 25 Agent,

661 534 94 24 Captain.
756 542 29 5 —
785 532 9 20 4
804 532 52 25 kegs
865 531 85 24 nails,6
964 529 54 20 head
1028 528 70 25 cattle,
1109 528 13 19 2
1132 527 74 26 calves,
1220 527 11 19 1

659 567 56 13 mare
740 560 41 21 and
803 559 51 24 foal,
881 558 66 20 151bs.
971 556 76 20 cloves.
1085 555 148 24 Passengers-

659 588 86 25 Messrs-,
765 587 85 25 Arthur,
862 585 69 24 Stiles,
951 583 82 23 Harris,
1054 581 66 24 Cook,
1134 581 97 24 Gardner,

659 614 44 21 Mr.
720 614 40 21 and
779 614 53 21 Mrs.
846 612 104 24 Rankine,
959 610 45 20 Mr.
1014 609 41 21 and
1063 609 56 20 Mrs.
1129 608 57 27 King
1195 608 38 22 and

658 640 42 25 twjp
713 641 107 22 children...
899 635 14 28 ,-'

687 668 30 21 In
725 674 45 14 the
1032 669 63 14 from
1104 663 130 20 Nelson.—

661 696 72 24 Wade,
741 696 103 25 Agent.—
845 695 14 20 X
868 693 95 25 caskale,
974 692 13 23 4
997 694 38 17 ton
1042 696 68 20 sugar,
1122 691 10 19 1
1144 692 37 18 ton
1188 690 44 25 salt,
1238 693 2 11 >

660 724 26 19 14
697 723 40 20 and
746 722 14 23 £
768 724 49 18 tuns
822 721 62 20 black
893 720 37 25 oil,
942 720 11 20 1
963 721 42 18 ton'
1009 718 127 24 whalebone,
1148 718 25 19 24
1180 720 56 24 pots,'

661 751 11 19 1
683 750 41 20 box
733 750 62 26 slops,
801 750 18 20 .4
835 749 50 25 bags
894 748 75 22 maize,
985 746 30 21 30
1025 745 50 26 kegs
1092 744 67 27 paint.
1184 744 49 23 .Pas-

659 776 153 27 sengers—Mr.
831 776 42 20 and
888 774 55 21 Mrs.
958 774 88 24 Nugent
1060 772 41 21 and
1113 771 63 23 child,
1193 772 39 20 Mr.

659 804 42 20 and
708 804 52 20 Miss
770 803 126 23 Robertson,
906 802 44 20 Mr.
960 800 80 21 Levien
1049 800 42 20 and
1099 801 42 18 two
1151 799 88 22 natives..

671 838 4 4 •
688 831 29 20 In
725 837 46 14 the
997 833 64 15 from
1071 827 163 20 Auckland.—

662 859 93 26 Captain,
765 858 102 26 Agent.—
869 857 41 20 soo
924 855 85 22 bushels
1028 861 59 14 corn.
1115 854 125 25 Passengers,

659 886 75 20 —Col.
758 885 33 21 W.
815 882 123 28 Wakefield^
950 896 3 5 .
964 882 62 27 Capt.
1049 881 108 24 Richards,
1183 880 43 21 Mrs

660 913 69 20 Smith
738 913 41 20 and
788 913 57 19 three
856 912 100 23 children,
976 924 3 3 ■

689 940 28 20 In
726 946 45 14 the
935 943 65 15 from
1010 936 102 21 Nelson.
1113 946 29 4 —
1145 936 88 25 Captain,

659 969 75 24 Agent.
736 978 27 4 —
764 968 25 19 24
799 972 58 14 cases
867 966 90 23 Geneva,
970 965 25 19 10
1011 963 62 21 hhds.
1083 969 54 19 mm,
1148 964 12 19 9
1176 963 58 20 hhds.

661 995 89 22 Geneva,
761 995 26 19 22
795 994 51 25 bags
856 993 71 25 coffee,
937 992 76 24 10,000
1023 991 42 20 feet
1071 990 82 24 timber,
1164 990 12 20 3
1182 990 53 20 bales

659 1022 86 24 leather,
760 1023 13 19 4
789 1027 57 14 cases
863 1021 42 19 and
915 1021 10 19 1
944 1019 51 21 cask
1009 1019 61 19 boots
1088 1018 41 20 and
1138 1018 67 24 shoes,
1224 1017 11 20 8

659 1049 65 20 boxes
736 1048 88 24 candles,
844 1048 25 20 60
883 1048 51 25 kegs
944 1047 103 25 herrings,
1062 1045 35 20 16'
1105 1044 60 20 casks
1178 1045 57 23 wine,

660 1077 27 19 25
697 1082 56 14 cases
762 1077 69 19 lemon
848 1081 71 20 syrup,
931 1075 12 20 8
953 1074 63 20 hhds.
1022 1078 4 4 '
1032 1073 62 24 wine,
1105 1073 12 19 8
1128 1078 32 20 qr.
1179 1072 56 20 casks

659 1104 61 25 wine,
731 1104 26 19 16
766 1103 50 26 kegs
826 1103 66 26 paint;
904 1103 25 19 35
941 1101 78 21 barrels
1037 1101 61 23 flour,
1110 1100 26 19 10
1147 1099 15 23 $■
1171 1099 65 20 chests

659 1133 42 22 tea,
711 1132 27 19 3b
749 1131 62 20 boxes
820 1130 83 23 raisins,
915 1131 12 19 2
937 1135 58 14 cases
1009 1128 41 20 and
1060 1128 12 19 1
1082 1127 47 20 hale
1139 1127 63 25 slops,
1212 1127 23 19 25
1241 1131 4 4 '

659 1158 65 20 boxes
742 1164 56 19 soap,
816 1158 12 20 1
847 1157 40 26 keg
903 1157 94 25 tobacco,
1011 1156 12 20 6
1042 1161 57 14 cases
1115 1154 90 25 candles,
1225 1154 12 19 2

659 1186 74 19 firkins
742 1185 76 24 butter,
830 1185 12 19 1
852 1190 47 14 case
909 1183 41 21 and
960 1185 11 18 1
983 1183 49 19 cask
1042 1182 79 20 refined
1134 1187 68 20 sugar,
1213 1181 24 20 26

659 1213 51 25 bags
717 1219 67 19 sugar,
795 1213 10 19 1
814 1218 47 14 case
869 1211 90 27 apparel,
969 1211 9 19 1
990 1211 47 19 bale
1043 1209 103 24 blankets,
1158 1209 11 19 1
1176 1208 62 20 trunk

660 1240 90 26 apparel,
767 1240 11 19 1
796 1245 47 14 case
859 1239 64 23 cider,
941 1239 26 19 11
985 1237 61 20 cedar
1061 1237 69 24 doors,
1146 1237 13 19 4
1178 1236 59 20 hhds.

659 1267 87 26 brandy,
764 1268 12 19 2
791 1267 35 20 do.
844 1273 54 18 rum,
916 1267 11 18 5
944 1265 79 20 barrels
1032 1265 88 25 brandy,
1139 1264 26 20 13
1181 1263 56 21 casks

659 1294 55 24 beef,
723 1296 12 18 4
745 1294 57 20 casks
814 1294 63 21 cider.
906 1293 152 25 Passengers—
1058 1292 87 20 Messrs.
1165 1291 72 25 Lucas,

661 1322 87 26 Nelson,
759 1322 82 24 Brown,
852 1320 35 21 W.
895 1321 44 20 and
950 1321 26 20 'J.
988 1320 78 24 Deans,
1076 1318 99 25 Manson,
1185 1318 52 23 wife,

660 1349 43 20 and
722 1350 61 19 three
800 1348 101 24 children,
924 1348 55 20 Miss
998 1346 106 25 Hucham,
1128 1346 41 20 and
1186 1346 53 20 Miss

661 1377 95 20 Stewart.
1195 1397 3 5 f
1201 1392 22 11 .^
1223 1395 14 10 t>

803 1436 138 18 outwartls,
953 1435 142 15 coastwise.

689 1463 28 21 In
733 1469 46 14 the
935 1468 46 14 for
990 1468 47 14 the
1056 1461 63 21 East
1130 1460 83 21 Coast.
1214 1470 26 5 —

659 1491 124 24 Machattie,
791 1491 76 25 Agent.
868 1500 28 4 —
897 1490 11 19 1
920 1489 47 21 bale
982 1489 104 24 blankets,
1098 1489 10 19 1
1121 1488 35 29 dp.
1172 1488 68 26 prints

660 1519 43 20 and
711 1519 80 24 calicos,
800 1519 14 19 1
826 1524 46 14 case
881 1517 67 26 pipes,
966 1517 27 20 37
1005 1518 70 25 empty
1092 1516 60 20 casks
1163 1516 12 19 2
1195 1517 45 18 tons

660 1546 50 21 salt.

690 1575 30 19 In
728 1579 46 14 the
890 1578 46 15 for
945 1572 27 20 W
974 1577 146 15 anganwi.—
1122 1570 92 20 Johnson
1225 1569 16 26 Sf

660 1603 78 24 Moore,
750 1601 83 25 Agents.
835 1612 29 4 —
865 1602 10 19 1
886 1606 46 15 case
948 1599 62 24 nails,
1021 1600 11 24 J
1050 1598 46 21 bale
1107 1597 104 24 sundries,
1229 1598 10 19 1

660 1630 43 20 box
710 1630 61 25 glass,
783 1629 9 19 1
802 1628 69 21 barrel
878 1628 61 23 nails,
951 1628 10 19 1
971 1626 68 21 barrel
1048 1628 39 21 tar,
1094 1626 82 22 3,brass
1185 1626 55 25 taps,

662 1658 11 19 1
682 1657 46 20 bale
737 1656 85 24 leather,
839 1658 12 18 2
863 1656 50 25 bags
929 1654 50 25 rice,
992 1654 10 19 1
1014 1654 58 20 chest
1089 1653 64 26 slops,
1163 1653 12 19 3
1192 1652 48 25 bags

659 1686 63 22 flour,
734 1684 10 19 1
755 1684 40 19 box
804 1686 41 23 tea,
856 1684 14 19 4
879 1683 50 25 bags
947 1688 69 19 sugar,
1026 1681 16 24 £
1057 1680 49 21 cask
1115 1680 96 24 tobacco,
1230 1680 10 19 9

661 1712 62 21 cedar
731 1711 74 24 chests,
818 1712 15 19 1-
840 1711 40 25 bag
889 1711 61 22 flour,
962 1710 27 19 16
998 1710 49 19 bars
1055 1708 55 24 iron,
1119 1706 60 21 l'ton
1188 1707 52 24 coal,

661 1741 14 19 2
685 1745 64 18 cases,
761 1740 10 18 1
781 1740 96 19 mattress
893 1738 42 19 and
945 1736 97 26 bedding,
1047 1753 3 4 .
1061 1736 11 19 1
1082 1735 40 26 hag
1139 1734 101 25 sundries,

661 1769 14 19 2
685 1773 64 17 cases,
760 1766 61 27 ljbag
831 1772 68 19 sugar,
911 1766 11 19 1
932 1764 93 26 package
1035 1764 69 23 slates,
1117 1763 11 20 1
1141 1762 37 20 hat
1187 1768 53 20 case,

662 1796 12 18 1
685 1800 46 14 case
741 1793 66 25 boots,
826 1793 11 20 1
847 1793 46 20 bale
910 1792 106 26 blankets;
1019 1789 6 15 :
1027 1792 11 19 l
1056 1790 49 20 cask
1114 1790 105 24 tobacco,'
1230 1790 10 19 1

661 1821 68 22 barrel
738 1820 105 26 crockery,
854 1821 12 19 2
877 1826 62 14 cases,
950 1819 67 27 pipes,
1030 1819 10 20 1
1053 1824 46 15 case
1113 1818 105 23 tin-ware,
1230 1817 10 19 1

662 1850 35 20 do.
714 1848 100 24 sundries,
827 1849 15 18 1'
852 1847 42 26 keg
983 1845 161 26 l'ton'biscuit,
1158 1846 11 19 1
1185 1845 58 20 chest

661 1877 68 27 prints
745 1875 41 21 and
795 1875 64 26 slops,
879 1875 55 21 121b.
1059 1874 13 19 1-
1080 1873 72 26 parcel
1167 1877 76 21 copper

661 1905 62 24 nails,
733 1905 13 19 4
757 1904 33 19 do.
800 1908 124 21 passengers
932 1902 95 25 luggage.

691 1931 28 21 In
728 1938 45 13 the
818 1929 140 21 Catherine
1139 1934 46 14 for
1193 1926 49 21 Ka-

663 1965 49 14 piti
722 1965 47 14 and
786 1958 175 20 WANGANTni—
964 1957 94 25 Captain,
1069 1957 76 24 Agent.
1146 1966 28 4 —
1174 1956 12 19 1
1202 1955 43 24 foag

663 1987 61 22 flour,
735 1987 11 18 1
757 1987 38 24 bag
804 1991 69 18 sugar,
887 1984 15 23 §
911 1985 60 19 chest
972 2000 6 9 r
981 1985 42 22 tea,
1035 1985 16 21 1.
1061 1989 47 13 case
1117 1982 102 25 sundries,
1225 1982 17 18 <2

663 2014 50 25 bags
723 2014 60 22 flour,
792 2013 13 19 4
816 2018 57 13 cases
882 2011 74 23 books,
969 2011 13 18 5
989 2011 69 19 chests
1064 2009 84 20 .clothes
1166 2009 12 20 3
1186 2014 58 14 cases

663 2041 65 26 seeds,
742 2041 9 19 1
762 2040 33 20 do.
805 2039 87 26 pickles,
912 2039 10 19 1
934 2037 45 21 bale
990 2039 88 24 carpets,
1097 2038 10 18 1
1118 2043 47 13 case
1180 2036 62 23 snuff,

664 2068 12 19 1
688 2068 33 21 do.
731 2068 64 23 seeds,
808 2067 11 19 1
830 2067 35 19 do.
877 2066 67 20 wheat
949 2065 42 20 and
1001 2065 78 25 barley,
1089 2065 10 19 1
1110 2064 43 25 keg
1159 2063 83 23 cordial,

665 2096 11 19 1
688 2101 45 14 case
742 2094 101 24 sundries,
858 2094 13 20 3
880 2100 59 13 cases
948 2093 62 23 wine,
1026 2093 13 19 3
1050 2093 42 19 tins
1102 2092 11 19 1
1124 2091 68 20 barrel
1201 2091 43 19 bis-

664 2122 54 27 cuit,-
726 2123 12 24 %
749 2122 48 20 cask
805 2121 61 25 wine,
878 2121 12 19 2
901 2121 50 25 bags
960 2126 69 19 sugar,
1040 2120 13 24 |
1063 2119 59 20 chest
1131 2121 41 22 tea,
1184 2119 11 19 1
1207 2120 37 18 ton

663 2150 62 24 flour,
741 2150 10 19 1
762 2149 49 20 cask
826 2148 63 25 wine,
909 2149 11 19 1
932 2147 50 20 cask
991 2154 54 18 rum,
1056 2147 12 19 2
1078 2146 78 20 barrels
1173 2145 70 24 bread,

665 2178 11 19 1
689 2180 44 17 cwt.
744 2177 94 20 tobacco.

753 2199 18 28 ii
821 2206 3 4 •
945 2202 19 14 •

692 2229 44 20 The
751 2229 65 24 Ariel,
835 2227 132 26 Mulholand,
982 2227 98 26 reported
1096 2228 23 18 to
1132 2226 26 20 be
1171 2225 43 21 lost
1227 2226 18 20 is

664 2256 123 21 announced
802 2263 23 13 as
840 2256 77 25 having
926 2254 82 21 arrived
1024 2259 23 15 at
1063 2253 116 26 Auckland,
1191 2253 55 21 from

664 2286 37 19 the
711 2284 50 20 Bast
771 2284 64 24 Gpast
844 2289 27 14 on
880 2282 37 21 the
927 2283 33 18 Ist
971 2282 128 21 November.

692 2312 43 19 The
744 2312 76 26 barque
838 2311 73 23 Eagle,
922 2309 103 27 Buckley,
1042 2309 81 20 arrived
1132 2308 56 20 from
1204 2308 42 20 this

664 2340 60 26 place
731 2341 22 18 at
763 2338 124 21 Cormandel
892 2337 103 20 .Harbour
1005 2343 28 14 on
1044 2337 35 20 the
1090 2336 37 20 6th
1135 2336 55 21 Nov.

691 2367 44 20 The
744 2366 66 26 Royal
1046 2364 19 20 U
1082 2363 97 27 reported
1195 2369 23 14 as
1235 2369 12 14 a

664 2394 106 26 projected
787 2394 109 26 departure
915 2392 57 21 from
990 2392 117 24 Auckland,
1117 2391 67 20 under
1201 2390 46 21 date

665 2421 119 20 November
792 2422 36 20 11.

2298 1089 21 22 ,*r

1910 1112 68 23 Since
1989 1111 90 29 writing
2095 1109 38 23 the
2145 1108 127 31 foregoing,
2283 1115 33 16 we
2334 1107 57 23 have
2403 1113 55 16 seen

1877 1145 38 23 the
1933 1142 100 25 Colonist
2050 1141 170 34 of^yesterday.
2255 1139 43 24 We
2316 1139 90 24 confess
2425 1146 33 16 wt

1877 1178 68 23 have,
1952 1184 68 16 never
2037 1173 140 25 entertained
2197 1181 44 22 any
2258 1176 89 27 respect
2366 1172 35 23 for
2420 1172 38 23 the

1876 1210 60 30 legal
1948 1210 143 23 attainments
2100 1207 24 23 of
2134 1213 40 17 our
2182 1210 178 26 contemporary,
2372 1204 86 31 though

1876 1244 76 29 filling
1970 1242 37 23 the
2028 1241 64 23 office
2109 1239 26 24 of
2151 1239 81 23 Crown
2251 1238 144 28 Prosecutor,
2416 1238 44 23 and

1877 1284 42 15 our
1931 1279 59 20 want
2002 1274 24 23 of
2041 1276 88 28 respect
2140 1273 20 22 is
2178 1275 60 20 most
2255 1271 57 30 fully
2329 1271 131 23 sanctioned

1877 1310 30 30 by
1919 1303 151 29 the^blunder
2088 1306 29 23 he
2133 1305 42 24 has
2186 1304 65 24 made
2272 1305 24 22 in
2308 1303 152 32 confounding

1878 1342 39 23 the
1935 1340 147 32 proclaiming
2100 1346 13 16 a
2119 1364 2 7 ;
2128 1338 57 29 law,,
2199 1337 44 24 and
2262 1337 105 31 enacting
2377 1345 13 15 a
2408 1337 50 24 law.

1878 1375 44 25 We
1943 1382 37 15 are
1993 1372 106 32 charged,
2105 1371 53 24 with
2177 1371 86 29 having
2281 1370 111 31 proposed
2411 1371 50 23 that

1879 1408 38 23 the
1930 1407 154 24 Government
2101 1404 80 24 should
2199 1403 76 29 make,
2294 1403 44 23 and
2355 1404 105 31 dispense

1879 1440 54 24 with
1944 1440 55 24 laws
2014 1439 30 31 by
2055 1438 170 32 proclamation,
2242 1436 66 23 while
2328 1444 33 15 we
2377 1437 85 31 merely

2027 1472 99 24 whether
2146 1471 38 23 the
2202 1470 119 24 Governor
2336 1470 67 22 could
2420 1474 40 20 not

1879 1506 145 32 re-proclaim
2037 1505 38 24 the
2091 1505 52 23 law.
2178 1503 52 24 The
2248 1503 147 31 Corporation
2412 1503 46 24 Act

1879 1548 47 16 was
1936 1543 41 20 not
1994 1538 113 32 specially,
2110 1537 89 23 created
2209 1537 35 23 for
2256 1536 58 24 Port
2324 1536 132 30 Nicholson,

1879 1574 43 23 hut
1940 1574 21 22 is
1973 1581 13 15 a
2002 1571 90 32 general
2111 1571 43 23 law
2171 1570 75 24 which
2262 1578 52 23 may
2331 1570 28 23 he
2371 1569 88 32 applied

1922 1606 200 24 Proclamation'to
2130 1612 44 23 any
2181 1607 58 20 town
2248 1603 83 31 having
2343 1605 74 27 2,000
2424 1604 35 22 in-

1879 1640 124 23 habitants.
2037 1638 59 24 This
2107 1637 43 24 law
2159 1644 47 16 was
2218 1641 41 27 put
2265 1637 23 22 in
2297 1636 61 24 force
2369 1636 53 23 here
2429 1637 30 30 by

1881 1672 167 24 Proclamation
2058 1680 7 21 ;
2087 1679 29 15 an
2135 1670 109 28 accident,
2262 1670 19 23 it
2291 1670 19 23 is
2328 1670 131 28 contended,

1881 1706 41 24 has
1934 1705 86 24 caused-
2025 1705 19 24 it
2054 1710 24 27 tp
2088 1701 71 35 lap^se.
2207 1703 51 24 The
2272 1703 103 31 question
2382 1704 30 23 ,is
2423 1711 38 16 are

1882 1748 33 15 we
1927 1746 24 16 or
1963 1746 38 16 are
2011 1746 33 16 we
2055 1741 41 21 not
2112 1736 80 32 placed
2204 1736 92 31 thereby
2308 1737 24 23 in
2350 1736 37 24 the
2398 1737 62 30 posi-

1882 1773 47 23 tion
1941 1773 25 22 of
1981 1771 94 28 Nelson,
2096 1778 25 15 or
2140 1778 43 23 any
2195 1770 64 23 other
2279 1774 59 19 town
2354 1767 26 26 to'
2389 1769 72 24 which

1882 1806 49 23 that
1943 1810 36 19 act
1989 1804 41 24 has
2041 1808 40 20 not
2090 1807 39 28 yet
2139 1804 58 22 been
2204 1803 98 32 applied.
2338 1803 25 23 If
2372 1811 32 15 we
2416 1811 44 21 are,

1882 1847 33 16 we
1928 1847 40 15 can
1981 1846 36 17 see
2028 1846 30 15 no
2070 1845 80 16 reason
2161 1836 51 31 why
2220 1837 45 23 this
2275 1836 42 24 law
2330 1836 82 24 should
2423 1840 39 19 not

1883 1872 67 31 again
1965 1872 30 24 I*6
2006 1879 24 15 so
2042 1870 90 33 applied
2147 1870 30 30 by
2190 1870 38 23 the
2237 1877 63 16 same
2312 1873 45 25 act,
2374 1869 88 31 namely

1883 1906 30 30 by
1921 1905 173 28 Proclamation,
2190 1903 100 31 brought
2300 1903 18 23 it
2328 1903 76 23 before
2416 1903 46 23 into

1884 1939 122 30 operation.
2042 1937 51 23 Our
2112 1941 172 26 contemporary
2301 1944 52 23 may
2364 1937 99 30 imagine

1883 1972 50 22 that
1941 1972 29 22 he
1980 1971 49 23 has.
2034 1970 83 30 caught
2135 1977 27 15 us
2174 1970 108 29 tripping,
2303 1970 80 21 and>in
2399 1969 63 29 reply

1883 2008 22 18 to
1915 2003 37 23 his
1964 2009 76 17 sneers
2052 2001 68 24 about
2132 2009 40 15 our
2183 2000 86 31 having
2280 1999 98 24 suffered
2387 2000 26 23 in
2424 2000 38 23 the

1883 2036 80 24 liberal
1974 2042 73 22 cause,
2066 2042 32 16 we
2116 2034 57 23 have
2193 2034 53 30 only
2257 2037 22 19 to
2297 2034 97 28 remark,
2415 2034 48 23 that

1884 2077 33 16 we
1931 2073 90 27 suspect
2031 2068 29 24 he
2071 2068 20 23 is
2103 2072 37 19 too
2152 2066 163 32 philosophical
2327 2071 22 19 to
2361 2067 28 23 do
2401 2075 61 15 more

1885 2105 22 21 in
1920 2110 44 24 any
1976 2110 65 16 cause
2053 2101 54 24 than
2119 2101 63 23 write
2194 2108 26 15 or
2228 2099 49 24 talk
2289 2100 68 24 about
2368 2100 25 24 it.
2418 2100 44 24 Be-

1884 2136 48 24 fore
1943 2144 42 15 our
1997 2139 169 27 contemporary
2177 2133 53 24 sells
2249 2141 45 23 any
2304 2141 62 16 more
2383 2133 50 28 law,
2445 2134 18 23 it

1886 2169 72 24 would
1965 2169 29 23 be
2005 2169 51 30 only
2063 2167 44 24 fair
2119 2167 49 23 that
2175 2167 29 23 he
2211 2167 119 31 possessed
2341 2166 93 24 himself
2442 2167 23 23 of

1886 2211 61 16 some
1965 2201 131 31 knowledge
2108 2201 25 23 of
2141 2201 26 28 it,
2188 2204 22 19 to
2231 2207 41 16 use
2286 2208 13 15 a
2309 2208 104 15 common
2423 2207 39 16 ex-

1885 2237 103 30 pression
1999 2243 24 16 or
2060 2235 29 23 he
2100 2234 47 24 will
2157 2234 43 22 sell
2210 2234 37 22 his

751 2482 293 21 METEOROLOGICAL
1057 2482 127 21 TABLE.

683 2519 42 19 tor
734 2519 35 19 the
777 2517 55 20 week
841 2517 76 21 ending
928 2515 121 23 Thursday,
1058 2515 65 20 Deer.
1134 2515 22 23 1,
1168 2514 60 21 1842.

880 3785 169 32 FREIGHTS.

1919 2294 48 24 Mr.
1981 2293 129 24 Mathieson
2121 2291 111 24 launched
2247 2291 38 23 the
2305 2291 117 30 Clydeside
2426 2299 35 15 .on

1887 2327 126 31 Thursday.
2063 2326 47 24 She
2128 2326 43 22 has
2191 2325 58 23 been
2270 2324 143 31 thoroughly*
2427 2332 35 15 re-

1886 2361 85 31 paired,
1985 2361 43 23 and
2037 2361 21 23 is
2069 2367 50 16 now
2128 2366 25 16 as
2165 2358 60 31 good
2231 2366 13 15 a
2252 2357 74 24 vessel
2338 2366 24 14 as
2373 2357 37 23 the
2420 2357 42 30 day

1887 2395 40 23 she
1938 2394 52 24 first
2000 2393 89 24 entered
2101 2400 40 16 our
2150 2396 59 27 port.
2244 2390 31 25 In
2286 2390 123 31 launching
2420 2390 44 23 this

1886 2427 75 24 vessel
1972 2427 46 24 Mr.
2032 2426 130 24 Mathieson
2173 2425 55 23 took
2239 2424 38 24 the
2286 2425 144 30 opportunity
2441 2423 23 24 of

1887 2461 77 30 trying
1986 2468 14 16 a
2018 2468 49 16 new
2085 2459 58 31 style
2161 2459 26 22 of
2201 2458 43 30 slip
2256 2457 73 24 which
2340 2457 29 24 he
2378 2457 41 23 has
2430 2457 35 23 in-

1887 2493 89 24 vented.
2011 2494 51 23 The
2081 2493 72 22 result
2173 2493 22 22 is
2216 2491 79 31 highly
2317 2491 148 30 satisfactory.

1889 2527 82 31 Owing
1983 2531 22 19 to
2016 2526 38 24 the
2067 2526 63 23 earth
2141 2525 85 30 having
2236 2524 75 31 given,
2324 2531 61 16 some
2402 2523 65 31 delay

1888 2560 55 23 took
1965 2560 62 30 place
2049 2560 25 23 in
2094 2559 90 31 getting
2206 2558 38 23 the
2267 2557 82 23 vessels
2359 2557 48 23 into
2430 2556 37 23 the

1889 2597 76 25 water,
1976 2594 40 22 but
2025 2592 49 23 Mr:
2087 2592 135 23 Mathieson'
2230 2594 78 28 staters,
2317 2590 49 23 that
2374 2589 44 24 had
2430 2589 37 23 the

1889 2626 43 31 slip
1943 2626 57 23 been
2010 2625 65 24 made
2094 2625 25 23 of
2132 2625 51 23 iron
2200 2623 90 23 instead
2309 2623 26 23 of
2351 2623 31 23 all
2401 2623 66 29 being

1889 2658 64 24 wood
1963 2659 18 23 it
1992 2658 72 24 would
2075 2658 56 23 have
2148 2655 91 25 broken'
2253 2655 73 29 down,
2347 2655 67 23 while
2433 2655 34 23 his

1889 2692 116 24 invention
2015 2692 20 22 is
2046 2689 130 32 uninjured.
2213 2689 24 23 It
2246 2689 20 23 is
2278 2688 60 23 alike
2348 2688 119 31 ingenious

1892 2725 43 24 and
1947 2724 87 32 simple,
2046 2724 45 23 and
2102 2723 66 24 when
2178 2722 85 24 known
2274 2721 53 29 will,
2344 2722 24 22 in
2377 2721 31 23 all
2416 2729 51 23 pro-

1891 2759 118 31 hality,4>e
2021 2757 140 31 extensively
2172 2754 98 33 applied.

1926 2797 25 23 It
1961 2797 20 23 is
1993 2796 49 24 well
2147 2795 50 23 that
2207 2794 39 23 the
2268 2791 122 33 Clydeside,
2408 2800 62 16 some

1892 2830 98 24 months'
2004 2830 68 27 since,
2082 2830 25 21 in
2119 2829 104 29 entering
2233 2827 39 23 the
2289 2831 58 27 port,
2366 2825 71 24 found
2453 2827 18 22 it

1893 2870 120 25 necessary
2021 2867 35 19 •to
2077 2865 48 21 cast
2144 2861 89 23 anchor'
2242 2865 25 19 at
2284 2860 37 23 the
2339 2859 77 29 heads,
2429 2858 43 24 and

1893 2897 91 31 parting
1994 2896 40 24 her
2044 2895 74 24 cables
2130 2895 83 30 during
2224 2902 14 15 a
2248 2893 85 24 violent
2339 2893 133 25 north-west

1894 2930 67 30 wind,
1974 2929 67 25 drove
2051 2936 62 23 upon
2121 2928 120 24 'the'rocks
2249 2926 45 24 and
2303 2927 91 23 became
2405 2926 67 24 much

1894 2963 98 32 injured.
2044 2962 80 25 Under
2145 2961 52 24 the.
2202 2962 178 22 circumstances'
2395 2961 26 23 of
2435 2960 35 23 the

1894 2996 110 31 difficulty
2015 2997 26 23 of
2054 2996 118 30 obtaining,
2181 2994 40 24 the
2231 3002 79 16 means
2321 2994 26 23 of
2360 2994 112 31 repairing

1894 3030 49 30 her,
1955 3029 45 24 and
2008 3029 43 29 the,
2056 3029 143 30 uncertainty
2210 3028 136 30 concerning
2352 3027 38 24 the
2398 3027 72 30 outlay

1896 3063 73 25 which
1974 3063 77 33 'might
2061 3063 28 23 be
2100 3062 87 24 nfeeded
2197 3062 42 26 for,
2244 3061 50 23 that
2302 3068 106 24 purpose,
2428 3059 43 24 this

1895 3097 135 31 gentleman,
2037 3095 89 29 '.would;
2138 3095 59 23 have
2218 3095 59 23 been
2298 3093 125 24 warranted
2449 3093 22 22 in

1896 3130 143 31 abandoning
2048 3129 41 24 her
2108 3133 22 19 to
2151 3128 39 24 the
2189 3123 8 15 1
2209 3128 176 23 Underwriters.
2432 3124 38 24 He

1896 3163 74 29 knew,
1993 3163 109 29 however,
2123 3162 50 23 that
2190 3162 26 23 in
2230 3155 42 30 lier
2289 3160 53 23 then
2360 3162 56 20 state
2430 3157 40 23 she

1896 3197 74 23 would
1980 3197 63 28 have,
2048 3196 53 31 only
2112 3195 50 24 sold
2171 3196 36 22 for
2219 3203 13 15 a
2248 3194 66 28 trifle,
2325 3192 44 23 and
2383 3190 87 31 fearing

1896 3230 89 24 that^he
1996 3229 72 32 might
2079 3230 28 23 he
2119 3227 120 33 suspected
2249 3227 26 23 of
2288 3225 82 29 having
2382 3223 89 23 studied

1896 3264 36 22 his
1939 3270 51 17 own
1999 3264 95 23 interest
2103 3262 76 24 rather
2191 3261 55 24 than
2256 3260 49 23 that
2315 3257 25 24 of
2348 3257 64 22 those
2420 3256 49 24 who

1896 3297 45 23 had
1952 3297 92 24 insured
2050 3297 40 23 'his
2100 3299 116 29 property,
2228 3293 28 24 he
2268 3290 104 25 assumed
2385 3290 85 23 liabili-

1897 3331 50 28 ties,
1967 3330 42 24 and
2030 3328 99 33 exposed
2135 3328 4 7 1
2148 3326 93 26 himself
2256 3330 34 27 ,*to
2312 3323 93 31 anxiety
2428 3323 42 23 and

1896 3359 102 35 fatigue,!
2001 3363 73 24 which
2089 3370 34 16 wa
2138 3361 68 24 doubt
2224 3358 38 33 if^
2265 3352 103 32 another,.
2376 3364 56 16 man
2448 3357 23 22 in

1896 3397 38 23 the
1947 3396 80 24 Island
2036 3396 74 24 would
2112 3388 71 35 /have
2201 3389 114 33 subjected
2329 3389 96 24 himself
2439 3393 31 20 to.

1896 3431 56 23 And
1973 3437 33 17 we
2021 3437 37 17 are
2073 3428 52 32 glad
2142 3431 22 19 to
2181 3425 29 23 be
2225 3423 50 24 able
2293 3431 50 15 now
2354 3427 23 19 to
2387 3426 83 28 report,

1897 3463 50 25 that
1967 3463 108 32 complete
2103 3466 89 18 success
2219 3457 42 24 has
2290 3456 105 24 attended
2423 3455 46 24 Mr.

2058 3491 131 32 roanly^and
2199 3490 139 24 honourable
2350 3490 103 23 conduct.

1931 3530 35 24 To
1977 3529 72 32 repair
2062 3526 45 25 this
2117 3524 73 24 vessel
2208 3524 20 23 it
2241 3523 93 24 became
2350 3529 120 23 necessary

1896 3564 36 23 for
1947 3563 45 22 this
2008 3560 127 32 gentlemen
2133 3556 6 14 4
2142 3563 3 4 '
2156 3562 24 19 to
2199 3561 75 19 create
2291 3556 98 31 literally
2406 3562 63 23 every

1897 3596 65 30 thing
1983 3599 125 24 necessary,
2129 3590 45 25 and
2193 3590 39 25 the
2251 3590 73 24 result
2340 3590 21 23 is
2380 3589 29 23 he
2431 3589 39 23 has

1898 3626 134 27 established
2053 3634 14 15 a
2087 3624 109 32 complete
2216 3623 132 32 Ship-yard,
2370 3622 45 24 and
2431 3622 39 23 has

1896 3662 91 24 become
1997 3658 132 33 acquainted
2140 3658 55 24 with
2203 3657 38 24 the
2252 3657 93 24 relative
2361 3655 78 24 merits
2450 3653 22 25 of

1894 3702 44 20 .our
1954 3693 81 24 timber
2055 3692 36 24 for
2112 3691 40 24 the
2172 3690 172 32 ship-builders'
2366 3695 104 25 purpose.

1898 3728 55 26 He;
1958 3731 76 24 states,
2061 3725 49 24 that
2129 3733 33 16 we
2174 3731 3 6 '
2189 3725 57 23 have
2270 3723 80 24 timber
2372 3723 24 22 in
2418 3722 54 23 Port

1897 3759 132 30 Nicholson,
2051 3759 55 24 both
2122 3758 36 24 for
2169 3765 65 24 spars
2246 3756 44 24 and
2301 3754 170 34 ship-building,

1898 3792 123 25 unrivalled
2030 3792 32 32 by
2074 3800 43 24 any
2127 3791 65 24 wood
2201 3791 26 23 in
2243 3790 39 24 the
2300 3789 70 26 world
2385 3789 35 24 for
2437 3787 35 23 the

1898 3826 103 24 valuable
2009 3826 126 32 properties
2145 3825 19 23 it
2177 3824 124 24 combines.
2343 3822 66 24 None
2430 3818 42 26 will

1898 3860 104 33 question
2020 3860 48 24 Mr.
2092 3857 152 26 Mathieson's
2261 3856 141 32 pretensions
2411 3861 39 16 -as
2460 3859 12 16 a

1898 3892 108 33 practical
2016 3893 45 24 and
2072 3892 109 24 scientific
2192 3898 55 16 man
2256 3891 26 22 in
2294 3890 37 23 his
2342 3887 129 34 profession,

1898 3926 67 25 while
1976 3926 35 26 bis
2023 3925 96 26 conduct
2139 3925 25 23 in
2178 3923 97 26 relation
2293 3927 23 20 to
2336 3922 39 24 the
2395 3918 77 33 Clyde-

1295 319 196 24 We#announced
1508 319 25 22 in
1552 325 40 16 our
1610 318 44 23 last
1670 324 71 24 paper
1759 316 50 23 that
1819 317 25 23 in

1259 360 153 23 consequence
1424 342 79 41 of^the
1515 351 83 30 Mayor
1618 346 191 37 no^proceeding
1820 353 24 20 to

1257 384 16 25 'a
1284 393 50 16 new
1345 384 144 33 election\on;
1493 384 38 23 the
1540 384 49 23 first
1601 383 101 29 Monday
1710 383 26 22 in
1742 380 109 37 De^cem-;

1259 418 50 29 ber,
1320 418 32 23 all
1361 417 38 24 the
1410 409 98 32 bede^ts
1519 414 136 33 anticipated
1667 415 60 23 from
1738 415 105 30 the-pos-

1260 451 89 23 session
1360 450 26 24 of
1399 450 74 24 Local
1484 450 155 23 Government
1651 456 57 15 were
1717 448 55 28 lost,
1785 448 60 23 until

1259 483 39 23 the
1310 491 49 15 new
1371 483 119 23 Governor
1502 482 58 23 shall
1570 481 58 23 have
1646 480 88 24 arrived
1750 480 45 24 and
1806 483 44 21 re-J

1259 514 124 25 Buscit'ated
1395 523 44 16 our,
1447 511 269 42 deceased^Gorporatibn
1726 513 32 31 by
1769 522 14 15 a
1794 513 58 26 Bill;

1261 549 107 23 obtained
1381 549 59 23 from
1457 548 39 24 the
1513 547 139 31 Legislative
1665 546 104 24 Council.
1795 544 50 26 *On

1259 582 89 23 further
1368 582 96 30 enquiry
1479 589 34 15 we
1519 579 121 26 'findfour
1658 579 134 24 foundation
1809 579 36 23 for

1259 615 47 23 this
1329 618 181 20 announcement
1532 614 28 28 is,
1583 612 49 24 that
1656 612 39 23 the
1716 610 138 32 Attorney^

1261 647 100 24 General
1370 647 41 23 has
1423 647 68 31 given
1499 647 55 23 such
1566 654 29 15 an
1603 645 91 31 opinion
1702 654 6 20 ;
1721 645 44 23 but
1775 645 19 23 it
1803 652 41 23 ap-

1259 689 68 22 pears
1338 680 29 24 he
1378 680 41 23 has
1432 679 107 32 qualified
1553 679 35 24 his
1607 678 93 31 opinion
1709 678 31 31 by
1752 678 92 30 adding,

1261 711 58 26 that*
1328 713 39 24 the
1383 713 99 31 position
1494 713 25 23 of
1535 720 40 16 our
1587 711 95 24 Council
1699 711 20 23 is
1731 718 16 16 a
1763 715 83 19 matter

1259 746 37 23 for
1307 746 38 24 the
1357 746 101 24 decision
1466 745 26 23 of
1501 744 39 24 the
1552 745 108 31 Supreme
1670 744 80 23 Court.
1787 743 59 24 This

1260 780 22 22 is
1294 788 14 14 a
1319 786 56 24 very,
1383 777 104 25 material
1498 778 128 28 limitation,
1638 777 43 23 and
1692 776 42 23 has
1747 776 46 23 had
1807 776 40 24 the

1261 812 66 23 effect
1390 811 92 31 leading
1501 818 68 23 many
1588 815 24 18 to
1633 810 86 23 believe
1738 809 50 23 that
1808 809 39 24 the

1262 845 97 24 Council
1376 845 71 31 ought
1465 849 23 19 to
1501 844 138 24 continued
1660 846 44 26 act,
1715 842 78 24 which
1811 850 36 16 we

1261 878 87 24 believe
1359 878 53 31 they
1423 877 47 24 will
1482 877 37 24 do.

1296 916 50 24 The
1366 917 125 30 ambiguity
1510 915 25 24 of
1549 915 84 24 certain
1650 913 96 33 phrases
1764 915 24 22 in
1808 914 39 23 the

1263 949 151 31 Corporation
1431 949 48 23 Act
1500 948 109 24 rendered
1621 947 25 24 -if
1668 947 132 32 impossible
1823 951 24 20 to

1263 982 123 23 determine
1397 990 62 23 upon
1471 981 39 24 the
1520 981 62 31 right
1593 981 153 24 construction
1759 988 28 16 on
1808 981 39 23 the

1261 1016 77 30 points
1350 1019 40 19 out
1399 1016 26 22 of
1440 1014 73 24 which
1531 1015 40 23 the
1583 1014 110 31 difficulty
1704 1014 42 23 has

1262 1048 77 31 Every
1362 1048 66 23 effort
1446 1055 45 16 was
1511 1047 65 23 made
1593 1047 32 30 by
1642 1047 38 23 the
1700 1047 83 31 Mayor
1803 1047 46 23 and

1262 1081 127 24 Aldermen
1399 1085 23 19 to
1435 1080 28 24 be
1475 1081 85 22 certain
1577 1080 68 23 about
1663 1080 59 23 their
1740 1080 107 31 position;

1264 1115 45 23 and
1329 1114 57 24 after
1409 1113 40 24 the
1474 1117 110 19 maturest
1607 1113 165 23 consideration
1794 1113 55 31 they

1265 1147 95 32 adopted
1378 1147 38 23 the
1437 1154 80 16 course
1535 1146 53 31 they
1604 1145 56 24 have
1680 1145 108 31 pursued.
1825 1146 25 23 It

1263 1181 43 23 has
1318 1181 58 23 been
1386 1180 49 23 said
1447 1179 59 24 their
1517 1179 69 23 safest
1604 1186 77 16 course
1699 1178 75 24 would
1793 1178 56 24 have

1264 1214 60 23 been
1334 1218 23 19 to
1368 1213 57 23 have
1437 1212 125 31 proceeded
1571 1211 54 24 with
1633 1211 97 24 another
1743 1211 105 29 election,

1265 1247 42 23 but
1318 1247 23 23 in
1353 1245 64 32 reply
1435 1246 19 22 it
1471 1253 53 23 may
1540 1245 29 23 be
1583 1245 79 29 stated,
1684 1244 50 24 that
1746 1244 45 24 had
1811 1245 39 23 the

1268 1280 96 23 Council
1374 1278 126 32 proceeded
1511 1283 23 18 to
1553 1285 29 16 an
1599 1278 95 23 election
1711 1277 67 24 when
1795 1277 56 31 they

1266 1313 83 23 should
1358 1313 57 23 have
1426 1311 118 24 abstained
1552 1311 58 23 from
1621 1318 24 16 so
1653 1311 75 30 doing,
1740 1310 40 24 the
1789 1310 61 24 diffi-

1266 1346 63 31 culty
1350 1345 74 24 would
1586 1348 41 19 not
1647 1344 57 23 have
1733 1343 59 24 been
1814 1344 36 23 di-

1266 1378 120 29 minished,
1408 1378 21 24 if
1455 1378 92 31 opinion
1564 1376 89 24 should'
1664 1377 58 23 have
1744 1377 60 23 been

1266 1412 80 23 favour
1369 1412 24 23 of
1418 1411 40 24 the
1481 1418 79 15 course
1582 1410 54 30 they
1657 1411 56 22 have
1740 1410 115 30 pursued.,

1267 1445 51 23 Nor
1338 1444 73 24 would
1433 1444 140 30 resignation
1593 1443 57 24 have
1672 1451 118 15 overcome
1813 1442 39 24 the

1268 1478 117 30 difficulty,
1395 1478 36 23 for
1444 1477 38 23 the
1494 1476 48 24 Bill
1551 1477 74 22 would
1633 1476 54 23 then
1693 1476 58 23 have
1762 1476 91 30 equally

1268 1511 100 31 lapsed;-
1418 1510 5 4 *
1557 1513 2 4 '
1607 1515 3 5 '
1840 1517 4 2 '

1280 1546 2 4 '
1302 1545 65 31 Now.,
1373 1545 24 22 'it
1409 1551 95 24 appears
1523 1543 48 24 that
1586 1543 40 23 the
1644 1542 208 31 Attorney-Gene-

1267 1578 55 23 ral's
1345 1578 92 31 opinion
1456 1576 44 24 has
1520 1581 40 19 not
1582 1576 79 23 settled
1680 1576 38 23 the
1737 1576 114 31 question,

1269 1611 44 23 and
1325 1611 48 23 that
1382 1611 23 22 in
1417 1610 55 28 fact,
1489 1610 20 23 it
1520 1618 42 15 can
1573 1609 53 31 only
1637 1609 28 23 be
1677 1609 83 23 settled
1770 1608 31 31 by
1814 1608 39 24 the

1271 1644 110 31 Supreme
1394 1643 79 23 Court.
1513 1643 44 23 We
1569 1651 37 15 are
1618 1642 110 23 therefore
1740 1642 78 30 happy
1828 1645 23 19 to

1268 1677 49 24 find
1327 1677 48 23 that
1386 1676 37 23 the
1436 1675 83 31 Mayor
1531 1676 43 23 and
1591 1675 125 24 Aldermen
1731 1675 61 23 have
1812 1674 41 24 de-

1270 1710 109 24 termined
1392 1713 21 20 to
1426 1710 106 22 continue
1545 1713 21 20 to
1574 1730 3 4 L
1586 1713 36 20 act
1640 1716 61 24 upon
1722 1708 61 23 their
1803 1715 50 16 own

1272 1744 99 30 opinion.
1384 1765 5 5 .
1418 1742 66 31 They
1500 1750 52 23 may
1573 1742 71 31 easily
1661 1741 67 23 avoid
1746 1741 108 31 adopting

1272 1785 43 22 any
1326 1784 76 16 course
1414 1775 75 24 which
1501 1783 58 23 may.
1564 1783 82 24 expose
1654 1774 63 24 them
1728 1778 24 19 to
1765 1774 88 23 action's

1271 1814 23 19 at
1303 1810 42 23 law
1355 1818 5 21 ;
1372 1809 43 23 and
1427 1809 24 23 in
1465 1808 57 31 May
1532 1813 62 25 next,
1610 1808 65 24 when
1686 1807 38 24 the
1741 1807 113 31 Supreme

1272 1842 71 24 Court
1367 1843 67 30 again
1458 1842 49 29 sits,
1527 1842 31 31 by
1580 1850 13 15 a
1611 1841 96 31 friendly
1723 1841 76 23 action
1816 1840 38 24 the

1272 1877 102 30 question
1392 1884 53 22 may
1461 1875 28 23 be
1509 1880 36 18 set
1562 1879 23 19 at
1605 1877 56 21 rest?
1706 1873 89 25 Should
1816 1874 38 23 the

1272 1909 100 24 decision
1383 1909 28 23 be
1421 1908 164 24 unfavourable
1596 1912 24 19 to
1630 1908 37 23 the
1686 1907 98 24 Council
1800 1915 54 15 con-

1272 1943 90 30 tinuing
1371 1947 22 18 to
1404 1941 55 24 hold
1472 1941 72 29 office,
1555 1949 33 15 we
1601 1940 57 24 shall
1677 1940 54 24 then
1750 1940 52 31 only
1826 1940 28 24 be

1261 1971 5 24 ?
1270 1975 97 23 reduced
1378 1975 73 22 tothe
1461 1974 99 30 position
1573 1981 31 14 we
1617 1973 80 22 should
1707 1974 28 21 be
1747 1973 21 22 if
1778 1974 76 21 action

1272 2015 60 24 upon
1356 2007 38 23 the
1412 2005 247 32 Attorney-General's
1677 2006 100 29 opinion,
1797 2012 57 16 were

1272 2049 51 15 now
1340 2040 77 23 taken.
1466 2039 48 24 But
1530 2039 38 22 the
1575 2057 3 4 .
1589 2039 100 22 decision
1699 2046 51 22 may
1762 2037 94 24 confirm

1273 2074 39 23 the
1325 2074 90 31 opinion
1435 2073 26 23 of
1477 2072 37 24 the
1533 2071 102 29 Council,
1646 2072 31 22 'in
1700 2070 73 24 which
1796 2078 58 22 case,

1273 2107 53 31 they
1347 2107 46 23 will
1411 2106 68 31 enjoy
1491 2105 38 24 the
1545 2105 151 31 gratification
1707 2104 32 23 of'
1748 2104 108 31 knowing

1272 2140 50 23 that
1342 2140 54 30 they
1417 2139 58 23 have
1493 2138 120 32 preserved
1632 2138 38 23 the
1689 2138 64 31 right
1771 2138 26 23 of
1813 2138 45 23 self

1272 2177 147 27 government
1430 2177 24 18 to
1461 2172 51 30 this,
1519 2172 135 28 settlement,
1667 2171 43 23 and
1720 2171 47 23 will
1776 2170 80 24 enable

1273 2207 39 23 the
1334 2206 91 24 settlers
1449 2210 23 18 to
1495 2213 64 23 carry
1581 2209 40 19 out
1639 2204 57 24 their
1704 2205 72 22 views
1795 2211 61 16 some

1273 2239 98 24 months'
1393 2239 78 23 before
1489 2247 14 14 a
1524 2238 117 23 Governor
1661 2245 42 16 can
1714 2237 75 24 arrive
1802 2237 55 23 here

1273 2273 46 23 and
1329 2272 78 24 enable
1415 2272 63 23 them
1484 2276 24 19 to
1520 2272 28 23 do
1557 2280 33 15 so.
1627 2271 57 23 This
1691 2271 45 23 last
1748 2275 109 18 sentence

1274 2310 105 27 suggests
1391 2309 22 19 to
1422 2313 37 21 us,
1472 2305 49 23 that
1531 2305 19 23 it
1560 2305 20 23 is
1591 2305 79 30 highly
1676 2305 124 30 important
1809 2303 49 23 lhat

1274 2340 39 22 the
1325 2339 94 23 Council
1430 2338 83 23 should
1524 2338 126 23 endeavour
1658 2343 22 18 to
1689 2337 114 23 vindicate
1817 2336 40 24 the

1275 2380 80 16 course
1378 2372 54 30 they
1454 2371 58 24 have
1533 2371 107 32 pursued.
1658 2373 2 6 '
1693 2371 106 31 Suppose
1822 2369 36 24 for

1274 2407 103 22 instance
1387 2404 51 24 that
1449 2413 14 15 a
1475 2404 118 24 Governor
1606 2412 56 16 were
1673 2408 24 19 to
1708 2404 82 28 arrive,
1808 2403 50 23 who

1275 2439 45 24 had
1331 2447 30 15 no
1372 2439 68 30 fancy
1452 2438 35 23 for
1503 2439 78 30 giving
1597 2437 38 24 the
1646 2437 80 31 people
1745 2444 26 16 so
1790 2436 69 24 much

1275 2480 75 23 power
1362 2479 25 16 as
1398 2472 56 30 they
1465 2479 50 16 now
1526 2471 67 31 enjoy
1605 2470 70 24 under
1687 2470 45 23 this
1746 2470 112 31 Corpora-

1277 2507 48 22 tion
1336 2505 57 24 Bill.
1427 2505 57 23 And
1496 2504 45 24 this
1557 2505 19 22 is
1595 2503 30 24 no
1640 2503 140 32 improbable
1799 2510 58 16 case.

1278 2539 26 23 If
1318 2538 28 24 he
1358 2537 70 24 found
1439 2538 50 23 that
1501 2537 38 23 the
1550 2536 47 24 Bill
1609 2544 44 15 was
1662 2540 39 19 not
1708 2536 25 23 in
1743 2536 117 30 operation

1277 2573 29 22 he
1317 2571 75 31 might
1401 2578 57 23 very
1470 2570 71 31 easily
1550 2569 118 24 command
1679 2569 35 23 his
1728 2569 98 23 Council
1837 2573 23 19 to

1279 2604 85 31 modify
1380 2604 19 23 it
1414 2608 25 19 to
1451 2603 38 24 the
1506 2603 120 23 detriment
1635 2603 25 22 of
1673 2602 30 23 its
1714 2602 82 23 liberal
1806 2609 54 24 pro-

1279 2639 94 23 visions.
1414 2637 50 23 But
1475 2637 20 23 if
1510 2634 31 26 on'
1550 2636 35 23 his
1597 2635 81 24 arrival
1687 2634 26 24 he
1724 2635 72 23 found
1808 2635 19 23 it
1837 2635 23 23 in

1279 2672 60 23 force
1351 2672 25 23 in
1386 2670 46 24 this
1452 2670 136 28 settlement,
1600 2669 29 23 he
1635 2667 85 25 'would
1739 2672 49 27 not,
1801 2668 60 23 draw

1280 2713 62 23 upon
1369 2703 96 24 himself
1487 2703 39 23 the
1550 2702 74 24 odium
1625 2709 5 8 1
1639 2720 3 8 ,
1648 2702 24 23 of
1705 2702 156 30 diminishing,

1281 2738 95 24 withont
1397 2744 43 24 any
1461 2736 125 31 justifiable
1603 2734 100 32 .ground,
1726 2735 40 22 the
1787 2735 75 31 rights

1282 2771 74 25 which
1372 2770 45 24 had
1429 2770 59 22 been
1508 2768 112 24 conceded
1637 2769 30 30 by
1686 2776 13 15 a
1715 2768 87 23 former
1814 2768 49 23 Go-

1281 2812 89 17 vernor.
1405 2803 60 24 This
1477 2802 47 24 Bill
1535 2803 20 22 is
1566 2806 37 19 too
1614 2801 102 24 valuable
1727 2805 24 20 to
1763 2801 29 24 be
1804 2801 61 23 dealt

1282 2837 54 25 with
1346 2836 91 32 lightly,
1457 2836 48 28 and,
1519 2843 34 16 we
1561 2834 66 33 'hope
1643 2835 50 23 that
1710 2834 40 24 the
1769 2834 97 24 Council

1282 2871 46 24 will
1346 2870 45 24 feel
1401 2870 52 23 how
1468 2869 77 29 much,
1563 2869 36 23 for
1617 2869 57 31 good
1693 2876 24 15 or
1734 2868 37 23 for
1784 2862 81 34 evil^s

1280 2905 50 32 just
1340 2911 51 16 now
1399 2903 27 23 in
1438 2902 60 24 their
1508 2910 86 23 power.-

1317 2938 23 23 It
1352 2936 41 24 has
1403 2936 60 23 been
1470 2935 49 24 said
1530 2935 49 24 that
1590 2935 38 24 the
1639 2935 48 24 Bill
1698 2942 46 16 was
1755 2934 112 32 prepared

1282 2971 31 31 by
1334 2970 40 24 the
1402 2970 126 30 Attorney-
1531 2968 100 24 General
1658 2968 43 24 and
1730 2968 39 23 the
1800 2968 69 24 Chief

1284 3004 94 28 Justice,
1401 3003 46 24 and
1468 3002 57 24 -.that
1552 3002 111 23 therefore
1684 3010 33 15 we
1743 3009 54 23 may
1819 3004 48 21 rest

1284 3036 94 25 assured
1389 3036 50 23 that
1450 3035 39 24 the
1502 3035 112 32 Supreme
1623 3035 75 25 Court
1712 3034 49 24 will
1771 3034 96 24 confirm

1284 3071 38 24 the
1456 3069 24 23 of
1500 3068 39 23 the
1559 3069 92 23 former.
1746 3067 66 31 reply
1832 3066 35 25 'we

1284 3103 74 25 would
1376 3102 103 29 observe,
1498 3101 50 24 that
1565 3102 21 22 if
1602 3102 19 22 it
1637 3101 29 23 be
1677 3105 50 19 true
1738 3100 51 24 that
1804 3100 63 24 those

1284 3137 128 32 gentlemen
1423 3135 113 31 prepared
1545 3134 39 23 the
1602 3134 54 29 Bill,
1669 3135 18 22 it
1703 3138 64 19 must
1784 3133 29 24 be
1830 3142 37 15 re-

1284 3168 129 26 membered
1423 3169 20 21 it
1458 3175 46 15 was
1520 3164 130 26 canvassed*
1653 3166 94 24 and'eut
1757 3171 23 19 to
1792 3168 75 30 pieces

1284 3194 73 33 inTthe
1369 3201 141 31 Legislative
1522 3200 103 29 Council,
1638 3199 44 25 and
1700 3199 41 25 has
1754 3200 113 24 therefore

1286 3235 80 25 ceased
1376 3239 23 19 to
1415 3234 30 23 he
1457 3234 59 23 their
1533 3234 140 31 production.
1708 3233 26 24 A
1745 3233 123 32 complaint

1284 3277 54 23 very
1350 3267 129 31 commonly
1489 3267 66 24 made
1564 3267 31 31 by
1606 3274 94 24 persons
1710 3266 52 24 who
1773 3274 95 24 prepare

1284 3303 53 24 bills
1348 3302 35 23 for
1397 3300 128 32 legislative
1542 3300 78 24 bodies
1637 3308 53 23 may
1701 3300 69 31 apply
1781 3300 25 23 in
1823 3300 45 24 this

1286 3344 58 21 case,
1367 3334 75 24 which
1463 3334 28 28 is,
1515 3333 50 24 that
1586 3334 112 23 members
1723 3333 58 24 have
1809 3333 60 24 their

1286 3368 118 29 crotchets,
1416 3366 45 25 and
1472 3366 75 31 rarely
1557 3366 55 25 look
1623 3371 23 20 at
1656 3375 14 16 a
1680 3367 42 24 bill
1733 3375 26 16 as
1767 3375 14 16 a
1786 3366 81 25 whole.

1286 3403 51 23 One
1360 3400 101 25 member
1483 3400 88 23 obtains
1592 3400 40 24 the
1653 3401 109 23 omission
1776 3408 36 19 .or
1830 3400 38 24 the

1284 3434 154 25 modification
1458 3433 26 23 of
1502 3441 43 16 one
1557 3433 83 29 clause,
1653 3435 95 22 another

1285 3469 25 24 of
1319 3467 101 29 another,
1432 3466 69 24 while
1623 3474 78 16 causes
1721 3474 34 16 an-
1771 3467 99 31 entirely

1284 3509 49 17 new
1343 3501 77 23 clause
1432 3504 24 19 to
1473 3499 30 24 he
1517 3499 132 24 introduced
1650 3512 32 5 —
1683 3500 45 24 and
1739 3500 40 23 the
1797 3497 72 27 result

1286 3535 24 24 of
1318 3535 30 24 all
1357 3534 45 24 this
1409 3532 117 31 dabbling,
1533 3533 21 23 is
1565 3532 39 24 the
1611 3532 111 32 bungling
1732 3533 136 31 production

1286 3568 71 24 called
1367 3576 14 15 a
1391 3568 51 23 law.
1448 3563 55 26 fc^lt
1512 3573 54 23 may
1575 3565 30 24 he
1616 3565 49 24 that
1679 3573 29 17 no
1720 3564 148 32 remedyLcan

1284 3602 29 23 be
1324 3600 69 25 found
1402 3600 38 24 for
1456 3599 46 23 this
1514 3598 51 29 evil,
1580 3598 42 24 but
1637 3593 75 30 it^wM

1285 3643 14 16 a
1308 3638 65 28 great
1383 3633 51 24 deal
1446 3632 31 29 o£
1488 3631 38 24 the
1539 3631 117 25 confusion
1666 3632 75 24 which
1755 3634 72 23 arises
1845 3634 23 22 in

1284 3669 61 29 laws,
1359 3667 44 24 and
1419 3664 107 33 not'bnly
1536 3670 110 20 warrants
1662 3665 39 24 the
1717 3666 87 24 framer
1816 3666 26 24 of
1856 3674 14 15 a

1284 3702 50 29 law,
1345 3700 74 25 which
1437 3698 43 25 has
1497 3705 59 25 gone
1573 3697 104 33 through
1690 3699 58 24 such
1753 3707 21 16 .a
1788 3706 80 17 course

1282 3735 28 24 of
1326 3733 125 32 mangling,
1463 3733 25 23 in
1504 3731 94 32 reading
1615 3732 19 23 it
1644 3740 26 15 as
1680 3732 21 23 if
1714 3732 31 24 he
1755 3737 49 19 met
1814 3732 55 24 with

1284 3769 19 23 it
1313 3768 35 24 for
1359 3765 38 26 the
1407 3766 53 24 first
1470 3766 63 28 time,
1545 3765 41 23 but
1597 3765 19 23 it
1626 3765 20 23 is
1657 3765 128 31 absolutely
1800 3765 68 24 bind-

1284 3802 42 30 ing
1338 3808 62 24 upon
1418 3799 49 24 him
1479 3803 24 19 to
1519 3798 82 31 regard
1617 3803 39 19 not
1667 3798 38 24 the
1716 3799 114 24 intention
1840 3798 29 23 he

1283 3834 46 25 had
1339 3834 26 23 in
1375 3834 64 28 view,
1449 3832 43 24 hut
1503 3831 38 24 the
1559 3832 111 23 intention
1680 3831 119 25 exhibited
1814 3832 32 30 by
1856 3839 14 15 a

1284 3868 43 24 fair
1343 3866 155 25 construction
1508 3865 27 23 of
1549 3864 39 24 the
1605 3864 53 25 Act.
1693 3865 122 32 Adopting
1825 3871 45 24 any

1284 3900 64 24 other
1367 3907 80 17 course
1459 3898 74 32 might
1543 3897 58 24 have
1611 3898 39 23 the
1668 3897 66 28 effect
1743 3897 30 24 .of
1784 3898 86 23 defeat-

1283 3932 96 31 ing'the
1397 3932 75 29 object
1484 3931 26 23 of
1525 3930 39 24 the
1582 3925 152 36 Legislature.
1742 3924 6 9 '
1772 3930 98 31 Feeling

556 59 97 47 «&$
676 52 117 47 W*to
818 53 210 43 Zealmtft
1052 40 197 57 4Bfeggatjfr
1265 48 91 41 an&
1379 47 300 45 milltngtot*
1702 40 255 50 Spectator.

1252 181 25 35 New
1285 181 57 35 Zealand
1350 181 57 35 Gazette
1538 181 106 35 AND
1652 181 90 35 WELLINGTON.
1750 181 82 35 SPECTATOR.

1347 260 131 25 Saturday,
1494 258 129 22 December
1637 258 33 25 10,
1687 257 64 21 1842.

1872 129 132 27 convinced,
2013 129 59 24 that'
2080 129 37 24 the
2129 129 70 24 Chief
2215 129 87 24 Justice
2317 128 56 26 will,
2381 128 67 30 adopt

1870 163 47 23 this
1927 170 91 21 course,,
2024 169 34 16 we
2077 169 38 16 are
2125 161 110 32 prepared
2253 165 24 19 to
2293 160 86 24 believe
2398 160 51 24 that

1871 196 38 23 the
1933 195 103 27 Council!
2041 188 53 30 'will
2102 193 75 29 -.,have
2190 198 24 24 ]a
2239 193 100 24 decision
2357 193 30 31 by
2409 193 40 24 the

1872 229 110 30 Supreme
1995 228 69 23 Court
2075 227 24 23 in
2115 226 79 24 favour
2211 227 24 23 of
2250 226 39 24 the
2307 233 78 16 course
2396 225 55 32 they
2470 241 3 5 -

1870 261 58 23 have
1938 260 106 31 pursued.

1905 294 47 22 But
1963 292 123 32 supposing
2096 292 39 23 the
2144 291 98 24 decision
2252 291 29 24 he
2288 290 162 25 unfavourable

1872 325 50 24 how
1933 325 107 24 defective
2058 326 19 22 it
2096 316 46 32 will
2159 323 69 24 make
2248 323 39 23 the
2303 323 41 25 law
2356 332 92 23 appear.

1872 358 24 24 It
1915 358 103 24 becomes
2037 356 55 25 then
2108 356 63 32 plain
2189 356 50 23 that
2255 356 64 23 those
2339 356 49 25 who
2400 377 4 4 .
2412 364 38 16 are

1872 391 85 24 elected
1975 388 28 26 to'
2015 390 132 24 administer
2165 389 39 23 the
2221 389 44 23 law
2283 396 52 23 may
2354 388 97 40 if^they

1871 424 76 30 please
1966 423 88 31 destroy
2074 423 38 23 the
2128 423 51 28 law,
2190 422 37 23 for
2244 425 24 20 at
2274 433 7 5 -
2288 429 44 23 any
2342 421 54 24 turtle
2411 422 40 23 the

1873 456 96 24 Council
1987 456 73 31 might
2072 463 24 15 so
2108 459 37 19 act
2164 463 24 15 as
2200 459 23 19 to
2234 454 68 31 bring
2313 461 27 16 us
2351 454 47 24 into
2411 463 41 15 our

1871 494 91 26 present
1982 489 116 29 difficulty;
2124 510 3 5 ,
2134 487 83 31 Surely
2228 487 39 23 the
2284 487 42 23 law
2347 487 71 31 ought
2429 491 23 20 to

1870 522 73 24 ,'afford
1959 522 38 23 the
2012 520 80 32 people
2097 521 74 22 £some
2190 527 76 24 power
2277 520 26 23 of
2316 520 137 31 supporting

1871 556 27 23 it.
1910 548 12 12 *
1934 555 56 24 Had
1999 554 38 23 the
2048 553 89 24 settlers
2154 552 94 24 differed
2258 546 103 31 wilhfthe
2374 552 77 24 Coun-

1872 588 30 23 cil
1912 588 26 22 in
1955 587 40 24 the
2011 587 91 32 opinion
2120 584 96 32 adopted
2233 585 52 31 they
2304 584 74 24 would
2395 585 58 24 have

1872 621 60 23 been
1942 620 127 31 powerless.
2104 618 44 24 We
2167 617 110 24 therefore
2286 630 2 5 ■
2297 617 53 24 take
2361 617 43 24 the'
2411 626 41 23 op-

1872 654 116 30 portunity
2010 652 25 24 of
2060 652 134 30 submitting
2217 650 50 24 that
2293 650 38 23 the
2357 650 97 24 Council

1873 686 82 24 should
1966 685 55 25 seek'
2035 684 45 24 and
2098 688 95 27 suggest
2211 691 14 16 a
2242 683 98 30 remedy,
2352 683 34 23 for
2407 683 46 24 this

1873 720 52 23 evil.
2181 717 4 4 '
2267 718 3 4 '
2299 723 3 6 '

1907 752 44 23 We
1962 751 85 24 believe
2059 750 37 24 the
2108 750 97 24 Council
2219 749 28 24 do
2267 753 40 19 not
2316 749 90 31 require
2418 749 37 24 the

1870 786 66 24 .voice
1948 784 26 24 of
1988 784 37 23 the
2036 783 135 31 Burgesses'
2174 787 23 18 to
2214 783 28 22 be
2253 782 75 23 raised
2339 786 23 19 to
2374 781 81 24 induce

1874 818 62 24 them
1948 821 23 20 to
1983 817 103 23 continue
2097 817 25 22 in
2133 816 72 28 office,
2217 816 41 22 hut
2273 815 20 23 if
2308 814 53 31 they
2373 814 38 24 did
2422 822 34 16 we

1874 851 75 24 would
1960 857 54 23 urge
2032 849 39 24 the
2088 849 116 31 propriety
2216 848 25 23 of
2255 848 78 30 giving
2345 847 62 24 them
2418 847 38 24 the

1874 884 109 31 requisite
2001 887 100 26 support,
2121 882 34 23 for
2176 889 34 15 we
2228 880 45 24 feel
2284 880 122 24 convinced
2423 888 33 16 we

1875 920 83 21 cannot
1967 916 64 32 place
2048 920 38 19 too
2103 914 57 31 high
2171 922 14 15 a
2195 913 67 24 value
2273 921 60 23 upon
2344 913 38 23 the
2393 914 63 23 ines-

1874 950 93 24 timable
1974 949 120 32 privileges
2105 947 56 24 with
2172 946 75 25 which
2257 954 34 16 we
2302 954 38 15 are
2348 946 107 24 endowed
2466 963 6 4 -

1874 983 32 31 by
1918 983 45 24 this
1975 982 53 29 Bill,
2042 981 72 24 which
2124 980 96 24 renders
2232 981 19 22 it
2262 979 132 24 incumbent
2408 979 49 24 that

1875 1024 33 16 we
1921 1016 81 23 should
2011 1019 40 19 not
2062 1015 29 23 be
2103 1021 32 16 so.
2139 1013 65 24 weak
2218 1021 24 16 as
2252 1017 23 19 to
2287 1012 81 32 regard
2375 1012 44 24 this
2432 1020 24 16 as

1875 1058 14 15 a
1898 1058 62 15 mere
1971 1049 82 31 pound,
2067 1047 113 31 shillings,
2194 1046 44 24 and
2249 1054 71 23 pence
2332 1045 72 24 affair.

116 2860 169 25 SHIPPING
304 2861 275 26 INTELLIGENCE.

276 2914 143 19 ARRIVED.

313 2939 71 21 None.
598 2933 21 19 **

293 2988 116 21 SAILED.

86 3014 116 21 December
218 3015 21 25 6,
256 3016 108 20 schooner.
379 3017 100 26 Imp,*)2o
494 3020 57 24 tons,
570 3018 72 21 Smith

56 3041 35 21 for
100 3041 127 26 Wanganui.

87 3069 114 21 December
222 3070 20 23 7,
262 3072 68 19 cutter
348 3072 109 21 Catherine
476 3074 109 27 Johnston,
607 3075 35 25 10,

57 3098 58 23 tons,
125 3097 85 25 Taylor,
221 3097 34 20 for
265 3097 73 27 Kapiti
347 3100 41 19 and
397 3100 126 26 Wanganui.

59 3131 3 4 •
80 3123 67 20 'Same
157 3123 224 29 dayJloarque'Georye
389 3127 61 26 Fyfe.,
459 3128 42 19 460
510 3130 57 24 tons,
575 3128 67 27 Pyke,

58 3150 34 20 for
101 3150 90 21 Nelson:
301 3151 3 4 '
398 3154 4 2 '
442 3170 2 9 |

204 3203 4 3 ■
212 3214 13 16 #
282 3197 35 21 IN
332 3198 85 23 PORT.

85 3225 84 26 Barque
185 3222 167 28 Clydesides2s6
368 3229 56 23 tons,
443 3227 134 27 Mathieson,
587 3230 58 20 refit-

54 3254 56 25 ting.
139 3252 120 21 Waitfand
268 3248 76 31 Tyler;
349 3254 88 26 Agents.

82 3281 85 26 Barque
175 3280 128 27 Indemnity,
313 3281 41 23 4,50
362 3285 66 22 nons,
443 3283 88 26 Adams,
543 3284 103 27 refitting.

56 3309 90 26 Agents,
157 3309 70 20 Waitt
235 3309 42 20 and
287 3309 76 25 Ty'ser.
442 3317 2 6 •
534 3310 3 4 '

84 3337 110 20 Schooner
217 3337 58 26 Ann,
300 3337 28 20 22
353 3338 57 25 tons,
433 3338 87 27 Brown,
542 3340 55 21 laid?
601 3354 6 13 T
607 3347 38 20 up.

56 3365 78 26 Agent,
224 3364 43 21 and
275 3364 76 27 Tyser.
360 3364 2 9 '

85 3393 52 26 Brig
145 3388 128 29 Elizabeth,'
280 3393 41 20 230
332 3395 57 25 tons,
405 3392 124 29 Guthridge.
557 3396 88 26 Agents,

59 3420 113 27 Ridgways
181 3420 43 21 and
235 3420 40 21 Co.
449 3434 3 5 .
477 3435 3 3 .

87 3449 110 20 Schooner
206 3448 80 24 Maori,
299 3449 26 19 15
336 3451 73 22 tons.,,
570 3443 33 32 \f

86 3476 109 21 Schooner
207 3476 106 20 Governor
329 3476 90 26 Hobson,
430 3476 27 19 40
468 3478 56 26 tons,
536 3477 109 22 Crumner.

58 3505 90 26 Agents,
158 3504 94 20 Wallace
262 3504 42 20 and
315 3504 39 20 Co.
470 3523 5 5 .
618 3513 9 6 »

86 3531 53 27 Brig
148 3531 99 25 Nimrod,
260 3531 39 20 175
310 3533 59 22 tons,
381 3530 93 26 Cooney.
595 3549 3 3 .
617 3538 11 15 -,

89 3559 108 21 Schooner
216 3559 67 25 Jane,'
291 3559 39 19 JLS.
343 3561 55 24 tons,
419 3558 83 26 Vendy.
531 3558 22 21 J.
571 3559 74 26 Wade,

61 3587 76 26 Agent.
161 3605 2 3 .
315 3598 26 11 '
357 3604 3 2 .
406 3603 4 4 ,
520 3591 14 12 '<
555 3594 13 12 .■
609 3596 21 11 o.
645 3603 2 5 „

89 3614 76 20 Cutter
174 3613 113 25 Pickwick,
299 3613 26 21 38
336 3615 55 25 tons,
402 3613 80 21 Axton.

90 3642 108 20 Schooner
209 3641 120 21 Sussannah
338 3641 55 25 Ann,
405 3641 25 22 79
447 3643 64 22 tons,.
515 3639 130 28 Dougherty.

61 3670 77 25 Agent,
148 3668 73 22 Wade.
287 3685 3 6 ,

90 3696 108 21 Schooner
209 3716 2 3 .
230 3695 145 28 Shepherdett,
408 3695 83 21 Brown.
540 3695 105 26 Schultze,

62 3724 76 26 Agent.
185 3742 3 5 ,
209 3733 5 6 '

90 3751 108 20 Schooner
207 3751 118 24 Elizabeth,
339 3751 27 20 52
376 3752 56 24 tons,
449 3750 78 22 Smith.
536 3756 6 6 '
553 3749 93 21 Wallace

62 3778 41 21 and
113 3778 48 25 Co.,
170 3778 106 26 Agents...
522 3797 3 3 .

90 3805 122 27 Brigantine
230 3806 85 26 Sisters,
334 3806 39 19 130
390 3807 55 23 tons,
464 3805 73 21 Clark.
577 3805 69 20 Waitt

62 3833 42 20 and
114 3834 71 25 Tyter,
195 3832 87 26 Agents.

90 3860 108 21 Schooner
205 3860 109 26 Industry,
332 3860 26 19 24
368 3860 56 25 tons,
441 3859 98 27 Bradley.
568 3859 76 26 Agent,

62 3886 107 22 JrWade;
313 3910 4 3 .
349 3902 16 14 
402 3902 4 2 -
437 3902 5 14 ;
476 3900 7 12 t

90 3914 108 21 Schooner
215 3914 74 26 Ocean,
300 3914 28 20 30
338 3916 62 25 tons,'
410 3914 115 26 Ferguson'.

62 3942 41 21 and
113 3940 49 27 Co.,
163 3948 7 4 -
171 3942 80 25 Agent*
255 3956 5 7 ,
276 3944 5 7 '
370 3944 5 4 '
461 3942 3 4 '
484 3954 18 17 p
510 3937 5 10 :

685 2603 47 16 1842.

768 2575 51 22 i'ime
826 2581 20 16 of

765 2602 86 17 Observa-

783 2623 45 16 tion.

880 2590 55 17 Baro-

874 2613 65 15 meter.

955 2590 87 18 Thermo-

966 2613 71 15 meter..

1068 2566 37 28 £•2
1114 2571 13 19 a

1072 2613 56 21 as*

1068 2642 59 16 Cod

1168 2599 61 18 Wind.

667 2682 82 21 Friday...

733 2714 6 5 '

667 2745 31 16 Sat

787 2682 9 16 9
861 2678 2 20 I

776 2703 65 20 Up.m.
848 2710 3 3 -

788 2724 11 16 4

788 2745 9 16 9

781 2766 54 20 .Ip.m

788 2808 10 15 9

779 2841 2 4 ,
788 2829 55 19 Ip.m.

789 2849 11 15 4

790 2870 9 15 9

790 2891 54 19 Ip.m.

790 2911 11 16 4

776 2933 24 15 -,tg
828 2934 4 4 ■
841 2931 3 4 ■

790 2974 11 16 4

790 2995 10 15 9

790 3016 55 20 lpm.

790 3037 12 16 4

791 3058 10 15 9

791 3079 54 19 Ip.m.

791 3099 11 16 4

880 2681 59 17 29.840

881 2703 59 16 29.830

881 2724 59 16 29.800

881 2744 59 17 29.590

882 2764 58 18 29:790

882 2786 58 16 29.755

983 2681 27 16 63.

981 2701 30 18 67.

983 2723 28 16 61.

983 2744 29 16 55.

983 2765 28 16 66.

983 2785 28 17 64.

1079 2705 37 16 0.15

1074 2768 58 16 None.

1148 2682 58 17 S.S.E.

1149 2702 58 19 S.S.E.

1150 2724 45 17 S.W.

1150 2743 45 19 N.E.

1149 2764 53 19 N.W.

1150 2786 52 18 N.W.

1150 2806 52 19 N.W.

1151 2827 52 19 N.W.

1151 2849 52 20 N.W.

1153 2871 50 17 N.W.

1152 2892 52 17 N.W.

1152 2913 52 17 N.W.

1153 2934 57 18 B.S.E.

1153 2955 50 17 N.W.

1153 2976 57 18 S.S.E.

1153 2997 58 18 S.S.E.

1154 3018 38 16 S.E.

1154 3039 57 17 S.S.E.

1154 3059 102 21 Northerly.

1154 3081 57 17 S.S.E.

1154 3102 62 16 South.

721 2777 4 3 •

668 2807 83 20 Sunday..

1070 2825 61 21 None.'

670 2869 82 20 Monday.

671 2931 82 21 Tuesday

668 2993 47 18 .Wed

882 2869 61 16 29.640

883 2890 60 16 29.630

883 2910 60 16 29.652

881 2930 62 17 '29.760

884 2952 59 17 29.740

884 2972 59 18 29.720

884 2994 59 17 29.815

884 3015 60 18 29.830

884 3036 59 17 29.820

884 3057 59 17 29.920

884 3078 60 17 29.927

884 3099 60 17 29.920

985 2871 28 16 61.

985 2891 28 16 61.

985 2912 38 16 61.'

986 2933 28 16 £5.

987 2954 27 15 59.

987 2974 28 16 57.

987 2996 28 15 55.

987 3017 28 15 58.

987 3037 28 16 57.

987 3059 28 15 59.

987 3079 28 16 63.

987 3100 27 16 63.

1082 2893 37 16 0.43

1096 2927 2 5 '

1083 2954 38 17 0.7.6

1083 3018 39 16 0.04

672 3055 80 18 Thura...

1105 3048 2 4 '

1074 3079 58 17 None.

1059 3103 2 4 .

675 3154 80 21 Friday...

674 3216 31 16 Sat

674 3279 82 20 Sunday..

674 3340 82 21 Monday.

793 3157 10 15 9

792 3178 55 19 Ip.m.

794 3220 10 16 9

792 3241 56 19 Ip.m.

793 3262 11 15 4

794 3283 10 15 2

794 3303 55 20 Ip.m.

794 3345 10 16 9
816 3341 4 6 '

794 3366 55 21 Ip.m.

794 3387 12 16 4

794 3408 10 16 9

794 3429 55 20 Ip.m.

794 3471 10 15 9
837 3454 31 31 *'

793 3491 55 21 Ip.m.

792 3533 10 16 9

792 3554 56 20 Ip.m.

792 3575 12 16 4
814 3574 4 3 '

1002 3136 127 17 BEMARKS.

873 3156 55 20 Light
934 3157 63 16 breeze
1006 3157 36 16 and
1048 3157 43 16 fine.

874 3176 93 18 Moderate
974 3178 62 16 breeze
1044 3178 36 16 and
1087 3178 70 21 cloudy.

873 3197 55 21 Light
936 3199 63 16 breeze
1007 3199 36 16 and
1050 3201 87 15 overcast.

874 3219 50 17 Calm
931 3219 36 17 and
974 3220 87 16 overcast.

874 3239 92 17 Moderate
972 3241 63 16 breeze
1042 3240 37 17 and
1089 3242 84 16 overcast.

874 3260 57 17 Fresh
990 3260 33 17 Do.
1066 3261 34 17 Do.

874 3281 93 17 Moderate
973 3282 64 16 breeze
1042 3282 36 16 and
1085 3282 69 21 cloudy.

917 3302 33 16 Do.
993 3303 34 16 Do.
1067 3303 47 17 tain.
1143 3314 2 5 ,

917 3323 34 17 Do.
994 3323 36 18 Do.
1072 3324 34 16 Do.

916 3343 34 18 Do.
993 3344 34 17 Do.
1070 3345 33 16 Do.

874 3364 57 16 Fresh
938 3364 62 17 breeze
1008 3365 36 17 and
1051 3366 85 16 overcast.

917 3385 33 16 Do.
993 3385 34 18 Do.
1068 3386 34 17 Do.

912 3405 40 17 >Do.
990 3404 38 19 Do.
1070 3406 33 18 Do.

874 3426 66 20 Strong
947 3427 64 16 breeze
1017 3427 37 16 and
1060 3427 42 17 fine.

917 3446 33 17 Do.
976 3444 3 4 '
994 3447 34 17 Do.
1070 3448 35 17 Do.
1143 3456 5 5 '
1182 3460 3 4 ,

874 3468 66 20 Strong
945 3468 64 16 breeze
1016 3469 37 16 and
1059 3469 88 21 showery.
1164 3472 3 5 •
1183 3472 5 5 '

879 3500 5 6 v
917 3489 33 16 Do.
963 3494 8 3 -
994 3489 34 17 Do.
1069 3490 41 16 fine.

874 3509 56 17 Fresh
936 3510 63 17 breeze
1006 3510 37 17 and
1049 3514 43 17 very
1098 3511 44 17 fine.

873 3530 56 21 Light
934 3530 63 18 breeze
1006 3531 36 17 arid
1047 3528 47 24 Very,
1098 3531 43 18 fine.

916 3551 35 17 Do.
994 3549 41 21 Do.'
1072 3549 50 20 T>of

915 3573 34 25 pp.
960 3574 4 3 '
973 3577 5 6 '
991 3571 36 20 D<£
1051 3571 5 7 '
1066 3577 4 7 I
1068 3573 34 17 Do.

1144 3242 29 16 ist.

674 3403 82 21 Tueiday

674 3465 44 17 Wed

674 3515 81 30 Th-uiL

674 3834 95 20 London
786 3840 2 4 •
866 3835 24 25 $>
1163 3834 14 20 6
1199 3834 19 20 4)
1242 3834 16 20 0

674 3859 56 22 New
745 3859 76 21 South
835 3859 86 22 Wales
935 3866 46 14 and
992 3858 29 22 V.
1028 3859 33 21 D.
1072 3858 27 23 L.
1126 3873 7 7 .
1139 3873 7 7 .
1163 3860 13 21 2
1204 3861 14 19 0
1244 3860 14 20 0

673 3886 95 22 Nelson
1126 3887 50 21 ..2
1203 3887 15 20 0
1244 3887 14 19 0

672 3913 123 22 Taranaki
805 3920 46 15 and
859 3913 74 22 Coast
1004 3922 11 11 ••■
1098 3908 97 26 ...^.42*<
1204 3913 15 20 0
1236 3913 22 21 .0

674 3940 126 22 AVCMAND
949 3935 7 25 I
1030 3953 7 7 .
1040 3953 11 27 }
1056 3935 174 46 ,..,^fL
1252 3935 8 6 '

766 3644 3 4 ,
790 3624 99 22 Notice
903 3626 30 19 to
949 3624 204 26 Subscribers.,,

675 3660 79 25 Papers
767 3658 48 21 will
821 3660 39 19 not
873 3658 25 20 be
910 3659 47 20 sent
954 3676 6 14 ;
974 3659 22 19 to
1007 3660 98 23 persons'
1108 3657 66 27 living
1189 3660 38 19 out
1235 3658 22 25 of

699 3686 55 21 Port
762 3686 121 26 Nicholson,
899 3679 70 37 unfeis
983 3687 159 24 arrangements
1153 3691 37 15 are
1199 3686 58 20 made

697 3713 37 24 for
743 3714 35 20 the
782 3716 102 24 payment
893 3714 28 26 of
926 3714 36 21 the
971 3720 64 20 same,
1047 3714 93 26 through
1142 3719 33 15 An
1187 3714 70 26 Agent

700 3742 24 19 at
734 3742 136 24 Wellington.
1132 3735 21 26 'k.
1197 3740 3 5 '

104 153 6 21 ;
163 166 4 9 ,
221 150 154 28 Important
390 148 69 21 Sale.
480 159 5 6 «
494 170 7 7 k

55 187 88 26 Ti-JTR.
163 186 54 23 Wm.
221 185 5 15 :
227 203 3 5 ,
238 180 216 27 FITZHERBERT
470 179 41 22 has
528 177 103 23 leceived

53 204 60 31 IVX
150 212 141 23 instructions
309 209 59 21 from
496 205 71 22 Waitt
584 204 47 22 and

51 240 75 25 Tyser,
137 242 25 19 to
172 239 40 22 sell
220 238 30 26 by
256 233 80 28 Public
336 233 108 28 Auction,
455 235 24 19 at
487 232 59 22 their
551 232 78 25 Stores,

52 274 30 14 on
96 263 111 29 Tuesday,
224 262 50 24 13th
287 262 89 23 instant,
393 259 37 22 the
446 258 71 23 entire
534 264 64 20 cargo
609 257 26 21 of

52 292 38 22 the
100 293 84 25 Sisters,
195 292 57 20 from
263 289 87 22 Hobart
363 287 76 26 Town,
450 285 122 26 consisting
580 284 51 21 of—

80 325 45 22 Gin
132 326 26 21 in
167 323 64 23 wood
241 322 45 22 and
296 327 67 20 cases,

78 351 102 23 Jamaica
188 357 57 19 rum,
343 365 5 4 .
445 370 7 6 .

78 377 117 26 Teneriffe,
205 377 56 25 port,
272 374 46 22 and
328 373 89 22 Sicilian
424 378 58 16 wine
490 378 26 15 in
524 373 69 24 wood,

78 404 84 22 Lemon
171 409 65 20 syrup
247 402 23 21 in
280 407 68 19 cases,
390 401 5 5 *
464 404 3 6 '
497 407 9 17 r,
536 414 10 5 «

79 429 80 27 Coffee,
170 429 105 25 herrings,
287 426 95 26 candles,
391 442 4 7 ,

79 456 102 26 Leather,
191 456 64 20 boots
264 453 43 22 and
318 452 70 26 shoes;

80 484 75 25 10,000
164 482 46 21 feet
218 480 52 22 Van
278 479 115 22 Diemen's
403 477 64 22 Land
477 476 87 27 timber,

78 509 53 21 And
141 516 14 14 a
165 506 102 30 quantity
275 506 25 22 of
308 505 62 22 other
378 503 164 23 merchandize.

244 545 74 15 TERMS
332 544 30 14 AT
376 543 62 15 SALE.

76 571 143 27 Wellington,
227 568 126 24 December
362 569 21 24 9,
393 569 61 20 1842.

174 616 60 20 Sale
259 614 29 21 of
308 611 202 23 Merchandize.

52 649 160 49 MESSRS.
226 646 149 23 BETHUNE
389 653 45 14 and
449 643 130 23 HUNTER
588 642 45 28 w,ill

150 675 40 21 sell
209 675 31 26 by
259 673 78 23 Public
344 670 12 26 '
356 670 103 26 Auction,
479 673 23 19 at
522 670 110 22 Lambton

52 703 71 26 Quay,
135 709 30 14 on
175 700 150 27 Wednesday,
329 702 60 23 next,
400 698 36 22 the
446 697 51 21 14th
506 696 26 22 of
537 696 96 22 Decem-

50 729 41 21 ber
100 730 89 20 current
189 738 28 5 —

78 762 59 21 Beef
143 762 24 21 in
176 761 92 26 barrels,

78 788 76 27 Sugar,
167 788 73 25 coffee,
251 788 52 25 rice,
316 785 96 27 candles,
423 784 44 23 and
478 791 59 21 soap,

79 814 65 23 Glass
154 814 45 22 and
209 813 156 26 earthenware,
595 833 7 4 _

78 841 105 29 Vinegar,
193 839 106 27 mustard,
311 838 43 23 and
363 845 83 19 sauces,

75 869 14 20 3
100 870 64 19 casks
174 867 64 26 wine,
248 866 56 22 wine
318 864 70 27 corks,

78 896 13 19 2
105 901 62 14 cases
185 893 104 27 clothing,
310 891 128 27 containing
456 897 14 14 a
487 889 57 23 well'
557 889 76 22 varied

51 923 137 24 assortment,

76 949 14 20 2
100 954 61 15 cases
170 946 58 28 hats,

78 974 22 21 A
109 974 102 27 quantity
220 974 25 21 of
252 972 97 23 assorted
357 972 160 26 ironmongery
527 969 43 22 and
576 969 57 21 tools

49 1000 24 22 in
82 1000 58 28 good
151 1000 121 22 condition.

185 1027 53 21 And
253 1026 88 22 various
350 1024 63 22 other
420 1023 77 28 goods.

311 1059 63 19 ALSO,

79 1080 65 22 Some
159 1079 93 28 articles,
263 1079 37 22 the
316 1080 104 26 property
430 1077 26 22 of
467 1084 15 14 a
495 1078 65 26 party
571 1074 62 23 forth

48 1106 28 22 ■of
83 1106 37 22 the
130 1106 91 27 Colony.

177 1139 57 21 S.ALE
248 1140 28 15 AT
290 1139 91 15 TWELVE
395 1131 104 21 O'CLOCK.
515 1143 4 4 •

76 1167 185 27 Lambton-quay,
271 1166 57 22 Dec.
339 1167 19 24 8,
369 1166 59 21 1842.

209 1211 143 27 Wellington,
363 1209 127 23 November
500 1211 34 24 18,
545 1209 59 21 1842.

50 1246 145 50 NOTICE
210 1245 28 22 IS
259 1244 127 23 HEREBY
402 1242 107 27 GIVEN,
532 1242 47 21 that
595 1241 38 22 the

116 1272 140 27 partnership
270 1272 95 21 hitherto
380 1269 124 23 conducted
512 1268 71 23 under
595 1268 38 21 the

51 1300 50 21 firm
110 1300 26 21 of
147 1299 114 27 Ferguson
278 1298 47 22 and
338 1298 86 26 Young,
441 1296 20 21 is
475 1296 45 21 this
537 1295 42 27 day
590 1294 44 22 dis-

49 1326 76 22 solved
136 1327 31 26 by
177 1325 86 23 mutual
272 1327 90 20 consent
367 1332 6 20 ;
389 1324 44 21 and
442 1323 31 22 all
488 1322 146 26 debtsowing

50 1357 23 17 to
83 1353 36 21 the
129 1352 49 22 said
186 1352 50 22 firm
247 1359 36 14 are
297 1350 119 28 requested
424 1354 22 17 to
456 1350 28 21 be
491 1349 53 27 paid
554 1352 23 18 to
588 1348 44 22 Mr.

49 1380 29 21 A.
90 1379 85 27 Young,
186 1378 49 23 who
245 1378 43 22 will
298 1378 24 21 in
332 1378 73 21 future
412 1383 65 20 carry
487 1383 30 14 on
525 1375 39 22 the
570 1374 64 23 busi-

49 1413 56 15 ness.

235 1433 8 9 '•
346 1430 110 22 Wilxiam
471 1430 130 24 Ferguson,

347 1460 143 21 Alexander
504 1458 91 22 Young.
621 1472 2 6 ,
633 1466 2 4 ■

52 1507 173 31 /CHARTER
234 1505 175 27 PARTIES.for
417 1504 46 22 sale
472 1506 24 20 at
501 1503 38 22 the
548 1504 86 20 Gazette

52 1535 40 22 \S
108 1534 76 22 Office.

50 1581 51 47 A
134 1579 139 27 HURLEY,
282 1578 83 21 Bread
376 1585 48 14 -and
437 1576 97 23 Biscuit
544 1576 88 26 Baker,

103 1618 13 10 «
166 1606 92 22 Pastry
280 1605 70 25 Cook,
375 1611 45 14 and
449 1603 183 26 Confectioner,

50 1637 87 18 returns
146 1632 35 22 his
191 1633 84 21 sincere
285 1631 82 22 thanks
376 1633 22 19 to
409 1630 33 22 his
447 1630 85 21 friends
542 1629 44 22 and
595 1628 38 22 the

49 1660 74 27 public
137 1659 37 22 for
188 1659 38 21 the
242 1658 78 22 liberal
336 1656 131 30 support'he
482 1656 40 22 has
532 1655 102 22 received

50 1687 61 21 since
120 1686 34 22 his
167 1688 192 19 commencement
369 1684 21 21 in
400 1684 37 21 the
446 1683 71 22 above
526 1682 53 27 line,
590 1682 45 22 and

49 1713 54 27 begs
112 1716 22 18 to
144 1712 81 22 inform
233 1712 61 22 them
303 1711 49 22 that
361 1710 28 22 he
398 1710 41 22 has
445 1710 88 27 opened
542 1709 34 22 his
584 1716 50 15 new

50 1740 105 27 premises
165 1746 28 15 on
206 1739 187 26 Lambton-quay,
405 1736 43 23 and
463 1740 73 23 trusts,
548 1736 48 21 that
603 1736 32 28 by

50 1767 79 26 selling
138 1766 69 27 goods
217 1766 26 21 of
254 1773 13 13 a
274 1766 106 20 first-rate
393 1763 92 29 quality,
494 1763 30 22 he
534 1762 56 22 shall
598 1769 37 16 re-

50 1793 61 22 ceive
121 1793 49 21 that
178 1795 91 25 support
277 1792 24 21 'it
310 1790 57 23 shall
381 1798 51 15 ever
442 1790 28 22 be
480 1791 36 22 his
532 1790 67 27 study
611 1793 22 18 to

52 1820 70 22 merit.

63 1856 99 19 Families
177 1855 44 20 and
238 1854 103 26 Shipping
358 1853 94 27 supplied
468 1860 28 13 on
515 1853 35 20 the
567 1853 53 20 most

243 1882 119 21 reasonable
371 1884 69 18 terms.

220 1927 75 21 Villa
308 1927 158 21 Residence.

51 1959 67 48 TO
130 1959 42 22 BE
186 1959 87 26 SOLD,
289 1958 55 22 with
358 1957 127 22 immediate
504 1956 130 26 possession,

124 1993 15 14 a
147 1985 91 26 genteel
245 1985 63 21 Villa
322 1984 133 25 Residence,
467 1983 54 21 with
537 1983 98 26 Garden,

50 2011 94 21 suitable
155 2014 22 18 to
187 2018 13 14 a
210 2010 65 22 small
283 2010 87 26 family.
619 2014 5 8 '

79 2037 132 22 Commands
226 2044 14 14 a
253 2036 46 22 fine
309 2036 58 22 view
376 2035 26 23 of
413 2035 37 22 the
468 2035 111 26 Harbour,
591 2034 44 22 and

50 2064 75 22 within
134 2063 62 23 three
207 2063 96 22 minutes
310 2062 58 22 walk
377 2063 26 21 of
409 2062 37 22 the
457 2061 178 23 Custom-house.

78 2091 44 21 For
130 2090 138 27 particulars,
278 2089 69 28 apply
357 2093 23 18 to

384 2116 35 22 W.
435 2116 173 22 Fitj&herbert;

79 2144 129 22 November
216 2145 34 26 29,
262 2145 61 20 1842.

52 2191 134 49 DAVID
201 2190 192 28 WILKINSON,
408 2190 55 27 begs
473 2193 24 19 to
502 2190 86 23 inform
598 2190 39 21 the

132 2218 84 28 public,
237 2218 46 21 that
302 2218 30 22 he
346 2217 41 23 has
402 2225 51 14 now
468 2217 69 28 ready
546 2218 36 22 for
591 2217 46 23 sale

50 2245 73 27 plants
140 2245 27 21 of
176 2245 48 22 that
238 2244 108 23 beautiful
362 2252 48 15 new
426 2244 100 27 seedling
541 2246 97 20 mimulus

55 2273 139 24 Wilkinsonii,
203 2272 39 21 the
251 2272 104 21 varieties
363 2272 84 26 youngii
454 2271 45 22 and
507 2274 83 20 smithis
600 2279 37 15 are

51 2303 41 18 not
107 2302 23 19 to
146 2299 29 22 be
190 2298 119 28 compared
325 2302 21 18 to
365 2300 29 26 it;
418 2299 38 21 the
477 2298 106 23 blossoms
599 2306 38 15 are

52 2329 52 18 neat
113 2326 45 21 and
167 2326 89 26 regular
270 2326 24 21 in
308 2326 64 28 form,
390 2326 45 21 and
450 2329 60 18 most
525 2326 112 26 distinctly

51 2352 92 22 marked
161 2353 54 22 with
231 2352 96 22 crimson
346 2360 30 15 on
393 2352 80 28 yellow
488 2354 94 27 ground,
600 2354 38 21 the

52 2379 86 22 flowers
148 2387 38 14 are
195 2379 116 28 produced
316 2380 25 21 in
351 2379 132 22 abundance
493 2380 46 22 and
545 2380 93 22 renders

52 2406 38 22 the
98 2406 64 28 plant
171 2413 54 21 very
234 2406 82 28 showy,
329 2406 43 22 and
388 2406 109 28 produces
512 2415 14 13 a
539 2407 99 21 brilliant

52 2440 136 20 appearance
194 2441 6 19 ;
212 2433 37 22 the
259 2433 64 28 plant
332 2434 18 21 is
360 2441 52 19 easy
420 2436 23 19 to
451 2433 110 22 increase.

80 2460 48 22 P.S.
146 2460 124 26 Flowering
278 2460 75 28 plants
360 2465 42 17 two
411 2460 100 27 shillings
522 2460 60 22 each.

82 2491 48 22 Oct.
143 2493 34 24 20,
188 2493 62 20 1842.

160 2535 196 23 SUFFOLK
384 2536 148 28 HOTEL,

332 2570 28 14 BY

261 2590 33 21 H.
315 2590 54 21 Gar
370 2590 58 26 rod,

108 2623 125 16 THORNDON
253 2624 68 20 QUAY,
338 2624 60 15 NEAR
418 2625 93 14 PIPITEA
531 2625 52 15 PAH.

58 2671 74 26 Wines,
155 2672 85 26 Spirits,
262 2672 35 25 ifc.
318 2672 27 24 of
360 2672 34 20 the
407 2673 54 25 first
481 2673 88 29 quality,
585 2679 55 21 upon

247 2700 120 19 reasonable
377 2701 71 20 terms.

250 2745 25 19 J.
289 2745 40 19 M.
344 2745 107 25 Taylor,

72 2777 151 22 LICENSED
247 2777 239 24 CUSTOM-HOUSE
509 2780 115 28 AGENT,

304 2811 29 12 TE
347 2811 51 12 ARO.
