2460 3720
1292 1557 51 35 Oxford
1343 1557 18 35 and
1361 1557 15 35 Cust
1376 1557 15 35 Observer.

1350 1644 186 19 PUBLISHED
1555 1644 154 23 WEEKLY.

1296 1707 165 24 SATURDAY,
1491 1707 103 22 October
1613 1709 63 24 29th,
1702 1709 58 20 1892.

1269 1810 261 32 PREVENTION
1547 1809 54 34 OF
1601 1809 191 34 PAUPER-

1483 1859 85 30 ISM.

1510 1916 41 22 BY

1269 1955 77 31 Bey.
1376 1954 150 32 William
1557 1955 30 30 L.
1619 1955 170 31 Blacklby

1312 2108 23 27 1.
1359 2105 31 30 It
1404 2105 25 31 is
1447 2106 90 39 hvery
1559 2104 93 32 man's
1667 2106 76 39 duty
1756 2108 33 26 to

1267 2147 88 29 make
1364 2156 18 20 a
1390 2155 110 31 proper
1509 2146 151 39 provision
1670 2146 119 39 against

1267 2191 83 27 want
1360 2188 32 29 m
1407 2187 133 31 sickness
1552 2188 59 28 and
1622 2188 50 28 old
1683 2197 64 30 age.

1309 2230 28 28 2.
1360 2227 71 32 This
1446 2228 77 40 duty
1536 2228 25 30 is
1577 2228 119 41 grossly
1717 2238 70 30 neg-

1267 2270 97 30 lected
1392 2270 33 30 m
1458 2270 150 39 England,
1644 2269 59 30 and
1737 2270 52 30 the

1242 2329 6 11 r
1269 2310 144 31 Colonies.
1604 2302 22 20 #
1641 2314 16 20 ■

1309 2354 26 27 8.
1361 2351 65 30 The
1436 2351 97 30 result
1544 2351 33 30 of
1584 2351 74 30 such
1669 2351 120 37 neglect

1266 2392 35 38 is,
1317 2402 40 20 on
1370 2392 52 29 the
1437 2402 55 19 one
1502 2391 91 36 hand,
1609 2395 30 25 to
1650 2390 139 40 unjustly

1265 2433 117 30 burden
1426 2432 50 30 the
1507 2433 60 30 few
1620 2432 166 39 provident,

1265 2478 33 27 to
1312 2475 176 38 discourage
1509 2474 78 29 their
1610 2474 97 35 thrift,
1728 2473 59 30 and

1267 2518 32 27 to
1313 2514 141 30 diminish
1469 2514 77 29 their
1573 2515 141 28 numbers
1725 2526 6 24 ;
1749 2524 38 19 on

1266 2555 52 30 the
1336 2555 96 36 other,
1460 2557 33 27 to
1521 2554 176 31 demoralise
1726 2554 63 31 still

1265 2597 122 30 further
1401 2597 51 29 the
1469 2606 91 30 many
1573 2595 212 40 improvident,

1268 2638 60 30 and
1342 2643 30 24 to
1396 2637 134 31 increase
1543 2637 80 30 their
1636 2637 151 35 numbers,

1267 2680 42 39 by
1327 2679 152 38 fostering
1504 2679 53 29 the
1585 2677 108 40 fallacy
1719 2678 68 29 that

1267 2721 52 28 the
1337 2719 142 31 wasteful
1505 2719 77 29 have
1606 2728 18 19 a
1649 2718 84 39 right
1756 2721 51 26 toy

1268 2763 128 36 support
1410 2762 54 27 out
1478 2760 34 29 of
1521 2759 52 30 the
1597 2759 139 39 earnings
1758 2759 32 30 of

1267 2801 53 30 the
1337 2801 116 40 thrifty.

1307 2842 29 29 4.
1357 2841 49 31 No
1420 2842 104 29 efforts
1540 2841 131 29 hitherto
1691 2841 96 36 made,

1268 2882 96 30 either
1380 2882 39 40 by
1433 2882 57 34 law
1505 2891 34 21 or
1563 2881 224 40 philanthropy,

1267 2924 139 30 however
1422 2918 168 50 calculated
1618 2921 72 38 they
1718 2932 69 29 may

1269 2963 35 31 be
1334 2968 29 26 to
1392 2962 88 32 assM
1517 2962 60 30 and
1603 2962 91 40 guide
1734 2962 53 30 the

1269 3006 151 30 exertions
1448 3011 32 23 of
1504 3004 52 30 the
1584 3004 118 40 thrifty,
1731 3013 55 20 can

1268 3057 75 20 even
1385 3044 147 47 jpretend,
1575 3045 28 29 if
1639 3044 148 40 perfectly

1267 3086 174 47 buccessful,
1456 3089 31 27 to
1502 3086 91 29 touch
1607 3085 52 30 the
1674 3094 67 21 case
1756 3085 32 29 of

1267 3128 61 29 the^
1335 3115 210 51 improvident.
1589 3125 158 39 Although
1747 3142 40 5 —

1309 3170 26 28 5.
1357 3157 103 50 Efmy
1500 3166 82 30 work
1585 3166 66 39 ing.
1658 3176 68 20 man
1760 3166 26 30 is

1268 3210 74 35 able,
1365 3210 43 42 ii^
1418 3207 122 40 willing,
1570 3210 32 27 at
1625 3216 19 20 a
1673 3207 115 30 certain

1267 3251 104 39 period
1385 3249 33 36 of
1436 3248 46 29 his
1510 3248 61 35 life,
1599 3251 30 26 to
1654 3248 158 46 make^i-

1268 3291 56 29 due
1350 3282 78 37 and\
1453 3288 146 29 sufficient
1625 3279 187 54 J)^hmH|

1268 3330 120 41 against
1401 3322 411 53 sibknes^dflMJ^^^^H

1309 3373 28 28 6,
1357 3371 32 30 It
1401 3360 411 62 i^hej^^^^^^^H

1879 221 255 61 man^^^Hy
2159 232 89 30 think
2277 221 139 41 lielM

1876 265 258 51 cont^^^^^fjy
2162 283 56 19 one
2247 283 17 19 o
2265 273 12 29 f
2304 265 112 38 tbenH

2086 312 122 32 himself
2217 318 31 26 to
2263 314 39 30 do
2317 325 34 19 so
2368 316 48 28 iin

2032 353 129 30 method.

1917 392 72 35 But,
2006 395 78 28 until
2115 395 14 28 I
2145 399 78 25 meet
2234 396 74 29 with
2323 397 93 43 sucl^

1877 431 142 40 disproof,
2061 434 17 30 I
2107 435 78 29 shall
2213 436 71 30 hold
2311 424 105 43 tIMH

1877 474 160 31 assertions
2073 485 32 20 as
2133 479 76 33 true,
2238 478 60 30 and
2328 464 88 47 rcoH

1878 523 80 24 upon
1997 516 80 30 their
2125 519 171 30 concession
2343 523 73 27 tnew

1877 554 106 31 details
1997 557 32 29 of
2055 557 53 30 the
2134 558 155 41 following
2314 547 102 58 planj

1876 605 91 30 many
1982 597 32 29 of
2027 597 52 31 the
2093 599 123 29 obvious
2231 600 185 38 objection™

1875 638 33 26 to
1922 636 99 30 which
2030 636 16 30 I
2060 638 61 30 will
2132 639 135 31 consider
2277 628 139 44 further!

1915 727 31 30 If
1959 728 52 30 the
2034 729 105 31 nation
2161 732 114 38 compel
2302 744 92 30 every

1875 777 71 21 man
1973 772 33 27 to
2039 770 87 30 make
2155 781 38 20 an
2235 783 160 22 assurance

1875 810 119 38 against
2008 810 133 32 sickness
2158 812 60 30 and
2230 812 155 42 infirmity,
2395 824 21 7 —

1875 851 52 30 the
1941 861 74 31 very
2030 852 66 33 first
2110 854 139 30 essential
2261 859 82 27 must
2355 857 39 30 be

1875 892 68 30 that
1955 892 53 31 the
2028 893 183 31 investment
2234 896 48 29 for
2296 895 98 32 which

1875 932 26 30 it
1914 933 85 30 takes
2012 934 48 30 his
2088 945 107 29 money
2223 936 106 31 should
2357 938 37 30 be

1876 974 168 38 absolutely
2061 985 103 19 secure
2175 987 8 23 ;
2214 976 50 29 the
2291 978 103 29 nation

1875 1017 83 27 must
1971 1014 70 38 give
2052 1025 18 19 a
2078 1016 133 29 national
2221 1020 171 35 guarantee.

1877 1054 71 30 This
1962 1065 101 20 means
2083 1056 52 29 the
2159 1057 177 32 foundation
2364 1059 31 31 of
2415 1066 1 37 j

1875 1106 19 19 a
1921 1095 140 31 National
2089 1096 144 42 Friendly
2266 1098 128 42 Society,
2415 1085 1 41 I

1875 1146 35 21 or
1919 1137 90 36 what,
2032 1138 49 29 for
2095 1138 162 32 shortness'
2287 1141 79 37 sake,
2378 1140 17 31 I

1875 1178 63 29 will
1952 1178 58 29 call
2025 1189 18 18 a
2056 1179 143 29 National
2214 1179 86 32 Club.

1909 1218 107 39 Again,
2025 1219 26 28 if
2058 1219 52 30 the
2119 1219 102 30 nation
2231 1224 185 36 guarantee—

1877 1259 73 30 each
1964 1260 96 29 man's
2084 1270 167 28 assurance,
2277 1262 25 29 it
2315 1267 80 25 must

1875 1299 119 40 require
2014 1301 74 29 each
2100 1312 70 19 man
2183 1305 33 26 to
2230 1308 165 32 guarantee

1875 1341 47 30 his
1950 1341 202 30 contribution
2162 1353 8 25 ;
2186 1342 53 30 the
2252 1347 143 36 payment

1877 1383 144 37 expected
2054 1383 49 28 for
2119 1406 14 16 4
2142 1384 52 28 the
2235 1394 160 20 assurance

1875 1426 82 26 must
1971 1426 54 26 not
2051 1418 37 35 lie
2108 1425 181 38 precarious,
2306 1435 34 20 as
2354 1425 41 29 all

1876 1463 163 40 periodical
2048 1468 158 35 payments
2215 1466 179 40 necessarily

1877 1515 51 19 are
1937 1515 8 24 ;
1961 1504 24 29 it
1997 1508 80 26 must
2087 1505 36 30 be
2136 1506 71 39 paid
2222 1505 97 37 down,
2335 1517 33 20 as
2378 1506 17 30 I

1876 1545 80 29 shall
1977 1545 83 29 show
2081 1545 26 28 it
2117 1555 57 19 can
2186 1548 48 33 be,
2248 1557 74 19 once
2348 1548 47 28 for

1875 1585 49 29 all.
1968 1585 64 30 The
2046 1586 146 40 principle
2210 1586 32 30 of
2256 1597 18 19 a
2300 1587 97 41 single

1877 1626 70 31 cash
1962 1630 144 36 payment
2125 1627 32 30 m
2184 1627 137 31 advance,
2353 1629 43 29 in-

1877 1668 85 30 stead
1973 1668 31 29 of
2016 1668 139 39 monthly
2181 1679 35 19 or
2244 1670 153 39 quarterly

1875 1712 169 36 payments,
2058 1709 63 30 will
2147 1710 38 29 be
2210 1710 139 29 essential
2366 1712 30 38 (a

1876 1750 151 37 provision
2040 1749 108 34 which,
2171 1750 42 36 by
2239 1750 53 28 the
2319 1760 75 28 way,

1875 1788 62 31 will
1963 1788 191 41 enormously
2178 1789 142 31 diminish
2343 1791 53 29 the

1875 1830 126 31 relative
2028 1835 63 26 cost
2118 1830 34 30 of
2176 1835 218 35 management,

1876 1872 60 29 and
1948 1872 192 33 thejamount
2154 1872 33 29 (5f
2203 1872 147 40 'loading'
2361 1876 34 26 to

1875 1912 39 30 be
1929 1912 130 39 charged
2072 1917 33 24 to
2119 1913 74 28 each
2211 1913 183 40 insurance)..

1916 1960 107 39 Again,
2039 1960 25 29 if
2077 1960 51 29 the
2152 1960 104 29 nation
2285 1960 109 30 under-

1875 2000 71 32 take
1961 2000 74 32 such
2063 2011 18 20 a
2108 2000 82 32 work
2216 2011 33 20 as
2273 2002 69 36 this,
2370 2002 25 30 it

1875 2046 82 26 must
1983 2043 37 29 be
2048 2041 43 40 by
2122 2052 39 19 an
2190 2042 205 39 organisation

1876 2084 98 29 which
1994 2083 121 29 reaches
2128 2092 92 30 every
2239 2083 104 39 parish
2362 2084 33 29 m

1874 2124 52 28 the
1939 2123 152 40 kingdom.
2134 2122 81 30 Such
2227 2134 38 18 an
2275 2133 7 7 -
2287 2134 93 29 organ
2383 2133 10 13 ■*

1875 2164 107 30 isation
2013 2164 122 39 already
2162 2163 94 31 exists
2284 2165 32 29 m
2345 2165 50 30 the

1875 2206 73 29 Post
1965 2205 100 30 Office.
2108 2205 16 29 I
2134 2213 127 31 propose
2275 2206 68 30 that
2370 2207 25 29 it

1875 2247 107 30 should
1993 2247 37 30 be
2042 2246 120 31 utilised
2175 2246 50 31 for
2238 2246 60 31 this
2326 2258 71 30 pur-

1874 2298 80 29 pose,
1980 2298 32 19 as
2039 2288 24 29 it
2086 2287 54 30 has
2168 2287 123 41 already
2318 2282 81 36 been!
2415 2317 2 7 t

1874 2328 199 40 successively
2086 2328 48 28 for
2150 2328 261 40 savings-banks,/

1874 2368 137 31 deferred
2039 2368 156 38 annuities,
2211 2369 181 39 telegraphs,

1875 2410 66 35 and,
1957 2412 32 27 to
2006 2420 19 19 a
2051 2408 203 31 considerable
2278 2413 114 33 extent,
2401 2439 5 5 x

1874 2451 113 39 parcels
2002 2460 198 29 conveyance.
2237 2449 63 31 The
2314 2451 79 30 Poor

1874 2493 73 29 Law
1988 2491 253 30 Administration
2285 2492 108 30 should

1875 2533 77 29 have
1978 2531 130 40 nothing
2128 2531 151 30 whatever
2299 2535 33 26 to

1875 2573 72 31 with
1962 2584 18 19 a
1991 2573 83 30 work
2084 2573 74 30 such
2169 2583 33 19 as
2213 2573 69 35 this,
2294 2573 101 30 which

1873 2615 26 30 is
1915 2617 100 27 meant
2025 2616 31 28 to
2067 2614 99 39 repair
2174 2613 67 30 that
2254 2615 138 38 improve

1874 2655 91 31 dence
1978 2655 49 30 for
2040 2655 51 30 the
2106 2655 117 40 growth
2242 2655 32 29 of
2293 2655 99 31 which

1874 2707 55 17 our
1950 2706 75 28 poor
2052 2696 58 28 law
2129 2698 114 37 system,
2269 2696 35 35 is,
2319 2696 73 33 Jand

1874 2741 80 25 must
1969 2737 35 28 be
2018 2737 79 28 from
2112 2736 40 28 its
2177 2745 75 30 very
2279 2737 108 31 nature

1873 2777 107 40 chiefly
1997 2776 193 40 responsible,.

1913 2818 63 30 The
2003 2816 142 32 National
2173 2816 84 37 Club,
2288 2818 104 40 acting
2406 2849 5 6 ,

1871 2859 135 39 through
2054 2868 91 30 every
2164 2884 4 5 ,
2199 2861 189 37 postmaster,

1872 2900 109 30 should
1994 2899 118 39 require
2126 2910 18 18 a
2157 2899 80 29 fixed
2245 2903 145 35 payment

1871 2944 32 26 to
1916 2942 38 28 be
1969 2940 86 30 made
2068 2940 42 35 by
2127 2939 73 30 each
2224 2949 106 21 earner
2340 2966 2 5 ,
2357 2940 32 30 of

1870 2990 99 31 wages
1978 2992 32 19 as
2025 2980 38 31 he
2077 2980 121 31 reaches
2212 2980 50 33 the
2277 2990 55 31 age
2346 2981 41 37 o£

1871 3032 64 31 say,
1964 3025 160 28 seventeen
2150 3031 85 31 years
2268 3022 46 38 (or
2328 3032 59 30 any
2400 3050 16 5 _

1870 3064 78 28 later
1967 3072 54 30 age
2048 3063 88 29 when
2162 3062 38 29 he
2224 3062 105 39 begins
2329 3073 2 2 -
2334 3069 9 10 y
2343 3057 73 49 *tojM

1871 3114 72 20 earn
1964 3103 132 40 money).
2138 3102 62 29 The
2215 3092 201 58 peri<^s^^fc

1871 3144 72 31 such
1954 3147 158 36 payments
2126 3142 108 31 should
2247 3135 169 55 h|fl^^|

1870 3196 32 20 as
1917 3185 97 39 might
2028 3177 388 51 seeinjft&y^|^^^^^H

1870 3232 31 25 to
1915 3217 52 38 the
1977 3217 439 54 payei^j^^^^^^^^^^J

1866 3255 550 61 injdß||j|^^^^^^^^^^^|

507 61 167 45 6t#6nt
715 68 89 40 AND
846 67 104 42 dt)S*
993 65 225 42 OSSBRfSft
1261 67 229 45 SATURDAY,
1533 63 186 42 OdSOBfiR
1761 66 48 46 29,
1831 58 80 41 .18fl

1291 901 164 32 OXFORD
1476 901 116 32 ROAD
1617 901 151 32 BOARD.

1270 983 168 39 rpENDEBS
1450 991 40 16 are
1497 983 92 24 invited
1599 983 37 24 for
1646 983 43 24 the
1700 982 89 25 follow-

1274 1007 22 32 JL
1331 1014 44 32 ing
1390 1014 85 25 works:
1478 1030 32 4 —

1271 1057 172 32 Constructing
1448 1060 47 24 two
1502 1057 73 26 small
1585 1058 77 26 Fords
1677 1057 114 27 Carleton

1334 1091 77 25 Road.

1270 1134 139 32 Regrading
1416 1136 55 30 part
1479 1134 27 25 of
1515 1134 67 25 Main
1590 1134 69 26 Busb
1667 1134 69 25 Road
1743 1134 48 25 and

1334 1168 123 32 widening
1483 1168 146 31 approaches
1649 1169 25 25 to
1701 1168 90 31 Bridge

1334 1208 60 17 near
1410 1201 36 24 Dr
1463 1201 102 24 Weld's.

1270 1242 107 26 Tenders
1389 1244 24 24 to
1425 1242 30 26 be
1466 1244 54 24 sent
1531 1243 26 24 m
1568 1242 80 26 before
1662 1244 29 23 12
1700 1242 91 26 o'clock

1302 1284 33 17 on
1352 1276 160 32 Wednesday,
1531 1276 137 25 November
1684 1276 57 25 2nd.

1270 1319 53 24 The
1340 1321 85 23 lowest
1441 1327 27 16 or
1484 1326 48 24 any
1548 1319 85 25 tender
1648 1319 44 25 riot
1708 1326 82 18 neces-

1303 1352 74 31 sarily
1392 1351 121 32 accepted.

1406 1394 109 25 JAMES
1532 1395 34 23 H.
1585 1395 142 29 SHARPE,

1511 1426 73 25 Clerk
1600 1429 25 23 to
1642 1427 42 25 the
1701 1427 88 24 Board.

1384 203 304 46 TENDERS.

1700 284 10 25 \

1304 308 57 26 Two
1372 308 112 26 hundred
1495 317 66 17 acres
1572 310 27 24 of
1618 309 58 25 land
1696 306 95 35 joining

1271 346 110 26 Brown's
1392 355 33 16 on
1433 347 43 24 the
1487 346 171 26 Waimakariri
1670 349 25 23 to
1708 341 85 38 rW-JLjjJ,

1270 384 38 25 for
1316 384 134 32 ploughing
1460 385 26 24 m
1495 387 67 29 parts
1573 385 26 24 of
1607 386 30 23 50
1649 392 68 17 acres
1728 392 27 17 cr
1764 391 27 17 as

1270 430 16 18 a
1293 423 85 25 whole.
1413 423 52 24 The
1473 423 135 32 ploughing
1615 425 25 22 to
1647 423 29 24 be
1684 424 16 23 4
1707 421 84 26 inches

1272 461 59 32 deep
1342 461 49 25 and
1401 461 76 25 width
1488 463 26 22 to
1527 462 48 23 suit
1587 462 149 24 contractors
1747 459 44 25 but

1272 499 34 25 all
1328 500 42 24 the
1392 499 59 25 land
1472 501 68 23 must
1561 499 30 25 be
1617 499 88 25 turned
1726 506 64 17 over.

1272 538 52 24 The
1335 537 134 32 ploughing
1480 539 25 22 to
1516 537 30 24 be
1563 537 104 24 finished
1677 536 32 32 by
1731 536 59 25 Dec.

1272 577 68 29 loth,
1385 577 107 25 Tenders
1504 578 24 23 to
1540 577 63 24 close
1622 584 33 17 on
1666 576 68 24 .Nov.
1748 576 43 24 sth

1272 617 52 24 The
1334 618 84 24 lowest
1439 625 28 16 or
1495 624 47 23 any
1568 616 85 24 tender
1673 618 44 21 not
1734 624 56 15 nec-

1270 654 92 32 es«arly
1373 653 120 32 accepted.
1524 653 161 24 Dementions
1697 653 26 25 of
1731 653 60 24 land

1272 693 30 24 50
1314 691 85 25 chains
1411 691 68 25 down
1490 691 42 24 the
1540 691 63 24 river
1614 691 46 24 and
1678 692 33 23 40
1721 690 68 25 back.

1528 734 24 25 J.
1564 734 162 30 PEARSON,

1568 772 81 24 Burnt
1665 771 60 26 Hill.

689 3549 509 72 HYSLOF'SJfI^HM

670 3619 63 29 The
747 3606 451 65 fine^^^^^^^^m

841 200 179 35 NEW

673 249 518 81 SPBIN6ISDHM

829 350 200 33 DRAPERY.

888 405 8 11 1
909 405 42 12 m**
961 405 10 11 •

717 444 56 45 R.
804 443 63 46 H.
898 442 247 47 PARISH

671 533 84 58 HAS
788 533 77 25 NOW
898 533 138 25 OPENED
1069 532 44 25 UP
1140 531 49 25 and

746 567 74 30 ready
836 566 38 24 for
890 566 144 31 inspection,
1060 565 39 24 his
1123 564 66 25 First

844 599 129 31 Shipment
990 599 26 24 of

670 640 307 26 FASHIONABLE
995 640 194 25 DRAPERY

832 683 110 25 GOODS
969 683 67 25 FOR

724 727 68 25 THE
820 726 156 27 PRESENT
1005 725 138 34 SEASON.

686 769 125 26 Imported
843 770 93 24 Direct
969 769 72 25 From
1072 769 102 26 London

765 821 32 16 ex
813 820 34 17 s.s

926 853 9 15 ♦

702 880 53 25 The
771 882 148 23 assortment
934 880 22 25 is
972 888 58 24 very
1051 879 73 30 large,
1142 879 49 25 and

670 914 131 31 comprises
818 914 33 25 all
868 914 42 25 the
933 914 97 25 Newest
1061 913 75 25 oroods
1153 913 38 24 for

670 958 42 25 the
730 958 100 27 Season.

713 1030 74 26 Cases
803 1030 50 25 and
870 1030 73 26 Bales
959 1029 149 32 containing:
1110 1043 33 6 —

669 1073 125 27 Domestic
811 1074 101 25 Printed
928 1074 103 25 Cottons
1043 1082 6 22 ;
1068 1072 122 33 Shirtings

703 1117 68 32 Navy
783 1117 53 25 Red
842 1117 50 24 and
903 1117 87 31 Indigo
1001 1117 91 29 Prints;
1105 1117 85 32 Greys,

703 1160 101 25 Printed
815 1161 188 29 Flannellettes,;
1016 1160 93 25 Woven
1121 1160 68 25 Dim-

704 1206 27 29 ty
742 1204 118 23 Cottons:
888 1204 101 23 Printed
1011 1204 69 28 ditto,
1102 1204 88 24 Chintz

701 1241 101 24 Printed
818 1241 101 24 Cottons
928 1248 6 22 ;
953 1240 77 32 Crape
1041 1241 134 25 Cretonnes
1184 1248 7 22 ;

703 1283 71 26 Twill
785 1284 143 30 Cretonnes,
947 1284 110 28 Sateens,

735 1327 73 25 Cases
820 1327 49 24 and
879 1326 73 25 Bales
963 1326 142 32 containing
1116 1335 5 16 :
1123 1340 32 5 —

672 1369 90 26 Cotton
778 1370 87 31 Honey
882 1369 79 26 Comb
987 1369 101 32 Towels,
1114 1369 78 26 Table

703 1413 118 31 Napkins,
839 1414 89 30 Rough
945 1413 91 24 Brown
1052 1413 122 25 Hollands
1184 1420 6 22 ;

705 1455 87 26 Cream
804 1455 129 29 Hollands,
945 1455 76 26 Black
1029 1455 49 26 and
1089 1455 103 26 Colored

703 1499 97 25 French
817 1499 128 30 Merinoes,
978 1500 76 24 Dress
1077 1499 113 30 Muslins,

704 1538 97 24 Ladies'
813 1538 47 24 and
869 1538 94 25 Gents.'
975 1537 80 25 Linen
1064 1538 127 25 Handker-

704 1580 83 29 chiefs,
821 1580 124 26 Nainsook
973 1580 119 29 Muplins;
1129 1580 64 25 Mull

704 1616 114 31 Muslins,
847 1616 84 34 Fancy
943 1617 122 32 Skirtings
1072 1627 8 21 ;
1109 1618 83 25 Teibet

705 1655 130 32 Skirtings,
854 1655 88 25 Nunns
959 1655 118 33 Veilings-

724 1695 72 25 Cases
813 1695 49 24 and
879 1695 73 26 Bales
969 1696 155 32 Containing:
1127 1710 32 5 —

671 1735 99 25 Printed
787 1736 128 29 Moleskin,
934 1735 67 26 Drab
1018 1736 89 25 Cotton
1119 1736 71 29 Cord,

703 1773 76 24 Black
809 1773 110 28 Sateens,
947 1773 106 29 Silesias,
1082 1774 109 30 Finlay's

702 1815 71 26 Twill
795 1815 136 32 Sheetings,
955 1816 108 25 Circular
1090 1816 101 26 Twilled

701 1859 84 25 Pillow
802 1859 97 29 Cotton,
917 1859 75 25 Dress
1004 1860 115 31 Zephers,
1132 1860 59 26 Gal-

702 1899 55 23 atea
769 1897 101 30 Checks;
884 1896 103 27 Galatea
997 1897 102 33 Stripes;
1107 1898 83 33 Fancy

703 1935 99 24 Cunard
830 1936 100 30 Stripes,
968 1936 101 24 Colored
1096 1936 95 25 Canvas

703 1974 81 30 Clotb,
795 1974 96 32 Turkey
902 1975 71 24 Twill
980 1975 96 30 Cotton,
1079 1975 111 26 Women'

703 2012 89 25 Cotton
808 2012 74 31 Hose,
909 2013 80 25 Men's
1001 2013 120 26 Shetland
1132 2013 58 27 Cot*

702 2052 43 24 ton
759 2051 80 25 Shirts
851 2051 48 25 and
909 2051 85 26 Pants.

729 2090 73 26 Cases
818 2091 48 24 and
877 2091 73 25 Bales
968 2091 148 33 containing:
1121 2106 29 4 —

672 2130 132 26 Unionand
815 2131 79 24 Linen
905 2131 80 30 Ticks,
1006 2131 83 31 Apron
1100 2131 90 30 Check,

703 2173 61 24 Fine
784 2173 69 25 Twill
875 2173 65 32 Grey
959 2173 82 26 Calico
1053 2174 137 32 Sbeetings,

703 2211 127 26 Imitation
853 2211 84 26 Welsh
967 2211 112 26 Flannel.
1109 2213 82 24 White

703 2249 88 30 Quilts,
809 2250 109 25 Harnesß
935 2250 95 31 Covers,
1042 2251 56 25 Rail
1110 2251 81 32 Stripe

703 2290 97 29 Cotton,
818 2290 82 31 Hemp
917 2290 127 32 Mattings.

728 2330 74 25 Casts
810 2330 48 24 and
867 2330 73 25 Bales
949 2331 151 30 containing:
1102 2344 32 5 —

670 2369 77 25 Black
758 2370 48 24 and
818 2370 101 24 Colored
933 2369 54 26 Silk
1001 2370 95 28 Gloves,
1116 2369 73 25 Swiss

703 2408 122 31 Edgings;
837 2408 142 28 Insertions,
991 2408 64 25 Lace
1067 2409 122 29 Curtains,

703 2446 146 29 Umbrellas,
859 2446 104 29 Corsets,
973 2446 78 25 Mens'
1062 2446 55 26 Felt
1126 2446 64 26 Hats

703 2486 159 28 Floorcloths,
875 2486 112 25 Harvard
997 2486 118 32 Shirting,
1129 2487 60 25 Stri-

702 2525 47 30 ped
777 2524 137 25 Grandrille
942 2524 115 30 Sbirting,
1093 2525 97 30 Striped

703 2563 105 32 Regatta
819 2563 118 31 Shirting,
947 2563 114 29 Flowers,
1072 2563 117 26 Feathers

704 2601 124 24 Trimmed
853 2601 49 24 and
925 2601 156 25 Untrimmed
1116 2602 73 28 Hats,

703 2647 96 25 Newest
809 2646 93 32 Shapes
909 2653 9 23 ;
933 2646 43 25 the
997 2646 91 32 largest
1116 2648 74 24 Stock

703 2685 26 26 of
740 2685 52 26 Silk
801 2685 108 24 Ribbons
915 2685 27 24 m
951 2685 79 24 North
1040 2685 150 32 Canterbury

702 2723 27 22 m
738 2723 33 22 all
783 2723 87 22 shades
878 2723 49 22 and
933 2722 85 30 prices,
1026 2722 96 24 Ladies'
1130 2723 60 24 New

704 2761 114 25 Summer
834 2761 99 24 Jackets
945 2761 42 33 8/6
1004 2761 79 25 worth
1101 2761 65 33 12/6.

836 2837 22 24 A
875 2837 131 32 Speciality

670 2875 102 25 MEN'S
785 2874 96 26 SUITS
896 2874 71 25 made
984 2877 25 22 to
1027 2874 162 26 MEASURE

703 2912 62 26 Over
771 2914 48 23 100
830 2912 113 25 Patterns
954 2912 27 25 of
989 2912 103 31 Kaiapoi
1103 2912 87 25 Tweed

702 2954 26 23 to
745 2951 93 25 Choose
855 2951 71 26 from.

672 3029 66 26 ALL
755 3029 112 26 GOODS
894 3029 85 26 SOLD
1006 3032 26 23 at
1054 3029 138 27 Wholesale

886 3069 89 25 Prices.

677 3151 61 55 R.
778 3151 69 55 H.

695 3223 109 22 DIRECT
813 3223 151 22 IMPORTER
974 3223 35 21 OF
1018 3223 139 21 DRAPERY

771 3269 105 30 EAST
919 3267 173 32 OXFORD.

200 2944 121 31 Season
345 2942 86 30 1892.

59 3012 191 33 SHUFFLE
282 3010 86 31 THE
396 3006 180 41 BROGUE,

135 3086 72 25 stand
218 3087 25 22 at
254 3093 42 21 my
307 3083 63 24 farm
381 3082 69 24 West
461 3080 98 26 Oxford.

52 3161 31 22 ■
89 3159 138 25 HUFFLE
256 3156 70 26 THE
355 3154 138 25 BROGUE
510 3154 22 24 is
548 3154 30 31 by

125 3193 132 24 Middleton
284 3190 56 24 dam
368 3187 154 25 Bumblefoot
548 3187 30 30 by

181 3224 113 32 (imp).—
296 3222 84 30 Queen
392 3222 27 23 of
427 3220 105 30 Trumps
549 3219 30 31 by

265 3257 71 24 Junr.
348 3255 112 31 (imp).—
462 3252 77 26 Jessie
549 3252 29 31 by

233 3289 141 24 .Middletou
386 3284 192 33 (Mettrop.olfcian

230 3321 121 25 Traducer
374 3318 80 35 (imp),
477 3332 33 3 —
510 3316 69 31 Lady

244 3356 101 24 Towton
358 3353 69 33 (imp.
439 3353 47 22 bro.
500 3352 24 23 to
536 3349 43 25 the

244 3386 158 33 Nightingale
422 3386 30 29 by
465 3385 40 24 Sir
516 3383 62 25 Her-

281 3422 35 30 ,by
329 3419 113 26 Sattelitc
453 3417 91 33 (Arab).
546 3430 32 4 —

226 3451 223 29 Northumberland
466 3451 79 31 (imp).

228 3519 19 24 1^
276 3516 67 25 THE
371 3512 137 27 BROGUE
526 3512 22 24 is
565 3519 14 16 a

336 3557 165 34 symmetrical
519 3555 61 25 dark

359 3593 29 23 15
399 3590 78 25 hands
488 3591 12 22 1
510 3588 66 29 inch,

322 3626 49 24 and
380 3622 167 26 constitution,
557 3621 22 23 is

162 2190 308 47 TENDERS.

100 2313 131 29 Tenders
253 2321 50 19 are
326 2309 112 31 invited
460 2309 49 28 for
526 2308 52 29 the

59 2354 82 37 right
154 2359 31 23 to
210 2357 51 25 cut
283 2352 52 28 the
362 2360 84 28 grass
475 2350 30 28 m
528 2349 53 28 the

59 2393 114 31 Oxford
190 2392 155 36 Cemetery
357 2391 77 29 from
449 2389 129 29 Novem-

59 2435 53 29 ber
144 2434 77 29 1892
256 2436 31 26 to
319 2432 135 37 January
493 2431 86 27 1893.

59 2475 130 30 Tenders
201 2479 30 25 to
242 2474 36 30 be
290 2477 70 25 sent-
371 2476 32 25 to
416 2472 50 28 the
477 2471 101 30 Chair-

59 2532 65 19 man
141 2531 38 19 on
195 2531 33 19 or
246 2521 99 29 before
359 2518 75 29 Nov.
449 2517 49 30 7th
506 2540 5 5 .

97 2562 126 29 Persons
241 2561 114 36 willing
369 2562 32 25 to
416 2558 85 39 plant
515 2559 65 36 poi-

59 2608 80 24 atoes
154 2603 31 28 m
200 2602 51 29 the
263 2599 155 39 Cemetery
434 2598 60 30 will
505 2598 75 29 have

59 2645 50 28 the
138 2643 116 39 ground
277 2639 151 42 ploughed
453 2639 64 30 free
551 2638 30 29 of

67 2686 118 33 charge.

138 1304 53 43 F.
213 1303 55 44 B.
299 1300 191 47 LANE.

159 1377 89 39 (Late
263 1377 34 30 E.
315 1374 158 41 Butcher.)

64 1424 258 38 Watchmaker,^
324 1425 180 33 Jeweller,
521 1422 44 36 &jo

54 1472 119 30 Importer
200 1471 26 25 of
263 1470 102 24 Musical
404 1470 172 27 Instruments,

54 1511 106 26 Victoria
180 1511 36 28 St,
235 1510 130 31 Eangiora.

55 1570 130 30 Speciality
193 1579 5 15 :
202 1585 29 3 —
233 1570 26 23 m
267 1569 105 30 superior
381 1568 106 30 English
504 1566 79 24 Levef

52 1607 115 25 Watches
178 1607 27 24 m
217 1608 68 23 extra
296 1607 83 30 strong
390 1613 66 17 cases
467 1603 70 26 made
549 1605 27 23 to

52 1654 42 23 my
106 1645 69 25 order
186 1647 25 23 to
224 1645 48 24 suit
290 1644 42 25 the
354 1642 176 33 requirements
552 1641 27 25 of

53 1684 51 24 this
121 1684 100 23 district.

87 1731 28 24 F.
129 1730 28 24 B.
170 1730 68 24 Lane
250 1729 67 24 visits
341 1728 90 25 Oxford
453 1725 121 33 monthly,

56 1771 94 30 staying,
158 1771 27 24 at.
194 1769 131 24 Mitchell's
341 1767 122 30 Boarding
482 1766 94 24 House.

56 1809 41 25 All
107 1802 90 37 repairs
209 1815 38 17 are
258 1807 62 25 done
329 1806 74 24 under
414 1812 42 24 my
464 1802 112 34 personal

56 1848 156 31 supervision,
236 1848 46 24 and
304 1846 14 24 I
340 1849 131 28 guarantee
504 1844 70 24 satis-

54 1888 99 25 faction.
187 1887 44 25 All
242 1885 98 34 jobbing
348 1885 44 26 left
408 1889 26 21 at
456 1884 122 25 Weeber's

57 1926 82 31 Fancy
150 1925 149 32 Repository,
322 1924 62 24 East
407 1922 97 29 Oxford,
526 1920 51 26 will

57 1967 89 24 receive
158 1972 41 24 my
210 1965 53 25 best
275 1963 120 25 attention
412 1962 49 24 and
480 1967 97 19 reason-

58 2005 53 25 able
122 2007 70 22 rates.

91 2052 114 25 Caution.
239 2051 37 24 No
289 2049 141 25 connection
449 2047 59 26 with
530 2054 48 24 any

59 2092 69 25 other
140 2092 58 30 shop
212 2091 26 24 of
254 2089 92 26 similar
357 2089 105 24 address.

57 837 48 30 All
229 837 79 30 done
317 845 38 22 on
364 835 54 30 the
429 833 149 32 Premises

174 882 61 30 and
257 881 196 40 guaranteed.

89 945 38 24 Mr
141 944 52 25 Gus
206 945 74 24 Jones
289 943 50 26 will
345 943 57 26 visit
411 941 91 26 Oxford
510 948 70 25 every

57 983 70 24 other
147 983 55 25 Sale
225 983 53 31 day,
302 981 167 31 commencing
490 979 88 25 Thurs-

56 1023 53 30 day,
122 1022 58 24 Feb.
192 1022 51 28 4th,
256 1021 49 24 and
321 1021 50 24 will
382 1021 71 30 bring
475 1027 14 17 a
511 1018 68 26 stock

87 1060 25 23 of
122 1059 125 28 Watches,
261 1058 93 28 Clocks,
367 1057 47 25 and
425 1056 117 30 Jevrellry.

90 1122 86 25 Orders
195 1122 44 25 left
260 1124 24 23 at
296 1124 40 22 the
359 1121 118 31 Working
499 1119 80 24 Men's

89 1162 66 30 Club,
169 1162 96 29 Oxford,
277 1161 49 25 will
349 1162 88 24 receive
448 1161 98 31 prompt

251 1200 116 25 attention
