2389 3569
201 132 67 50 OF
290 140 86 28 DAIRY
376 140 15 28 INDUS-

201 166 6 54 TRY

201 219 42 30 URPHY
243 219 14 30 F.
257 219 11 30 L.
268 219 8 30 S.,

205 307 165 21 ■-OPERATION.

246 352 54 25 that
311 351 43 25 the
375 351 91 27 factory
489 351 48 19 and

246 392 30 24 be
286 390 96 25 worked
394 396 31 17 on
445 387 42 24 the
498 394 39 16 co-

279 437 27 17 as
315 429 36 24 iar
363 436 26 16 as
399 427 20 23 it
430 425 21 24 is
462 423 76 26 found

206 471 52 23 The
270 466 175 27 shareholders,
457 472 27 16 as
502 463 36 25 far

201 516 40 15 are
253 509 25 21 to
289 507 29 23 be
330 505 59 23 milk
412 502 125 30 suppliers.

234 544 25 25 of
264 544 41 24 the
316 549 126 22 necessary
451 537 88 28 capital

234 585 32 30 by
277 584 42 24 the
330 583 64 23 issue
413 580 25 25 of
448 580 90 23 shares.

213 623 54 23 that
278 622 43 24 the
336 621 89 30 system
448 618 26 24 of
483 625 46 23 pay
531 631 7 3 -

215 662 50 25 will
276 661 28 25 be
316 660 55 25 that
381 657 80 26 which
480 657 21 24 is
512 656 27 24 m

215 699 42 24 the
279 697 44 24 Tai
346 696 68 30 Tapu
436 695 101 29 factory,

168 736 78 26 works
257 744 27 16 so
295 732 177 31 satisfactorily,
481 730 56 28 viz.,

281 765 56 44 g^4
339 780 12 16 c
363 779 32 17 on
406 769 75 25 resu^
483 775 11 17 s
497 785 5 11 '
512 775 27 16 as

163 867 111 27 'Testing
286 868 70 23 Milk
366 867 85 28 ai\!J!ai
463 866 74 23 Tapu.

133 920 127 31 supplier's
270 918 61 25 milk
346 916 22 24 is
379 914 109 33 weighed

209 956 48 26 and
265 956 42 24 the
318 954 90 32 weight
418 954 21 23 is
451 952 86 24 credit-

170 994 113 33 supplier.
316 992 69 25 Each
408 990 128 34 supplier's

118 1034 78 26 tested
214 1034 37 24 for
262 1039 80 18 cream
363 1031 55 24 four
439 1029 73 24 times
523 1035 15 17 a

6 1055 105 50 mH>
130 1079 26 18 or
168 1071 92 25 oftener
274 1069 21 24 if
313 1067 76 26 found
410 1073 127 23 necessary

16 1111 34 24 all
65 1108 167 32 befeg'-testad,
238 1114 33 18 on
292 1106 43 25 the
354 1113 66 17 same
443 1102 45 33 day
511 1104 25 22 to

16 1157 82 18 secure
109 1146 188 32 uniformit£\of
306 1144 144 26 conditions.
483 1141 53 25 The

32 1188 59 25 *sult
99 1188 22 24 is
132 1187 60 25 then
201 1185 137 32 registered.
373 1184 52 24 The
436 1183 100 24 amount

36 1228 5 7 '
50 1227 82 25 butter
143 1226 35 24 fat
199 1226 22 24 is
238 1223 151 25 determined
410 1223 31 30 by
451 1222 84 24 mulfci-

38 1266 59 30 ying
107 1264 43 24 the
160 1263 53 24 four
224 1264 60 23 tests
296 1261 71 25 made
386 1260 88 30 curing
490 1258 42 25 the

36 1303 65 26 ■onth
113 1301 59 34 (and
193 1300 81 26 which
295 1299 63 24 have
374 1298 61 25 been
457 1296 77 25 added

154 1339 31 33 by
198 1340 13 23 9
229 1338 43 25 the
290 1337 83 25 fourth
382 1336 26 25 of
417 1337 38 28 36,
479 1335 54 25 that

34 1380 82 25 imber
126 1378 73 32 being
217 1377 42 25 the
278 1383 74 18 mean
373 1375 107 25 between
503 1374 31 24 30

34 1420 28 25 id
72 1420 40 28 40,
125 1419 42 25 the
178 1417 144 32 percentage
333 1415 27 25 of
369 1415 81 25 butter
460 1414 36 24 fat
507 1413 28 24 m

35 1467 67 18 •earn.
137 1456 83 25 While
231 1455 50 26 this
291 1454 102 26 method
414 1454 27 25 of
460 1453 75 30 fixing

34 1509 22 16 le
77 1499 84 26 butter
184 1497 71 25 value
284 1495 27 25 of
338 1494 43 25 the
411 1501 80 17 cream
513 1493 22 24 is

30 1539 128 31 afficiently
182 1537 111 24 accurate
312 1535 37 25 for
371 1534 33 25 all
420 1532 115 33 practical

6 1567 132 42 Arposes,
150 1575 21 25 is
180 1576 52 27 not,
244 1574 110 24 however
366 1581 26 17 so
401 1571 134 30 absolutely

6 1600 99 40 Mrrect
114 1622 26 17 as
149 1621 15 16 a
175 1611 125 30 chemical,
311 1619 27 17 or
358 1610 41 26 the
411 1608 122 26 mechani-

62 1656 56 25 test,
131 1652 80 26 would
223 1652 37 22 be.

133 1713 111 26 'iUettirn
252 1717 66 20 erom
328 1710 76 26 Cows.

57 1752 52 31 toie
120 1758 112 31 iotowing
242 1756 22 25 is
284 1764 14 17 a
317 1755 46 25 fair
375 1761 101 25 average
497 1761 36 16 re-

6 1792 75 32 "'/turn
92 1797 124 32 foragoofli
232 1796 104 31 milking
358 1803 50 18 cow
425 1795 56 24 well
495 1793 40 25 fed

15 1837 58 27 'and
93 1836 55 26 well
158 1836 62 25 iared
230 1836 44 30 for,
285 1835 37 25 for
333 1836 16 23 8
370 1833 108 29 months,
502 1832 31 33 %\

126 1875 94 32 peiday,
231 1873 71 33 equal
310 1874 46 23 248
364 1872 47 25 lbs.
422 1872 24 25 of
453 1871 81 25 butter

5 1922 2 6 ■
231 1913 21 23 it
262 1912 68 25 takes
349 1911 32 33 2^
392 1910 103 32 gallons,
507 1916 28 18 or

49 1953 23 31 '\
82 1951 46 25 lbs.
151 1950 25 25 oi
189 1949 62 26 milk
261 1952 25 23 to
313 1949 104 33 produce
429 1949 12 23 1
454 1948 33 24 lb.
511 1947 26 24 of

32 1995 94 22 mtter:-
362 2008 3 3 •

87 2030 48 24 248
144 2026 47 30 lbs,
204 2029 25 24 at
241 2028 36 24 Is.
288 2035 43 23 per
341 2025 68 26 lb.—
418 2025 52 25 £12
488 2026 14 23 8
519 2026 16 23 0

88 2068 78 28 Value
187 2067 19 26 tf
225 2067 62 27 skim
306 2065 62 27 milk
383 2080 34 5 —
456 2066 48 24 10
521 2066 14 23 0

442 2142 30 25 13
490 2143 14 24 8
522 2142 15 23 0

86 2184 62 27 Less
168 2184 87 32 factory
284 2191 123 25 expenses,

29 2224 97 33 freight,
139 2224 159 28 comaission,
311 2223 48 25 and
377 2223 33 24 all

23 2263 71 27 other
116 2263 104 32 chargej,
243 2263 40 24 2d.
305 2269 42 25 per
368 2261 34 25 lb.
418 2278 26 7 ...
458 2261 14 23 2
489 2261 16 24 0
522 2261 14 22 0

418 2338 52 24 £11
489 2338 15 24 8
521 2338 14 23 0

6 2410 7 11 w
55 2388 68 26 With
134 2388 34 24 all
176 2388 137 24 deductions
335 2387 37 23 for
383 2386 67 30 keep,
462 2386 74 23 inter-

23 2430 36 24 est
69 2428 47 26 and
127 2430 83 28 Josses,
220 2428 68 24 there
297 2428 21 24 is
330 2427 50 24 still
391 2434 14 16 a
427 2425 111 33 splendid

20 2469 96 32 margin
133 2468 38 25 for
180 2468 77 31 profit,
270 2466 128 33 especially
409 2466 37 25 for
467 2466 71 24 those

87 2508 30 26 do
128 2508 64 25 their
203 2516 52 17 own
265 2507 72 26 work.
371 2507 49 24 For
431 2506 34 25 let
475 2506 20 24 it
507 2506 29 24 be

20 2547 113 32 repeated
148 2546 58 25 here
217 2547 52 24 that
280 2546 41 24 the
337 2545 66 32 dairy
424 2544 112 26 business

20 2586 22 25 is
57 2586 42 26 the
110 2586 72 26 small
192 2585 106 25 faimers'
318 2585 108 31 industry
432 2601 6 11 ,
450 2584 86 23 afford-

21 2624 43 32 ing
75 2624 80 32 ample
177 2623 161 32 employment
359 2622 37 25 for
417 2621 40 25 his
480 2628 57 18 sons

20 2663 49 24 and
85 2661 138 32 daughters.
255 2662 25 25 It
301 2661 50 26 will
371 2661 30 24 be
423 2659 114 26 observed

19 2702 56 25 that
98 2701 44 26 the
166 2702 110 25 estimate
297 2701 22 25 is
345 2701 40 25 for-
401 2703 15 23 8
427 2701 108 24 months.

18 2739 79 26 There
105 2738 51 27 will
165 2739 31 25 be
206 2741 46 24 two
263 2739 100 25 months
373 2747 68 16 more
455 2738 80 26 which

17 2780 61 25 have
89 2781 44 24 not
144 2779 97 25 entered
250 2780 53 24 into
314 2786 44 18 our
366 2779 167 25 calculations.

17 2818 24 26 It
51 2819 50 25 will
112 2819 52 25 also
176 2817 29 26 be
214 2817 114 26 observed
338 2818 54 25 that
401 2818 42 24 the
454 2817 81 25 butter

15 2857 22 25 is
48 2857 87 26 valued
145 2858 26 23 at
188 2857 76 29 1125.;
276 2864 31 18 an
319 2856 106 26 advance
436 2864 32 17 on
486 2855 49 25 this

15 2895 23 25 is
53 2895 138 32 frequently
201 2894 111 26 realised.
346 2894 105 31 Finally,
462 2895 35 24 let
516 2894 20 26 it

6 2932 84 24 ■hHu^r
101 2934 28 22 be
139 2932 123 31 forgotten
272 2933 56 23 that
338 2932 20 24 it
380 2932 67 23 takes
469 2932 67 30 quite

137 2971 58 24 land
211 2973 26 22 to
257 2971 59 31 keep
328 2978 33 17 an
377 2970 97 25 inferior
485 2978 50 17 cow

156 3009 41 24 the
213 3009 54 25 best
285 3016 51 18 cow
354 3009 28 24 m
403 3007 42 26 the
467 3008 68 25 herd.

328 3068 142 26 Separator.

511 3117 26 23 of

619 143 62 26 milk
692 144 74 26 taken
777 145 25 25 to
819 144 104 33 produce
941 144 12 22 1
962 142 32 24 lb.
1020 141 27 24 of
1060 140 80 24 butter

620 192 49 16 was
680 184 37 24 for
728 185 42 25 the
781 185 49 24 last
841 184 55 24 half
912 190 70 25 years
1005 182 71 24 24-51
1086 180 54 29 lbs.,

620 224 49 23 and
681 224 53 24 that
746 225 41 23 the
799 231 101 24 average
911 223 64 30 price
986 229 43 24 per
1047 220 33 24 lb.
1092 227 50 17 was

622 263 80 31 ll£d.,
720 264 71 29 equal
802 265 25 23 to
838 262 85 31 nearly
935 262 37 24 sd.
994 269 44 22 per
1059 260 81 31 gallon

620 301 37 25 for
668 301 40 26 the
722 302 68 25 milk.
825 302 76 25 These
910 310 40 16 are
959 298 181 33 extraordinary

620 340 62 31 good
693 341 94 29 results,
801 340 47 25 and
865 347 35 18 we
912 338 112 33 question
1045 337 21 25 if
1083 337 58 31 they

620 380 62 24 have
693 380 59 24 been
761 380 125 28 exceeded,
895 380 21 23 if
925 378 117 33 equallec,
1053 377 31 33 by
1093 385 47 23 any

621 419 69 26 other
700 420 93 31 factory
803 420 28 25 m
848 420 59 24 New
926 418 117 25 Zealand.

773 482 30 16 TO
813 482 31 15 BE
854 480 143 18 CONTINUED.

620 566 185 58 LOCAL
841 566 1 58 and
878 563 261 61 GENERAL

654 643 134 31 According
806 645 26 22 to
853 643 42 24 the
917 642 121 25 Pahiatua
1061 639 80 30 'Star,'

622 686 41 23 the
674 686 55 23 first
740 687 107 22 member
858 686 27 23 of
895 686 40 23 the
946 685 46 24 fair
1014 692 41 16 sex
1066 685 26 22 to
1103 690 34 17 as-

621 728 61 24 cend
693 728 89 25 Mount
791 728 77 25 Heale
879 728 21 25 is
909 728 62 24 Miss
977 728 92 23 Emma
1082 726 57 26 Sed-

622 772 125 27 cole.who
766 772 71 24 made
859 772 43 24 the
924 773 82 23 ascent
1026 770 114 30 recently.

621 814 52 25 The
679 814 103 32 journey
793 822 49 17 was
853 822 32 16 an
897 813 153 32 exceedingly
1061 812 79 31 rough

621 866 53 16 one.
708 858 53 24 The
792 859 70 29 party
885 857 43 25 left
957 857 39 24 Mr
1020 855 120 27 Sedcole's

620 900 76 25 house
707 908 33 17 on
756 899 42 26 the
810 899 104 26 Hawera
924 899 60 25 road
994 899 25 25 at
1036 900 13 23 6
1062 906 21 16 a.
1096 905 43 23 m,,

621 940 48 25 and
680 939 103 25 reached
794 939 42 25 the
848 941 40 29 top
904 939 27 24 of
951 939 40 24 the
1012 937 129 26 mountain

620 984 26 23 at
658 984 23 22 3.
705 984 30 22 30
747 991 24 23 p.
794 990 33 22 m.
864 981 52 25 The
937 982 85 24 return
1036 981 106 32 journey

621 1025 114 32 occupied
746 1027 47 23 two
804 1025 74 25 hours
890 1024 47 26 and
950 1033 15 16 a
986 1024 59 25 half.

652 1154 215 25 Oddfellowship.
869 1168 32 3 —
901 1153 53 25 The
986 1150 72 26 usual
1082 1150 57 25 fort-

618 1196 96 32 nightly
741 1197 108 31 meeting
877 1196 25 24 of
927 1196 43 24 the
995 1194 77 32 Loyal
1099 1194 42 25 Nil

617 1239 185 31 Desperanduin
817 1239 70 31 lodge
899 1238 47 24 N0.
950 1239 62 23 5637
1024 1236 85 25 1.0.0.
1109 1236 29 25 F.

617 1282 77 28 M.U.,
707 1282 62 23 East
778 1280 97 35 Oxford,
889 1289 49 16 was
946 1281 58 22 held
1012 1288 33 15 on
1054 1279 84 25 Satur-

616 1323 47 33 day
674 1323 73 25 22nd.
759 1324 59 24 insfc.
842 1323 71 25 when
931 1323 41 24 the
995 1322 144 25 attendance

617 1375 49 17 was
678 1367 72 25 small
762 1367 68 25 there
841 1366 72 32 being
924 1367 57 30 only
995 1365 42 25 the
1048 1364 90 26 follow-

616 1411 43 31 ing
681 1411 93 24 officers
794 1410 48 25 and
864 1409 121 25 members
1000 1410 106 31 present,
1107 1423 34 3 —

617 1455 68 24 Bros.
698 1455 31 24 N.
743 1455 31 24 G.
792 1454 99 28 Baxter,
905 1452 130 32 presiding,
1056 1451 30 24 V.
1108 1450 30 24 G.

619 1498 84 28 Mann,
717 1496 31 25 G.
760 1496 35 25 M.
819 1496 95 31 Lough,
927 1495 28 25 P.
969 1495 31 24 G.
1012 1494 126 32 Aldridge,

617 1540 28 25 P.
657 1540 30 24 L.
699 1540 21 24 I.
734 1540 96 29 Morris,
844 1539 24 25 J.
881 1538 123 30 Fenwick,
1014 1538 25 24 J.
1052 1538 86 28 Mann,

616 1584 25 24 J.
663 1583 156 30 Placharfcch,
840 1583 32 24 D.
894 1582 141 25 Zweibruck
1047 1582 49 24 and
1106 1581 29 25 P.

618 1627 30 24 G.
670 1627 60 25 Geo.
753 1626 91 26 Smith.
878 1625 68 25 After
967 1625 44 24 the
1032 1625 107 24 minutes

615 1670 50 25 and
679 1672 115 21 accounts
809 1670 27 23 of
842 1669 45 24 the
898 1668 111 32 previous
1031 1668 108 30 meeting

616 1712 49 26 had
687 1712 61 26 been
769 1711 141 29 confirmed,
936 1710 203 32 correspondence

616 1764 50 18 was
677 1755 65 27 read.
764 1755 74 26 From
849 1755 71 25 Prov.
934 1755 28 25 0.
977 1754 25 26 S.
1015 1754 125 32 enclosing

616 1801 81 31 report
724 1799 27 26 of
770 1801 49 24 last
845 1799 94 24 district
960 1799 109 31 meeting
1091 1798 49 24 and

610 1842 99 32 .stating
725 1842 55 25 that
791 1842 42 24 the
850 1849 74 16 name
945 1841 27 24 of
980 1841 58 24 Bro.
1051 1841 88 24 Morris

617 1886 49 25 had
688 1886 62 25 been
772 1884 159 32 accidentally
953 1883 103 26 omitted
1076 1884 63 25 from

616 1929 71 26 those
699 1929 26 25 of
745 1929 41 25 the
810 1928 114 25 brethren
943 1928 143 24 nominated
1102 1927 37 25 for

617 1973 43 26 the
671 1973 67 25 office
747 1972 26 25 of
793 1971 132 26 D.P.G.M.
948 1971 27 25 m
993 1971 146 32 Newspaper

617 2018 100 30 reports.
751 2016 75 25 From
836 2015 78 31 Loyal
927 2015 142 25 Manawatu
1091 2015 48 23 and

619 2059 86 25 Ohoka
724 2057 95 33 Lodges
838 2058 146 31 forwarding
1005 2056 133 27 contribut-

618 2103 55 33 ions
693 2110 32 18 on
737 2102 103 25 account
851 2101 27 25 of
897 2101 93 25 distant
1007 2100 131 25 members.

618 2145 52 25 The
682 2145 57 26 Sick
761 2145 104 25 Visitors
887 2144 112 31 reported
1021 2144 68 24 three
1106 2151 32 17 oil

616 2190 43 25 the
670 2189 80 30 funds,
764 2197 14 17 a
794 2188 148 25 declaration
964 2187 92 32 having
1077 2187 61 25 been

616 2232 78 30 made,
718 2232 51 29 but,
788 2231 79 32 owing
884 2232 25 23 to
936 2230 42 25 the
1008 2230 131 25 certificate

618 2276 71 31 being
696 2274 108 33 wrongly
815 2274 79 31 dated,
906 2274 21 25 it
943 2281 49 19 was
1004 2273 97 25 ordered
1113 2276 26 22 to

618 2319 70 26 stand
701 2327 56 17 over
767 2318 38 26 for
821 2317 142 27 correction.
998 2317 52 25 The
1068 2316 71 32 lodge

619 2363 57 26 was'
686 2362 126 25 honoured
833 2361 60 26 with
915 2361 43 25 the
978 2366 114 26 presence
1115 2360 26 25 of

617 2406 71 24 Bros.
716 2406 29 24 P.
774 2405 31 25 G.
839 2405 90 29 Tallat,
965 2404 93 25 Searell
1091 2403 48 24 and

618 2450 130 28 O'Farrell,
757 2448 79 31 Loyal
844 2447 60 25 Gust
912 2446 90 32 Lodge,
1010 2446 49 25 and
1066 2446 70 26 Bros.

618 2492 27 25 P.
658 2492 29 24 P.
700 2491 31 25 G.
744 2491 34 25 M.
792 2490 81 26 Smith
885 2490 48 25 and
950 2490 29 25 P.
1003 2490 30 24 G.
1047 2490 91 29 Crowe,

617 2535 77 33 Loyal
706 2535 90 24 Oxford
809 2534 89 31 Lodge,
922 2542 26 17 as
960 2541 15 17 a
997 2533 142 32 deputation

619 2582 25 21 to
656 2579 56 24 visit
732 2578 42 23 the
796 2578 71 30 lodge
889 2577 59 24 with
970 2577 42 24 the
1032 2577 60 24 view
1113 2578 25 22 to

619 2621 94 32 getting
746 2628 32 16 an
814 2620 139 31 expression
986 2619 26 24 of
1042 2618 96 32 feeling,

618 2664 139 26 favourable
779 2672 28 17 or
822 2663 127 26 otherwise
969 2664 25 24 to
1016 2662 43 25 the
1079 2662 60 25 Oust

616 2709 49 24 and
677 2708 89 25 Oxford
788 2707 96 31 Lodges
900 2706 191 31 amalgamating
1101 2706 37 25 for

618 2759 15 17 a
644 2752 57 31 days
720 2750 126 25 excursion
868 2751 25 23 to
913 2757 66 17 some
990 2748 68 32 place
1073 2751 26 22 to
1111 2748 29 25 be

618 2793 66 25 fixed
694 2801 73 23 upon:
786 2791 52 26 The
848 2792 62 28 idea,
923 2792 20 24 it
954 2792 22 24 is
985 2792 153 28 understood,

616 2836 134 32 originated
777 2834 60 26 with
858 2834 43 25 the
924 2834 60 25 Oust
1005 2834 131 29 members,

618 2880 49 25 and
679 2881 24 24 to
719 2879 81 26 which
822 2879 70 25 effect
913 2886 51 17 was
983 2878 71 32 given
1076 2878 26 24 m
1125 2886 14 16 a

617 2923 141 31 deputation
778 2922 73 32 being
873 2922 130 31 appointed
1025 2923 25 23 to
1066 2930 47 23 pay
1125 2930 14 15 a

616 2965 117 25 fraternal
748 2964 56 25 visit
827 2965 25 23 to
875 2964 42 24 the
933 2963 95 32 Lodges
1050 2963 89 24 named

619 3009 80 25 which
710 3017 48 16 was
772 3007 152 32 accordingly
936 3007 61 25 done
1009 3006 26 26 m
1046 3008 93 31 respect

618 3053 26 24 to
655 3052 77 32 Loyal
748 3051 90 25 Oxford
858 3059 32 16 on
910 3051 68 24 15th.
1000 3051 68 28 inst.,
1091 3050 49 24 and

618 3095 107 24 resulted
735 3095 26 24 m
781 3097 47 22 two
840 3094 26 25 of
883 3094 42 25 the
936 3094 120 25 members
1068 3094 72 31 being

618 3135 104 33 deputed
733 3138 25 22 to
771 3138 39 22 act
821 3136 26 23 m
859 3136 157 31 conjunction
1026 3136 60 25 with
1098 3136 42 24 the

894 3179 51 25 Bro
955 3179 28 24 P.
1009 3179 30 24 G.
1061 3179 80 24 Tallat

610 3215 448 43 BBUM^^^^^HHteumßlerigtli
1074 3222 67 24 what

1231 135 116 23 accorded
1358 135 41 23 the
1417 135 96 24 visitors
1525 136 48 23 and
1584 135 90 31 replied
1685 137 26 20 to
1721 135 32 31 by

1231 177 57 24 Bro.
1298 177 28 24 P.
1344 177 30 25 G.
1382 193 7 7 ,
1398 177 80 26 Tallat
1489 186 32 17 on
1543 177 84 26 behalf
1646 177 27 25 of
1694 175 59 27 Cust

1231 219 91 32 Lodge,
1342 220 48 24 and
1401 220 58 24 Bro.
1474 222 25 22 P.
1515 222 29 24 P.
1558 222 30 23 G.
1610 220 36 24 M.
1671 220 82 25 Smith

1231 262 37 24 for
1278 262 78 30 Loyal
1368 263 96 29 Oxford,
1477 264 41 24 the
1530 264 73 24 latter
1614 262 139 32 remarking

1232 304 55 25 that
1298 313 27 16 as
1337 304 42 26 the
1391 305 90 25 Oxford
1492 305 95 33 Lodges
1608 313 62 18 were
1694 304 60 25 such

1232 355 60 17 near
1302 348 154 31 neighbours,
1471 349 116 26 fraternal
1596 349 68 26 visits
1673 348 81 32 might

1233 392 49 24 and
1293 392 88 25 should
1402 392 30 25 be
1453 401 67 16 more
1547 394 119 30 frequent.
1701 392 52 24 The

1233 435 123 32 following
1366 438 101 22 amount
1479 437 36 23 £5
1528 438 52 24 16s.
1592 437 37 23 for
1645 436 51 24 sick
1706 443 47 24 pay

1233 478 49 24 and
1301 478 69 25 other
1390 480 115 24 accounts
1527 487 62 17 were
1607 479 88 32 passed
1716 479 37 24 for

1232 523 124 28 payment,
1373 522 42 23 the
1437 521 102 30 receipts
1561 522 72 30 being
1657 523 35 22 £1
1716 523 36 22 4s.

1234 563 49 25 The
1308 564 82 31 Lodge
1407 571 48 18 was
1473 565 70 23 then'
1557 565 80 23 closed
1663 565 27 22 m
1707 564 46 23 due

1233 606 70 25 form.

1266 681 112 28 Cricket,
1380 695 32 5 —
1413 681 52 24 The
1479 681 63 25 local
1564 683 66 23 team
1641 681 51 24 met
1711 680 43 25 the

1233 723 125 26 Woodend
1369 724 200 31 representatives
1581 725 25 23 at
1623 723 60 25 Cust
1705 723 49 24 last

1234 766 127 32 Saturday,
1378 768 49 24 and
1438 775 68 17 came
1517 767 36 25 off
1571 766 130 26 victorious
1723 766 32 31 by

1233 818 30 16 an
1275 810 100 31 innings
1386 810 49 25 and
1447 812 31 24 70
1489 818 67 17 runs.
1592 810 52 24 The
1663 808 90 26 follow-

1231 853 44 30 ing
1285 860 41 18 are
1338 853 41 25 the
1391 861 80 18 scores
1477 862 5 17 :
1483 868 33 4 —

1264 895 97 24 Oxford.
1486 895 125 26 Woodend
1615 895 16 34 j
1637 897 39 24 Ist
1696 895 58 24 2nd.

1232 937 79 33 Feary
1408 940 32 25 70
1471 939 30 24 F.
1517 939 83 26 Smith
1645 940 14 23 0
1702 940 17 23 0

1233 981 72 25 Clark
1415 984 13 22 1
1472 982 153 25 Tornlinson-
1648 984 14 22 5
1707 983 16 23 2

1233 1024 23 25 J.
1269 1024 78 25 Harle
1417 1027 13 22 9
1473 1026 84 24 Little-
1648 1027 14 23 5
1707 1026 51 23 2.

1232 1068 88 23 Fisher
1411 1071 16 21 O
1457 1091 4 3 .
1476 1069 125 30 Armitage
1644 1070 17 22 0
1669 1092 3 2 .
1706 1070 14 22 2
1746 1074 3 3 '

1233 1107 94 27 Gorton
1408 1112 14 23 9
1473 1111 95 24 Judson
1642 1113 13 22 1
1706 1112 15 22 4

1231 1154 137 25 Vblckrnan
1410 1156 14 23 0
1466 1154 143 26 Stackwood
1641 1155 16 23 0
1708 1156 13 22 1

1231 1198 89 24 Brown
1467 1198 107 25 Thomas
1641 1199 17 23 0
1708 1198 13 23 1

1231 1240 80 31 Ryder
1403 1242 12 22 1
1467 1241 77 25 Gibbs
1641 1241 16 23 0
1708 1241 12 23 1

1232 1283 70 23 Weld
1400 1286 15 22 7
1464 1285 26 22 S.
1505 1283 82 24 Smith
1640 1285 17 21 0
1707 1285 13 22 1

1231 1326 31 23 E.
1274 1326 69 32 Ryde
1398 1328 14 23 7
1461 1327 115 34 Bramley
1640 1334 15 22 o
1708 1327 15 23 8

1233 1368 137 26 Substitute
1403 1370 14 23 2
1466 1370 86 31 Pegler
1642 1370 15 23 0
1708 1370 12 23 1

1231 1413 91 25 Extras
1403 1414 14 23 1
1460 1414 91 24 Extras
1641 1414 14 22 2
1700 1414 21 29 .4

1231 1498 72 26 Total
1372 1499 45 24 111
1614 1500 31 23 13
1686 1499 30 24 27

1230 1542 123 33 Bowling:
1356 1558 31 3 —
1389 1542 91 25 Oxford
1480 1558 31 3 —
1512 1543 78 31 Feary
1614 1545 13 22 6
1643 1542 70 30 wkts,
1739 1544 13 22 6

1229 1595 68 20 runs,
1311 1587 73 25 Clark
1404 1588 15 23 3
1441 1587 70 29 wkts,
1525 1589 13 22 5
1551 1594 68 21 runs,
1633 1586 93 25 Gorton
1738 1587 15 23 4

1229 1630 71 29 wkts,
1319 1631 31 23 10
1361 1638 68 22 runs,
1442 1630 69 32 Ryde
1523 1632 14 22 5
1549 1629 70 29 -vrkts,
1641 1631 30 23 13
1683 1637 68 16 runs.

1231 1673 137 24 Woodend:
1371 1687 32 3 —
1403 1674 30 22 F.
1447 1673 82 24 Smith
1541 1675 15 21 7
1564 1673 70 28 wkts,
1643 1673 31 22 49
1683 1680 68 20 runs,

1230 1716 95 25 Judson
1337 1717 14 24 0
1363 1715 70 30 wkts,
1448 1716 30 24 23
1490 1722 68 18 runs.

1259 1818 214 55 CORRESPONDENCE.

1231 1916 64 21 While
1305 1922 37 14 our
1350 1916 88 20 columns
1447 1922 35 13 are
1488 1922 50 20 open
1547 1916 21 19 to
1577 1916 31 19 all
1626 1921 28 14 we
1673 1916 26 19 do
1709 1916 3 3 '
1718 1918 35 16 not

1255 1947 89 27 identify
1348 1949 98 20 ourselves
1450 1948 51 20 voith
1505 1954 41 20 any
1551 1948 92 26 opinions
1648 1947 105 26 expressed

1255 1981 84 19 therein.

1375 2041 229 26 CREAMERIES.

1278 2137 33 23 To
1323 2137 36 23 the
1375 2138 86 23 Editor
1473 2138 30 29 of
1509 2137 35 23 the
1558 2140 6 11 '
1576 2136 125 24 Observer.'

1263 2228 74 25 Sm.—
1338 2228 21 24 -I
1381 2228 62 31 hope
1465 2235 36 18 we
1524 2228 64 25 shall
1611 2234 59 19 soon
1689 2227 62 24 have

1228 2267 141 25 creameries
1381 2267 106 25 errected
1498 2267 50 24 and
1568 2267 27 24 m
1605 2266 44 25 full
1677 2265 77 32 swing

1228 2306 26 23 at
1266 2305 97 29 Oxford,
1374 2306 49 23 and
1434 2313 95 24 anyone
1534 2305 56 25 who
1598 2305 46 24 has
1656 2303 96 31 enough

1228 2345 58 25 land
1297 2346 25 23 to
1334 2345 60 31 keep
1411 2347 48 23 two
1471 2353 27 17 or
1509 2345 68 25 three
1590 2352 62 17 cows
1664 2343 88 26 should

1229 2384 55 25 take
1308 2385 84 24 shares
1414 2386 27 23 m
1468 2385 42 24 the
1532 2385 119 31 proposed
1672 2383 82 25 butter

1227 2423 99 33 factory,
1340 2425 25 24 to
1383 2424 73 25 assist
1472 2424 43 25 the
1537 2423 169 31 undertaking.
1740 2423 13 24 I

1229 2462 70 25 know
1322 2462 110 32 ofinany
1451 2462 26 25 of
1486 2471 42 23 my
1550 2463 90 23 farmer
1662 2461 91 25 friends

1228 2500 55 24 who
1295 2500 62 24 have
1368 2500 77 24 found
1456 2501 42 23 the
1510 2500 153 28 creameries,
1667 2501 86 23 errect-

1229 2538 30 24 ed
1270 2540 26 23 at
1309 2538 85 26 Sefton
1403 2538 49 25 and
1464 2538 70 26 other
1555 2539 82 31 places
1648 2546 15 16 a
1684 2538 69 31 great

1228 2576 71 25 boon.
1326 2576 52 24 One
1390 2585 48 16 was
1450 2576 87 30 telling
1556 2584 41 17 me
1607 2576 55 24 that
1673 2575 80 25 before

1230 2613 42 25 the
1284 2613 142 24 creameries
1438 2621 61 16 were
1517 2612 147 25 established
1675 2612 27 23 m
1713 2611 39 25 his

1224 2651 205 33 •neighbourhood
1450 2651 40 24 his
1508 2651 52 25 wife
1572 2658 48 17 was
1633 2651 122 31 supposed

1229 2694 25 22 to
1266 2692 59 31 keep
1337 2691 42 25 the
1401 2692 77 24 house
1489 2691 60 25 with
1565 2691 42 25 the
1619 2699 71 20 cows,
1711 2691 43 24 the

1229 2732 81 25 butter
1320 2740 50 16 was
1383 2732 78 23 salted
1474 2732 70 23 down
1555 2732 28 23 m
1602 2731 97 24 barrels-
1705 2731 48 24 and

1230 2773 54 23 sent
1295 2773 25 23 to
1332 2771 42 25 the
1385 2771 64 25 local
1466 2773 63 23 store
1541 2779 59 17 once
1612 2780 15 15 a
1649 2779 64 23 year,
1727 2773 24 23 to

1229 2820 47 22 pay
1287 2810 42 25 the
1343 2812 64 23 store
1418 2810 52 31 bill,
1494 2809 44 25 but
1550 2810 52 24 alas
1613 2810 43 24 the
1671 2809 83 25 butter

1230 2859 48 16 was
1290 2851 53 24 sold
1360 2853 26 22 at
1406 2850 42 25 the
1459 2850 97 25 makers
1575 2850 51 25 risk
1640 2850 49 25 and
1699 2851 54 24 not-

1229 2889 176 31 withstanding
1414 2888 43 26 the
1465 2897 55 17 care
1529 2889 48 24 and
1585 2889 86 25 labour
1680 2889 74 25 taken

1229 2928 27 23 m
1266 2929 33 22 its
1310 2928 171 24 manufacture
1498 2928 20 23 it
1540 2935 50 17 was
1614 2928 139 24 sometimes

1230 2964 53 24 sold
1294 2965 25 23 at
1330 2964 49 24 less
1400 2964 61 24 than
1484 2964 142 31 threepence
1646 2972 43 23 per
1710 2965 43 27 lb.,

1230 3001 42 25 the
1293 3002 76 25 result
1391 3009 47 17 was
1462 3001 55 25 that
1536 3001 43 25 the
1596 3001 159 39 unfortunate

1229 3039 90 24 farmer
1329 3039 50 24 had
1390 3041 25 22 to
1426 3040 57 23 take
1499 3041 53 24 £50
1564 3040 64 25 fronft
1646 3041 39 24 his
1698 3049 55 23 crop

1230 3087 87 23 money
1329 3081 25 22 to
1374 3087 87 24 square
1472 3079 43 24 the
1529 3081 64 23 store
1608 3079 51 26 bill.
1694 3080 61 25 Now

1230 3120 33 23 all
1279 3119 84 30 things
1381 3127 40 15 are
1449 3120 118 29 changed,
1595 3121 43 22 the

1229 3158 70 24 takes
1310 3158 20 24 it
1342 3165 64 24 easy,
1423 3158 75 24 milks
1509 3159 48 24 the.
1566 3167 63 16 cows
1640 3159 115 31 moriain'g

1230 3197 49 26 and
1296 3197 71 32 night
1380 3198 103 32 sending
1504 3199 42 25 the
1569 3199 61 25 milk
1641 3200 77 25 direct'
1729 3201 24 24 to

1230 3238 43 24 the
1283 3237 100 32 factory,
1396 3238 32 24 he
1438 3246 56 17 now
1512 3239 86 26 draws.
1600 3240 40 24 his
1663 3240 91 32 cheque

1231 3277 25 23 at
1268 3275 80 24 stated
1365 3275 118 25 intervals
1504 3277 38 24 for
1560 3274 63 28 milk
1635 3278 119 31 supplied,

1231 3316 66 29 gives
1307 3315 40 24 his
1358 3316 54 24 wife
1421 3317 57 30 only
1490 3316 54 26 half
1554 3316 43 26 the
1608 3320 102 23 amount
1731 3319 26 24 of

1231 3351 199 38 checm^^^eep
1442 3353 42 23 the
1496 3353 85 30 house,
1594 3354 49 25 and
1651 3355 27 23 m
1687 3355 67 32 place

1223 3387 341 47 k^^^^^^^^to^rops
1575 3396 38 23 toi
1621 3403 47 24 pay
1691 3397 64 23 store

1619 3444 88 23 money
1729 3437 26 23 to

1223 3469 468 41 J^^^^^^^^H^^^^^^^^uid
1701 3476 54 31 give

1841 138 90 24 Oxford
1943 140 56 24 Saw
2010 140 66 24 Mills
2087 141 25 23 m
2125 141 64 25 their
2199 141 91 32 palmy,
2293 141 68 32 days.

1842 175 69 25 Then
1922 176 35 25 let
1968 184 29 17 us
2008 176 35 25 all
2053 177 31 25 do
2095 185 45 17 our
2150 178 54 25 best
2214 180 45 24 not
2270 178 57 32 only
2336 180 26 23 to

1841 214 116 24 establish
1987 216 142 23 creameries
2162 216 44 24 but
2233 225 15 15 a
2280 216 83 25 butter

1840 253 92 32 factory
1942 254 27 23 m
1981 253 97 29 Oxford,
2095 254 48 25 and
2161 255 16 24 I
2196 255 47 24 feel
2265 263 55 17 sure
2342 255 20 25 it

1841 291 50 24 will
1899 291 30 24 be
1936 292 42 22 the
1984 299 85 16 means
2078 292 26 23 of
2109 292 115 32 bringing.
2227 293 134 31 prosperity

1841 328 73 32 again
1925 330 114 30 amongst
2050 336 36 17 us.

2035 371 135 27 Yours^&c.

2140 417 94 24 MILK.

1940 474 188 26 SALVATION
2161 475 102 25 ARMY.

1844 570 49 30 Sib,
1895 585 32 4 —
1928 571 93 25 Justice
2051 580 79 17 seems
2159 573 150 24 determined
2337 575 26 24 to

1843 608 64 25 force
1914 617 42 24 my
1970 609 67 25 hand
2059 610 32 32 by
2109 610 128 32 inventing
2252 618 111 24 assump-

1843 648 66 25 tions
1920 649 49 24 and
1980 649 131 25 assertions
2119 650 37 25 for
2164 650 80 25 which
2250 651 32 24 he
2293 651 72 24 alone

1843 686 22 24 is
1876 687 156 30 responsible.
2057 688 72 29 Quite
2141 696 15 17 a
2164 696 113 18 common
2288 688 77 31 dodge

1846 724 38 25 Sir
1895 724 60 26 with
1966 735 140 24 newspaper
2117 726 200 33 correspondents
2338 728 26 24 to

1843 762 58 25 read
1909 761 108 28 between
2027 773 61 22 your
2095 766 143 30 opponent's
2246 765 62 25 lines
2316 764 50 26 and

1844 801 68 26 blaze
1931 811 68 24 away
2010 806 26 22 at
2055 805 163 31 suppositions
2229 812 28 17 as
2266 804 22 25 if
2307 804 59 33 they

1844 847 62 18 were
1919 842 71 24 'solid
2011 842 70 25 facts.
2116 842 94 25 Justice
2242 842 60 26 calls
2323 850 43 25 my

1844 879 72 24 letter
1927 888 15 15 a
1974 882 168 30 Degenerating
2152 883 101 29 effusion,
2288 882 78 25 whatr

1845 925 54 17 ever
1910 917 56 25 that
1975 921 99 23 means?
2107 919 50 25 But
2168 919 61 26 then
2239 919 47 30 rfir,
2295 919 71 26 these

1844 955 112 32 spiritual
1966 956 94 26 writers
2083 966 40 16 are
2145 965 26 17 so
2190 957 106 32 poetical
2317 957 49 25 and

1844 994 152 33 ambiguous,
2008 995 55 25 that
2072 1004 14 16 a
2097 1004 59 17 man
2165 997 27 23 of
2199 997 84 25 carnal
2290 996 74 29 mine,

1843 1034 49 25 like
1903 1035 89 32 myself
2001 1037 90 23 cannot
2103 1044 54 16 soar
2168 1037 26 24 to
2205 1036 55 25 that
2271 1031 101 31 exaltecL

1843 1074 85 30 height
1938 1082 127 23 necessary
2076 1077 26 21 to
2124 1083 72 22 grasp
2217 1077 42 22 the
2277 1076 89 30 mystic

1844 1119 70 17 sense
1929 1112 27 24 of
1974 1112 44 24 the
2039 1112 116 25 effusions
2166 1112 27 25 of
2211 1112 44 26 the
2277 1112 88 27 Divine

1843 1149 76 25 mind.
1954 1150 94 25 Justice
2058 1150 108 25 honours
2178 1158 40 17 me
2237 1151 32 31 by
2281 1151 85 32 saying

1841 1190 52 24 that
1905 1190 14 23 I
1930 1198 89 24 appear
2035 1191 27 24 in
2072 1195 4 3 '
2084 1199 42 23 my
2147 1192 54 23 true
2220 1190 71 32 light,
2303 1199 56 17 now

1841 1229 77 24 that's
1928 1230 62 25 r*ice:
2003 1230 14 23 I
2028 1238 40 17 am
2080 1230 91 32 willing
2182 1232 26 23 to
2226 1232 55 30 part
2303 1231 60 24 with

1844 1274 67 17 some
1923 1267 26 24 of
1968 1267 55 25 that
2044 1267 136 32 refulgence
2203 1269 25 23 to
2239 1267 127 33 enlighten

1843 1306 165 25 his-darkness
2017 1307 46 23 and
2077 1308 59 23 then
2144 1308 104 31 perhaps
2258 1307 33 24 he
2298 1309 68 22 wont

1842 1347 39 29 try
1892 1345 102 26 another
2008 1346 60 25 time
2079 1348 26 23 to
2114 1347 99 24 concoct
2225 1355 14 16 a
2248 1345 71 27 letter
2331 1355 32 24 pn

1843 1384 161 31 suppositions
2016 1385 106 31 grounds
2133 1387 26 23 to
2181 1393 85 17 accuse
2277 1394 40 16 me
2340 1385 28 26 of

1841 1424 66 25 what
1917 1425 14 23 I
1949 1433 74 17 never
2044 1425 53 25 said
2119 1433 27 16 or
2168 1433 59 17 even
2248 1425 115 32 thought.

1843 1462 14 22 I
1879 1462 73 23 think
1975 1462 40 23 Sir
2036 1463 14 23 I
2072 1464 74 23 wrote
2167 1463 67 30 plain
2256 1463 108 31 English

1842 1499 72 25 when
1922 1500 13 23 I
1947 1500 52 24 said
2010 1500 13 23 I
2033 1499 50 25 had
2093 1508 33 16 no
2137 1502 62 23 fault
2208 1502 25 22 to
2244 1495 120 29 find'witii
2371 1523 2 3 .

1843 1539 42 25 the
1897 1547 68 23 army
1976 1548 33 16 on
2020 1540 42 24 the
2073 1540 88 25 whole:
2185 1541 14 23 I
2210 1540 92 32 merely
2323 1540 43 25 ad-

1843 1579 141 25 ministered
1996 1588 14 16 a
2021 1580 97 31 reproof
2126 1580 37 25 for
2185 1588 15 16 a
2211 1580 80 25 venial
2302 1580 64 28 fault

1842 1618 80 25 which
1933 1619 14 24 I
1957 1619 140 25 considered
2105 1627 129 24 necessary
2241 1620 28 24 m
2277 1620 42 25 the
2327 1620 38 24 in-

1843 1660 74 23 terest
1930 1659 26 25 of
1964 1659 43 24 the
2019 1659 77 32 safety
2107 1659 26 25 of
2142 1659 43 25 the
2199 1659 82 32 public
2293 1660 49 26 and
2352 1660 15 24 I

1842 1704 54 17 now
1907 1698 83 30 repeat
2006 1697 54 25 that
2083 1697 57 32 they
2161 1697 62 26 have
2246 1705 34 21 no.
2300 1698 66 31 right

1843 1737 77 25 either
1931 1737 65 32 legal
2007 1745 27 17 or
2045 1737 78 24 moral
2140 1739 25 23 to
2176 1737 72 26 make
2259 1745 15 18 a
2284 1737 82 33 public

1841 1775 93 32 display
1949 1775 26 25 of
1983 1775 64 25 their
2067 1775 183 33 idiosyncrasies
2272 1784 40 18 on.
2323 1777 43 24 the

1841 1815 61 31 high
1912 1816 71 25 roads
1996 1818 24 23 to
2032 1815 42 26 the
2089 1816 91 32 danger
2201 1817 50 24 and
2272 1824 93 27 annoy-

1841 1860 61 18 ance
1923 1853 26 24 of
1974 1853 41 25 the
2043 1853 90 31 public.
2168 1853 80 26 When
2271 1854 96 27 Justice

1840 1893 74 24 wrote
2085 1891 26 25 of
2130 1891 61 25 false

1841 1930 40 24 He
1891 1930 77 31 ought
1978 1931 26 23 to
2015 1929 63 25 have
2098 1930 63 31 spelt
2192 1930 20 24 it
2234 1929 61 25 with
2317 1938 15 17 a
2356 1930 13 24 f

1841 1968 45 24 but
1898 1968 104 31 perhaps
2013 1967 40 25 his
2063 1967 87 32 profits
2172 1976 41 16 are
2224 1968 50 24 real
2286 1968 49 25 and
2354 1968 14 25 I

1841 2008 66 23 wont
1918 2007 109 29 compete
2037 2006 60 25 with
2104 2006 60 25 him.
2166 2005 33 32 by
2206 2007 110 31 running
2323 2006 43 26 the

1841 2043 43 25 the
1902 2043 127 32 Floppers.
2063 2043 93 24 Justice
2177 2043 22 24 is
2222 2043 66 33 quite
2309 2043 57 26 wel-

1843 2092 67 17 come
1919 2085 26 24 to
1952 2083 68 26 write
2029 2091 33 17 an
2070 2083 121 32 enlogiam
2199 2092 33 19 on
2239 2083 42 26 the
2289 2083 77 33 Army

1841 2123 36 24 for
1886 2122 77 30 aught
1970 2123 15 22 I
1996 2129 62 20 care,
2079 2121 58 31 they
2157 2130 66 16 seem
2243 2123 26 23 to
2284 2123 81 30 please

1841 2160 53 24 him
1903 2160 49 24 and
1960 2159 58 32 they
2029 2159 59 25 dont
2100 2159 68 25 hurt,
2178 2168 47 20 me,
2239 2159 44 29 but
2294 2159 70 35 as,he

1842 2208 100 24 appears
1951 2201 25 23 to
1985 2199 29 25 be
2026 2199 102 25 anxious
2140 2201 25 23 to
2182 2199 106 32 provoke
2298 2199 66 26 criti-

1841 2238 61 24 cism
1920 2237 32 25 he
1975 2237 64 25 shall
2060 2239 45 23 not
2135 2237 29 25 be
2187 2238 176 30 disappointed.

1842 2276 65 24 That
1929 2276 58 30 they
2006 2274 63 26 have
2090 2274 61 25 been
2173 2274 42 25 the
2235 2283 85 17 means
2339 2274 27 26 of

1840 2315 112 32 rescuing
1964 2323 14 16 a
1985 2315 46 24 few
2052 2314 160 32 blackguards
2234 2315 14 24 I
2269 2315 92 32 readily

1842 2356 77 25 admit
1930 2355 49 25 and
1997 2355 56 25 that
2074 2355 58 31 they
2154 2355 62 25 have
2234 2354 128 26 furnished

1842 2396 81 31 genial
1930 2396 141 30 occupation
2079 2396 26 23 to
2117 2403 14 16 a
2143 2394 62 32 good
2223 2394 104 25 number
2337 2394 29 25 of

1841 2433 110 32 cunning
1978 2439 82 26 young
2082 2439 102 25 scamps,
2207 2431 55 26 who
2283 2431 80 26 would

1841 2473 201 27 otherwise/have
2053 2472 61 25 been
2125 2481 15 16 a
2151 2471 75 26 social
2244 2472 119 25 nuisance

1841 2513 90 24 cannot
1942 2512 29 23 be
1983 2510 93 25 denied.
2111 2510 64 24 That
2185 2510 58 32 they
2265 2510 97 32 destroy

1840 2559 87 18 reason
1937 2552 29 32 by
1978 2551 145 25 excitement
2134 2551 48 24 and
2192 2550 169 25 manufacture

1841 2591 136 29 hypocrites
2011 2589 48 23 and
2069 2589 113 30 religious
2204 2589 110 24 maniacs
2333 2588 30 24 m

1841 2631 67 29 largo
1920 2627 132 33 quantities
2074 2628 21 25 is
2116 2627 66 32 quite
2202 2629 61 23 true.
2297 2627 65 25 That

1841 2668 64 25 their
1913 2667 68 32 pride
1990 2666 65 26 often
2063 2667 108 31 prompts
2180 2665 68 26 them
2257 2666 25 26 to
2290 2664 73 28 make

1842 2710 65 22 most
1919 2707 181 31 extraordinary
2122 2707 144 23 statements
2288 2706 75 25 about

1842 2747 64 23 their
1917 2746 141 24 conversion
2069 2745 22 24 is
2102 2745 52 24 also
2164 2746 54 23 true
2229 2744 48 24 and
2298 2751 28 17 as
2347 2743 15 24 I

1841 2786 130 24 witnessed
1993 2787 48 22 two
2058 2793 66 15 cases
2142 2784 26 24 m
2189 2784 69 30 point
2277 2784 14 24 I
2312 2783 50 26 will

1842 2824 111 24 mention
1964 2823 76 24 them.
2075 2822 52 25 One
2138 2822 98 25 convert
2255 2820 106 25 testified

1841 2866 24 23 to
1876 2864 40 24 ihe
1928 2871 113 24 presence
2050 2862 26 25 of
2084 2862 42 25 the
2135 2862 65 32 Holy
2213 2861 77 32 Spirit
2299 2860 60 27 with

1841 2913 15 16 a
1876 2904 78 25 stolen
1987 2902 79 26 watch
2089 2902 27 25 m
2126 2902 39 25 his
2182 2902 93 32 pocket.
2309 2901 52 25 The

1841 2943 69 25 other
1921 2941 101 26 Blessed
2034 2941 54 24 God
2105 2940 37 25 for
2164 2940 39 25 his
2222 2940 94 32 change
2337 2940 27 25 of

1841 2980 77 28 heart,
1929 2978 61 24 after
2001 2977 120 30 wrecking
2131 2977 43 24 the
2182 2977 119 24 furniture
2312 2976 49 25 and

1841 3017 83 33 giving
1935 3017 38 23 his
1985 3015 54 25 wife
2051 3023 14 17 a
2087 3014 62 33 good
2159 3005 112 40 tarni^j.
2305 3014 56 26 Still

1843 3055 39 26 Sir
1893 3055 14 24 I
1927 3062 39 17 am
1987 3054 91 30 willing
2097 3055 25 22 to
2144 3053 77 24 admit
2243 3052 54 24 that
2319 3052 42 24 the

1842 3095 75 32 Army
1928 3094 46 24 has
1992 3094 42 24 it's
2053 3093 91 25 virtues
2163 3092 44 24 but
2227 3091 21 25 it
2274 3091 22 25 is
2317 3093 45 23 not

1841 3134 156 24 immaculate
2006 3133 49 23 and
2065 3132 50 24 will
2125 3132 30 22 be
2163 3139 64 16 none
2235 3132 42 25 the
2285 3139 76 16 worse

1841 3172 37 24 for
1889 3172 73 30 being
1972 3170 52 25 told
2046 3170 25 24 of
2079 3170 42 23 it's
2144 3168 82 25 faults.
2262 3168 33 25 So
2313 3176 49 23 you
2371 3187 2 8 ,

1843 3219 40 17 see
1895 3210 39 26 Sir
1946 3209 58 24 Anti
2016 3207 119 32 Humbug
2145 3207 49 24 and
2213 3206 39 25 his
2274 3199 98 32 collea-J

1842 3258 59 24 gues
1912 3250 30 25 do
1954 3250 43 23 not
2015 3248 119 25 condemn
2154 3247 42 24 the
2218 3254 75 24 army,
2317 3246 55 25 but!

1843 3287 79 26 would
1942 3287 50 25 like
2013 3288 26 22 to
2061 3293 39 16 see
2121 3285 33 24 its
2163 3285 74 23 ranks
2258 3274 114 41 purified!

1843 3327 120 30 although
1973 3334 35 16 we
2020 3325 61 24 have
2092 3333 32 16 no
2136 3323 137 31 knowledge
2284 3323 26 25 of
2318 3323 54 25 the!

1844 3367 87 26 3econd
1943 3365 72 28 birth,
2028 3363 44 25 but
2083 3363 81 25 rather
2174 3363 48 24 feel
2232 3370 27 16 as
2278 3355 94 38 ByroiH

1843 3406 41 24 did
1895 3404 61 25 after
1966 3402 99 31 reading
2076 3401 42 25 the
2133 3400 69 26 creed
2213 3391 159 51 Anathemjß

1842 3444 58 24 tion.
1935 3442 64 24 Most
2011 3439 157 31 comfortably
2183 3429 189 51 damned.^^H

1875 3483 78 23 There
1962 3489 40 15 are
2022 3488 73 22 many
2109 3478 68 25 Sects
2199 3480 33 22 all
2253 3468 119 51 run^^B

1842 3527 31 16 on
1885 3520 111 21 different
2006 3518 70 21 lines.
2111 3516 67 29 They
2198 3517 56 20 cant
2264 3505 108 51 J^j^H

510 13 167 44 oXFoto
717 16 89 42 And
850 22 102 34 oust
995 22 220 35 obseeter
1257 17 234 41 Saturday,
1534 17 193 34 October
1757 19 49 36 29,
1828 9 89 41 iß9i
