2428 3473
28 119 77 25 under
115 119 33 24 its
159 119 97 31 present
266 117 61 25 form
349 117 26 24 of
385 116 165 32 dispensation

28 157 47 23 has
86 157 54 23 that
152 155 127 30 civilising,
287 155 166 30 humanising,
463 154 89 24 moral-

28 196 72 30 ising,
115 194 166 32 evangalising
302 194 121 24 influence
445 192 103 26 claimed

32 233 31 32 by
74 233 32 25 its
119 233 116 25 teachers.
270 232 63 24 How
350 232 21 24 is
392 232 21 24 it
431 231 55 25 that
504 230 49 24 less

33 271 77 28 order,
123 271 110 28 comfort,
255 270 85 31 family
356 270 70 31 unity
438 269 48 23 and
496 275 57 24 gen-

37 309 50 26 eral
98 310 131 31 happiness
240 317 41 17 are
292 309 77 24 found
379 310 27 23 m
419 309 42 25 the
472 308 85 25 homes

37 350 25 25 of
70 350 42 24 the
120 350 84 24 Saints
216 349 61 25 than
289 348 42 26 the
343 349 101 26 Sinners
451 350 12 23 ?
496 348 62 24 How

37 387 22 24 is
70 387 21 24 it
101 386 56 25 that
176 386 72 25 when
266 386 100 32 looking
385 386 61 25 back
456 386 52 23 into
518 384 42 25 the

38 426 93 33 history
143 426 26 26 of
178 426 43 26 the
240 433 27 18 so
287 426 78 25 called
384 426 60 26 dark
454 432 58 26 ages
524 432 35 17 we

39 465 52 24 find
101 473 68 16 more
179 465 96 24 honour
297 465 49 24 and
366 465 95 30 Stirling
482 463 78 25 virtue

42 501 63 26 than
114 501 27 25 m
152 501 43 25 the
205 503 99 29 present
315 502 59 32 day?
407 501 65 26 Who
491 498 71 27 make

44 539 47 26 the.
97 539 53 25 first
160 547 71 17 move
242 541 25 23 to
278 539 88 26 relieve
377 539 100 25 distress
493 538 73 25 when

44 578 120 31 necessity
174 578 108 31 requires
292 578 21 24 it
322 579 11 23 ?
367 578 80 24 Count
466 585 33 24 up
520 576 43 24 the

46 616 104 25 number
172 617 26 24 of
218 623 66 17 cases
303 616 103 25 relieved
427 616 27 24 m
477 614 90 26 Oxford

47 654 87 32 during
145 654 69 25 these
221 654 48 25 last
279 654 69 25 three
359 663 69 23 years
440 654 48 24 and
487 650 11 17 d
498 661 68 17 snow

47 703 40 16 me
98 694 21 25 if
139 703 54 23 you.
209 702 45 17 can
273 694 53 32 just
343 702 45 17 one
406 693 162 31 subscription

47 732 44 25 list
101 731 94 26 Ufcaded
217 731 31 32 by
270 740 14 16 a
302 732 78 25 Saint.
414 733 14 23 I
443 731 59 25 dont
526 739 41 23 say

49 771 56 24 that
116 771 50 24 the.
169 771 64 24 bible
254 772 21 23 is
291 773 45 22 not
355 773 60 22 true.
449 771 56 24 Ido
526 772 44 21 not

50 807 72 27 know
132 808 109 25 whether
251 808 21 25 it
282 808 21 25 is
315 818 26 16 or
352 811 44 23 not
411 809 37 25 for
459 809 42 24 the
513 808 56 25 sim-

51 848 40 32 ple
101 856 86 17 reason
196 848 54 25 that
261 849 14 24 I
286 848 30 25 do
327 851 44 23 not
383 847 149 26 understand
550 847 21 25 it

51 889 49 23 and
110 889 14 23 I
134 889 63 24 have
209 896 77 17 never,
298 894 51 19 met
360 889 111 31 anybody
493 887 78 25 either

51 927 80 25 Priest
141 936 27 16 or
179 929 112 31 Laynaan
299 930 55 24 that
362 929 46 23 did.
442 928 51 24 But
501 927 70 24 there

50 966 30 24 is'
92 973 46 17 one
160 966 72 31 thing
254 974 56 23 very
332 966 98 29 certain,
453 964 55 26 that
529 964 43 25 the

51 1004 114 31 majority
176 1005 26 24 of
211 1004 69 25 those
292 1005 54 24 who
367 1004 101 31 pretend
479 1006 26 22 to
527 1011 44 17 un-

51 1044 115 25 derstand
177 1045 20 24 it
209 1044 48 25 and
275 1044 63 25 have
362 1044 103 33 adopted
475 1044 33 24 its
519 1051 52 24 pre-

52 1086 67 29 cepts
131 1084 62 26 have
204 1084 101 31 entirely
327 1084 74 25 failed
412 1086 25 24 to
448 1086 45 29 put
504 1084 69 24 them

51 1122 54 25 into
122 1123 111 31 practice.

279 1155 80 25 Yours
385 1155 42 25 &c.

376 1204 62 24 Anti
455 1204 118 24 Humbug.

48 1274 69 25 THE
137 1275 311 26 WORTHINGTONIAN
472 1276 101 29 QUES-

271 1318 88 25 TION.

52 1359 49 31 Sir,
105 1361 163 32 -Theological
277 1362 135 25 discussion
420 1363 20 24 is
447 1364 44 23 not
500 1361 74 26 much

50 1397 80 32 mmy
138 1399 57 24 line.
230 1398 50 25 But
291 1399 14 24 I
316 1399 46 25 feel
373 1399 55 25 that
439 1399 42 25 the
493 1399 81 31 wordy

49 1436 86 31 epistle
157 1438 28 24 of
381 1439 28 24 m
441 1446 60 23 your
524 1438 49 24 last

48 1474 88 25 week's
147 1483 75 24 paper
238 1475 82 30 needs,
344 1475 44 26 but
400 1476 105 32 scarcely
525 1476 47 25 dis-

49 1520 75 22 erves,
138 1521 14 16 a
174 1514 63 24 little
258 1514 89 24 notice.
382 1514 24 24 It
428 1514 21 24 is
472 1514 42 24 the
533 1514 39 24 old

49 1552 82 25 advice
143 1556 25 21 to
179 1554 100 23 counsel
364 1562 55 15 case
433 1554 74 23 abuse
529 1554 43 23 the

48 1592 71 24 other
241 1592 34 25 As
292 1592 37 25 far
351 1601 27 17 as
399 1592 172 32 Worthington

49 1632 22 24 is
83 1633 133 24 concerned
236 1632 13 24 I
260 1633 37 24 for
319 1641 46 16 one
376 1641 40 16 am
435 1635 99 23 content
546 1635 25 22 to

46 1672 58 23 wait
127 1672 86 25 awhile
235 1672 81 25 before
338 1673 169 32 pronouncing
527 1681 43 23 my

47 1710 97 30 opinion
155 1710 26 25 of
185 1711 53 24 him
247 1719 27 16 as
283 1719 15 16 a
306 1711 106 24 teacher.
430 1711 50 24 But
489 1710 80 32 surely

47 1747 40 24 Sir
108 1748 21 23 if
148 1756 32 15 an
202 1749 70 24 effort
295 1750 25 22 to
343 1749 76 24 check
440 1749 129 24 unbridled

44 1795 99 23 passion
154 1788 27 24 m
193 1788 127 32 deserving
331 1789 26 24 of
363 1788 42 25 the
416 1788 55 25 best
479 1788 95 30 thanks,

45 1825 27 25 of
77 1825 46 28 .the
136 1832 3 4 '
146 1827 151 31 community
299 1836 9 18 ,
320 1825 68 26 -then
396 1845 3 3 .
413 1827 39 24 Sir
463 1827 13 23 I
496 1821 72 30 claim

45 1864 70 24 those
127 1865 90 25 thauks
233 1866 37 24 for
285 1867 42 23 the
349 1867 109 30 writings
481 1867 26 23 of
526 1867 43 23 the

32 1902 74 24 \New
117 1902 150 29 Testament,
280 1903 37 24 for
329 1903 71 32 being
406 1904 90 31 judged
508 1912 59 18 even

45 1941 31 31 by
92 1942 42 24 it's
146 1942 107 25 enemies
265 1950 26 17 as
311 1951 14 16 a
336 1944 78 24 moral
435 1943 48 25 law
504 1943 20 25 it
545 1944 22 24 is

43 1979 98 31 perfect.
348 1981 60 24 then
420 1982 101 23 informs
529 2003 2 4 .
538 1989 29 17 us

44 2017 54 24 that
110 2020 24 21 to
145 2025 83 17 rescue
246 2019 66 24 what
324 2019 31 24 he
376 2020 59 23 calls
447 2019 42 24 the
510 2019 56 24 sub-

43 2057 98 31 merged
160 2057 72 24 tenth
243 2057 21 24 is
276 2065 27 16 as
314 2058 111 31 hopeless
437 2066 27 16 as
485 2058 81 32 trying

42 2096 26 22 to
86 2094 76 25 bottle
185 2095 34 24 off
241 2095 41 24 the
303 2095 114 28 Thames,
440 2096 49 23 and
511 2097 55 23 that

41 2133 107 25 General
169 2133 81 26 Booth
273 2135 21 24 is
317 2135 42 25 the
369 2137 58 30 only
440 2144 59 17 man
510 2136 54 25 who

40 2173 51 25 had
108 2174 41 24 the
165 2183 101 22 courage
290 2177 24 22 to
337 2177 103 30 attempt
456 2176 29 29 it,
508 2184 56 17 now

45 2213 40 25 Sir
105 2214 12 24 I
140 2214 62 31 deny
223 2214 58 25 both
305 2215 68 24 these
394 2216 170 30 propositions,

42 2253 78 25 thank
127 2254 137 29 Grod,there
276 2262 40 16 are
324 2255 116 24 numbfts
450 2256 26 23 of
480 2255 85 31 people

40 2292 27 24 m
75 2293 51 24 this
136 2293 83 32 yilligc
230 2293 56 26 who
296 2301 63 17 were
369 2294 61 23 sunk
443 2302 27 16 as
481 2294 45 24 low
538 2302 26 16 as

40 2330 21 25 it
74 2338 48 17 was
134 2331 104 30 possible
261 2333 25 23 to
308 2334 49 28 get,
380 2331 45 25 but
447 2339 41 17 are
510 2340 54 17 now

36 2370 112 32 .through
160 2372 42 23 the
213 2370 121 25 influence
349 2372 25 24 of
385 2372 41 24 the
439 2371 126 25 Salvation

41 2409 76 30 Army
129 2417 26 15 as
172 2409 63 30 good
245 2408 148 31 neighbours
405 2408 48 24 and
465 2409 99 25 citizens

42 2454 27 16 as
89 2454 47 24 any
159 2446 26 23 m
207 2446 42 25 the
268 2446 75 31 place.
378 2446 25 24 If
411 2450 14 10 '
433 2446 107 32 Hopeful

42 2485 83 24 denies
138 2484 48 25 this
199 2486 12 23 I
224 2493 45 16 can
281 2485 53 30 give
345 2485 50 24 him
407 2493 66 18 some
480 2493 85 18 names

43 2524 27 25 of
83 2525 69 24 those
174 2525 55 24 who
251 2525 56 28 will,
331 2526 13 23 I
363 2526 96 29 believe,
484 2526 81 33 gladly

43 2562 82 32 testify
136 2565 23 21 to
168 2563 49 24 this
226 2563 56 24 fact.
305 2563 24 24 Is
341 2563 19 24 it
368 2563 60 25 then
437 2564 110 32 hopeless
553 2567 11 22 ?

33 2602 90 30 Again
134 2602 45 24 lias
225 2603 104 30 Hopeful
364 2611 54 16 ever
439 2605 57 23 read
518 2612 48 24 any

44 2639 26 24 of
79 2639 41 24 the
132 2642 115 22 accounts
259 2640 26 23 of
292 2640 42 24 the
341 2648 82 23 young
432 2642 132 29 emigrants

45 2680 54 22 B9nt
118 2680 25 22 to
167 2678 98 24 Canada
287 2678 31 32 by
340 2678 36 24 Dv
392 2679 124 26 Barnarde
539 2690 27 16 or

44 2717 61 25 Miss
138 2718 80 24 Annie
255 2718 161 30 Macpherson
446 2720 48 23 and
522 2721 42 23 the

43 2755 96 29 results,
153 2756 21 23 if
181 2757 44 22 not
243 2756 35 23 let
289 2755 52 24 him
353 2756 71 24 make
435 2756 70 26 haste
516 2758 48 24 and

44 2793 31 27 do.
97 2800 34 22 so,
151 2793 49 24 and
221 2793 71 24 when
313 2793 32 25 he
367 2794 65 25 finds
445 2796 42 23 out
510 2794 54 25 that

43 2833 135 24 thousands
190 2833 26 24 of
225 2833 41 24 the
278 2834 114 31 offspring
407 2834 26 25 of
442 2834 42 25 the
496 2843 68 16 scum

44 2870 26 25 of
79 2870 102 25 London
193 2871 62 24 have
267 2871 60 24 been
340 2872 161 24 transformed
512 2872 52 25 into

42 2909 158 29 industrious,
223 2910 148 30 respectable
392 2910 102 25 farmers
516 2911 48 24 and

42 2949 113 24 farmery
155 2949 80 29 wives,
251 2949 14 24 I
276 2949 70 25 think
357 2949 32 25 he
408 2950 51 25 will
469 2953 44 22 not
534 2951 30 24 be

42 2987 106 24 inclined
174 2989 25 23 to
226 2988 68 24 write
322 2996 47 24 any
402 2996 67 18 more
502 2989 61 25 such

42 3027 110 24 twaddle.
187 3028 39 23 Mr
247 3027 77 24 Booth
349 3028 44 23 has
415 3029 112 23 initiated
549 3037 15 15 a

40 3065 62 31 good
113 3066 65 24 work
187 3066 33 24 all
232 3066 94 25 honour
338 3068 24 23 to
372 3066 51 25 him
435 3067 37 25 for
480 3067 28 25 it.
520 3068 42 24 but

40 3102 14 25 I
70 3104 111 30 question
192 3104 109 24 whether
312 3104 31 25 he
359 3104 58 25 does
428 3104 43 26 the
482 3106 85 30 gutter-
572 3113 2 5 1

39 3142 48 25 and
110 3144 63 24 slum
187 3144 115 31 .hunting
323 3144 102 25 himself
444 3145 54 25 that
525 3146 36 24 Dr

39 3181 126 25 Barnardo
183 3182 68 30 .does,
273 3182 49 25 and
341 3183 23 24 I,
376 3184 90 24 cannot
488 3184 72 24 think

39 3219 53 24 that
103 3220 148 32 "Hopeful'"
260 3228 45 16 can
315 3222 26 23 be
351 3222 74 23 much
435 3222 124 32 acquaint-

35 3259 30 24 ed
87 3260 59 25 with
176 3260 162 25 rescue-work
361 3269 27 16 or
421 3261 32 24 he
477 3262 82 31 surely

138 3300 44 23 not
214 3299 84 31 ignore
329 3299 57 24 such
421 3308 86 17 names
532 3309 27 16 as

186 3337 154 31 Stephenson
352 3337 48 24 and
410 3338 41 24 the
463 3338 59 25 Karl
534 3339 26 24 of

31 3369 166 39 tfljjlriaury
219 3375 66 25 with'
300 3384 74 23 many
394 3376 82 24 others
503 3377 56 24 who

31 3407 69 38 Rive
110 3421 61 29 donp
183 3423 66 17 more
261 3415 59 24 with
332 3416 48 26 less
392 3424 88 23 money
500 3416 60 25 than

31 3449 143 18 Mk-fnr.nf.ri
194 3461 55 6 ovor
272 3454 94 13 rlron.mf.
388 3454 27 13 nf
455 3454 102 13 Tn.nnn.

710 133 8 32 (
726 134 126 24 JPvblished
862 135 28 29 by
901 137 86 28 special
999 138 109 30 request.)

787 186 238 27 CONTRIBUTED

646 234 34 25 To
693 235 41 24 the
747 235 86 26 Misses
853 237 68 25 Lane
932 238 49 24 and
1003 238 64 26 their
1077 238 91 27 friends

646 272 41 25 the.
700 273 87 25 Misses
799 274 142 32 Heighway,
952 275 172 33 Waddington,
1137 286 32 17 on

647 311 64 25 their
722 311 56 25 visit
794 313 25 24 to
836 312 51 26 Mrs
906 313 90 31 Smith,
1026 314 142 27 Greendale.

647 402 78 26 There
748 412 67 17 came
840 405 54 25 four
909 414 82 25 young
1007 407 117 25 maidens:
1145 409 26 24 to

652 446 2 12 ;
710 442 57 26 visit
790 443 66 32 quite
874 445 67 30 hear,

682 481 14 24 I
708 484 64 22 went
783 484 42 24 out
837 485 25 23 to
874 492 39 16 see
926 485 76 28 them,
1014 484 81 26 which
1104 492 68 18 caus-

717 520 30 24 ed
758 528 39 17 me
808 522 74 24 much
898 522 50 24 fear
957 531 5 20 ;

653 559 52 23 One
718 561 38 21 sat
764 567 33 16 on
808 568 15 16 a
844 561 75 29 chair,
933 569 45 16 one
1001 569 31 17 on
1044 562 42 24 the
1097 562 76 24 couch

719 597 53 29 bed,

685 637 56 25 And
752 639 66 28 each,
830 638 59 25 with
898 640 46 24 wet
951 639 123 33 bandages
1082 648 91 24 wrapp-

719 675 28 25 ed
758 676 78 24 round
847 677 44 24 her
903 677 71 25 head.

654 755 14 24 I
679 754 105 31 thought
795 754 55 27 that
862 764 66 17 some
940 757 110 24 accident
1061 765 55 17 sure
1127 757 49 24 had

719 793 70 29 befel,

688 832 55 24 And
754 832 128 26 wondered
893 833 64 25 what
967 833 82 32 pitiful
1061 833 47 25 tale
1120 833 58 33 they

720 870 80 24 would
813 871 43 24 tell
864 878 5 16 :

658 907 50 25 The
720 915 46 17 one
777 915 32 17 on
821 908 42 25 the
875 909 76 24 couch
965 917 49 17 was
1031 917 15 16 a
1068 911 111 30 stranger

720 948 26 23 to
754 954 40 17 me
802 955 6 21 ;

691 984 50 23 The
759 992 45 17 one
816 993 32 16 on
860 987 42 23 the
914 986 74 30 cbuir,
1001 987 14 24 I
1028 987 114 31 expected
1153 988 26 23 to

722 1032 47 16 see.

658 1100 32 24 In
701 1100 43 25 the
754 1101 59 25 next
823 1108 70 18 room
912 1102 14 24 I
944 1102 76 25 heard
1039 1102 69 25 there
1130 1110 50 18 was

723 1140 94 25 chatter
828 1141 51 25 and
887 1141 52 25 talk
947 1150 6 21 ;

691 1179 78 25 Th^re
781 1181 38 23 sat
830 1187 46 17 one
887 1180 27 25 of
931 1181 42 24 the
987 1180 88 26 Sisters
1091 1181 89 25 unable

722 1220 25 23 to
759 1218 61 25 walk
829 1226 5 16 :

659 1255 52 26 The
722 1256 71 26 other
800 1265 50 17 was
872 1257 71 25 sister
964 1259 26 25 to
1001 1258 45 26 her
1062 1258 55 26 that
1138 1259 41 32 lay

722 1296 78 30 down,

689 1335 53 25 Bad
752 1336 63 24 head
834 1337 73 24 aches
926 1337 58 31 they
1002 1338 51 23 had
1071 1338 107 31 through

722 1373 65 25 their
797 1373 44 25 hot
849 1373 105 33 journey
965 1374 78 27 down.

655 1462 62 26 How
729 1461 77 34 heavy
818 1462 42 26 the
876 1470 66 18 cross
961 1463 55 26 that
1037 1463 71 26 those
1129 1465 48 24 two

721 1502 83 25 sisters
815 1502 64 29 bear,

687 1539 49 24 Not
754 1540 54 23 able
819 1542 25 22 to
856 1540 63 24 walk
935 1541 104 24 without
1049 1541 58 32 help
1129 1542 49 23 and

718 1577 74 24 much
807 1585 61 22 care,

656 1616 45 25 'Its
711 1625 70 23 years
792 1617 66 25 since
870 1618 58 31 they
936 1618 85 31 joined
1037 1619 64 25 their
1112 1627 64 17 com-

718 1655 104 31 panions
834 1664 26 17 so
872 1664 47 23 gay

686 1691 30 25 In
728 1691 86 32 girlish
825 1695 174 29 amusements,
1009 1695 110 31 pleasure
1128 1695 48 25 and

716 1732 65 30 play.

653 1816 67 32 They
732 1825 60 18 once
814 1826 61 17 were
887 1826 27 17 as
926 1819 76 25 active
1014 1820 49 24 and
1073 1820 65 32 light
1148 1829 28 17 as

718 1855 42 24 the
771 1857 58 28 rsst,

684 1894 56 25 And
750 1896 54 24 love
816 1896 49 24 had
876 1903 15 18 a
901 1896 68 32 place
981 1897 26 25 m
1018 1897 64 26 their
1093 1898 82 31 happy

716 1942 82 24 young
809 1934 104 27 breasts.

651 1973 60 25 Now
722 1974 112 31 strength
845 1975 22 25 is
889 1975 86 26 denied
997 1976 68 25 them
1079 1976 94 33 though

717 2013 50 25 still
776 2022 81 24 young
868 2015 49 24 and
925 2016 53 28 fair,

682 2053 33 24 Of
722 2053 40 25 the
774 2062 44 24 age
841 2063 70 23 every
922 2056 122 32 maidenly
1060 2056 111 32 pleasure

716 2095 25 22 to
754 2093 78 24 share.

650 2170 35 24 To
696 2178 42 25 say
747 2171 55 25 how
810 2180 34 16 we
854 2173 53 31 pity
914 2181 5 20 ;
930 2180 45 17 can
983 2181 74 17 never
1066 2181 105 25 express,

682 2209 52 25 The
742 2209 55 25 half
802 2210 55 24 that
867 2218 33 18 we
909 2211 47 25 feel
967 2213 25 23 at
1003 2219 60 24 your
1070 2211 101 33 lengthy

716 2247 100 25 distress
827 2257 5 21 ;

649 2285 24 24 If
683 2285 42 25 the
736 2293 43 17 use
790 2286 26 24 of
825 2294 60 23 your
896 2286 72 26 limbs
979 2295 48 24 you
1044 2288 71 24 could
1121 2288 49 29 .but

715 2323 91 30 obtain,

682 2361 68 25 Your
776 2364 99 29 parents
902 2363 57 31 glad
986 2364 82 25 hearts
1093 2365 79 24 would

714 2409 66 23 grow
791 2403 67 31 quite
869 2410 83 25 young
962 2404 79 32 again,

649 2480 80 25 Those
750 2481 71 25 other
832 2482 47 25 two
896 2481 112 26 maidens
1018 2481 54 27 who
1098 2482 71 27 drove

711 2528 48 23 you
776 2521 70 24 down
862 2521 65 25 here.
940 2522 3 3 '

680 2558 35 25 To
727 2558 53 32 give
791 2566 48 25 you
851 2568 14 16 a
874 2559 101 33 change,
985 2561 49 24 and
1042 2569 60 23 your
1110 2569 59 24 poor

713 2596 82 25 hearts
807 2598 25 22 to
843 2597 78 29 cheer,

649 2634 54 25 God
714 2636 49 24 will
775 2636 80 30 surely
866 2638 91 24 reward
971 2638 68 24 them
1050 2638 37 24 for
1109 2639 60 23 such

713 2674 82 32 loving
806 2682 62 22 care,

681 2713 55 25 And
757 2714 63 25 bless
843 2715 67 24 them
932 2716 37 24 for
990 2716 101 33 helping
1108 2725 61 24 your

714 2754 105 25 burdens
831 2756 25 23 to
868 2754 64 26 bear.

649 2829 78 25 When
740 2829 80 25 time's
831 2830 100 33 fleetinf
942 2839 101 18 sorrows
1054 2832 49 25 and
1111 2832 56 32 joys

711 2868 56 24 pass
780 2869 74 24 away,

681 2900 68 26 With
760 2902 98 25 wonder
868 2903 49 25 and
925 2902 42 33 joy
981 2903 61 33 thes
1050 2904 50 26 will
1109 2904 60 26 hear

712 2941 72 25 Jesus
797 2949 49 24 say,

671 2978 79 25 When
762 2979 51 25 sick
833 2980 48 25 and
898 2980 83 26 infirm
1000 2981 37 26 for
1058 2990 40 17 me
1119 2991 48 23 you

712 3017 41 23 did
766 3025 61 21 care,

679 3053 74 25 Come
764 3061 54 17 now
827 3055 25 23 to
863 3062 42 24 my
915 3053 115 33 kingdom
1042 3064 42 24 my
1097 3057 69 33 glory

710 3093 25 23 to
747 3091 79 24 share.

645 3170 30 24 In
686 3170 100 32 helping
798 3170 69 26 those
878 3171 67 25 weak
964 3180 57 18 ones
1033 3181 60 24 your
1111 3175 55 26 love

709 3210 13 24 I
733 3211 71 23 could
816 3219 47 20 see,

677 3250 31 24 In
720 3251 83 30 caring
813 3250 37 24 for
863 3251 68 23 them
941 3259 48 24 you
1000 3260 62 18 were
1081 3253 83 33 caring

708 3290 37 24 for
754 3298 43 16 me
803 3298 6 22 ;
1041 3295 4 30 i

645 3327 19 25 A
670 3327 68 31 place
745 3327 13 24 I
763 3327 425 40 x>repared^^jMMto|^rcvpj-o

707 3397 481 32 owri^^^^^^^HH^^^^^^^H

1286 142 38 25 No
1347 145 65 22 child
1429 145 77 23 under
1528 146 111 24 fourteen
1660 155 70 23 years
1754 150 26 24 of

1255 187 43 23 age
1309 181 22 23 is
1342 181 100 24 allowed
1454 185 25 21 to
1495 183 65 24 work
1571 183 26 24 m
1620 192 49 24 any
1690 193 87 18 manu-

1256 219 122 32 facturing
1389 221 186 26 establishment
1597 223 26 24 m
1644 224 42 25 the
1710 225 68 26 State

1256 259 27 23 of
1291 259 60 24 New
1359 259 73 30 York,
1446 262 48 23 and
1505 270 63 16 none
1584 263 77 24 under
1683 265 94 26 sixteen

1257 304 69 23 years
1338 297 104 25 without
1454 299 120 25 affidavits
1586 308 27 17 as
1625 302 25 24 to
1662 310 43 24 age
1716 303 63 26 from

1256 338 99 29 parents
1367 345 27 17 or
1412 339 140 29 guardians.

1289 374 26 24 If
1324 381 34 17 we
1370 374 55 25 look
1438 375 65 32 (says
1514 385 33 15 an
1562 377 136 34 exchange)
1709 379 26 25 m
1747 389 32 16 on

1258 411 42 24 the
1311 412 74 24 social
1395 412 41 24 life
1448 413 26 24 of
1482 422 44 17 our
1535 414 92 33 people,
1637 416 60 26 then
1708 426 34 17 we
1749 418 31 25 do

1259 452 41 29 get
1311 451 112 31 samples,
1446 454 47 23 and
1512 455 42 24 the
1573 456 150 32 contrivings
1733 458 49 24 and

1261 488 42 25 the
1312 489 115 32 strivings
1436 491 61 24 after
1506 494 6 12 '
1519 492 118 31 positions
1648 494 27 25 m
1684 496 97 31 society'

1262 534 40 17 are
1314 527 138 32 something
1463 531 25 22 to
1500 530 71 25 make
1581 540 47 22 you
1644 534 72 23 stare!
1730 534 52 24 Mrs

1262 564 32 24 A.
1305 564 49 24 will
1365 566 44 23 not
1418 565 68 25 know
1504 566 53 25 Mrs
1568 567 30 25 B.
1617 568 102 27 because
1738 570 44 25 her

1263 600 110 26 husband
1394 602 71 32 keeps
1477 611 15 17 a
1512 605 68 32 shop.
1615 607 8 32 (
1633 607 25 24 If
1665 607 51 25 Mrs
1726 609 33 28 A,
1763 611 19 22 's

1263 640 62 30 good
1335 648 59 17 man
1416 642 41 24 did
1484 642 59 33 keep
1563 652 15 16 a
1600 653 182 26 greengrocery

1265 687 68 32 shop,
1345 696 27 17 or
1383 691 26 22 at
1420 698 46 17 one
1479 691 59 25 time
1553 695 64 23 went
1629 694 78 24 round
1723 695 60 25 with

1264 733 15 16 a
1291 727 51 23 cart
1352 726 38 25 for
1411 727 42 32 pig
1474 728 59 30 feed,
1557 730 76 25 that's
1655 732 127 32 nothing).

1265 764 52 24 Mrs
1335 766 26 23 C.
1373 769 67 21 must
1450 769 45 22 not
1514 769 61 23 have
1594 771 42 22 the
1649 773 96 22 'entree'
1758 774 25 21 at

1265 801 52 27 Mrs
1326 802 54 26 D.'s
1391 806 115 29 evenings
1522 806 102 26 because
1634 808 45 24 her
1696 809 57 24 tone
1763 809 22 25 is

1265 847 43 23 not
1336 847 145 33 sufficiently
1512 849 61 32 high
1606 850 43 26 she
1693 852 92 26 dresses

1266 884 113 33 dowdity,
1392 887 48 24 and
1455 888 45 24 her
1512 889 112 26 husband
1641 891 21 24 is
1678 900 15 16 a
1719 893 68 30 plain

1266 930 59 17 man
1336 924 103 25 without
1448 926 41 24 the
1497 926 62 26 least
1568 927 35 25 bit
1615 928 26 25 of
1651 929 52 31 'go'
1712 929 75 25 about

1267 961 67 30 him;
1352 964 49 24 and
1427 964 40 26 his
1489 966 146 31 daughters!
1655 969 38 23 Oh
1710 969 76 30 graci-

1267 1001 55 24 ous!
1336 1000 57 34 they
1404 1010 41 17 are
1455 1004 45 24 not
1510 1004 42 26 thy
1568 1004 62 27 least
1651 1006 37 25 bit
1699 1006 86 26 'chic'l

1268 1037 35 35 (If
1312 1038 51 26 Mrs
1375 1040 50 27 C,'s
1435 1049 63 25 papa
1514 1042 41 26 did
1562 1051 47 17 run
1622 1051 14 18 a
1653 1052 58 24 soap
1739 1045 49 25 and

1268 1079 95 26 sardine
1374 1081 92 33 factory
1476 1083 26 24 m
1511 1083 42 25 the
1562 1085 65 32 early
1636 1084 67 33 days,
1712 1085 75 26 that's

1268 1118 91 32 merely
1370 1127 15 16 a
1401 1119 83 26 dream
1510 1122 26 24 of
1561 1122 42 25 the
1629 1124 75 33 past.)
1736 1124 51 24 But

1267 1157 56 32 why
1334 1166 30 23 go
1387 1161 51 22 on?
1455 1161 25 22 If
1494 1169 94 25 anyone
1604 1163 22 24 is
1643 1163 102 25 anxious
1761 1166 26 23 to

1267 1196 72 26 know
1350 1198 42 25 the
1402 1199 79 26 whole
1496 1200 78 33 thing,
1603 1201 49 26 and
1679 1204 40 30 get
1741 1211 46 17 one

1267 1235 107 32 chapter,
1387 1237 34 24 let
1437 1237 53 26 him
1505 1239 59 26 visit
1580 1248 15 17 a
1621 1240 82 32 public
1728 1241 63 31 ball,,

1266 1275 49 25 and
1329 1275 68 26 there
1408 1277 59 26 he'll
1477 1280 41 30 get
1528 1279 29 25 it.

1362 1358 21 26 A
1400 1357 109 28 SHARP
1525 1360 159 27 SWINDLE.

1298 1424 22 25 A
1338 1424 104 34 wealthy
1465 1427 178 32 agency-house
1653 1450 3 3 .
1664 1430 25 24 at
1698 1451 3 4 .
1710 1428 77 26 Ham-

1266 1462 69 33 burg,
1347 1464 85 25 owned
1450 1464 32 33 by
1501 1465 91 26 Messrs
1603 1467 55 23 B
1660 1484 5 12 ,
1679 1474 51 18 was
1741 1475 46 18 one

1266 1503 47 32 day
1323 1503 87 26 visited
1421 1504 31 32 by
1474 1512 15 17 a
1510 1505 141 31 gentleman
1676 1507 27 25 of
1721 1509 65 24 most

1265 1543 149 31 respectable
1425 1552 156 24 appearance,
1592 1546 56 24 who
1655 1547 132 31 proceeded

1266 1582 25 23 to
1302 1582 53 31 give
1368 1589 31 16 an
1411 1582 69 24 order
1490 1582 37 24 for
1549 1590 67 18 some
1636 1583 85 30 cloths,
1742 1583 43 26 but

1265 1621 63 29 who,
1342 1629 31 17 on
1385 1622 105 31 opening
1500 1622 40 26 his
1556 1631 80 23 purse,
1659 1623 76 26 found
1752 1625 32 24 he

1265 1660 50 25 had
1324 1663 45 23 not
1380 1661 121 26 sufficient
1512 1670 88 25 money
1614 1665 26 23 to
1649 1671 49 25 pay
1708 1664 37 25 for
1754 1665 29 25 it.

1298 1700 40 26 He
1350 1702 52 24 said
1415 1702 32 24 he
1469 1703 80 24 would
1567 1705 84 23 return
1669 1704 48 25 and
1738 1712 47 25 pay

1265 1740 42 25 the
1325 1743 102 23 amount
1438 1742 34 31 |m
1484 1742 42 26 the
1536 1750 84 18 course
1632 1743 26 25 of
1667 1751 32 18 an
1713 1743 70 26 hour.

1266 1780 60 26 This
1333 1780 31 26 he
1376 1781 49 29 did,
1437 1780 49 27 and
1495 1790 26 18 as
1532 1783 32 24 he
1575 1791 49 18 was
1634 1783 97 33 leaving
1741 1785 42 25 the

1263 1820 146 30 warehouse,
1422 1822 31 24 he
1462 1823 52 24 said
1524 1824 24 24 to
1557 1823 42 24 Mr
1606 1824 21 24 B
1695 1832 5 16 :
1720 1829 6 10 '
1735 1825 47 32 By-

1255 1861 114 31 ,the-bye,
1383 1862 13 24 I
1408 1862 87 24 should
1516 1863 28 23 be
1565 1863 73 25 much
1659 1863 95 32 obliged
1764 1865 22 24 if

1263 1905 48 24 you
1322 1899 79 24 v/ould
1413 1899 55 25 take
1479 1907 54 17 care
1547 1900 26 24 of
1579 1901 50 25 this
1650 1902 75 24 violin
1746 1903 37 24 for

1263 1945 40 17 me
1312 1945 5 23 ;
1325 1937 22 26 it
1357 1938 22 25 is
1401 1945 14 18 a
1426 1938 112 26 valuable
1550 1940 126 25 Cremona.
1710 1941 14 25 I
1734 1941 49 26 will

1260 1975 53 32 just
1323 1978 45 30 put
1378 1976 20 25 it
1409 1984 32 17 on
1449 1977 42 24 the
1504 1978 40 31 top
1556 1978 26 24 of
1594 1978 42 25 the
1648 1978 73 30 cloth,
1734 1980 49 24 and

1263 2014 47 25 call
1326 2014 37 24 for
1379 2015 68 24 them
1475 2015 59 24 both
1561 2016 50 25 this
1639 2016 142 27 afternoon.'

1263 2053 39 25 Mr
1315 2053 21 25 B
1404 2072 5 6 .
1423 2055 91 31 readily
1525 2055 102 26 acceded
1641 2058 25 23 to
1685 2056 39 26 his
1745 2065 37 18 re-

1262 2096 77 28 quest.
1374 2093 81 24 About
1472 2102 33 15 an
1524 2095 62 24 hour
1608 2096 137 25 afterwards
1763 2100 19 21 to

1260 2133 160 31 magnificent
1430 2134 106 32 carriage
1548 2135 48 24 and
1606 2135 53 32 pair
1674 2136 63 25 drew
1748 2144 32 26 up

1262 2173 93 25 outside
1366 2174 42 24 the
1419 2174 147 25 warehouse.
1601 2175 21 25 A
1632 2177 147 30 gentleman,

1260 2211 115 32 perfectly
1387 2211 97 25 dressed
1506 2213 48 24 and
1574 2213 126 26 decorated
1720 2215 60 25 with

1261 2250 96 24 various
1369 2250 88 29 orders,
1475 2250 114 31 alighted,
1603 2252 55 29 and,
1670 2253 110 24 followed

1260 2286 32 32 by
1303 2286 69 24 three
1383 2287 141 27 attendants
1535 2288 26 24 m
1573 2288 89 32 .livery,
1683 2290 97 25 entered

1262 2326 91 26 Messrs
1380 2326 40 25 B^-
1469 2329 19 23 's
1516 2328 190 26 establishment.
1741 2331 39 24 Mr

1261 2364 49 24 B
1358 2366 98 30 pressed
1469 2365 101 26 forward
1592 2369 25 23 to
1628 2368 90 26 receive
1740 2369 40 25 his

1260 2402 177 32 distinguished
1449 2403 90 30 visitor,
1557 2404 62 30 who,
1640 2406 61 25 after
1719 2406 58 26 hav-

1258 2442 43 32 ing
1328 2443 71 25 made
1427 2444 91 25 several
1545 2446 71 25 small
1637 2446 139 30 purchases,

1258 2479 108 26 chanced
1376 2482 26 23 to
1413 2481 80 25 notice
1505 2481 41 26 the
1566 2482 118 27 Cremona
1694 2483 81 33 violin,

1259 2523 55 31 and,
1328 2523 91 33 having
1430 2524 126 27 examined
1572 2525 28 31 it,
1613 2526 99 28 ordered
1731 2536 45 18 one

1258 2564 26 24 of
1308 2564 39 25 his
1375 2566 139 25 attendants
1549 2568 23 23 to
1600 2568 38 31 try
1668 2568 27 25 it.
1730 2569 46 26 His

1258 2605 97 23 servant
1386 2605 152 33 accordingly
1559 2606 42 25 did
1622 2615 34 23 so,
1680 2608 48 25 and
1749 2610 27 24 m

1257 2641 67 30 reply
1336 2643 25 21 to
1372 2642 43 23 the
1425 2643 104 24 Baron's
1540 2645 112 29 question
1663 2653 26 16 as
1701 2648 25 22 to
1737 2646 39 25 his

1258 2678 98 31 opinion
1368 2680 26 24 of
1406 2679 42 25 the
1461 2681 96 24 violin's
1580 2683 77 29 value,
1679 2683 32 24 he
1734 2692 41 17 an-

1256 2719 112 24 nounced
1402 2722 6 11 '
1416 2719 25 24 If
1448 2728 61 23 youi
1522 2721 136 33 excellency
1672 2724 104 32 brought

1256 2756 20 24 it
1287 2756 37 24 for
1336 2756 69 26 300
1415 2765 61 23 your
1498 2759 136 33 excellency
1648 2761 79 25 would
1749 2763 27 24 be

1256 2793 26 25 m
1294 2794 42 25 the
1347 2795 135 30 possession
1495 2796 26 24 of
1537 2805 46 17 one
1605 2798 27 26 of
1650 2798 43 27 the
1711 2803 65 23 most

1257 2832 87 30 superb
1357 2832 132 28 Cremonas
1505 2834 27 25 m
1549 2835 43 24 the
1613 2838 92 23 world.'
1736 2839 40 24 Mr

1257 2869 21 25 B
1355 2871 127 32 explained
1492 2872 55 27 how
1559 2874 42 26 the
1611 2867 75 34 violin
1707 2885 69 18 came

1257 2910 25 23 to
1298 2907 29 26 be
1347 2909 75 25 there.
1457 2915 6 10 '
1472 2910 67 31 Now,
1552 2912 40 26 Mr
1603 2913 47 25 B
1689 2914 15 32 ,'
1724 2916 52 25 said

1257 2948 42 25 the
1310 2949 91 30 Baron,
1412 2954 6 11 '
1425 2949 21 26 if
1455 2958 47 24 you
1521 2959 47 18 can
1578 2960 83 19 secure
1675 2961 39 19 me,
1725 2954 51 28 this

1256 2986 74 26 violin
1342 2987 36 25 for
1389 2989 66 24 800
1463 2996 47 24 you
1521 2989 51 26 will
1579 2993 44 24 not
1634 2991 62 27 have
1704 3001 71 19 cause

1256 3026 26 22 to
1293 3024 29 24 be
1334 3032 67 23 sorry
1411 3026 37 23 for
1460 3026 28 24 it.
1522 3027 99 26 There's
1642 3037 42 25 my
1702 3038 74 19 nanre

1256 3061 49 24 and
1318 3061 98 25 address
1426 3069 5 22 ;
1444 3064 14 22 I
1468 3064 63 24 shall
1554 3068 83 29 expect
1658 3075 48 24 you
1725 3069 50 28 this

1256 3101 103 32 evening
1390 3102 60 25 with
1478 3102 43 26 the
1551 3105 75 27 violin
1654 3109 48 24 and
1733 3111 42 24 tne

1255 3143 119 23 account.'
1408 3142 40 24 Mr
1458 3144 63 23 B*-
1521 3142 23 23 X-
1556 3147 161 35 sg^e^todo
1735 3132 39 43 hE

1253 3180 62 30 best,
1328 3182 48 24 and
1387 3172 417 48 respec^d^^^^^LjjrjaUi^

1253 3222 51 24 out.
1336 3208 468 59 J^^^^^^^BBJjH

1867 163 73 24 asked
1970 163 37 26 for
2034 164 81 25 Baron
2149 173 47 17 von
2222 165 34 25 Pd

1867 197 74 29 What
1952 210 50 17 was
2013 202 40 25 bis
2065 203 106 31 surprise
2182 206 26 22 to
2217 203 39 26 dm

1865 239 69 24 there
1943 248 49 17 was
1999 248 34 17 no
2043 241 60 24 such
2111 249 87 23 person
2208 243 48 36 staj

1867 276 39 24 He
1921 277 49 25 had
1991 278 58 31 paid
2071 279 67 26 250
2159 279 37 24 for
2216 266 40 37 tiM

1867 317 78 25 worth
1953 318 55 24 five.
2242 317 14 25 1

1881 406 109 31 LATE
2005 407 183 31 ADVERTISMENT

2028 514 200 30 LECTUEE.

1909 606 61 32 The
1985 608 65 31 first
2065 609 34 30 of
2115 612 61 28 two
2192 601 210 56 Lcctu^^H

1867 648 52 30 tlie
2087 651 137 40 Country
2255 642 147 55 an^^^f

1867 690 231 31 manufactories
2142 692 64 30 will
2217 693 36 29 be
2265 681 137 55 d<^^^|

1869 730 37 29 ed
1920 730 41 40 by
1982 731 52 30 the
2058 733 119 40 Rev^J.
2191 722 211 51 Benni^^^l

1867 770 53 30 the
1947 771 37 30 U.
2013 771 41 31 M.
2083 772 36 33 W.

1870 809 125 39 Oxford,
2015 822 53 26 on,
2076 808 197 47 -Wednesday

1869 850 55 40 ing
1942 851 169 42 Nojeaiber
2125 855 81 37 2nd.,
2221 844 181 58 ancH^^M

1870 892 75 29 East
1960 891 120 34 Cfiurch
2102 905 40 20 on
2168 897 112 40 Friday
2307 885 95 55 lfl^|

1870 932 64 30 4th.
1945 935 33 28 to
1992 944 167 23 commence
2173 940 33 27 at
2220 938 77 30 7.45.
2315 924 87 58 Jj^H

1871 973 73 30 each
1966 975 94 38 night;
2086 976 186 32 'Admission
2281 965 121 60 fre^H

1871 1013 158 32 collection
2035 1015 67 31 %ill
2123 1017 38 30 be
2173 1018 89 31 taken
2291 1006 111 58 up^H

1870 1055 49 30 aid
1930 1055 35 30 bf
1982 1055 52 32 the
2060 1057 97 32 Home
2171 1060 58 30 and
2257 1048 145 55 For^flll

1869 1095 127 33 Mission
2010 1097 96 31 Fund.
2166 1104 3 14 ;
2175 1086 202 54 jtoK^S\^'

1869 1189 31 25 U.
1910 1190 35 24 M.
1954 1190 29 24 F.
1994 1185 127 38 CHURCH
2121 1185 132 38 ANNIVERSARY,

1996 1230 97 26 WEST
2113 1230 145 27 OXFOED.

1900 1310 58 26 Two
1970 1311 116 27 Sermons
2100 1313 50 26 will
2170 1313 31 26 be
2221 1313 119 32 preached
2352 1314 47 30 ,in-

1869 1350 41 26 the
1922 1350 74 28 above
2006 1352 103 31 plapeof
2114 1352 125 33 Worships
2246 1361 33 17 on
2288 1352 99 34 Sunday

1869 1389 61 27 Nov.
1943 1391 60 25 20th
2015 1394 10 21 3
2032 1392 54 29 892,
2097 1392 34 36 by.
2140 1392 43 26 the
2190 1394 60 31 Rev,
2263 1394 24 24 J.
2304 1394 81 27 penn-

1869 1430 50 33 ing,
1931 1431 114 33 Morning
2055 1434 26 24 at
2093 1434 38 24 11.
2154 1432 117 33 Evening,
2277 1434 26 24 at
2312 1435 23 25 6.
2346 1435 39 24 30.

1869 1470 53 26 The
1933 1471 97 26 Annual
2041 1473 48 25 Tea
2100 1473 108 32 meeting
2218 1473 50 25 will
2278 1474 31 24 be
2330 1474 57 26 held

1868 1508 27 26 m
1905 1509 42 25 the
1964 1510 61 26 Hall
2046 1518 32 18 on
2097 1511 111 32 Tuesday
2229 1512 74 24 22nd.
2337 1512 50 26 Tea

1869 1554 31 17 on
1912 1547 78 26 tables
2001 1549 26 24 at
2039 1550 48 29 6p.
2110 1555 34 18 m.
2146 1573 11 5 ,,
2171 1548 131 27 ASaor'ed
2324 1546 78 43 Coti-^

1867 1588 51 23 cert
1928 1586 50 26 will
1988 1586 80 27 follow
2077 1587 28 25 m
2116 1588 42 25 the
2170 1586 97 27 Church
2279 1590 26 23 at
2316 1589 86 26 7.458

1866 1632 25 24 p.
1903 1632 33 17 m.
1971 1625 73 25 Chair
2052 1628 25 23 to
2088 1625 31 26 be
2129 1626 74 25 taken
2213 1627 32 31 by
2256 1627 43 25 the
2323 1617 79 36 Minfl

1865 1662 67 26 ister.
1965 1663 143 26 Admission
2119 1665 26 24 to
2157 1663 49 26 Tea
2218 1665 34 24 Is.
2270 1655 132 47 Cfiildr^B

1867 1701 39 25 9d.
1950 1701 35 25 To
2009 1701 88 25 Sacred
2126 1702 103 26 Concert
2250 1700 36 33 6g>
2357 1688 45 38 1M

1870 1785 226 28 CANTERBURY
2121 1776 89 49 LIBERAL
2210 1776 26 49 ASSO-

2053 1827 72 26 CIATION.

1898 1912 52 25 The
1960 1913 123 31 following
2093 1914 22 24 is
2125 1914 43 24 the
2178 1911 108 35 platfcrm
2299 1912 26 25 of
2334 1911 43 26 the

1929 1951 166 27 Association:
2126 1968 8 10 .

1898 1992 23 23 1.
1938 1991 40 24 No
1987 1991 95 25 further
2091 1991 56 26 Sale
2158 1991 26 25 of
2194 1991 79 29 Cpwn
2283 1989 92 26 Lands.
2380 1992 4 14 1

1897 2032 23 23 2.
1938 2030 158 33 Compulsory
2107 2024 268 40 Ee-purc|iase6fFree*

1927 2068 59 25 hold
1994 2068 69 25 Land
2072 2069 110 32 required
2189 2065 31 30 f<
2229 2067 145 28 settlement.

1896 2109 23 24 3.
1938 2104 138 29 Graduated
2119 2108 71 25 Land
2200 2130 1 4 ,
2229 2107 58 31 Tax,
2315 2107 84 28 with^

1928 2149 137 31 exemption
2080 2149 27 24 of
2119 2149 190 31 improvements,
2327 2147 48 26 and

1927 2188 138 25 Graduated
2080 2188 98 25 Income
2190 2181 54 33 tax.

1895 2227 23 24 4.
1936 2226 64 26 That
2010 2226 112 32 Primary
2132 2222 133 30 Education'
2275 2226 30 25 be
2316 2225 58 30 free,

1927 2265 92 25 secular
2030 2267 48 23 and
2088 2260 155 41 compulsory,
2256 2265 48 25 and
2320 2266 55 24 that

1926 2305 34 25 all
1970 2304 109 26 children
2093 2305 55 26 who
2163 2314 53 26 p^s
2230 2304 44 26 ihe
2303 2304 72 27 Sixth

1926 2343 120 26 Standard
2076 2343 28 25 be
2138 2344 98 25 entitled
2267 2345 26 25 to
2324 2344 50 25 free

1927 2381 135 32 Secondary
2072 2382 141 28 Education.
2237 2385 1 2 '
2266 2381 5 6 '
2290 2382 3 2 '
2385 2396 14 16 w

1861 2421 22 24 5.
1933 2419 64 26 That
2008 2420 41 25 the
2058 2420 162 32 qualification
2230 2420 30 25 of
2263 2419 111 27 Electors

1924 2457 37 24 for
2002 2459 84 29 voting
2117 2459 37 23 for
2182 2459 124 24 Members
2348 2458 29 28 of
2392 2467 7 13 t

1922 2497 150 25 Parliament
2088 2497 29 25 be
2144 2488 137 35 residential
2307 2497 80 34 onljf^

1924 2538 84 31 except
2017 2537 24 24 m
2059 2537 43 25 the
2113 2545 54 18 case
2176 2537 27 26 of
2211 2544 98 21 seamen
2324 2537 51 26 and

1922 2575 153 24 commercial
2082 2575 137 26 travellers.'
2234 2581 43 18 .':*
2297 2598 8 2 _
2330 2597 4 4 .
2353 2587 3 13 ;
2367 2587 7 15 ;

1891 2615 23 23 6.
1931 2612 134 28 Extension
2076 2613 27 25 of
2110 2613 73 26 Local
2199 2613 173 29 Governmentj

1861 2650 45 24 and
1917 2650 40 24 the
1969 2651 114 30 adoption
2133 2658 16 18 a
2163 2641 151 40 ralepaye^
2324 2650 49 26 and

1920 2688 180 26 householders'
2117 2690 46 25 roll
2188 2698 37 18 on'
2246 2690 43 25 the
2316 2697 55 18 one*
2398 2699 1 16 i

1919 2729 183 24 man-one-vote
2112 2728 125 32 principle.
2244 2736 6 17 ;
2256 2739 6 12 i
2295 2750 5 3 .

1889 2771 21 25 7.
1929 2768 63 28 That
2009 2770 34 25 all
2069 2770 68 26 adult
2163 2769 118 27 residents
2308 2770 64 26 shall

1919 2808 63 25 have
1987 2809 68 25 votes
2063 2816 32 18 on
2102 2808 132 33 Licensing
2241 2808 131 33 question!?,
2380 2820 8 11 f

1889 2854 52 26 The
1957 2855 171 26 Association's
2146 2855 71 26 Mode
2233 2855 27 28 of
2274 2855 99 33 Operat*

1861 2895 50 26 ions
1922 2892 49 29 will
2085 2894 42 27 the
2137 2892 101 36 holdui^
2248 2892 27 29 8f
2283 2893 3 19 !
2288 2895 104 37 Pablio^

1861 2933 124 36 Meetings,
2018 2935 182 26 dissemmation
2225 2936 26 25 df
2271 2929 128 47 'Lli|j^Hjj

1861 2968 139 36 LiteratM'e,
2013 2975 48 25 and
2072 2975 69 26 other
2156 2975 80 39 actiye'
2244 2965 155 50 efforts^^f

1861 3013 70 25 far.as
1947 3009 80 28 funds'
2030 3013 49 25 will
2234 3004 165 43 _^^^^^B

1889 3060 51 25 The
1961 3059 438 42 imperative^gl^B^^^^^^l

1861 3088 538 51 Associa^misiA^^^^^^^^^^^^|

465 11 163 31 OXFORD
670 12 89 32 AND
800 16 107 32 OUST
950 18 221 33 OBSERVER
1214 21 230 42 SATURDAY,
1488 27 190 34 OCTOBER
1703 33 47 34 29,
1774 34 86 32 1892.
