2529 3989
74 269 2408 31 THE

74 300 380 50 NEW
581 300 887 50 ZEALAND
1595 300 887 50 GAZETTE

74 350 2408 49 AND

74 399 964 49 WELLINGTON
1134 399 289 49 AND
1519 399 963 49 SPECTATOR.

69 528 64 31 No.
160 529 67 38 65.]

2308 549 99 40 [Vol.
2430 552 38 31 II

637 529 132 32 PORT
792 531 286 41 NICHOLSON,
1099 533 261 33 SATURDAY
1381 535 238 42 MORNING,
1642 541 124 32 JULY
1791 547 50 32 10,
1866 547 90 29 1841.

804 625 99 21 Notice
918 627 30 19 to
963 625 176 28 Consignees.

677 656 164 35 pUPTAIN
856 657 101 23 HOBBS
969 658 56 26 begs
1034 659 113 22 toinform
1157 659 38 23 the
1203 660 58 22 Con-

677 681 42 24 \y
748 684 87 26 signees
851 684 27 22 of
888 684 39 23 the
943 684 76 23 Goods
1035 685 45 22 still
1094 686 125 28 remaining
1228 685 32 27 ©h

674 709 71 23 board
753 710 35 23 his
798 710 80 27 vessel,
889 711 49 22 that
946 711 28 22 he
983 712 21 22 is
1010 712 85 27 greatly
1103 712 157 23 incommoded

675 736 24 22 in
713 737 88 28 getting
816 737 38 22 the
863 739 115 20 Katherine
995 740 91 21 Stewart
1101 740 77 21 Forbu
1190 738 69 29 ready

675 762 36 23 for
719 771 45 20 sea,
772 764 33 28 by
812 763 59 24 their
878 768 40 19 not
926 765 69 27 being
1004 766 73 22 taken,
1080 773 63 21 away
1150 775 7 19 ;
1172 766 52 28 and,
1233 773 26 15 as

675 790 113 22 sufficient
802 791 59 22 time'
871 791 42 23 has
926 792 58 22 been
1000 792 94 23 allowed
1107 793 34 22 for
1155 793 59 22 their
1225 799 34 16 re-

675 816 82 28 moval,
767 816 30 23 he
805 818 19 21 is
834 818 124 28 compelled
967 821 23 20 to
1001 826 128 15 commence
1138 819 121 27 ballasting

673 842 37 23 his
718 843 56 28 ship,
786 844 94 23 without
896 845 80 27 regard
990 848 24 19 to
1023 846 38 21 the
1071 846 104 27 damages
1183 846 73 22 which

674 876 53 20 may
733 870 93 28 thereby
831 878 70 16 ensue
908 875 24 19 to
939 872 37 22 the
984 872 71 28 goods
1064 872 23 22 in
1097 879 160 19 consequence.

701 896 56 28 July
765 898 21 26 8,
797 899 62 20 1841.

675 940 90 48 OIL.
765 952 28 5 —
793 941 49 22 The
861 942 124 22 subscriber
999 942 20 22 is
1037 942 106 28 prepared
1159 946 24 19 to
1205 949 53 22 pur-

753 967 65 22 chase
838 975 26 14 or
882 968 66 22 make
965 968 79 22 liberal
1066 969 110 23 advances
1197 976 61 21 upon

674 992 38 22 Oil
721 994 123 27 consigned
852 997 24 19 to
885 994 35 22 his
930 995 95 22 London
1040 996 190 27 correspondents.

1039 1022 29 22 A.
1083 1022 75 28 Hort,
1175 1023 54 23 Jun.

699 1045 146 29 Wellington,
856 1047 55 28 July
919 1049 20 25 9,
951 1049 61 21 1841.

673 1089 91 49 OIL.
764 1101 28 4 —
792 1090 49 22 The
863 1091 151 28 undersigned
1037 1092 44 22 will
1101 1093 110 26 purchase
1233 1101 26 15 or

750 1117 66 22 make
825 1117 79 23 liberal
914 1117 111 23 advances
1041 1126 29 14 on
1087 1119 30 23 oil
1135 1121 123 27 consigned

674 1146 23 19 to
707 1143 58 23 their
774 1144 184 27 correspondents
967 1145 24 22 in
1002 1145 103 23 London.

999 1172 82 23 Waitt
1092 1173 45 22 and
1145 1173 85 23 Tyseb.

702 1196 146 28 Wellington,
858 1197 56 28 July
921 1199 21 26 2,
954 1199 60 22 1841.

699 1248 109 21 Bowler
821 1249 56 21 and
891 1249 109 21 Smith's
1014 1250 85 26 Store,
1114 1251 36 21 Te
1165 1252 65 21 Aro.

674 1281 91 48 THE
780 1282 114 28 following
908 1283 76 28 goods,
1003 1290 30 15 ex
1045 1285 38 20 Sir
1090 1286 56 21 John
1159 1286 97 27 FaUtaff,

747 1309 36 21 for
791 1309 46 22 sale
845 1317 6 13 :
852 1320 30 4 —

727 1342 114 28 Blankets,
852 1343 87 22 various
950 1343 63 28 sizes,

730 1368 108 29 Blacking
847 1370 45 22 and
901 1370 99 27 brushes,

728 1396 101 27 Buttons,

727 1422 101 28 Bellows,

727 1449 71 21 Black
806 1450 52 22 lead
866 1450 23 21 in
899 1457 86 21 papers,

727 1475 96 28 Clothes,

728 1502 79 22 Clocks
818 1502 104 28 (Dutch),

727 1529 188 28 Crockery-ware,

727 1556 87 27 Copper
821 1556 76 27 bowls,

726 1582 57 28 Caps
793 1582 157 29 (percussion),

725 1608 97 28 Cutlery,

725 1636 76 26 Corks,

725 1662 137 28 Carpetting,

724 1689 120 27 Druggets,

724 1716 49 21 Eau
783 1716 27 22 de
819 1716 106 28 Cologne,

724 1742 104 28 Floating
837 1742 74 28 wicks,

725 1769 155 28 Grindstones,

725 1796 52 22 Gun
787 1796 69 28 flints,

724 1822 65 28 Hats,

724 1849 61 27 Iron,

724 1875 106 28 Lucifers,

723 1902 135 29 Lanthorns,

722 1929 103 27 Leather,

722 1956 69 27 Mills,

722 1982 71 30 Nails,

722 2006 96 21 Needles
828 2008 46 19 and
883 2007 56 25 pins,
946 2016 7 2 -
962 2012 34 3 —

721 2032 69 21 Pease
801 2031 79 28 (split),

722 2058 78 22 Porter
808 2058 23 21 in
841 2058 81 22 bottles
932 2058 45 22 and
986 2057 131 28 hogsheads,

721 2085 72 27 Pipes,

722 2111 188 27 Paper-hanging,

722 2138 66 27 Pails,

722 2165 70 27 Slops,

722 2191 193 28 Ship-chandlery,

722 2218 69 28 Snuft,

722 2245 134 27 Stationery,

722 2272 76 27 String
807 2272 46 22 and
862 2271 74 28 twine,

722 2299 66 27 Soap,

723 2325 63 27 Shot,

722 2352 110 27 Tobacco,

722 2379 97 22 Wheels.

694 2412 23 22 A
730 2413 103 28 quantity
843 2413 27 21 of
877 2412 94 22 London
982 2412 47 21 and
1044 2411 125 23 Provincial
1183 2419 61 14 newj-

665 2446 88 21 papers,
763 2442 23 19 to
795 2440 28 21 be
833 2439 51 23 sold
897 2446 25 14 as
938 2441 67 19 waste
1020 2445 76 21 paper,
1106 2438 35 22 for
1157 2438 86 28 packing

666 2466 47 22 and
722 2468 64 20 other
794 2473 114 20 purposes.

692 2499 58 22 Also
766 2507 29 14 an
812 2501 134 20 assortment
960 2498 27 22 of
998 2498 147 28 gentlemen's
1159 2506 83 14 seconc-

666 2526 63 22 hand
744 2526 107 27 clothing,
868 2526 26 21 of
906 2525 99 28 superior
1017 2525 66 22 make
1098 2525 45 21 and
1159 2525 83 28 quality

666 2553 88 26 worthy
762 2553 38 21 the
810 2553 110 21 attention
930 2552 26 21 of
962 2551 127 22 mechanics
1099 2551 44 22 and
1153 2551 80 22 others.

828 2593 87 20 Boots
931 2593 53 20 and
999 2592 91 20 Shoes.

667 2626 74 49 AN
751 2626 115 22 extensive
876 2628 134 19 assortment
1019 2625 26 21 of
1051 2625 99 28 superior
1157 2625 84 23 Londoi

745 2653 66 21 made
824 2653 65 21 boots
898 2652 45 22 and
959 2652 65 22 shoes
1040 2652 26 21 of
1080 2659 66 20 every
1156 2652 84 28 descrip

667 2680 55 27 tion,
737 2679 94 22 suitable
840 2680 35 21 for
884 2679 38 21 the
937 2682 92 23 present
1037 2686 85 19 season,
1134 2686 30 14 on
1174 2679 45 22 sale
1230 2687 10 14 a

667 2707 99 22 Bowler
776 2706 46 22 and
831 2706 95 22 Smith's
937 2706 81 26 Stores,
1030 2706 31 21 Te
1071 2706 54 21 Aro.

754 2752 39 20 To
809 2752 73 20 Boot
894 2751 56 21 and
964 2751 69 20 Shoe
1046 2750 119 21 Makers.

667 2786 52 47 A
746 2784 162 25 QUANTITY
932 2784 26 21 of
975 2784 73 21 men's
1075 2783 45 22 and
1147 2790 92 16 women?

746 2811 94 27 English
849 2811 50 22 butt
907 2813 88 25 pattern
1004 2810 64 26 soles,
1077 2810 43 21 and
1129 2810 64 22 other
1200 2811 38 22 she

668 2838 118 26 materials,
807 2845 28 14 on
855 2837 46 22 sale
924 2840 24 19 at
969 2837 99 22 Bowler
1091 2836 45 23 and
1158 2838 80 22 Smiths

668 2866 82 26 Stores,
760 2864 33 22 Te
802 2864 56 22 Aro.

694 2898 57 22 Also
767 2905 14 14 a
799 2900 34 19 set
851 2897 27 22 of
891 2896 56 28 shop
964 2896 128 28 boot-trees,
1113 2897 26 21 of
1153 2897 85 28 superic

669 2923 171 28 workmanship,
851 2923 35 22 for
894 2923 54 22 sale.

722 2968 74 23 OPES
807 2968 45 23 and
865 2968 73 22 SHIP
952 2967 193 23 CHANDLERY
1154 2968 36 22 for
1199 2968 38 26 sal«

748 2999 23 18 at
790 2995 88 22 Bowler
891 2994 46 23 and
951 2994 91 23 Smith's
1058 2995 80 27 Stores,
1148 2995 33 22 Te
1196 2996 40 24 Ar<

668 3022 123 28 consisting
800 3022 35 22 of:
836 3033 29 4 —

722 3056 75 28 Ropes
807 3055 24 23 of
839 3055 31 23 all
879 3056 63 27 sizes,

724 3083 105 27 Canvass,

722 3109 78 23 Paints
809 3109 46 23 and
864 3109 48 26 oils.

722 3136 135 22 House-line
866 3135 47 24 and
921 3134 113 29 mar-line,

722 3163 96 26 Oakum,

723 3191 136 31 Spun-yarn,

722 3212 89 26 Thread
819 3216 89 27 ratling,

722 3243 106 26 Seaming
837 3243 47 22 and
891 3242 87 29 roping,

721 3270 130 22 Stockholm
861 3273 40 24 tar,

722 3297 89 27 Blocks,
822 3296 31 23 all
862 3297 63 21 sizes.

694 3330 56 23 Also
767 3337 60 15 some
842 3330 113 23 excellent
967 3332 59 20 tents
1035 3328 36 24 for
1078 3337 93 21 persons
1183 3330 49 28 goix

666 3358 49 21 into
724 3357 38 22 the
770 3357 65 22 bush.

683 3403 18 20 A
718 3402 148 22 NDERSON
891 3401 46 22 and
956 3401 118 22 ROWAN
1095 3401 44 25 beg
1164 3404 24 18 to
1211 3408 21 15 ai

666 3433 52 18 jLJL
744 3436 89 14 nounce
850 3431 24 19 to
889 3428 59 22 their
962 3428 85 21 friends
1062 3428 46 21 and
1115 3427 37 22 the
1167 3428 62 27 publi

666 3455 49 23 that
722 3455 54 28 they
784 3455 45 22 will
838 3462 58 20 open
906 3454 58 23 their
979 3454 58 22 New
1045 3454 80 27 Stores,
1134 3454 71 28 lately
1214 3462 17 14 oi

666 3482 80 28 cupied
755 3482 31 27 by
795 3482 45 22 Mr.
856 3482 116 27 Harrison,
983 3488 31 15 on
1024 3480 107 28 Monday,
1145 3480 38 22 the
1198 3482 32 21 121

664 3509 93 27 instant,
767 3509 54 21 with
830 3516 14 14 a
858 3508 62 27 large
931 3510 133 20 assortment
1077 3508 26 21 of
1113 3506 60 23 fresh
1181 3515 49 19 j»oo<

665 3536 46 22 and
719 3535 132 28 provisions,
861 3538 38 19 too
908 3542 122 15 numerous
1036 3537 23 19 to
1068 3534 160 28 particulanze.

827 3581 87 21 Boots
929 3581 53 20 and
996 3579 92 21 Shoes.

673 3614 86 22 TUST
772 3614 167 28 RECEIVED,
951 3621 27 15 ex
986 3615 140 25 Harrington,
1138 3619 43 16 one
1188 3609 41 38 lar^

664 3646 26 17 V
730 3649 50 15 case
796 3642 26 21 of
833 3641 73 21 men's
915 3643 77 25 strong
1002 3640 93 28 English
1111 3639 65 23 made
1186 3639 42 22 boo

664 3668 47 22 and
726 3668 71 28 shoes,
809 3668 120 22 children's
939 3668 55 21 ditto
1004 3667 63 27 ditto,
1078 3666 72 23 which
1160 3665 46 23 will
1221 3666 7 27 \

664 3694 51 22 sold
732 3694 161 28 uncommonly
913 3694 68 27 cheap
983 3710 6 15 ?
1009 3696 24 20 to
1051 3693 65 23 make
1134 3699 64 15 room
1215 3692 13 33 fj

664 3721 66 22 other
744 3721 70 27 goods
831 3720 109 29 expected
953 3720 66 28 daily,
1038 3727 28 15 ex
1084 3720 105 26 Clydeside
1202 3727 26 14 a»

663 3749 109 25 Lapwing.

937 3773 126 22 Anderson
1073 3772 44 23 and
1126 3772 95 23 Rowan.

691 3807 190 27 Lambton-quay,
891 3806 55 27 July
955 3809 19 24 9,
986 3807 61 21 1841.

664 3850 89 47 FOR
770 3850 86 25 SALE,
877 3857 12 14 a
907 3850 64 21 small
988 3850 103 26 quantity
1107 3850 26 20 of
1149 3850 77 26 superi<

737 3876 77 21 SEED
828 3876 124 22 WHEAT.
979 3876 78 28 Apply
1072 3880 22 17 to
1111 3875 44 23 Mr.
1171 3876 51 22 Jam

664 3902 69 27 Watt,
741 3903 145 26 Wellington.

58 622 66 21 Port
129 621 153 22 Nicholson
287 621 181 22 Association
476 621 44 21 for
526 622 46 21 the
583 627 63 21 pur-

176 649 81 20 chase
268 648 31 21 of
311 649 122 25 Country
442 649 85 21 Land.

57 681 54 49 IN
119 680 80 28 highly
207 680 95 28 peopled
311 681 119 27 countries,
441 681 39 22 the
494 681 151 23 introduction

101 708 27 21 of
139 708 101 27 Savings'
250 708 77 21 Banks
342 708 41 21 has
397 708 59 21 been
471 708 107 21 attended
591 708 55 22 with

57 735 39 21 the
104 734 105 28 happiest
216 735 88 21 results.
332 735 49 21 The
391 735 98 21 creation
501 735 26 21 of
537 742 30 14 an
577 735 68 22 Insti-

57 761 73 22 tution
140 761 27 21 of
177 761 38 22 the
225 761 57 22 kind
290 761 25 22 in
330 761 56 22 Port
400 761 123 22 Nicholson
538 769 46 14 was
593 769 52 20 sug-

55 788 80 27 gested
147 787 131 28 frequently
283 796 6 19 ;
306 788 41 21 but
362 788 74 27 owing
452 790 22 19 to
487 788 38 21 the
535 788 112 28 Manager

57 815 27 21 of
94 814 38 22 the
141 814 77 22 Union
228 814 66 22 Bank
302 818 42 18 not
351 815 70 27 being
429 815 131 22 authorized
569 818 23 19 to
600 822 45 21 pay

55 841 94 23 interest
155 848 62 20 upon
227 841 86 27 deposit
322 845 114 23 accounts,
443 842 20 21 it
468 849 45 14 was
519 842 126 27 impossible

55 871 25 18 to
89 867 51 28 give
149 867 19 22 it
176 868 96 28 vitality.
299 868 49 21 The
358 868 87 27 surplus
454 868 104 28 earnings
570 868 27 22 of
606 869 39 22 the

54 894 120 22 industrial
182 895 82 21 classes
273 895 17 21 it
304 902 45 14 was
365 895 56 21 then
435 895 78 22 feared
527 895 74 22 would
616 896 29 22 be

54 920 142 28 squandered
205 921 24 22 in
244 928 69 15 worse
329 921 55 22 than
393 921 83 22 useless
492 922 78 21 modes
570 933 27 4 —
597 922 24 22 in
631 930 15 14 a

54 954 96 15 manner
164 947 81 28 purely
259 947 151 22 mischievous
433 950 23 18 to
474 947 57 22 their
546 948 50 23 best
609 949 36 22 in-

54 977 69 19 terest
130 982 7 19 ;
156 973 26 22 in
197 973 142 27 debauchery
348 973 60 22 alike
423 973 109 28 injurious
548 978 24 18 to
586 975 59 22 their

54 999 102 29 physical
169 1000 45 22 and
231 1000 69 22 social
315 1003 64 19 state.
415 1000 153 28 Fortunately,
582 1008 61 15 some

54 1027 74 22 useful
149 1027 127 21 individual
304 1026 94 27 pointed
424 1029 39 19 out
492 1027 38 22 the
554 1028 89 22 various

55 1061 89 14 sources
160 1054 28 21 of
196 1053 60 28 good
272 1053 74 22 which
361 1052 75 23 would
451 1053 78 22 attend
543 1053 38 22 the
597 1055 46 21 for-

54 1081 85 21 mation
155 1080 27 22 of
198 1080 38 22 the
252 1079 139 28 Wellington
409 1079 65 23 Land
492 1081 149 22 Association.

55 1107 23 22 It
85 1107 41 22 has
134 1107 60 21 been
203 1106 73 22 called
284 1107 49 21 into
344 1107 113 21 existence
464 1114 6 20 ;
483 1107 46 22 and
537 1107 66 22 while
613 1115 29 14 an

55 1133 131 23 Institution
203 1134 26 21 of
240 1133 38 22 the
294 1133 56 22 kind
363 1136 101 24 presents
480 1141 70 20 many
558 1134 85 22 advan-

54 1164 62 24 tages
125 1162 41 20 not
175 1163 25 19 to
207 1160 29 22 be
252 1159 91 23 derived
356 1160 61 21 from
431 1167 14 15 a
459 1160 99 27 Savings'
570 1161 72 28 Bank,

53 1194 31 15 no
101 1194 52 15 man
169 1194 42 15 can
226 1194 40 20 say
276 1187 18 21 it
309 1186 46 22 will
369 1187 30 21 be
409 1186 128 28 productive
555 1187 26 22 of
591 1188 51 21 evil.

54 1214 23 22 It
85 1214 19 22 is
115 1220 28 15 an
153 1213 19 23 is
189 1221 29 15 an
234 1213 131 22 Institution
379 1213 59 22 from
450 1213 73 22 which
535 1214 108 23 unmixed

54 1240 59 27 good
122 1243 61 19 must
191 1240 58 22 flow.
278 1240 75 27 Every
361 1239 60 28 good
434 1247 52 15 man
497 1243 59 19 must
570 1241 74 22 there-

54 1268 47 21 fore
117 1270 41 18 not
174 1266 54 28 only
236 1267 83 26 rejoice
335 1269 24 19 at
372 1266 37 22 his
424 1267 113 21 existence
544 1275 6 18 ;
563 1267 42 22 but
620 1271 25 18 at

54 1293 38 23 the
101 1293 61 28 large
174 1293 64 22 share
249 1293 27 22 of
285 1293 125 28 prosperity
420 1293 74 22 which
502 1293 41 23 has
555 1295 89 22 attend-

56 1321 27 21 ed
92 1320 30 22 its
132 1320 176 22 establishment.

79 1354 48 21 The
137 1354 140 26 Wellington
286 1353 66 22 Land
365 1354 143 21 Association
523 1361 61 15 more
593 1362 51 24 par-

52 1380 104 28 ticularly
165 1383 71 19 meets
246 1380 37 22 the
292 1383 63 19 want
370 1380 27 21 of
409 1388 12 14 a
430 1384 60 18 town
504 1381 138 27 population.

54 1408 22 21 It
85 1407 81 22 affords
175 1407 38 22 the
223 1414 80 15 means
315 1407 27 21 of
353 1406 116 28 obtaining
484 1415 14 14 a
513 1408 130 22 homestead

54 1441 29 14 on
94 1433 114 22 moderate
217 1434 47 21 and
273 1441 53 19 easy
335 1436 70 19 terms
411 1441 5 19 ;
431 1434 46 21 and
494 1434 26 21 of
529 1434 114 30 investing

298 1472 29 4 —
328 1460 37 22 the
388 1460 157 23 accumulated
561 1462 81 26 capital
649 1462 2 21 !

53 1488 27 21 of
89 1487 38 22 the
137 1487 101 27 working
248 1487 64 22 class.
341 1486 73 22 There
424 1487 19 22 is
452 1487 95 22 another
555 1488 85 22 section

54 1514 26 22 of
90 1514 37 21 the
143 1514 102 27 working
254 1513 57 22 class
326 1513 76 22 whose
418 1517 70 19 wants
500 1515 86 21 remain
598 1522 43 15 un-

52 1540 105 22 satisfied.
187 1540 23 22 It
218 1540 19 22 is
247 1540 49 21 that
304 1540 89 28 portion
411 1540 25 22 of
447 1540 38 22 the
501 1541 56 22 class
567 1541 74 22 whose

51 1567 98 28 pursuits
158 1575 38 14 are
207 1566 125 23 connected
347 1566 54 22 with
411 1575 13 14 a
433 1567 61 22 rural
502 1567 46 22 life.
578 1568 61 22 With

52 1594 38 21 the
99 1594 57 21 view
165 1594 27 21 of
203 1593 117 27 satisfying
329 1593 48 22 that
391 1593 105 27 demand,
505 1594 18 22 it
532 1594 41 22 has
582 1594 57 23 been

52 1620 139 22 determined
207 1624 23 18 to
246 1620 58 22 form
320 1628 14 14 a
349 1620 67 22 Land
428 1620 142 23 Association
586 1622 54 22 with

53 1647 37 22 the
100 1647 48 22 title
158 1650 24 19 at
191 1646 37 23 the
237 1646 59 23 head
305 1647 26 22 of
341 1646 44 23 this
395 1655 76 20 paper.

78 1680 47 22 The
137 1681 100 26 Country
247 1680 65 22 Land
324 1680 142 22 Association
475 1681 45 22 will
529 1681 109 26 purchase

52 1707 102 26 sections,
165 1714 26 15 or
200 1707 87 22 choices
297 1707 35 21 for
341 1707 97 22 sections
448 1707 27 22 of
487 1707 61 28 land,
566 1708 73 22 which

52 1733 64 23 when
125 1734 99 22 selected
233 1734 46 21 will
283 1734 29 22 be
322 1733 143 23 sub-divided
475 1734 48 22 into
529 1735 108 27 portions,

52 1761 45 21 and
105 1760 109 22 ballotted
224 1761 35 21 for
268 1761 23 21 in
306 1761 137 21 accordance
459 1760 54 22 with
528 1761 38 22 the
579 1761 59 23 rules

51 1787 26 21 of
83 1787 37 22 the
134 1787 149 22 Association.
312 1787 48 22 The
369 1791 119 24 payments
496 1795 36 14 are
541 1788 92 27 weekly,

51 1814 44 22 and
105 1813 24 23 of
141 1822 29 14 an
181 1817 95 19 amount
283 1813 74 23 which
367 1821 68 20 every
445 1822 53 14 man
511 1814 41 22 has
566 1815 24 21 in
603 1815 35 22 his

50 1848 74 20 power
134 1844 23 18 to
164 1841 134 22 contribute.

77 1874 47 22 The
131 1869 127 32 advantage
273 1874 26 21 of
308 1873 120 28 becoming
437 1881 14 14 a
459 1874 141 23 landowner
614 1878 24 19 at

52 1900 43 22 this
117 1900 62 27 early
202 1904 61 23 stage
277 1900 26 22 of
320 1908 42 14 our
373 1900 102 23 Colonial
490 1901 113 22 existence
619 1902 19 21 is

50 1930 70 24 great.
158 1929 23 20 A
196 1928 101 26 Savings'
314 1926 67 23 Bank
398 1935 42 14 can
455 1928 54 27 only
525 1928 70 22 afford
614 1931 23 19 to

38 1960 7 4 '
50 1961 44 21 pay
101 1954 37 22 the
145 1958 92 18 current
247 1958 46 17 rate
304 1954 26 21 of
333 1954 93 21 interest
426 1965 28 4 —
454 1954 44 22 less
508 1954 37 22 the
555 1954 83 22 deduc-

50 1980 47 22 tion
108 1988 119 19 necessary
233 1984 23 17 to
259 1988 45 19 pay
313 1980 36 22 for
356 1980 38 21 the
399 1984 158 23 management
570 1982 26 21 of
607 1988 28 16 an

50 2006 130 22 Institution
198 2007 28 20 of
236 2006 38 20 the
282 2006 64 20 kind.
374 2006 24 19 It
407 2006 111 20 therefore
531 2006 54 25 only
594 2011 41 15 can

50 2032 59 27 yield
119 2040 13 14 a
140 2035 77 18 return
228 2034 23 19 to
268 2030 156 23 accumulated
437 2031 90 27 savings
541 2031 93 22 inferior

50 2062 23 18 to
83 2058 38 22 the
130 2058 107 27 ordinary
256 2061 48 18 rate
320 2057 26 22 of
362 2057 94 22 interest
468 2058 28 21 of
511 2058 39 21 the
565 2058 70 27 place.

48 2085 61 27 This,
119 2086 24 21 in
154 2085 146 27 Wellington,
311 2084 75 22 would
402 2084 27 21 be
447 2085 128 26 something
592 2085 44 21 less

50 2112 54 22 than
115 2116 36 18 ten
157 2119 41 19 per
206 2114 67 24 cent.;
284 2111 99 27 possibly
389 2111 68 22 about
461 2111 61 27 eight
530 2118 40 20 per
577 2114 58 19 cent,

49 2146 40 20 per
102 2146 93 15 annum.
233 2138 101 27 Country
351 2137 73 28 lands,
439 2137 124 33 purchased
578 2145 56 19 now,

50 2165 72 22 would
131 2166 28 21 be
169 2165 72 22 found
250 2167 23 19 to
290 2164 68 28 yield,
376 2165 22 20 if
416 2165 48 21 sold
477 2172 13 14 a
505 2165 43 21 few
563 2165 72 26 years'

48 2192 79 26 hence,
141 2200 14 14 a
163 2192 35 22 far
207 2192 73 26 larger
289 2194 94 19 amount
400 2191 54 22 than
473 2191 42 22 this
522 2199 5 19 ;
544 2191 45 21 and
597 2191 38 21 the

49 2219 132 27 superiority
199 2218 26 22 of
245 2218 38 21 the
301 2218 139 21 investment
457 2218 80 21 admits
556 2218 27 21 of
606 2224 30 15 no

49 2246 147 27 comparison.
226 2245 36 22 No
277 2245 114 27 bankrupt
403 2245 72 26 Bank,
493 2252 41 13 nor
551 2250 85 15 merce-

47 2279 55 21 nary
113 2272 126 27 Treasurer,
247 2279 41 14 can
299 2271 90 28 destroy
396 2278 14 15 a
420 2271 102 28 properly
527 2271 108 28 prepared

47 2299 48 22 title
104 2299 64 22 deed.

75 2333 45 22 But
137 2333 64 21 there
216 2333 20 21 is
254 2335 40 25 yet
310 2339 14 15 a
339 2332 82 27 higher
438 2332 124 27 advantage
581 2331 54 22 than

48 2359 84 28 merely
141 2359 111 27 affording
266 2366 14 14 a
292 2358 61 28 good
364 2358 47 22 and
426 2366 77 14 secure
518 2365 77 15 means
612 2359 27 21 of

48 2387 144 22 investment.
221 2386 24 22 It
252 2389 47 18 nof
309 2385 53 27 only
379 2385 82 22 affords
475 2386 38 21 the
525 2388 111 24 strongest

49 2414 156 21 inducements
214 2416 23 18 to
247 2413 29 21 be
284 2412 99 27 prudent
396 2412 46 22 and
458 2412 52 22 wise
518 2420 5 19 ;
537 2412 42 21 but
590 2412 19 21 it
616 2412 19 21 is

50 2440 37 22 the
102 2447 86 19 means,
207 2446 54 14 over
279 2439 30 21 all
324 2439 81 26 others,
422 2439 26 21 of
465 2438 116 29 attaching
596 2438 39 22 the

48 2467 60 22 rural
118 2466 129 28 population
264 2469 23 18 to
306 2465 38 22 the
361 2466 135 22 settlement.
530 2466 23 21 It
569 2464 66 23 holds

50 2497 39 19 out
97 2497 23 18 to
136 2494 62 21 them
214 2500 15 14 a
243 2493 85 21 certain
343 2495 104 24 prospect
461 2492 26 22 of
501 2492 104 27 securing
620 2499 14 14 a

48 2520 68 22 home
123 2519 106 23 attached
237 2523 24 18 to
271 2526 12 14 a
292 2518 110 28 freehold,
412 2519 73 22 which
491 2526 30 14 no
530 2525 54 15 man
594 2525 41 15 can

50 2547 92 27 dispute.
172 2546 55 22 And
242 2546 66 21 while
322 2546 19 22 it
355 2546 53 22 does
422 2546 51 26 this,
483 2546 19 21 it
515 2552 89 15 secures
613 2548 23 19 to

49 2573 38 23 the
103 2573 86 28 Colony
206 2573 39 21 the
261 2572 66 22 olden
344 2573 63 27 pride
422 2573 26 21 of
464 2572 105 28 England
569 2583 27 4 —
597 2572 38 22 the

50 2600 100 27 strength
171 2600 27 22 of
214 2606 46 21 any
276 2600 54 21 land
330 2610 28 5 —
359 2606 30 15 an
409 2599 153 28 independent
583 2606 54 20 yeo-

48 2634 87 20 manry.

74 2686 48 22 The
130 2686 61 22 rules
201 2686 44 22 and
254 2686 138 27 regulations
400 2686 43 21 will
452 2686 30 21 be
490 2685 25 22 in
525 2693 78 14 course
614 2685 26 22 of

48 2713 148 25 distribution,
206 2713 25 21 in
248 2720 14 14 a
276 2714 41 20 few
334 2713 55 27 days
395 2721 7 19 ;
423 2713 45 21 and
483 2720 67 20 every
566 2713 71 21 infor-

48 2740 84 21 mation
151 2739 45 22 will
212 2740 30 21 be
262 2740 74 27 given,
362 2747 29 14 on
410 2739 134 28 application
561 2742 23 19 to
598 2739 38 22 the

48 2767 102 22 Trustees
150 2777 29 5 —
181 2767 99 26 (Messrs.
290 2766 63 21 John
360 2766 79 27 Wade,
450 2766 187 28 D.Macquarrie,

47 2793 45 22 and
106 2793 35 22 W.
157 2793 31 22 A.
208 2793 103 27 Cooper,)
334 2800 26 14 or
369 2796 23 18 to

240 2826 104 22 Francis
352 2826 27 22 T.
389 2825 86 29 Yates,
486 2826 62 21 Hon.
559 2826 49 21 Sec.

73 2860 147 27 Wellington,
231 2859 54 28 July
295 2860 21 27 7,
327 2860 61 21 1841.

133 2912 124 25 Country
271 2911 77 21 Land
362 2910 188 22 Association.

50 2944 144 49 OFFERS
215 2944 37 22 for
269 2944 38 21 the
327 2943 97 28 disposal
442 2943 26 22 of
487 2942 101 22 Sections
612 2942 26 22 of

125 2970 149 23 COUNTRY
288 2970 96 27 LAND,
400 2970 90 26 already
506 2968 90 28 chosen,
612 2976 25 15 or

48 2997 130 22 unselected
198 2997 56 22 land
275 2997 83 27 orders,
372 3004 38 15 are
424 2996 71 28 ready
509 2999 23 18 to
554 2996 29 21 be
602 3002 35 15 re-

50 3024 82 26 ceived,
142 3024 123 23 addressed
328 3023 37 23 the
380 3024 105 21 Trustees
499 3022 26 22 of
535 3022 39 22 the
584 3022 54 22 Port

50 3050 122 23 Nicholson
196 3051 142 22 Association
362 3050 36 22 for
423 3050 37 21 the
483 3049 108 27 purchase
615 3048 27 23 of

50 3077 98 27 Country
277 3081 23 18 at
317 3077 39 23 the
378 3078 75 21 Stores
468 3078 28 20 of
512 3076 45 22 Mr.
576 3075 60 23 John

52 3103 76 29 Wade,
137 3104 146 28 Wellington.

304 3130 26 23 F.
344 3130 26 23 T.
386 3130 87 28 Yates,
485 3130 64 22 Hon.
560 3130 49 22 Sec.

73 3164 144 29 Wellington,
229 3166 54 27 July
293 3167 35 26 10,
337 3167 63 21 1841.

49 3208 92 49 WE,
153 3210 38 22 the
207 3210 157 27 undersigned,
375 3210 46 27 beg
433 3212 23 20 to
466 3212 77 20 return
556 3207 81 23 thanks

142 3240 25 19 to
184 3238 92 21 Messrs.
295 3240 89 19 Kernot
403 3237 46 22 and
466 3234 167 28 Buttersworth,

51 3261 46 22 first
104 3263 46 22 and
158 3264 85 22 second
252 3264 87 22 officers
348 3264 26 22 of
380 3263 39 22 the
426 3264 86 26 barque
520 3262 117 21 Katharine

52 3289 89 22 Stewart
157 3292 85 26 Forbes,
261 3290 35 23 for
314 3290 39 22 the
370 3292 65 25 great
451 3290 111 21 attention
581 3288 54 28 they

50 3316 50 26 paid
108 3319 23 20 to
141 3317 38 22 the
188 3318 130 26 navigation
328 3317 27 22 of
360 3319 39 20 the
407 3316 78 28 vessel,
497 3316 45 22 and
552 3316 35 21 for
596 3315 38 22 the

50 3342 55 26 good
121 3344 143 28 seamanship
282 3344 54 27 they
355 3343 116 28 displayed
494 3342 82 28 during
597 3341 38 22 the

50 3374 89 23 passage
147 3370 59 23 from
215 3370 97 23 London
322 3374 23 19 to
355 3370 55 23 Port
419 3369 130 23 Nicholson.

268 3405 19 80 1
291 3405 86 22 Barker
381 3405 23 22 J.
410 3405 97 26 Benson,
515 3409 120 21 passenger

292 3432 22 22 J.
330 3431 93 28 Abbott,
433 3431 73 26 M.D.,
515 3432 107 25 Surgeon,

292 3459 25 22 F.
329 3459 29 22 V.
367 3458 92 27 Martin,
470 3463 127 22 passenger.

49 3516 17 2 _
76 3488 143 32 Wellington,
233 3492 55 28 July
296 3493 21 27 5,
329 3494 61 21 1841.

82 3533 84 23 Town
181 3537 55 20 and
250 3537 123 26 Country
386 3537 78 21 Land
478 3536 44 21 for
536 3535 69 21 Sale.

51 3565 117 49 TOWN
188 3570 98 22 ACRES
306 3570 44 23 No.
364 3572 50 25 430,
431 3571 50 26 632,
499 3570 40 21 363
551 3576 30 15 on
595 3568 38 22 the

122 3594 60 29 plan,

77 3619 98 30 Country
185 3623 107 26 Sections,
304 3622 65 23 order
378 3622 27 22 of
412 3622 76 23 choice
497 3622 44 22 No.
552 3623 47 26 210,

101 3647 43 22 Do.
172 3649 132 22 unselected
398 3649 37 22 do.
530 3649 45 22 No.
583 3650 48 25 416,

50 3671 46 28 712,
106 3674 45 22 and
159 3675 48 22 769.
237 3675 76 28 Apply
322 3678 24 19 to

440 3701 94 22 Robxbt
548 3701 57 22 Tod.

75 3723 144 32 Wellington,
231 3729 53 27 July
294 3730 20 25 8,
326 3729 61 20 1841.

49 3768 114 49 LAND
183 3772 41 22 TO
248 3772 94 23 LET.—
342 3772 71 22 Town
436 3779 62 14 acres
521 3772 43 21 No.
584 3772 46 26 168,

123 3799 47 27 156,
180 3800 49 26 423,
245 3800 35 26 47,
289 3800 49 26 561,
351 3799 49 26 559,
417 3798 46 22 and
474 3805 69 20 many
557 3798 74 21 others

48 3827 23 15 in
81 3822 37 23 the
127 3828 59 19 most
194 3825 108 22 desirable
316 3825 124 22 situations.
468 3824 56 21 Also
537 3827 94 24 country

48 3846 53 24 land
108 3856 29 15 on
144 3850 40 23 the
192 3852 72 22 banks
275 3852 26 21 of
306 3852 39 21 the
355 3852 69 21 River
432 3850 61 23 Hutt
501 3850 45 22 and
555 3857 29 14 on
593 3849 37 22 the

50 3873 90 26 Porirua
148 3878 61 22 road.
238 3878 76 28 Apply
324 3881 24 19 to

433 3903 23 22 J.
470 3903 36 22 W.
521 3903 91 22 Child..

2014 637 95 21 Shoes!
2127 639 109 22 Shoes!!
2256 641 123 22 Shoes!!!

1905 660 94 47 JUST
2013 663 107 27 received,
2132 672 28 14 ex
2174 667 115 21 Katherine
2303 668 93 21 Stewart
2404 670 83 26 Forbes,

1969 688 155 24 Gentlemen's
2143 691 143 30 Wellington,
2309 695 112 22 Clarence,
2444 698 45 21 and

1905 714 95 21 Cossack
2011 715 70 26 boots,

1931 740 73 22 Men's
2013 745 77 24 strong
2098 743 64 23 boots
2171 745 43 23 and
2226 746 70 28 shoes,

1930 766 67 28 Boys'
2051 768 56 23 ditto
2188 771 62 28 ditto,

1931 793 154 23 Gentlemen's
2093 796 108 23 buckskin
2212 799 45 21 and
2267 804 75 23 carpet
2352 801 99 28 slippers.

1929 845 11 11 ,
1940 845 17 11 Ir
1971 846 24 10 „.
2088 848 11 3 _
2197 825 30 21 D.
2243 826 21 22 S.
2279 827 78 22 Durie
2368 828 45 23 and
2420 830 40 21 Co.

1933 846 140 28 Wellington,
2084 848 61 23 June
2153 851 34 26 24,
2198 853 60 21 1841.

2030 892 71 21 Cash
2107 893 6 21 !
2128 894 70 21 Cash
2205 895 5 21 !
2218 895 5 21 !
2241 897 69 21 Cash
2320 898 5 21 !
2333 898 6 21 !
2348 898 6 21 !

1905 922 153 25 CELLING
2073 926 65 27 OFF,
2153 930 23 18 at
2185 928 37 22 the
2234 929 73 23 Stores
2319 931 25 21 of
2354 931 37 23 the
2405 933 83 22 under-

1903 954 34 16 KJ
1966 952 119 25 signed:—
2086 953 111 28 crockery,
2209 956 122 28 consisting
2340 958 27 22 of
2378 966 55 19 cups
2443 961 45 21 and

1901 982 96 22 saucers,
2007 978 82 28 basins,
2096 980 59 26 jugs,
2169 982 115 26 vegetable
2294 983 81 27 dishes,
2386 986 41 22 &c.
2437 987 49 26 &c,

1901 1006 46 17 also
1956 1010 30 15 an
1996 1008 133 19 assortment
2138 1007 26 21 of
2169 1007 165 30 ironmongery,
2342 1013 29 20 20
2378 1019 40 18 per
2427 1018 59 18 cent,

1900 1030 73 21 under
1980 1037 72 21 prime
2061 1035 54 20 cost.
2143 1034 44 22 For
2197 1035 52 22 cash
2263 1037 60 27 only.

1929 1081 12 14 T
1985 1083 7 3 .
2002 1086 5 3 .
2131 1086 11 3 _
2157 1087 8 8 ,
2251 1063 26 21 T.
2292 1063 46 23 and
2352 1065 22 21 S.
2389 1065 71 23 Cook.

1928 1083 188 30 Lambton-quay,
2127 1086 54 28 July
2190 1089 20 26 2,
2221 1090 61 22 1841.

1909 1126 86 38 JUST
2018 1128 163 29 RECEIVED,
2206 1135 24 19 at
2251 1133 38 23 the
2308 1135 74 22 Stores
2402 1136 26 21 of
2448 1136 37 23 the

1901 1156 26 17 «/
1950 1156 157 28 undersigned,
2119 1159 71 21 men's
2201 1162 76 25 strong
2285 1161 65 22 boots
2359 1162 46 22 and
2410 1162 67 23 shoes

1903 1187 97 19 superior
2009 1185 23 18 to
2049 1190 45 20 any
2109 1183 65 28 thing
2190 1193 52 15 ever
2255 1190 39 23 yet
2309 1189 83 22 offered
2408 1190 24 21 in
2447 1190 37 22 the

1903 1209 95 25 Colony;
2009 1211 106 20 women's
2125 1211 44 22 and
2175 1211 119 24 children's
2303 1214 62 28 ditto,
2373 1216 61 27 plain
2441 1216 44 23 and

1901 1236 87 23 figured
2004 1243 103 20 merinos,
2119 1237 58 28 silks,
2196 1239 45 22 and
2257 1241 76 28 satins,
2348 1249 13 14 a
2376 1243 62 27 large
2451 1251 35 14 as-

1902 1263 109 20 sortment
2020 1262 26 21 of
2052 1264 262 30 mousseline-de-laines,
2325 1268 45 22 and
2379 1270 79 26 prints.

1929 1313 47 4 ...
2258 1293 30 22 A.
2303 1293 155 25 Hornbrook.

1928 1314 203 29 Mulgrave-street,
2141 1317 60 23 June
2211 1320 33 26 19,
2255 1321 62 21 1841.

1903 1357 29 23 T
1950 1359 128 23 ANDING
2105 1361 57 23 from
2190 1363 38 22 the
2248 1366 117 21 Katherine
2391 1368 93 21 Stewart

1900 1387 48 19 JLJ
1975 1387 83 25 Forbes,
2070 1388 45 22 and
2122 1389 35 22 for
2167 1390 45 22 sale
2212 1402 30 5 —

1926 1421 14 20 2
1957 1420 73 28 hhds.,
2049 1423 129 28 containing
2195 1432 13 14 a
2225 1429 63 23 great
2306 1427 85 26 variety
2409 1428 27 22 of
2451 1429 33 22 tin

1900 1453 64 20 ware,

1927 1473 81 23 Brown
2019 1477 65 26 stout,
2220 1479 12 18 1
2277 1479 89 23 Packed
2392 1481 24 22 in
2444 1482 40 21 red

1927 1509 19 28 f
1947 1502 33 19 ale
1991 1502 41 26 ale,
2227 1502 11 21 I
2243 1505 76 28 boxes,
2350 1507 73 23 suited
2450 1508 34 22 for

1929 1530 54 19 Men
1992 1535 10 14 s
2011 1530 63 20 boots
2086 1530 45 22 and
2143 1530 69 29 shoes,
2220 1530 10 28 J
2243 1532 81 23 Native
2332 1534 70 23 trade.

1927 1554 65 28 Soap,

1926 1580 107 23 Blankets
2033 1593 28 4 —
2061 1582 66 23 white
2137 1583 44 23 and
2190 1585 47 25 red,

1927 1606 111 30 Clothing,

1926 1634 81 22 Cotton
2016 1636 78 31 prints,

1927 1660 80 28 Sherry
2014 1669 24 14 in
2049 1666 89 24 quarter
2147 1665 69 27 casks,

1926 1685 208 27 Double-barrelled
2143 1692 127 26 percussion
2279 1700 65 21 guns,

1926 1713 134 27 Negrohead
2069 1717 98 22 tobacco.

1928 1766 12 11 T
1998 1768 18 9 T/
2017 1770 6 6 ,
2041 1770 26 7 „„
2082 1770 8 7 ,
2276 1746 93 23 Samuel
2382 1747 100 24 Revans.

1925 1766 60 23 June
1997 1768 31 28 16,
2041 1770 60 21 1841.

1896 1811 106 48 NOW
2015 1813 154 29 LANDING,
2183 1824 40 19 per
2232 1818 70 26 Mary,
2318 1820 77 26 30,000
2402 1820 80 22 ladies'

1977 1841 73 26 slates,
2062 1843 26 19 16
2101 1842 32 21 in.
2143 1843 29 26 by
2187 1844 12 21 8
2209 1844 32 22 in.
2265 1844 43 23 For
2318 1846 131 26 particulars
2461 1848 26 21 of

1895 1872 67 21 price,
1973 1867 49 26 &c,
2028 1868 68 27 apply
2106 1871 22 19 to

1898 1927 2 5 ,
2080 1901 130 29 RipowAYg,
2230 1904 104 28 Guytow,
2350 1906 45 22 and
2408 1907 73 23 Earp.

1896 1943 162 48 PERSONS
2083 1946 97 23 desirous
2204 1949 28 21 of
2251 1949 125 29 obtaininig
2398 1951 83 28 Bibles,

1960 1970 147 29 Testaments,
2126 1981 24 14 or
2167 1975 109 23 Common
2299 1977 84 27 Prayer
2399 1978 82 26 Books,

1894 2003 39 14 are
1941 1999 118 24 requested
2068 2002 23 17 to
2101 2000 66 26 apply
2176 2004 23 18 to
2209 2001 38 22 the

1926 2053 11 12 t
1952 2054 7 11 i
1986 2056 12 9 o
2018 2057 7 8 ,
2110 2032 51 21 Rev
2161 2049 6 6 -
2177 2033 21 22 R
2199 2050 5 5 -
2215 2034 52 22 Dav
2268 2043 21 20 y,
2301 2035 79 23 Kumu
2388 2036 63 24 Toto.

1922 2053 54 28 July
1985 2056 20 27 3,
2018 2057 59 21 1841.

2065 2109 38 20 To
2115 2110 192 23 Landowners.

1893 2138 51 49 A
1957 2139 112 23 YOUNG
2084 2143 127 22 unmarried
2225 2152 52 14 man
2293 2145 19 22 is
2321 2145 23 23 in
2358 2150 62 18 want
2428 2147 28 22 of
2466 2156 15 14 a

1971 2167 105 22 situati&n
2099 2175 24 15 as
2138 2169 64 23 Farm
2226 2171 109 23 Overseer
2352 2180 24 14 or
2395 2174 84 22 Bailiff.

1893 2193 38 20 He
1940 2193 40 21 has
1988 2193 57 22 been
2060 2196 101 26 engaged
2170 2196 23 22 in
2202 2198 134 26 agriculture
2353 2199 35 23 for
2400 2201 80 28 nearly

1892 2220 83 26 twenty
1984 2227 71 20 years,
2073 2222 45 21 and
2126 2222 19 22 is
2161 2224 130 28 practically
2307 2231 134 18 conversant
2453 2228 26 22 in

1891 2246 105 27 bringing
2005 2246 53 23 land
2068 2248 47 21 into
2125 2249 136 23 cultivation.
2299 2252 37 22 He
2350 2253 40 22 has
2400 2260 30 15 no
2441 2255 38 21 ob-

1888 2272 86 27 jection
1994 2276 23 19 to
2032 2281 29 19 go
2082 2278 22 19 to
2121 2283 45 19 any
2181 2281 52 23 part
2248 2278 26 21 of
2291 2279 56 21 New
2370 2280 109 24 Zealand.

1892 2325 28 8 «r
1934 2306 35 27 .PJP
1971 2299 8 22 1
1980 2307 16 19 *'
2004 2303 23 18 t0
2037 2300 61 22 XW
2107 2318 6 10 >
2123 2306 24 17 at
2157 2302 37 23 the
2237 2304 93 23 Gazette
2362 2307 79 22 Office.

1892 2323 143 31 Wellington,
2046 2327 53 28 July
2109 2330 18 26 1,
2140 2330 59 21 1841.

2107 2391 5 3 .
2121 2375 125 23 Wanted.

1890 2405 51 48 A
1955 2405 130 24 FEMALE
2101 2408 150 30 SERVANT.
2281 2412 76 27 Apply
2374 2416 23 19 at
2411 2413 64 28 Capt.

1969 2433 97 27 Smith's,
2077 2434 211 32 Tinakori-cottage,
2296 2439 179 23 Tinakori-road.

1917 2460 53 28 July
1980 2462 19 26 9,
2012 2463 60 20 1841.

2119 2508 126 27 Wanted,

1888 2539 52 48 A
1954 2539 123 23 STRONG
2087 2542 72 21 active
2174 2542 44 27 lad,
2230 2551 24 14 as
2264 2551 29 14 an
2303 2544 138 31 Apprentice
2451 2549 24 19 to

1967 2573 14 14 a
1991 2567 122 27 Carpenter
2121 2568 45 22 and
2175 2569 86 23 Joiner.
2289 2571 78 32 Apply
2376 2575 23 18 to

2071 2594 22 22 J.
2108 2595 131 29 Cockburn,
2256 2597 189 29 Lambton-quay.

1981 2638 92 21 Union
2087 2640 79 20 Bank
2179 2641 31 20 of
2227 2642 149 22 Australia.

1886 2669 95 23 London
2000 2672 91 27 Office,
2107 2673 44 21 No.
2166 2674 35 26 33,
2219 2675 51 21 Old
2286 2676 186 23 Broad-street.

1940 2704 94 28 Capital,
2043 2705 122 28 £800,000;
2185 2707 52 27 paid
2245 2715 38 21 up,
2298 2709 120 28 £500,000.

2119 2744 109 13 DIRECTORS
2234 2746 4 12 :

1991 2765 67 21 George
2066 2766 38 16 Fife
2110 2767 67 21 Angas,
2186 2768 49 21 Esq.,

1990 2786 68 17 Robert
2065 2787 73 20 Brooks,
2148 2789 48 19 Esq.,

1989 2807 61 16 James
2058 2808 48 16 John
2114 2808 98 21 Cummins,
2220 2810 49 20 Esq.,

1989 2827 68 17 Robert
2064 2829 95 19 Gardener,
2172 2831 47 19 Esq.,
2233 2831 121 21 Manchester,

1989 2848 47 16 John
2046 2849 45 16 Gore
2107 2850 48 20 Esq.,

1988 2868 48 17 John
2044 2869 79 18 William
2130 2871 74 19 Buckle,
2210 2871 49 21 Esq.,

1988 2889 96 21 Benjamin
2091 2891 21 16 E.
2119 2891 62 20 Limlo,
2189 2892 48 21 Esq.,

1988 2910 72 17 Charles
2070 2911 75 17 Edward
2151 2912 88 21 Mangles,
2247 2913 48 21 Esq.,

1987 2930 115 22 Christopher
2109 2932 83 21 Rawson,
2200 2934 48 20 Esq.,
2260 2934 81 18 Halifax.

1987 2951 78 17 Thomas
2072 2953 63 19 Sands,
2144 2954 47 20 Esq.,
2199 2954 99 21 Liverpool,

1986 2972 62 17 James
2055 2973 55 21 Bogle
2118 2974 63 19 Smith,
2187 2975 50 20 Esq.,

1986 2993 61 17 James
2055 2994 79 16 Ruddell
2140 2995 55 20 Todd,
2203 2995 43 21 Esq.

1881 3019 94 17 Trustees:
1992 3021 80 16 George
2084 3022 56 16 Carh
2151 3022 60 19 Glyn,
2223 3023 49 20 Esq.,
2282 3024 54 16 John
2347 3024 61 20 Gore,
2417 3024 50 21 Esq.,

2027 3041 36 17 and
2070 3042 66 17 Jakes
2143 3042 17 17 J.
2167 3043 100 20 Cummins,
2276 3044 44 21 Esq.

1908 3067 80 17 Bankers
1994 3073 5 11 :
2011 3067 74 18 Messrs.
2092 3069 60 19 Gltn,
2164 3069 113 21 Hallifax,
2286 3071 70 20 Mills,
2364 3071 37 17 and
2408 3071 31 17 Co.

1999 3096 101 20 Secretary:
2111 3097 83 17 Samuel
2200 3098 94 20 Jackson,
2302 3099 43 20 Esq.

1969 3122 80 18 Colonial
2056 3123 102 21 Inspector:
2170 3124 17 17 J.
2195 3125 129 20 C.'M'Laren,
2331 3127 44 20 Esq.

2000 3170 69 21 New
2086 3171 122 22 Zealand
2225 3173 116 21 Branch.

1878 3202 54 17 Local
1938 3203 101 18 Directors:
2054 3204 47 17 Geo.
2113 3205 17 16 S.
2141 3205 72 18 Evans,
2226 3206 48 20 Esq.,
2286 3207 70 20 D.C.L.,
2369 3208 36 16 and
2416 3208 49 18 Gso.

2098 3226 90 19 Hunter,
2200 3227 43 20 Esq.

1877 3250 96 22 Manager:
1985 3252 48 17 John
2040 3252 72 19 Smitii,
2121 3253 48 20 Esq.,
2176 3253 36 16 late
2218 3254 23 15 of
2248 3254 31 17 the
2286 3254 118 18 Commercial
2410 3255 55 18 Bank

2044 3273 22 16 of
2073 3273 89 21 England,
2173 3274 121 18 Manchester.

1949 3320 4 4 •
1986 3308 114 22 Branches
2109 3311 24 19 at
2147 3309 97 28 Sydney,

2147 3335 174 30 IlobartTown,

2148 3362 10 22 1
2165 3367 131 24 aunceston,
2308 3364 46 22 and

2147 3388 53 22 Fort
2210 3389 81 29 Philip.

1876 3414 53 22 Port
1938 3414 130 28 Nicholson,
2078 3415 80 22 March
2167 3417 34 26 24,
2213 3417 62 22 1840.

1875 3467 91 34 rpHE
1981 3468 115 22 Directors
2112 3468 27 22 of
2152 3469 40 22 (he
2208 3469 57 23 New
2280 3470 101 23 Zealand
2395 3471 66 23 Land

1881 3491 31 24 X
1948 3494 117 28 Company
2078 3495 84 28 hereby
2176 3496 52 27 give
2244 3497 82 26 notice,
2343 3497 49 23 that
2405 3498 55 29 they

1873 3520 57 22 have
1936 3529 113 14 effected
2058 3529 31 14 an
2099 3529 171 16 arrangement
2277 3523 54 23 with
2337 3524 39 22 the
2381 3525 79 22 Union

1872 3546 65 23 Bank
1950 3547 26 22 of
1992 3548 120 27 Australia,
2128 3549 45 21 No.
2189 3551 34 26 38,
2239 3550 44 22 Old
2298 3551 160 26 Broad-street,

1872 3573 101 28 London,
1983 3574 37 22 for
2027 3574 38 22 the
2078 3575 168 23 establishment
2258 3577 27 21 of
2298 3584 13 15 a
2328 3577 131 23 BRANCH

1871 3600 88 22 BANK
1973 3600 36 22 IN
2023 3601 72 21 NEW
2108 3602 158 28 ZEALAND,
2279 3603 97 28 through
2385 3604 74 22 which

1871 3625 37 22 the
1917 3626 102 23 business
2030 3628 27 21 of
2069 3628 38 22 the
2124 3629 56 22 New
2197 3629 100 23 Zealand
2310 3629 66 23 Land
2391 3631 67 21 Com-

1870 3659 60 21 pany
1938 3654 45 21 will
1992 3654 28 22 be
2028 3656 135 23 transacted.
2190 3656 49 21 The
2253 3656 115 22 Directors
2383 3656 75 23 there-

1870 3678 46 23 fore
1925 3681 145 21 recommend
2079 3685 22 18 to
2118 3682 110 22 Colonists
2244 3682 37 22 the
2298 3682 77 22 Union
2390 3683 67 22 Bank

1870 3706 25 21 of
1913 3706 114 23 Australia
2044 3715 24 14 as
2086 3716 29 14 an
2140 3708 168 22 establishment
2329 3710 127 27 possessing
2486 3722 9 6 -

1869 3732 57 22 their
1941 3734 70 21 entire
2034 3734 137 28 confidence,
2190 3735 45 21 and
2253 3735 50 22 able
2321 3738 23 18 to
2361 3736 94 26 provide

1868 3758 126 29 effectually
2008 3760 35 22 for
2058 3761 38 22 the
2109 3761 105 22 financial
2229 3765 71 18 wants
2315 3762 27 21 of
2352 3762 38 22 the
2406 3762 50 23 first

1868 3785 133 23 settlement.

2033 3813 35 27 By
2079 3813 64 22 order
2152 3813 26 22 of
2187 3813 38 22 the
2236 3814 79 27 Board,

2108 3847 86 21 JOHN
2207 3847 104 28 WARD,
2328 3849 124 28 Secretary.

1867 3878 55 23 New
1932 3878 98 23 Zealand
2040 3879 64 22 Land
2114 3880 134 26 Company's
2257 3880 78 28 Office,

1893 3906 20 24 1,
1923 3905 158 27 Adam-street,
2093 3906 104 28 Adolphi,
2206 3906 54 23 27th
2268 3907 69 27 Aug.,
2348 3909 61 22 1839.

1291 625 184 49 WILLIAM
1490 628 84 23 LYON
1589 630 53 27 begs
1648 634 24 18 to
1681 638 116 15 announce
1807 635 24 18 to
1840 632 35 22 his

1387 654 83 22 friends
1490 655 45 22 and
1553 656 39 21 the
1613 657 82 27 public,
1715 658 49 21 that
1786 658 30 21 he
1834 658 39 23 has

1291 680 87 27 opened
1387 680 34 23 his
1430 681 57 22 New
1493 682 70 27 Store,
1572 689 78 16 corner
1656 683 28 22 of
1691 686 182 21 Willis-street

1291 705 45 22 and
1350 706 193 29 Lambton-quay,
1554 709 79 27 where,
1647 710 25 21 in
1687 710 99 22 addition
1801 715 24 18 to
1840 711 33 22 his

1290 732 83 22 former
1383 734 69 27 stock,
1463 735 29 21 he
1500 735 41 22 has
1551 742 29 15 on
1588 736 45 21 sale
1642 736 39 22 the
1689 736 113 28 following
1811 738 61 22 fresh

1280 770 3 6 ■
1290 759 98 27 arrivals,
1397 767 28 14 ex
1435 760 38 23 the
1479 762 73 26 Mary,
1562 763 115 21 Katharine
1687 764 92 21 Stewart
1788 765 83 26 Forbes,

1289 785 45 22 and
1340 787 133 26 Harrington
1479 798 7 11 :
1487 800 28 4 —

1278 834 5 3 -
1314 819 42 22 270
1364 820 74 28 pieces
1447 823 251 29 mousseline-de-laine,
1709 825 131 28 containing
1856 832 13 16 a

1288 849 63 23 great
1360 848 85 27 variety
1456 849 26 21 of
1488 849 95 28 designs,

1316 874 39 21 163
1361 874 73 26 pieces
1442 875 26 21 of
1473 883 93 20 saxony,
1574 877 67 27 plain,
1648 877 92 28 figured,
1748 878 21 22 &
1774 877 96 29 printed,

1316 900 98 22 Siamese
1423 902 78 27 cloths,
1512 902 60 22 lama
1581 903 91 27 dresses,

1315 924 89 24 French
1412 929 103 27 merinos,
1527 929 80 23 double
1616 930 71 27 twills,
1699 930 120 28 shalloons,

1316 952 94 23 Orleans
1419 954 77 28 cloths,
1506 959 105 24 satteens,
1621 956 94 28 alpacas,

1315 978 91 30 Shawls,
1417 982 75 27 scarfs,
1503 982 45 22 and
1557 982 177 29 handkerchiefs,

1315 1005 145 24 Manchester
1470 1009 44 21 and
1524 1009 104 28 Glasgow
1636 1014 78 24 prints,
1727 1010 88 28 checks,
1826 1010 46 23 and

1288 1032 84 28 stripes,

1314 1059 102 29 Hosiery,
1426 1061 84 28 gloves,
1519 1062 45 22 and
1571 1062 78 23 lamb's
1658 1063 57 23 wool
1722 1063 73 28 shirts,

1313 1086 80 28 Tapes,
1404 1088 95 28 threads,
1510 1089 97 28 buttons,
1618 1089 45 23 and
1672 1090 83 27 braces,

1315 1114 22 21 A
1346 1117 61 24 large
1417 1119 134 18 assortment
1559 1116 25 21 of
1589 1120 70 23 gents,
1667 1117 97 28 wearing
1773 1117 97 28 apparel,

1314 1140 97 22 Brushes
1421 1142 45 21 and
1473 1142 76 22 combs
1559 1142 24 22 in
1592 1147 61 22 great
1662 1143 92 28 variety,

1316 1166 154 24 Gentlemen's
1480 1168 45 22 fine
1536 1168 60 23 dress
1606 1169 78 28 stocks,

1315 1194 22 21 A
1346 1194 65 22 small
1420 1198 133 19 assortment
1563 1196 26 21 of
1594 1197 127 27 stationery,

1315 1220 130 28 Hardware,
1456 1223 135 25 carpenters'
1600 1223 63 27 tools,
1674 1223 45 22 and
1728 1223 64 28 nails,

1315 1247 65 27 Soap,
1393 1248 95 28 candles,
1494 1248 70 22 India
1572 1249 81 22 rubber
1661 1250 111 28 blacking,

1315 1273 94 27 Pickles,
1420 1282 84 20 sauces,
1516 1276 46 21 and
1570 1276 84 22 bottled
1663 1277 71 26 fruits,

1316 1300 66 22 Good
1391 1301 77 28 sherry
1477 1302 22 21 in
1509 1302 62 22 butts
1581 1303 43 22 and
1633 1307 89 24 quarter
1731 1303 70 28 casks,

1314 1326 56 23 Fine
1380 1327 94 27 English
1482 1328 82 29 honey,

1314 1353 84 23 Dahlia
1406 1355 45 21 and
1459 1355 71 22 ladies
1539 1356 79 27 starch,
1630 1356 24 22 in
1665 1357 12 25 §
1683 1356 30 22 lb.
1723 1357 98 28 packets,

1315 1380 76 27 Stone,
1402 1381 85 28 thumb,
1496 1382 45 22 and
1550 1383 89 27 powder
1647 1383 59 28 blue,

1313 1405 90 24 French
1410 1408 135 28 perfumery;

1314 1434 117 22 Groceries
1440 1435 46 22 and
1494 1436 130 27 provisions,

1313 1460 63 28 Zinc,
1387 1461 65 28 hoop,
1464 1462 68 28 sheet,
1543 1463 47 27 rod,
1601 1463 44 21 and
1654 1463 41 21 bar
1703 1463 56 27 iron,

1313 1485 72 29 Pitch,
1394 1491 39 23 tar,
1444 1489 68 26 rosin,
1523 1490 80 26 paints,
1615 1490 29 21 oil
1653 1490 45 21 and
1706 1490 136 27 turpentine.

1349 1515 175 27 ExpeetedJLaxly
1534 1517 27 25 by
1571 1517 34 20 the

1313 1540 22 22 A
1343 1541 62 27 large
1415 1546 133 19 assortment
1557 1543 26 21 of
1590 1543 85 23 French
1684 1544 97 27 ribbons,

1312 1568 13 20 3
1336 1575 61 15 cases
1407 1568 26 23 of
1444 1570 149 26 gentlemen's
1606 1570 45 22 and
1663 1570 77 23 ladies'
1749 1571 65 22 boots
1823 1570 45 23 and

1285 1593 72 28 shoes,

1313 1622 9 20 1
1334 1620 51 23 bale
1395 1622 26 21 of
1426 1621 75 23 chintz
1511 1623 78 27 prints.

1379 1666 126 26 Superior
1520 1668 96 21 Scotch
1630 1668 141 27 Whiskey!

1292 1698 86 37 JUST
1392 1699 137 29 LANDED,
1541 1704 23 19 at
1573 1701 37 22 the
1619 1703 75 21 Stores
1703 1702 26 21 of
1739 1702 37 21 the
1786 1702 81 22 under-

1284 1724 27 23 *#
1347 1725 85 28 signed,
1444 1728 146 22 Commercial
1599 1728 84 28 Wharf,
1698 1736 28 15 ex
1733 1730 65 25 Mary
1806 1737 5 14 :
1813 1740 29 4 —

1311 1753 22 21 A
1348 1752 62 28 large
1430 1755 102 27 quantity
1546 1756 27 21 of
1593 1762 53 20 very
1661 1756 45 21 fine
1749 1756 98 22 Cambus

1283 1780 107 28 whiskey,
1400 1780 22 22 in
1433 1784 90 24 quarter
1531 1782 70 26 casks,
1611 1782 46 26 &c,
1666 1782 72 22 which
1745 1782 19 22 is
1770 1783 97 27 particu-

1282 1806 57 28 larly
1350 1808 173 22 recommended
1532 1811 23 19 to
1569 1808 38 22 the
1623 1809 82 27 public,
1720 1809 46 22 and
1781 1809 49 22 sold
1845 1812 22 19 at

1283 1840 54 21 very
1345 1834 45 21 low
1397 1834 79 27 prices.

1478 1861 56 22 Also
1544 1868 28 15 on
1583 1861 44 22 sale
1636 1869 4 15 :—:
1642 1873 30 5 —

1310 1886 142 28 Champagne
1462 1888 25 21 in
1496 1890 11 19 1
1520 1888 45 21 and
1574 1890 13 19 2
1597 1888 71 23 dozen
1679 1896 67 18 cases,

1344 1914 64 22 Ditto
1463 1915 24 21 in
1496 1915 61 26 pints
1567 1915 44 21 and
1620 1918 83 24 quarts,

1309 1940 76 22 Claret
1398 1941 112 27 (Pomey's
1528 1942 81 21 Medoc
1622 1942 45 22 and
1682 1941 144 27 Destournel)
1842 1942 23 21 in

1282 1974 61 15 cases
1352 1968 27 21 of
1390 1969 8 20 1
1412 1968 46 21 and
1466 1969 13 20 2
1490 1968 71 21 dozen
1571 1968 60 27 each,

1308 1993 54 20 Port
1377 1994 63 21 Cvary
1454 1994 109 22 superior)
1578 1994 23 20 in
1611 1996 12 19 3
1633 1994 72 21 dozen
1714 2001 69 16 cases.

1335 2015 64 22 Ditto
1452 2015 56 23 ditto
1576 2016 24 22 in
1623 2020 89 24 quarter
1734 2017 63 22 casks
1820 2018 45 22 and

1280 2041 75 27 bottle,

1308 2067 109 28 Sherry—
1417 2069 83 26 brown,
1520 2069 60 28 gold,
1604 2069 56 28 pale,
1680 2070 38 22 old
1735 2071 77 22 brown
1812 2082 28 5 —
1840 2071 23 22 in

1280 2097 89 24 quarter
1379 2096 63 21 casks
1451 2096 45 22 and
1505 2096 77 27 bottle,

1308 2120 102 24 Madeira
1425 2123 95 26 (Cyprus
1529 2123 117 32 malmsey)
1661 2123 23 22 in
1694 2124 77 27 bottle,

1306 2147 99 26 Curapoa
1414 2149 45 22 and
1466 2148 150 29 Maraschino,
1624 2151 23 21 in
1658 2151 59 27 pints
1727 2151 45 22 and
1779 2154 84 25 quarts,

1278 2173 46 23 and
1334 2182 61 15 cases
1405 2176 24 21 of
1440 2178 11 20 1
1463 2176 71 22 dozen
1544 2177 62 22 each.

1305 2201 92 28 Brandy
1406 2203 23 21 in
1439 2203 64 21 hhds.
1514 2203 46 22 and
1570 2211 60 15 cases
1637 2204 26 21 of
1669 2205 11 20 1
1691 2204 71 23 dozen
1773 2204 63 23 each.

1306 2228 90 27 Cognac
1405 2229 21 22 in
1438 2229 55 23 ditto
1506 2230 46 22 and
1562 2238 59 15 cases
1632 2231 26 22 of
1669 2232 10 21 1
1691 2231 71 22 dozen
1773 2231 62 22 each.

1305 2254 59 22 Rum
1374 2256 25 21 in
1407 2256 65 22 hhds.
1483 2257 44 21 and
1538 2257 75 27 bottle,

1306 2281 52 28 Gin,
1369 2282 50 23 half
1428 2290 69 20 cases,
1508 2285 11 20 1
1530 2283 72 22 dozen
1609 2284 62 28 each,
1680 2285 45 22 and
1731 2285 22 22 in
1760 2285 101 27 4-gallon

1268 2316 3 4 '
1277 2314 68 20 cases,

1304 2334 108 29 Whiskey
1419 2336 25 22 in
1454 2340 91 24 quarter
1554 2337 62 22 casks
1625 2338 45 22 and
1679 2339 76 27 bottle,

1304 2361 84 29 Porter,
1400 2363 42 27 ale,
1452 2364 45 21 and
1506 2367 61 19 stout
1576 2364 23 22 in
1609 2366 63 21 wood
1682 2366 45 21 and
1736 2366 78 27 bottle,

1316 2389 65 22 Ditto
1393 2407 5 4 .
1407 2390 56 22 ditto
1491 2391 56 22 ditto
1574 2391 23 21 in
1607 2392 12 21 3
1627 2392 72 22 dozen
1708 2393 70 22 casks.

1574 2426 106 23 Richard
1690 2427 87 28 Baker,

1495 2452 126 23 Wholesale
1630 2453 66 23 Wine
1706 2454 127 24 Merchant.

1275 2483 147 24 Commercial
1431 2485 77 30 wharf,
1519 2486 145 29 Wellington,

1377 2512 55 28 July
1442 2514 41 26 Ist,
1494 2515 62 20 1841.

1414 2558 40 20 To
1470 2558 246 26 Agriculturalists.

1274 2588 89 49 FOR
1372 2589 86 28 SALE,
1467 2598 13 14 a
1488 2591 64 22 small
1560 2592 101 28 quantity
1667 2593 26 21 of
1699 2600 53 20 very
1759 2594 99 27 superior

1346 2616 54 22 seed
1409 2617 79 27 wheat,
1498 2618 47 22 also
1556 2626 13 14 a
1579 2619 63 21 small
1656 2620 103 27 quantity
1769 2620 26 22 of
1805 2621 53 22 seed

1272 2641 76 28 barley
1359 2643 93 22 without
1460 2644 65 28 husk,
1536 2645 54 21 both
1599 2652 76 20 grown
1691 2646 24 21 in
1731 2646 38 22 the
1785 2647 73 28 valley

1273 2668 23 22 of
1310 2669 36 21 the
1357 2669 65 28 Hutt,
1433 2671 46 21 and
1489 2672 123 21 warranted
1620 2673 26 21 of
1656 2673 38 22 the
1704 2673 48 22 first
1763 2674 93 28 quality.

1272 2695 55 23 Also
1338 2703 13 14 a
1360 2697 86 27 variety
1456 2698 26 21 of
1491 2698 84 27 garden
1586 2699 68 28 seeds,
1668 2699 38 22 the
1720 2700 99 27 produce
1834 2701 24 22 of

1272 2722 38 22 the
1320 2722 87 29 Colony
1442 2724 45 22 For
1495 2725 137 28 particulars,
1642 2726 68 28 apply
1718 2729 23 19 to

1434 2758 25 21 C.
1470 2758 26 22 E.
1507 2758 53 22 Yon
1569 2759 116 28 Alzdorf,
1701 2760 87 28 Petoni,
1798 2767 26 16 or
1833 2763 24 20 to

1433 2784 26 23 E.
1472 2785 80 27 Davis,
1564 2788 22 19 at
1596 2786 90 22 Messrs.
1701 2786 95 24 Hanson
1810 2787 46 23 and

1460 2812 46 21 and
1515 2812 98 22 Alzdorf
1615 2813 22 27 's,
1648 2813 145 28 Wellington.

1297 2843 61 23 June
1367 2845 34 26 19,
1412 2846 60 21 1841.

1346 2889 62 21 Van
1421 2890 138 22 Dieman's
1572 2892 75 21 Land
1662 2892 116 22 Timber.

1269 2921 51 49 A
1329 2921 108 24 LARGE
1451 2924 103 27 quantity
1564 2924 26 22 of
1602 2924 51 23 Van
1663 2925 115 23 Dieman's
1788 2926 66 22 Land

1347 2949 81 23 timber
1447 2950 26 22 of
1490 2951 89 21 various
1595 2951 135 23 dimensions
1739 2960 6 19 ;
1768 2953 55 27 also,
1840 2961 14 14 a

1268 2975 61 27 large
1339 2977 103 26 quantity
1451 2977 27 22 of
1488 2977 101 22 Colonial
1597 2978 86 27 timber,
1699 2979 121 28 consisting
1830 2979 24 22 of

1268 3001 104 30 weather,
1385 3003 78 28 lining,
1479 3004 45 22 and
1532 3004 95 28 flooring
1635 3005 79 22 boards
1724 3005 45 22 and
1778 3009 74 19 scant-

1276 3029 40 27 ing
1324 3029 26 22 of
1361 3029 31 23 all
1402 3031 56 21 sizes
1467 3031 45 21 and
1520 3031 89 27 lengths
1616 3040 5 18 ;
1642 3039 51 15 now
1706 3039 29 15 on
1750 3032 63 23 hand
1828 3036 24 19 at

1268 3056 38 22 the
1314 3059 71 19 stores
1395 3057 25 22 of
1426 3057 39 23 the
1473 3057 159 28 undersigned.

1294 3088 64 28 They
1366 3090 46 22 will
1420 3090 48 23 also
1476 3091 28 22 be
1520 3091 76 28 happy
1605 3094 22 19 to
1637 3092 80 28 supply
1726 3092 64 22 those
1799 3092 51 22 who

1266 3115 79 23 intend
1354 3117 99 28 erecting
1461 3118 113 27 buildings
1583 3118 52 22 with
1645 3118 37 23 the
1687 3118 70 23 above
1763 3120 86 27 article,

1267 3144 38 21 cut
1322 3146 24 18 to
1365 3144 72 27 order,
1458 3144 27 22 of
1506 3152 47 20 any
1572 3144 136 23 dimensions
1727 3146 53 28 they
1795 3154 54 20 may

1266 3169 93 27 require,
1379 3170 45 23 and
1445 3170 135 24 deliverable
1599 3175 22 19 at
1639 3179 45 21 any
1701 3175 51 25 part
1769 3173 26 22 of
1809 3173 40 22 the

1266 3196 70 22 beach
1345 3203 30 16 on
1386 3197 37 22 the
1430 3198 96 23 shortest
1533 3199 84 22 notice.

1526 3233 64 22 John
1604 3241 45 14 and
1665 3234 59 23 Geo.
1738 3235 82 22 Wade.

1290 3274 29 21 T.
1330 3275 39 20 M.
1379 3276 142 28 Partridge
1531 3278 21 21 &
1562 3278 46 21 Co.
1618 3278 66 22 offer
1694 3278 42 23 for
1746 3280 71 25 Sale,

1263 3309 170 49 BOTTLED
1455 3315 77 23 porter
1553 3311 46 23 and
1616 3312 50 28 pale
1684 3312 35 23 ale
1736 3312 25 23 in
1784 3313 63 23 three

1338 3336 71 23 dozen
1423 3335 73 30 casks,

1291 3363 65 22 Good
1365 3363 78 27 sherry
1451 3365 25 21 in
1486 3368 89 25 quarter
1586 3365 70 28 casks,

1288 3389 79 23 Mould
1377 3391 98 28 candles,

1287 3415 111 29 Windsor;
1409 3417 92 28 toilette,
1512 3418 47 23 and
1567 3418 79 28 yellow
1654 3426 61 22 soap,

1285 3443 103 23 Window
1397 3444 58 27 glass
1465 3446 26 20 13
1499 3445 30 27 by
1540 3447 21 25 9,

1286 3469 158 24 Earthenware
1452 3471 25 22 in
1489 3475 77 24 crates,

1286 3495 105 28 Cooper's
1400 3504 66 21 ware,

1285 3522 83 27 Paints,
1378 3523 101 28 brushes,
1491 3525 48 28 &c,

1285 3549 52 26 Slop
1346 3550 107 27 clothing,

1284 3575 94 28 Pickles,
1390 3584 83 21 sauces,
1484 3577 88 23 French
1582 3586 82 20 capers,
1679 3586 99 20 cayenne
1788 3586 54 21 pep-

1256 3609 47 22 per,
1313 3603 108 28 mustard,

1283 3628 67 23 India
1358 3630 83 22 rubber
1448 3630 114 28 blacking,
1572 3631 41 22 &c.
1622 3631 41 22 &c.

1283 3655 54 23 And
1346 3663 51 15 now
1405 3656 100 29 landing,
1515 3657 57 23 from
1581 3657 36 22 the
1624 3659 115 20 Katherine
1747 3660 93 20 Stewart

1254 3683 83 26 Forbes,

1282 3709 115 27 Superfine
1407 3709 96 22 Dantzic
1512 3709 49 23 kiln
1571 3710 62 22 dried
1640 3711 65 26 flour,

1280 3736 13 22 5
1304 3739 49 18 tons
1364 3736 56 27 zinc,
1431 3736 35 22 for
1475 3736 93 27 roofing.

1327 3780 63 21 Van
1404 3780 137 22 Dieman's
1555 3781 75 21 Land
1644 3781 116 22 Timber.

1255 3812 86 49 FOR
1357 3813 86 27 SALE,
1458 3814 92 26 Boards,
1569 3814 118 28 Scantling,
1706 3815 44 21 and
1767 3816 70 22 Joists

1325 3840 26 21 of
1363 3840 30 21 all
1409 3840 56 22 sizes
1479 3840 46 22 and
1540 3840 94 28 lengths,
1645 3844 24 19 at
1682 3843 45 20 245.
1742 3849 40 21 per
1795 3844 41 20 100

1252 3867 50 21 feet.
1332 3866 75 27 Apply
1417 3870 23 18 to
1450 3866 37 23 the
1497 3867 156 27 undersigned,

1607 3903 85 22 Harry
1706 3904 99 23 Robson.
