4098 5422
257 341 873 79 Mount
1305 341 1048 79 Benger
2528 341 873 79 Mail.

102 565 41 26 Ho
171 561 127 28 261—V0l
313 558 33 26 V.

726 548 194 25 PUBLISHED
938 543 115 29 EVERY

1362 503 478 74 ROXBURGH,
1904 492 447 84 SAftIRDAY,
2420 494 410 61 DECEMBER
2864 495 58 56 13
2958 492 136 63 1884.

3459 531 159 25 SATUBDA
3628 533 14 22 Y

75 655 52 29 A
144 639 229 30 RMOND'S
459 628 171 32 HOTEL

75 677 52 39 \J
418 678 144 25 ROXBUBGH

104 771 122 32 BENRY
257 766 107 31 BATES
393 783 27 8 ...
453 759 146 35 Proprietor.

101 860 135 28 Travellers
256 855 46 26 and
317 853 83 26 others
420 848 48 28 will
488 846 51 27 find
555 851 73 24 every

70 903 101 28 comfort
186 901 47 25 and
249 900 157 23 convenience
422 895 25 21 at
462 890 48 24 this
531 887 40 25 old
592 893 23 17 es-

68 945 118 30 tablished
197 942 83 27 Hotel.

98 1001 83 25 Wines
191 996 46 27 and
245 994 87 32 Spirits
341 991 28 25 of
378 990 41 25 the
429 989 52 23 best
491 983 97 26 brands.

99 1053 61 23 Two
188 1050 30 24 of
241 1045 110 27 Alcock's
374 1039 127 27 first-class
521 1034 101 26 Billiard

64 1094 95 30 Tables,
167 1091 46 26 and
225 1089 64 32 large
300 1083 101 29 Billiard
411 1080 97 27 Saloon.

93 1175 71 27 Goo*
183 1171 83 28 Stable
282 1163 220 32 Accommodation,
520 1159 46 26 and
576 1164 29 19 ex-

105 1335 292 43 ,OMMEEOIAL
465 1325 156 32 HOTEL

105 1384 6 22 I
249 1378 200 33 ROXBURGH.

120 1467 33 26 H.
167 1465 33 26 H*
217 1459 112 30 HERON

432 1451 123 32 Proprietor

94 1540 70 28 Cobb
181 1537 49 27 and
247 1533 62 28 Co.'s
331 1527 79 36 Royal
428 1525 61 27 Mail
513 1523 61 26 Line
594 1521 25 25 of

65 1591 106 29 Coaches
180 1591 26 23 to
214 1585 47 27 and
273 1584 61 26 from
345 1580 159 31 Qaeenstown
514 1577 25 21 to
550 1571 51 26 Law-

75 1648 65 24 ence,
150 1637 79 28 arrive
239 1633 48 27 and
297 1631 84 32 depart
396 1626 71 32 daily-

141 1818 64 28 OA
251 1806 135 33 FLAT
435 1798 181 32 HOTEL

148 1890 29 24 T.
195 1883 123 29 BRAZIL
351 1897 26 8 ...
408 1877 168 26 PRorßiEToa.

94 1976 63 26 This
168 1964 191 38 well-appointed
372 1963 77 26 honse
459 1959 22 25 is
495 1952 120 31 furnished

66 2019 58 27 with
135 2016 31 26 ail
174 2014 44 26 the
224 2010 114 28 comforts
345 2006 26 26 of
384 2012 14 18 a
406 2005 80 23 home.

101 2063 132 29 travellers
247 2059 45 26 will
303 2056 92 27 receive
404 2058 73 25 every
488 2046 117 28 attention

227 2148 72 25 Good
313 2144 136 26 Stabling.

87 2226 86 27 Wines
183 2220 47 28 and
240 2217 89 33 Spirits
339 2214 25 25 of
374 2213 41 25 the
426 2211 52 25 bes*
487 2207 87 27 brands

89 2314 31 26 fe
132 2307 141 29 connection
285 2302 60 24 with
355 2300 42 24 the
407 2297 75 25 above
498 2303 14 16 a
527 2292 72 26 Black-

63 2354 76 30 smith
153 2351 66 31 Shop
232 2348 45 25 has
295 2344 62 26 been
379 2338 103 30 erected,
503 2336 60 24 with
583 2334 30 25 all

62 2404 123 23 necessary
212 2391 143 33 appliances,
379 2384 48 26 and
451 2390 14 16 a
491 2379 122 26 first-class

58 2444 151 29 Tradesman
225 2431 106 36 engaged

199 2799 268 30 STOREKEEPERS,

132 2918 233 26 BCOTLAKD'BTBEKT
381 2914 145 25 RoXBOBGH

132 3342 72 27 THE
236 3341 112 27 GULLY
385 3337 151 33 BAKERY,

212 3385 75 33 (Near
302 3382 145 32 Roxburgh)

134 3470 176 27 ILLIAM
376 3468 118 26 CEOS
505 3466 106 31 SAN,

249 3511 196 28 BAKER.

56 3596 8 22 r
72 3593 80 27 Bread
174 3591 127 28 Delivered
321 3593 27 23 to
367 3598 48 25 any
430 3591 55 32 part
510 3590 26 26 of
557 3589 42 27 the
619 3589 2 34 ,

276 3635 109 26 District.
617 3635 4 28 j

133 3913 279 25 ICHOLSOFS
473 3913 140 26 HOTEL

174 3955 123 31 Ettbick,
311 3955 185 29 Bengbbbubn-

87 4042 138 27 Travellere
244 4042 48 28 will
303 4043 90 26 receive
401 4051 73 25 every
486 4042 127 33 attention,

57 4086 125 26 combined
193 4086 59 25 with
264 4087 109 24 comfort.

85 4129 65 31 Ales,
176 4129 49 26 and
247 4129 103 33 Liquors
375 4130 25 26 of
425 4130 41 26 the
489 4137 57 25 very
562 4130 51 25 best

71 4174 79 26 rands.

85 4212 53 23 The
159 4211 104 30 Library
285 4211 25 25 in
337 4212 140 25 connection
496 4213 56 24 with
573 4213 41 25 the

62 4252 76 27 Hotel
158 4254 20 24 is
195 4262 53 17 now
268 4254 71 31 being
356 4255 222 32 replenished,with
601 4265 13 15 a

59 4296 80 26 choice
149 4296 113 26 selection
272 4297 30 25 of
308 4297 120 27 Standard
439 4298 142 28 Literature,

164 4364 61 25 Free
234 4365 177 26 Consultations
420 4365 83 35 Daily.

79 4448 83 28 STAT
176 4449 153 26 FOKTUNA
338 4451 111 29 DOMUS
459 4452 155 27 VJRTUTE.'

284 4524 29 28 a
332 4525 204 34 NICHOLSON,

437 4578 146 33 Proprietor

85 4659 19 26 >
115 4658 21 24 R
164 4660 21 23 O
216 4659 112 25 VINC
343 4659 46 26 IA
404 4659 19 25 L
461 4659 153 27 HOTEL

158 4722 101 26 EVANS
280 4719 76 26 FLAT
378 4719 150 25 TUAPEKA.

113 4813 63 28 WM,
187 4807 168 35 JOHNSTON
427 4807 130 30 Pioprietor.

89 4897 69 28 Good
171 4893 210 29 Accommodation
397 4893 36 25 for
444 4891 144 28 Travellers.

134 4959 138 30 First-cIaES
287 4959 74 24 Grass
381 4955 131 28 Paddocks.

162 5037 57 26 Oats
235 5033 47 27 and
297 5030 72 27 Chaff
388 5030 38 25 for
451 5030 56 26 sale.

87 5105 52 27 The
159 5102 78 28 above
258 5097 20 26 is
299 5103 44 19 one
364 5094 26 26 of
408 5093 41 27 the
472 5096 61 23 most
550 5101 50 17 com-

58 5148 101 30 fortable
170 5141 119 31 Roadside
300 5139 87 25 Hotels
395 5138 25 25 in
432 5138 41 24 the
484 5137 102 25 district.

60 5230 81 23 Winea
163 5225 45 25 and
228 5223 88 32 Spirits
334 5220 29 25 of
379 5219 40 25 the
442 5218 52 24 best
518 5217 96 32 brpnds,

107 5270 44 26 and
164 5266 108 32 superior
287 5264 99 30 Erglish
404 5263 46 26 and
468 5261 104 27 Colouia*

176 5310 56 26 A!j£s
244 5308 85 27 always
346 5315 29 16 on
387 5307 111 31 draught.

695 649 2 43 !
712 654 151 25 UEEN'S
896 652 122 25 BEAD
1049 651 57 23 HO
1122 649 57 24 TE:

695 697 3 26 i
857 697 155 25 ROXBURGH.

804 783 35 26 H.
860 779 175 30 M'DOUALL

643 839 61 31 Begs
714 840 25 23 to
749 837 88 26 inform
849 837 38 24 his
900 842 130 19 numerous
1040 832 89 26 friends
1146 830 40 25 and

641 882 42 24 the
702 882 128 30 travelling
845 881 80 31 publio
947 878 121 32 generally
1087 876 54 23 that
1162 875 24 23 he

642 925 41 25 has
696 924 71 26 taken
779 924 40 25 the
828 924 76 24 above
918 918 211 35 long.establisbed
1145 916 41 26 and

640 967 225 30 favorably-known
883 966 80 29 bouse,
984 963 46 24 and
1049 962 53 24 that
1120 962 30 23 he
1170 961 16 23 is

640 1010 113 32 prepared
783 1012 26 22 to
836 1009 89 33 supply
951 1007 65 26 them
1042 1004 59 25 with
1129 1003 57 31 good

630 1042 210 35 'accommodation
850 1052 47 23 and
910 1052 41 22 the
964 1051 53 22 best
1028 1049 28 23 of
1063 1047 123 25 attention.

635 1146 68 25 None
716 1146 46 24 but
772 1145 42 25 the
824 1144 53 25 best
887 1143 89 26 brands
982 1142 25 25 of
1016 1141 81 30 wines,
1107 1139 76 30 beers,

741 1191 49 24 and
800 1188 82 33 spirits
891 1188 60 32 kept
960 1187 27 25 in
997 1185 79 26 stock.

664 1233 49 26 Tea
725 1240 28 18 or
764 1231 74 28 coffee
846 1234 25 23 at
880 1239 48 24 any
938 1230 61 26 hour
1010 1229 24 25 in
1045 1228 41 26 the
1098 1226 54 32 day.

793 1323 73 29 Good
889 1322 132 30 Stamjng.
1185 1322 1 30 i

663 1422 54 25 The
737 1420 100 26 Billiard
852 1420 77 24 Room
943 1418 44 25 has
1009 1418 59 24 been
1090 1414 94 26 refitted

634 1465 45 26 and
702 1463 136 31 renovated,
860 1461 46 27 and
925 1461 25 26 in
967 1460 108 26 addition
1096 1461 26 23 to
1145 1457 40 27 the

633 1508 169 26 billiard-table
830 1506 107 26 contains
965 1512 13 17 a
1009 1503 67 25 small
1104 1501 79 26 Dutch

631 1552 115 33 bagatelle
756 1551 72 27 table,

664 1624 82 27 NEW
765 1620 265 27 AGRICULTURAL
1047 1618 96 25 SEED.

635 1658 76 28 SEW
736 1653 208 30 VEGETABLE
960 1652 103 26 SEEDS

830 1688 76 26 NEW
922 1684 252 27 GARDENSEEDS.

629 1764 197 64 NIMMO
883 1761 91 26 AND
1028 1759 152 29 BLAIR,

760 1797 86 26 SEED
864 1793 214 30 MERCHANTS,

632 1833 67 25 Have
721 1837 67 27 groat
814 1830 110 33 pleasure
946 1828 25 25 in
995 1826 139 32 intimating
1158 1827 25 22 to

630 1865 101 24 Florists
753 1865 54 24 that
821 1863 57 30 they
892 1869 42 17 can
951 1861 30 23 be
995 1860 113 30 supplied
1125 1857 58 25 with

630 1896 62 26 New
710 1897 80 24 Seeds
801 1895 28 24 of
838 1895 59 24 Best
913 1892 87 25 Stocks
1018 1891 48 24 and
1079 1891 104 28 Strains;

630 1929 55 32 they
694 1929 89 31 having
791 1926 119 33 imported
918 1933 29 17 an
962 1924 122 25 extensive
1095 1926 74 21 assort-

631 1965 65 24 ment
707 1963 63 25 from
783 1959 125 27 first-class
920 1959 95 24 houses-

658 2048 72 32 They
740 2047 60 26 offer
809 2044 151 28 CLOVERS
978 2043 25 25 of
1013 2042 32 27 all
1058 2043 66 31 soits,
1136 2041 46 26 and

630 2081 84 24 almost
729 2081 31 23 all
777 2079 112 25 varieties
906 2078 25 24 of
945 2075 151 30 GRASSES,
1107 2079 24 20 at
1142 2074 41 24 the

629 2115 61 22 most
697 2112 119 24 moderate
827 2110 81 32 prices.

657 2156 72 24 Their
748 2154 140 30 Machinery
914 2153 39 24 for
971 2150 116 30 Cleaning
1111 2148 69 26 RYE

630 2189 100 26 GRASS
754 2187 86 26 SEED
866 2187 19 24 ia
904 2187 61 22 most
981 2183 124 32 complete,
1134 2181 46 25 and

629 2222 96 25 farmers
732 2220 94 29 should,
837 2220 25 24 in
873 2218 63 26 their
948 2225 52 17 own
1010 2216 120 30 interests,
1139 2222 42 17 use

629 2255 38 26 the
676 2255 53 24 best
737 2254 47 24 and
795 2253 108 25 claa&sst.

686 2291 208 26 LOW-PRICED
931 2288 85 26 SEED
1052 2286 68 26 ARE

762 2323 134 26 SELDOM
921 2320 119 26 CHEAP.

656 2396 97 24 Nimmo
766 2396 48 22 and
831 2394 66 24 Blair
917 2399 39 18 are
967 2391 63 24 local
1043 2392 84 26 agents
1143 2389 36 23 for

629 2428 128 25 Mitchell's
784 2426 131 25 Broadcast
939 2423 95 30 Sowing
1058 2421 121 30 Machine,

629 2462 122 24 Osborne's
764 2462 102 29 Reapers
888 2457 46 26 and
951 2456 110 25 Bindeis.
1102 2453 76 26 Thos?

629 2497 21 22 to
659 2493 77 26 arrive
746 2493 47 26 this
804 2498 82 19 season
898 2498 39 18 are
946 2488 68 26 fitted
1027 2487 58 25 wiib
1098 2486 30 24 all
1139 2486 40 25 the

629 2527 65 25 latest
701 2527 194 30 improvements.

654 2552 139 31 Tcnilinson
816 2557 46 25 and
893 2554 139 33 Hayward's
1051 2551 128 33 Glycerina

629 2591 74 31 Sheep
715 2590 54 32 Dip,
778 2589 104 26 Linseed
897 2588 38 24 Oil
948 2586 71 31 Cake,
1035 2586 85 29 Singer
1132 2583 45 25 and

629 2622 58 25 Oo.'s
702 2622 65 25 local.

652 2655 56 26 Sole
727 2657 82 29 agents
828 2654 36 25 for
882 2654 76 31 Oiago
976 2650 46 27 and
1045 2648 131 28 Sonthlaud

629 2688 77 24 forjbe
720 2688 86 23 Planet
824 2687 71 24 Fain
910 2686 46 23 and
972 2684 95 23 Garden
1087 2683 76 29 Imple-

629 2722 79 21 ments.
741 2718 39 24 No
789 2724 44 18 one
845 2717 88 29 having
949 2723 14 17 a
978 2715 90 31 garden
1079 2715 26 22 to
1122 2712 54 25 tend

629 2750 80 25 should
717 2750 29 24 be
758 2749 101 26 without
867 2756 52 17 one.

655 2788 54 25 Sole
716 2792 81 28 agents
806 2788 24 23 in
840 2790 59 22 New
908 2785 103 26 Zealand
1025 2785 37 25 for
1078 2784 99 24 Lactine

629 2820 42 25 and
679 2821 132 25 Restorine.
835 2820 53 25 The
894 2820 87 24 former
996 2818 20 25 is
1026 2826 14 16 a
1051 2817 64 24 Bubs'
1120 2817 58 24 itute

629 2854 33 24 for
677 2853 59 26 milk
754 2853 37 25 for
815 2853 96 31 feeding
936 2851 87 28 calves,
1042 2850 47 24 and
1116 2851 62 23 costs

629 2887 70 23 about
715 2885 30 24 2d
762 2893 42 23 per
822 2886 87 28 gallon.
939 2885 53 22 The
1011 2882 126 25 Restorine
1157 2881 20 23 is

629 2918 33 23 for
670 2918 146 31 sweetenirg
824 2916 133 24 weathered
964 2915 46 29 hay
1021 2914 46 24 and
1084 2913 94 29 feeding

629 2950 84 32 grains.

809 2982 66 24 FOR
901 2980 90 25 SALE.

655 3024 77 25 Horse
744 3025 76 23 Gears
831 3025 46 23 and
886 3024 163 24 Chaflcutters.

655 3057 66 26 Kock
743 3057 60 32 Salt,
819 3057 60 26 Iron
900 3056 89 31 Tanks,
1008 3053 79 33 Sheep
1108 3050 70 34 Nets,

629 3091 59 23 Corn
710 3092 82 27 Sacks,
815 3091 62 30 Rye,
901 3091 76 35 Rape,
1000 3088 85 26 Tares,
1099 3086 64 23 Phos-

629 3122 86 29 phorus
734 3122 48 23 and
810 3122 39 23 Oil
868 3122 25 24 of
917 3119 132 28 Rhodium,
1065 3118 115 26 Fanners,

629 3154 103 31 Fencing
774 3153 72 30 Wire,
889 3151 96 26 Barbed
1014 3150 47 24 and
1101 3147 79 30 Plain,

629 3186 136 33 Standards,
782 3186 104 33 Binding
899 3185 89 32 Twine,
1005 3183 53 32 &c,
1075 3182 42 26 &c.

685 3252 141 31 Catalogues
852 3258 52 20 sent
921 3260 30 16 on
966 3248 152 34 application.

727 3321 120 26 NIMMO
873 3321 71 26 AND
974 3317 111 30 BLAIR,

629 3359 166 26 GENERAL
812 3358 207 29 COMMISSION
1042 3353 137 26 AGENTS

716 3392 19 25 &
754 3392 154 28 PRODUCE
925 3388 166 31 BROKERS,

786 3424 113 29 PfIINCKS
910 3443 8 5 -
932 3430 96 24 STBEET,

830 3459 164 27 DUNEDIN.

630 3517 160 25 DUNNING
819 3516 91 25 BROS.
955 3516 21 24 &
1003 3513 178 26 LANDORF

739 3555 190 29 Princes-street,
944 3552 121 26 Dunedin.

784 3624 84 24 Feuit
878 3623 142 25 Impoetees

656 3673 73 26 From
751 3671 151 32 Melbourne,
925 3671 103 32 Sydney,
1048 3669 103 33 Hobart,

686 3713 126 31 Adelaide,
822 3711 48 33 Fiji
889 3711 104 31 Islands,
1012 3710 21 26 &
1047 3710 73 26 From

716 3746 32 24 all
781 3745 60 25 New
873 3744 106 26 Zealand
1010 3744 81 24 Ports.

629 3833 139 27 FRUIT
800 3831 93 27 NOW
926 3831 47 25 IN
1002 3831 177 30 SEASON,

654 3880 117 31 Oranges,
780 3878 90 31 Eating
878 3878 49 24 and
935 3877 107 32 Cooking
1051 3877 98 31 Apples,

685 3911 132 24 Mandarin
826 3924 9 4 -
843 3911 122 29 Oranges,
998 3909 121 30 Lemons,

711 3942 111 32 Cooking
830 3940 81 32 Fears,
922 3940 74 26 Fresh
1004 3940 75 25 Cocoa-

746 3981 64 26 nuts,
823 3974 114 33 Peanuts,
948 3974 50 33 &c,
1009 3975 40 26 Ac

702 4040 89 27 Orders
802 4039 144 32 Punctually
953 4038 115 28 attended
1079 4043 25 23 to

710 4108 162 27 DUNNING
883 4107 91 27 BROS:
986 4109 21 25 &
1019 4109 57 31 Co.,

885 4147 54 27 Box
955 4148 45 25 100

967 4181 113 26 Dunedin

706 4249 98 24 BOOTS
815 4248 159 30 I,BOOTS!.
992 4248 116 25 BOOTS!

637 4309 43 32 1/1
792 4309 389 26 MONAGHAN

692 4349 14 17 *
734 4351 46 23 Has
790 4352 55 22 been
863 4352 164 23 commissioned
1051 4352 29 28 by
1098 4352 36 22 Mr
1155 4352 26 22 T.

629 4395 78 28 Wood,
720 4393 24 24 of
752 4393 36 22 the
797 4393 69 29 Royal
887 4392 91 28 Arcade,
991 4393 108 27 Dunedin,
1111 4396 23 19 to
1143 4392 39 23 sell

629 4443 46 26 pait
682 4439 22 23 of
714 4438 33 24 his
762 4438 59 30 large
837 4436 67 25 Stock
927 4438 24 22 of
966 4438 66 23 Boots
1047 4437 43 24 and
1105 4437 75 29 Shoes,

629 4482 68 23 which
709 4483 56 21 must
780 4481 27 22 be
817 4480 90 29 entirely
915 4479 89 30 [cleared
1015 4487 44 20 out,
1073 4483 22 19 at
1102 4480 80 29 greatly

629 4522 91 24 reduced
744 4520 73 31 prices,
842 4520 22 23 in
879 4520 62 23 order
955 4523 23 20 to
997 4520 63 23 make
1076 4527 60 16 room
1151 4520 32 22 for

630 4565 27 23 T.
675 4563 90 24 Wood's
807 4563 77 22 Patent
910 4562 137 29 Waterproof
1059 4562 67 23 Boots
1141 4562 42 23 and

740 4605 72 24 which
830 4605 53 28 will,
891 4605 84 22 include
995 4612 64 21 every
1073 4605 79 22 branch
1170 4612 13 14 o

629 4638 34 23 the
674 4636 65 24 trade.

655 4710 75 25 Goods
742 4709 88 24 Offered
837 4711 22 21 at
870 4708 71 23 Prices
952 4708 95 23 unheard
1056 4708 22 23 of
1088 4708 71 24 before

821 4751 23 21 in
869 4750 122 22 Lawrence.

643 4813 148 30 Watertights,
809 4819 35 23 my
859 4819 48 16 own
922 4810 71 29 make,
1011 4809 101 32 to-order,
1122 4817 45 23 225,

808 4843 44 22 For
866 4841 58 23 Cash
938 4842 64 28 Only.

631 4907 110 25 LABOR
767 4905 201 29 EXCHANGE,
991 4904 192 26 LAWRENCE

633 4976 99 59 IAHI3
764 4974 130 30 Exchange
922 4974 21 22 is
973 4981 54 17 now
1051 4982 62 23 open
1147 4976 37 23 for

665 5030 5 5 •
706 5018 166 29 Engagement
880 5017 24 21 ot
910 5015 31 24 all
950 5015 72 25 kinds
1031 5016 28 24 of
1064 5017 121 29 Servants,

632 5063 142 27 Domestics,
804 5059 88 30 Cooks,
931 5059 172 31 Housemaids,
1132 5061 53 31 &c,

631 5108 50 27 also
693 5105 161 32 Ploughmen,
865 5103 194 33 Station-hands,
1071 5106 60 27 Pick
1139 5108 46 25 and

632 5151 86 27 Shovel
731 5150 67 29 Men,
809 5148 53 29 &c,
876 5148 164 25 &c—Ordeis
1055 5150 96 31 bypost
1160 5160 26 16 or

632 5196 115 31 telegram
760 5192 47 24 will
819 5191 93 24 receive
925 5193 115 28 punctual
1051 5195 125 24 attention.

850 5235 24 26 J.
893 5235 26 24 C.
935 5235 156 27 LORIMER

871 5269 78 25 Labor
962 5270 137 33 Exchange,

769 5304 256 30 Whiiehaven-str«et,
1037 5304 134 28 Lawrenee.

1210 615 126 29 TEVIOT
1352 616 150 26 SHOEING
1517 616 71 27 AND
1607 618 140 27 GENERA

1427 660 121 26 FORGE.

1273 734 70 25 HO
1360 733 106 25 MAS
1535 734 181 27 ANDRE

1285 777 52 26 Has
1352 785 54 18 now
1421 775 38 28 for
1472 776 47 27 sale
1534 785 16 19 a
1563 777 94 31 general
1673 780 75 26 assart

1208 823 64 21 merit
1299 822 27 23 of
1348 821 182 31 Ironmongery,
1546 820 140 29 Hardware,
1701 822 47 24 Gal

1189 863 3 35 ,
1206 863 99 25 vanized
1316 863 72 31 Pipes
1401 863 47 24 and
1470 863 33 25 all
1520 867 126 27 necessary
1657 863 91 32 fittings

1206 905 186 32 High-pressure
1422 904 86 31 Cods,
1546 905 60 32 Stop
1628 905 56 31 Do.,
1715 906 33 25 &c

1208 949 141 29 Hardwood,
1369 949 125 26 American
1517 949 103 29 Timber,
1634 949 110 33 Swingle

1204 996 62 20 trees
1277 992 43 30 (all
1334 992 82 31 sizes),
1430 993 97 31 Smithy
1540 992 78 31 Goals,
1632 993 112 25 America:

1204 1034 47 23 and
1273 1034 99 30 English
1391 1035 149 30 Barb-Wire,
1568 1035 107 32 Fencing
1689 1036 53 24 Wir

1204 1074 47 26 and
1268 1075 139 33 Standards,
1425 1076 55 30 &c,
1496 1076 52 30 &c,
1559 1075 79 27 which
1656 1076 49 27 will
1726 1076 16 27 b

1203 1120 53 25 sold
1272 1124 24 22 at
1308 1120 44 26 the
1362 1121 84 25 lowest
1457 1121 177 26 remunerative
1646 1121 83 31 prices,

1228 1164 28 25 T.
1267 1164 29 25 A.
1306 1164 26 25 in
1341 1164 70 26 order
1421 1168 26 22 to
1462 1165 115 25 facilitate
1592 1164 41 26 the
1651 1165 92 33 require

1199 1210 75 23 ments
1281 1208 27 25 of
1316 1208 41 26 the
1367 1208 92 25 district
1470 1208 43 26 has
1524 1208 77 26 added
1613 1210 24 24 to
1644 1207 37 26 his
1689 1208 54 30 plan

1198 1261 14 16 a
1222 1252 109 31 Turning
1342 1253 82 28 Lathe,
1435 1251 104 32 Drilling
1550 1251 120 30 Machine,
1686 1251 58 26 Tire

1200 1297 38 29 ing
1267 1297 77 30 Plate,
1372 1297 122 30 Gas-Pipe
1517 1295 89 25 Stocks
1627 1296 57 23 Dies
1709 1304 34 15 am

1201 1340 61 34 Taps
1276 1340 34 33 (J,
1321 1340 47 28 lin,
1381 1340 46 26 and
1447 1338 105 35 1{)—all
1562 1338 27 28 of
1603 1338 77 28 which
1693 1338 31 28 be
1736 1338 7 27 i

1201 1384 114 34 prepared
1324 1387 24 23 to
1357 1391 42 20 use
1406 1392 31 18 on
1447 1387 64 23 most
1520 1383 139 27 reasonable
1671 1386 77 24 terms.

1230 1433 115 32 Farming
1353 1434 46 25 and
1415 1434 96 31 Mining
1524 1433 153 31 Implements
1687 1434 61 24 madr

1199 1477 46 27 and
1261 1478 116 33 repaired.

1259 1566 111 32 Shoeing,
1381 1566 35 30 &»,
1426 1566 35 32 7b,
1479 1567 46 27 and
1550 1566 29 26 Bs
1595 1574 38 26 pet
1652 1570 41 22 set

1256 1640 33 22 Re
1306 1639 13 23 d
1331 1639 41 23 this
1382 1639 109 30 carefully,
1518 1646 24 16 as
1553 1639 17 23 it
1584 1639 18 23 is
1621 1639 25 23 of-
1653 1643 48 19 vast
1714 1639 28 23 im

1308 1674 102 26 portance
1420 1674 23 19 to
1461 1669 30 24 all
1504 1669 89 30 reading
1612 1669 52 24 suofc
1679 1669 62 24 advic

1197 1787 59 25 Just
1261 1781 140 29 Published,
1408 1780 59 25 New
1475 1780 47 25 and
1533 1780 99 25 Revised
1648 1779 99 26 Edition

1336 1814 136 27 GOLDEN
1499 1812 98 27 BOOK:

1250 1853 22 23 A
1286 1849 103 25 Medical
1401 1848 77 30 Essay
1490 1848 38 24 for
1538 1846 87 32 Young
1637 1846 66 25 Metr.

1200 1886 20 23 A
1247 1881 116 26 Practical
1390 1880 106 24 Treatise
1522 1888 32 15 on
1581 1879 42 24 the
1649 1878 99 27 Nature,

1243 1916 96 26 Causes,
1367 1912 47 25 and
1432 1912 62 25 Cure
1519 1911 29 26 of
1567 1909 113 26 Nervous
1703 1910 45 25 and

1244 1945 109 34 Physical
1362 1945 107 32 Debility
1477 1944 47 26 and
1532 1942 92 33 Special
1633 1942 109 26 Disease*

1242 1982 48 25 and
1311 1989 14 16 a
1346 1979 79 25 Guide
1440 1982 26 22 to
1480 1977 101 29 Health.
1607 1975 134 33 Happiness

1242 2014 46 26 and
1302 2020 14 18 a
1328 2011 120 32 Vigorous
1458 2012 45 24 Old
1517 2012 61 31 Ago,

1226 2095 50 24 The
1291 2092 102 26 demand
1408 2092 76 24 which
1512 2094 47 23 this
1586 2094 95 25 treatise
1707 2094 41 24 has

1196 2130 49 21 met
1258 2125 66 29 with,
1339 2123 46 26 and
1400 2126 42 22 the
1457 2123 122 34 flattering
1593 2126 155 24 testimonials

1195 2158 96 26 eceived
1312 2158 64 24 from
1399 2156 33 26 all
1458 2156 75 26 ranks
1563 2159 25 25 of
1611 2159 90 32 society
1725 2151 23 33 fn

1194 2192 114 25 different
1345 2192 67 30 parts
1452 2189 28 26 of
1500 2191 121 26 Australia
1650 2191 27 26 of
1718 2192 19 26 it

1194 2225 142 29 usefulness,
1352 2223 43 25 has
1408 2222 59 26 been
1493 2230 31 18 an
1546 2224 153 26 inducement
1724 2227 24 23 to

1194 2257 135 33 republish
1337 2265 14 16 a
1359 2264 51 17 new
1421 2255 156 31 edition,with
1586 2257 162 26 considerable

1194 2291 194 30 improvements,
1420 2287 43 26 the
1503 2290 75 24 result
1619 2290 26 26 of
1669 2293 78 21 recent

1193 2323 148 30 experience,
1381 2320 120 31 believing
1527 2322 20 24 it
1587 2322 49 24 will
1675 2330 73 24 prove

1195 2353 166 26 instrumental
1377 2353 24 24 in
1418 2352 138 34 alleviating
1578 2354 42 25 the
1642 2354 59 25 evils
1723 2357 25 18 to

1195 2387 76 25 which
1284 2394 43 16 our
1336 2393 54 17 race
1397 2392 40 18 are
1447 2385 94 32 subject
1552 2387 26 25 in
1588 2394 159 24 consequeuc*

1194 2420 27 23 of
1230 2417 168 26 disobedience
1409 2417 26 24 of
1449 2417 113 26 Nature's
1585 2418 64 27 laws;
1673 2419 75 31 Eight

1225 2454 19 6 »_
1280 2443 4 17 •
1306 2459 8 1 -
1329 2450 27 10 -3'
1356 2450 28 10 A.l
1439 2447 15 13 L.
1510 2450 5 10 1
1582 2450 35 10 -_1
1673 2453 19 7 1.
1699 2443 21 17 Y
1723 2452 15 8 ft.

1193 2493 14 16 a
1232 2485 44 24 few
1301 2490 112 24 years—a
1449 2483 70 31 proof
1552 2484 63 25 alike
1644 2484 28 25 of
1707 2485 39 24 the

1192 2518 149 31 importance
1353 2516 26 24 of
1390 2515 41 25 the
1444 2515 103 33 subject,
1559 2517 41 25 the
1625 2518 70 24 value
1723 2518 24 23 of

1194 2551 39 24 the
1250 2549 74 29 work,
1340 2548 46 25 and
1400 2549 42 24 the
1454 2548 101 26 interest
1568 2549 19 25 it
1599 2549 43 25 baa
1655 2549 90 26 excited

1192 2582 24 24 in
1231 2589 71 23 every
1317 2580 61 25 rank
1388 2580 30 23 of
1423 2580 40 25 the
1470 2581 155 31 community.
1638 2581 32 26 In
1676 2581 58 25 offer-

1192 2615 41 30 ing
1243 2614 48 24 this
1299 2620 51 18 new
1360 2612 92 25 edition
1462 2615 25 23 to
1496 2613 40 25 the
1545 2614 80 30 public
1633 2617 20 21 it
1659 2614 20 24 is
1686 2613 60 25 dene

1216 2646 26 9 •,i
1388 2643 31 12 JtJt
1487 2644 52 11 iL.i
1550 2647 17 8 i»
1600 2645 24 10 ri»
1634 2645 12 10 i
1657 2643 4 12 -
1674 2646 8 9 t
1738 2645 7 10 I

1184 2670 101 40 'equally
1298 2679 94 28 worthy
1406 2677 27 24 Of
1444 2678 41 23 the
1504 2683 99 24 euprx>rt
1616 2678 78 24 which
1706 2678 41 26 has

1193 2712 57 22 been
1261 2709 120 25 extended
1393 2711 25 21 to
1433 2709 41 23 the
1498 2707 88 26 former
1610 2715 66 24 qpes.
1696 2709 50 23 Th»

1280 2742 41 24 has
1348 2739 47 26 had
1418 2739 40 25 the
1480 2740 89 25 benefit
1583 2740 30 26 of
1632 2748 14 17 a
1658 2740 89 25 careful

1192 2775 110 29 revision,
1312 2773 47 25 and
1368 2780 53 18 now
1428 2772 119 26 embodies
1553 2777 41 21 the
1601 2774 146 31 experience,

1192 2816 25 16 as
1230 2807 52 26 well
1294 2815 25 17 as
1341 2805 41 26 the
1398 2805 128 26 undivided
1545 2806 73 33 study
1632 2806 28 25 of
1677 2814 53 18 man
1733 2814 13 11 v

1192 2848 68 25 years
1267 2848 32 17 on
1308 2839 40 25 the
1359 2840 132 31 important
1498 2838 91 33 subject
1597 2847 64 25 upon
1671 2833 65 31 whicl

1192 2877 19 22 it
1225 2875 84 23 treats*

1225 2906 38 30 By
1275 2913 14 15 a
1304 2904 88 24 careful
1413 2904 93 30 psrusal
1519 2904 27 24 of
1560 2904 48 25 this
1622 2904 71 30 book,
1706 2904 41 24 the

1193 2937 91 32 patient
1291 2936 49 25 will
1350 2936 28 24 be
1386 2935 99 25 enabled
1494 2939 25 22 to
1527 2944 39 18 see
1574 2939 72 23 atrue
1656 2936 92 32 picture

1193 2970 28 24 of
1226 2968 265 30 bisdisorder,whether
1500 2968 20 25 it
1524 2968 28 27 be
1560 2968 118 27 inherited
1688 2968 58 27 froni

1194 3001 36 25 his
1242 3001 154 32 progenitors,
1408 3000 135 30 accidental,
1559 3008 27 19 or
1597 3001 151 28 self-caused;

1195 3034 28 25 he
1253 3032 48 25 will
1314 3033 57 24 thus
1398 3032 29 25 be
1446 3032 99 26 enabled
1567 3036 25 21 to
1604 3033 142 32 distinguish

1195 3066 65 26 truth
1270 3066 61 26 from
1338 3066 115 25 error—it
1460 3066 78 31 points
1545 3069 42 23 out
1593 3066 46 26 and
1647 3069 100 24 correctb

1196 3101 56 22 false
1272 3099 117 30 opinions,
1412 3097 76 24 which
1506 3099 42 26 has
1559 3099 71 35 given
1653 3099 46 24 rise
1722 3102 25 20 to

1195 3130 113 32 practices
1328 3130 27 23 of
1369 3129 40 24 the
1426 3132 61 21 most
1497 3129 121 33 injurious
1631 3130 114 31 tendency

1194 3170 25 18 as
1240 3162 96 34 regards
1352 3160 89 31 health,
1468 3162 118 33 strength,
1611 3162 47 26 and
1684 3162 62 26 their

1195 3196 80 25 future
1288 3195 105 27 welfare;
1405 3195 18 24 it
1432 3193 49 27 also
1493 3195 81 33 brings
1584 3198 27 23 to
1622 3196 69 33 light,
1700 3196 46 25 and

1195 3229 104 25 enforces
1307 3236 62 24 upon
1378 3229 41 24 the
1428 3229 117 24 attention
1551 3228 27 26 of
1585 3229 31 24 all
1630 3229 100 30 thought-

1197 3261 32 23 ful
1258 3268 60 22 men,
1343 3261 66 23 those
1432 3259 137 26 irrefutable
1593 3260 60 25 evils
1670 3257 74 28 which

1194 3292 110 25 mankind
1322 3291 121 31 nevitably
1449 3292 144 32 entail[upon
1602 3291 139 27 themselves

1196 3327 31 31 by
1240 3325 141 32 indulgence
1399 3325 25 26 in
1444 3324 42 27 the
1498 3325 118 26 miscalled
1631 3325 114 32 pleasures

1195 3360 26 22 of
1240 3358 47 30 life,
1302 3358 47 24 and
1373 3360 89 24 certain
1487 3358 128 25 unnatural
1626 3358 92 30 habits;
1728 3358 18 25 it

1195 3390 49 26 also
1260 3391 49 29 lays
1325 3389 68 27 down
1409 3389 89 28 certain
1510 3389 162 27 fundamental
1685 3391 49 31 prin-

1197 3424 69 32 ciples
1281 3422 77 27 which
1370 3431 55 26 may
1436 3431 67 19 serve
1515 3426 27 23 to
1552 3423 116 26 eradicate
1680 3424 66 25 those

1196 3456 179 33 deeply-rooted
1383 3456 63 27 vices
1454 3456 51 26 that
1513 3464 86 25 oppose
1607 3456 139 27 themselves

1196 3493 24 21 to
1237 3497 71 24 every
1320 3489 87 24 dictate
1421 3490 28 25 of
1468 3492 91 28 nature,
1582 3489 46 25 and
1646 3489 99 33 thereby

1197 3523 28 24 be
1240 3522 40 25 the
1292 3529 79 17 means
1383 3522 28 24 of
1420 3522 136 31 reclaiming
1575 3522 41 25 the
1632 3521 100 33 thought-

1197 3555 44 24 less
1258 3556 24 23 to
1294 3554 41 24 the
1346 3554 69 30 paths
1426 3563 26 16 or
1461 3554 79 25 virtue
1551 3553 47 26 and
1609 3555 125 24 rectitude.

1225 3588 20 23 A
1257 3593 60 25 copy
1325 3586 28 25 of
1361 3586 40 24 the
1412 3588 75 24 shove
1497 3584 110 27 valuable
1617 3585 67 26 work
1693 3593 52 26 may

1196 3619 29 25 be
1240 3619 46 25 had
1301 3626 30 17 on
1345 3619 153 31 application,
1513 3626 28 17 or
1556 3618 21 25 it
1592 3618 40 25 wil
1649 3619 30 25 be
1696 3623 49 21 sent

1195 3651 49 25 free
1258 3651 33 31 by
1306 3654 54 28 post
1374 3654 25 21 to
1423 3659 47 24 any
1487 3649 106 34 address,
1607 3657 32 23 op
1658 3651 87 33 receipt

1194 3683 27 27 of
1230 3686 89 30 stamps
1331 3685 24 23 to
1366 3690 74 27 repay
1454 3685 105 31 postage.

1253 3717 81 34 Apply
1348 3720 26 23 to

1252 3752 125 27 HENRY
1395 3754 40 26 W.
1453 3755 182 35 MITCHELL*,

1279 3784 114 32 Opposite
1404 3788 127 29 Swan-st.,
1549 3790 103 31 Btation,

1545 3828 144 29 Richmond,

1565 3863 150 27 Melbourne.

1329 3963 29 29 J.
1418 3960 330 30 PITCHERS

1279 4024 159 29 GENERAL
1452 4023 251 31 STOREKEEPER,

1269 4080 237 30 SoOTLAHO-SIBBBT,
1521 4080 154 30 RoXBtJBGH,

1196 4163 77 27 Offers
1285 4163 35 26 for
1334 4163 52 27 Sale
1402 4163 41 26 the
1458 4161 127 35 following'
1599 4160 110 31 Articles,
1719 4158 29 28 all

1194 4209 29 24 of
1242 4208 78 25 which
1347 4215 40 18 are
1412 4206 146 34 guaranteed
1587 4206 26 25 of
1640 4205 108 27 Genuine

1195 4258 98 33 Quality
1303 4257 47 27 and
1360 4257 63 34 good
1439 4256 100 26 value-

1225 4304 123 26 Groceries
1356 4304 26 26 of
1392 4310 73 26 every
1477 4303 144 32 description

1225 4358 118 32 Drapery,
1365 4358 75 25 Boots
1460 4357 48 26 and
1524 4357 85 31 Shoes,
1626 4357 61 26 ftora
1710 4356 38 25 the

1285 4402 54 26 best
1354 4400 111 27 Markets

1225 4459 181 33 Ironmongery,
1419 4458 71 27 Glass
1496 4458 50 26 and
1557 4458 139 26 Chinaware

1226 4515 114 32 Building
1350 4515 48 25 and
1407 4513 95 32 Mining
1512 4513 97 26 Timber

1228 4571 65 30 Oats,
1306 4571 72 29 Bran,
1394 4569 47 25 and
1452 4567 78 26 Chaff.

1198 4651 75 26 NEW
1299 4629 175 46 ZEALAnF
1488 4647 192 33 .NSURANCEI
1710 4647 38 27 CO

1404 4691 146 28 AGENCY.

1256 4853 193 28 TILLIAM
1493 4851 107 28 BAIN
1636 4853 21 24 &
1696 4853 51 31 C.O

1321 4899 142 27 BCTUHBHH,
1477 4896 108 27 BElfeEB
1605 4894 75 30 FUT.

1231 5030 112 27 Families
1353 5028 86 28 waited
1449 5035 32 19 on
1491 5028 38 26 for
1537 5027 83 28 ordert

1232 5103 61 27 Beef
1317 5101 49 28 and
1389 5101 98 26 mutton
1512 5100 26 26 of
1562 5099 77 33 prime
1665 5100 79 33 qualit;

1205 5173 120 27 ielivered
1340 5173 27 24 in
1377 5179 48 25 any
1435 5173 55 28 part
1499 5171 28 24 of
1535 5170 42 25 the
1588 5170 99 25 district.

1233 5242 75 28 Small
1323 5240 75 35 goods
1408 5239 89 29 always
1506 5246 32 19 on
1548 5237 71 28 hand.

2090 701 74 27 iC
2187 699 22 24 H
2237 697 18 24 B

1858 761 10 12 .
1884 747 80 23 COAL
1979 748 20 23 &
2019 744 112 25 TIMBER
2153 739 154 27 MERCHAN

1753 792 9 6 *
1776 797 54 29 Begs
1838 799 23 20 to
1870 796 61 22 draw
1938 796 36 23 the
1988 794 102 24 attention
2107 793 25 23 of
2143 792 34 23 his
2192 788 79 25 friends
2284 794 22 16 ar

1774 837 36 24 the
1825 837 73 30 public
1907 841 23 18 to
1950 836 36 23 the
1995 836 42 22 fact
2046 834 86 29 tbat;he
2142 832 110 24 continues
2268 829 40 22 bus

1748 873 11 22 '»
1773 886 48 17 ness
1837 886 24 16 as
1877 878 120 24 heretofore
2002 896 6 9 v
2009 876 78 26 on!the
2097 875 101 27 premises
2215 870 93 30 adjoinin

1750 924 7 12 »
1772 919 36 24 the
1817 918 37 24 old
1862 918 68 31 plaee,
1940 925 51 16 new
1999 917 38 24 the
2051 914 86 29 railway
2156 912 85 27 station,
2263 911 46 23 Law

1746 960 7 14 11
1771 968 70 17 rence.
1872 960 38 23 All
1922 956 195 32 ordersientrusted
2133 959 22 19 to
2164 956 52 29 .him
2231 952 44 24 will
2293 959 16 16 re

1747 1001 10 16 1
1768 1003 61 24 eei»e
1837 1005 88 29 prompt
1940 1004 144 24 attennorj.4*.

2010 1101 265 30 ABBUCEL

1938 1148 224 30 AUCTIONEER,

1860 1226 230 33 COMMISSiUir
2099 1223 119 32 AGENT,

1944 1253 196 31 LAWRENCE.

1748 1297 6 22 I

1746 1348 9 16 s
1769 1340 80 33 Every
1853 1338 7 14 4
1889 1335 131 36 eacrlptlon
2031 1333 26 27 of
2067 1331 83 30 Goods
2165 1331 98 34 Bought
2273 1339 36 18 am

1887 1383 60 27 Sold
1976 1389 32 17 on
2034 1380 166 26 Commission.

1748 1443 7 15 J
1783 1455 127 26 Advanoee
1921 1460 32 18 on
1963 1449 83 28 Goods
2055 1446 128 32 consigned
2195 1448 37 25 for
2244 1447 61 26 Sale.

1810 1524 83 27 Good*
1901 1522 113 34 supplied
2027 1524 26 24 at
2063 1517 113 31 Dunedin
2190 1517 86 25 Prices.

1781 1603 73 23 FIRE
1884 1601 78 26 LIFE,
2001 1597 68 23 AND
2105 1594 202 24 ACCIDENTAL

1879 1636 184 29 INSURANCE
2090 1634 115 25 AGENT.

1955 1706 183 29 Agrst^ob—

1795 1741 75 27 Black
1887 1740 77 26 Horse
1974 1738 119 30 Brewery,
2107 1734 179 26 Wetherstones

1746 1778 1 34 1
1794 1786 26 26 J.
1832 1785 31 26 D.
1878 1782 113 27 Feraud's
2002 1780 91 28 Wines,
2101 1778 119 30 Cordials,
2232 1778 42 25 &o.

1795 1829 131 27 Wertheim
1937 1826 93 32 Sewing
2043 1823 123 27 Machines

1746 1865 4 41 ,
1763 1872 130 27 Zealandia
1897 1865 10 29 \
1917 1871 106 29 Ranges.

1934 2336 118 58 Fit
2085 2335 124 57 AE
2246 2333 32 54 H

1914 2509 21 27 L
1949 2509 19 28 4
1983 2509 26 23 VV
2023 2509 21 25 1
2056 2508 19 24 E
2088 2507 22 23 N
2124 2507 18 25 C
2154 2505 29 31 E,

1935 2604 155 132 'J

1763 2851 81 26 Direct
1877 2850 120 31 Importer
2021 2847 26 27 of
2070 2844 101 26 General
2197 2843 112 31 Drapery,

1882 2961 123 32 Clothing,
2038 2961 78 27 Boots,
2150 2962 45 26 fro.

1807 3380 40 26 All
1862 3381 92 26 Orders
1965 3379 121 33 promptly
2105 3377 115 26 attended
2239 3379 33 23 to.

1830 3630 81 57 M.
1948 3621 283 64 FKAER.

1940 3760 190 28 LAWRENCE

1766 4180 185 60 COBB
2043 4179 115 27 AND
2220 4179 19 25 C
2264 4179 45 25 o'*

1878 4223 190 23 TELEGRAPH
2084 4223 74 22 LINE
2175 4223 40 21 OF

1780 4265 147 27 ROYAL
1963 4264 110 27 MAIL
2105 4261 200 28 COACHES

1963 4311 125 25 Lawrence
2100 4318 24 16 to

1855 4356 142 25 Beaumont
2089 4352 61 25 Moa
2162 4352 67 24 Flat

1854 4400 96 26 Tbviot
2089 4397 158 24 Alexandra

1856 4444 85 26 Clyde
2088 4442 142 24 Cromwell

1855 4490 166 25 Arrowtowr
2086 4487 175 29 Queenstowj*

2016 4524 56 27 And

1855 4566 55 26 All
1928 4567 185 24 Intermediate
2126 4562 102 26 Places.

1795 4609 68 26 Cobb
1874 4609 48 26 and
1932 4609 64 25 Co.'s
2004 4607 130 29 Telegraph
2142 4606 59 24 Line
2209 4606 28 24 of
2241 4606 68 29 Roya;

1767 4652 60 27 Mail
1844 4651 106 28 Coaches
1961 4652 67 28 leave
2041 4651 126 26 Lawrence
2188 4651 37 23 for
2244 4649 65 24 Beau

1767 4692 528 35 mont,Teviot,Alexandra,Crorawell>Arrow-

1767 4745 73 26 town,
1855 4740 48 26 and
1920 4741 168 29 Queenstown,
2110 4746 72 23 every
2206 4737 103 30 Monday

1768 4782 151 37 Wednesday
1925 4782 47 27 and
1977 4781 163 33 Friday,reach
2145 4781 39 31 ing
2189 4779 120 30 Roxburgh

1768 4826 43 27 the
1818 4833 64 21 same
1891 4826 57 34 day,
1954 4826 48 27 and
2009 4826 159 30 Queenstown
2179 4825 41 25 the
2228 4824 70 25 follow-

1766 4870 43 33 ing
1817 4870 108 33 evening.
1947 4870 143 32 Passengers
2096 4869 66 25 leave
2169 4868 112 25 Dunedin
2289 4868 20 32 bj

1770 4914 41 24 the
1820 4915 54 23 5.30
1885 4922 55 18 a.m.
1954 4915 76 30 train;
2044 4913 65 25 leave
2120 4915 161 28 Queenstown
2291 4921 18 16 oi

1769 4964 62 19 same
1839 4957 59 33 days
1907 4961 26 22 at
1944 4960 13 23 5
1966 4967 14 16 a
1984 4966 47 22 ju.,
2041 4958 108 30 reaching
2157 4957 132 31 Roxburgh
2298 4966 11 16 a

1769 5000 16 25 8
1809 5004 69 28 p.m.,
1903 5000 49 26 and
1972 5000 106 33 arriving
2095 5003 26 24 at
2145 5000 129 24 Lawrence
2299 5008 10 15 a

1771 5047 15 23 8
1793 5052 58 25 p.m.
1863 5052 31 17 on
1905 5044 122 33 following
2036 5046 67 31 days.

1754 5093 3 36 -
1800 5093 114 27 Dunedin
1924 5093 37 36 800
1973 5093 12 36 l
1997 5093 37 36 lag
2044 5094 72 28 Office
2128 5094 37 26 fo»
2183 5093 126 32 Passenger

1771 5134 47 25 Bnd
1832 5134 96 25 Parcels
1938 5134 149 32 :—Booking
2098 5133 165 26 Officu—N.Z.
2277 5133 32 23 Ex

1773 5183 66 25 press
1849 5176 64 25 Co.'b
1924 5176 81 31 Office,
2018 5176 83 25 Manse
2112 5179 78 25 street,
2204 5174 105 25 Dunedin

1803 5217 70 27 Head
1885 5217 72 27 Office
1966 5218 191 31 .—peel-street,
2171 5218 126 24 Lawrence

1972 5261 32 28 H.
2023 5261 100 28 CRAIG
2141 5262 21 25 &
2180 5263 56 30 CO.,

2135 5302 161 31 Proprietors.

2519 634 23 24 N
2592 631 126 25 TICE.

2398 891 98 26 OUNT
2566 888 142 25 BENGEfi
2784 887 108 30 MAIL,*

2484 963 26 24 Is
2535 958 127 35 published
2679 965 73 24 every

2531 1028 188 30 SATURDAY,

2422 1175 109 30 Printing
2549 1171 85 32 Office,
2650 1170 140 31 Roxburgh.

2390 1376 105 23 TERMS
2524 1375 42 24 OF
2592 1370 228 29 SUBSCRIPTION
2829 1377 7 17 i

2500 1451 26 24 4b
2557 1455 43 27 per
2618 1450 104 31 quarter.

2324 1651 3 23 i
2891 1651 1 23 i

2371 1674 204 26 ÜBSCRIBER3
2593 1682 44 16 can
2657 1679 135 19 commence
2808 1672 24 22 at
2843 1676 45 24 my

2366 1708 3 14 i

2333 1747 62 29 date,
2420 1745 46 25 and
2488 1745 48 25 will
2547 1745 29 24 be
2589 1742 104 33 charged
2709 1742 24 24 in
2750 1738 137 35 proportion

2331 1820 25 22 to
2387 1815 43 26 the
2455 1814 47 27 end
2531 1815 25 25 of
2587 1814 42 25 the
2658 1813 98 25 current
2785 1812 102 31 quarter.

2334 1886 84 24 Notice
2427 1888 33 21 to*
2467 1884 150 25 discontinue
2627 1883 82 24 sabscT
2718 1881 66 31 ption
2795 1879 90 25 MUST

2333 1955 42 25 BE
2393 1954 37 26 IN
2450 1952 160 30 WRITING,
2632 1951 45 26 and
2699 1950 86 34 posted
2799 1958 29 17 or
2847 1949 26 25 de-

2333 2031 89 26 livered
2436 2033 25 22 to
2474 2031 41 24 the
2531 2029 73 26 Office
2621 2027 84 31 direct,
2719 2025 127 27 aadressed
2863 2027 23 23 to

2333 2101 40 24 the
2411 2100 126 32 Manager.
2580 2097 91 25 Verbal
2710 2103 117 23 messages
2862 2097 26 21 to

2333 2170 124 27 travellers
2471 2178 27 17 or
2517 2171 86 30 agents
2623 2167 31 25 wi
2693 2171 24 21 In
2739 2173 31 18 no
2794 2172 52 17 case
2859 2165 29 24 be

2332 2242 122 33 regarded.
2503 2239 63 27 This
2590 2238 53 26 rule
2671 2237 40 26 wil
2745 2241 29 20 fee
2795 2235 92 31 strictly

2332 2312 100 25 adhered

2363 2382 90 24 Orders
2480 2381 37 24 for
2549 2379 212 25 Advertisements,
2796 2375 22 25 if
2847 2377 41 22 not

2332 2451 164 32 accompanied
2520 2450 33 31 by
2571 2448 155 26 instructions
2744 2447 24 25 of
2790 2444 99 27 number

2333 2523 27 23 of
2371 2523 138 28 insertions,
2525 2520 47 25 will
2585 2520 25 24 in
2621 2518 32 25 all
2669 2525 53 18 caso
2796 2516 92 24 treated

2338 2601 19 14 ■-a
2365 2592 114 29 standing
2488 2589 203 28 advertisements,
2701 2586 47 25 and
2760 2584 127 26 continued

2333 2661 60 23 until
2408 2660 94 23 written
2520 2659 77 21 notice
2612 2657 20 22 3c
2649 2654 136 26 forwarded
2811 2657 24 19 to
2848 2652 44 38 thej

2789 2701 8 2 _

2891 2698 1 23 I

2335 2728 113 30 Manager
2460 2725 37 25 for
2508 2723 195 27 discontinuaaco

2407 2805 106 26 TERMS
2530 2805 40 24 OF
2587 2799 226 30 ADVERTISING!

2309 2861 6 12 '
2331 2877 99 24 Caboai
2441 2875 236 24 Advertisements,
2686 2871 26 24 3s
2723 2877 40 24 per
2775 2867 53 26 inch
2838 2867 50 25 first

2393 2943 131 31 Insertion;
2543 2942 27 25 2s
2580 2948 42 26 per
2632 2938 55 27 inch
2697 2938 37 25 for
2745 2937 55 25 each
2810 2936 77 25 subse*

2486 3012 115 24 insertion
2624 3009 90 30 (unless
2735 3007 99 26 ordered
2852 3006 35 24 for

2391 3087 67 24 three
2469 3083 116 29 months).

2350 3162 116 20 iakdino
2501 3155 228 24 Advertisements
2757 3148 46 31 for;
2820 3146 67 25 three

2389 3228 46 28 six,
2444 3235 29 15 or
2484 3225 84 25 twelve
2576 3222 96 26 months
2680 3229 43 17 can
2733 3220 28 24 be
2771 3217 113 32 arranged

2390 3291 37 25 for
2437 3292 26 23 at
2473 3297 13 17 a
2498 3295 58 25 very
2568 3287 83 26 liberal
2660 3285 118 24 diwount.

2331 3360 80 29 Agent
2427 3356 38 24 for
2477 3356 127 23 Lawrence
2639 3369 15 7 -
2703 3344 188 37 MrGJefferyj

2334 3429 78 32 Agent
2425 3426 37 25 for
2481 3424 113 26 Dane.diu
2609 3443 27 6 ...
2648 3421 41 26 Mr
2702 3420 22 25 R
2736 3419 21 25 T
2772 3416 111 28 Wheeler

2469 3490 133 32 Roxburgh
2617 3508 25 7 ...
2657 3488 71 24 Mail
2735 3485 82 25 Office.

2360 3566 153 27 Subscribers
2530 3562 53 26 who
2602 3560 32 24 do
2648 3560 42 24 not
2709 3556 90 25 receive
2821 3558 62 24 their

2331 3645 84 25 papers
2420 3633 120 34 regularly
2548 3639 41 17 tre
2597 3627 154 33 respectfully
2757 3628 126 33 requested

2331 3717 25 18 to
2382 3704 173 29 communicate
2589 3699 60 27 with
2686 3696 42 27 the
2761 3697 120 32 Manager,

2332 3778 69 24 when
2421 3783 71 22 every
2514 3779 53 18 care
2588 3769 49 25 will
2650 3769 29 24 be
2697 3767 72 24 taken
2785 3768 37 24 for
2843 3768 40 23 tfie

2332 3852 101 29 purpose
2448 3844 25 26 of
2483 3840 128 33 rectifying
2622 3839 40 25 the
2676 3845 71 18 same.

2472 4314 285 31 NOTICE.

2403 4410 167 28 RDERS
2646 4402 242 31 RECEIVED

2378 4551 143 28 EVERY
2552 4544 292 32 DESCRIPTION

2337 4696 135 58 JOB
2529 4686 355 60 PRINTING

2403 4786 33 23 At
2448 4783 41 24 the
2503 4781 76 25 Mail
2590 4779 67 23 office
2677 4777 141 29 Roxburgh,

2363 4840 87 28 Which
2457 4839 49 24 will
2517 4838 30 23 be
2557 4833 114 27 executed
2683 4841 31 17 on
2723 4833 41 24 the
2774 4832 104 25 shortest

2396 4906 87 26 notice,
2499 4904 25 24 in
2538 4903 40 24 the
2593 4901 53 25 beat
2658 4898 70 30 style,
2741 4897 48 25 and
2805 4900 25 22 at

2417 4979 57 23 very
2496 4967 140 27 reasonable
2649 4966 71 29 rates,
2739 4964 74 24 viz.—

2368 5039 130 27 Billheads,
2509 5036 127 27 Circulars,
2647 5034 98 29 Receipt
2756 5033 80 25 Books

2369 5107 145 34 Pamphlets,
2532 5104 148 30 Catalogues,
2702 5102 71 25 Show
2789 5101 74 25 Cards

2383 5174 108 25 Pester?,
2504 5170 183 29 Prospectuses,
2691 5166 105 24 Balance
2809 5167 83 24 Sbsets

2371 5238 82 27 Cards,
2467 5236 173 29 Programmes,
2656 5230 130 23 Handbills

2330 5296 3 35 .
2366 5305 116 26 Business
2498 5300 82 30 Cardß,
2590 5298 93 29 Labels,
2699 5296 107 30 &e.,&Q'

2895 961 3 34 1
2988 966 260 29 SADDLE
3282 968 86 27 SY.

2938 1041 9 21 >
2973 1034 23 26 E
3022 1037 22 23 T
3071 1037 21 24 E
3121 1037 23 23 R
3205 1034 249 28 MILLER

2940 1100 98 33 Saddle,
3050 1101 116 33 Harness,
3179 1102 48 26 and
3238 1102 82 26 Collar
3332 1100 90 32 Maker,

3031 1145 151 30 Peel-street,
3193 1145 137 25 Lawrence.

2934 1211 19 24 A
2989 1210 123 26 first-class
3149 1214 146 22 assortment
3330 1211 28 24 of
3391 1217 63 23 ever}

2902 1255 113 31 requisite
3026 1255 24 24 in
3061 1255 41 24 the
3110 1255 69 24 trade
3189 1255 89 30 always
3290 1262 32 17 on
3337 1253 72 26 hand.

2933 1309 39 25 All
2982 1309 71 24 kinds
3064 1309 28 24 of
3100 1309 190 25 Colonial-made
3301 1308 102 25 Saddler
3436 1309 18 24 ir

2904 1354 78 31 stock,
2993 1353 49 26 and
3054 1352 73 26 made
3135 1357 26 21 to
3172 1353 73 25 order
3253 1361 31 17 on
3294 1352 43 27 the
3355 1352 99 33 premis<

2903 1404 24 20 at
2938 1398 78 33 prices
3027 1403 24 21 to
3062 1398 47 26 suit
3120 1397 41 27 the
3172 1397 75 27 times.

3017 1622 196 26 ENRT
3301 1623 24 24 V
3360 1622 26 25 Y
3422 1622 23 24 E

2965 1687 11 5 _
3011 1665 97 25 STONE
3131 1666 105 24 MASON
3252 1665 174 26 LAWRENCE.

2903 1749 89 23 HEAD
3016 1750 67 23 AND
3104 1750 207 23 TOMBSTONES
3330 1750 43 23 TO
3394 1749 58 26 AN\

3091 1791 172 24 DESIGN.

3042 1838 29 24 In
3079 1838 85 24 Marble
3173 1846 26 16 or
3208 1838 112 25 Kikanul.

2910 1935 225 25 HEADSTONES
3149 1935 135 26 ALWAYS
3298 1935 49 26 ON
3366 1935 81 26 HANI

2961 2034 101 27 Eenaira
3078 2036 61 24 done
3153 2036 24 24 in
3188 2035 72 25 Brick
3273 2044 27 16 or
3313 2036 85 26 Stone.

2952 2090 4 24 '
2979 2090 273 23 OLLOWAY'S
3309 2091 145 23 PILLS.

2893 2141 2 41 i
3048 2152 31 23 To
3091 2152 77 30 Purify
3178 2153 31 23 the
3222 2153 70 24 Bk>od.

2929 2190 77 26 These
3026 2189 59 25 Pilis
3103 2189 62 26 have
3180 2191 59 24 been
3265 2190 81 32 placed
3369 2190 31 31 by
3416 2189 38 26 the

2892 2222 2 27 I
2902 2230 108 18 common
3030 2226 97 22 consent
3139 2222 28 26 of
3175 2223 111 25 mankind
3298 2226 25 22 at
3346 2224 39 24 the
3398 2222 56 26 head

2892 2250 24 31 lo
2947 2255 32 26 ail
2999 2255 117 26 remedies
3130 2256 36 24 for
3185 2256 122 32 removing
3325 2255 129 26 obnoxious

2902 2289 96 30 poisons
3013 2288 61 25 from
3099 2289 41 24 the
3158 2288 78 30 blood,
3262 2290 47 24 and
3335 2288 119 32 cleansing

2892 2313 41 43 jail
2953 2321 41 24 the
3007 2321 86 23 tissues
3111 2321 26 23 of
3159 2321 40 23 the
3210 2321 71 30 body.
3311 2321 66 30 They
3397 2321 57 23 have

2893 2351 2 37 j
2902 2352 71 25 saved
2997 2351 131 26 thousands
3147 2360 56 24 year
3236 2353 60 24 after
3319 2361 58 21 year
3397 2352 57 26 from

2893 2384 2 35 |
2902 2386 83 30 falling
2994 2393 13 16 a
3021 2385 102 24 sacrifice
3135 2388 25 21 to
3169 2385 114 25 tbeeffect
3292 2386 24 23 of
3328 2385 126 32 dyspepsia,

2893 2418 148 30 jdyeentery,
3064 2417 127 30 diarrhoea,
3217 2416 165 32 constipation,
3399 2417 55 24 liver

2893 2450 2 38 j
2902 2450 137 32 complaint,
3049 2450 49 30 &<•.,
3111 2458 12 16 a
3137 2450 47 25 fact
3196 2450 102 26 attested
3311 2450 30 31 by
3354 2450 100 31 myriads

2893 2481 35 27 iof
2956 2484 127 23 witnesses.
3123 2481 127 27 Excessive
3268 2482 119 25 weakness
3410 2483 44 24 and

2893 2508 3 45 j
2902 2516 110 31 debility,
3047 2516 39 24 the
3114 2517 119 29 warnings
3262 2514 30 25 of
3320 2514 134 33 decreasing

2893 2549 105 31 •organic
3033 2555 90 24 energy
3149 2548 47 24 and
3226 2547 58 25 vital
3317 2547 83 32 decay,
3419 2555 14 17 a
3446 2555 8 17 e

2904 2580 105 25 restored
3023 2580 46 24 and
3086 2580 157 24 re-animated
3259 2579 55 24 with
3328 2580 68 31 vigor
3412 2580 42 23 and

2894 2610 128 30 jhealibful
3036 2612 77 24 action
3125 2612 24 23 in
3165 2620 72 21 fcvery
3252 2620 71 21 organ
3337 2611 103 32 through-

2893 2647 52 22 iQUt
2962 2643 40 25 tbe
3022 2646 96 28 fiyefcm,
3139 2644 31 29 by
3186 2644 40 22 the
3252 2643 144 31 restorating
3412 2644 42 23 end

2893 2674 2 30 i
2901 2684 27 15 ex
2933 2675 40 23 hili
2978 2674 76 30 rating
3066 2675 117 23 influence
3194 2676 29 21 of
3234 2676 47 22 this
3292 2676 122 24 medicine.

3067 2715 86 24 Female
3170 2715 134 31 Complaints,

2932 2753 39 24 All
2981 2753 119 25 disorders
3111 2753 28 24 of
3146 2753 41 24 tho
3198 2760 48 22 sex,
3260 2752 46 25 and
3315 2752 105 25 -diseases
3433 2754 21 23 of

2902 2793 71 25 every
2981 2786 69 24 crisis
3060 2786 103 31 perilous
3172 2789 24 21 to
3208 2785 41 25 the
3261 2785 41 25 life
3313 2786 46 24 aad
3376 2785 78 26 health

2901 2819 27 24 of
2943 2826 97 22 woman,
3049 2818 113 31 youthful
3184 2826 28 16 or
3227 2819 67 31 aged,
3308 2819 102 24 married
3431 2826 23 17 or

2892 2851 3 32 !
2900 2852 82 31 single,
2992 2860 54 23 may
3059 2852 27 24 be
3096 2851 112 30 radically
3222 2851 45 24 and
3276 2851 97 32 quickly
3384 2851 70 25 cured

2893 2885 63 29 jbya
2974 2885 43 23 few
3033 2885 67 23 doses
3121 2885 27 22 of
3159 2884 65 23 these
3242 2884 65 29 Pilla,
3334 2889 9 19 t
3361 2885 45 23 ken
3419 2891 24 17 ac-

2900 2916 99 32 cording
3011 2919 23 20 to
3048 2916 40 23 the
3100 2916 94 30 printed
3207 2915 127 24 directions

3062 2959 46 23 with
3116 2959 87 30 languor
3212 2958 44 23 and
3266 2963 55 18 want
3330 2960 29 27 of
3364 2967 79 22 energy.

2928 2996 77 23 When
3014 2996 85 30 taking
3107 2995 66 24 these
3185 2995 63 30 Pills,
3258 2995 44 24 rub
3311 2995 143 31 Holowny'e

2901 3027 131 25 celebrated
3045 3028 126 24 Ointment
3184 3034 57 16 over
3263 3027 42 24 the
3325 3027 35 30 pit
3374 3027 25 23 of
3415 3028 39 23 the

2900 3062 111 30 stomach,
3016 3061 46 25 find
3075 3068 57 19 over
3142 3061 40 25 the
3193 3060 94 33 regions
3297 3061 28 24 of
3339 3059 40 26 the
3396 3060 58 26 liver

2901 3098 24 19 to
2939 3095 40 23 the
2991 3095 64 29 right
3071 3095 51 23 side
3135 3094 76 23 under
3228 3094 41 23 the
3281 3094 55 28 ribs,
3349 3095 45 21 and
3407 3102 47 21 jou

2900 3125 47 23 will
2968 3134 58 15 eocn
3050 3125 141 30 experience
3207 3132 13 16 a
3241 3125 91 29 change
3353 3125 37 24 for
3415 3124 39 25 the

2892 3158 85 36 jbetter
2986 3157 24 24 in
3022 3165 61 24 your
3099 3156 126 33 digestion,
3235 3156 91 32 spirits,
3340 3156 114 33 appetite,

2892 3182 123 42 (strength,
3026 3190 47 25 and
3085 3198 95 24 energy.
3213 3189 51 25 The
3273 3193 181 28 improvement,

2892 3222 1 33 I
2899 3223 92 32 though
2998 3224 19 23 it
3026 3232 53 22 may
3088 3224 29 24 be
3126 3222 107 33 gradual,
3242 3222 47 25 will
3300 3224 28 23 be
3337 3222 116 32 thorough

2892 3248 51 38 [and
2960 3255 94 32 lasting.

3127 3287 91 29 Dropsy.

2927 3324 50 25 The
3002 3324 93 31 efficacy
3122 3325 24 23 of
3172 3323 146 32 Holioway's
3342 3322 60 26 Pills
3427 3322 26 26 in

2897 3357 87 31 dropsy
3002 3357 20 23 is
3041 3356 188 31 extraordinary.
3258 3357 67 30 They
3339 3360 39 20 act
3394 3356 57 23 wi'b

2896 3389 58 25 such
2981 3389 104 32 peculiar
3104 3389 69 24 effect
3199 3396 64 25 upon
3288 3388 42 24 the
3356 3391 95 26 system,

2897 3422 52 25 that
2971 3422 40 25 the
3022 3421 71 25 fluids
3112 3421 90 33 arising
3218 3422 62 24 from
3298 3421 49 24 this
3363 3421 87 24 direful

2897 3456 90 24 disease
3001 3464 42 16 are
3057 3454 181 33 imperceptiply
3253 3454 89 25 carried
3360 3454 35 24 off
3405 3454 44 24 and

2897 3488 127 32 prevented
3036 3487 61 25 from
3106 3495 47 23 any
3165 3487 92 24 further
3268 3486 181 25 accumulation.

2892 3520 1 37 |
2897 3521 50 24 The
2973 3520 99 26 sufferer
3102 3521 95 30 regains
3222 3527 15 17 a
3271 3522 124 29 buoyancy
3426 3527 23 16 01

2892 3544 1 46 j
2896 3553 88 31 spirits,
3017 3553 47 24 and
3090 3553 99 31 rvjoices
3212 3551 23 25 in
3265 3560 13 16 a
3310 3551 140 31 completely

2892 3578 134 40 jronova'ed
3046 3584 174 30 constitution;
3240 3584 45 24 but
3297 3583 17 25 it
3339 3584 22 25 is
3372 3583 67 25 indis-

2897 3618 113 31 pensably
3031 3626 125 22 necessary
3179 3616 54 25 that
3260 3616 42 25 the
3332 3617 118 23 ointment

2897 3650 85 24 shoald
3008 3650 29 23 be
3052 3652 61 22 most
3132 3649 134 30 effectually
3287 3649 93 24 rubbed
3402 3648 48 25 into

2897 3682 38 26 the
2946 3682 158 32 complaining
3116 3684 71 30 parts.

2951 3725 102 30 SUmach,
3064 3726 71 28 Liver,
3146 3725 100 30 Kidneys,
3257 3725 43 23 and
3309 3725 87 24 Bowds.

2926 3763 77 25 Those
3021 3763 52 23 who
3095 3763 72 23 euffer
3181 3763 62 23 from
3265 3762 46 24 bile
3330 3762 45 24 and
3391 3762 61 24 liver

2897 3795 150 31 complaints,
3055 3793 86 25 Bhouid
3153 3797 39 28 try
3208 3793 41 24 the
3261 3793 82 26 effecis
3362 3793 29 24 of
3403 3793 47 24 thi*

2899 3828 107 25 valuable
3024 3827 104 31 remedy,
3148 3835 13 16 a
3178 3828 43 22 few
3241 3826 68 24 dosea
3330 3827 25 23 of
3373 3825 76 25 which

2899 3861 47 26 will
2964 3860 69 26 make
3054 3860 41 25 the
3119 3858 100 27 sufferer
3241 3858 44 27 feel
3304 3859 82 26 elastic
3403 3858 47 26 and

2899 3897 117 29 vigorous,
3030 3893 123 31 removing
3167 3892 31 25 all
3210 3893 141 29 impurities,
3368 3892 83 31 giving

2897 3934 14 16 a
2926 3925 99 30 nealthy
3041 3924 78 24 action
3137 3929 24 18 to
3173 3924 40 24 the
3230 3924 60 23 liver
3302 3932 7 21 ;
3324 3924 18 23 if
3356 3924 94 24 biliioua

2898 3958 92 26 attacks
3012 3957 29 27 be
3057 3956 99 27 allowed
3181 3962 25 20 to
3222 3957 121 31 continue,
3360 3956 92 25 serious

2897 3993 125 24 casualties
3044 4000 55 21 may
3121 3991 70 28 arise,
3215 3990 45 25 and
3290 3991 40 23 the
3352 3990 100 24 sufferer

2898 4023 128 33 consigned
3046 4026 24 20 to
3089 4031 14 15 a
3119 4022 44 24 bed
3178 4022 28 23 of
3222 4021 113 25 sickness.
3367 4023 28 22 In
3420 4022 30 23 all

2898 4057 119 25 disorders
3036 4056 28 26 of
3082 4054 41 26 the
3144 4054 105 31 kidneys,
3274 4055 41 24 the
3335 4053 115 26 ointment

2897 4089 87 24 should
3000 4089 29 24 be
3046 4087 53 25 well
3116 4087 92 24 rubbed
3219 4087 51 24 into
3286 4088 42 23 the
3343 4087 67 24 small
3427 4087 27 23 of

2899 4122 38 24 the
2954 4122 58 23 back
3032 4128 58 16 once
3106 4127 26 16 or
3153 4119 66 24 twice
3238 4128 14 16 a
3271 4119 44 31 day
3327 4128 5 21 ;
3347 4118 46 25 and
3412 4119 40 24 tho

2899 4154 59 25 Pills
2973 4153 80 32 acting
3064 4154 24 24 in
3100 4152 93 29 unison,
3206 4152 46 26 will
3264 4159 55 18 cure
3328 4158 49 26 any
3388 4158 48 18 corn-

2915 4188 48 23 lain
2967 4189 21 22 ts
2998 4186 88 31 arising
3100 4184 60 26 from
3172 4185 67 25 these
3255 4193 91 23 orgaus.

2902 4234 212 30 Puffy—Shortness
3142 4235 24 26 of
3184 4233 70 23 breath
3286 4233 47 21 with
3360 4232 92 24 weahne*

2904 4270 91 31 'Very
3020 4270 45 25 bad
3089 4273 138 28 symptoms,
3254 4269 83 28 which,
3365 4268 22 24 if
3411 4273 43 21 not,

2900 4303 130 29 corrected,
3043 4311 54 22 may
3109 4303 56 24 tend
3182 4305 24 21 to
3220 4309 66 16 some
3300 4301 92 24 serious
3402 4300 35 24 dis-

2900 4336 82 23 orders
2996 4336 25 24 of
3037 4335 40 24 the
3093 4336 65 23 heart
3170 4343 26 16 or
3206 4334 68 24 other
3288 4333 58 24 vital
3358 4339 93 25 organs.

2902 4368 45 24 Eat
2963 4367 148 30 moderately
3128 4369 25 21 of
3173 4366 80 29 solids,
3266 4365 55 23 take
3340 4364 37 23 six
3394 4364 58 26 Pills

2900 4400 96 31 nightly
3008 4399 37 24 for
3063 4405 65 18 some
3139 4397 62 24 little
3220 4397 69 28 time;
3303 4396 55 25 take
3369 4396 81 30 plenty

2901 4433 26 24 of
2942 4432 64 25 fresh
3019 4432 33 24 air
3073 4431 57 24 with
3150 4430 119 24 moderate
3285 4429 107 29 exercise,
3406 4428 44 24 and

2902 4466 40 24 the
2964 4465 86 24 human
3079 4463 136 33 machinery
3238 4463 47 24 will
3307 4463 28 24 be
3356 4460 96 33 quickly

2902 4498 104 24 restored
3019 4502 23 18 to
3054 4497 81 23 health
3146 4496 45 23 and
3205 4496 74 29 vigor.

2992 4539 129 31 Complaints
3131 4539 90 23 incident
3231 4541 19 20 to
3263 4537 105 24 Children.

2931 4579 40 26 All
2982 4576 139 32 complaints
3133 4576 28 23 of
3168 4574 105 25 children
3285 4581 52 23 may
3354 4581 58 18 soon
3424 4573 27 24 be

2902 4612 71 26 cured
2994 4609 21 25 if
3029 4616 51 16 care
3101 4609 27 23 be
3148 4609 71 22 taken
3241 4610 24 20 to
3288 4606 81 31 purify
3389 4608 11 22 t
3410 4605 42 24 .eir

2903 4644 76 29 blood,
2991 4646 90 21 correct
3092 4641 40 24 the
3144 4640 76 24 action
3233 4639 27 24 of
3274 4639 39 24 the
3324 4640 7 21 I
3334 4640 5 14 s
3346 4646 46 22 *e.,
3405 4638 45 23 aud

2900 4678 92 24 cleanse
3012 4673 41 25 the
3072 4673 105 24 stomach
3196 4672 48 24 and
3261 4670 86 26 bowels
3361 4679 6 21 ;
3382 4679 14 16 a
3408 4670 42 26 kw

2901 4711 67 24 doses
2989 4706 27 26 of
3034 4706 67 25 these
3123 4705 91 25 famous
3236 4703 61 25 PUls
3322 4703 49 24 will
3393 4710 57 17 sum

2901 4744 60 23 have
2982 4741 42 23 tbe
3045 4739 94 23 desired
3160 4738 74 28 eifect,
3258 4736 153 31 particularly
3433 4736 21 25 if,

2902 4776 94 29 parents
3008 4771 28 22 be
3056 4770 87 23 careful
3156 4769 24 23 in
3201 4773 41 18 not
3264 4769 111 29 allowing
3386 4767 64 23 them

2902 4811 24 21 to
2941 4807 39 23 eat
2991 4802 27 26 of
3032 4802 82 30 things
3132 4799 75 26 which
3219 4799 56 33 they
3287 4799 69 26 know
3375 4793 77 30 Toulct

2902 4841 29 24 be
2940 4836 119 33 injurious
3072 4838 25 21 to
3109 4833 148 25 themselves.

2933 4867 145 33 Hoiloway's
3098 4866 60 24 Pills
3180 4873 39 16 are
3234 4865 39 24 the
3293 4865 51 24 best
3357 4864 94 30 remedy

2903 4906 84 24 known
3006 4902 25 23 in
3052 4900 40 24 the
3114 4898 73 26 world
3211 4898 37 24 for
3269 4898 41 23 the
3333 4897 120 30 following

2903 4933 225 30 diseases:—Ague,
3150 4931 107 28 Asthma,
3279 4929 93 24 Bilious
3384 4931 53 22 Com-

2904 4970 90 29 plaints,
3012 4966 101 22 Blotches
3123 4970 28 16 on
3174 4963 38 23 the
3226 4962 63 27 Skin,
3300 4961 74 23 Bowel
3391 4961 48 23 Com-

2904 4999 92 26 plaints.
3012 4995 67 27 Colic,
3099 4992 154 29 Constipation
3269 4992 25 21 of
3310 4992 38 21 the
3367 4991 87 28 Bowels,

2905 5026 173 29 Consumption,
3094 5023 107 29 Debility,
3218 5021 95 30 Dropsy,
3330 5020 124 30 Dysentery

2905 5055 130 31 Erysipelas,
3035 5055 60 31 Fits,
3101 5054 86 21 Female
3195 5051 259 29 Irregularities,Fsevers

2905 5088 25 22 of
2944 5086 29 22 all
2991 5084 73 27 kinds,
3085 5084 65 21 Gout.
3170 5082 124 27 Headache,
3313 5081 141 29 Indigeation,

2905 5114 173 27 Inflammation,
3093 5113 115 27 Jaundice,
3226 5113 67 23 Liver
3313 5111 141 29 Comploints,

2907 5148 124 24 Lumbago.
3053 5144 65 21 I'iies.
3135 5141 163 28 Rheumasism,
3316 5141 103 23 Iteteutin
3436 5144 18 20 of

2892 5166 1 34 l
2897 5166 3 34 i
2909 5176 75 24 Urine,
3006 5180 53 15 soar
3082 5173 104 25 Throats,
3207 5171 99 22 Scrofula
3332 5178 26 15 or
3382 5169 72 30 King's

2910 5204 54 27 Evil,
2973 5204 66 20 Stone
3048 5202 42 21 and
3097 5200 90 27 Gravel,
3195 5200 123 28 Secondary
3327 5200 127 28 Symptoms.

2908 5232 198 25 Tic-Douloureux,
3126 5230 100 23 Tumors,
3245 5229 62 22 Ulcer
3354 5230 100 21 Venereal

2909 5264 71 24 Affect
2990 5270 47 21 ons,
3049 5262 87 22 Worms
3154 5260 25 22 of
3241 5260 67 22 kinds
3323 5260 46 22 and
3382 5259 58 24 Weak-

2909 5302 48 17 ness
2965 5294 55 24 from
3034 5293 112 23 whatever
3157 5297 65 19 cause

3537 619 77 26 PECI
3623 618 96 28 \LTY!

3757 648 203 29 PECIALIST3!

3460 757 81 29 iDraw
3558 768 31 17 on
3619 759 163 28 Nature-—she
3805 757 103 34 compels
3928 762 48 27 you
3995 757 25 21 to

3461 805 3 34 ]
3590 805 3 34 ,
3601 805 75 25 honor
3685 805 39 25 the
3738 810 143 26 acoeptanws

3480 901 27 35 JL
3537 912 84 25 Smwh
3626 911 54 25 first
3687 910 149 27 commenced
3846 909 102 33 practice
3955 908 63 28 here,

3473 952 19 24 it
3504 959 47 17 waa
3561 950 105 31 thought
3681 950 31 33 by
3723 949 102 27 medical
3846 956 63 23 men,
3925 947 53 24 that
3995 949 25 22 to

3474 985 29 23 be
3513 992 14 16 a
3539 982 122 32 Specialist
3673 990 47 17 was
3728 982 140 31 derogatory
3879 986 24 20 to
3913 979 42 25 the
3964 986 43 24 pro-

3474 1015 111 26 fessional
3600 1023 63 23 man,
3677 1015 43 25 but
3730 1015 56 29 this,
3807 1013 47 26 like
3874 1017 62 22 most
3951 1011 71 26 other

3454 1048 174 23 »innovations
3635 1048 25 23 in
3671 1048 114 24 scientific
3800 1047 47 24 and
3866 1047 36 23 la?
3915 1048 106 26 matters,

3476 1088 48 17 was
3534 1079 74 26 found
3619 1079 80 26 rather
3711 1083 25 22 to
3744 1079 40 26 aid
3792 1078 57 26 than
3857 1079 26 23 to
3891 1077 29 26 be
3958 1076 63 25 infra

3563 1116 26 22 to
3616 1114 54 24 that
3690 1113 139 32 profession,
3855 1110 105 26 wherein
3978 1109 43 25 the

3474 1146 114 32 specialty
3599 1152 47 18 waa
3665 1145 123 32 practised.
3822 1142 138 28 Lallemand
3971 1142 49 26 and

3478 1178 94 29 Rioord,
3582 1178 24 25 in
3615 1177 96 29 France,
3721 1178 48 25 and
3777 1178 86 29 Acton,
3870 1175 25 26 in
3902 1174 121 31 England,

3454 1217 8 22 y
3478 1218 57 18 were
3546 1211 38 24 for
3594 1217 67 25 years
3671 1210 64 26 cried
3742 1210 69 26 down
3828 1210 31 31 by
3875 1208 64 25 their
3948 1206 60 25 medi-

3476 1244 35 25 cal
3521 1243 120 26 brethren.
3672 1243 60 24 Now
3755 1243 45 25 and
3817 1243 38 24 for
3873 1248 73 24 many
3967 1242 54 28 past

3474 1283 68 24 years
3559 1275 57 32 they
3626 1276 61 25 have
3699 1275 59 26 been
3770 1274 86 28 looked
3873 1281 33 25 up
3925 1277 33 25 to,
3969 1276 48 21 and

3454 1316 6 16 i
3474 1308 96 32 quoted,
3593 1309 32 30 by
3636 1315 72 25 every
3720 1316 54 17 man
3788 1308 53 25 who
3866 1314 38 25 prt
3908 1305 71 25 tends
3997 1307 25 21 to

3454 1361 6 9 ,
3474 1344 59 22 have
3553 1348 45 25 any
3621 1340 140 33 knowledge
3782 1341 25 25 of
3831 1338 43 28 the
3894 1337 129 34 particular

3454 1373 6 5 '
3474 1374 89 25 branch
3584 1374 24 25 of
3625 1374 41 25 the
3692 1373 131 34 profession
3849 1372 79 25 which
3955 1371 67 25 theae

3473 1408 132 29 gentlemen
3617 1408 109 31 specially
3739 1408 88 25 devote
3836 1405 141 27 themselves
3986 1408 35 22 to.

3474 1432 21 32 ft
3504 1446 47 18 was
3564 1439 40 25 the
3626 1446 64 18 same
3706 1440 56 24 with
3787 1439 113 25 Erasmus
3921 1437 100 28 Wilson,

3472 1472 39 26 the
3528 1475 14 11 ••
3549 1472 61 26 Skin
3621 1472 112 31 Doctor,*
3746 1471 102 33 recently
3861 1471 114 31 knighted
3988 1470 33 32 by

3473 1505 50 25 Her
3540 1504 113 33 Majesty.

3502 1537 73 25 Yean
3590 1538 72 31 since,
3675 1537 19 25 it
3709 1545 46 18 was
3770 1537 40 26 the
3821 1544 64 18 same
3907 1535 57 27 with
3982 1535 40 25 Dr

3473 1570 24 26 h.
3509 1571 28 25 L.
3549 1571 89 32 Smith,
3647 1570 24 25 of
3680 1570 150 32 Melbourne,
3839 1569 54 25 who
3902 1567 118 35 practised

3471 1635 125 32 specialist.
3628 1635 29 25 In
3670 1634 31 26 all
3721 1643 66 18 cases
3805 1636 28 24 of
3855 1634 102 26 diseases
3972 1636 47 22 and

3472 1668 79 25 habits
3580 1668 74 26 which
3690 1668 105 32 produce
3830 1672 132 27 symptoms
3993 1675 15 16 o

3473 1700 109 26 Nervous
3601 1700 135 33 Affections,
3753 1702 26 24 of
3795 1700 59 25 Skiu
3878 1700 143 31 Eruptions,

3454 1731 4 35 r
3472 1733 27 26 of
3508 1733 156 30 Prostration,
3680 1733 48 26 and
3739 1731 70 28 make
3829 1733 87 26 human
3935 1731 84 32 beings

3473 1766 100 32 invirile,
3586 1774 27 17 or
3624 1766 75 26 which
3717 1767 62 24 unfit
3789 1767 65 24 them
3865 1770 25 21 to
3899 1773 70 23 carry
3985 1772 33 16 on

3473 1798 39 26 the
3534 1805 114 26 purposes
3662 1798 28 26 of
3707 1798 62 27 their
3784 1799 80 33 being,
3889 1805 27 18 or
3941 1796 78 26 which

3473 1833 170 25 demonstrates
3655 1832 72 33 itself,
3746 1840 32 18 on
3800 1833 39 24 the
3861 1831 69 26 other
3946 1831 71 32 hand,

3473 1865 23 25 in
3522 1865 117 31 Eruptive
3670 1865 109 25 Diseases
3807 1865 46 25 and
3882 1864 138 31 Secondary

3473 1897 83 25 Forms
3572 1896 26 25 of
3607 1897 135 25 Affections.
3775 1897 29 24 In
3819 1898 31 24 all
3866 1897 66 25 these
3954 1904 67 17 caw*

3454 1936 6 23 }
3473 1930 50 24 how
3535 1937 120 24 necessary
3667 1930 19 24 it
3698 1930 20 24 is
3730 1933 26 22 to
3770 1930 59 25 have
3845 1929 41 26 the
3897 1930 124 31 Specialist

3474 1963 51 24 who
3539 1961 43 27 has
3592 1962 102 26 devoted
3704 1963 37 26 his
3754 1962 74 27 whole
3838 1963 100 26 lifetime
3946 1966 24 21 to
3979 1964 40 23 the

3472 1995 114 32 studying
3593 1996 47 24 and
3651 1994 128 33 practicing
3788 1996 24 24 in
3822 1996 48 25 this
3878 2004 44 18 one
3931 1996 89 25 branch

3472 2027 28 25 of
3507 2027 37 25 liia
3555 2027 131 32 profession
3696 2027 8 26 ?
3742 2027 91 33 Bene*,
3851 2037 60 24 now,
3923 2029 60 26 after
3993 2038 27 15 so

3472 2067 70 25 many
3558 2068 76 24 years,
3645 2060 31 25 all
3698 2060 110 26 minuttee
3819 2069 41 17 are
3875 2062 104 26 familiar
3995 2067 26 20 to

3454 2093 1 32 .
3472 2093 56 30 him,
3553 2093 48 23 and
3623 2097 134 27 symptoms
3789 2093 76 26 which
3891 2095 31 30 (it
3944 2095 21 23 is
3979 2100 42 18 not

3472 2124 172 25 unreasonable
3660 2125 25 24 to
3697 2125 112 31 suppose)
3820 2132 54 26 may
3890 2132 42 19 not
3947 2127 73 25 strike

3472 2157 39 25 (he
3534 2157 104 26 General
3655 2156 158 27 Practitioner
3828 2166 26 18 at
3877 2166 64 26 once,
3967 2168 54 17 r.ow

3454 2191 2 31 j
3471 2191 61 24 from
3550 2193 112 22 constant
3677 2191 103 31 practice
3799 2192 48 25 and
3868 2193 151 26 observation

3454 2223 1 29 1
3471 2224 68 24 make
3560 2223 35 25 Dr
3620 2223 26 25 L
3669 2223 28 26 L.
3718 2223 81 26 SittitH
3821 2228 87 24 master
3932 2226 25 26 of
3979 2226 39 26 the

3454 2255 3 33 »
3470 2255 101 33 subject.

3454 2289 3 34 j
3498 2290 50 23 The
3570 2289 98 25 medical
3690 2290 53 31 prof
3746 2290 75 25 cssiott
3827 2306 20 4 -
3854 2291 52 26 that
3922 2291 27 32 is,
3976 2294 41 25 ths

3454 2321 3 29 a
3471 2328 63 17 more
3550 2321 80 24 liberal
3642 2321 95 25 minded
3753 2323 24 23 of
3792 2322 156 27 them—have
3960 2325 47 25 like

3454 2351 2 38 i
3463 2351 3 38 i
3473 2353 53 25 wise
3537 2353 137 31 recognised
3687 2354 47 25 this
3748 2354 55 31 fact,
3824 2355 45 26 and
3882 2357 135 32 Specialists

3454 2380 68 34 ,!now
3537 2386 23 23 in
3583 2394 71 23 fvery
3678 2386 226 34 branch—oculists,

3454 2417 3 38 r
3471 2417 110 32 Byphiliio
3592 2418 89 25 mental
3693 2418 114 31 diseases,
3822 2421 66 26 cheat
3908 2422 111 33 diseases,

3454 2450 4 33 3
3471 2452 46 24 and
3528 2450 25 25 in
3565 2450 44 26 fact
3622 2459 73 23 every
3708 2452 94 31 portion
3824 2453 26 25 of
3871 2453 42 27 the
3930 2455 89 26 human

3454 2483 3 31 1
3473 2484 81 27 frame,
3570 2483 43 24 has
3631 2490 50 17 now
3714 2492 63 17 tome
3803 2493 24 18 m
3841 2487 67 26 niber
3933 2488 24 25 of
3981 2490 40 24 the

3454 2514 3 39 5
3474 2516 130 31 profession
3617 2514 54 26 who
3681 2516 98 25 devotes
3796 2518 37 24 his
3850 2521 58 25 time
3918 2522 25 23 to
3962 2521 60 32 that,

3454 2549 4 35 2
3472 2549 47 23 and
3544 2552 25 21 to
3590 2555 62 18 cone
3673 2549 81 25 other.
3785 2549 48 26 For
3851 2551 112 33 iiiEtance,
3981 2554 41 24 the

3454 2580 5 23 1
3570 2581 84 24 doctor
3711 2582 78 25 would
3814 2591 31 16 on
3866 2592 32 16 no
3923 2593 99 19 account

3454 2626 6 3 -
3473 2614 84 23 attend
3576 2620 30 16 an
3622 2614 178 27 accouchuicut,
3815 2619 47 21 and
3884 2617 41 23 the
3937 2610 86 33 oculist

3454 2643 3 38 5
3475 2644 75 23 would
3564 2647 41 20 not
3615 2644 70 26 thiijk
3696 2643 26 26 of
3729 2647 90 31 set'rag
3831 2654 14 18 a
3861 2647 88 26 brokon
3969 2650 36 31 leg
4016 2660 6 21 ;

3473 2678 41 22 but
3525 2677 56 23 each
3595 2677 78 23 would
3687 2678 81 23 advise
3781 2678 136 31 hispa'ient
3927 2686 61 27 logo
3996 2687 25 19 to

3473 2708 50 22 that
3534 2707 83 23 doctor
3628 2708 51 22 who
3688 2707 19 23 is
3716 2712 61 20 most
3786 2709 77 25 famed
3874 2712 36 23 for
3918 2715 103 30 treating

3454 2738 3 39 j
3473 2738 40 25 the
3523 2739 89 24 disease
3628 2739 122 34 requiring
3762 2742 85 30 special
3857 2743 63 27 skill.

3502 2772 35 24 Dr
3548 2772 26 26 L.
3589 2774 20 22 L
3629 2772 82 24 Smith
3723 2775 52 23 asl-s
3789 2774 65 27 those
3867 2776 50 25 who
3927 2780 94 31 require

3454 2805 3 38 r
3473 2808 127 21 treatment
3623 2805 38 25 for
3700 2805 139 35 WYaknesu,
3864 2808 156 35 Prostration,

3454 2838 1 38 I
3473 2838 152 31 Barr«nnes.«,
3636 2839 47 23 and
3701 2838 116 35 Sterility,
3838 2842 77 26 whose
3936 2845 86 25 frames

3454 2870 1 36 t
3471 2871 45 23 and
3528 2870 81 25 whore
3621 2872 168 25 constitutions
3798 2881 40 17 are
3848 2874 134 32 shattered,
3996 2885 25 17 to

3454 2897 1 45 '
3471 2902 96 24 consult
3586 2902 47 24 him
3650 2911 27 15 as
3699 2911 29 17 an
3756 2907 192 32 expert—thirty
3969 2911 53 31 (30)

3470 2941 69 24 years
3567 2935 102 30 practice
3690 2935 25 25 in
3742 2936 47 25 this
3813 2938 93 34 colony,
3926 2942 56 25 whb
4006 2954 14 14 a

3471 2967 101 31 practice
3589 2968 130 31 extending
3737 2970 147 32 throughout
3897 2979 44 19 not
3962 2977 56 30 only

3454 2999 2 40 i
3471 2999 40 24 the
3529 3000 107 30 colonies,
3657 3001 43 23 but
3716 3001 24 23 in
3762 3001 78 30 India,
3859 3005 83 30 China,
3963 3007 54 32 Fiji,

3454 3031 1 40 :
3470 3031 45 23 and
3527 3038 59 17 even
3599 3031 24 24 in
3640 3031 118 34 England,
3770 3035 30 23 he
3811 3034 81 28 claims
3905 3040 77 31 ought,
3993 3048 25 18 u»

3454 3064 1 38 •
3471 3065 28 24 be
3519 3064 116 27 feufficicnt
3652 3068 24 22 to
3701 3074 70 19 cause
3796 3075 73 27 every
3892 3075 56 23 man*
3969 3076 49 25 and

3454 3098 1 32 i
3471 3104 88 18 woman
3572 3098 122 30 requiring
3709 3100 59 23 smb.
3786 3100 54 24 bkill
3857 3112 23 14 as
3893 3104 20 23 is
3923 3106 94 24 alluded

3454 3128 1 40 i
3469 3131 25 21 to
3501 3128 82 30 above,
3592 3132 25 19 to
3631 3130 95 24 consult
3739 3131 49 25 him
3796 3131 77 27 either
3883 3138 136 30 personally

3454 3160 1 31 i
3469 3167 26 17 or
3513 3160 32 31 by
3560 3160 79 28 letter,

3454 3194 1 37 ,
3498 3195 34 22 As
3544 3202 12 16 a
3567 3194 205 33 Syphilographer
3788 3207 31 17 no
3840 3201 68 26 other
3920 3205 97 26 medical

3454 3227 1 41 i
3469 3234 54 16 man
3547 3227 43 24 baa
3608 3228 58 23 been
3683 3229 54 25 able
3752 3234 24 21 to
3795 3232 60 25 have
3874 3236 59 24 such
3953 3238 66 30 large

3467 3258 138 29 expetienee
3617 3266 25 17 as
3654 3259 30 24 he
3699 3268 125 26 possesses,
3841 3267 44 23 an<£
3897 3268 37 23 for
3951 3272 68 23 other

3467 3289 70 25 allied
3546 3290 214 27 affections—such
3769 3302 25 16 as
3803 3295 107 29 Nervous
3916 3300 102 29 diseaeei

3466 3331 62 16 —no
3539 3331 45 17 one
3596 3323 25 25 in
3638 3325 41 24 the
3697 3326 130 29 profession
3851 3332 43 24 has
3916 3336 101 28 ei-joycd

3466 3363 24 15 so
3502 3356 72 24 much
3584 3356 80 31 public
3672 3358 141 28 confidence.

3523 3399 165 27 Consultation
3701 3403 46 27 Fee
3758 3404 33 34 by
3810 3405 90 34 Letter,
3909 3410 42 26 £l.

3494 3447 133 27 Medicines
3652 3454 177 31 appropriately
3857 3458 88 30 packed
3967 3461 47 26 and

3466 3482 128 24 torwerdod
3603 3482 32 25 all
3643 3490 56 18 over
3708 3488 40 21 the
3755 3487 106 26 civilized
3877 3492 76 30 g'obe.

3494 3524 134 25 Address—

3600 3563 53 25 DR.
3669 3565 27 26 L,
3715 3566 27 25 L.
3766 3569 112 31 SMITH,

3494 3595 48 30 ißa>
3576 3595 133 26 COILINS
3735 3600 119 26 STREET
3884 3605 79 25 EAST

3639 3628 199 27 MELBOURNE.

3457 3660 3 11 i

3509 3702 29 46 'J
3563 3704 129 26 LLIAM
3734 3710 247 31 SUTHERLAK

3457 3746 4 37 |
3550 3746 128 28 TAILOR,
3690 3749 172 32 CLOTHIER,
3884 3757 68 24 AND

3654 3777 186 33 OUTFITTER,

3593 3805 56 24 Ross
3670 3807 68 29 Place,
3757 3810 125 27 Lawrence,

3457 3871 4 51 |
3467 3875 90 29 Always
3565 3885 28 15 on
3601 3880 66 27 hand,
3676 3887 12 14 a
3706 3882 59 29 large
3776 3884 106 26 selection
3895 3890 26 21 of
3936 3892 67 24 Broad-

3459 3917 2 38 ;
3492 3917 79 27 cloths,
3582 3920 101 23 Worsted
3692 3922 115 30 Coatings,
3816 3927 44 22 and
3873 3929 119 26 Doeskins.

3459 3952 2 46 |
3481 3957 63 30 Also,
3556 3958 99 30 English,
3667 3960 76 33 Sotch,
3755 3964 66 31 Irish,
3835 3967 92 31 Mosg'oi
3951 3972 42 25 Ros-

3459 3991 2 32 i
3584 3991 38 28 lyn
3633 3993 42 21 and
3688 3995 94 28 Kaipoia
3791 3997 96 26 Tweeds.

3600 4141 26 24 P.
3677 4132 337 33 THOMPSO-N

3512 4220 159 21 ACCOUMIAN'
3696 4225 50 15 AND
3763 4217 124 23 GENERAL
3902 4216 54 23 OoM
3964 4227 5 5 •

3636 4271 18 20 5i
3669 4273 66 18 {jSlo*
3754 4268 94 25 AfIBNT,

3525 4310 117 31 Oppov'-e
3653 4309 26 24 J.
3692 4309 34 25 M.
3741 4307 106 26 Clarke's
3857 4305 101 32 Bakery)

3534 4362 76 26 ROSS
3628 4363 109 28 PLACE,
3762 4362 175 25 LAWRENCE

3504 4425 76 26 Rents
3591 4422 127 27 Collected.
3722 4423 118 29 —Money
3852 4421 120 25 Invented.

3467 4490 80 29 Agent
3570 4489 38 24 for
3630 4487 39 24 the
3690 4486 89 26 United
3803 4485 56 25 Fire
3884 4485 130 24 Insurance

3527 4527 203 34 Company.—All
3743 4527 72 28 Risks
3831 4530 24 22 at
3874 4526 94 27 Lowest

3651 4572 102 25 Current
3771 4577 65 20 rates

3510 4696 110 28 BLACK
3652 4695 113 25 HORSK.
3794 4693 143 25 BREWER
3942 4693 27 29 If,

3638 4727 177 28 MILTON

3549 4802 136 26 &OFOED
3715 4800 71 28 AND
3818 4799 109 33 OLIVE,

3467 4838 36 31 (J.
3513 4838 30 24 T.
3554 4837 102 30 Kofoed,
3666 4837 50 28 late
3725 4835 24 25 of
3762 4835 81 30 Hayes
3853 4835 48 25 and
3916 4833 101 33 ICofoed,

3689 4868 121 31 i'uapeka)

3510 4913 11 24 f
3531 4913 67 25 AVE
3615 4914 70 24 much
3708 4912 107 31 pleasure
3831 4912 24 23 in
3882 4912 135 29 intimating

3510 4936 19 37 L
3561 4951 25 20 to
3605 4947 40 23 the
3672 4946 147 27 inhabitants
3841 4944 27 26 of
3885 4944 133 32 Roxburgh

3460 4975 3 34 I
3473 4985 42 22 iud
3523 4980 160 28 surrouuding
3694 4978 121 28 Districts,
3826 4978 54 22 that
3890 4977 56 32 they
3960 4979 59 24 have,

3454 5009 2 32 '
3470 5013 149 28 commenced
3628 5009 105 32 brewing
3742 5011 25 22 in
3776 5009 40 24 the
3824 5009 75 25 above
3906 5011 113 30 premises

3501 5066 37 25 All
3548 5065 81 24 orders
3640 5068 29 19 or
3677 5061 84 24 letters
3768 5063 53 21 sent
3828 5063 26 21 to
3862 5060 42 24 the
3914 5060 107 33 brewery

3454 5098 3 33 '
3473 5106 47 25 will
3532 5103 92 27 receive
3634 5099 136 27 immediate
3786 5098 125 26 attention.

3454 5148 5 16 r

3454 5178 5 16 b
3501 5174 85 25 Nottje
3599 5174 25 21 to
3643 5169 155 24 Customers:
3822 5166 84 25 Please
3927 5168 25 24 to
3965 5166 56 26 cork

3454 5207 6 42 ']
3474 5211 89 25 barrels
3579 5207 66 27 wheu
3659 5211 90 25 empty.

3527 5285 73 27 YeaS'L
3616 5281 46 27 and
3675 5279 87 26 Grains
3774 5279 89 34 always
3875 5287 30 19 on
3916 5279 55 28 uU*
