4090 5890
2904 2405 152 69 Mount
3086 2405 183 69 Benger
3299 2405 152 69 Mail.

2913 2518 187 30 SATURDAY,
3121 2518 185 25 DECEMBER
3330 2518 39 30 13,
3382 2518 65 30 1884.

2999 2586 95 24 JUST
3118 2586 71 24 AND
3213 2586 95 24 FEAR

2904 2610 119 124 Local
3047 2610 71 124 and
3142 2610 166 124 General
3332 2610 119 124 News.

2930 2792 37 25 On
2988 2791 107 32 Monday
3111 2800 15 16 a
3144 2791 66 26 child
3236 2791 89 26 named
3344 2792 107 31 Stewart,

2902 2825 66 26 three
2979 2833 68 23 years
3064 2824 48 29 old,
3129 2824 57 26 died
3201 2824 23 26 in
3236 2824 42 26 the
3295 2824 156 33 Invercargill

2907 2859 108 32 hospital
3041 2858 61 24 from
3130 2858 167 31 phosphorous
3313 2858 137 32 poisoning,

2902 2892 101 30 through
3020 2895 82 28 eating
3122 2898 53 18 wax
3193 2891 108 26 matches
3319 2891 46 26 five
3390 2891 61 32 days,

2902 2925 87 25 before.

2932 2970 46 27 We
2996 2972 101 25 omiitad
3118 2976 24 20 to
3163 2972 108 24 mention
3287 2972 25 24 in
3336 2979 44 17 our
3404 2971 45 25 last

2903 3004 70 27 issue,
2990 3004 52 24 that
3053 3004 102 30 through
3167 3004 40 24 the
3220 3004 171 30 praiseworthy
3406 3011 44 17 ex-
3450 3004 1 30 1

2903 3037 88 24 ertions
3012 3036 27 24 of
3057 3044 44 15 our
3115 3036 106 23 member
3239 3034 51 31 (Mr
3316 3035 78 30 Pyke)
3412 3036 39 23 the

2905 3068 160 25 Government
3076 3068 62 24 have
3146 3067 132 25 consented
3285 3071 25 21 to
3320 3067 131 25 undertake

2905 3102 40 23 the
2965 3101 143 24 comr-letion
3133 3101 25 23 of
3184 3100 41 24 the
3252 3100 130 30 Roxburgh
3404 3100 46 23 and

2906 3134 137 23 F>eaumonf
3048 3132 103 30 bridges,
3173 3131 100 25 without
3289 3131 122 25 reference
3428 3137 23 19 to

2904 3165 41 25 ihe
2969 3165 114 30 Tuapeka
3104 3164 106 24 Council.
3247 3164 54 26 The
3322 3164 128 31 Roxburgh

2905 3198 83 30 bridge
2998 3196 46 26 will
3061 3197 28 26 be
3101 3197 106 31 speedily
3219 3196 91 32 pushed
3323 3202 39 24 on,
3376 3204 26 18 as
3412 3198 39 25 the

2905 3230 107 24 material
3024 3230 35 25 for
3068 3229 19 27 it
3095 3238 46 17 can
3152 3231 30 24 be
3193 3230 32 24 all
3241 3230 114 25 obtained
3373 3231 24 23 in
3413 3230 38 24 the

2906 3262 96 32 Colony.
3034 3263 49 25 The
3094 3267 55 21 vote
3165 3263 26 24 of
3201 3263 79 24 L2OOO
3291 3263 35 24 for
3344 3263 40 24 the
3396 3262 55 24 road

2908 3294 131 27 Beaumont
3060 3300 24 20 to
3104 3295 91 25 Millers
3211 3295 55 25 Flat
3287 3295 21 25 is
3329 3299 25 21 to
3367 3295 31 26 be
3413 3302 26 18 ex-

2905 3331 95 31 pended
3015 3330 32 32 by
3058 3330 39 26 the
3109 3328 91 33 County
3217 3328 106 27 Council.

2935 3375 45 23 We
3006 3373 77 25 would
3099 3377 96 26 request
3220 3373 118 24 attention
3368 3377 25 19 to
3415 3373 40 23 the

2906 3406 118 30 following
3052 3412 52 18 new
3130 3404 200 25 advertisements
3357 3405 24 24 in
3407 3404 47 25 this

2905 3439 63 23 issue
2980 3446 37 16 :
3022 3437 104 31 Meeting
3147 3438 26 22 of
3194 3436 93 31 Sports-
3304 3436 150 26 Committee.

2909 3470 151 32 Wednesday
3071 3469 110 31 evening,
3204 3474 25 21 at
3247 3469 139 32 Roxburgh,
3404 3469 48 26 and

2906 3504 77 23 notice
2994 3511 26 15 re
3031 3507 78 26 sports
3120 3502 48 24 and
3262 3510 67 16 races
3347 3510 32 15 on
3398 3504 56 22 New

2908 3534 78 25 Year's
3001 3535 47 30 day
3058 3542 6 20 ;
3080 3535 103 23 services
3196 3534 29 29 by
3237 3533 36 23 Mr
3287 3532 97 31 Wright,
3395 3537 56 20 next

2907 3567 79 29 week;
3003 3566 163 25 Government
3186 3565 131 25 Insurance
3333 3564 102 26 election
3447 3574 5 20 ;

2907 3601 77 23 notice
3003 3599 26 24 of
3043 3599 123 23 reduction
3179 3598 156 29 depasturing
3355 3598 96 29 license,

2906 3631 47 25 and
2963 3631 100 25 another
3073 3638 26 15 re
3111 3629 43 26 site
3161 3629 36 25 for
3204 3629 111 32 Borough
3325 3629 125 28 reservoir;

2909 3665 36 22 Mr
2962 3664 38 23 W.
3017 3664 99 28 Couper.
3131 3663 50 23 sa'e
3194 3662 28 23 of
3228 3662 83 27 books,
3325 3663 58 26 &c.;
3401 3662 49 23 sale

2905 3695 25 23 of
2939 3695 126 31 privileges
3078 3693 109 32 (sports),
3198 3697 27 20 at
3242 3695 36 21 Mr
3290 3693 116 30 Burton's,
3418 3700 30 17 on

2906 3726 111 33 Tuesday
3033 3727 118 30 evening;
3168 3726 35 25 for
3222 3726 54 30 sale,
3296 3725 67 26 Chee
3379 3724 70 27 Fun's

2906 3765 125 26 property;
3070 3758 157 25 consultation
3257 3759 193 29 advertisement,

2906 3793 37 24 Mr
2954 3792 84 25 James
3049 3791 116 28 Waliace,
3182 3790 103 32 Sydney.

2933 3836 32 23 At
2980 3836 42 23 the
3032 3835 46 23 last
3093 3833 105 30 meeting
3219 3834 24 22 of
3259 3834 40 23 the
3321 3833 131 31 Roxburgh

2906 3866 109 31 Borough
3027 3865 98 25 Council
3141 3866 40 23 the
3198 3864 69 25 Clerk
3292 3866 63 24 drew
3376 3870 66 19 atten

2903 3901 50 23 tion
2973 3906 25 17 to
3020 3899 91 24 section
3127 3899 15 22 5
3164 3897 27 24 of
3319 3898 133 30 Munieipal

2903 3930 168 31 Corporations
3083 3930 47 23 Act
3147 3930 58 24 1876
3213 3929 171 25 'Amendment
3398 3930 44 23 Act

3013 3961 77 26 which
3278 3966 24 20 at
3325 3970 48 22 any
3394 3962 56 24 time

2903 3996 60 24 after
2983 4003 15 16 a
3017 3994 106 32 borough
3138 3994 19 24 is
3183 3993 98 26 divided
3304 3994 51 25 into
3374 3994 76 25 wards

2902 4036 47 24 any
2960 4027 64 26 ward
3041 4028 59 24 shall
3114 4026 96 26 contain
3225 4026 82 26 within
3328 4027 32 25 its
3376 4027 73 25 limits

2902 4069 14 16 a
2927 4062 46 24 less
2986 4062 99 23 number
3095 4060 26 24 of
3132 4065 135 25 ratepayers
3283 4061 58 23 than

2904 4095 52 28 dve,
2969 4093 58 24 such
3039 4092 64 24 ward
3115 4092 61 24 shall
3189 4092 134 31 thereupon
3344 4099 70 18 cease
3426 4097 24 19 to

2902 4127 29 23 be
2942 4134 15 15 a
2975 4130 110 26 separate
3103 4125 66 24 ward
3190 4124 27 24 of
3226 4132 15 16 a
3265 4125 115 29 borough,
3401 4125 47 24 and

2902 4158 62 24 shall
2979 4158 27 23 be
3022 4156 97 30 merged
3130 4157 50 22 into
3196 4156 49 24 and
3260 4156 61 24 form
3332 4164 14 16 a
3356 4157 93 30 portion

2902 4191 23 23 of
2937 4190 58 24 such
3007 4189 64 25 ward
3086 4188 27 25 of
3121 4188 40 25 the
3169 4195 66 19 same
3247 4188 108 33 borough
3370 4195 27 20 as
3409 4189 40 26 the

2902 4224 97 23 Council
3012 4222 61 25 shall
3085 4223 30 29 by
3132 4222 130 24 resolution
3283 4222 101 30 declare,
3401 4223 49 27 and

2902 4256 40 22 the
2954 4254 146 24 Councillors
3107 4254 36 23 for
3154 4254 58 23 such
3223 4254 71 24 Ward
3305 4255 62 28 shili
3374 4263 64 22 there-

2903 4295 63 24 upon
2994 4294 70 18 cease
3086 4288 25 23 to
3133 4287 30 25 be
3182 4286 150 30 CouiicilloJs
3362 4292 27 24 of
3410 4293 40 24 the

3075 4318 54 31 The,
3151 4318 70 32 Clerk
3237 4325 140 23 mentioned
3399 4325 52 24 that

2904 4352 40 27 the
2966 4351 91 34 sermon
3074 4356 103 26 referred
3199 4361 26 21 to
3246 4356 104 26 affected
3371 4356 79 26 North

2911 4386 63 30 iVarJ
2987 4392 26 23 of
3026 4392 47 23 this
3085 4391 111 31 Borough
3199 4405 9 16 r
3216 4398 27 17 as
3252 4391 66 24 there
3328 4397 61 18 were
3396 4391 55 30 only

2909 4424 25 22 .1
2956 4429 138 25 ratepayers
3113 4431 31 15 on
3162 4423 121 24 valuation
3301 4423 39 23 list
3356 4423 49 23 and
3426 4424 26 21 16

2904 4462 30 18 on
2946 4456 40 24 the
3004 4457 98 29 burgess
3110 4454 132 26 roll.—The
3250 4454 99 25 Council
3358 4454 42 25 did
3411 4459 42 20 not

2904 4488 54 25 take
2971 4497 48 21 any
3036 4488 79 24 action
3136 4488 24 23 in
3179 4488 41 24 the
3246 4492 86 20 matter
3353 4492 26 19 at
3400 4487 52 26 that

2904 4521 109 30 mealing,
3027 4521 41 23 but
3080 4520 46 24 will
3137 4520 30 24 be
3180 4520 23 24 in
3220 4520 58 31 duty
3294 4520 83 24 bound
3388 4524 25 20 to
3422 4519 32 25 do

2902 4561 28 14 so
2941 4558 25 17 at
2977 4561 15 14 a
3003 4553 77 22 future
3089 4553 112 29 meeting,
3213 4552 23 23 in
3248 4553 71 22 order
3329 4558 23 17 to
3361 4553 92 29 comply

2904 4583 54 23 with
2970 4586 40 21 the
3018 4589 72 17 terms
3104 4584 22 21 of
3139 4584 40 21 th;;
3189 4584 92 22 section
3293 4583 97 29 quo'ed.

2932 4628 21 24 A
2965 4629 106 30 meeting
3083 4635 47 17 was
3142 4627 56 25 held
3215 4631 23 20 at
3259 4628 40 24 the
3322 4629 133 33 Roxburgh)

2925 4661 118 23 thcna?um
3061 4668 31 15 on
3118 4660 150 29 Wednesday
3283 4661 103 28 evening
3407 4662 45 21 last

2902 4692 35 23 for
2949 4693 38 20 ilie
2999 4698 60 22 purp
3076 4697 26 16 se
3113 4690 26 23 of
3154 4690 152 29 considering
3322 4690 41 23 the
3374 4691 65 22 advis-

2902 4723 82 29 ability
3007 4722 26 23 of
3055 4720 92 32 getting
3168 4729 32 23 up
3218 4725 79 26 sports
3318 4720 47 25 and
3380 4722 72 25 horse

2902 4763 66 17 races
2986 4754 87 30 during
3088 4755 41 23 the
3154 4753 116 31 holidays,
3305 4753 39 26 Mr
3360 4753 34 24 W.
3408 4758 44 22 Orf

2901 4788 52 30 (the
2967 4793 121 19 convener
3097 4786 28 24 of
3145 4786 41 24 the
3205 4786 113 31 meeting)
3336 4787 114 30 occupied

2902 4817 53 32 the'
2973 4818 87 31 chair,.
3073 4817 48 26 and
3148 4817 83 30 briefly
3257 4818 128 29 explained
3412 4819 38 24 the

2898 4850 1 35 I
2902 4852 80 31 object
2989 4851 42 23 -for
3041 4851 76 22 which
3130 4850 38 24 the
3180 4850 105 30 meeting
3295 4856 48 17 was
3360 4850 95 35 cahel.j

2904 4884 38 25 He
2954 4882 78 26 stated
3044 4882 51 24 that
3102 4883 32 24 he
3146 4882 48 24 had
3206 4882 91 30 spoken
3309 4886 25 20 to
3349 4889 16 16 a
3386 4883 69 32 iargej

2903 4918 106 29 number,
3036 4915 52 24 who
3122 4922 61 18 were
3210 4914 121 25 favorable
3357 4918 25 21 to
3411 4915 44 26 thel

2902 4953 143 24 movement,
3056 4948 49 23 and
3116 4948 173 30 subscriptions
3304 4954 61 16 were
3376 4943 79 34 freely!

2904 4981 155 31 promised.—
3063 4980 36 23 On
3110 4981 40 24 the
3163 4981 88 22 motion
3262 4979 28 24 of
3299 4979 38 24 Mr
3351 4979 64 30 Nott,
3433 4980 17 22 it

2903 5022 48 18 was
2962 5012 109 27 resolved
3082 5012 51 26 that
3146 5017 78 28 sports
3237 5011 48 26 and
3300 5011 71 25 horse
3382 5019 66 18 races

2904 5049 29 22 be
2949 5047 57 24 held
3014 5054 31 16 on
3059 5046 54 24 New
3126 5045 79 25 Year'a
3217 5045 54 28 day,
3283 5045 47 23 and
3346 5045 52 23 that
3410 5047 41 22 toe

2902 5080 120 30 following
3039 5080 28 23 be
3085 5077 130 32 appointed
3233 5084 14 18 a
3266 5076 143 25 Committee
3425 5069 30 47 in]

2904 5113 140 23 connection
3069 5112 57 22 wuh
3154 5111 41 22 the
3227 5117 67 16 same
3304 5117 5 13 :
3360 5110 89 22 Messrs

2912 5146 100 30 tiervyn,
3036 5142 70 30 Bain,
3128 5143 29 24 A.
3184 5142 72 30 Gray,
3283 5139 35 26 W.
3344 5133 111 39 Telford,!

2907 5176 99 30 Mercer,
3025 5176 72 29 Snell,
3118 5173 263 32 Kukwood,Loudon,
3398 5173 50 32 Orr,
3449 5173 1 33 !

2906 5210 62 28 Nott,
2979 5212 124 21 Newman.
3114 5206 334 31 M'llroy,.U'Douall,Heron,

2904 5240 79 31 Bates,
2991 5240 48 24 and
3049 5240 50 23 Wa
3106 5240 41 31 gth
3166 5239 67 31 (with
3243 5245 79 24 power
3332 5243 24 20 to
3365 5239 47 23 add
3426 5234 29 29 to!

2902 5276 61 22 their
2974 5273 121 30 number).
3097 5270 3 33 1
3128 5271 125 30 Resolved,
3267 5279 30 16 on
3306 5272 41 23 the
3360 5270 95 25 motion!

2902 5307 26 24 of
2939 5310 38 21 jir
2985 5307 122 29 Newman,
3116 5305 119 24 seconded
3248 5307 29 28 by
3291 5303 39 24 Mr
3341 5302 114 34 M'llroy,)

2902 5342 51 22 that
2969 5348 31 14 an
3017 5339 186 23 advertisement
3215 5338 30 23 be
3256 5336 104 24 insetted
3376 5337 79 34 inthej

2902 5372 61 22 local
2976 5378 74 22 paper
3064 5371 26 22 of
3111 5368 54 25 J3th
3182 5374 97 24 instant,
3298 5369 157 33 announcing;

2901 5407 78 25 sports
2994 5402 49 23 and
3064 5402 71 23 horse
3151 5408 67 18 races
3233 5401 37 25 for
3288 5402 56 23 New
3367 5400 88 33 Year's;

2900 5436 59 27 day;
2988 5435 51 22 also
3057 5441 30 16 an
3111 5435 184 22 advertisement
3314 5440 141 26 requesting:

2900 5464 42 26 fib
2954 5471 105 26 meeting
3069 5465 27 24 of
3106 5466 141 24 Committee
3254 5473 31 16 on
3301 5464 151 34 Wednesday

2898 5499 104 34 [evening
3019 5503 67 19 next'
3129 5501 37 21 On
3189 5500 41 22 the
3247 5499 92 23 motion
3363 5500 25 23 of
3417 5501 36 21 Mr

2898 5524 114 40 JM'llroy,
3020 5529 119 24 seconded
3149 5530 30 28 by
3194 5529 39 24 Mr
3243 5528 108 32 Luudou,
3370 5532 17 22 it
3406 5538 48 16 was

2898 5551 1 50 I
2903 5561 108 27 resolved
3029 5561 51 26 that
3100 5560 39 26 Mr
3161 5564 40 22 Jrr
3222 5561 29 27 bu
3272 5562 132 33 appointed
3429 5558 26 43 toj

2898 5594 1 37 j
2904 5597 85 22 collect
3015 5596 179 30 subscriptions.
3250 5596 80 23 Those
3356 5599 99 32 p.esenij

2898 5633 67 23 [were
2976 5627 25 24 of
3006 5628 98 30 opinion
3113 5629 51 22 that
3175 5627 118 26 sufficient
3304 5628 70 25 fund)
3384 5619 71 34 could'

2898 5661 37 27 Ibe
2946 5661 115 24 collected
3073 5666 24 18 to
3113 5661 85 25 enable
3215 5661 41 26 the
3272 5661 142 27 Committee
3431 5667 24 20 to

2898 5689 78 36 Iplace
2991 5694 81 23 beore
3083 5694 40 23 the
3134 5694 81 31 pubi.e
3226 5701 14 16 a
3254 5701 57 24 very
3325 5696 130 24 creditable

2909 5733 155 25 progiamme.
3097 5727 57 24 This
3168 5727 45 25 will
3225 5727 159 33 probably.be
3400 5730 42 32 pub-

2901 5760 84 25 lished
2996 5767 30 18 on
3040 5761 116 31 Saturday
3170 5766 63 20 next.

3501 183 22 24 It
3535 184 45 24 will
3592 185 30 24 be
3632 186 117 26 observed
3766 191 51 22 that
3828 189 36 23 Mr
3877 185 28 25 T>.
3919 182 101 33 Wright',

3470 215 40 24 the
3519 217 52 23 well
3585 218 85 25 known
3688 219 147 33 Evangelist,
3851 220 46 25 will
3916 217 108 26 conduct

3470 248 102 26 services
3588 258 71 25 every
3675 252 69 33 night
3766 258 58 21 next
3843 252 67 26 week
3933 251 26 25 in
3980 250 42 25 the

3474 280 162 34 Presbyterian
3665 285 103 31 Church,
3798 286 137 33 Roxburgh.
3977 283 45 27 We

3470 315 61 24 have
3551 316 60 24 little
3633 318 74 24 doubt
3723 320 42 23 but
3784 321 52 23 that
3858 321 41 22 the
3914 319 106 24 services

3470 345 46 26 will
3540 345 29 27 be
3594 347 89 35 largely
3710 351 114 27 attended
3851 351 49 26 and
3927 351 95 33 greatly

3469 380 160 30 appreciated.

3498 427 89 28 Lovers
3599 431 27 24 of
3634 431 41 27 the
3686 432 77 27 dance
3778 430 45 29 will
3843 432 124 27 doubtless
3987 434 31 25 be

3469 462 55 30 glad
3544 467 27 19 to
3594 464 57 24 hear
3673 466 51 22 that
3742 467 120 28 provision
3890 467 44 23 has
3956 467 61 24 been

3469 494 71 25 made
3560 493 38 27 for
3620 496 61 25 their
3702 497 140 32 enjoyment
3867 506 30 17 on
3921 497 53 27 Box
3984 507 33 23 ng

3469 527 74 33 night.

3484 574 21 24 A
3519 575 188 30 correspondent
3719 577 77 24 writes
3806 578 49 23 —A
3865 584 49 17 new
3915 574 1 31 1
3928 577 90 24 feature

3469 606 19 24 is
3500 611 24 20 to
3535 606 31 25 be
3582 608 141 25 introduced
3739 612 24 21 In
3776 609 41 25 the
3827 615 150 26 programme
3996 610 27 24 of

3469 639 40 24 the
3525 638 91 26 Ettrick
3628 646 78 27 sports
3719 641 47 25 this
3787 649 63 24 year,
3883 641 28 25 li
3920 648 13 18 e
3952 641 51 23 Com-

3469 671 82 26 mittee
3564 672 61 27 have
3646 673 103 26 decided
3764 680 24 20 to
3812 675 55 32 give
3883 682 14 17 a

3469 704 65 33 cup''
3546 706 48 24 and
3607 713 15 18 a
3633 713 88 26 money
3731 707 72 31 prize,
3811 713 25 20 to
3850 708 28 26 be
3889 715 44 18 run
3945 709 37 23 for
3992 706 25 25 in

3469 739 40 24 the
3519 739 120 31 following
3656 740 121 33 handicap
3787 740 166 32 events—loo,
3970 741 50 25 150.

3469 772 48 22 and
3527 772 45 22 200
3583 773 77 29 yards,
3681 773 49 24 foot
3752 781 73 17 races.
3843 774 57 24 This
3917 774 20 24 is
3951 779 52 18 men-

3469 802 82 25 tioned
3562 803 23 24 in
3598 803 70 25 order
3679 808 25 21 to
3715 805 68 25 allow
3794 803 62 28 local
3863 804 156 34 competitors

3469 835 58 26 time
3538 841 25 20 to
3571 837 62 25 train
3643 838 36 24 for
3691 838 68 25 these
3768 839 110 25 va'uable
3891 840 83 31 prizes.

3500 880 54 23 The
3568 881 73 23 result
3652 881 26 23 of
3693 881 78 25 Robin
3791 881 91 25 Rood's
3902 880 111 27 consult*

3470 911 49 25 tion
3529 920 31 16 on
3570 913 40 24 the
3622 913 139 26 Melbourne
3773 913 52 29 Cup
3836 921 49 18 was
3891 921 28 18 as
3929 914 91 25 follows

3470 944 93 24 —First
3580 946 78 26 horse,
3671 947 70 23 value
3752 946 66 28 L9S(J
3829 950 50 20 nett
3891 946 67 27 cash,
3970 953 50 17 was

3470 975 81 25 drawn
3572 976 32 31 by
3625 984 14 17 a
3662 978 89 32 sewing
3771 978 114 25 machine
3909 981 71 27 agent
3996 982 25 19 at

3471 1007 118 33 Kaiapoi;
3606 1010 40 26 the
3658 1011 91 25 second
3768 1011 78 31 horse,
3865 1010 70 26 value
3948 1010 14 28 L
3962 1010 59 28 430,

3469 1041 39 24 fell
3523 1046 25 19 to
3559 1049 15 17 a
3592 1049 127 25 carpenter
3735 1045 24 22 in
3776 1044 169 24 Christchurch
3958 1054 5 17 ;
3981 1043 41 24 the

3469 1073 63 24 third
3544 1073 76 29 horse,
3633 1076 71 24 value
3712 1075 14 31 L
3726 1075 59 31 215,
3798 1083 48 18 was
3864 1076 81 25 drawn
3962 1076 32 30 by
4004 1083 15 16 a

3469 1113 90 23 sawyer
3573 1114 25 16 ac
3618 1112 6 18 I
3633 1108 74 28 airua,
3721 1116 31 16 on
3774 1108 41 25 the
3832 1114 53 19 east
3906 1113 69 20 coast
3998 1108 26 24 of

3470 1138 125 25 Auckland
3605 1140 106 25 —Robin
3739 1141 91 25 Hood's
3858 1139 163 27 consultation

3468 1178 30 17 on
3510 1171 42 25 the
3563 1171 170 28 Christchurch
3750 1174 111 25 Summer
3876 1174 108 30 Meeting
4001 1174 20 23 is

3468 1210 53 18 now
3537 1212 70 23 open,
3627 1206 48 24 and
3692 1206 17 25 it
3729 1207 47 24 will
3802 1207 117 32 probably
3947 1207 30 24 be
3993 1214 28 16 as

3468 1234 128 28 successful
3607 1245 27 17 as
3645 1239 69 25 those
3726 1239 54 25 held
3793 1240 24 24 in
3829 1239 42 26 the
3881 1244 63 27 past.

3498 1280 21 22 A
3540 1285 71 26 party
3623 1281 53 25 who
3690 1281 45 25 has
3759 1281 87 26 visited
3866 1282 42 26 the
3926 1283 98 32 vicinity

3468 1311 78 25 where
3556 1313 41 25 the
3608 1321 87 24 survey
3706 1314 21 25 is
3737 1315 73 31 going
3825 1323 32 16 on
3869 1315 29 25 of
3905 1315 41 26 the
3957 1316 60 25 road

3468 1349 24 20 to
3504 1345 113 25 Waikaia
3628 1346 67 26 Bush
3716 1347 100 25 informs
3834 1356 28 18 us
3882 1349 53 25 that
3952 1349 70 32 rapid

3468 1385 110 23 progress
3589 1379 21 24 is
3620 1379 71 33 being
3700 1379 71 28 made
3787 1380 55 27 with
3862 1381 41 26 the
3921 1388 96 24 surrey,

3467 1409 49 28 and
3526 1409 19 29 it
3554 1410 20 28 is
3585 1411 114 34 expected
3709 1419 26 26 \o
3745 1413 31 27 be
3787 1413 134 34 completed
3933 1414 82 24 within

3467 1452 15 17 a
3493 1445 120 33 fortnight.
3631 1447 75 26 There
3715 1449 40 25 tore
3766 1455 31 17 no
3804 1452 67 27 great
3879 1446 138 25 difficulties

3469 1478 23 27 in
3504 1479 40 27 the
3554 1487 58 26 way,
3627 1479 49 27 and
3687 1480 18 26 it
3717 1480 150 33 isVsupposed
3881 1479 40 27 the
3932 1478 83 26 £2OOO

3469 1514 71 25 voted
3561 1514 31 31 by
3611 1513 166 26 Government
3799 1513 60 31 (and
3877 1512 86 33 placed
3990 1512 24 25 in

3469 1546 40 26 the
3524 1546 79 26 hands
3625 1548 29 24 of
3672 1546 105 26 Vincent
3801 1547 94 31 County
3914 1545 100 25 Council

3468 1579 36 25 for
3519 1579 165 32 expenditure)
3700 1579 47 26 will
3767 1580 117 30 complete
3899 1579 41 24 the
3955 1578 60 25 rbad

3468 1617 24 18 to
3502 1611 40 25 the
3554 1617 41 26 top
3606 1612 26 24 of
3645 1612 47 24 the*
3696 1618 73 24 range
3789 1615 58 21 nCar
3865 1612 42 24 the
3926 1611 90 25 shelter

3469 1643 68 25 shed.
3570 1645 54 28 Any
3644 1642 121 25 deviation
3787 1642 61 24 from
3869 1643 52 23 that
3940 1643 75 29 point,

3469 1674 108 31 required
3599 1675 77 24 either
3700 1673 105 26 towards
3833 1674 131 31 Roxburgh
3990 1681 28 17 or

3473 1707 138 32 Alexandra,
3620 1708 47 25 will
3683 1714 34 18 no
3731 1706 75 26 doubt
3822 1706 30 24 be
3869 1704 149 27 undertaken

3470 1740 30 29 by
3521 1741 41 23 the
3583 1741 133 30 respective
3739 1739 95 29 County
3852 1739 113 24 Councils
3992 1737 27 25 of

3470 1772 114 31 Tuapeka
3602 1773 48 23 and
3660 1770 112 27 Vincent.

3500 1813 49 25 The
3581 1814 58 25 fruit
3673 1821 85 18 season
3789 1814 19 24 is
3844 1812 93 32 rapidly
3975 1819 32 24 ap-

3471 1845 130 32 proaching
3615 1855 5 19 ;
3637 1847 161 24 strawberries
3815 1852 39 18 are
3875 1852 54 17 now
3949 1844 72 32 being

3471 1883 50 20 sent
3535 1883 26 20 to
3577 1878 99 29 market,
3689 1878 49 26 and
3750 1878 140 25 from'what
3912 1884 34 19 we
3963 1878 59 24 hear

3471 1911 98 25 theieis
3585 1918 16 17 a
3616 1911 64 32 good
3700 1918 58 24 crop
3772 1910 48 25 this
3841 1918 92 17 season.
3970 1910 51 25 The

3471 1943 68 24 other
3549 1943 72 25 kinds
3637 1944 25 23 of
3678 1944 55 24 fruit
3751 1951 41 17 are
3806 1948 42 20 not
3869 1942 73 32 likely
3954 1946 24 21 tb
3991 1943 31 24 be

3471 1983 27 16 so
3509 1976 109 30 plentiful
3627 1983 28 17 as
3672 1976 46 24 last
3733 1984 63 23 year,
3813 1976 78 31 partly
3907 1975 78 31 owing
3996 1979 26 20 to

3472 2007 39 26 the
3535 2007 149 32 changeable
3705 2008 103 25 weather
3825 2007 161 33 experienced
3998 2007 26 26 of

3470 2042 48 24 late
3549 2042 80 24 There
3640 2042 20 24 is
3671 2049 46 17 one
3726 2046 67 26 great
3813 2042 115 24 nuisance
3945 2042 77 24 which

3470 2073 209 31 exists—viz,the
3691 2073 77 24 birds.
3785 2074 22 23 A
3819 2073 52 24 bird
3883 2073 139 30 (described

3471 2110 26 19 to
3504 2112 27 17 us
3547 2113 28 16 as
3593 2105 41 25 the
3892 2105 45 25 has
3953 2112 69 18 come

3470 2145 65 22 upon
3546 2137 41 24 the
3599 2144 77 23 scene,
3692 2137 49 24 and
3759 2138 21 23 is
3801 2137 152 32 particularly
3975 2137 30 25 de-

3470 2169 121 25 structive.
3625 2168 42 26 We
3677 2176 41 18 are
3741 2169 117 26 informed
3881 2169 52 26 that
3952 2168 55 27 thou-

3470 2202 72 25 sands
3554 2202 30 26 of
3590 2204 68 24 these
3669 2202 66 26 birds
3743 2204 62 25 have
3818 2204 62 25 been
3890 2203 129 29 destroyed

3469 2235 85 29 during
3565 2235 41 25 the
3614 2239 55 27 past
3684 2235 45 25 few
3738 2235 86 30 weeks,
3841 2236 39 25 but
3895 2236 47 25 still
3959 2236 62 30 they

3469 2266 97 26 abound
3582 2267 24 25 in
3625 2267 166 27 considerable
3805 2269 121 26 numbers.

3471 2345 186 26 ROXBURGH
3672 2346 132 28 SCHOOL
3820 2347 204 27 COMMITTEE.

3497 2422 58 25 This
3580 2423 141 26 Committee
3741 2424 57 26 held
3819 2425 63 25 their
3904 2427 108 31 monthly

3469 2456 103 31 meeting
3580 2464 32 17 on
3623 2457 117 31 Saturday
3750 2457 103 32 evening
3868 2458 52 31 last,
3943 2459 69 26 when

3468 2490 66 23 there
3559 2496 62 17 were
3651 2494 95 26 present
3795 2490 91 25 Messrs
3911 2491 108 25 Andrew*

3468 2520 160 31 (Chairman),
3640 2520 97 31 Borton,
3751 2521 111 32 Burgess,
3877 2522 48 25 and
3938 2524 25 24 R.
3978 2522 34 26 Mi

3468 2553 75 24 Smith
3560 2553 155 33 (Secretary).

3497 2584 50 26 The
3574 2586 104 24 minutes
3708 2585 26 25 of
3763 2586 111 32 previous
3911 2589 105 30 meeting

3468 2624 57 18 were
3537 2617 57 25 read
3605 2617 47 26 and
3664 2617 135 27 confirmed.

3498 2649 53 26 The
3570 2651 128 25 Chairman
3721 2651 112 33 reported
3854 2651 52 27 that
3928 2661 46 17 one
3990 2654 27 24 of

3466 2683 41 24 the
3525 2683 160 26 blackboards
3706 2692 49 17 was
3776 2688 41 21 not
3834 2685 74 25 worth
3930 2687 75 30 repair-

3466 2716 48 30 ing,
3525 2715 49 25 and
3587 2716 18 25 it
3619 2724 48 17 was
3686 2717 112 25 resolved
3816 2722 24 20 to
3861 2722 41 27 get
3915 2719 102 24 another

3466 2748 71 26 made
3548 2748 23 25 in
3583 2748 31 26 its
3623 2750 75 31 place-

3496 2781 52 24 The
3559 2781 129 24 Chairman
3704 2781 139 27 mentioned
3857 2783 51 25 that
3919 2784 31 25 he
3966 2784 49 25 had

3465 2820 46 18 one
3518 2820 72 19 name
3600 2821 32 18 on
3643 2814 41 26 the
3695 2814 40 26 list
3745 2814 38 26 for
3788 2815 179 28 trontributions
3979 2821 24 22 to-

3466 2846 75 25 wards
3560 2847 41 24 the
3611 2847 121 32 proposed
3746 2848 85 31 picnic,
3856 2849 40 25 but
3912 2850 43 25 did
3969 2855 43 21 not

3465 2878 100 33 proceed
3576 2887 47 24 any
3634 2879 93 27 further
3737 2881 79 32 owing
3824 2885 25 21 to
3859 2882 42 26 the
3910 2884 103 26 measles

3464 2913 87 28 having
3562 2913 90 25 broken
3664 2918 48 24 out,
3722 2915 77 23 which
3812 2916 78 23 would
3903 2917 109 25 interfere

3464 2946 54 26 with
3531 2947 41 24 the
3583 2950 187 29 arraugements.

3493 2979 39 24 Mr
3542 2979 89 25 Borton
3642 2979 119 32 proposed;
3798 2980 64 26 That
3878 2981 40 25 the
3933 2981 79 30 pitnic

3464 3012 30 23 be
3505 3011 57 24 held
3569 3011 59 24 after
3639 3012 41 23 the
3687 3012 192 30 examination—
3882 3012 95 31 subject
3987 3018 26 19 to

3466 3044 39 22 the
3514 3043 116 30 approval
3638 3043 26 23 of
3670 3044 41 23 the
3719 3043 123 30 incoming

3466 3073 155 26 ■—Seconded
3631 3075 32 30 by
3675 3074 38 24 Mr
3724 3074 85 31 Smith,
3821 3074 49 25 and
3887 3075 101 24 carried,

3497 3106 310 32 [The-'examination-will
3830 3106 117 32 probably
3964 3106 56 25 take

3467 3138 68 34 place
3545 3139 72 25 about
3630 3139 41 24 the
3681 3138 47 25 end
3740 3138 27 24 of
3781 3138 130 32 January.]

3497 3171 125 32 Resolved,
3634 3180 31 16 on
3675 3171 40 26 the
3726 3171 91 25 motion
3829 3171 27 24 of
3866 3171 37 26 Mr
3916 3171 104 33 Burgess

3467 3205 121 26 seconded
3598 3204 29 31 by
3636 3205 39 24 Mr
3685 3204 98 29 Borton,
3817 3203 62 25 That
3888 3204 41 25 the
3937 3205 84 24 school

3468 3240 29 23 be
3511 3237 131 31 re-opened
3650 3245 32 16 on
3693 3237 41 24 sth
3748 3236 108 33 January
3969 3237 52 24 The

3468 3270 96 31 opinion
3577 3277 49 16 was
3639 3268 131 32 expressed
3781 3268 40 25 the
3828 3269 109 28 measles,
3947 3268 76 31 being

3468 3303 26 25 of
3505 3311 15 17 a
3530 3301 60 26 mild
3605 3301 69 32 form,
3689 3300 80 27 would
3788 3301 30 26 be
3830 3299 83 36 tdtally
3924 3301 95 27 extinct

3468 3338 80 24 before
3558 3336 52 25 that
3628 3336 62 26 date.

3497 3369 52 24 The
3577 3369 128 23 Chairman
3730 3368 87 31 during
3840 3369 42 24 the
3905 3369 114 31 meeting,

3469 3401 56 25 read
3539 3400 41 25 the
3600 3400 68 25 letter
3686 3400 78 25 which
3781 3401 31 24 he
3841 3400 49 25 had
3913 3401 109 25 received
4026 3400 2 26 1

3470 3435 60 23 from
3543 3433 34 24 Dr
3591 3433 150 25 Maclachlan
3753 3440 31 16 on
3793 3433 40 24 the
3842 3432 94 33 subject
3944 3432 26 26 of
3978 3433 42 25 the

3468 3466 107 31 measles,
3593 3465 47 26 and
3663 3465 53 26 said
3738 3465 59 26 from
3814 3465 54 26 that
3885 3466 70 26 letter
3976 3466 41 26 the

3468 3500 141 23 Committee
3620 3499 69 23 could
3702 3503 42 19 not
3758 3499 49 24 well
3823 3499 62 25 have
3899 3499 59 31 kept
3975 3499 41 25 the

3467 3531 82 24 school
3567 3537 68 24 open.

3497 3562 21 26 It
3530 3570 47 17 was
3590 3562 99 25 decided
3702 3566 24 21 to
3743 3562 57 25 hold
3821 3571 14 17 a
3856 3563 108 31 meeting
3985 3562 43 32 on'

3466 3596 39 24 the
3516 3596 46 22 last
3574 3595 116 30 Saturday
3702 3595 23 24 in
3737 3596 49 23 this
3806 3596 91 30 month,
3911 3597 64 29 prior
3991 3601 25 18 to

3465 3626 101 32 sending
3574 3626 42 25 the
3630 3627 80 31 yearly
3728 3632 116 21 accounts
3862 3632 25 21 to
3900 3625 116 29 Du.iedin

3464 3660 35 22 for
3509 3663 24 19 to
3550 3660 30 22 be
3590 3660 103 22 audited.

3493 3726 53 25 The
3561 3726 65 25 Tidt
3643 3725 245 28 Housewifb.—The
3915 3728 97 30 careful,

3464 3760 50 31 tidy
3525 3759 134 30 housewife,
3672 3758 67 25 when
3751 3760 81 31 giving
3842 3760 43 24 her
3895 3760 76 25 house
3982 3761 31 24 its

3466 3793 81 31 spring
3558 3791 116 31 cleaning,
3682 3791 86 25 should
3783 3792 90 25 bearin
3884 3793 67 24 mind
3963 3793 51 25 that

3466 3826 40 23 the
3516 3825 58 23 dear
3584 3825 102 23 inmates
3697 3831 40 17 are
3754 3832 66 16 more
3832 3825 107 30 precious
3956 3826 58 23 than

3466 3857 94 28 houses,
3569 3856 60 25 their
3641 3860 102 27 systems
3754 3856 61 25 need
3831 3855 131 34 cleansing,
3984 3858 31 31 by

3466 3889 118 31 purifying
3591 3888 261 32 theblood,regulating
3860 3890 39 25 the
3907 3891 109 25 stomach

3464 3921 49 23 and
3532 3921 94 26 bowels,
3640 3921 48 23 and
3700 3921 42 24 she
3761 3921 86 24 should
3871 3921 71 25 know
3963 3923 53 24 that

3465 3953 65 25 there
3544 3953 18 24 is
3578 3953 100 31 nothing
3694 3953 52 25 that
3757 3953 46 26 will
3812 3953 31 26 do
3860 3953 18 27 it
3889 3962 27 17 so
3937 3956 80 30 surely

3464 3993 26 18 as
3503 3986 58 29 Hop
3570 3986 96 31 Bitters,
3677 3986 41 24 the
3733 3991 79 26 purest
3825 3987 48 25 and
3885 3987 51 27 best
3949 3988 25 27 of
3983 3986 46 31 all•

3465 4019 136 25 medicines.
3635 4018 68 26 Look
3716 4019 43 26 for.

3494 4052 83 24 Enjoy
3594 4051 173 27 Life.—What
3787 4061 14 17 a
3820 4055 62 30 truly
3900 4055 116 26 beautiful

3464 4084 72 24 world
3556 4091 35 17 we
3612 4085 45 22 live
3680 4085 38 23 in!
3752 4086 44 24 We
3821 4094 45 18 can
3884 4087 79 26 desire
3984 4097 31 16 no

3463 4117 76 25 better
3560 4116 69 25 when
3648 4118 25 24 in
3697 4118 65 31 good
3779 4119 80 25 health
3873 4129 5 19 ;
3895 4121 42 23 but
3962 4121 53 25 how

3462 4149 65 25 often
3541 4149 31 25 do
3584 4149 40 25 the
3641 4149 112 33 majority
3765 4151 27 25 of
3803 4153 85 30 people
3904 4152 46 25 feel
3965 4153 48 24 like

3462 4181 80 33 giving
3575 4182 17 26 it
3611 4189 32 27 up
3659 4182 176 34 disheartened,
3854 4185 159 33 discouraged

3462 4215 49 28 and.
3524 4217 97 26 worried
3633 4222 41 19 out
3684 4218 56 23 with
3752 4217 101 32 disease,
3868 4219 67 25 when
3948 4220 67 24 there

3464 4251 19 24 is
3499 4258 31 16 no
3550 4250 111 24 occasion
3674 4250 37 23 for
3725 4250 47 23 this
3787 4250 93 32 feeling*
3915 4251 99 24 Green's

3467 4286 89 30 August
3576 4282 91 26 Flower
3679 4281 46 26 will
3741 4282 72 26 make
3832 4283 65 25 them
3920 4290 27 18 zs
3966 4284 49 25 free

3464 4317 60 23 from
3546 4316 94 24 disease
3661 4323 27 16 as
3702 4315 67 24 when
3782 4316 66 26 born,
3881 4316 135 33 Dyspepsia

3465 4348 47 26 and
3525 4348 70 25 Liver
3606 4346 136 35 Complaint
3753 4355 40 17 are
3802 4348 40 25 the
3852 4348 75 26 direct
3941 4356 73 19 cause

3465 4383 24 24 of
3499 4380 155 32 seventy-five
3666 4388 42 24 per
3718 4385 54 20 cent
3793 4381 26 25 of
3827 4382 58 24 such
3897 4382 118 26 maladies

3465 4422 27 16 as
3500 4415 149 25 biliousness,
3659 4413 151 30 indigestion,
3821 4414 52 24 sick
3882 4415 133 28 headache,

3466 4446 152 25 costiveness.
3626 4452 101 17 nervous
3737 4446 151 30 prostration,
3897 4445 118 28 dizziness

3466 4479 26 24 of
3500 4479 40 24 the
3551 4478 70 30 head,
3636 4478 139 31 palpitation
3789 4478 28 25 of
3829 4479 40 25 the
3881 4480 75 28 heart,
3967 4480 48 25 and

3466 4512 68 24 other
3566 4510 142 32 distressing
3746 4516 141 26 symptoms.
3939 4513 78 26 Three

3466 4544 71 25 doses
3558 4543 28 25 of
3607 4545 90 29 August
3714 4542 92 26 Flower
3828 4544 47 26 will
3892 4554 73 23 prove
3987 4548 30 22 its

3460 4574 1 32 I
3467 4574 129 23 wonderful
3612 4575 76 21 etfect.
3721 4575 56 22 Sold
3798 4576 31 27 by
3847 4577 29 21 all
3897 4577 117 29 druggists-

3460 4597 29 38 |at
3501 4607 26 24 3s
3546 4605 31 26 Gd
3593 4612 41 25 per
3652 4605 80 26 bottle.
3765 4605 97 32 Sample
3877 4607 82 30 bottle,
3977 4609 38 25 6d.

3467 4640 44 29 Try
3521 4640 17 24 it

3499 4670 136 31 UoUoways
3666 4672 111 22 Ointment
3800 4673 45 22 and
3874 4673 58 23 Pills
3944 4674 54 23 —lm-

3467 4701 96 29 purities
3575 4703 23 20 of
3614 4702 38 22 the
3668 4702 151 25 Blood.--To
3836 4711 84 17 ensure
3935 4705 80 25 health

3466 4734 18 23 it
3498 4734 21 24 is
3532 4733 132 32 absolutely
3678 4741 123 26 necessary
3818 4736 52 24 that
3887 4737 40 25 the
3943 4737 74 26 fluids

3465 4767 44 24 and
3522 4767 73 24 solids
3610 4767 24 23 of
3647 4768 38 23 the
3697 4769 87 23 human
3803 4769 62 29 body
3881 4770 88 25 should
3990 4774 27 22 be

3466 4802 57 27 kept
3539 4799 48 23 free
3610 4800 58 23 from
3692 4800 67 23 those
3782 4802 134 29 impurities
3938 4805 77 23 which

3465 4839 39 16 are
3514 4831 145 29 continually
3671 4833 92 28 getting
3775 4833 127 24 admission
3911 4835 52 24 into
3974 4837 41 22 the

3464 4867 86 26 system
3566 4863 30 28 by
3608 4863 136 29 imprudent
3756 4863 81 31 living,
3850 4866 165 24 uuwholsomj

3463 4894 174 33 surroundings
3668 4903 27 15 or
3726 4896 138 26 disordered
3901 4900 104 24 stomach

3464 4929 48 22 The
3532 4932 77 19 surest
3636 4935 51 21 way
3708 4930 25 21 *o
3755 4929 69 29 expel
3843 4930 32 23 all
3892 4932 56 24 such
3969 4933 29 23 im-

3463 4959 99 32 purities
3587 4960 20 23 is
3633 4963 23 22 to
3684 4959 55 25 take
3772 4960 144 32 HoHoway's
3944 4963 68 25 PiUg.

3464 4991 73 25 which
3556 4992 61 24 have
3636 4992 40 24 the
3695 5000 76 23 power
3791 4995 24 22 of
3832 4994 120 35 cleansing
3972 4997 40 25 the

3464 5025 70 24 blood
3546 5025 60 24 from
3627 5026 30 24 a'l
3678 5026 103 24 noxious
3801 5031 107 27 matter*,
3927 5031 47 23 aud
3988 5036 25 18 at

3528 5064 63 17 Bame
3615 5059 58 22 time
3697 5057 123 33 removing
3845 5068 46 24 any
3918 5063 94 23 morbid

3462 5090 95 30 charges
3577 5090 77 25 which
3674 5090 61 25 tUeir
3755 5098 112 24 prcsenej
3883 5100 54 23 muy
3953 5095 60 23 have

3462 5122 97 29 already
3571 5122 120 29 produced
3708 5123 25 25 in
3753 5130 46 25 any
3812 5131 43 26 <tg
3873 5131 20 17 n.
3927 5125 72 25 Hollo-

3465 5153 69 31 way's
3548 5153 59 27 IMb
3618 5156 69 30 expjl
3700 5155 31 24 all
3744 5155 57 26 hum
3810 5165 32 16 >r*
3862 5157 73 25 -vhieh
3949 5160 66 23 tainfc

3462 5195 26 16 or
3513 5188 145 31 impoveriih
3682 5187 41 26 tha
3751 5189 53 24 bloo
3814 5190 15 30 1,
3853 5190 75 24 which
3952 5191 62 33 they

3464 5220 82 31 purify
3557 5221 46 24 and
3615 5221 141 29 invigorate,
3770 5223 82 30 giving
3861 5228 55 19 tone
3935 5229 28 18 to-
3972 5225 41 24 tho

3466 5259 90 19 nerves.
3589 5253 65 31 They
3666 5261 39 16 are
3720 5254 129 31 applicable
3867 5259 23 19 to
3904 5255 31 25 all
3949 5256 63 26 alike

3466 5293 112 24 —young
3593 5294 26 15 or
3629 5286 39 24 old
3688 5285 81 26 robust
3780 5294 27 17 or
3818 5287 98 26 delicate

3493 5319 70 25 Qoou
3598 5319 178 25 Resolutions.
3791 5332 28 7 —•
3838 5323 24 21 \t
3884 5322 40 24 the
3950 5330 49 18 com-

3464 5357 148 19 mencement
3633 5353 27 22 of
3669 5359 70 24 every
3758 5360 51 16 new
3822 5360 54 23 year
3894 5355 122 26 hundreds-

3460 5384 53 25 land
3529 5384 132 25 thousands
3674 5384 23 25 of
3715 5393 43 16 our
3779 5391 81 26 young
3880 5390 136 24 men—and

3460 5417 1 31 '■
3466 5418 38 22 old
3525 5425 26 16 as
3574 5417 51 25 well
3634 5417 83 25 -form
3743 5417 141 27 resolution*
3904 5420 38 24 for
3955 5421 62 27 their

3460 5446 123 34 [guidance
3605 5451 36 22 for
3661 5451 39 22 the
3716 5452 96 30 coming
3831 5459 64 25 year.
3942 5454 75 33 Many

3460 5483 66 30 (keep
3538 5484 73 28 them,
3624 5484 66 24 while
3702 5484 81 24 others
3795 5486 73 24 break
3878 5487 80 26 them.-
3982 5492 37 23 To

3466 5517 58 21 such
3547 5522 33 14 we
3598 5515 56 21 wish
3667 5520 24 17 to
3702 5517 56 27 give
3769 5524 15 15 a
3802 5518 65 23 word
3878 5520 29 22 of
3925 5520 93 26 advice.

3460 5544 1 44 I
3469 5549 26 20 in
3508 5544 70 25 order
3588 5550 25 19 to
3624 5546 92 26 sustain
3729 5555 58 24 your
3799 5549 185 34 determination
3997 5554 28 29 of

3460 5576 101 33 leading
3580 5588 15 16 a
3617 5581 76 25 better
3713 5583 39 24 life
3768 5585 24 23 in
3813 5586 140 26 the-future
3975 5597 48 23 you

3460 5612 93 22 ishould
3565 5620 43 16 use
3623 5614 57 32 Hop
3702 5615 95 25 iiiiters.
3836 5618 47 25 ihe
3902 5619 122 32 judicious

3460 5641 2 46 |
3467 5650 42 20 use
3522 5644 25 24 of
3563 5644 55 33 Hop
3636 5647 86 26 bitters
3734 5651 161 31 strengthens,
3906 5654 118 33 cleanses,

3460 5677 56 31 (and
3528 5677 97 31 purifies
3645 5684 40 21 the
3696 5684 119 28 stomach,
3828 5685 95 31 bowels,
3943 5687 79 31 blood,

3462 5710 73 28 diver,
3558 5717 92 27 nerves,
3673 5714 47 25 and
3746 5715 105 33 kidney*,
3870 5718 50 27 and
3934 5717 19 28 is
3972 5720 52 34 justl-

3470 5744 64 25 -
3542 5752 44 23 you
3600 5751 62 20 want
3674 5752 25 20 to
3711 5748 64 26 build
3786 5758 33 24 up
3830 5752 48 23 and
3890 5751 144 34 invigorate.

3462 5775 4 38 1
3639 5778 142 29 Qreeabush
3904 5787 85 26 head^

1389 83 285 61 MOUNT
2094 74 218 72 MAIL

3371 80 183 32 SATURDAY,
3571 84 183 27 DECEMBER
3771 87 35 30 13,
3825 78 60 33 18g4

220 216 166 36 Established
402 214 77 31 18(15]

113 253 3 36 i
170 264 28 25 T.
251 261 31 26 W
314 261 25 24 II
371 259 22 26 B
423 258 22 24 B
474 256 23 26 L
526 254 23 25 E
579 253 26 25 R
617 253 3 36 <

80 320 19 2 -
105 307 15 16 J
122 314 5 8 '
160 310 125 27 Gkkeral
301 308 174 25 Advertising
494 300 85 27 kaxn

172 367 5 4 •
235 360 52 16 AND
302 353 173 21 COSTBACTO2,

74 400 92 26 Inserts
177 397 205 27 Advertisements
390 392 23 25 in
427 390 30 25 all
467 388 153 29 Newpp*pert

102 432 147 31 Magazines,
263 431 51 28 &a,
334 424 125 32 published
478 419 109 31 through-

249 465 43 23 out
325 460 41 25 the
391 456 80 25 world.

221 525 140 32 Proprietor
386 520 26 25 of
434 517 41 26 the

91 564 222 31 MERCANTILE
333 562 20 25 &
381 546 229 38 BANKRUPTCY

99 603 159 29 GAZETTE
275 600 44 26 OF
336 597 76 27 NEW
430 589 168 32 ZBALIND.

76 647 53 26 The
140 651 65 20 only
223 642 99 26 Gazette
341 638 26 24 in

77 679 124 33 publishes
214 673 97 28 reliable
322 670 154 26 intimation
488 663 27 24 of
525 661 29 25 all
569 661 34 21 IW

78 691 27 46 It
116 712 64 25 Sale.
191 709 139 28 Mortgages
338 704 24 23 of
378 699 83 28 Stock,
470 695 67 25 Wool
546 694 68 23 tiem

78 781 26 25 of
123 779 42 25 the
188 776 134 25 Liabilities
338 771 46 25 and
403 771 43 21 Ase

78 816 77 23 venta,
171 809 46 24 and
232 814 71 22 every
319 801 143 33 particulars
482 799 135 22 concern^

76 843 167 31 Bankruptcy.

105 887 167 31 Subscription
286 881 110 33 (pavaMe
413 879 25 24 in
450 872 126 31 advance),
593 870 27 25 U

77 924 41 29 2§;
137 919 57 27 with
206 917 79 30 index,
300 913 86 28 L2-7s.

108 985 57 23 Also
464 969 153 24 »Illustrate.

77 1017 60 27 New
155 1012 103 28 Zealand
379 1007 52 32 (the
443 1002 56 31 only
518 1007 37 26 pic
568 1006 47 16 ona

77 1058 74 24 paper
163 1049 25 24 in
210 1046 40 26 the
269 1042 114 32 Colony).
416 1035 65 28 Each
500 1032 83 28 month
602 1039 14 16 0

78 1085 40 23 the
127 1089 49 16 new
188 1080 73 25 series
271 1075 107 26 contains
385 1069 111 32 splendid
507 1072 110 24 engrave*

76 1116 106 29 pictnres
197 1112 27 24 of
236 1110 58 24 New
316 1108 20 25 Z
344 1105 79 25 <aland
440 1103 103 26 Scenery
555 1106 6 21 ;
579 1103 38 17 ao<

76 1126 17 47 J
101 1145 102 34 popular
221 1143 47 25 and
287 1140 111 25 readable
411 1133 126 46 Novate
550 1129 67 25 node,

76 1181 42 26 the
129 1177 102 30 heading
247 1175 24 25 of
285 1173 41 26 the
344 1171 13 16 -
367 1171 72 28 Story
450 1166 87 25 Tel'er.

104 1215 172 31 Subscription,
285 1212 58 24 with
353 1206 94 28 colored
456 1204 164 31 supplements,

76 1255 26 22 &a
113 1251 29 25 8d
152 1256 41 25 per
209 1253 99 20 annum,
318 1241 101 34 payable
430 1240 27 24 in
468 1239 112 24 aJvance.

283 1314 73 24 Head
383 1317 31 17 of

120 1347 195 29 WHEELER'S
355 1336 225 30 ADVERTISING

241 1373 220 31 AGENCY-

104 1415 48 24 No.
170 1416 21 24 8,
209 1413 130 22 STAiroan
355 1413 99 19 stkeet,
467 1404 128 24 Punedin.

134 1521 19 34 f
177 1518 23 29 H
228 1519 21 25 E
275 1517 21 26 L
325 1517 18 24 A
369 1514 27 25 N
447 1507 165 29 BROS.

107 1570 5 16 ,
122 1570 11 14 r
153 1551 3 35 .
182 1558 145 28 GENERAL
350 1551 219 29 BLACKSMITHS,

257 1595 191 33 ROXBURGH

107 1696 81 31 Erery
197 1693 149 32 description
356 1690 28 25 of
397 1686 66 28 work
482 1684 25 26 in
525 1686 92 23 connee

75 1742 52 26 lion
153 1740 57 26 with
235 1739 42 28 the
299 1735 82 28 Trade
406 1730 149 30 undertaken
580 1734 40 18 am

75 1784 116 29 executed
207 1784 26 25 in
251 1782 125 26 first-class
395 1778 68 33 style,
482 1774 49 26 and
545 1776 26 21 at
586 1771 34 26 th<

75 1834 64 21 most
151 1827 141 28 reasonable
303 1830 70 20 rates.

144 1916 202 28 tfIORSESHOEING
363 1916 16 17 A
395 1909 153 24 SPECIALITY.

94 2007 4 37 \
121 2017 124 27 BABBIT
260 2014 98 27 SKINS
374 2012 65 26 FOR
460 2007 126 28 MONEY.

135 2110 86 26 CASH
238 2108 68 26 FOR
322 2103 121 28 RABBIT
458 2098 104 29 SKtNS.

123 2175 47 24 HE
187 2174 77 25 NEW
297 2169 167 28 ZEALAND
487 2163 112 27 RABBIT-

312 2213 78 30 SKIN

276 2262 149 28 Exchange,

89 2320 69 31 Jetty
169 2318 47 27 and
229 2316 122 27 Crawford
364 2316 99 27 Streets;
484 2310 120 30 Dnnsdin,

101 2364 75 26 8.8.
191 2363 152 27 Bkadshaw,
362 2359 120 31 Exporter
497 2356 92 24 Direct.

101 2452 156 27 Rabbitskins
280 2446 130 35 purchased
426 2446 24 24 in
467 2452 47 24 any
525 2443 82 32 quanti-

69 2499 46 24 ties
131 2500 25 22 to
171 2495 86 32 supply
278 2492 82 25 orders
375 2490 61 25 from
458 2488 55 25 Felt
532 2486 68 25 Manu-

55 2540 130 24 facturers
197 2537 24 24 in
233 2537 120 29 Glasgow,
365 2531 109 30 London,
486 2530 46 24 and
545 2530 58 23 Bras-

69 2582 56 28 •els.

97 2634 62 26 Gaab
172 2632 122 26 advanced
315 2639 30 18 on
364 2629 158 26 Rabbitskins
538 2625 81 35 placed

67 2678 25 27 tti
104 2687 40 24 my
156 2678 79 26 hands
249 2678 38 24 for
296 2676 130 31 shipment.

140 2740 210 24 PHOSPHORUS
376 2737 59 24 FOR
461 2735 83 24 SALE.

127 2811 68 26 ,HY
231 2808 225 28 CONTINUE
483 2806 137 25 POOil?-

176 2855 102 29 Tickets,
290 2854 56 31 only
357 2852 59 26 Five
430 2848 189 33 Shillings-each,

75 2898 32 25 m
127 2898 57 25 THE
203 2897 156 24 FREEHOLD
377 2892 238 27 CONSULTATION.

69 2941 64 25 First
144 2940 128 30 Dividend,
285 2940 83 23 House
376 2938 48 25 and
438 2937 67 24 Land
517 2937 24 22 in
554 2935 49 24 Wel-

70 2984 99 31 lington,
191 2982 75 25 worth
285 2981 72 29 L4OO,
367 2980 56 25 with
435 2987 14 16 a
461 2979 64 24 Cash
538 2979 81 22 Bonus

69 3029 25 20 to
104 3028 59 21 start
176 3031 46 23 you
238 3023 25 23 in
281 3022 110 24 business
412 3020 28 24 of
457 3020 65 23 L2OO
533 3032 11 4 -
553 3018 66 29 total,

68 3065 66 25 L6OO
144 3074 7 21 ;
166 3065 30 25 34
207 3065 69 25 other
286 3064 64 24 Cash
363 3061 143 31 Dividends,
518 3061 101 31 ranging

68 3109 62 26 from
141 3107 51 25 LlO
198 3112 30 21 to
238 3105 142 27 L3ooeach.
398 3105 87 32 Apply,
496 3104 123 30 enclosing

68 3156 101 28 stamps,
185 3151 44 25 &c.
256 3150 45 31 (for
316 3150 67 31 reply
402 3149 48 24 and
462 3148 84 30 result)
558 3152 25 20 to

266 3198 90 26 JOHN
386 3196 115 31 SMITH,

201 3238 15 33 I
228 3239 52 25 Box
291 3238 52 30 138,
355 3236 26 30 P.
381 3236 41 30 0.,
438 3236 154 31 Wellington.

202 3323 298 29 NOTICE.

125 3426 97 26 OTTCE
236 3424 25 26 Is
272 3424 98 31 Hereby
384 3424 76 24 Given
471 3422 52 24 that
539 3421 80 25 Poißor

152 3470 20 24 is
191 3468 49 25 laid
263 3468 38 24 for
315 3466 101 25 Fabbits
437 3466 46 24 and
503 3465 66 30 Dogs
593 3472 26 14 ou

69 3517 71 25 Huns
160 3516 44 24 199
225 3513 48 26 and
290 3514 46 24 369
348 3521 6 21 ;
378 3511 55 31 also,
457 3519 32 18 on
514 3509 106 26 freehold

67 3558 71 28 land,

190 3586 149 29 CARGILL
360 3586 20 26 &
405 3584 186 27 ANDERSON.

99 3640 88 26 Teviet
199 3638 107 30 Staiiw>,
317 3638 96 30 August
423 3635 131 31 IBth,lßßo

116 3763 19 26 0
166 3760 142 29 STAND
337 3758 101 26 THIS
464 3756 156 26 SEASON

344 3808 37 18 AT

165 3848 69 24 MOA
268 3846 82 23 FLAT
382 3844 143 27 STATION,

95 3986 124 34 Thorough-

136 4031 59 26 bred

247 4138 47 30 (By
304 4136 138 30 Traducer.)

99 4216 95 31 Terms,
220 4212 37 28 £4
279 4211 123 27 4s—Half
422 4210 103 34 payable
543 4209 66 27 befor

69 4261 108 26 removal
199 4259 28 24 of
243 4265 86 22 mare;
356 4257 103 24 balance
473 4257 69 23 when
558 4262 58 17 mar,

69 4311 88 26 proves
165 4302 24 27 in
200 4300 56 30 foal.
290 4299 112 28 Groom's
419 4299 45 31 fee,
477 4300 33 30 ss,
522 4297 94 34 payabh

67 4344 27 30 fal
106 4349 61 24 tlmfr
174 4348 28 23 of
210 4346 53 24 first
278 4346 98 24 service.

101 4395 131 27 Paddocks
249 4394 125 34 provided,
391 4394 100 25 without
510 4400 48 24 any
577 4400 39 17 res

70 4440 146 31 ponsibility.
225 4435 1 36 •
250 4437 82 25 Mares
350 4441 43 20 not
414 4435 113 26 removed
541 4435 31 28 by
588 4436 26 23 Is

69 4482 131 31 February,
214 4480 97 33 grazing
317 4480 49 24 will
383 4480 31 24 be
425 4478 104 31 charged
541 4478 44 30 for,
601 4484 14 18 a

69 4528 42 25 the
122 4531 52 23 rate
182 4526 28 25 of
222 4525 40 32 £*>
262 4525 41 32 per
313 4524 74 25 week.

99 4576 50 25 For
169 4575 91 26 further
274 4574 150 31 particulars,
449 4572 74 32 apply
544 4576 26 20 to
585 4570 31 26 th»

68 4625 91 25 groom.

111 4720 25 24 10
163 4718 171 23 TRAVEL.
350 4718 92 23 T-:HIS
478 4716 142 23 SEASON

345 4764 39 22 AT«

109 4806 94 25 Millers
217 4804 66 31 Rat;
292 4804 58 26 Moti
360 4804 64 29 Flat;
440 4803 49 26 and
500 4803 86 25 Teviot

292 4842 106 26 District.

128 4919 49 25 The
488 4915 47 25 Ent
538 4915 5 5 '
539 4924 18 16 ir
558 4922 14 19 e

73 4984 146 33 Clydesdale
247 4974 181 30 mJßm*fi&f
495 4981 79 23 Horse

99 5177 148 27 Particulars
258 5181 33 22 oh
301 5176 156 33 application,

332 5230 89 25 JOHN
442 5227 152 27 GORDON.

126 5383 4 45 (
139 5388 24 23 «l
223 5386 30 26 M
283 5388 21 22 A
328 5387 20 23 O
366 5386 20 25 L
403 5386 23 23 A
449 5385 21 24 C
487 5385 24 23 H
529 5384 56 25 LI
599 5383 20 24 N

108 5436 15 11 *
162 5438 54 26 may
240 5431 28 25 be
283 5426 140 38 consulted'
437 5429 65 32 daily
534 5430 26 24 at
590 5426 30 27 hit

69 5480 131 31 residence,
213 5480 143 31 Bozburgh.

99 5528 24 25 It
134 5530 24 24 ii
164 5529 121 26 desirable
297 5530 54 25 that
363 5531 42 23 the
416 5534 74 20 terms
500 5529 32 24 be
543 5527 66 26 cash.

102 5602 85 27 Public
198 5601 157 29 Vaccination
360 5603 61 25 from
432 5604 27 24 11
471 5606 25 22 to
507 5603 10 23 1
534 5600 86 27 o'clock

71 5666 33 17 on
115 5658 41 26 the
167 5658 54 25 first
229 5658 47 25 and
296 5658 87 25 second
395 5656 122 32 Saturday
532 5655 26 25 of
566 5655 53 25 eacl

72 5715 95 26 raonth,
181 5719 23 19 at
217 5713 40 26 the
270 5714 157 29 Courthouse,
440 5710 143 33 Roxburgh.

766 206 168 26 SPORTWGF
967 202 105 26 NEWS.

620 261 16 36 'i
708 273 155 26 4709.-830
887 270 87 26 CTASH
993 266 132 27 PRIZES.

651 341 159 28 ggrSIXTH
856 338 120 25 GRAND
1009 332 171 26 HAMBURG

619 392 8 16 B
701 369 162 29 DRAWING
881 369 29 26 IS
936 365 77 30 NOW
1029 364 86 27 OPEN
1128 365 5 24 !

641 437 96 25 rnFFF-
762 438 61 25 Five
850 436 111 32 previous
989 433 119 27 drawings
1133 437 52 17 wen

660 459 18 37 L
704 471 72 25 filled,
789 470 51 25 and
849 470 31 24 all
893 467 158 31 applications
1062 465 52 24 that
1125 471 64 17 came

642 506 39 19 too
698 503 48 24 late
756 503 36 23 for
803 503 41 23 the
857 501 47 24 will
921 501 29 23 be
963 497 132 32 registered
1112 497 24 23 in
1154 496 35 24 the

644 534 67 26 Sixth
724 534 120 31 Drawing.

669 578 51 25 The
741 578 68 26 Sixth
827 576 84 26 Grand
924 574 113 30 Drawing
1055 574 37 24 for
1112 572 77 26 £4OOO

619 606 4 31 .
640 611 45 25 will
694 611 65 24 close
774 612 40 23 the
830 610 47 25 end
890 610 25 23 of
929 609 139 27 December,
1088 606 48 24 and
1152 606 37 26 the

640 644 103 24 Seventh
759 643 124 29 Hamburg
901 640 113 31 Drawing
1022 640 48 24 will
1082 646 63 24 open
1161 645 28 16 on

639 677 41 25 the
696 677 37 24 Ist
743 675 116 31 January.

619 731 8 16 3
670 722 56 23 This
742 720 69 26 Sixth
828 717 86 26 Grand
928 716 116 31 Drawing
1060 714 49 25 will
1136 722 40 17 con-

619 771 6 5 -
641 755 43 27 si«t
696 755 24 24 of
736 755 45 24 320
798 753 88 29 Money
901 751 89 26 Prizes,
1010 749 140 29 amounting
1167 752 22 22 to

619 798 8 23 5
644 791 84 27 £4OOO,
745 786 138 25 subscribed
899 785 32 30 by
952 784 61 23 8000
1034 783 118 22 members
1167 786 22 18 at

642 822 39 23 10a
689 820 63 25 each,

619 871 9 23 2
668 865 50 26 The
740 865 95 24 various
856 860 99 28 Mtoirsr
966 859 95 26 Prizes
1092 857 50 27 will
1159 858 30 24 be

641 898 144 24 distributed
799 905 25 15 as
837 896 91 23 fol'ows
940 906 38 15 ;

619 924 36 53 Jr
665 943 62 25 £3OO
736 941 66 25 Prize
816 924 4 53 |
835 942 28 23 10
874 939 47 27 £3O
930 939 74 30 prizes
1017 924 4 53 |
1036 936 28 24 15
1082 936 50 24 £lo

619 966 6 21 ]
643 978 10 21 I
662 976 67 24 £2OO
740 975 64 24 Prize
817 966 4 36 |
836 974 28 23 15
876 973 48 22 £'2s
933 971 73 29 prizes
1019 966 4 36 |
1114 974 73 19 prizes

619 997 6 23 1
642 1010 7 21 1
663 1008 64 25 £IOO
736 1007 62 31 prize
812 997 4 41 I
832 1006 26 23 15
870 1004 51 26 £2O
928 1002 74 33 prizes
1016 997 4 41 |
1035 1001 44 24 160
1086 1000 48 23 £lO
1150 1000 38 22 do.

619 1030 8 24 f
640 1042 14 24 2
666 1041 49 25 £SO
726 1040 73 32 prizes
812 1030 4 42 |
1019 1030 3 42 I
1036 1034 45 24 100
1106 1033 14 25 5
1136 1032 37 25 do.

619 1096 6 23 I
641 1085 71 24 Total
717 1084 106 31 amount,
952 1080 47 25 320
1008 1080 86 28 Money
1101 1077 80 24 Prizes

619 1136 7 16 r
669 1129 51 24 The
729 1127 84 25 Grand
824 1126 117 31 princip'e
950 1124 26 25 of
983 1124 68 24 these
1063 1120 126 32 Hamburg

644 1161 121 31 Drawings
777 1160 20 25 is
808 1160 55 25 that
872 1166 14 17 a
898 1157 130 32 purchaser
1044 1155 29 25 of
1084 1155 30 23 25
1133 1153 56 24 Pre

619 1208 7 18 :,
640 1202 120 23 grammes
773 1193 20 25 is
804 1190 146 33 guaranteed
969 1198 14 16 a
1000 1188 69 32 prize,
1084 1186 49 26 and
1150 1186 39 25 the

621 1218 5 8 '
640 1227 103 24 chances
755 1233 41 17 are
805 1226 24 23 in
839 1226 66 23 favor
917 1223 26 24 of
951 1223 39 24 the
999 1223 106 23 investor
1113 1220 61 24 draw-

640 1259 40 30 ing
696 1267 15 15 a
722 1258 66 31 large
807 1257 69 32 prize,
896 1263 26 17 as
940 1256 66 24 there
1018 1261 40 17 are
1070 1253 44 24 220
1126 1253 63 29 large

640 1291 76 31 prizes
733 1295 25 18 to
771 1291 43 22 100
827 1289 70 24 small
909 1295 58 17 ones
994 1287 35 24 To
1044 1294 30 16 an
1088 1286 101 23 investor

640 1323 28 24 of
680 1323 35 25 £2
726 1322 40 25 the
778 1322 104 24 chances
900 1327 42 17 are
950 1319 58 31 on'y
1016 1320 14 23 6
1042 1323 24 19 to
1076 1319 12 22 1
1097 1317 92 30 against

640 1355 49 25 him
700 1355 107 30 drawing
819 1361 15 17 a
850 1353 71 32 prize,
933 1352 48 24 and
993 1352 41 24 the
1045 1350 69 25 Her.d
1128 1349 61 24 Prize

640 1396 27 15 or
680 1395 47 16 anv
738 1387 69 24 other
816 1394 54 22 may
879 1386 31 23 be
919 1385 81 23 drawn
1009 1385 32 29 by
1048 1392 29 15 an
1089 1383 100 24 investor

640 1420 27 23 of
674 1420 50 22 10s.

682 1467 72 24 Read
793 1472 63 17 this.
875 1463 75 24 —ln
981 1462 84 25 Boaz's
1111 1461 78 24 Grand

645 1499 124 30 Hamburg
794 1496 127 31 Drawings
946 1496 41 25 the
1005 1498 105 28 greatest

621 1526 5 12 '
640 1540 41 17 are
702 1533 57 28 only
776 1531 29 23 25
828 1534 23 20 to
874 1531 10 22 1
913 1529 95 30 against
1036 1534 31 18 an
1089 1526 100 25 invtstoi

642 1566 76 24 oflOs
738 1562 107 32 drawing
865 1569 15 18 a
903 1562 71 31 prize.
1009 1561 47 24 But
1081 1558 108 32 carefully

643 1603 56 20 note
707 1598 40 25 the
757 1603 128 19 enormous
896 1594 62 24 odds
970 1594 97 31 against
1075 1592 114 24 investors

643 1631 107 29 drawing
763 1637 15 16 a
793 1629 77 24 Horse
881 1635 27 16 or
919 1626 64 24 Cash
1002 1625 66 26 Prize
1078 1625 23 23 in
1114 1632 46 21 any
1171 1625 18 24 of

644 1664 39 25 the
706 1663 75 24 Horse
798 1659 185 25 Consultations.
1018 1658 50 24 The
1089 1656 100 26 marbles

643 1703 40 18 are
708 1694 111 31 replaced
835 1695 36 22 for
889 1693 59 25 each
980 1692 107 32 drawing
1108 1692 27 23 of
1153 1693 36 23 the

619 1724 8 27 3
643 1730 54 26 cash
719 1730 83 34 prizes,
823 1727 77 27 which
918 1727 66 33 g'Kes
1009 1726 41 28 the
1066 1733 123 20 enormous

619 1778 9 17 e
643 1764 60 24 odds
720 1764 94 30 against
835 1762 123 24 investors.
990 1761 58 23 This
1068 1762 121 29 Company

642 1797 77 23 wou'd
729 1795 85 32 simply
823 1794 42 24 ask
874 1794 116 23 investors
998 1797 25 21 to
1031 1792 112 25 calculate
1153 1794 36 22 the

642 1829 61 24 odds
714 1828 80 24 before
805 1827 95 30 placing
917 1825 63 24 tbesr
992 1825 158 24 investments
1168 1824 21 25 in

642 1868 45 23 any
701 1861 71 24 horse
785 1858 188 27 consultations;
991 1858 48 23 and
1051 1857 48 24 this
1120 1856 52 25 Com-

642 1901 62 24 pany
724 1892 79 24 would
825 1895 42 20 not
890 1897 111 24 presume
1025 1895 26 19 to
1080 1889 41 24 tell
1151 1889 38 25 the

642 1927 78 29 public
741 1926 53 24 that
824 1924 56 30 they
914 1923 62 23 have
997 1930 15 16 a
1038 1922 102 25 number
1168 1922 21 23 of

640 1958 104 25 chances
775 1957 48 25 and
853 1963 45 17 can
930 1954 46 25 win
998 1962 16 16 a
1039 1954 102 24 number
1166 1954 23 24 of

640 1992 75 30 prizes
726 1992 36 23 for
773 1997 14 16 a
797 1988 76 31 single
884 1988 144 23 investment
1045 1987 27 24 of
1081 1987 48 23 10s.

670 2034 79 28 Notb,
760 2032 91 26 -Irize
870 2030 111 25 Winners
1001 2030 109 25 whether
1132 2029 42 26 win-

640 2069 58 30 ning
708 2069 65 28 larj*e
783 2075 26 16 or
820 2066 69 25 small
907 2065 76 30 prizes
1005 2073 41 16 are
1069 2063 118 26 informed

639 2102 51 22 that
702 2100 62 24 their
771 2106 83 16 names
868 2098 46 23 wi'l
928 2100 46 20 not
983 2097 30 23 be
1025 2097 70 23 made
1109 2096 79 31 public

640 2133 97 24 without
758 2131 63 25 their
851 2130 92 24 written
972 2133 107 20 concent.
1128 2128 59 24 This

619 2177 6 3 -
638 2173 84 16 course
731 2165 45 22 will
789 2164 30 23 be
837 2162 99 31 pursued
950 2162 23 22 in
985 2166 168 25 conseqiienco
1164 2161 25 23 of

639 2197 39 26 the
707 2196 125 33 Company
854 2193 92 32 having
976 2193 110 25 received
1115 2200 72 23 many

637 2232 80 24 letters
726 2235 24 20 at
759 2229 91 26 various
861 2229 70 24 times
941 2227 56 24 from
1013 2227 65 30 prize
1086 2226 103 34 winners]

637 2263 153 31 particularly
802 2260 136 29 requesting
955 2260 40 23 the
1009 2260 126 29 Company
1146 2265 41 18 not

636 2304 31 16 on
689 2303 48 23 any
754 2298 103 21 account
877 2297 25 20 to
928 2291 72 25 make
1021 2291 62 25 th.ir
1105 2299 83 17 name?

636 2329 88 31 public.

667 2366 59 24 This
739 2365 67 25 Sixth
824 2363 89 25 Grand'
923 2361 114 31 Drawing
1056 2361 37 24 for
1107 2361 81 29 £4OOO

636 2399 46 23 will
693 2398 57 24 take
758 2399 67 30 place
836 2396 125 24 underthe
973 2394 148 31 supervision
1133 2394 26 23 of
1175 2402 12 14 a

619 2426 2 34 .
634 2431 138 25 committee
791 2430 25 23 of
824 2429 65 30 eight
908 2427 145 31 gentlemen,
1077 2426 49 24 and
1148 2426 40 24 the

619 2453 2 40 '
636 2463 75 30 prizes
722 2462 46 24 will
785 2462 29 24 be
825 2453 56 39 paid
900 2467 57 17 over
968 2467 27 16 as
1006 2459 66 31 early
1086 2466 27 17 as
1133 2466 41 24 pos-

635 2496 60 25 sible
705 2495 62 25 after
778 2495 39 24 the
828 2493 113 30 drawing.

875 2534 103 24 Noticb.

665 2576 109 29 Country
797 2574 110 32 Cheques
927 2570 98 27 marked
1042 2573 92 23 correct
1157 2571 28 30 by

619 2603 1 34 .
638 2608 75 29 Bank,
726 2608 56 29 only
795 2606 101 31 payable
908 2609 24 20 to
941 2613 14 15 a
966 2603 110 29 number,
1095 2604 45 23 and
1161 2605 23 23 Is

637 2640 77 25 added
731 2639 36 25 fcr
780 2639 127 30 exchange,

667 2684 55 26 P.O.
741 2684 88 24 Orders
845 2681 128 32 preferred,
990 2679 68 26 made
1088 2680 98 31 payable

637 2717 172 30 onlytoßoAZ.
829 2716 68 23 Bank
909 2720 68 18 notes
987 2714 121 26 accepted.
1126 2714 52 23 Tw<

636 2752 30 23 2d
682 2755 88 24 stamps
787 2749 38 24 for
838 2748 67 31 reply
918 2747 46 24 and
982 2747 81 23 result.
1100 2746 71 31 Regis-

637 2784 65 24 tered
715 2782 96 26 Letters
822 2782 46 24 a?.d
882 2780 125 31 telegrams
1019 2786 41 17 not
1070 2780 114 24 received.

667 2824 76 25 Name
760 2824 44 24 and
817 2824 97 24 rduress
937 2822 27 26 of
973 2820 118 33 applicant
1103 2822 84 24 should

619 2857 2 33 >
639 2860 26 22 be
675 2857 91 33 plainly
783 2861 101 20 written.

667 2903 38 25 All
717 2902 95 26 Letters
823 2905 63 22 must
901 2902 28 24 be
940 2901 127 27 addressed
1070 2914 28 5 —

879 2941 19 22 B
907 2941 19 22 O
938 2943 15 20 A

619 2977 1 29 i
785 2978 60 23 dre
861 2978 26 22 of
900 2977 39 22 Mr
957 2977 110 29 Mosely,

687 3008 134 27 Wholesale
834 3008 42 23 end
893 3007 75 25 Retail
978 3006 162 32 Tobacconist,

756 3041 51 24 Box
820 3042 36 29 G4,
869 3040 55 23 Post
938 3039 82 31 Office,
1032 3039 48 25 Dm
1089 3039 66 26 edio.

756 3104 116 24 MONEY
897 3102 42 26 TO
967 3102 91 25 LEND

675 3176 11 32 |
698 3175 92 26 ONEY
803 3178 24 20 to
839 3173 69 25 L3nd
917 3182 30 15 on
956 3173 116 24 Freehold
1083 3173 104 29 Security

674 3208 15 26 I
727 3209 25 23 in
764 3214 64 17 sums
837 3210 24 21 to
872 3208 48 22 suit
933 3207 142 23 borrowers.
1108 3208 78 30 Apply

640 3252 37 24 Mr
700 3252 138 29 Finlaysou,
873 3248 119 30 Solicitor,
1029 3249 60 24 Ross
1112 3249 76 30 Place,

639 3296 127 23 Lawrence.

696 3366 120 26 PUBLIC
830 3365 108 26 TRUST
955 3365 118 24 OFFICE
1086 3366 43 24 OF

781 3404 77 25 NEW
876 3403 166 24 ZEALAND.

696 3485 44 26 NY
759 3493 83 26 person
855 3492 55 26 may
924 3483 99 34 appoint
1039 3484 42 25 the
1106 3485 82 26 Public

727 3520 100 23 Trustee
838 3521 111 21 executor
961 3518 45 23 and
1011 3522 90 20 trustee
1114 3520 74 23 under

638 3552 34 23 his
683 3551 48 24 will
746 3558 27 16 or
786 3550 89 23 codicil.

666 3585 54 31 Any
738 3586 92 22 present
847 3584 90 22 trustee
955 3589 54 23 may
1027 3582 101 24 transfer
1148 3582 40 24 the

637 3619 162 28 management
808 3615 27 24 of
837 3619 63 19 trust
905 3619 113 26 property
1027 3619 24 18 to
1059 3615 39 23 the
1106 3615 82 23 Public

638 3649 106 29 Trustee,
752 3648 51 24 who
813 3646 45 26 will
867 3646 131 32 thereupon
1009 3646 54 24 hold
1070 3646 57 25 such
1137 3655 38 25 pro-

639 3689 68 24 perty
717 3690 64 23 upon
797 3681 39 24 the
848 3680 103 31 original
973 3683 73 20 trusts
1067 3681 120 31 attaching

639 3715 97 24 thereto.
1188 3715 1 28 ,

667 3749 54 28 Any
736 3754 94 25 person,
844 3753 127 25 company,
985 3745 151 30 association,
1161 3754 28 19 or,

640 3781 77 29 public
724 3780 64 32 body
801 3779 83 24 within
896 3787 25 16 or
936 3779 101 24 without
1054 3779 40 24 the
1102 3780 82 29 colony

639 3812 122 33 mayplace
772 3819 46 25 any
828 3814 114 30 property
952 3810 126 32 belonging
1089 3815 24 20 to
1124 3811 64 25 them

639 3848 22 22 in
680 3847 86 29 charge
787 3845 27 24 of
823 3845 39 24 the
888 3845 83 23 Public
1000 3845 98 22 Trustee
1125 3853 62 21 upon

639 3881 61 22 trust
714 3878 36 23 for
758 3876 56 26 such
824 3884 53 16 uses
887 3884 25 16 as
924 3884 54 23 may
997 3876 27 24 be
1046 3876 92 24 defined
1165 3877 22 23 iu

640 3911 39 25 the
688 3911 59 24 deed
761 3909 104 32 creating
877 3909 40 25 the
924 3913 70 21 trust.

668 3946 55 27 Any
740 3942 114 32 building,
867 3942 64 28 land,
946 3949 27 15 or
984 3940 102 30 friendly
1100 3944 87 30 society

640 3984 60 23 may,
711 3975 30 32 by
755 3975 30 24 its
797 3974 70 27 rules,
879 3973 99 33 provide
1002 3974 53 23 that
1078 3980 109 25 property

640 4008 124 32 belonging
776 4011 25 21 to
816 4007 19 24 it
865 4014 53 23 may
945 4007 28 24 be
997 4006 81 30 placed
1096 4007 25 24 in
1149 4007 39 24 tfv

642 4043 82 24 Public
739 4042 70 24 Trust
821 4039 79 30 Office,
912 4040 36 23 for
969 4040 56 24 such
1049 4043 75 21 trusts
1144 4041 43 23 ami

640 4084 51 17 uses
703 4074 45 27 and
763 4074 55 25 wiih
831 4073 56 25 such
904 4080 90 24 powers
1004 4081 24 15 as
1041 4080 52 24 may
1105 4073 26 24 be
1146 4073 26 25 de-

640 4108 59 24 fined
715 4108 25 24 in
754 4114 26 17 or
789 4107 30 32 by
830 4107 40 23 the
882 4105 47 24 said
946 4105 70 25 rules.

668 4141 54 24 The
733 4140 142 31 advantages
884 4138 87 25 offered
983 4146 87 17 are:—

668 4174 46 22 Ist.
733 4174 78 21 State
824 4172 150 23 Guarantee
983 4170 92 33 against
1093 4170 80 31 pecuh-

621 4203 4 32 ;
640 4205 55 30 tion,
708 4205 75 29 fraud,
797 4212 26 16 or
839 4203 148 30 dishonesty.

668 4238 54 24 2nd.
744 4237 35 24 All
792 4240 111 28 proposed
925 4245 9 16 i
943 4245 12 16 v
963 4240 112 22 estments
1085 4246 39 16 are
1136 4246 42 16 con

640 4270 89 24 s'dered
745 4270 31 29 by
788 4278 14 15 a
830 4270 84 27 board,
940 4270 128 31 consisnug
1100 4270 28 23 of
1149 4271 34 22 t!i>

643 4301 133 27 Honorable
802 4301 105 24 Colonial
922 4300 136 28 Treasurer,
1078 4301 41 26 the
1148 4303 28 24 At

642 4342 82 23 tornuy
747 4333 111 29 General;
884 4334 40 23 the
947 4333 158 24 Comptroller
1143 4337 44 21 and

642 4363 101 30 Auditor
751 4365 110 27 General,
881 4368 41 21 the
956 4365 163 26 Government
1148 4366 28 25 In

619 4405 6 4 *
641 4408 97 17 surancc
750 4398 181 26 Commisiiouer
968 4399 44 23 and
1038 4399 39 23 the
1107 4398 81 25 Public

619 4440 6 19 t
646 4433 100 23 Trustee.
780 4430 96 24 Careful
907 4431 172 23 consideration
1112 4434 24 21 of
1160 4431 28 23 all

641 4462 119 26 securities
767 4461 88 26 offeree
869 4461 19 24 is
895 4461 119 25 therefore
1023 4463 108 23 ensured.

670 4495 51 26 Srd.
751 4495 51 25 '/he
829 4493 80 25 Pnfc'Jc
962 4495 98 28 I'rnstee,
1092 4502 25 16 in
1154 4494 14 24 h
1175 4493 2 30 :
1181 4502 8 16 s

642 4532 120 26 corporate
775 4528 111 29 capacity,
915 4532 79 17 nbvkb
1020 4532 62 23 imbs,
1108 4532 81 18 neves

621 4557 4 30 >
642 4565 91 22 LEAVES
743 4566 49 18 THS
804 4564 118 23 COUXTRV,
934 4557 45 25 H*ld
990 4564 82 19 NEVER
1081 4565 81 18 BECOM
1176 4569 13 12 >

642 4598 200 20 incapacityTr»,
855 4596 55 17 tana
925 4589 110 31 avoiding
1058 4596 40 17 tue
1122 4598 67 23 many

640 4621 202 30 inconveniences-
860 4621 114 32 reeultir.g
999 4621 62 25 from
1081 4622 107 32 frequent

641 4657 64 28 fresh
713 4655 175 34 appointments
905 4655 25 25 of
950 4655 118 30 Trustees,
1093 4657 84 24 necisoi-

641 4691 62 24 :ated
731 4691 29 25 by
777 4689 79 27 death,
889 4689 90 33 change
1008 4689 27 22 of
1061 4689 83 27 abode,
1165 4696 24 15 or

620 4716 2 32 '
641 4720 85 25 vnental
738 4726 27 16 or
777 4718 81 30 bodily
873 4716 122 31 infirmity.

669 4753 51 24 4th.
735 4751 154 30 Punctuality
905 4751 44 22 and
981 4749 163 32 promptitude
1168 4750 21 25 in

640 4789 40 22 the
697 4784 138 25 remittance
843 4782 25 25 of
877 4782 125 31 periodical
1030 4787 122 27 payments
1166 4788 23 20 to

641 4816 158 27 beneficiaries
811 4815 76 24 uuder
903 4819 62 19 tru*t
974 4823 27 15 or
1018 4816 47 22 will
1095 4819 25 21 to
1145 4824 44 23 any

642 4854 51 28 part
704 4850 27 24 of
745 4849 40 24 the
796 4847 83 30 colo.iy
894 4854 28 16 or
933 4846 127 25 elsewhere
1075 4852 25 18 at
1117 4848 72 23 which

640 4885 18 22 it
670 4889 54 24 may
738 4881 28 23 be
778 4880 93 24 deßired
898 4878 53 25 that
966 4883 126 26 payments
1107 4879 82 24 ohouid

641 4916 27 24 be
679 4913 73 25 made.

669 4947 51 25 sth.
738 4944 51 28 The
818 4942 109 28 effective
954 4943 73 24 check
1055 4943 76 26 which
1174 4944 15 24 its

641 4979 72 25 called
723 4978 49 25 into
788 4976 123 31 operation
927 4976 81 24 before
1034 4983 46 24 any
1097 4984 92 23 moneys

641 5020 41 17 can
698 5012 26 24 be
735 5011 83 24 drawn
833 5009 60 23 from
905 5007 40 25 the
962 5007 83 26 Public
1073 5008 107 25 Trustee'

640 5047 110 24 account.

670 5077 50 24 6th.
740 5073 147 26 Reasonable
912 5073 111 31 charges:
1042 5073 38 24 On
1108 5077 81 20 estates

640 5108 58 26 such
717 5115 25 17 as
753 5115 39 17 are
820 5113 52 17 now
898 5104 71 33 being
992 5106 136 24 considered

644 5141 82 24 Public
737 5141 97 22 Trustee
846 5139 20 21 is
877 5138 136 23 authorised
1030 5142 24 19 to
1066 5138 86 31 charge
1164 5138 25 31 1£

642 5174 112 31 percent,
769 5177 30 18 on
811 5169 30 24 ail
856 5170 106 30 receipts,
978 5170 46 23 and
1043 5169 27 33 l£
1084 5174 105 26 percent,

640 5214 30 16 on
682 5205 193 26 disbursements,
888 5203 45 22 and
945 5209 26 17 os
983 5210 40 23 per
1035 5206 62 20 cuit.
1115 5210 29 16 on
1162 5202 27 24 all

640 5244 96 24 moneys
748 5235 115 24 invested.
897 5234 39 23 No
964 5236 85 30 charge
1081 5235 19 23 is
1126 5236 63 23 made

642 5271 36 22 for
692 5268 124 30 obtaining
834 5266 105 30 probate,
966 5273 43 16 nor
1036 5266 37 24 for

639 5307 77 26 stamp
727 5300 46 24 and
785 5303 113 28 property
910 5303 40 18 tax
962 5303 105 25 returns,
1087 5306 44 16 nor
1158 5300 31 22 for

640 5333 201 31 correspondence
881 5331 111 23 however
1037 5330 152 24 voluminous.

641 5368 68 21 Thus
721 5366 41 22 the
773 5364 83 29 saving
866 5365 25 21 to
901 5366 87 20 estates
1000 5362 81 29 placed
1099 5363 25 23 iu
1148 5364 39 22 tLi.

640 5398 65 25 office
717 5397 21 24 is
749 5394 165 26 considerable.

790 5440 30 26 R,
833 5440 27 25 C.
874 5439 196 31 HAMERTON,

966 5473 85 25 Public
1065 5474 99 25 Trustee

668 5545 82 24 Well's
901 5550 32 15 on
1086 5543 50 22 Ask
1156 5544 33 23 for

644 5590 76 27 Well's
741 5588 86 33 Rough
849 5595 32 19 on
906 5585 84 32 Corns,
1016 5586 54 33 7£d.
1115 5586 74 33 Quick

639 5635 75 28 relief,
734 5637 144 28 permanent
901 5637 66 17 cure.
1011 5631 85 30 Corns,
1120 5637 69 19 warta

640 5678 110 25 bunions.
759 5690 5 6 •
781 5675 87 31 Moses,
879 5673 68 26 Moss
957 5672 47 27 and
1015 5673 53 33 Co.,
1083 5675 106 35 Sydney.

639 5720 105 27 General
755 5720 103 32 Agents..

1249 198 93 23 £3OOO.

1450 200 89 26 £3OOO.

1256 266 57 25 Will
1323 267 33 25 CI
1361 266 3 34 i
1367 276 24 17 ee
1409 269 56 25 29th
1483 268 142 32 December,
1636 266 66 26 1884.

1285 331 119 26 CHRIST
1430 333 116 25 HURCH
1574 331 114 28 ra;es,

1361 364 109 33 January
1484 366 43 31 Ist,
1542 365 66 25 1885.

1270 426 211 27 MIDSUMMER
1521 428 179 25 HANDICAP.

1344 480 60 23 6000
1415 480 118 23 Members
1547 485 24 18 at
1589 482 45 23 10s.

1324 549 162 25 Midsummer
1504 549 142 26 Handicap.

1374 592 29 21 30
1420 590 177 24 Nominations.

1267 632 64 22 First
1622 632 79 23 £IOOO

1266 663 94 23 Second
1655 664 45 22 500

1255 695 88 25 ♦Third
1655 696 45 22 250

1267 729 89 25 Othara
1375 727 122 33 (divided)
1655 727 50 25 300-

1356 839 29 26 83
1401 839 68 26 Cash
1491 839 115 27 Awards,

1326 885 12 22 1
1356 886 25 20 at
1397 884 44 22 100
1596 882 9 20 i
1609 880 6 19 f

1324 917 15 24 2
1356 918 24 22 at
1396 915 31 26 50
1596 912 19 23 K

1325 952 15 21 4
1357 952 25 21 at
1397 950 29 22 25
1592 945 23 22 M

1310 982 30 24 10
1356 985 24 19 at
1397 983 29 21 20
1592 977 24 22 2(

1309 1016 31 23 20
1354 1016 24 22 at
1396 1014 29 24 10
1593 1009 22 23 2(

1308 1049 30 23 20
1354 1051 25 20 «t
1411 1047 14 24 6
1596 1043 20 23 15

1308 1081 30 22 26
1354 1083 24 20 at
1410 1080 14 23 5
1594 1076 21 23 1*

1220 1223 65 25 Each
1312 1222 74 26 ticket
1411 1221 43 25 has
1479 1223 16 21 &
1516 1219 114 28 Chances,
1644 1216 49 24 and
1716 1223 40 16 can

1266 1256 81 25 ob'ain
1363 1264 13 15 a
1388 1255 62 27 p:iz-
1465 1254 24 24 in
1502 1252 55 25 each
1570 1249 107 33 drawing

1237 1301 58 23 This
1306 1303 5 19 I
1326 1300 143 23 on-suitation
1483 1297 46 24 wi'l
1542 1294 89 26 remain
1648 1300 59 24 open
1722 1291 34 25 till

1208 1336 28 23 29
1248 1334 16 23 h
1274 1333 142 24 December.
1449 1330 11 15 c
1465 1328 77 26 hould
1552 1327 101 26 number
1669 1324 89 26 exceed

1208 1367 60 25 6000
1288 1366 41 24 the
1347 1366 77 29 prizes
1445 1364 36 23 for
1499 1363 83 23 horses
1604 1359 47 25 will
1671 1358 30 25 be
1720 1357 26 24 in-

1208 1398 98 25 creased
1322 1404 46 24 pro
1398 1399 57 19 rata,
1477 1395 49 23 and
1543 1393 64 23 Cash
1627 1390 78 25 Prizes
1726 1390 22 23 in-

1208 1430 98 24 creased
1318 1430 23 22 in
1354 1428 108 24 number.

1239 1472 82 24 Please
1349 1470 55 24 send
1432 1468 28 25 P.
1474 1470 29 24 O-
1526 1465 155 27 Orderewhon
1703 1472 42 17 con

1211 1507 99 28 renieirt,
1329 1503 45 24 as-H
1402 1506 47 20 two
1476 1508 60 17 nam
1555 1507 11 16 s
1599 1500 38 22 for
1668 1506 31 16 re;
1710 1497 48 39 liijj

1211 1539 104 29 Country
1328 1536 110 32 Cheques
1446 1537 62 22 must
1523 1534 60 23 have
1596 1536 47 21 Oua
1658 1530 92 32 SbilJin,'

1207 1572 118 30 «xchaoge
1344 1567 85 27 added.

1430 1630 67 26 AD\
1520 1624 150 35 MANTUA,

1299 1663 59 27 Care
1371 1664 29 24 of
1414 1664 37 22 V.c
1469 1666 130 25 Abraham,
1615 1660 49 23 R*x
1677 1660 53 31 351,

1370 1696 58 25 Post
1443 1694 80 28 Offi:-,
1540 1693 120 24 Dnacd'n.

1208 1918 92 27 THE
1316 1916 159 25 DRAPERY
1502 1915 70 25 AND
1599 1911 159 27 GENERAL

1221 1953 18 18 *■
1306 1961 192 26 IMPORTING
1522 1957 162 28 COMPANY

1269 2053 73 24 NEW
1371 2051 157 27 ZEALAND,
1561 2048 141 24 LIMITED.

1217 2133 102 32 Capital,
1329 2131 139 31 £125,000;
1491 2130 24 24 in
1530 2127 101 31 250,000
1646 2126 97 26 Shares.

1204 2215 25 26 B.
1249 2215 188 29 Hallf.nstrin,
1449 2211 130 26 Chairman
1591 2209 27 26 of
1627 2208 129 26 Directors.

1281 2293 52 27 The
1344 2295 126 32 Company
1561 2296 24 21 at
1597 2291 40 25 the
1650 2290 36 24 dis-

1262 2341 68 31 posal
1348 2340 27 23 of
1391 2340 41 23 the
1460 2338 80 29 public
1557 2338 20 20 A
1605 2334 92 23 DONA

1257 2384 74 22 FIDE
1347 2381 192 24 WHOLESALE
1552 2380 19 21 &
1583 2378 119 23 FAMILY

1263 2422 219 29 WAREHOUSE,
1491 2429 61 22 open
1561 2423 25 22 to
1598 2420 85 24 allcon-

1262 2474 92 17 sumers
1371 2465 53 25 who
1439 2472 40 17 are
1491 2464 55 24 thus
1557 2462 102 25 enabled
1672 2466 25 20 to

1263 2511 119 31 purchase
1399 2510 41 23 the
1462 2509 107 23 smallest
1589 2507 108 30 quantity

1263 2553 26 24 of
1302 2552 76 31 goods
1390 2556 24 19 at
1426 2550 40 26 the
1478 2557 67 18 same
1557 2549 72 31 price,
1648 2548 48 24 and

1263 2597 24 23 in
1305 2604 66 16 some
1383 2596 122 23 instances
1524 2594 48 23 less
1589 2593 56 24 than
1657 2592 40 24 the

1262 2641 89 31 largest
1370 2639 150 31 shopkeeper
1536 2645 60 24 pays
1619 2641 24 20 to
1658 2637 40 25 the

1262 2686 128 26 wholesale
1401 2685 99 24 houses.

1293 2744 45 26 The
1352 2745 113 31 Company
1479 2740 49 26 will
1538 2743 61 21 cater
1604 2738 46 33 for
1662 2738 35 24 the

1258 2790 80 32 public
1350 2788 127 32 generally*
1484 2796 28 14 an
1515 2786 15 22 J
1535 2785 82 32 pledge
1629 2784 55 23 them-

1263 2832 72 25 selves
1347 2831 45 24 that
1404 2830 35 25 the
1456 2827 124 27 wealthiest
1606 2834 26 16 as
1646 2824 52 26 well

1263 2883 26 16 as
1310 2876 60 22 those
1390 2874 46 24 who
1453 2874 55 23 have
1529 2876 21 21 to
1567 2872 130 30 economise,

1264 2919 50 24 tvill
1326 2923 37 20 not
1373 2919 24 23 he
1407 2918 51 24 able
1474 2921 21 21 to
1505 2920 40 27 get
1554 2918 69 22 better
1634 2918 64 22 value

1216 2963 9 23 \
1264 2961 135 30 throughout
1404 2961 23 21 in
1433 2968 44 22 any
1490 2959 127 23 Wholesale
1625 2958 79 23 House

1263 3003 23 23 in
1309 3003 34 22 the
1364 3001 92 30 Colony,
1473 3009 27 15 or
1521 3003 24 21 at
1559 3008 43 23 uny
1618 3001 32 30 of
1663 3000 35 23 the

1262 3045 113 25 so-called
1390 3045 75 31 Cheap
1486 3043 110 32 Clearing
1611 3043 70 25 Sales.

1396 3101 27 24 A.
1441 3100 18 23 F
1490 3097 149 30 SOWARD,

1486 3142 103 25 General
1604 3142 124 28 Manager.

1206 3219 122 25 Attention
1338 3218 19 25 is
1366 3218 80 24 drawn
1459 3222 24 20 to
1496 3218 40 24 the
1545 3217 47 24 fact
1602 3217 52 24 that
1664 3216 66 25 there
1738 3215 19 25 is

1434 3262 68 23 ONE
1519 3260 99 24 PRICE
1628 3261 56 27 !j^

1204 3312 51 25 The
1267 3311 80 33 public
1359 3311 91 31 buying
1468 3315 25 20 at
1513 3311 41 24 the
1571 3318 66 17 same
1650 3311 64 31 price
1730 3318 26 17 as

1394 3351 175 26 shareholders.

1336 3401 60 22 FOR
1425 3400 82 22 CASH
1535 3401 91 21 ONLY.

1218 3481 115 33 Drapery,
1346 3480 123 32 Clothing,
1488 3478 130 33 Woollens,
1637 3478 109 34 Carpets,

1321 3525 146 28 Linoleums,
1479 3523 158 24 Floorcloths.

1378 3605 201 24 PURCHASERS

1203 3642 77 24 SAVE
1310 3642 102 24 FULLY
1433 3641 121 23 THIRTY
1578 3639 56 25 PER
1665 3639 88 25 CENT.

1338 3691 51 16 THE
1412 3690 90 16 RETAIL
1524 3690 98 16 PROFIT.

1371 3728 71 24 Terms
1456 3726 53 25 Nett
1526 3726 63 25 Cash.

1204 3808 241 26 Warehouse—HlGH
1462 3808 126 26 STREET,
1601 3806 155 25 DUNEDIN.

1324 3845 75 30 (Next
1411 3845 117 24 Watson's
1542 3845 93 28 Hotel.)

1234 3928 90 24 N.B.—
1326 3927 94 31 Special
1439 3927 117 23 attention
1574 3926 48 23 will
1637 3926 30 23 be
1686 3925 70 30 given

1204 3976 23 20 to
1239 3974 99 28 country
1349 3968 90 26 orders.

1206 4151 8 9 ,
1231 4135 183 30 lOBMAOK'B
1434 4132 320 28 TVURDING-HOUSE

1388 4208 194 35 ROXBURGH,

1234 4290 28 25 D.
1277 4290 121 25 Cormack.
1410 4288 90 27 defies
1510 4294 25 19 to
1548 4294 125 18 ann'.unce
1685 4289 24 22 to
1717 4284 40 27 the

1206 4337 150 23 Inhabitants
1368 4337 22 22 oi
1406 4335 128 23 Roxburgh
1559 4333 48 23 and
1625 4335 85 19 Huron
1715 4332 28 22 nd-

1204 4380 41 30 ing
1271 4378 115 30 Districts,
1416 4379 49 22 that
1491 4377 31 24 he
1556 4377 43 24 has
1623 4375 93 32 opened
1742 4382 15 18 a

1206 4422 207 31 Boarding-house
1423 4428 31 17 on
1470 4421 40 24 the
1519 4421 44 23 site
1584 4419 113 30 formeily
1718 4426 26 16 oc-

1205 4466 85 31 cupied
1302 4466 29 30 by
1345 4465 40 24 the
1399 4464 128 29 Roxburgh
1546 4462 78 25 Hotel-

1234 4521 70 24 Good
1332 4519 218 25 Accommodation
1577 4518 37 24 for
1640 4517 116 25 hoarders

1204 4565 49 24 and
1269 4564 141 25 travellers.

1234 4615 109 26 Cordials
1355 4615 27 25 of
1396 4622 73 23 every
1483 4613 153 34 description.

1235 4675 78 22 There
1334 4674 20 23 is
1370 4674 52 22 also
1448 4673 64 29 good
1530 4672 110 29 Stabling
1662 4678 81 16 aecom-

1195 4715 134 36 jmoda'ion
1347 4715 37 23 for
1394 4716 90 23 horses-

1341 4791 116 25 Charges
1491 4792 146 23 Moderate,

1196 4824 3 14 i

1196 4869 3 35 |
1230 4873 113 24 LODGS
1362 4872 91 25 HOPE
1470 4871 42 24 OF
1530 4870 201 30 ROXBURGH,

1403 4905 20 24 I.
1441 4905 28 24 O.
1488 4904 31 25 G.
1538 4904 27 24 T.

1191 4977 10 44 '|
1208 4988 9 15 f
1223 4986 77 35 |IHE
1319 4988 158 29 Anniversary
1496 4986 194 24 Entertainment
1710 4984 48 25 will

1277 5031 30 24 be
1327 5030 56 25 held
1399 5030 24 25 in
1450 5030 40 26 the
1511 5029 154 32 Athenwum,
1688 5029 52 25 Rox-

1191 5075 1 29 ;
1207 5075 84 29 burgh,
1303 5081 31 16 on

1223 5122 190 29 THURSDAY,
1430 5123 41 21 Ist
1490 5122 17 22 J
1517 5120 141 30 *NUARY,
1676 5120 68 23 1885.

1267 5165 34 25 Tn
1317 5171 140 19 commence
1469 5168 24 20 at
1504 5164 15 22 8
1533 5162 93 26 o'clock
1637 5169 60 24 p.m.

1237 5242 97 26 Tickets
1354 5240 115 28 (Concert
1491 5239 50 24 and
1564 5237 167 29 Dansante)—

1310 5284 89 31 Single,
1423 5284 44 26 3s;
1495 5280 102 31 Double,
1622 5282 33 22 ss.

1286 5326 103 25 Concert
1401 5325 57 31 only
1483 5341 27 7 ...
1574 5341 26 7 ...
1633 5324 34 24 2s.

1237 5376 183 24 Refreshments
1432 5372 127 26 Provided.

1425 5423 69 28 WM.
1514 5423 147 32 MERCER,
1679 5423 50 26 Sec.

1236 5502 39 25 No
1286 5506 88 21 matter
1386 5501 62 24 what
1458 5508 59 23 your
1526 5499 100 31 feeli'gs
1641 5507 28 16 or
1680 5508 66 23 synip-

1189 5532 3 31 -
1206 5542 62 17 toms
1280 5542 49 21 are,
1340 5536 63 21 what
1415 5535 40 21 the
1467 5534 95 21 disease
1579 5539 27 15 or
1617 5532 99 22 ailment
1732 5532 27 25 is,

1206 5575 42 18 use
1266 5565 56 35 Hop
1340 5565 94 25 B.tters.
1469 5564 69 25 Don't
1561 5567 54 20 wait
1631 5562 59 25 until
1713 5570 46 23 you

1206 5611 40 16 are
1265 5602 58 29 sick,
1345 5602 42 23 but
1403 5601 16 23 if
1441 5607 46 23 you
1509 5598 57 30 only
1592 5597 45 24 feel
1661 5597 48 24 bad
1731 5605 28 16 or

1189 5630 3 33 i
1206 5635 134 24 miserable,
1352 5640 42 17 use
1420 5632 55 31 Hop
1495 5631 88 23 Bitters
1599 5636 23 16 at
1636 5637 67 15 once.
1737 5630 22 22 It

1205 5675 55 23 may
1272 5674 57 17 save
1340 5673 57 23 your
1404 5665 47 24 life.
1482 5662 129 25 Hundreds
1624 5662 60 23 have
1697 5662 60 23 been

1193 5694 3 42 |
1205 5701 75 25 saved
1288 5701 31 28 by
1330 5707 27 16 so
1366 5698 80 29 doing.
1482 5696 65 24 £SOO
1557 5696 46 22 will
1615 5695 29 24 be
1721 5694 38 24 for

1204 5742 16 17 a
1227 5739 56 20 case
1295 5732 56 29 they
1359 5731 47 26 will
1414 5733 43 23 not
1465 5736 57 20 cure
1531 5736 28 18 or
1570 5727 66 32 help.

1839 206 115 28 BOOkSI
1988 205 119 31 BOOKSf
2137 199 123 28 BOOKS!

1790 296 60 41 •JS7
1896 298 123 31 COFPER
2048 298 47 28 will
2122 301 63 26 open
2212 300 15 19 a
2256 290 66 34 large

1825 331 4 32 '
1855 339 11 13 ■
1891 344 137 19 assortment
2048 339 27 23 of
2095 332 157 31 Evangelical
2274 331 48 23 and

1781 379 63 26 Prize
1853 381 71 26 Book
1937 380 135 32 literature,
2093 381 25 24 in
2133 375 141 32 Roxburgh,
2286 374 36 27 for

1780 431 12 18 a
1804 425 72 31 week,
1889 426 59 24 from
1959 427 53 25 16th
2023 423 141 28 December.

1808 480 216 30 Christmas,-Slew
2040 479 70 27 Year,
2132 475 51 24 and
2204 473 117 30 Birthday

1797 522 57 24 ards
1880 522 23 25 in
1927 527 62 28 great
2015 520 90 31 variety
2129 517 49 26 and
2204 517 119 30 beauty—

1778 569 57 22 from
1854 567 68 26 Bible
1935 567 99 31 Society.

1836 641 156 26 BOROUCH
2004 640 44 26 OF
2065 637 200 26 ROXBURGH.

1845 776 52 23 that
1912 777 88 24 otand
2014 775 61 24 after
2090 774 42 24 the
2150 774 36 23 Ist
2206 773 115 29 January,

1774 863 24 24 in
1809 863 42 25 the
1865 865 141 24 Recfcation-
2017 864 108 24 Reserve
2132 860 48 26 will
2200 861 31 25 be
2241 860 28 25 6s
2280 867 41 24 per

1773 911 102 28 quarter,
1886 908 98 32 payable
1992 908 24 26 in
2023 906 117 27 advance.

1980 960 103 28 JABEZ
2099 958 145 30 BURTON,

2126 999 76 31 town
2214 1001 77 27 Clerk.

1825 1075 78 23 OBTN
1921 1075 112 26 HOOD'S
2044 1074 110 27 GRUAT
2166 1070 155 27 NOVELTY

1853 1107 183 28 COMPANY'S
2048 1104 215 30 PROGRAMME

2044 1148 37 25 On

1834 1190 76 27 C.J.C.
1934 1191 65 25 SUM
2004 1192 49 24 ME
2057 1180 204 40 SHEETING,

1783 1228 35 26 To
1828 1229 28 24 be
1867 1230 55 25 held
1933 1239 31 16 on
1975 1228 170 27 Christchurch
2158 1228 152 25 Racecourse

1828 1267 38 25 Oa
1877 1268 130 30 Thursday,
2016 1269 110 31 January
2138 1268 44 29 Ist,
2196 1267 66 24 1885.

1790 1321 214 43 MlD*TJ3££3>
2019 1330 185 26 -HANDICAP
2236 1329 72 26 AND

1854 1359 132 29 MIDIVLTS
2001 1363 91 25 PARK
2110 1363 136 26 STAKES.

1819 1447 59 23 ?000
1895 1444 8 23 t
1911 1446 69 23 harts
1992 1450 24 20 at
2032 1447 40 24 10s
2086 1445 191 30 each—£l,soo,

1834 1493 6 10 ;
1926 1488 47 19 rate
1986 1484 145 31 allotments,
2152 1484 61 26 each
2236 1484 71 26 share

1978 1516 84 34 g-Pive
2074 1516 115 26 Chances.

1933 1552 42 40 Jk
1992 1559 114 29 PRIZRS
2122 1559 43 29 104

1805 1649 159 24 ?\lidscmm?e
1980 1646 209 27 Handicap.—iSO
2205 1646 88 25 Prizes.

1804 1688 26 24 Fi
1846 1694 22 16 a.
1884 1687 71 23 horse
2070 1694 26 16 ;..
2191 1684 105 26 ...£3OO

1802 1719 96 29 Second
1935 1731 24 16 .a,
2030 1717 4 31 •
2055 1736 26 8 ...
2175 1734 26 9 ...
2251 1717 45 24 100

1810 1753 67 24 rnird
2053 1768 25 7 ...
2173 1769 26 8 ...
2263 1750 32 25 60

1804 1785 75 24 Other
1891 1783 103 25 Starters
2005 1783 48 25 and

1865 1818 102 24 Starters
1985 1814 99 27 divided
2176 1832 27 8 ...
2250 1815 46 24 250

2246 1885 65 26 L7OO

1814 1935 105 26 Middle
1935 1936 72 26 Pabk
2019 1935 157 25 Stakes—34
2194 1935 84 26 Prizes.

1803 1975 64 24 First
1881 1975 70 25 horse
2070 1993 25 6 ...
2191 1992 25 7 ...
2230 1973 67 26 LTSO

1804 2007 94 25 Second
1910 2008 73 29 horse*
2067 2023 26 7 ...
2189 2022 25 8 •••
2265 2006 14 10 r

1804 2039 77 26 Third
1896 2039 71 28 hofSe
2028 2039 4 34 ,
2064 2057 24 7 ...

1803 2074 75 24 Other
1895 2074 101 24 Starters
2007 2072 49 25 and
2077 2072 45 26 Non-

1863 2109 97 21 starters
1971 2103 101 26 divided
2180 2121 26 8 ...
2249 2103 54 26 25$'

1931 2223 45 24 200
1988 2223 69 25 Cash
2074 2221 97 26 Pbizbs.

1774 2261 33 23 fst
1818 2260 67 24 Class
1899 2262 49 22 3at
1966 2261 51 23 L2O
2079 2275 26 9 ...
2201 2277 24 7 ...
2274 2257 49 26 £6O

1773 2293 47 24 •2nd
1830 2293 65 23 Class
1907 2291 57 26 6>Tft
1976 2291 51 26 LlO
2271 2289 52 26 £6O

1773 2326 43 23 3rd
1828 2326 68 23 Class
1907 2326 28 23 31
1947 2329 24 20 at
1982 2323 43 27 L
2067 2323 43 27 5
2152 2323 170 27 £155

1995 2388 3 28 .
2043 2388 3 28 .
2256 2388 66 27 £275

1802 2434 57 25 Will
1870 2433 115 27 Close-on
2002 2434 133 26 December
2148 2433 65 30 30th,
2225 2433 66 23 1884.

1802 2510 71 24 From
1899 2510 41 24 the
1960 2510 42 30 big
2018 2509 112 24 business
2151 2508 64 24 done
2242 2508 32 30 by
2293 2515 28 16 us

1772 2543 65 23 since
1862 2542 108 31 starting,
1991 2549 67 17 more
2084 2540 129 31 especially
2227 2547 32 17 on
2280 2540 41 24 the

1775 2576 139 23 Melbourne
1923 2575 46 23 and
1988 2574 56 23 New
2058 2572 107 25 Zealand
2180 2572 71 37 Cups,
2271 2571 50 32 just

1772 2608 81 22 closed
1875 2614 34 15 we
1929 2607 44 22 feel
1990 2606 122 23 confident
2128 2605 24 23 in
2174 2604 85 30 saying
2279 2604 42 23 hat

1773 2639 46 24 this
1828 2646 150 23 programme
1989 2637 45 24 will
2048 2644 66 20 more
2128 2637 57 24 than
2203 2635 40 25 fill.
2281 2634 40 26 We

1773 2672 68 29 shall,
1854 2671 122 24 therefore,
1992 2670 43 24 sell
2051 2678 38 22 on,
2111 2677 33 17 no
2164 2674 87 19 matter
2267 2667 54 25 how

1773 2712 77 22 many,
1860 2704 58 23 until
1928 2711 42 15 our
1979 2702 135 24 advertised
2121 2702 57 24 date
2187 2701 26 24 of
2220 2700 100 31 closing,

1773 2737 46 23 and
1842 2738 40 22 the
1905 2737 76 29 prize*
2003 2735 46 24 will
2070 2735 58 24 then
2144 2735 31 24 be
2198 2733 122 24 increased

1771 2777 42 23 pro
1831 2771 55 21 rata.
1964 2782 5 5 ■
1999 2786 15 9 ..

1807 2802 21 20 W
1833 2809 13 16 e
1862 2801 72 24 antici
1947 2806 44 19 -ate
2008 2808 14 16 a
2043 2800 50 25 sale
2114 2799 28 25 of
2155 2798 67 30 5000,
2235 2805 28 17 as
2279 2805 42 17 our

1776 2834 139 26 Melbourne
1932 2832 47 26 and
1997 2832 57 26 New
2073 2831 107 26 Zealand
2195 2832 51 31 Cup
2267 2830 40 25 Pro-

1773 2876 107 25 gramme
1901 2866 81 27 closed
2008 2865 56 26 with
2097 2865 81 29 10,625
2195 2864 126 29 members,

1773 2903 47 24 and
1842 2911 43 17 our
2034 2898 132 28 Unlimited
2202 2905 32 18 on
2262 2897 57 24 New

1764 2968 78 25 idavs.
1885 2964 4 29 -
1933 2964 19 26 I
2060 2966 9 25 }

1789 2998 27 22 in
1832 2990 114 44 wiitingjf
1953 3006 16 14 t
1979 2998 97 24 Tickets
2088 2998 17 22 it
2117 2997 77 24 would
2204 2997 30 23 be
2246 2997 77 24 better

1773 3029 35 24 for
1820 3038 71 22 many
1901 3037 96 17 reasons
2009 3034 25 19 to
2044 3030 97 24 enclose
2157 3036 31 17 an
2199 3029 123 29 envelope.

1808 3063 168 29 Applications,
1997 3062 19 24 if
2030 3063 29 30 by
2083 3062 88 30 Letter,
2189 3062 56 24 with
2264 3062 59 23 Two

1782 3095 130 31 i'w'ipenny
2069 3095 48 24 ai>d
2142 3095 125 30 exchange
2292 3102 31 16 on

1794 3128 88 30 heques
1891 3127 97 25 marked
1996 3131 98 25 correct,
2100 3128 7 21 1
2112 3134 10 17 s
2129 3126 82 25 added
2236 3126 21 23 P
2267 3133 55 17 ease

1777 3168 12 12 a
1796 3165 44 19 rile
1865 3159 120 30 signature
2007 3159 31 25 ad
2061 3159 100 25 address
2189 3159 87 30 legibly
2298 3163 25 19 to

1773 3192 70 23 avoid
1856 3198 82 18 e-irors.

1806 3225 88 29 Money
1911 3223 85 25 Orders
2013 3223 127 30 preferred,
2162 3222 70 25 Bank
2249 3224 74 23 Notes

1774 3257 47 22 and
1833 3257 88 23 Drafts.
1935 3253 247 33 Hegistered.Letters
2192 3255 49 24 and
2253 3253 53 26 Tee-

1772 3296 81 23 grams
1865 3288 107 24 received
1981 3288 49 24 and
2039 3288 120 31 promptly
2168 3286 114 26 attended
2291 3291 31 19 to.

1765 3312 145 34 Ln.B—-\ll
1922 3321 80 26 lettei's
2012 3321 87 26 contai.
2159 3320 55 26 coin
2222 3328 26 17 or
2255 3323 68 22 notes

1774 3360 63 21 must
1861 3356 30 23 be
1911 3355 137 30 registered,
2069 3363 26 16 or
2124 3357 26 22 Is
2171 3354 152 31 compulsory

1766 3385 2 32 I
1774 3387 150 30 registration
1935 3387 36 23 fee
1977 3387 25 23 .is
2014 3387 71 23 liable
2093 3391 25 19 to
2131 3387 29 23 be
2169 3385 105 32 charged
2293 3386 29 30 by

1774 3421 42 22 the
1825 3419 59 24 Post
1893 3417 73 26 Office
1978 3419 149 25 authorities.

1806 3452 28 23 10
1845 3458 42 25 per
1900 3454 62 22 cent,
1971 3451 89 32 always
2073 3450 121 26 deducted
2210 3451 63 25 from
2291 3450 33 26 all

1778 3484 64 27 Prize
1855 3483 93 33 Money,
1961 3485 14 24 4
1987 3492 41 25 per
2040 3489 60 22 cent,
2114 3485 26 26 of
2147 3485 76 26 which
2232 3492 35 19 we
2277 3492 47 25 pay

1774 3523 24 18 to
1810 3523 85 25 agents
1903 3518 51 24 who
1973 3518 43 24 sell
2028 3518 36 23 for
2075 3526 35 21 us,
2121 3525 28 16 or
2165 3518 84 24 clients
2270 3518 54 24 who

1774 3550 117 30 purchase
1903 3549 75 25 books
1994 3549 27 24 of
2030 3550 29 23 25
2076 3549 93 25 tickets.

1871 3593 239 26 Address-BOBIN
2128 3591 101 33 HOOD,

1834 3629 60 23 Care
1905 3626 25 26 of
1945 3627 28 24 T.
1994 3626 153 29 Staplrtoit,
2165 3625 52 25 Box
2239 3625 54 31 238,

1863 3659 26 28 P.
1889 3659 40 28 0.;
1946 3658 185 28 Christchurch;
2155 3666 34 22 or,
2212 3657 83 25 Jubal

1863 3692 123 29 Fleming,
2002 3692 54 30 City
2076 3690 86 31 Baths,
2180 3690 116 24 Colombo

1864 3728 79 26 street,
1956 3723 179 26 Christchurch.

1804 3768 133 25 N.B.—No
1950 3767 143 26 connection
2106 3766 56 25 with
2184 3774 48 24 any
2256 3767 68 25 other

1773 3801 130 27 Company.

1811 3889 146 25 £sooo—To
1968 3888 29 25 be
2016 3887 271 27 Di»triouted-£6OOO

2004 3928 32 16 on
2055 3921 41 23 the

1895 3952 178 25 CHAMPION
2107 3951 114 30 RACEB,

1804 3986 36 26 To
1859 3986 30 26 be
1905 3994 44 17 run
1977 3985 25 24 in
2030 3984 144 25 Melbourne
2200 3992 30 16 on
2253 3984 42 27 7th

1964 4018 93 30 Marcb,
2077 4019 66 24 1885.

1919 4090 129 27 Members,
2063 4090 33 30 £1
2110 4089 64 24 each.

1875 4122 39 25 All
1931 4121 94 26 Pi.z.s!
2060 4127 41 19 i>o
2114 4120 108 26 Blanks!

1808 4208 59 27 IHE
1900 4205 139 28 SYDNEY
2074 4205 135 28 JOCKET
2237 4207 87 28 TUttF

1805 4263 8 7 r
1851 4241 94 27 (JLUB,
1983 4241 26 23 in
2034 4240 137 32 -thanking,
2196 4250 128 17 uuineroue

1771 4281 84 27 clients
1886 4280 37 24 for
1952 4279 63 25 their
2037 4283 101 33 tupport
2163 4279 26 26 in
2212 4281 112 32 previous

1764 4307 189 34 'O'tngultatiooa
1966 4320 30 16 on
2016 4312 91 30 Racing
2124 4313 200 33 Events,.beg.to

1773 4351 87 23 inform
1873 4345 39 27 the
1921 4344 112 34 Sporting
2044 4344 86 26 Public
2141 4344 26 25 of
2178 4344 60 26 New
2248 4347 76 26 South

1776 4384 75 23 Wiles
1876 4382 47 24 and
1945 4379 42 26 the
2002 4375 124 35 adjoining
2140 4378 109 26 Colonies
2274 4381 50 25 that

1773 4417 57 29 they
1844 4415 61 24 have
1918 4412 68 26 made
2004 4418 181 26 anaogements
2204 4414 37 24 fur
2253 4412 56 25 hold-

1772 4448 39 28 ing
1831 4454 13 15 a
1867 4446 83 25 £SOOO
1971 4445 233 25 Consultation—all
2231 4445 92 35 prizel!

1772 4487 30 16 no
1818 4478 84 25 blank*
1915 4479 70 24 !—on
1996 4477 40 25 the
2052 4477 135 32 Champion
2204 4478 73 31 Race,
2298 4481 25 22 to

1774 4513 26 22 be
1813 4519 44 15 run
1869 4511 24 23 in
1911 4509 142 25 Melbourne
2070 4518 32 16 on
2114 4513 41 21 the
2176 4510 44 25 7th
2237 4512 47 30 day
2299 4512 25 23 of

1775 4544 87 27 Marcb,
1877 4543 65 29 1883,
1966 4544 66 23 when
2052 4541 41 26 the
2105 4542 122 33 following
2241 4544 78 32 prizas

1773 4576 46 22 will
1832 4577 28 21 be
1872 4575 141 23 distributed
2022 4581 40 16 to-

1828 4617 56 24 First
1900 4616 71 25 Horse
2195 4616 74 31 £ISOO

1828 4649 82 23 Second
1921 4649 70 22 Horse
2228 4650 43 23 800

1828 4680 67 20 Third
1915 4678 108 21 Horse.....
2227 4685 43 21 400

1828 4708 67 21 Other
1911 4706 86 22 Starters
2016 4705 110 29 (divide)»#
2229 4713 41 23 300

1830 4736 49 23 Non
1891 4738 89 22 Starters
1994 4735 90 30 (divide)
2228 4742 42 24 500

1898 4796 116 26 T0ta1....-

1803 4837 53 26 The
1870 4838 131 30 remaining
2012 4837 83 24 £ISOO
2112 4837 48 24 will
2173 4838 27 23 be
2215 4838 109 25 invested

1776 4871 28 29 by
1821 4871 42 23 the
1875 4871 61 23 Club
1948 4870 24 24 in
1997 4868 96 31 making
2114 4876 14 17 a
2153 4869 70 25 Book
2237 4878 30 15 ou
2282 4875 41 20 toe

1775 4905 108 22 Autumn
1901 4903 112 29 Meeting,
2035 4903 72 22 1335:
2127 4901 53 25 that
2201 4903 28 30 is,
2244 4903 79 32 laying

1774 4936 47 24 and
1833 4936 83 31 taking
1925 4936 40 24 the
1977 4935 58 23 odds
2046 4937 33 28 -by
2091 4943 14 17 a
2116 4942 52 16 new
2180 4937 143 28 system,the

1776 4976 91 15 success
1885 4969 25 24 of
1929 4967 79 24 which
2032 4966 43 24 has
2102 4967 59 24 been
2185 4969 138 31 practically

1774 5000 97 31 proved.
1914 4999 50 25 The
1982 4998 116 25 members
2117 4999 26 25 of
2169 4998 42 26 the
2236 4999 85 27 S.J.I.

1774 5033 62 25 Club
1848 5033 69 31 being
1929 5031 51 27 well
1990 5031 126 33 informed,
2128 5032 48 25 and
2192 5035 129 24 connected

1776 5066 56 23 with
1845 5066 39 22 the
1896 5063 115 33 principal
2028 5064 112 25 Trainers
2158 5066 48 23 and
2229 5066 80 24 Perfor-

1776 5105 93 17 mances
1881 5101 23 19 of
1914 5098 62 22 their
1985 5096 96 30 Horses,
2093 5104 40 18 are
2145 5096 24 26 in
2187 5106 14 17 a
2217 5099 104 31 position

1776 5134 24 18 to
1823 5134 60 17 state
1895 5129 62 31 3that
1978 5130 41 22 the
2037 5128 84 28 £ISOO
2135 5130 49 24 will
2204 5131 84 24 realize
2310 5139 13 17 a

1775 5161 130 24 handsome
1918 5160 80 31 profit,
2009 5160 41 26 the
2062 5162 76 24 wnole
2151 5162 28 25 of
2188 5163 77 26 which
2277 5164 46 25 will

1776 5196 28 20 be
1829 5193 99 24 divided
1946 5197 110 27 amongst
2081 5194 70 25 those
2171 5195 152 27 Subscriber*

1777 5230 51 17 who
1857 5231 60 18 were
1942 5226 163 24 unsuccessful
2125 5227 25 24 in
2178 5229 107 31 drawing
2310 5238 14 18 a

1774 5256 71 24 Prize
1861 5257 25 23 ia
1898 5256 39 24 the
1948 5258 88 31 £3,500
2044 5258 168 27 Distribution.
2248 5263 76 25 There

1778 5289 92 24 wllbe
1885 5296 31 17 no
1940 5289 86 26 bLuks
2046 5295 127 23 whatever.
2208 5293 39 25 All
2263 5294 46 26 Sub-

1775 5322 102 24 scribers
1895 5329 38 17 are
1954 5330 55 16 sure
2020 5329 25 17 to
2069 5325 83 25 obtain
2168 5334 14 16 a
2197 5327 71 30 prizd,
2282 5330 41 23 the

1776 5355 95 28 highest
1890 5355 67 28 beiog
1966 5355 92 24 £ISOO.
2093 5357 38 24 To
2143 5358 82 24 obtain
2247 5360 77 24 better

1775 5388 99 21 chances
1886 5388 35 21 for
1935 5388 120 31 mvesting
2074 5390 97 31 surplus
2192 5391 28 24 of
2232 5393 84 25 £ISOO

1774 5419 65 30 early
1850 5426 29 25 ap
1881 5435 8 14 t
1896 5416 106 27 libations
2012 5427 130 28 necessary.

1805 5451 54 24 Add
1879 5453 121 30 exchange
2024 5458 25 19 to
2075 5454 110 33 cheques,
2206 5457 47 25 and
2277 5461 46 21 two

1766 5484 2 33 I
1774 5487 91 29 stamps
1891 5488 38 22 lor
1944 5484 69 33 reply
2030 5485 49 26 and
2105 5490 84 24 result.
2231 5490 93 25 Letters

1766 5512 2 41 ]
1775 5518 139 28 containing
1937 5518 57 23 cash
2019 5519 86 24 should
2129 5522 29 21 be
2182 5524 138 27 registered,

1774 5548 30 24 D.
1812 5557 22 15 af
1839 5553 20 19 ts
1871 5556 26 16 or
1907 5548 57 24 P.O.
1979 5548 90 26 Orders
2079 5551 100 33 payable
2191 5556 25 22 to

1907 5592 108 27 JAMES
2032 5593 172 35 WALLACE,

2042 5628 125 33 Secretary
2179 5630 114 27 t.T.JVC.

1804 5658 133 26 Address—

1863 5692 52 26 Vox
1924 5690 51 30 784,
1986 5691 99 33 O.P-0.,
2095 5694 106 34 Bydney,
2213 5696 97 26 HJ3.W.

2419 194 98 25 ToWN
2534 193 42 25 OF
2595 187 200 29 ROXBURGH.

2345 293 145 31 V'OTICE
2507 292 25 27 Is
2562 289 97 33 Bereby
2674 286 79 28 Given
2776 285 54 27 that
2853 282 37 28 for

2344 336 13 11 *•
2419 340 41 22 the
2472 343 103 25 purpose
2583 336 26 22 of
2615 334 129 22 Construct
2755 338 32 22 ng
2795 330 80 22 Water-

2337 384 77 25 works
2435 383 19 24 it
2475 382 21 25 is
2522 381 42 25 the
2584 378 119 26 intention
2722 376 26 26 of
2768 376 41 25 the
2827 374 47 24 Rox-

2337 427 76 30 burgh
2430 424 113 32 Borough
2566 421 99 27 Council
2686 425 25 21 to
2733 420 123 24 construct
2877 424 13 16 a

2338 469 80 30 public
2430 468 63 23 Dam
2504 467 49 24 and
2563 465 126 26 Reservoir
2700 465 36 24 for
2745 465 40 23 the
2795 468 95 22 storage

2338 511 24 26 of
2383 517 73 21 water
2482 512 25 24 in
2523 511 92 25 section
2636 510 37 31 11,
2697 508 71 25 block
2794 504 96 31 XXIV,

2339 555 72 27 Town
2423 557 27 26 of
2467 556 138 32 Roxburgh,
2621 555 25 26 in
2661 553 115 33 Tuapeka
2790 551 99 30 County,

2338 602 138 31 containing
2498 602 33 31 by
2545 601 210 25 admeasurement
2777 598 14 22 2
2816 595 73 25 roods

2336 645 49 25 and
2406 646 31 24 14
2450 646 67 32 poles
2529 654 6 19 ;
2551 645 49 25 and
2618 644 36 24 for
2676 644 52 23 that
2742 647 104 26 purpose
2865 642 24 20 to

2337 689 56 26 take
2410 690 42 25 the
2474 689 53 26 said
2543 689 92 26 section
2653 687 48 26 and
2721 691 24 20 to
2757 685 66 25 close
2841 690 47 24 any

2336 738 72 22 street
2418 733 61 26 lines
2498 733 24 26 in
2533 732 49 27 and
2601 731 104 32 through
2717 730 40 25 the
2769 727 54 27 said
2836 734 38 18 sec-

2336 778 49 23 tion
2401 785 26 16 as
2439 778 41 23 the
2491 784 67 17 same
2569 777 21 22 is
2602 775 138 24 delineated
2751 782 31 14 on
2798 780 15 15 a
2830 772 55 30 plan

2334 819 126 34 deposited
2471 820 24 25 in
2508 819 42 26 the
2560 818 68 26 office
2640 817 28 25 of
2675 817 41 25 the
2730 817 74 24 Town
2816 813 70 26 Clerk

2334 865 27 24 of
2376 865 41 25 the
2428 865 113 31 Borough
2557 865 28 24 of
2600 863 138 30 Roxburgh,
2759 862 87 24 situate
2861 860 25 24 in

2334 905 115 27 Scotland
2460 910 80 23 street.

2364 963 40 24 All
2429 970 102 24 persons
2557 961 104 26 affected
2685 962 32 30 by
2743 960 41 24 the
2809 959 77 24 above

2335 1006 79 33 public
2428 1005 66 27 work
2505 1013 42 19 are
2564 1004 111 35 required
2694 1009 25 21 to
2731 1008 37 21 set
2787 1002 63 26 forth
2862 1002 24 25 in

2335 1050 93 31 writing
2452 1058 49 23 any
2532 1047 191 32 well-grounded
2750 1046 136 31 objections

2335 1093 57 33 they
2401 1101 57 24 may
2475 1094 63 24 have
2559 1097 26 20 to
2606 1093 41 24 the
2660 1091 127 26 execution
2802 1089 28 25 of
2848 1089 40 25 the

2335 1136 53 26 said
2398 1136 86 30 works,
2495 1143 27 18 or
2531 1140 24 21 to
2566 1136 40 25 the
2621 1135 84 30 taking
2717 1134 27 24 of
2750 1133 59 24 such
2821 1132 65 25 land.

2335 1180 49 27 and
2393 1185 26 21 to
2435 1180 60 26 send
2507 1179 58 27 such
2576 1180 95 31 writing
2679 1184 25 21 to
2722 1180 40 25 the
2774 1177 68 26 office
2864 1177 26 25 of

2335 1223 41 25 the
2386 1222 54 26 said
2458 1223 74 24 Town
2543 1222 71 26 Clerk
2634 1222 24 25 in
2681 1220 207 30 Scotland-street,

2339 1266 136 32 Roxburgh,
2487 1265 126 32 aforesaid,
2637 1265 82 25 within
2741 1265 65 32 forty
2826 1266 60 32 days

2335 1309 61 26 from
2407 1310 42 26 the
2464 1310 52 26 first
2526 1309 148 33 publication
2686 1310 27 25 of
2725 1309 49 26 this
2788 1309 84 26 notice.

2365 1367 79 27 Dated
2455 1370 25 22 at
2490 1367 136 32 Roxburgh,
2637 1365 129 31 aforesaid,
2784 1365 48 25 this
2844 1366 40 24 9th

2335 1410 47 33 day
2391 1411 28 26 of
2426 1410 143 32 December,
2581 1410 66 24 1884.

2528 1464 105 29 JABEZ
2650 1464 145 37 BURTON,

2688 1514 74 27 Town
2780 1514 77 26 Clerk.

2471 1589 98 24 FOR
2614 1586 134 26 SALE.

2378 1660 78 26 \HAT
2472 1660 117 33 Property
2604 1659 103 25 situated
2728 1658 104 25 towards
2849 1659 40 24 the

2376 1702 3 31 •
2407 1704 71 26 north
2489 1704 49 27 end
2549 1704 27 25 of
2590 1704 40 25 the
2649 1702 113 31 Borough
2778 1702 27 25 of
2824 1702 51 25 Rox-

2337 1750 84 31 burgh,
2435 1749 87 25 known
2531 1756 28 17 as
2571 1749 64 24 Chee
2654 1747 77 29 Fun's,
2744 1748 147 30 comprising

2338 1794 40 24 the
2390 1792 170 32 following:—

2399 1843 108 27 Sections
2526 1844 22 27 4,
2562 1843 22 29 6;
2599 1843 21 31 6,
2632 1842 49 25 and
2694 1843 22 29 7,
2729 1841 77 26 Block
2826 1841 64 25 XXI

2458 1888 59 31 (one
2543 1895 56 18 acre
2623 1895 30 17 or
2672 1887 172 29 thereabouts),
2860 1895 30 16 on

2459 1932 77 26 which
2550 1932 20 25 is
2583 1931 96 26 erected
2690 1930 201 32 Dwellinghouse,

2459 1977 152 29 Storehouse,
2632 1977 90 26 Stable,
2744 1977 43 22 &c.
2832 1976 22 23 It
2872 1976 19 23 is

2458 2022 107 33 securely
2576 2020 94 31 fenced,
2681 2020 50 25 and
2745 2020 68 26 there
2824 2020 20 25 is
2860 2027 31 17 an

2458 2067 109 25 Orchard
2578 2075 32 17 on
2621 2067 42 24 the
2674 2066 94 31 ground
2785 2066 92 24 contain-

2456 2110 43 33 ing
2510 2119 15 17 a
2535 2110 82 26 varied
2628 2112 146 24 assortment
2785 2108 28 26 of
2826 2108 66 27 Fru't

2458 2154 80 30 Trees;
2550 2154 24 24 in
2587 2154 41 23 full
2647 2154 106 30 bearing.

2396 2203 59 28 Also
2467 2203 134 35 (adjoining
2611 2204 41 27 the
2660 2203 120 32 above)—
2783 2203 106 26 Sections

2460 2250 19 28 1,
2500 2250 22 29 %
2541 2249 22 30 3,
2584 2251 50 22 and
2656 2250 23 28 4,
2702 2247 78 26 Block
2798 2247 89 25 XXIJ[J

2456 2292 84 30 (about
2566 2299 47 18 one
2635 2290 68 32 acre)
2727 2291 86 26 fenced
2842 2290 47 26 and

2455 2335 133 33 improved,

2364 2385 52 26 The
2425 2385 113 25 Gardens
2548 2384 51 25 into
2611 2384 79 25 which
2701 2384 68 25 these
2785 2383 104 25 sections

2335 2426 62 23 have
2406 2425 62 24 been
2479 2423 73 25 made
2562 2430 43 16 are
2616 2430 56 23 very
2687 2422 119 30 va'uable,
2818 2422 71 30 being

2335 2462 52 26 well
2397 2462 50 25 laid
2456 2465 48 24 out,
2515 2460 49 26 and
2575 2460 130 25 cultivated
2724 2462 24 22 in
2758 2459 50 26 first
2825 2460 63 25 class

2334 2502 68 30 style.
2416 2504 31 21 At
2456 2504 97 28 present
2564 2499 57 30 they
2630 2499 97 24 contain
2737 2507 13 14 a
2757 2500 66 30 large
2830 2507 57 23 crop

2334 2539 28 25 of
2369 2538 145 32 vegetables,
2526 2537 48 30 &c,
2583 2537 26 24 of
2615 2537 118 24 excellent
2741 2537 100 32 quality.
2866 2539 17 21 A

2335 2577 95 31 portion
2450 2576 28 25 of
2493 2577 43 24 the
2559 2576 94 32 mining
2679 2582 94 18 reserve
2789 2575 20 25 is
2834 2575 52 25 also

2334 2614 139 26 cultivated*

2365 2665 57 25 Also
2443 2664 37 26 for
2496 2663 101 27 Sale-4
2611 2664 85 26 horses
2719 2664 115 31 (suitable
2851 2663 35 25 for

2454 2703 102 25 harness
2567 2711 27 16 or
2604 2702 80 31 riding
2693 2702 92 31 hacks),
2802 2700 84 33 Spiing

2454 2741 57 25 Cart
2517 2741 49 25 and
2585 2740 118 30 Harness,
2721 2741 88 24 Stores.

2364 2786 51 26 The
2432 2786 78 24 above
2525 2789 111 27 propeity
2646 2785 20 24 is
2677 2785 37 23 for
2725 2784 51 24 sale
2787 2791 31 17 on
2830 2791 56 24 very

2335 2829 140 26 reasonable
2494 2833 81 28 terms,
2594 2836 28 19 as
2638 2828 41 27 the
2694 2826 134 36 proprietor
2848 2827 26 27 in-

2334 2874 70 28 tends
2417 2873 95 36 leaving
2523 2874 41 28 the
2581 2876 98 33 Colony.
2711 2874 23 27 It
2750 2873 77 28 fronts
2842 2874 43 25 the

2335 2922 64 26 main
2421 2922 61 27 road
2508 2922 127 31 (Scotland
2668 2922 90 31 street),
2785 2921 50 25 and
2867 2920 20 26 is

2335 2968 123 25 therefore*
2475 2966 53 25 well
2542 2964 112 28 situated.

2366 3014 47 26 For
2422 3014 89 24 further
2526 3014 142 32 particulars
2679 3014 73 31 apply
2763 3018 25 20 to

2599 3062 90 24 CHEE
2708 3061 75 33 FUN,

2576 3101 132 30 Gardener,
2720 3100 139 31 Roxburgh.

2337 3165 161 24 ELECTION
2516 3164 42 24 OF
2578 3163 164 26 DIRECTOR,
2748 3162 140 26 iUNDER

2477 3196 77 25 NEW
2567 3195 157 26 ZEALAND
2736 3195 133 26 GOVEKJS-

2378 3229 125 25 MENNT
2527 3228 191 26 INfURANCB
2741 3228 129 25 ASSOCIA-

2376 3261 82 25 TION
2474 3261 73 31 ACT,

2390 3343 101 28 OTICE
2508 3343 25 28 Is
2560 3344 100 33 Hereby
2675 3345 78 27 Given
2774 3345 53 26 that
2848 3346 40 26 the

2420 3389 108 24 Election
2541 3389 26 24 of
2573 3389 67 26 three
2651 3390 123 25 Directors
2785 3395 24 19 to
2823 3398 65 17 serve

2336 3440 26 17 as
2380 3433 127 25 Members
2527 3434 26 23 of
2571 3435 42 23 the
2635 3434 82 24 Board
2741 3435 147 24 constituted

2337 3471 74 26 under
2454 3471 52 27 The
2524 3473 58 25 New
2595 3471 108 27 Zealand
2723 3472 165 27 Government

2336 3511 132 24 Insurance
2491 3511 153 24 Association
2664 3514 53 26 Act,
2842 3513 46 23 will

2337 3548 30 25 be
2375 3548 57 25 held
2439 3552 24 21 at
2472 3548 148 31 Wellington
2630 3555 32 17 on
2674 3547 214 27 WEDNESDAY

2338 3591 40 26 the
2389 3591 41 26 7th
2444 3592 47 32 day
2507 3593 26 24 of
2543 3591 166 32 JANUARY,
2725 3595 69 22 1885-

2367 3635 39 25 All
2416 3634 166 27 Nominations
2593 3636 28 25 of
2627 3635 115 26 Candidal
2747 3643 26 19 es
2783 3640 65 22 must
2860 3636 30 26 be

2338 3673 24 24 in
2373 3673 41 25 the
2425 3674 24 23 fo
2459 3675 87 30 lowing
2557 3675 61 23 form
2628 3682 38 19 ;

2402 3716 42 27 the
2460 3715 125 33 Presiding
2594 3716 87 27 Officer
2691 3716 36 27 for
2740 3716 111 27 Election
2867 3717 25 26 of

2398 3750 124 25 Directors
2542 3751 27 24 of
2582 3751 41 24 the
2640 3751 56 25 New
2723 3751 107 25 Zealand
2843 3752 32 23 Go-

2399 3787 126 20 vernment
2536 3783 48 24 Life
2593 3783 131 25 Insurance
2731 3784 158 28 Association,

2400 3815 152 31 Wellington.

2457 3849 41 22 the
2512 3846 169 32 undeisigned,
2699 3848 71 30 being
2786 3849 60 22 each
2866 3850 22 21 oi

2338 3879 42 25 full
2394 3886 45 24 age
2450 3878 50 25 and
2508 3879 113 32 qualified
2631 3884 24 19 to
2667 3884 55 20 vote
2733 3887 25 17 at
2769 3880 120 25 Elections

2338 3913 27 23 of
2378 3912 123 24 Directors
2526 3912 76 23 under
2644 3914 45 22 Jhe
2714 3915 52 22 New
2781 3912 107 24 Zealand

2338 3944 163 25 Government
2520 3944 49 24 Life
2588 3943 132 25 Insurance
2736 3945 152 24 Association

2341 3981 49 26 Act,
2415 3976 79 31 1884,'
2507 3976 33 24 do
2555 3976 89 32 hereby
2660 3977 138 24 nominate*

2518 4027 6 13 ,
2537 4009 28 24 of
2832 4016 28 17 as
2874 4015 15 17 a

2338 4040 134 28 Candidate
2483 4041 36 26 for
2530 4042 40 25 the
2581 4040 69 28 office
2669 4040 29 27 of
2709 4049 17 18 a
2738 4041 111 26 Director
2864 4046 23 22 of

2338 4078 40 22 the
2393 4075 164 25 Government
2569 4077 51 22 Life
2636 4075 132 24 Insurance
2778 4075 100 23 Associa

2339 4109 55 23 tion.

2367 4139 16 16 ••
2393 4139 80 25 Dated
2489 4140 47 24 this
2597 4139 48 31 day
2656 4139 27 25 of
2771 4156 7 11 ,
2790 4138 67 25 1884,

2490 4203 15 16 14
2514 4190 93 40 koider
2621 4204 27 26 of
2656 4205 83 30 Policy
2748 4206 44 24 No.

2515 4270 90 25 Holder
2613 4270 26 24 of
2649 4270 82 31 Policy

2397 4303 88 31 hereby
2494 4309 102 20 consent
2607 4308 25 19 to
2644 4303 49 24 this
2705 4303 164 24 Nomination.

2366 4329 6 8 '
2398 4335 13 14 t,

2681 4367 15 14 •«

2366 4402 95 27 ♦Name
2471 4402 25 26 in
2503 4402 49 31 full,
2564 4400 49 28 and
2628 4401 124 27 residence
2759 4402 50 24 and
2818 4409 58 18 occu
2883 4400 4 33 •

2336 4437 84 31 pation
2430 4435 25 25 of
2465 4437 41 22 the
2519 4435 141 24 Candidate.

2367 4477 65 28 Such
2453 4477 162 28 nominations
2641 4483 65 23 must
2732 4480 30 26 be
2784 4486 53 20 sent
2858 4482 30 31 by

2336 4516 62 27 post,
2414 4511 131 25 addres.ed
2557 4516 26 20 to
2598 4513 41 24 the
2650 4513 128 31 Presiding
2795 4513 94 32 Officer,

2337 4551 28 18 or
2372 4543 129 31 delivered,
2509 4550 28 19 so
2547 4545 140 30 addressed,
2695 4550 26 19 at
2732 4553 41 17 me
2783 4546 94 25 Govern

2338 4579 65 21 ment
2414 4576 134 23 Insurance
2560 4577 82 24 Office,
2665 4577 148 29 Wellington,
2825 4585 27 15 so
2861 4585 27 14 as

2338 4612 24 21 to
2373 4607 71 25 reach
2455 4607 50 25 him
2516 4607 82 25 before
2609 4614 65 18 noon
2685 4607 23 25 oi
2722 4608 39 24 the
2773 4608 55 25 20th
2841 4608 45 32 day

2338 4642 26 25 of
2373 4642 153 29 December,.
2536 4642 63 23 1884.
2635 4641 87 31 Voting
2738 4650 86 22 papers
2842 4649 44 17 can

2340 4676 28 21 be
2379 4675 114 21 obtained
2511 4674 224 28 by-policy-holders
2746 4675 100 21 entitled
2863 4679 24 17 to

2339 4710 54 18 vote
2404 4710 24 17 at
2439 4705 41 22 the
2490 4703 182 24 Eleciion>4rom
2681 4705 41 22 the
2733 4703 68 24 office
2813 4704 26 23 of
2849 4708 39 19 tiie

2338 4738 163 23 Government
2524 4734 132 26 Insurance
2682 4736 157 31 Department
2863 4742 25 18 at

2341 4769 150 30 Wellington,
2503 4776 26 16 or
2538 4768 61 24 from
2607 4776 47 23 any
2666 4769 101 24 District
2777 4772 77 29 Agent
2861 4777 27 15 or

2341 4801 114 25 Resident
2467 4802 79 30 Agent
2571 4802 7 21 i
2597 4806 59 18 sucn
2675 4802 168 30 Department,
2861 4808 27 17 or

2336 4838 26 20 at
2388 4840 47 23 any
2457 4832 142 25 Post-office
2615 4834 98 29 Agency
2736 4834 27 23 of
2777 4835 39 23 the
2833 4833 54 25 said

2339 4867 163 29 Department.

2364 4908 126 25 Attention
2501 4908 20 25 is
2533 4908 77 25 called
2620 4912 24 21 to
2656 4908 40 26 the
2707 4913 105 21 extracts
2825 4907 61 26 from

2336 4941 42 26 the
2385 4943 47 23 Act
2443 4946 25 20 at
2477 4941 50 25 foot
2540 4942 25 24 of
2576 4942 47 24 this
2635 4943 87 24 notice-

2365 4984 81 26 Dated
2456 4985 48 25 this
2517 4986 41 23 6th
2567 4985 46 32 day
2621 4985 28 24 of
2656 4985 143 31 December,
2812 4985 63 24 1884.

2524 5027 78 29 ItX
2607 5028 190 33 CAMPBELL,

2627 5059 126 35 Presiding
2765 5063 92 23 Officer.

2366 5142 148 32 N.B.—Any
2532 5151 95 25 person,
2649 5144 107 26 whether
2773 5152 15 17 a
2810 5143 78 33 policy

2335 5177 85 25 holder
2437 5185 28 17 or
2484 5183 49 24 not,
2553 5176 61 25 shall
2634 5177 30 25 be
2681 5178 95 31 eligible
2796 5178 37 24 for
2849 5179 40 23 the

2335 5211 69 24 office
2414 5210 26 25 of
2455 5210 246 25 Director.—Section
2714 5212 27 22 lt>
2754 5211 27 24 of
2788 5211 40 24 the
2837 5214 51 21 Act.

2366 5254 80 31 Every
2459 5253 84 25 holder
2551 5253 29 25 of
2587 5261 15 18 a
2610 5254 88 32 policy,
2711 5254 17 24 it
2742 5254 29 25 of
2783 5254 44 25 full
2843 5261 49 25 agei

2334 5287 50 26 and
2400 5287 99 25 insured
2518 5287 76 24 under
2614 5289 60 23 such
2693 5287 78 32 policy
2789 5286 36 26 lit
2846 5280 46 34 notl

2334 5322 49 24 less
2387 5322 59 23 than
2457 5327 47 18 one
2514 5320 111 24 hundred
2636 5321 102 30 pounds,
2750 5320 49 24 and
2809 5317 83 30 which!

2335 5354 45 22 has
2402 5354 61 21 been
2480 5353 25 22 in
2528 5353 121 21 existence
2665 5352 36 22 for
2725 5353 38 21 six
2781 5347 111 34 months,|

2335 5383 62 25 shall
2409 5384 30 23 be
2449 5382 115 32 quairied
2574 5388 25 17 to
2611 5388 54 17 vote
2681 5387 25 19 at
2717 5390 48 22 any
2778 5383 114 25 Election;

2335 5416 27 25 of
2369 5424 16 16 a
2396 5414 116 31 Director,
2523 5413 50 25 and
2581 5414 63 24 shall
2651 5415 61 23 have
2723 5420 26 18 at
2759 5417 61 20 each
2828 5413 64 26 sua.,'

2339 5448 106 25 election
2463 5455 28 17 as
2512 5454 73 22 many
2611 5451 68 19 votes
2708 5453 28 16 as
2764 5448 66 22 there
2847 5454 39 15 are

2334 5480 143 27 candidates
2488 5484 26 21 to
2526 5481 29 22 be
2576 5479 58 25 then
2653 5479 99 29 electei,
2766 5479 42 24 but
2825 5479 67 29 shall,

2336 5519 42 19 not
2393 5514 55 29 give
2468 5519 64 17 more
2544 5514 59 20 than
2612 5519 48 15 one
2672 5517 54 16 vote
2743 5517 35 16 tor
2800 5519 47 21 any
2864 5512 23 21 of
2891 5512 1 31 i

2336 5545 58 24 such
2405 5542 275 26 candidates—section
2693 5541 12 21 7
2724 5542 23 22 oi
2761 5541 55 23 Act.

2366 5621 50 23 The
2435 5619 110 24 Colonial
2561 5620 132 28 Secretary,
2714 5621 175 29 accompanied

2337 5654 30 31 by
2380 5655 36 22 Mr
2427 5653 27 24 G.
2468 5651 16 24 5
2504 5652 101 30 Cooper,
2616 5656 71 18 starts
2698 5656 57 19 next
2771 5654 66 23 week
2859 5661 31 16 on

2336 5694 14 15 a
2367 5691 54 19 tour
2432 5689 23 19 ot
2468 5684 133 30 inspection
2615 5682 26 24 of
2651 5684 41 23 the
2708 5684 119 31 hospital
2842 5688 49 22 and

2336 5716 133 26 charitable
2477 5714 148 26 institutions
2632 5714 27 25 of
2665 5714 41 26 the
2713 5716 74 25 South
2798 5716 93 26 Island.

3024 186 25 24 N
3092 185 20 24 0
3144 184 21 24 T
3198 185 10 23 I
3241 184 19 24 C
3290 183 29 26 E.

3120 240 83 6 _____

2914 271 49 37 \f
2970 272 21 26 R
3005 269 141 31 DUNCAN
3163 268 136 30 WRIGOT
3316 270 36 33 (of
3368 269 69 27 Dune-

2920 318 3 31 •
2998 320 53 28 din)
3076 320 21 23 is
3117 319 117 30 expected
3259 319 65 27 here,
3346 318 59 25 D.t.,
3422 323 33 15 on

2907 360 142 28 MONDAY
3066 361 102 34 FIRST,
3183 366 25 22 to
3227 360 102 27 conduct
3346 367 14 18 a
3381 357 74 27 series

2905 408 26 23 of
2951 408 161 30 Evangelistic
3144 407 113 30 Services,
3292 405 69 32 night
3395 403 60 24 after

2905 453 75 31 night,
2996 453 24 25 in
3036 453 40 24 the
3095 452 168 30 Presbyterian
3274 450 103 28 Church,
3390 448 49 24 Rox-

2906 498 81 31 burgh,
2999 496 167 32 commencing
3177 503 31 17 on
3219 494 111 30 Monday,
3341 493 41 24 the
3391 491 62 28 15th,

2904 541 49 26 and
2972 541 142 31 concluding
3140 547 32 18 on
3194 537 115 32 Monday,
3330 536 41 26 the
3390 533 63 26 22nd

2907 585 136 25 December.
3066 585 1 26 .

2933 635 49 24 The
2991 635 129 24 adherents
3131 633 27 25 of
3166 633 32 24 all
3217 633 42 23 the
3275 630 125 25 Churches
3412 637 41 16 are

2902 680 115 31 cordially
3028 678 100 27 invited;

2931 731 96 26 Service
3053 735 25 21 to
3104 735 140 21 commence
3268 731 25 22 at
3321 729 13 22 8
3362 725 90 27 o'clock

2899 778 59 22 each
2970 776 108 29 evening.

2923 835 158 28 SPORTS
3118 834 84 27 AND
3233 830 217 31 HORSERACES

3033 882 57 23 Will
3107 882 31 24 be
3154 882 56 24 held
3226 888 32 16 on
3277 880 41 23 the

2902 924 223 33 RACECOURSE,
3149 922 192 28 ROXBURGH
3361 921 84 25 EAST

3178 976 32 17 ON

2916 1012 189 30 THURSDAY,
3126 1014 42 26 Ist
3184 1011 165 31 JANUARY,
3362 1011 66 24 1885.

2984 1099 156 33 Progiamme
3158 1098 24 26 in
3198 1098 78 25 future
3290 1096 70 25 issue.

2973 1163 154 27 MEETING
3144 1162 29 26 of
3196 1162 42 26 the
3262 1160 145 25 Committee
3429 1158 23 25 in

2978 1207 143 26 connection
3135 1206 57 24 with
3214 1206 41 24 the
3269 1204 79 24 above
3368 1202 84 32 Sports

2902 1251 45 25 will
2954 1250 32 25 be
2994 1249 56 26 held
3060 1253 25 20 at
3095 1249 43 24 the
3147 1248 151 26 Athenaeum,
3310 1244 143 31 Roxburgh,

2900 1302 31 17 on
2946 1293 152 31 Wednesday
3112 1291 110 30 Evening
3233 1289 66 25 Next
3309 1286 68 32 (lfth
3386 1289 66 30 inst.)

2900 1339 35 24 for
2949 1338 40 25 the
2999 1343 104 26 purpose
3118 1336 27 25 of
3153 1334 129 32 arranging
3298 1339 153 27 programme

2900 1382 49 24 and
2980 1381 67 26 other
3071 1378 203 29 business.—Full
3305 1377 145 25 attendance

2992 1492 103 27 RACES
3128 1491 70 25 AND
3231 1489 123 27 SPORTS

2903 1532 46 32 (To
2966 1533 30 25 be
3016 1533 57 24 held
3095 1533 36 23 Ist
3144 1533 115 29 January,
3271 1530 66 30 1885,
3357 1537 31 17 on
3414 1529 41 25 the

3024 1565 127 32 Roxburgh
3164 1563 168 30 Racecourse.)

2965 1644 163 26 A.BEZ
3192 1644 260 24 BURTON

2907 1688 25 13 v
2982 1688 45 26 has
3040 1687 111 27 received
3161 1687 156 26 instructions
3330 1691 24 21 to
3367 1687 43 25 sell
3426 1686 20 32 by-

2905 1733 95 24 auction
3019 1738 25 20 at
3064 1732 38 25 his
3132 1733 125 27 saleroom,
3283 1740 32 15 on
3342 1731 113 31 Tuesday

2908 1776 112 31 Evening.
3033 1776 55 25 16th
3099 1776 141 30 December,
3257 1779 24 20 at
3293 1775 13 24 7
3323 1774 101 30 o'clock,

2935 1825 51 25 The
2996 1825 120 30 following
3132 1823 130 31 Privileges
3276 1823 24 25 in
3311 1823 144 24 connection

2994 1868 57 25 with
3066 1868 41 25 the
3120 1868 109 25 above—

2965 1918 46 26 Lot
3024 1917 188 26 L—Publican's
3223 1917 49 26 ahd
3289 1917 166 25 Refreshment

2899 1950 1 40 !
3086 1950 79 25 Booth

2899 1975 1 48 I
3010 1992 123 28 2—Fruit
3151 1994 59 26 Stall

3009 2040 169 32 3,-Saddling
3194 2039 124 26 Paddock.

3050 2108 284 28 NOTICE.

2965 2195 111 29 DANCE
3084 2197 47 26 will
3140 2197 29 26 be
3176 2196 56 27 held
3244 2197 23 25 in
3280 2196 40 27 the
3327 2193 128 34 Roxburgh

2972 2241 141 25 Athenaeum
3128 2248 32 17 on
3179 2240 94 31 Boxing
3288 2241 75 30 Night
3388 2239 66 30 (26th

2907 2284 147 32 December),
3071 2285 169 30 commencing
3248 2282 50 27 at'B
3309 2282 101 27 o'clock;

2934 2333 139 25 Admission
3081 2333 66 29 (lady
3157 2333 48 24 and
3212 2331 159 31 gentleman),
3380 2333 27 24 2s
3416 2332 38 25 6d.
