4050 5606
99 167 177 28 ROXBURGH
298 167 156 28 CRICKET
476 167 111 28 CLUB.

91 251 23 25 A
141 254 107 31 meeting
265 254 140 29 {convened
432 254 31 32 by
484 252 117 26 advertise-

55 285 85 30 ment)
162 294 49 18 was
231 287 58 24 held
313 292 25 18 at
355 287 39 23 Mr
419 286 101 25 Heron's
544 285 52 24 Com-

58 318 100 24 mercial
179 318 81 32 Hotel,
278 320 137 30 Roxburgh,
440 326 32 17 on
498 317 115 31 Tuesday

58 357 106 24 evening
190 352 54 27 last,
287 353 42 26 the
354 352 81 30 object
465 352 72 29 being
570 351 41 23 the

56 383 133 24 formation
213 384 28 25 of
265 392 15 16 a
301 383 96 26 Cricket
423 384 69 23 Club.
536 382 77 25 There

59 423 63 17 were
134 425 23 14 in
166 416 155 26 attendance:
334 417 92 23 Messrs
437 417 87 28 Heron,
535 415 77 31 Ryan,

58 448 127 31 Turnbull,
202 448 127 32 Newman,
348 449 66 30 Nott,
430 447 127 32 Murdoch,
576 447 37 26 W.

59 482 54 30 Orr,
123 481 50 27 and
186 482 91 24 De.»ar.
312 482 38 23 Mr
365 480 25 25 J.
413 482 66 23 Snell
494 489 49 16 was
559 480 54 25 also

54 519 101 25 present
168 515 103 23 towards
280 515 42 24 the
334 513 66 25 close
409 513 26 25 of
445 513 41 25 the
496 513 114 31 meeting.

91 546 38 23 Mr
151 545 82 26 Heron
254 545 118 31 occupied
398 546 40 24 the
466 546 76 30 chair,
562 545 49 24 and

59 579 80 25 stated
150 580 41 24 the
202 586 102 24 purpose
315 580 38 23 for
364 580 78 23 which
454 580 41 23 the
506 579 106 30 meeting

61 618 49 17 was
124 611 85 24 called.

89 644 24 23 It
124 650 48 17 was
185 642 102 31 thought
298 641 121 26 desiiable
427 646 26 21 to
463 641 62 26 form
533 649 15 18 a
560 648 51 19 new

59 674 68 31 Cub,
139 682 28 18 as
178 683 15 17 a
203 675 102 25 number
317 675 26 23 of
353 675 41 24 the
403 675 121 24 members
534 675 26 23 of
570 674 41 24 the

58 707 89 25 former
158 708 60 24 Club
230 707 48 24 had
288 707 43 24 left
342 707 41 24 the
393 707 99 24 district-
526 706 21 25 It
562 713 48 18 was

59 740 140 25 mentioned
225 739 53 25 that
305 740 40 24 the
371 739 41 25 old
438 740 61 24 Club
521 738 50 27 had
595 747 16 17 a

59 773 102 31 liability
184 772 26 25 of
235 771 15 33 L
265 771 15 33 4
295 771 29 33 3s
345 772 40 32 6d,
400 776 99 23 amount
520 771 48 29 due
584 776 26 21 to

58 806 118 30 beighton
188 804 49 25 and
249 806 34 22 Co
293 813 6 20 ;
316 806 49 24 and
376 806 67 24 there
456 812 61 18 were
527 805 52 24 also
595 813 14 16 a

52 840 106 21 number
174 837 27 24 of
219 837 174 31 subscriptions
405 837 103 31 unpaid,
532 837 77 23 which

58 877 60 17 were
127 870 48 24 due
192 870 30 31 by
242 869 48 25 late
305 870 126 25 members.
466 870 22 24 It
507 877 46 16 was
575 877 23 17 re-

58 902 84 26 solved
154 908 25 18 to
190 903 61 24 form
265 911 15 15 a
291 910 52 17 new
355 904 68 29 Club,
434 902 50 25 and
494 903 115 30 although

56 939 45 22 not
111 934 150 32 responsible
265 935 40 24 for
312 935 41 24 the
360 936 48 22 late
416 935 79 23 Club's
502 935 108 29 liability,

58 967 19 26 it
93 974 49 22 wat
150 966 130 35 suggested
291 966 52 27 that
356 966 18 26 if
391 966 42 26 the
444 971 96 29 present
550 966 60 26 Club

58 1002 90 30 bought
166 1002 62 24 their
244 1002 110 23 material
375 1001 73 30 (bats,
470 1002 69 28 balls,
552 1001 57 29 &c)

58 1034 40 23 the
109 1039 98 18 amount
223 1041 116 22 accruing
352 1034 130 22 therefrom
497 1033 71 23 could
579 1041 31 22 go

57 1065 104 24 towatds
172 1065 89 31 paying
277 1066 33 21 oil
331 1065 40 23 the
384 1064 65 25 debt.
480 1064 59 24 This
560 1072 49 16 was

56 1098 43 25 the
110 1098 59 24 view
181 1097 73 25 taken
272 1096 32 32 by
315 1096 70 25 those
395 1096 122 25 members
535 1096 27 25 of
570 1097 43 27 the

57 1131 89 24 former
156 1130 60 25 Club
227 1129 53 25 who
291 1136 61 18 were
360 1129 25 24 in
396 1129 154 25 attendance.

82 1161 80 27 Those
173 1167 96 28 present
290 1169 63 24 gave
364 1162 24 24 in
400 1162 62 25 their
478 1169 86 19 names
581 1171 28 19 as

54 1197 123 23 members
187 1204 6 20 ;
212 1195 48 25 and
275 1196 41 23 the
328 1194 123 31 following
462 1202 61 18 were
543 1203 50 17 men-

57 1226 84 25 tioned
167 1234 28 17 as
219 1227 115 31 probable
366 1226 246 25 members—Messrs

58 1258 101 33 Cooper,
173 1258 98 31 Borton,
284 1257 59 31 Hill,
353 1257 26 26 J.
393 1258 114 31 Mackay,
524 1258 48 25 and
585 1258 23 26 J.

57 1291 117 25 Urmond.

89 1323 123 32 Proposed
229 1324 31 30 by
283 1323 40 25 Mr
341 1322 125 30 Tuinbull,
489 1321 121 26 seconded

58 1355 31 30 by
110 1355 41 24 Air
165 1355 127 31 Newman,
316 1355 14 13 *'
339 1355 63 24 That
424 1355 41 24 the
480 1354 129 25 members'

59 1387 162 33 subscription
243 1393 29 20 to
294 1387 42 26 the
359 1387 64 25 Club
445 1387 30 25 be
503 1387 39 24 10s
567 1394 44 24 per

54 1427 99 23 annum,
164 1421 103 30 payable
277 1421 24 23 in

78 1452 122 25 Resolved
208 1458 30 21 op
247 1452 42 25 the
295 1451 93 25 motion
397 1451 26 24 of
432 1450 39 25 Mr
482 1450 126 31 Murdoch,

52 1484 120 25 seconded
191 1485 32 31 by
241 1484 39 24 Mr
299 1484 78 32 Ryan,
495 1484 41 23 the
550 1484 43 23 sub-

52 1517 114 30 scription
188 1517 38 24 for
251 1517 122 30 honorary
394 1517 121 23 members
533 1516 30 24 be
580 1517 27 22 5s

52 1555 44 24 per

83 1580 42 24 Mr
136 1580 60 24 Nott
211 1581 128 31 proposed,
381 1581 61 23 That
464 1578 41 24 Mr
522 1578 84 26 Heron

52 1611 33 25 be
103 1611 126 26 President
250 1615 26 22 of
296 1613 41 24 the

53 1644 33 32 by
98 1645 39 24 Mr
145 1644 128 28 Murdoch.

86 1677 41 25 Mr
144 1677 45 26 Orr
211 1679 121 31 proposed
354 1686 27 18 as
397 1686 32 16 an
449 1676 158 26 amendment

78 1710 62 25 That
157 1711 40 24 Mr
216 1712 115 24 Newman
345 1712 30 24 be
567 1710 40 24 He

54 1742 52 25 had
116 1743 72 25 taken
196 1743 41 25 the
247 1743 118 25 initiative
373 1743 26 25 in
409 1742 42 25 the
459 1745 147 26 movement,

56 1774 49 25 and
115 1775 38 25 his
162 1775 81 25 efforts
254 1775 26 25 in
291 1775 163 31 endeavoring
460 1778 24 21 to
491 1774 116 25 establish

56 1816 15 17 a
80 1807 97 27 Cricket
187 1808 61 26 Club
259 1808 87 28 should
357 1809 31 25 be
400 1807 160 32 appreciated.

88 1840 65 26 Four
167 1843 72 24 voted
257 1842 37 25 for
304 1842 42 25 the
360 1843 93 24 motion
475 1841 49 24 and
541 1841 66 25 three

56 1873 38 24 for
110 1874 41 24 the
160 1874 166 29 amendment,
344 1874 50 24 and
405 1874 37 22 Mr
453 1873 85 24 Heron
559 1880 49 17 was

57 1905 119 26 therefore
190 1905 101 26 elected.

89 1937 125 34 Proposed
226 1939 32 32 by
268 1937 38 27 Mr
324 1937 51 33 Orr,
392 1935 120 29 seconded
524 1936 29 32 by
570 1936 38 25 Mr

59 1970 122 33 Tumbull,
299 1971 40 26 Mr
353 1973 62 23 Nott
433 1971 31 26 be
486 1973 121 27 Secretary

58 2003 50 26 and

91 2036 23 26 It
122 2044 49 18 was
182 2037 109 27 resolved
302 2046 32 16 on
355 2038 42 24 the
416 2036 92 26 motion
529 2035 27 25 of
569 2034 40 24 Mr

62 2069 128 33 Murdoch,
207 2070 120 25 seconded
341 2070 31 31 by
391 2070 37 25 Mr
437 2069 68 30 Nott,
544 2067 65 24 That

59 2101 94 27 Messrs
180 2104 78 30 Ryan,
284 2101 125 30 Turnbull,
436 2101 50 25 and
508 2101 45 24 Orr
579 2100 30 24 be

58 2135 132 32 appointed
208 2144 16 17 a
245 2136 143 28 Committee
404 2139 24 20 to
449 2142 101 23 arrange
573 2133 37 26 for

58 2168 41 24 the
109 2168 119 31 purchase
238 2168 28 24 of
273 2168 42 24 the
325 2166 110 26 material
445 2166 132 31 belonging
585 2171 25 20 to

58 2199 41 25 the
109 2201 88 24 former

85 2232 126 32 Proposed
244 2232 31 32 by
301 2232 38 24 Mr
367 2230 124 31 Turnbull,

58 2266 90 24 Messrs
166 2265 124 32 Newman,
308 2265 123 30 Murdoch,
450 2263 49 25 and
519 2262 46 28 Orr
580 2265 31 25 be

54 2298 133 32 appointed
197 2298 120 25 members
329 2297 27 25 of-

56 2331 82 23 onded
154 2331 32 30 by
194 2331 37 23 Mr
245 2330 79 31 Ryan,
336 2330 50 24 and
397 2328 99 26 carried.

88 2363 39 24 On
138 2362 41 25 the
190 2361 92 26 motion
298 2362 25 23 of
332 2361 40 25 Mr
383 2361 92 29 Dewar,
487 2361 122 25 seconded

56 2394 34 31 by
108 2394 42 24 Mr
164 2394 52 29 Orr,
242 2394 18 24 it
280 2401 48 17 was
356 2393 110 24 resolved
493 2393 53 25 that
565 2394 44 26 the

55 2427 133 24 Treisurer
205 2425 30 25 be
251 2425 134 25 instructed
401 2430 25 20 to
447 2425 87 25 collect
553 2427 41 23 sub-

54 2457 132 32 scriptions
201 2462 26 21 at
242 2464 69 21 once.

85 2490 25 24 It
118 2498 48 16 was
178 2490 146 24 understood
331 2490 46 24 £he
388 2489 61 25 Club
457 2490 80 24 would
543 2494 64 23 meet

55 2522 38 25 for
103 2522 106 33 practice
219 2529 32 18 on
265 2522 118 31 Saturday
402 2522 148 30 afternoons,
574 2529 32 17 on

58 2556 40 24 che
115 2554 95 32 ground
228 2562 59 18 near
305 2556 41 23 the
365 2555 69 24 brick
449 2555 52 24 kiln
522 2555 81 30 (south

55 2587 50 25 end
115 2587 28 24 of
152 2587 146 31 Roxburgh).

84 2620 24 25 A
131 2624 55 21 vote
206 2620 28 25 of
251 2619 89 26 thanks
362 2624 26 21 to
410 2619 36 26 Mr
463 2618 84 28 Heron
572 2619 35 26 for

54 2653 125 34 presiding
188 2653 134 26 concluded
334 2654 42 25 the
386 2653 114 32 meeting.

166 2740 149 25 TUAPEKA
336 2740 149 25 GOSSIP.

107 2834 86 32 {From
202 2843 44 19 our
255 2843 53 19 own
325 2835 215 31 Correspondent.)

81 2881 80 24 Anent
175 2880 42 26 the
230 2881 107 31 changes
353 2882 28 24 of
397 2881 126 31 Wardens,
535 2882 68 25 there

50 2911 44 24 has
106 2912 61 23 been
181 2918 68 17 some
264 2913 73 28 slight
357 2913 127 24 alteration
504 2914 68 23 since
590 2913 12 23 1

50 2945 75 20 wrote
142 2944 27 19 to
182 2947 48 23 you
250 2949 33 17 on
303 2942 42 25 the
368 2947 94 20 matter.
493 2943 109 25 Warden

50 2971 82 23 Wood
151 2970 68 30 (who
240 2977 54 25 gets
307 2974 36 23 six
360 2974 104 24 months'
487 2975 68 23 leave
579 2975 24 23 of

52 3000 117 29 absence)
179 3001 21 23 is
217 3006 25 19 to
254 3004 29 23 be
298 3005 134 24 succeeded
446 3005 34 31 by
498 3005 104 25 Warden

51 3029 94 32 Reveh\
160 3031 28 24 of
196 3031 140 36 Westport;
353 3036 37 24 Mr
408 3037 119 26 Stratford
543 3045 59 24 goes

51 3066 26 21 to
89 3063 83 25 Mount
190 3064 53 32 Ida,
260 3067 50 26 and
324 3067 82 32 Major
417 3069 105 25 Keddell
534 3071 68 25 takes

53 3094 147 33 Greyjnouth
212 3098 94 26 instead
313 3100 28 24 of
350 3102 132 31 Westport.

81 3128 51 27 The
139 3134 78 22 circus
228 3140 48 17 was
286 3133 57 26 here
353 3141 31 17 on
405 3135 105 31 Monday
527 3136 74 34 night,

50 3161 51 25 and
118 3161 64 27 drew
202 3171 16 17 a
233 3163 66 33 large
312 3166 133 32 gathering.
477 3168 51 25 The
548 3176 37 24 per-

50 3193 122 26 formance
180 3195 146 33 throughout
337 3206 48 16 was
396 3206 14 16 a
419 3207 56 23 very
486 3200 45 24 fair
546 3208 47 18 one

79 3224 52 27 Ihe
148 3229 187 25 entertainment
356 3234 25 21 to
409 3237 29 18 oe
458 3233 57 23 held
543 3238 58 19 next

50 3257 68 24 week
137 3258 37 24 for
191 3260 41 24 the
251 3261 83 24 school
355 3262 118 31 promises
496 3269 25 21 to
542 3264 30 25 be
586 3272 15 16 a

51 3290 131 26 successful
205 3299 51 19 one.
291 3292 54 28 The
363 3302 153 25 programme
537 3296 23 26 is
576 3302 24 21 to

50 3322 32 26 be
92 3323 28 25 of
127 3330 15 18 a
153 3325 96 33 Christy
258 3327 109 26 minstrel
379 3328 129 27 character.

82 3355 36 25 Dr
129 3355 131 34 Grabham,
283 3360 126 31 Inspector
428 3361 27 25 of
468 3363 134 31 Hospitals,

54 3388 57 31 paid
122 3388 39 26 his
176 3391 69 24 usual
258 3393 90 24 annual
358 3394 56 25 visit
426 3395 48 25 this
484 3396 74 25 week.
590 3396 12 24 I

54 3421 148 26 understand
225 3423 31 25 he
277 3432 49 18 was
349 3433 57 24 very
428 3428 52 26 well
501 3429 100 32 pleased

54 3452 57 25 with
122 3461 44 17 our
176 3454 146 26 Institution.

82 3485 74 26 Great
164 3487 132 27 endeavors
304 3496 40 19 are
357 3490 72 33 being
439 3492 72 26 made
527 3497 24 22 to
562 3498 40 28 get

53 3518 42 25 the
122 3520 88 25 School
236 3522 27 25 of
294 3522 80 27 Mines
400 3526 148 27 established
577 3527 25 25 in

52 3549 129 28 Lawrence
194 3553 95 26 instead
311 3556 28 24 of
353 3555 122 34 Dunedin,
496 3567 27 17 as
546 3559 19 25 it
581 3560 21 24 is

49 3583 104 31 thought
160 3584 19 25 it
189 3586 47 24 will
247 3587 31 24 be
287 3595 68 17 more
365 3588 125 27 beneficial
506 3592 59 24 than
576 3598 25 18 at

49 3620 103 25 present
184 3617 51 25 The
259 3620 108 24 member
390 3621 36 24 for
457 3622 102 32 tfaseby
580 3624 20 23 is

48 3647 121 32 opposing
185 3649 43 25 the
251 3651 112 29 transfer,
390 3661 27 16 as
439 3654 32 25 he
485 3655 83 25 thinks
583 3657 17 23 it

48 3679 88 25 should
148 3682 29 24 be
186 3689 68 19 more
264 3683 115 32 centrally
395 3686 112 29 situated,
522 3689 78 28 which

47 3710 15 25 1
71 3719 105 29 suppose
184 3722 84 18 means
280 3716 52 27 that
344 3717 19 24 it
374 3718 87 25 should
473 3720 30 25 be
513 3721 86 31 placed

47 3743 26 25 in
84 3744 41 26 the
136 3744 137 29 Maniototo
284 3748 101 33 County.

79 3776 44 27 We
131 3786 41 18 are
183 3784 25 20 to
219 3781 63 25 have
292 3789 16 18 a
318 3782 191 35 Parliamentary
517 3786 82 25 Union

45 3810 150 26 established
217 3813 25 25 in
265 3813 135 34 Lawrence,
420 3825 27 17 so
477 3819 52 24 that
556 3827 44 17 our

47 3842 62 26 local
120 3845 136 30 politicians
272 3848 46 24 will
329 3849 62 26 have
402 3858 14 16 a
426 3851 64 29 good
506 3852 93 24 chance

47 3880 27 19 to
80 3876 36 24 air
123 3877 62 24 their
201 3878 139 31 eloquence,
352 3882 69 25 when
438 3884 40 23 the
489 3884 68 23 affair
578 3885 20 23 is

47 3907 25 25 in
94 3908 43 25 fuil
151 3910 107 33 working
285 3913 77 26 order.
396 3916 22 22 A
440 3916 107 31 meeting
562 3916 37 25 for

45 3940 43 25 the
110 3942 78 25 above
213 3951 103 25 purpose
339 3954 51 16 was
414 3948 125 24 convened
565 3948 31 31 by

45 3972 160 28 Archdeacon
217 3975 137 28 Beaumont
365 3978 46 27 last
422 3980 74 30 week,
517 3980 49 26 and
583 3988 15 18 a

45 4006 67 32 large
122 4009 102 27 number
234 4010 62 28 have
316 4012 112 32 signified
445 4014 63 26 their
518 4014 66 26 inten-

47 4040 50 24 tion
106 4043 26 21 to
142 4041 60 30 join.
233 4043 23 23 A
266 4045 64 30 good
341 4045 54 25 deal
407 4046 28 24 of
443 4047 154 31 preliminary

43 4072 114 27 business
167 4073 45 29 has
226 4079 25 22 to
266 4077 31 27 be
315 4077 64 27 done
392 4078 82 26 before
487 4080 42 24 the
548 4081 49 25 real

44 4105 112 26 business
167 4114 160 25 commences,
338 4111 43 24 but
391 4111 19 24 it
420 4111 21 25 is
451 4113 147 30 anticipated

44 4137 54 26 that
118 4139 43 26 the
181 4141 93 26 session
292 4142 47 25 will
351 4143 72 31 begin
437 4150 59 19 next
521 4144 75 31 April,

43 4170 51 25 and
108 4171 48 26 last
167 4172 75 27 about
252 4175 67 25 three
332 4183 26 17 or
369 4176 52 25 four
436 4177 106 24 months.
574 4176 24 26 It

43 4203 22 29 is
76 4204 148 33 anticipated
235 4207 52 25 that
294 4208 42 25 the
347 4207 84 28 House
440 4209 45 25 will
497 4209 101 27 number

43 4237 76 24 about
134 4238 64 32 sixty
209 4242 206 29 representatives.

76 4268 54 26 The
142 4271 96 25 schools
250 4273 25 23 in
296 4273 48 24 this
362 4275 98 31 locality
471 4276 84 25 intend
572 4280 25 21 to

44 4299 68 27 dose
130 4303 37 24 for
177 4304 42 25 the
228 4304 111 32 holidays
353 4313 31 18 on
401 4308 41 24 the
463 4309 64 28 19th,
549 4309 49 23 and

45 4339 68 25 great
123 4337 166 28 preparations
303 4346 40 16 are
354 4339 73 31 being
438 4341 70 24 made
519 4341 25 24 in
557 4342 41 23 the

45 4373 54 22 way
117 4367 29 24 of
165 4368 106 29 prizes—
273 4373 24 20 to
325 4370 65 25 wind
411 4379 32 24 up
460 4372 41 25 the
524 4372 75 32 year's

47 4398 158 33 proceedings

79 4430 51 26 The
140 4431 96 27 Ladies'
252 4433 79 33 Guild,
351 4435 28 26 of
387 4435 91 32 Trinity
494 4437 105 26 Church,

47 4462 85 25 intend
143 4464 90 31 having
245 4474 14 15 a
270 4468 48 22 sale
334 4468 28 23 of
375 4468 70 30 fancy
458 4468 48 24 and
522 4470 76 23 useful

47 4493 68 24 work
131 4495 48 23 this
195 4498 103 30 evening
315 4498 23 24 in
353 4498 40 24 aid
405 4499 26 25 of
449 4500 42 24 the
503 4499 95 26 Church

47 4525 81 26 funds.
159 4526 72 31 Quite
250 4537 16 16 a
286 4531 110 24 valuable
414 4537 147 21 assortment
576 4534 26 24 of

47 4558 97 27 articles
163 4567 42 19 are
220 4565 25 21 to
263 4562 30 26 be
305 4564 138 28 submitted,
457 4565 50 26 and
518 4574 15 17 a
544 4574 42 17 con-

46 4591 121 28 siderable
177 4600 99 21 amount
287 4597 29 24 of
323 4604 87 23 money
417 4598 88 25 should
517 4600 31 25 be
560 4600 41 25 the

47 4626 80 24 result.

77 4665 137 27 December
223 4668 62 29 10th,
296 4668 69 25 1884.

193 4755 271 25 MISCELLANEOUS.

78 4837 52 27 The
146 4846 84 26 survey
242 4838 22 28 of
274 4840 41 31 the
329 4842 112 29 Waikaia
458 4842 65 28 Bush
541 4845 59 25 road

45 4871 46 27 has
102 4872 60 26 been
180 4875 163 25 commenced.
376 4875 22 26 It
410 4877 20 25 is
440 4878 120 28 expected
575 4884 24 19 to

42 4899 35 30 t>e
87 4904 137 33 completed
230 4906 25 24 in
264 4906 84 26 twelve
356 4908 106 27 months'
473 4909 64 32 time,
551 4910 49 25 and

45 4937 54 26 that
107 4937 42 26 the
159 4943 53 21 cost
221 4938 47 26 will
280 4944 42 21 not
332 4941 90 25 exceed
433 4942 87 24 £2OOO.

77 4979 55 26 The
148 4980 54 32 jury
222 4986 26 20 at
270 4983 41 24 the
326 4983 96 33 inquest
443 4985 28 24 of
496 4984 104 25 William

47 5011 184 33 Meldrum,who
242 5022 48 17 was
298 5015 74 26 killed
384 5016 23 24 in
419 5017 42 25 the
474 5016 125 26 Nenthorn

46 5044 84 32 affray,
146 5046 62 25 have
221 5048 112 29 returned
344 5056 15 16 a
370 5049 91 25 verdict
483 5050 29 24 of
526 5051 73 23 wilful

47 5077 97 25 murder
155 5079 94 30 against
258 5080 126 25 Lawrence
395 5080 87 33 White,
494 5082 106 24 Thomas

48 5108 115 33 Crowley,
190 5111 48 25 and
261 5111 98 26 Charles
385 5113 137 32 Fitzgerald
540 5114 62 24 alias

47 5141 103 27 Ganett.
184 5143 141 32 Fitzgerald,
336 5153 33 23 up
379 5150 26 21 to
414 5146 41 25 the
463 5148 57 24 date
529 5146 27 26 of
561 5148 41 24 the

47 5175 102 31 inquest,
165 5176 49 24 had
235 5182 42 19 not
292 5178 59 24 been
370 5179 117 31 captured
502 5180 30 30 by
562 5179 40 25 the

48 5208 85 31 police,
143 5209 42 24 but
195 5217 47 16 was
250 5216 56 18 seen
315 5218 31 16 on
358 5211 41 25 the
412 5212 59 24 road
483 5216 23 21 to
518 5211 85 24 Clarks

48 5238 55 26 Flat
115 5248 31 17 on
156 5241 40 24 the
209 5242 41 23 sth
264 5243 96 22 instant.

79 5283 21 23 A
112 5281 145 33 Wellington
275 5284 116 30 telegram
403 5289 75 21 states
498 5287 53 24 that
565 5285 37 25 Mr

48 5313 32 27 H.
100 5313 88 33 Welsh,
196 5323 16 17 a
224 5316 88 25 farmer
320 5317 28 23 of
356 5316 87 31 Opaki,
455 5324 48 19 met
514 5318 56 25 with
588 5325 14 18 a

49 5348 92 25 serious
149 5348 112 25 accident
269 5353 25 20 at
306 5348 158 26 Featherston
474 5358 32 18 on
517 5352 71 23 Satur

47 5381 49 30 day
106 5380 76 32 night.
216 5381 32 25 As
264 5381 41 25 the
320 5381 63 26 train
395 5389 50 18 was
457 5383 98 31 leaving
572 5384 31 26 he

47 5413 134 33 attempted
207 5418 26 21 to
259 5421 57 25 pass
338 5415 62 24 from
422 5421 46 19 one
494 5416 107 32 carriage

47 5447 111 33 p'atform
181 5451 24 22 to
226 5447 103 27 another
347 5447 49 26 and
406 5447 48 33 fell,
475 5449 42 25 the
539 5450 62 26 train

45 5482 100 36 passing
156 5488 56 18 over
223 5481 58 24 him.
315 5480 42 26 He
368 5482 46 24 has
425 5481 67 27 since
506 5482 64 26 died.

663 170 33 26 At
709 169 132 34 Auckland,
852 179 30 17 on
898 172 40 25 the
954 174 41 23 sth
1007 174 98 31 inatsnf,
1118 176 62 26 John

632 203 95 30 Tajlor,
752 212 14 16 a
788 213 167 23 greengrocer,
993 209 133 30 attempted
1159 214 21 19 to

630 237 97 24 commit
743 237 91 25 suicide
849 238 31 31 by
893 238 83 31 taking
987 237 139 28 hudanntn.
1144 241 36 24 He

627 268 49 25 had
687 269 48 25 lost
751 270 96 31 heaviiy
859 272 23 23 in
891 272 104 31 firming
1006 275 137 26 operations
1155 274 24 25 in

628 301 125 33 Taranaki,
779 305 48 24 and
851 303 36 25 his
915 304 72 25 bsses
1014 305 99 27 affected
1141 308 37 24 hi*

628 338 87 25 health.

657 384 35 23 W.
715 381 27 25 T.
755 382 89 32 Tyrell,
859 383 108 25 William
992 385 115 28 Peacock,
1131 388 46 22 and

625 414 66 25 John
703 415 30 25 A.
745 416 88 24 Cotton
847 415 60 25 have
923 417 58 23 been
989 419 140 23 committed
1141 420 37 24 for

626 447 133 32 criminally
785 449 133 30 assaulting
943 457 13 16 a
984 458 92 16 woman
1100 451 77 25 under

626 480 179 24 circumstances
823 481 25 23 of
862 482 182 31 extraordinary
1058 484 115 24 brutality

625 515 24 22 at
661 512 40 26 the
715 510 56 27 East
780 513 72 25 Town
865 513 63 32 Belt,
945 514 181 34 Christchurcb,
1143 526 30 15 on

625 545 42 24 the
678 545 70 33 night
757 545 26 25 of
794 545 41 25 the
849 548 36 23 Ist
896 546 98 29 instant,

654 588 51 24 The
742 587 123 33 following
904 589 113 31 telegram
1043 591 44 24 has
1115 592 58 25 been

625 619 106 24 received
741 620 61 24 from
813 620 40 24 the
875 621 200 33 Agent-General,
1098 625 77 24 under

624 651 55 24 date
689 651 40 24 the
740 652 44 24 3rd
795 652 199 26 instant:—Post
1006 654 66 25 office
1084 656 90 26 notices

624 683 58 24 have
708 687 59 20 been
785 684 78 24 issued
885 687 153 32 announcing
1053 689 121 26 alternate

624 714 142 34 fortnightly
779 717 68 24 mails
864 717 32 31 by
908 717 78 26 direct
1000 724 109 24 steamer.
1136 723 38 25 No

624 747 94 26 farther
733 752 86 22 matter
832 749 47 25 will
891 751 29 25 be
945 758 53 20 sent
1014 754 39 25 via
1070 755 106 28 Brindisi

624 781 78 25 unless
713 783 170 29 superscribed.
1177 781 1 31 !

653 827 36 21 An
705 825 121 31 exchange
845 828 163 32 says:-They
1027 830 61 26 have
1112 840 64 18 some

624 863 55 24 very
692 856 106 31 peculiar
814 856 66 28 ideas
892 859 49 25 and
959 863 86 32 people
1056 872 32 25 up
1100 865 60 26 Tara-

624 888 53 26 nak«'
693 898 58 22 way,
769 898 24 16 as
816 900 14 15 a
844 900 92 18 woman
948 895 53 26 *ho
1014 897 47 24 had
1082 898 92 25 invited

624 922 41 23 her
676 922 119 30 daughter
804 926 26 21 to
835 925 79 25 reside
926 929 77 23 under
1011 929 40 23 the
1060 933 115 22 maternal

624 954 55 24 roof
689 954 89 33 during
792 955 42 27 the
849 958 85 32 period
947 960 25 25 of
985 961 40 25 the
1037 961 140 33 daughter's

624 988 160 35 approaching
796 992 161 28 confinement
968 995 59 25 sued
1038 995 40 25 the
1086 997 91 26 lattar's

625 1021 110 27 husband
747 1023 95 25 forLls
854 1025 37 23 for
900 1027 99 29 tending
1006 1028 52 23 that
1071 1030 106 26 person's

625 1053 55 25 wife
695 1054 89 32 during
795 1056 44 25 her
849 1057 175 25 confinement!
1041 1058 25 24 It
1079 1067 47 17 was
1137 1061 39 23 the

625 1085 41 26 old
682 1089 111 30 story—a
807 1088 82 33 family
903 1089 96 33 quarrel
1011 1091 47 24 and
1071 1100 14 16 a
1098 1093 63 26 wash-

626 1119 40 31 ing
692 1120 28 25 of
745 1120 65 32 dirty
823 1122 64 24 linen
907 1130 25 17 in
957 1123 158 30 public-and
1140 1134 24 16 re-

625 1152 78 24 sulted
715 1152 24 24 in
750 1161 14 16 a
772 1153 92 25 verdict
875 1154 26 24 of
914 1154 15 32 L
929 1154 30 32 4,
969 1155 45 25 less
1025 1155 151 28 defendant's

625 1192 121 23 expenses,
760 1185 80 26 which
860 1194 64 18 came
936 1191 24 21 to
980 1195 65 18 mere
1058 1190 58 25 than
1136 1190 41 33 the,

626 1216 86 24 award.

654 1256 95 28 Easily
771 1258 161 28 Proven.--It
950 1262 21 24 is
992 1262 76 32 easily
1085 1271 89 24 proven

625 1289 52 25 that
683 1291 109 24 malarial
803 1292 86 28 fevers,
900 1294 167 30 constipation,
1077 1298 97 28 general

623 1321 106 31 debility,
750 1329 168 26 nervousness,
933 1327 49 22 and
1001 1328 122 30 neuralgic
1134 1329 30 24 ail-

623 1358 79 20 ments
718 1354 65 31 yield
793 1355 91 32 readily
896 1361 24 20 to
936 1357 48 25 this
995 1363 68 26 great
1080 1360 94 25 disease

622 1392 138 26 conquerer,
783 1387 57 33 Hop
855 1389 97 29 Bitters,
983 1390 23 25 It
1020 1392 90 30 repairs
1134 1394 40 24 the

623 1425 99 24 ravages
730 1420 28 23 of
764 1420 96 24 disease
867 1422 31 29 by
908 1423 141 30 converting
1065 1425 40 23 the
1117 1425 56 24 food

622 1449 50 25 into
684 1451 50 24 rich
745 1451 79 31 blood,
840 1453 48 24 and
900 1453 18 24 it
928 1454 66 31 gives
1011 1462 54 19 jiew
1077 1456 39 25 life
1124 1457 49 25 and

623 1482 66 32 vigor
700 1488 26 19 to
734 1484 42 25 the
786 1486 63 30 aged
859 1486 49 24 and
919 1485 80 26 infirm
1009 1488 95 31 always.
1123 1491 50 25 See.

651 1524 36 24 At
697 1524 41 26 the
752 1526 99 31 hearing
858 1528 26 24 of
896 1529 102 24 election
1016 1531 115 30 petitions
1150 1536 23 20 at

623 1556 102 26 &eefton
745 1557 47 25 last
812 1559 65 24 week
897 1564 25 19 to
937 1561 95 31 inquire
1056 1563 52 25 into
1133 1564 40 25 the

620 1589 118 24 elections
750 1590 37 24 for
799 1590 67 25 three
879 1592 101 32 Ridings
989 1594 29 24 of
1035 1595 139 31 Inangahua

621 1620 105 31 County,
739 1622 42 24 the
793 1622 66 25 R.M.
868 1623 66 25 ruled
946 1626 52 23 that
1010 1627 40 25 the
1062 1630 78 23 action
1147 1630 27 23 of

621 1653 40 24 the
682 1653 138 33 Returning
842 1656 87 26 Officer
952 1665 47 18 was
1014 1659 118 29 irregular
1148 1662 25 24 in

621 1689 42 21 not
679 1686 115 33 allowing
816 1689 81 24 others
915 1691 56 23 than
994 1692 68 25 those
1079 1702 31 15 on
1134 1695 39 23 the

621 1717 44 25 roll
676 1721 25 21 to
717 1724 55 19 vote
795 1721 31 29 by
840 1722 118 29 virtuosi
979 1724 95 24 miners'
1089 1726 84 31 rights.

620 1750 36 23 On
668 1750 48 25 this
723 1752 93 30 ground
826 1752 41 25 the
875 1753 112 26 elections
996 1764 60 18 were
1066 1757 107 26 declared

620 1783 62 25 void.

651 1829 66 25 Here
729 1828 21 25 is
769 1837 14 17 a
800 1829 96 27 curious
910 1831 47 25 and
974 1834 112 29 amusing
1105 1839 67 30 story

621 1862 72 22 about
703 1862 41 23 Mr
755 1862 84 29 Black,
856 1864 42 23 the
915 1866 110 27 novelist,
1046 1868 75 23 which
1143 1870 29 23 be

621 1892 75 30 might
710 1892 61 24 have
781 1893 164 31 incorporated
959 1897 52 24 into
1030 1905 46 18 one
1093 1900 26 23 of
1134 1902 38 23 his

621 1924 89 26 novels.
743 1924 26 28 It
781 1926 79 25 would
879 1929 61 23 have
961 1928 66 27 filled
1047 1939 14 17 a
1078 1933 93 26 volume

621 1958 79 31 easily.
732 1959 140 25 Condensed
883 1960 20 23 it
914 1968 92 19 assume
1021 1968 21 19 at
1046 1965 36 24 his
1100 1970 60 20 state-

621 1994 65 20 ment
697 1990 77 25 :—Mr
784 1990 74 26 Black
871 1991 70 34 being
950 2001 31 17 on
993 2003 13 15 a
1017 1997 90 25 ramble
1115 2006 56 17 near

624 2022 110 26 Dunollie
748 2022 79 26 Castle
838 2024 120 34 suddenly
970 2028 57 25 took
1039 2030 20 23 it
1070 2030 53 25 into
1135 2032 37 24 his

622 2055 60 24 head
695 2060 24 19 to
738 2055 61 25 have
814 2064 14 16 a
842 2058 74 24 swim.
952 2058 40 25 He
1011 2061 56 24 took
1087 2064 34 26 oif
1141 2065 30 23 all

623 2087 52 25 that
684 2095 46 17 was
740 2095 132 25 necessary,
886 2089 50 33 &c,
948 2091 48 25 and
1006 2093 107 33 pluoged
1135 2097 33 25 in.

622 2121 34 24 Ai
667 2119 30 26 he
710 2128 46 19 was
767 2123 127 31 returning
907 2127 25 22 to
945 2124 77 27 where
1033 2126 37 25 his
1079 2130 92 24 clothes

625 2160 65 23 were,
698 2152 75 33 judge
788 2154 37 24 his
833 2154 85 26 horror
929 2164 31 16 on
971 2159 81 31 seeing
1064 2168 14 17 a
1089 2168 82 24 young

623 2184 54 33 lady
687 2187 84 30 Bitting
781 2186 72 25 down
863 2194 31 17 on
912 2196 14 16 a
941 2188 106 34 boulder,
1062 2194 107 31 reading,

623 2218 61 23 from
696 2218 41 24 the
748 2225 145 25 appearance
900 2220 25 24 of
946 2220 41 25 the
998 2223 112 34 binding,
1126 2234 45 16 one

623 2250 25 25 of
661 2250 38 25 his
710 2258 54 18 own
780 2251 93 27 novels*
902 2253 40 25 M>
962 2253 74 28 Black
1053 2258 116 32 coughed,

624 2284 98 31 ahem'd,
736 2283 52 33 &c,
807 2284 42 25 but
860 2281 33 30 all
903 2288 26 23 to
940 2294 32 17 no
988 2297 115 24 purpose;
1130 2291 41 25 the

625 2317 46 23 fair
681 2323 45 17 one
735 2318 50 23 still
795 2316 58 33 kept
867 2319 43 24 her
920 2326 56 25 eyes
987 2329 64 23 upon
1069 2323 40 24 the
1121 2324 37 23 fas-

624 2349 104 30 cinating
739 2356 65 24 page.
835 2350 69 25 After
915 2351 40 27 the
967 2354 65 30 lapse
1043 2355 29 24 of
1085 2356 82 34 nearly

625 2380 49 24 half
689 2387 31 18 an
731 2382 61 23 hour
802 2389 14 16 a
832 2390 54 16 man
898 2390 63 19 came
973 2392 33 24 up
1018 2387 57 24 with
1087 2394 15 18 a
1111 2394 56 24 gun,

624 2412 54 29 and,
689 2413 82 32 seeing
786 2413 40 25 Mr
835 2414 96 27 Black's
941 2418 61 24 head
1012 2419 104 32 bobbing
1137 2428 33 23 up

623 2445 46 24 and
683 2445 77 32 down,
777 2447 140 31 exclaimed,
934 2452 14 11 ■•
956 2450 67 26 Hech
1030 2452 9 24 1
1057 2460 14 16 a

623 2478 47 24 and
687 2478 105 32 brought
814 2480 37 24 his
873 2488 51 24 gun
944 2485 25 22 to
990 2483 37 25 his
1047 2485 122 24 shoulder.

625 2509 58 24 This
694 2516 47 17 was
749 2515 39 20 too
799 2511 69 24 much
882 2514 36 23 for
930 2514 40 24 Mr
980 2515 91 25 Black's
1077 2524 93 24 nerves,

623 2541 54 32 and,
694 2544 95 30 roaring
811 2547 50 28 out,
973 2547 111 27 heaven's
1105 2550 64 31 sake,

623 2573 64 25 don't
696 2573 59 26 fire!
773 2577 43 23 I'm
827 2585 15 16 a
860 2579 48 24 real
1040 2582 31 23 he
1090 2584 79 22 tossed

623 2606 122 33 propriety
757 2613 24 21 to
793 2608 40 26 the
841 2610 76 26 winds
925 2612 46 24 and
980 2620 41 17 ran
1029 2613 38 25 for
1075 2614 25 26 it.
1118 2614 53 27 The

622 2639 79 32 lovely
710 2648 81 28 young
801 2643 56 33 lady
871 2652 47 19 was
929 2646 78 26 round
1029 2648 42 25 the
1088 2655 83 19 corner

621 2674 49 25 like
680 2681 15 16 a
706 2674 60 26 flash
783 2676 28 24 of
819 2678 126 31 lightning.

758 2768 173 25 REMEMBER
953 2770 83 23 THIS.

647 2806 28 27 If
681 2815 45 25 you
738 2816 40 19 are
789 2808 53 27 sick
856 2809 56 34 Hop
922 2810 89 28 Bitters
1029 2812 48 29 will
1088 2814 80 32 surely

616 2841 41 26 aid
668 2841 93 28 Nature
774 2843 25 25 in
816 2843 101 34 making
926 2853 48 25 you
987 2845 52 27 well
1050 2847 70 26 when
1136 2848 32 25 all

615 2875 50 23 else
675 2875 60 23 fails.

645 2911 25 24 If
679 2919 48 22 you
737 2918 42 17 are
794 2913 92 24 costive
894 2920 28 17 or
932 2913 135 32 dyspeptic,
1080 2922 29 17 or
1126 2923 40 17 are

616 2941 113 32 suffering
740 2942 61 24 from
812 2951 48 23 any
870 2945 69 24 other
950 2946 26 24 of
985 2946 40 25 the
1037 2954 129 19 numerous

616 2973 108 25 diseases
734 2974 26 24 of
771 2974 41 25 the
830 2977 110 23 stomach
957 2985 27 16 or
997 2978 96 30 bowels,
1108 2980 18 25 it
1145 2980 21 26 is

616 3012 58 23 your
682 3012 52 17 own
745 3005 59 26 fault
814 3006 21 24 if
843 3014 46 23 you
899 3009 91 24 remain
1002 3010 33 30 ill,
1053 3010 38 24 for
1107 3011 59 33 Hop

619 3036 85 25 Bitters
722 3037 21 25 is
754 3045 15 17 a
780 3040 125 31 sovereign
915 3041 98 32 remedy
1025 3043 25 24 in
1060 3043 33 24 all
1104 3046 60 24 such

615 3070 150 30 complaints.

644 3107 24 25 If
683 3116 46 22 you
740 3116 41 19 are
793 3109 102 32 wasting
903 3117 68 26 away
978 3112 56 26 with
1047 3120 47 25 any
1103 3114 61 25 form

615 3140 27 25 of
647 3140 98 33 Kidney
755 3142 102 30 disease,
878 3147 55 28 stop
950 3146 118 31 tempting
1085 3147 79 25 Death

615 3173 48 25 this
672 3179 116 24 moment,
800 3174 51 24 and
861 3179 54 21 turn
926 3176 37 24 for
973 3185 15 17 a
1002 3186 56 17 cure
1069 3183 25 21 to
1106 3179 57 31 Hop

616 3205 96 23 Bitters.

644 3241 24 25 If
677 3251 47 22 you
734 3250 42 17 are
788 3243 51 24 sick
853 3243 58 24 with
928 3245 52 24 that
992 3247 96 23 terrible
1100 3247 52 24 sick

615 3281 62 23 ness,
689 3275 172 29 Nervousness,
872 3283 46 23 you
929 3276 46 24 will
985 3276 51 25 find
1047 3285 14 18 a
1095 3278 69 26 Balm

615 3307 25 24 in
772 3307 25 25 in
807 3308 42 24 the
861 3315 43 19 use
915 3309 27 26 of
951 3309 56 33 Hop
1019 3310 97 26 Bitters.

644 3345 26 25 If
682 3353 45 23 you
748 3353 42 18 are
810 3353 16 17 a
839 3346 140 32 frequenter,
990 3356 28 16 or
1028 3357 15 16 a
1058 3349 106 26 resident

615 3377 28 25 of
660 3386 15 17 a
690 3379 136 24 miasmatic
848 3379 99 31 district,
966 3380 125 27 barricade
1105 3390 60 23 your

616 3415 89 26 system
712 3411 94 32 against
814 3412 41 24 the
861 3419 101 24 scourge
971 3414 26 23 of
1002 3414 32 24 all
1043 3415 121 25 countries

616 3443 145 30 —malarial,
780 3443 125 31 epidemic,
920 3445 91 30 bilious,
1024 3447 49 23 and
1089 3448 63 23 inter

616 3474 94 25 mittent
719 3475 142 32 fevers—by
869 3476 41 26 the
918 3484 42 17 use
969 3478 28 23 of
1004 3479 56 31 Hop
1068 3478 96 26 Bitters.

646 3519 25 25 If
686 3527 45 24 ynu
753 3520 62 25 have
825 3520 83 33 rough,
920 3521 96 32 pimply,
1033 3530 28 17 or
1082 3523 83 25 sallow

615 3551 62 31 skin,
699 3552 49 25 bad
768 3553 92 30 breath,
871 3554 70 30 pains
955 3555 50 24 and
1017 3556 81 30 aches,
1114 3556 50 25 and

614 3584 46 24 feel
670 3584 128 24 miserable
808 3586 129 30 generally,
952 3586 57 32 Hop
1020 3588 88 24 Bitters
1117 3589 48 23 will

613 3615 55 30 give
693 3624 47 22 you
767 3615 46 25 fair
839 3617 62 28 skin,
930 3618 52 24 rich
1010 3619 81 29 blood,
1113 3620 51 23 and

613 3652 111 20 sweetest
734 3647 92 30 breath,
837 3648 91 30 health,
943 3649 50 25 and
1007 3650 110 25 comfort.

643 3685 29 24 In
684 3686 67 24 short
767 3686 57 31 they
835 3694 55 17 cure
910 3687 32 24 all
954 3687 107 27 diseases
1081 3688 28 25 of
1122 3689 41 26 the

613 3718 117 31 stomach,
750 3718 94 30 bowels,
871 3720 78 28 blood,
976 3721 67 28 liver,
1068 3728 94 23 nerves,

614 3749 108 32 kidneys,
733 3749 101 33 Bright's
847 3752 111 25 Disease.
988 3752 68 26 £SOO
1068 3753 47 25 will
1133 3755 31 24 be

614 3782 56 32 paid
679 3783 36 24 for
722 3791 16 17 a
748 3791 56 17 case
814 3784 58 31 they
882 3785 47 24 will
940 3790 42 19 not
994 3794 55 16 cure
1061 3795 27 17 or
1098 3787 64 32 help.

614 3815 126 32 Druggists
749 3815 50 26 and
811 3816 119 26 Chemists
939 3817 70 32 keep.

640 3860 63 25 That
728 3869 66 23 poor,
821 3861 142 31 bedridden,
987 3863 92 24 invalid
1101 3863 61 31 wife,

612 3893 76 30 sister,
699 3894 101 26 mother,
812 3901 27 16 or
849 3894 125 31 daughter,
989 3902 46 17 can
1047 3896 30 24 be
1089 3895 73 25 made

613 3925 40 24 the
662 3925 91 31 picture
767 3925 27 25 of
801 3925 89 31 health,
903 3927 32 29 by
946 3934 14 16 a
973 3926 45 25 tew
1030 3927 89 26 bottles
1138 3928 27 25 of

614 3958 56 30 Hop
689 3956 96 30 Bitters,
800 3958 96 30 costing
908 3958 43 24 but
967 3966 16 16 a
1003 3960 69 24 trifle.
1108 3959 56 25 Will

612 3997 46 23 you
668 3989 33 26 let
712 3989 66 27 them
790 3989 72 26 suffer
870 3989 10 26 ?

1197 188 95 23 WHAT
1306 190 30 23 IS
1357 191 75 23 THIS
1454 191 132 25 DISEASE
1609 193 89 23 THAT
1722 195 27 24 IS

1322 220 125 23 COMING
1464 221 84 23 UPON
1567 222 56 22 US?

1175 252 6 13 e
1430 264 84 5 _____

1175 277 4 33 i
1223 277 54 22 Like
1287 286 11 13 a
1313 279 58 22 thief
1378 280 21 21 in
1410 282 36 21 the
1460 282 61 28 night
1537 282 17 22 it
1568 282 64 23 steals
1648 282 22 22 in
1687 290 59 18 upon

1175 310 3 31 y
1193 313 24 16 us
1227 314 115 16 unawares.
1373 310 66 30 Many
1448 319 87 22 persons
1543 312 54 23 have
1609 312 60 29 pains
1680 313 65 22 about

1194 337 36 22 the
1241 336 57 23 chest
1306 339 41 21 and
1355 338 62 28 sides,
1427 342 42 21 and
1477 343 122 21 sometimes
1607 343 20 21 in
1637 343 36 22 the
1681 343 61 23 back.

1192 366 61 27 They
1266 366 39 22 feel
1317 367 45 23 dull
1380 370 41 22 and
1437 371 85 28 sleepy;
1538 372 38 23 the
1587 372 73 23 mouth
1683 373 37 22 has
1731 380 12 15 a

1192 395 41 23 bad
1244 400 59 22 taste,
1317 399 114 27 especially
1444 400 21 22 in
1475 401 35 23 the
1529 402 100 29 morning
1664 403 21 22 A
1700 407 42 18 sort

1175 426 40 21 rof
1222 426 70 28 stioky
1301 427 60 22 slime
1372 429 90 22 collects
1472 431 66 22 about
1549 432 36 22 the
1600 432 67 22 teeth.
1695 432 47 22 The

1175 455 2 35 r
1190 456 94 27 appetite
1296 455 17 23 is
1326 463 58 21 poor.
1416 459 72 23 There
1505 460 17 22 is
1540 468 12 14 a
1569 461 81 29 feeling
1665 461 45 23 like
1728 469 13 15 a

1175 485 1 31 '
1189 485 69 28 heavy
1267 486 48 22 load
1326 493 28 14 on
1367 487 36 22 the
1412 489 97 21 stomach
1517 498 6 18 ;
1535 492 123 21 sometimes
1667 500 13 13 a
1688 492 53 22 faint

1175 515 1 28 i
1189 515 95 28 all-gone
1298 517 108 21 sensation
1422 522 22 17 at
1464 519 36 21 the
1511 519 31 21 nit
1560 521 22 20 of
1597 520 36 21 the
1643 522 97 21 stomach

1180 545 3 33 I
1190 545 70 23 which
1276 545 50 23 food
1345 545 52 24 does
1408 550 38 19 not
1463 547 80 30 S'tiafy.
1575 548 48 23 The
1641 557 49 21 eyes
1705 558 35 15 are

1180 575 97 27 ■sunken,
1293 576 36 23 the
1342 576 71 23 hands
1428 578 41 21 and
1482 577 41 23 feet
1540 578 89 23 become
1638 580 48 22 cold
1697 581 41 21 and

1175 602 1 39 1
1180 602 2 39 1
1188 606 41 22 feel
1239 606 98 28 clammy.
1367 606 61 22 After
1434 614 14 14 a
1456 607 63 23 while
1526 615 12 14 a
1549 608 68 28 cough
1627 613 44 17 gets
1686 609 22 21 in
1718 613 22 17 at

1188 635 44 23 first
1243 635 46 30 dry,
1302 635 37 23 but
1349 635 52 23 after
1413 643 11 15 a
1434 636 38 23 few
1483 637 86 23 months
1580 637 17 23 it
1610 637 17 23 is
1637 638 103 22 attended

1188 665 51 23 with
1255 673 13 15 a
1288 666 97 29 greenish
1396 667 87 22 colored
1493 667 167 29 expectoration.
1692 668 48 23 The

1175 691 1 36 ;
1179 691 3 36 j
1188 696 91 23 afflicted
1289 703 40 16 one
1340 696 52 23 feels
1405 696 53 23 tired
1467 697 28 22 all
1503 698 36 22 the
1549 698 71 27 while,
1630 697 42 23 and
1680 698 60 29 sleep

1175 724 1 40 •
1180 724 2 40 j
1188 727 52 23 does
1251 731 37 19 not
1303 734 58 16 seem
1376 731 22 19 to
1418 726 68 24 afford
1502 734 42 23 any
1563 731 49 20 rest.
1651 728 61 24 After
1728 735 10 15 a

1175 757 1 28 i
1189 757 50 23 time
1267 758 28 22 he
1318 757 99 23 becomes
1446 765 97 20 nervous,
1568 757 101 28 irritable,
1697 758 42 22 and

1188 788 93 29 gloomy,
1294 788 42 22 and
1347 788 40 22 has
1398 787 44 23 evil
1462 788 142 29 forebodings.
1637 788 71 23 There
1723 788 18 23 is

1189 826 12 13 a
1209 818 115 28 giddiness,
1336 825 13 14 a
1359 821 42 18 sort
1409 817 24 22 of
1439 818 99 28 whirling
1547 818 108 22 sensation
1669 818 22 22 in
1703 818 37 22 the

1175 842 1 34 i
1189 847 55 23 head
1256 848 61 22 when
1326 846 66 29 rising
1407 854 29 21 up
1450 847 112 29 suddenly.
1592 848 48 23 The
1659 847 81 23 bowels

1190 878 88 22 become
1295 877 80 23 costive
1385 884 6 17 ;
1406 877 36 23 the
1460 877 48 23 skin
1526 877 18 23 is
1560 877 39 30 dry
1610 877 42 23 and
1669 877 39 23 hot
1718 882 21 18 at

1175 900 1 36 '
1190 908 61 21 times
1260 915 6 17 ;
1282 907 35 22 the
1329 907 64 22 blood
1404 907 99 22 becomes
1511 908 59 22 thick
1581 908 42 21 and
1632 912 108 24 stagnant;

1175 930 1 36 1
1181 930 2 36 i
1190 938 35 21 the
1246 937 75 21 whites
1340 936 24 21 of
1378 936 37 21 the
1432 944 49 20 eyes
1497 938 88 20 become
1599 937 73 29 tingei
1690 937 48 20 with

1175 966 98 31 s|yellow,
1288 966 35 22 the
1337 965 60 24 urine
1406 965 18 23 is
1434 969 75 25 scanty
1526 966 42 22 and
1583 965 154 30 high-colored,

1175 999 8 25 jj
1190 998 120 29 depositing
1321 1005 10 13 a
1344 997 104 23 sediment
1465 997 54 23 after
1530 997 106 30 standing.
1669 997 70 23 There

1175 1035 8 24 s]
1191 1028 17 20 is
1216 1026 120 29 frequently
1346 1034 13 13 a
1370 1027 88 28 spitting
1474 1034 30 21 up
1514 1027 24 21 of
1552 1027 37 21 the
1601 1026 56 26 food,
1671 1033 54 15 some-

1175 1053 76 35 times
1266 1053 72 24 with*a
1353 1062 49 14 sour
1413 1059 53 18 taste
1476 1055 41 21 and
1528 1055 121 22 sometimes
1660 1055 52 22 with
1727 1062 13 14 a

1175 1094 8 16 j
1189 1084 99 23 sweetish
1304 1088 68 22 taste;
1395 1084 41 22 this
1460 1084 17 22 is
1497 1084 119 29 frequently
1638 1084 100 23 attended

1175 1107 7 41 J
1190 1115 51 23 with
1257 1114 126 31 palpitation
1402 1114 25 22 of
1437 1114 35 22 the
1481 1114 75 27 heart;
1572 1114 36 22 the
1623 1114 67 22 vision
1703 1114 25 22 be-

1275 1144 103 29 impaired
1396 1144 49 22 with
1459 1148 59 26 spots
1537 1144 72 22 before
1620 1144 36 22 the
1675 1150 64 21 eyes;

1175 1174 1 34 a
1186 1176 61 21 there
1265 1175 17 22 is
1296 1182 13 15 a
1329 1174 78 29 feeling
1427 1175 24 22 of
1467 1178 59 26 great
1549 1174 128 30 prostration
1697 1174 42 21 and

1175 1204 1 28 •
1189 1205 116 21 weakness.
1333 1204 37 21 All
1381 1205 22 20 of
1414 1204 58 21 these
1481 1209 118 23 symptoms
1609 1211 35 14 are
1658 1204 22 20 in
1692 1208 46 17 turn

1189 1236 90 26 present.
1309 1234 20 21 It
1341 1233 16 21 is
1369 1233 89 27 thought
1467 1232 47 23 that
1524 1232 72 28 nearly
1602 1232 106 22 one-third
1717 1232 25 21 of

1175 1262 1 28 i
1188 1270 38 14 our
1242 1262 124 28 population
1376 1262 37 21 has
1424 1262 43 22 this
1482 1262 81 22 disease
1574 1262 20 22 in
1606 1269 59 15 some
1676 1262 24 22 of
1712 1262 26 22 its

1175 1286 7 34 |!
1187 1292 72 22 varied
1270 1293 71 21 forma.
1370 1292 20 21 It
1401 1291 38 22 has
1449 1292 53 22 been
1512 1291 65 22 found
1591 1292 46 22 that
1648 1291 89 23 medical

1175 1329 61 16 ,:men
1247 1321 53 22 have
1316 1321 106 21 mistaken
1436 1321 36 22 the
1481 1324 73 18 nature
1566 1320 24 23 of
1597 1321 42 21 this
1650 1320 87 22 disease.

1175 1345 6 31 J
1188 1351 66 22 Some
1270 1352 54 20 have
1340 1350 79 21 treated
1438 1350 16 21 it
1468 1350 32 21 for
1521 1357 12 14 a
1550 1350 53 22 liver
1613 1349 122 29 complaint,

1175 1380 5 20 V
1187 1380 70 22 others
1265 1380 32 22 for
1307 1380 78 28 kidney
1396 1379 88 27 disease,
1495 1383 48 23 etc.,
1554 1385 47 21 etc.,
1610 1380 36 21 but
1653 1387 56 15 none
1717 1380 24 22 of

1175 1405 5 28 '!
1187 1411 35 21 the
1241 1411 85 20 various
1342 1409 64 22 kinds
1430 1409 25 22 of
1476 1414 111 18 treatment
1611 1409 54 23 have
1684 1410 52 22 been
1748 1405 1 28 1

1175 1434 1 38 [
1187 1439 101 22 attended
1307 1439 52 22 with
1375 1445 88 20 success,
1486 1439 90 25 because
1599 1439 35 21 the
1651 1439 86 28 remedy

1175 1467 5 32 'J
1187 1468 76 23 should
1271 1469 29 23 be
1310 1469 51 22 such
1372 1476 22 15 as
1409 1472 25 19 to
1455 1472 33 19 act
1503 1468 158 29 harmoniously
1679 1476 58 21 upon

1175 1498 5 30 •;
1187 1500 50 22 each
1249 1506 41 15 one
1300 1499 24 22 of
1328 1500 57 21 these
1392 1505 82 23 organs,
1483 1499 42 22 and
1533 1506 58 22 upon
1598 1499 36 22 the
1642 1498 94 23 stomach

1175 1521 5 36 •!
1187 1536 22 15 as
1220 1529 47 22 well
1275 1536 8 20 j
1299 1529 32 21 for
1343 1529 21 21 in
1376 1528 121 29 Dyspepsia
1511 1528 42 29 (for
1573 1528 41 22 this
1634 1529 17 21 is
1670 1528 65 28 really
1748 1521 1 36 1

1187 1559 55 21 what
1253 1559 35 21 the
1298 1559 81 21 disease
1389 1557 27 29 is)
1427 1559 28 21 all
1465 1559 21 21 of
1494 1559 58 21 these
1562 1566 77 21 organs
1650 1557 87 29 partake

1175 1585 36 35 Jof
1222 1589 41 21 this
1273 1589 81 21 disease
1369 1589 40 19 and
1426 1588 81 28 require
1519 1596 13 13 a
1541 1588 86 27 remedy
1634 1588 49 21 that
1695 1587 41 21 will

1175 1619 45 25 rjact
1237 1624 57 21 upon
1319 1617 28 21 all
1371 1622 21 16 at
1412 1616 36 22 the
1469 1624 57 14 same
1550 1618 57 20 time.
1650 1615 88 29 Seigel's

1188 1648 99 21 Curative
1300 1647 69 28 Syrup
1377 1652 45 17 acts
1432 1646 44 23 like
1487 1654 13 15 a
1511 1646 72 24 charm
1597 1646 19 22 in
1629 1646 41 22 this
1684 1646 54 22 class

1175 1672 5 33 '|
1187 1678 21 21 of
1219 1677 133 28 complaints,
1366 1677 71 29 giving
1448 1677 75 22 almost
1535 1677 122 22 immediate
1673 1676 65 22 relief.

1175 1713 5 24 '\
1187 1707 47 21 The
1241 1707 109 28 following
1357 1707 72 21 letters
1436 1705 53 23 from
1500 1707 99 21 chemists
1606 1705 23 22 of
1639 1706 99 27 standing
1748 1705 1 32 <

1175 1745 5 16 ■j
1187 1737 21 20 in
1218 1737 35 20 the
1261 1737 131 27 community
1399 1736 68 21 where
1476 1736 48 28 they
1536 1736 40 21 live
1584 1735 59 22 show
1652 1736 21 20 in
1684 1735 54 21 what
1748 1735 1 29 ,

1175 1759 5 41 ']
1186 1766 120 22 estimation
1326 1766 35 21 the
1379 1765 72 22 article
1467 1765 17 22 is
1504 1764 57 23 held.
1605 1764 133 23 Wholsesale

1177 1791 3 37 j
1187 1796 89 28 Agents,
1288 1796 154 28 Kempthorne,
1462 1795 86 26 Propser
1559 1794 41 23 and
1612 1794 55 23 Co.'s
1682 1794 60 23 New.

1186 1826 92 22 Zealand
1290 1826 60 26 Drag
1362 1825 56 29 Co./
1418 1825 113 29 Limited),
1544 1824 194 28 Dunedip,.Christ*

1186 1857 85 24 church,
1286 1857 137 26 Wellington,
1435 1856 42 21 and
1486 1855 119 22 Auckland.

1176 1888 2 30 I
1212 1891 57 27 John
1289 1890 86 26 Archer,
1396 1890 102 24 Harthill,
1518 1897 51 13 near
1579 1888 102 22 Sheffield
1691 1888 45 23 :—I

1175 1916 3 38 'j
1185 1926 39 16 can
1235 1918 131 29 confidently
1376 1919 134 23 recommend
1522 1919 16 22 it
1549 1922 22 19 to
1587 1917 28 24 all
1630 1918 47 22 who
1688 1925 48 23 may

1176 1949 2 30 I
1187 1951 25 22 be
1223 1951 99 28 suffering
1331 1950 53 22 from
1400 1950 52 21 liver
1462 1956 24 15 or
1494 1949 95 23 stomach
1599 1949 135 29 complaints,

1176 1979 2 29 !
1186 1981 78 27 having
1274 1980 35 22 the
1320 1980 113 28 testimony
1452 1980 24 22 of
1494 1987 35 21 my
1544 1983 122 22 customers,
1689 1979 48 22 who

1176 2007 2 31 I
1249 2010 87 22 derived
1347 2014 59 24 great
1418 2008 76 23 benefit
1506 2010 52 22 from
1568 2009 36 22 the
1614 2009 69 29 Syrup
1693 2009 42 23 and

1188 2041 57 21 Fills.
1276 2039 45 23 The
1331 2041 42 21 sale
1384 2041 17 21 is
1411 2040 116 27 increasing
1533 2039 144 28 wonderfully,

1175 2061 3 37 j
1213 2070 53 21 Geo.
1281 2069 112 26 A.Webb,
1406 2074 45 22 141,
1465 2069 59 21 York
1535 2074 69 20 street,
1621 2069 86 22 Belfast:
1710 2081 25 3 —
1748 2061 1 37 .

1185 2100 10 21 I
1216 2100 54 22 have
1280 2099 46 22 sold
1337 2106 13 14 a
1368 2100 57 28 large
1438 2099 102 29 quantity,
1554 2099 41 22 and
1612 2098 35 23 the
1658 2099 78 28 parties

1185 2130 53 22 have
1250 2128 90 24 testified
1351 2133 21 19 to
1387 2129 28 22 its
1430 2129 64 29 being
1505 2130 56 21 what
1577 2136 41 22 you
1628 2135 111 23 represent,
1748 2128 1 30 '

1175 2159 31 23 lit.
1740 2157 3 25 I

1175 2186 2 38 |
1205 2189 20 28 J.
1236 2187 21 23 S.
1278 2187 107 28 Metcalfe,
1405 2191 32 26 55,
1456 2187 117 30 Highgate,
1592 2186 141 24 Kendall

1184 2218 55 22 have
1257 2218 78 28 always
1345 2221 59 25 great
1416 2217 96 29 pleasure
1528 2225 22 14 in
1561 2217 174 26 recommending

1184 2248 35 23 the
1229 2248 100 23 Curative
1340 2250 75 26 Syrup,
1425 2247 31 22 for
1468 2247 10 22 I
1488 2247 54 23 have
1552 2254 63 16 never
1628 2247 79 22 known
1723 2255 12 14 a

1184 2285 48 15 case
1242 2279 21 21 in
1272 2278 70 22 which
1353 2278 16 22 it
1377 2278 38 22 has
1425 2282 37 18 not
1472 2278 92 22 relieved
1576 2285 24 14 or
1610 2278 70 27 cured,
1693 2285 26 14 an
1724 2286 8 11 .;

1185 2309 10 21 I
1203 2308 53 21 have
1265 2307 47 21 sold
1323 2314 64 21 many
1396 2314 87 21 grosses.
1740 2303 6 39 j

1212 2337 64 21 Kobt.
1286 2337 26 21 G.
1326 2337 78 24 Gould,
1420 2340 33 23 27,
1468 2335 56 28 High
1535 2340 71 23 street,
1619 2335 100 23 Andover
1729 2344 14 14 :i

1183 2366 39 21 —I
1232 2366 53 21 have
1295 2365 78 27 always
1384 2365 64 22 taken
1458 2373 12 14 a
1484 2370 59 24 great
1554 2366 85 22 interest
1651 2366 21 21 in
1682 2359 61 34 your!

1183 2394 114 24 medicines
1307 2394 42 22 and
1359 2394 10 22 I
1380 2394 54 24 haye
1442 2394 237 26 .secommended.them,
1688 2401 23 16 as
1724 2395 9 22 I
1748 2394 1 26 1

1182 2425 54 21 have
1246 2424 66 23 found
1327 2431 112 17 numerous
1449 2431 58 16 cases
1519 2424 24 24 of
1552 2432 48 16 cure
1611 2425 58 23 from
1680 2425 55 23 their
1748 2424 1 24 <

1182 2462 42 15 use.
1748 2461 1 16 1

1212 2483 94 23 Thomas
1314 2484 118 28 Chapman,
1445 2485 60 21 West
1513 2484 169 23 Auckland:—l
1691 2485 43 20 find

1182 2513 46 22 that
1242 2513 37 22 the
1290 2514 59 21 trade
1359 2514 89 26 steadily
1459 2514 109 21 increases,
1601 2514 8 21 t
1620 2514 39 23 sell
1672 2521 61 14 more

1182 2543 25 23 of
1216 2551 52 19 your
1279 2543 115 23 medicines
1401 2543 51 22 than
1462 2550 43 22 any
1514 2544 62 22 other
1589 2543 59 23 kind.

1213 2573 28 22 N.
1259 2573 91 26 Darroll,
1364 2573 63 26 Clun,
1443 2572 144 29 Salop:—All
1603 2574 47 22 who
1665 2573 42 28 buy
1716 2573 18 22 it
1748 2572 1 29 !

1183 2609 35 16 are
1229 2602 93 29 pleased,
1335 2602 41 22 and
1385 2602 135 23 recommend
1531 2603 21 23 it.

1211 2632 45 31 Jos.
1274 2631 106 29 Balkwill,
1397 2632 88 29 A.P.S.,
1498 2632 144 31 Kingsbridge
1686 2632 47 25 The
1748 2628 1 35 I

1184 2664 72 28 public
1265 2671 57 15 seem
1331 2668 21 18 to
1362 2664 120 29 appreciate
1493 2664 54 22 their
1556 2669 59 24 great
1626 2665 67 22 value.

1213 2694 26 22 A.
1265 2694 120 25 Armstead,
1408 2693 84 22 Market
1515 2698 70 22 street,
1609 2694 123 22 Dalton-in-

1184 2723 156 24 Furnesslt
1358 2724 18 22 is
1390 2724 96 22 needless
1498 2723 33 23 for
1546 2732 34 14 me
1596 2727 22 19 to
1634 2732 36 21 say
1686 2724 45 23 that
1746 2718 3 35 J

1183 2760 52 20 your
1245 2753 97 22 valuable
1352 2753 115 22 medicines
1474 2754 55 21 have
1536 2757 60 23 great
1605 2754 44 21 sale
1657 2754 22 20 in
1690 2754 41 21 this

1180 2781 194 29 district—greater
1387 2782 54 22 than
1456 2789 41 21 any
1511 2782 64 22 other
1590 2782 10 22 C
1617 2782 66 23 know
1698 2782 30 26 of,

1182 2811 72 30 giving
1263 2815 59 26 great
1336 2811 134 25 satisfaction.

1211 2842 64 24 Robt.
1294 2842 74 29 Laine,
1388 2843 177 25 Melksham:—l
1583 2852 40 16 can
1634 2843 47 25 well
1698 2851 31 16 re*

1180 2873 113 22 commend
1314 2873 36 22 the
1364 2874 100 22 Curative
1488 2875 69 28 Syrup
1576 2876 56 23 from
1652 2875 78 28 having

1178 2902 82 29 proved
1269 2902 27 21 its
1307 2902 85 26 efficacy
1404 2903 32 20 for
1444 2903 127 28 indigestion
1584 2904 81 28 myself.

1242 2936 142 29 Lriockheim,
1402 2937 115 28 Arbroath,
1533 2938 140 26 Forfarshire,

1464 2967 123 29 September
1594 2974 34 26 23,
1641 2968 58 23 1882.

1209 2996 58 22 Dear
1283 2996 121 23 Sir.—Last
1425 3004 50 21 year
1493 2998 10 21 I
1517 3001 46 18 sent
1578 3005 42 21 you
1634 3005 12 14 a
1669 2999 61 21 letter

1179 3026 171 27 recommending
1362 3026 86 22 Mother
1457 3026 88 28 Seigel's
1553 3026 76 29 Syrup.
1653 3027 10 23 I
1676 3027 54 22 have

1178 3062 51 21 very
1239 3055 63 23 much
1319 3055 96 28 pleasure
1425 3056 21 22 in
1465 3056 42 22 still
1518 3055 88 30 bearing
1616 3057 113 28 testimony

1179 3089 21 18 to
1211 3085 35 22 the
1258 3093 49 21 very
1324 3085 132 29 satisfactory
1474 3086 75 23 results
1565 3087 24 22 of
1606 3087 35 22 the
1659 3087 69 22 famed

1178 3113 70 31 Syrup
1258 3116 43 21 and
1316 3115 58 23 Pills.
1404 3116 58 23 Most
1477 3120 73 26 patent
1566 3116 115 23 medicines
1695 3116 35 23 die

1178 3149 37 18 out
1232 3146 52 22 with
1302 3153 40 20 me,
1359 3146 38 22 but
1414 3146 86 23 Mother
1521 3146 70 29 Seigel
1606 3147 38 22 has
1658 3147 43 22 had
1717 3154 13 14 a
1745 3146 4 33 j

1178 3175 73 28 steady
1266 3175 44 22 sale
1324 3183 49 15 ever
1390 3176 57 22 siuce
1466 3176 11 22 I
1497 3177 146 26 commenced,
1653 3177 43 21 and
1711 3177 18 21 is

1178 3204 42 21 still
1231 3205 21 20 in
1262 3212 23 14 as
1303 3209 58 24 great
1371 3205 92 22 demand
1474 3212 23 14 as
1509 3206 60 22 when
1580 3207 11 20 I
1602 3206 44 21 first
1660 3206 67 27 began
1744 3201 5 20 t

1177 3236 22 18 to
1212 3233 39 21 sell
1267 3234 36 22 the
1321 3234 111 22 medicine.
1455 3234 47 22 The
1516 3241 59 15 cures
1592 3234 68 22 which
1675 3234 53 22 have

1176 3269 61 15 come
1248 3262 66 22 under
1324 3270 35 20 my
1368 3263 69 22 notice
1448 3271 35 14 are
1493 3263 76 28 chiefly
1575 3263 61 23 those
1646 3263 24 22 of
1675 3263 53 22 liver

1177 3291 116 30 complaint
1301 3292 42 23 and
1357 3292 84 29 general
1449 3292 96 29 debility.
1745 3287 4 34 ®

1206 3321 17 23 A
1236 3323 79 22 certain
1329 3323 95 22 minister
1432 3323 22 22 in
1462 3322 205 30 myjneighborhood
1676 3330 50 21 says
1742 3328 7 25 j

1176 3352 41 22 itis
1228 3353 35 21 the
1273 3353 51 28 only
1342 3353 63 28 thing
1420 3353 69 22 which
1500 3353 38 22 has
1555 3353 107 22 benefited
1679 3353 46 22 him

1177 3382 41 21 and
1234 3382 93 22 restored
1345 3382 45 22 him
1405 3386 22 19 to
1437 3382 33 23 his
1477 3382 84 23 normal
1571 3383 113 22 condition
1703 3382 25 23 of
1744 3381 5 15 1

1179 3412 70 22 health
1258 3411 54 23 after
1321 3412 64 29 being
1396 3412 77 23 unable
1481 3415 22 20 to
1516 3413 76 28 preach
1609 3413 32 21 for
1651 3421 12 13 a
1674 3420 51 15 con*
1742 3417 7 24 J
1748 3411 1 30 (

1178 3441 103 22 siderable
1291 3441 73 29 length
1374 3441 24 22 of
1405 3443 58 21 time.
1487 3442 11 22 I
1509 3443 62 21 could
1578 3443 96 21 mention
1681 3442 45 22 also

1175 3470 1 34 |
1177 3478 13 14 a
1197 3475 59 24 great
1264 3478 64 21 many
1340 3471 62 22 other
1408 3478 64 20 cases,
1485 3471 37 23 but
1533 3478 64 23 space
1607 3470 119 24 would'not
1743 3472 6 12 ''

1177 3501 70 22 allow.
1277 3500 21 23 A
1317 3508 51 16 near
1377 3501 69 23 friend
1460 3501 25 24 of
1491 3501 65 28 mine,
1573 3502 49 23 who
1642 3501 18 23 is
1677 3508 51 22 very
1742 3512 7 18 r

1178 3532 61 22 much
1246 3530 99 24 addicted
1356 3535 22 19 to
1387 3532 134 26 costiveness,
1534 3539 24 16 or
1573 3532 151 28 constipation,

1178 3561 54 23 finds
1242 3561 46 22 that
1302 3561 87 23 Mother
1405 3561 89 29 Seigel's
1503 3560 51 24 Pilis
1568 3568 36 17 are
1621 3562 36 23 the
1676 3560 51 29 only
1743 3558 6 16 a

1179 3591 47 27 pills
1234 3591 45 21 that
1295 3591 41 21 suit
1347 3591 32 22 his
1387 3591 130 28 (complaint.
1549 3591 36 24 All
1597 3592 62 22 other
1677 3591 50 28 pills
1743 3594 6 23 f

1177 3627 62 14 cause
1260 3626 12 14 a
1288 3621 92 21 reaction
1402 3620 70 22 which
1495 3621 17 21 is
1535 3628 50 21 very
1607 3617 117 31 annoying.

1180 3648 83 22 Mother
1270 3647 89 31 Seigel's
1370 3648 53 23 Pills
1434 3649 28 22 do
1479 3654 37 18 not
1524 3649 61 23 leave
1593 3657 13 14 a
1614 3650 42 21 bad
1663 3649 63 22 after*

1175 3678 1 30 i
1177 3678 67 26 effect.
1277 3678 10 22 I
1296 3678 54 23 have
1359 3679 63 22 much
1433 3679 96 29 pleasure
1540 3680 22 21 in
1576 3679 152 28 commending
1743 3682 6 17 a

1175 3709 63 32 [again
1256 3711 22 19 to
1293 3708 100 29 suffering
1406 3709 110 29 humanity
1535 3709 87 23 Mother
1637 3708 72 30 Seigel
1711 3708 5 10 ;
1717 3716 11 14 s
1745 3708 4 33 j

1175 3736 1 30 i
1177 3738 121 26 medicines,
1309 3738 69 23 which
1387 3745 35 17 aie
1429 3746 27 15 no
1464 3739 67 27 sharp,
1564 3739 22 23 If
1591 3739 41 23 this
1640 3739 63 23 letter
1711 3738 18 22 is

1177 3768 24 23 of
1206 3774 42 23 any
1255 3767 80 24 service
1343 3774 41 24 you
1394 3775 39 16 can
1442 3769 86 27 publish
1536 3769 23 24 it.

1434 3799 71 24 Yours
1512 3807 49 21 very
1569 3798 63 30 truly,

1223 3826 99 31 (Signed)
1338 3828 118 24 William
1474 3829 21 23 S,
1512 3829 83 28 Glass,
1608 3828 106 28 Chemist,

1206 3859 27 23 A.
1246 3858 21 28 J.
1282 3857 78 29 White,
1369 3858 53 29 Esq.

1484 3889 49 28 I|th
1543 3889 87 29 August,
1642 3888 60 28 1883.

1208 3917 58 22 Dear
1275 3915 81 26 Sir.—l
1364 3917 59 24 write
1432 3920 21 21 to
1462 3918 36 23 tell
1505 3924 42 23 you
1556 3918 46 23 that
1611 3918 35 23 Mr
1654 3918 76 30 Henry

1179 3946 84 27 Ilillier,
1274 3946 22 23 of
1305 3947 65 22 Yates
1373 3948 58 28 bury,
1443 3948 72 26 Wilts,
1533 3948 89 22 informs
1632 3955 36 15 me
1683 3948 47 22 that

1177 3976 27 22 he
1214 3976 89 23 suffered
1313 3977 55 22 from
1383 3984 13 16 a
1410 3984 73 16 severe
1497 3977 54 23 form
1567 3977 25 23 of
1600 3977 130 29 indigestion

1177 4006 32 23 for
1216 4007 98 29 upwards
1322 4007 24 23 of
1353 4007 47 24 four
1409 4015 68 22 years,
1486 4009 42 22 and
1539 4008 54 23 took
1610 4016 28 15 110
1655 4009 40 22 end
1709 4008 24 23 of

1177 4038 92 21 doctor's
1276 4038 104 21 medicine
1389 4039 88 20 without
1485 4039 36 21 the
1529 4039 99 27 slightest
1639 4038 87 27 benefit,
1747 4038 2 28 '

1176 4066 43 22 and
1230 4066 94 23 declares
1338 4066 85 24 Mother
1437 4066 89 30 Seigel's
1536 4068 70 29 Syrup
1621 4068 70 22 which
1703 4068 28 22 he

1176 4101 37 24 got
1225 4096 54 22 from
1289 4104 35 15 me
1332 4097 37 21 has
1379 4097 64 22 saved
1457 4097 32 22 his
1504 4097 43 23 life.

1453 4127 70 22 Yours
1537 4127 57 28 truly

1345 4155 100 31 (Signed)
1503 4156 29 23 N.
1551 4157 80 27 Webb,

1192 4186 36 23 Mr
1235 4186 82 24 White.
1503 4186 103 28 Chemist,
1623 4186 75 24 Calne.
1748 4186 1 29 |

121 70 175 29 •VWJR.DAY
310 71 166 27 DECEMBER
491 75 34 25 s%.
539 65 53 30 1884

1517 62 389 60 MOUNT
2022 64 437 62 BENGER
2572 70 281 56 MAIL

641 4081 22 26 A
682 4081 66 25 Fact
766 4081 94 26 Worth
883 4082 217 28 Knowing.—Are
1117 4093 47 23 you

613 4114 114 32 suffering
753 4116 57 23 with
845 4116 183 30 Consumption,
1056 4116 107 31 Coughs,

613 4154 83 18 severe
707 4147 73 25 Colds
791 4147 87 25 settled
889 4155 32 17 on
931 4148 42 25 the
984 4148 88 28 bieast.
1085 4150 63 25 Pneu-

613 4180 88 28 monia,
712 4188 27 17 or
750 4187 47 24 any
816 4180 94 26 disease
926 4180 27 25 of
962 4180 40 25 the
1016 4181 80 26 throat
1116 4183 48 24 and

612 4212 70 32 lungs
690 4212 11 24 ?
734 4213 25 24 If
767 4220 34 24 so,
813 4220 30 25 go
866 4217 25 22 to
903 4220 58 26 your
979 4213 115 35 Druggist
1115 4215 49 26 and

614 4250 39 26 get
664 4254 15 15 a
692 4246 75 24 bottle
779 4252 23 17 01
818 4245 128 26 Boschee's
962 4247 105 25 German
1081 4251 82 29 Syrup.

614 4278 51 24 The
676 4278 86 31 people
779 4285 41 17 are
830 4278 73 31 going
917 4279 54 23 wild
983 4287 56 17 over
1058 4281 31 25 its
1112 4288 38 18 suc-

614 4318 59 21 cess,
686 4311 48 23 and
750 4310 127 32 Druggists
893 4311 33 24 all
943 4318 56 18 over
1010 4320 44 15 our
1065 4318 99 26 country

614 4350 40 16 are
668 4343 93 31 writing
781 4351 29 16 us
829 4343 27 24 of
879 4343 31 24 its
936 4344 132 24 wonderful
1097 4353 67 17 cures

614 4382 89 23 among
721 4375 62 24 their
804 4379 140 21 customers.
976 4375 24 25 It
1021 4377 44 24 has
1082 4377 31 31 by
1129 4377 37 24 far

616 4407 40 24 the
667 4407 88 29 largest
775 4408 52 23 sale
842 4407 26 24 of
886 4415 48 23 any
955 4408 105 32 remedy,
1078 4410 86 31 simply

616 4440 105 23 because
741 4440 19 23 it
778 4438 21 25 is
814 4440 26 23 of
856 4447 28 17 so
903 4440 72 25 much
997 4441 70 25 value
1088 4443 24 23 in
1132 4443 33 24 all

616 4471 125 24 affections
762 4471 27 23 of
807 4471 48 24 this
870 4471 66 24 kind.
971 4473 104 24 Chronic
1094 4482 71 17 cases

617 4502 95 31 quickly
722 4502 62 32 yield
795 4507 25 20 to
832 4503 26 25 it.
874 4502 126 32 Druggists
1011 4506 155 25 recommend

616 4535 18 23 it
647 4535 49 24 and
715 4535 138 31 physicians
878 4537 121 30 prescribe
1015 4539 26 22 it.
1075 4538 26 24 If
1119 4546 46 23 you

617 4567 58 25 wish
701 4572 25 21 to
745 4572 38 27 try
806 4568 31 25 its
855 4568 109 33 superior
979 4570 83 31 virtue,
1089 4576 40 27 get
1152 4580 15 16 a

617 4600 96 31 Sample
725 4600 79 26 Bottle
817 4601 36 24 for
868 4602 39 24 6d.
941 4602 79 30 Large
1031 4603 47 25 size
1089 4605 77 24 bottle

617 4634 27 23 3s
654 4632 38 25 6d.
724 4632 77 27 Three
811 4633 72 27 doses
892 4634 47 26 will
949 4635 88 26 relieve
1044 4643 49 24 any
1100 4643 66 19 case.

617 4666 48 30 Try
677 4666 24 24 it.

648 4717 144 32 Holloway's
799 4716 87 27 Pills.-
898 4717 51 27 The
960 4720 107 31 changes
1078 4720 27 24 of
1108 4724 44 20 tem-

617 4755 109 26 perature
752 4751 49 23 and
821 4752 106 23 weather
942 4752 135 30 frequently
1100 4757 67 25 upset

617 4789 98 25 persons
728 4782 53 25 who
792 4790 41 18 are
847 4787 64 21 most
929 4784 110 25 cautious
1060 4783 28 26 of
1107 4784 61 25 their

616 4815 89 32 health,
716 4815 48 25 and
775 4820 64 21 most
848 4816 129 33 particular
988 4825 25 17 in
1024 4817 63 25 their
1098 4817 68 25 diets.

616 4848 77 27 These
710 4849 139 27 corrective,
868 4850 127 31 purifying,
1017 4849 48 25 and
1087 4850 81 30 gentle

615 4882 107 30 aperient
739 4881 59 26 Pills
809 4889 42 17 are
861 4883 42 22 the
914 4883 53 23 best
979 4882 99 29 remedy
1090 4882 36 23 for
1136 4883 33 23 all

615 4913 117 25 defective
740 4913 94 24 actions
851 4913 26 24 of
886 4913 40 24 the
938 4913 116 32 digestive
1066 4920 102 24 organs;

616 4947 56 30 they
682 4950 115 26 augment
806 4945 40 25 the
856 4946 113 30 appetite,
981 4946 140 30 strengthen
1129 4946 40 24 the

616 4978 117 29 stomach,
748 4982 92 22 correct
856 4977 152 31 biliousness,
1030 4977 49 24 and
1101 4985 67 22 carry

616 5010 37 24 off
660 5010 33 24 all
701 5009 52 26 that
772 5009 20 24 is
804 5010 102 24 noxious
927 5010 61 25 from
1007 5009 41 25 the
1070 5013 97 26 system.

618 5042 144 30 Holloway's
783 5041 59 24 Pills
863 5049 42 16 are
929 5041 131 32 composed
1076 5041 27 24 of
1117 5048 52 18 rare

616 5075 113 28 balsams,
741 5073 114 24 unmixed
870 5073 56 27 with
938 5075 71 24 baser
1020 5077 93 26 matter,
1121 5073 48 24 and

618 5114 31 16 on
660 5106 53 24 that
733 5109 104 21 account
855 5113 42 17 are
919 5106 130 31 peculiarly
1060 5106 52 24 well
1128 5106 28 24 ad-

617 5137 71 32 apted
700 5137 36 25 for
746 5137 41 25 the
798 5145 86 24 young,
903 5138 110 32 delicate,
1034 5138 49 25 and
1101 5138 61 31 aged

620 5174 31 21 As
673 5169 47 24 this
743 5176 104 24 peeriess
870 5170 120 25 medicine
1017 5172 44 23 has
1082 5170 88 29 gained

618 5203 61 23 fame
691 5202 24 24 in
724 5201 41 25 the
776 5207 62 25 past,
851 5210 26 16 so
889 5203 47 23 will
953 5203 18 23 it
988 5210 112 24 preserve
1117 5203 18 24 it
1147 5203 23 23 in

618 5235 40 24 the
668 5234 78 23 future
757 5235 31 29 by
797 5234 31 22 its
840 5235 140 29 renovating
992 5235 49 23 and
1053 5235 104 28 invigora-

618 5267 50 30 ting
677 5266 120 30 qualities,
813 5265 49 24 and
874 5266 31 23 its
915 5266 136 30 incapacity
1063 5266 26 23 of
1098 5265 72 32 doing

618 5299 76 23 harm.

647 5348 101 25 Catarrh
776 5348 30 24 of
828 5348 40 25 the
896 5348 113 25 Bladder.
1059 5349 111 32 Stinging

619 5381 128 28 irritation,
771 5380 157 30 inflamation,
952 5381 30 25 all
1007 5381 91 31 kidney
1123 5384 45 23 and

618 5414 89 25 similar
733 5414 151 31 complaints,
912 5414 73 25 cured
1018 5415 31 31 by
1074 5415 80 25 Buehu-

618 5448 79 32 paiba.
729 5447 89 31 Moses,
835 5447 70 27 Mosb
919 5448 47 25 and
990 5448 51 32 Co.,
1067 5449 97 33 Sydney

618 5480 101 27 General
730 5484 71 27 ageat

1206 4270 103 24 August
1321 4269 202 25 Flowbb.—The
1533 4273 63 20 moat
1606 4268 126 25 miserable

1179 4302 82 30 beings
1272 4302 26 23 in
1309 4302 42 24 the
1371 4301 75 25 world
1465 4309 40 17 are
1523 4302 69 24 those
1611 4302 120 31 suffering

1179 4335 60 23 from
1264 4333 132 32 Dyspepsia
1417 4334 48 24 and
1489 4333 75 25 Liver
1584 4333 147 32 Complaint.

1181 4365 65 24 More
1260 4365 57 24 than
1328 4366 165 30 seventy-five
1504 4373 43 21 per
1561 4368 65 22 cent,
1640 4366 27 24 of
1688 4365 44 24 the

1179 4398 84 31 people
1289 4405 40 17 are
1356 4396 104 27 af&tcted
1492 4398 60 24 with
1580 4396 70 27 these
1681 4400 50 22 two

1180 4429 102 26 diseases
1293 4429 48 26 and
1354 4429 64 26 their
1431 4429 100 33 effects;
1550 4430 59 27 such
1625 4438 27 17 aa
1673 4437 59 20 aour
1748 4429 1 33 ■

1179 4462 113 31 stomach,
1303 4462 51 25 sick
1364 4463 139 28 head-ache,
1512 4462 107 25 habitual
1627 4463 91 24 costive-

1180 4501 60 23 ness,
1253 4493 142 32 palpitation
1405 4494 26 25 o!
1442 4494 40 25 the
1494 4495 77 30 heart,
1580 4495 150 30 hoart-burn,

1181 4527 150 29 waterbr&sh,
1349 4527 111 31 gnawing
1476 4527 47 25 and
1535 4527 106 31 burning
1660 4526 71 32 pains

1180 4561 23 23 at
1216 4560 40 24 the
1277 4558 36 33 pit
1333 4560 26 24 of
1378 4558 42 26 the
1432 4559 116 30 stomach,
1568 4559 85 31 yellow
1668 4558 63 31 skin,

1180 4592 83 25 coated
1274 4595 98 29 tongue,
1385 4591 49 26 and
1446 4592 165 28 disagreeable
1632 4593 62 27 faste
1705 4591 25 24 in

1180 4624 40 24 the
1230 4624 84 24 mouth
1319 4624 101 31 .coming
1426 4629 33 25 up
1469 4623 26 25 of
1506 4623 57 25 food
1571 4623 63 25 after
1640 4623 90 29 eating,

1180 4656 44 25 low
1248 4656 88 31 spirits,
1354 4655 42 25 &c.
1432 4656 37 25 Go
1490 4658 27 23 to
1531 4662 64 25 your
1613 4653 118 34 Druggist

1180 4688 45 26 aid
1236 4691 41 28 get
1285 4697 14 16 a
1310 4688 78 25 bottle
1401 4688 28 25 of
1437 4688 98 32 August
1545 4687 102 24 Flower.
1673 4685 59 24 This

1182 4721 108 25 valuable
1305 4720 117 26 medicine
1442 4720 45 26 has
1500 4720 73 26 cured
1594 4718 138 26 thousands

1180 4754 47 25 and
1238 4754 135 23 thousands
1389 4753 29 23 of
1425 4753 119 29 sufferers,
1552 4751 49 24 and
1611 4751 22 24 is
1643 4751 88 24 known

1180 4788 26 22 in
1215 4786 33 24 all
1260 4785 109 25 civilized
1381 4785 128 24 countries.
1540 4783 58 25 Two
1606 4782 69 25 doses
1684 4781 47 25 will

1180 4819 87 25 relieve
1277 4826 58 24 you.
1366 4817 25 25 It
1405 4821 62 21 costs
1477 4816 58 32 only
1543 4818 28 23 3s
1579 4815 31 26 6d
1622 4823 13 18 a
1648 4815 83 25 bottle.

1182 4851 95 31 Sample
1289 4851 87 24 bottles
1392 4850 39 25 6d.

1211 4888 64 25 Flies
1302 4889 49 23 and
1383 4888 71 30 Bugs.
1507 4887 102 26 Beetles.
1632 4885 101 30 Insects,

1182 4921 107 30 roaches,
1317 4925 62 27 ants,
1416 4920 127 32 bedbugs,
1578 4923 60 26 rats,
1663 4918 71 30 mice,

1182 4954 111 30 gophers,
1319 4953 168 30 jack-rabbits,
1513 4953 96 24 cieared
1636 4955 43 21 out
1702 4950 33 30 by

1310 4992 32 17 on
1467 4982 54 33 7£d.
1554 4984 90 30 Moses,
1665 4981 70 26 Moss

1182 5016 49 27 and
1246 5017 48 29 Co.,
1303 5017 102 31 Sydney,
1415 5016 104 26 General
1529 5018 101 30 Agents.

1214 5060 62 24 That
1291 5059 111 25 husband
1418 5061 26 25 of
1458 5060 65 25 mine
1538 5060 21 25 is
1574 5060 70 24 three
1665 5057 72 26 limes

1185 5092 41 24 the
1243 5099 55 17 man
1314 5092 29 25 he
1360 5100 46 16 was
1419 5092 81 25 before
1521 5093 30 24 he
1576 5092 77 30 began
1668 5090 69 32 using

1185 5125 83 25 Well's
1307 5123 92 26 Health
1424 5124 132 26 Renewer.'
1589 5123 147 32 'Druggists,

1188 5158 89 27 Moses,
1295 5156 67 26 Moss
1378 5157 47 25 and
1440 5158 50 30 Co.,
1509 5157 108 31 Sydney,
1635 5156 104 25 General

1186 5193 97 28 Agents.

1216 5239 75 25 Don't
1305 5238 38 25 die
1357 5238 26 25 in
1399 5239 42 25 the
1456 5238 83 26 house*
1599 5237 89 32 Rough
1706 5244 31 18 on

1295 5271 73 25 clears
1392 5275 43 21 out
1462 5275 58 26 rats,
1547 5271 66 31 mice,
1640 5270 96 30 beetles,

1187 5304 103 26 roaches,
1318 5305 112 31 bedbugs,
1464 5304 60 31 fiie.s,
1554 5308 60 25 ants,
1646 5303 92 29 insects,

1188 5339 79 27 moles,
1279 5338 55 32 jack
1345 5339 97 29 rabbits,
1451 5338 112 31 gophers.
1585 5336 53 34 7sd.
1658 5336 81 24 Moses

1187 5372 66 24 Moss
1265 5372 45 23 and
1325 5371 41 24 Co.
1387 5370 105 32 Sydney,
1503 5369 101 26 General
1615 5370 102 30 Agents.

1217 5414 6 12 '
1233 5414 84 24 Buchu
1332 5414 86 31 paiba.'
1447 5413 86 29 Quick,
1544 5411 120 32 complete
1676 5418 57 18 cure

1188 5449 38 23 tor
1242 5446 30 26 all
1290 5446 121 33 annoying
1434 5445 99 32 kidney,
1561 5445 108 30 bladder,
1693 5444 47 25 and

1188 5481 99 30 urinary
1327 5480 110 24 diseases.
1486 5480 135 31 Druggists.
1661 5477 81 25 Moses

1190 5513 63 28 Moss
1270 5513 47 26 and
1335 5513 52 32 Co.,
1402 5511 108 33 Sydney,
1524 5511 105 30 Qeneral
1644 5511 98 32 Agentp

1758 181 10 47 J
1848 182 174 30 POSTAL
2062 181 169 31 NOTICE

1757 212 7 40 I
1973 227 148 25 Roxburgh.

1901 308 96 27 MAILS
2025 304 125 26 CLOSE-

1789 350 49 26 For
1863 352 96 24 Millers
1985 348 63 29 Flat,
2080 346 140 29 Horseshoe
2244 352 65 24 Bead

1742 381 1 31 '
1759 381 61 27 Raes
1846 384 125 28 Junction,
2004 381 141 27 Beaumont,
2178 382 131 30 Lawrence,

1757 414 124 33 Dunedin,
1894 417 55 28 Ac,
1957 421 75 22 every
2048 412 121 34 Tuesday,
2183 414 126 33 Thursday

1755 447 46 24 and
1817 448 128 31 Saturday,
1957 450 25 22 at
1993 446 14 27 7
2015 452 53 18 a.m.

1787 480 48 25 For
1855 481 58 25 Coal
1938 480 86 26 Creek,
2050 476 60 26 Bald
2136 477 62 29 Bill,
2225 478 75 25 Manu

1754 511 100 31 herikia,
1878 513 85 33 Clyde,
1989 510 131 28 Cromwell,
2147 511 93 30 Arrow,
2263 518 45 19 and

1755 544 169 32 Qaeenstown,
1935 552 74 23 every
2025 542 115 32 Monday,
2151 542 150 34 Wednesday

1753 577 46 26 and
1810 578 100 30 Friday,
1923 583 24 20 at
1958 578 13 24 7
1980 585 56 22 p.m.

1893 630 97 25 MAILS

1785 673 70 26 From
1865 673 114 26 Dunedin
1991 673 46 25 and
2050 671 168 26 intermediate
2230 673 77 24 offices

1752 713 75 24 every
1840 706 119 33 Monday,
1972 705 161 32 Wednesday,
2152 704 47 26 and
2218 705 87 32 Friday

1753 741 24 23 at
1786 740 53 23 5.30
1847 748 55 20 p.m.

1783 781 73 30 From
1883 782 162 28 Queenstown
2070 781 46 26 and
2140 781 160 24 intermedial

1753 814 78 24 offices
1848 823 74 21 every
1943 814 116 31 Monday,
2084 813 157 31 Weduesday,
2259 813 43 32 an'

1755 846 95 32 Friday,
1861 850 25 21 at
1896 847 56 24 7.46
1963 854 59 22 p.m.

1783 880 58 26 Post
1854 880 85 29 Office,
1950 878 132 34 Roxburgh

1902 968 96 27 MAILS
2028 966 123 29 CLOSE-

1785 1024 47 25 For
1856 1024 86 32 Ophlr,
1967 1022 104 31 Naseby,
2092 1024 158 30 Palmersfcon,
2272 1033 30 16 on

1754 1055 99 31 Sunday
1869 1056 47 24 and
1925 1054 134 29 Thursday,
2072 1058 25 21 at
2114 1056 14 23 5
2140 1063 56 23 p.m.

1783 1093 49 25 For
1855 1091 141 33 Roxburgh,
2023 1092 121 29 Dunedin,
2161 1093 46 25 and
2225 1093 63 25 inter-

1754 1126 103 24 mediate
1882 1125 86 28 offices,
1996 1132 31 17 on
2053 1125 113 30 Monday,
2187 1126 97 25 Wednes-

1752 1158 47 32 day
1816 1157 46 25 and
1880 1157 97 31 Friday,
1994 1159 24 23 at
2036 1158 57 24 2Au
2106 1165 57 24 p.m.

1783 1197 49 24 For
1849 1197 86 31 Clyde,
1960 1195 131 31 Cromwell,
2116 1197 85 24 Arrow
2220 1198 80 28 River,

1753 1229 46 25 and
1818 1228 168 31 Queenstown,
1998 1234 32 17 on
2046 1228 116 31 Tuesday,
2173 1229 127 33 Thursday

1752 1261 47 24 and
1817 1260 129 32 Saturday,
1965 1263 26 22 at
2007 1261 57 25 £.BO
2080 1268 55 18 a.m.

1782 1293 48 25 For
1855 1292 84 33 Clyde,
1955 1299 32 18 on
2011 1292 114 33 Tuesday
2148 1293 48 26 and
2215 1294 73 24 Satur

1752 1325 52 32 day,
1822 1327 24 23 at
1855 1326 56 24 4.30
1919 1332 57 25 p.m.

1767 1363 48 25 For
1831 1363 123 30 Dunedin,
1964 1364 37 24 via
2011 1363 163 32 Queenstown,
2186 1372 30 18 on
2225 1364 72 26 Satur

1751 1397 46 30 day
1807 1396 64 31 only,
1880 1398 25 24 at
1921 1398 54 22 8.45
1989 1403 52 19 a.tn.

1889 1444 96 24 MAILS
2013 1445 149 33 ARAW£.f

1782 1482 74 26 Frem
1873 1483 84 33 Clyde,
1976 1492 32 16 on
2023 1484 169 31 Monday/and
2211 1484 89 33 Friday

1751 1519 24 21 at
1790 1517 14 23 7
1822 1524 52 17 a.m.

1780 1562 71 26 From
1884 1559 122 30 Dunedin,
2036 1558 168 30 Queenstown,
2218 1560 82 26 Arrow

1753 1594 81 29 River,
1849 1592 138 29 Cromwell,
1999 1591 46 23 aud
2058 1591 82 30 Clyde.,
2148 1599 32 15 .on
2194 1592 104 31 Monday

1752 1625 150 31 Wednesday
1916 1625 44 23 and
1978 1624 98 30 Friday,
2094 1626 25 21 at
2135 1624 15 22 3
2168 1630 55 24 p.m.

1781 1666 70 27 From
1871 1666 119 30 Dunedin,
2009 1665 141 32 Roxburgh,
2163 1666 46 24 and
2223 1665 78 26 offices

1751 1711 26 16 en
1805 1706 69 26 route,
1900 1708 32 17 on
1956 1698 120 33 Tuesday,
2105 1699 127 30 Thursday
2254 1698 45 24 and

1752 1736 127 30 Saturday,
1896 1736 25 22 at
1938 1734 16 24 &
1971 1739 52 17 a.m.

1782 1778 72 26 From
1872 1776 156 28 Palmerston,
2045 1772 97 33 Naseby
2156 1772 47 26 and
2216 1771 77 32 Ophir

1752 1819 31 18 on
1803 1811 113 32 Tuesday
1933 1808 47 26 and
1996 1806 128 32 Saturday,
2142 1809 24 23 at
2185 1807 14 24 6
2217 1814 58 24 p.m.

1782 1858 59 24 Post
1853 1855 81 29 Office,
1945 1850 145 28 Alexandra.

1860 1950 170 26 EUROPEAN
2058 1948 125 24 MAILS—

1952 1993 145 25 RoXBCBOH.

1779 2041 54 29 The
1846 2041 61 24 next
1916 2037 104 32 English
2036 2036 46 25 and
2102 2035 129 31 European
2243 2036 56 23 mail

1751 2075 38 23 via
1810 2073 46 23 San
1877 2071 134 27 Francisco,
2030 2068 74 26 closes
2122 2076 31 16 on
2175 2068 124 29 Thursday

1750 2108 36 24 Ist
1809 2105 120 31 January,
1949 2107 26 22 at
1991 2105 12 22 7
2015 2110 84 17 a.m.—
2109 2101 88 30 Money
2220 2100 81 24 orders

1751 2140 109 30 previous
1867 2138 90 31 day*at
1966 2140 16 20 4
1989 2144 69 23 p.m.,
2069 2134 48 25 aud
2131 2135 30 23 all
2172 2133 128 31 registered

1750 2172 82 24 letters
1848 2175 27 20 at
1896 2171 14 22 6
1928 2176 57 23 p.m.

1959 2209 137 27 THOMAS
2116 2207 87 25 COOP

2114 2240 154 25 Postmaster.

1882 2312 160 19 at.kxa.ndba
2074 2303 91 24 Sooth.

1778 2353 51 24 The
1848 2353 58 22 next
1923 2348 102 32 English
2044 2347 45 24 and
2107 2347 127 25 European
2245 2343 55 24 rnail

1750 2387 36 23 via
1797 2385 47 23 San
1857 2383 126 24 Francisco
1995 2380 46 24 will
2054 2379 63 24 close
2136 2381 24 20 at
2171 2378 49 22 this
2234 2376 64 24 oftk-'

1749 2427 29 15 on
1788 2416 161 31 Wednesday,
1956 2414 40 24 the
2005 2413 53 25 31st
2067 2413 46 29 day
2127 2411 25 24 of
2161 2410 140 28 December,

1748 2456 25 20 at
1781 2451 55 24 2.45
1848 2456 53 21 p.m.

1932 2488 35 26 H.
1987 2487 31 25 D.
2038 2484 162 29 WILLCOX,

2117 2517 153 24 Postmaster.

1749 2609 223 63 COBB
2024 2608 47 59 &
2118 2604 179 60 CO.'S

1855 2682 182 25 TELEGRAPH
2058 2680 69 24 LINE
2154 2679 35 23 OF

1746 2714 147 26 KOVAL
1933 2710 121 27 MAIL
2087 2707 213 28 COACHES

1933 2755 128 25 Lawrence
2080 2757 27 20 to

1820 2801 133 25 Beaumont
2053 2798 57 24 Moa
2122 2796 67 25 Flat.

1818 2845 87 27 Teviot
2055 2842 137 28 Alexandra

1813 2890 79 31 Clyde
2053 2886 127 24 OrOmwell

1817 2934 83 25 Arrow
1905 2935 64 22 town
2058 2928 164 31 Queenstown

1992 2974 57 25 And

1851 3020 40 25 All
1910 3018 169 26 Intermediate
2102 3016 90 26 Places.

1771 3108 69 27 Cobb
1864 3107 48 26 and
1933 3106 64 26 Co.'g
2022 3105 134 35 Telegraph
2185 3105 59 26 Line
2272 3104 25 25 of

1744 3153 76 31 Royal
1834 3152 59 25 Mail
1904 3151 106 25 Coaches
2033 3151 78 25 leaves
2121 3150 125 25 Lawrence
2260 3149 35 24 for

1743 3196 42 25 the
1797 3196 142 30 Beaumont,
1950 3194 98 30 Teviot,
2060 3193 144 29 Alexandra,
2215 3193 71 25 Crom

1743 3239 61 30 well,
1817 3239 159 29 Arrowtown,
1989 3238 46 24 and
2053 3237 159 32 Queenstown
2223 3244 72 23 every

1745 3282 116 33 Monday,
1873 3280 164 34 Wedn.dsday,
2051 3281 48 25 and
2111 3279 97 33 Friday,
2224 3280 69 24 reach

1743 3328 40 30 ing
1793 3326 133 32 Roxburgh
1940 3325 42 26 the
1992 3333 64 17 same
2068 3326 55 31 day,
2134 3324 45 25 and
2190 3324 96 30 Qaeens

1743 3379 66 17 U/V/n
1822 3371 42 25 the
1875 3370 122 32 following
2013 3370 110 31 evening.
2152 3369 143 30 Passengers

1743 3416 65 25 leave
1825 3414 114 26 Dunedin
1958 3415 32 31 by
2008 3414 41 25 the
2070 3415 54 25 5.30
2138 3422 12 16 a
2163 3422 29 16 m.
2215 3413 61 25 train
2289 3422 6 20 ;

1743 3460 65 24 leave
1818 3458 165 30 Queenstown
1992 3466 30 17 on
2032 3466 65 18 same
2105 3460 59 29 days
2172 3462 24 20 at
2209 3458 15 25 5
2236 3464 57 17 a.m.

1743 3503 112 33 reaching
1889 3502 134 33 Roxburgh
2057 3505 26 23 at
2109 3503 14 25 8
2156 3510 64 25 p.m.,
2248 3500 47 25 and

1743 3549 106 32 arriving
1874 3552 26 21 at
1924 3548 129 27 Lawrence
2081 3550 25 21 at
2133 3548 14 23 3
2179 3554 57 24 p.m.
2264 3553 31 15 on

1743 3592 121 31 following
1875 3592 67 31 days.

1775 3629 95 25 unedin
1882 3629 114 31 Booking
2011 3629 75 24 Office
2097 3629 38 24 for
2147 3628 147 30 Passengers

1743 3672 47 26 and
1801 3670 203 28 Parcels:—N.Z.
2018 3670 109 34 Express
2138 3670 66 25 Co.'s
2223 3669 74 26 Offiec

1745 3716 83 25 Manse
1838 3716 87 31 Street,
1935 3716 123 25 Dunedin.

1773 3764 71 28 Head
1860 3764 180 28 Office:—Peel
2056 3765 88 32 Street,
2160 3766 133 25 Lawrence.

1896 3816 27 25 H.
1942 3815 94 26 CBA.IG
2056 3816 63 25 AND
2136 3817 50 27 CO.,

2117 3847 159 31 Proprietors.

1815 3930 109 27 DAIRI
1935 3930 113 26 CREEK
2077 3930 176 26 COLLIERY.

1747 4041 33 24 To
1793 4041 43 24 the
1846 4041 157 25 Inhabitants
2018 4041 28 23 of
2056 4041 86 31 Clyde,
2156 4042 140 23 Alexandra

1839 4090 49 24 and
1901 4088 169 34 Surrounding
2084 4090 122 26 Districts.
2305 4086 1 36 i

1749 4168 128 63 CT.
1940 4170 26 24 M
1982 4169 104 25 ARIE
2114 4170 90 24 AND
2239 4169 57 25 CO.

1798 4213 13 16 •
1839 4213 149 33 proprietor!
1999 4213 26 25 of
2038 4213 41 26 the
2096 4214 75 25 above
2189 4213 109 26 valuable

1748 4256 113 30 Colliery,
1874 4257 45 30 beg
1935 4260 24 21 to
1984 4257 89 25 inform
2088 4259 42 23 the
2149 4257 148 24 inhabitants

1749 4301 25 25 of
1783 4301 42 25 the
1838 4300 178 26 above-named
2028 4301 78 32 places
2117 4301 54 25 that
2187 4302 57 30 they
2260 4310 38 16 are

1749 4343 116 32 prepared
1874 4346 26 22 to
1910 4344 88 32 supply
2008 4344 58 25 Coal
2079 4345 24 24 in
2116 4352 46 25 any
2175 4346 120 31 quantity.

1748 4385 106 27 Carrier!
1869 4385 49 28 and
1942 4386 81 25 others
2037 4386 84 32 taking
2138 4387 65 31 large
2219 4394 76 24 quan»

1748 4429 65 26 titiea
1825 4428 50 27 will
1893 4429 29 26 be
1932 4429 112 32 liberally
2061 4429 65 26 dealt
2142 4429 64 26 with.

1776 4479 82 25 Price!
1882 4478 49 25 and
1967 4486 49 23 any
2044 4479 70 25 other
2141 4478 154 24 information

1748 4530 27 16 or
1776 4521 95 26 warded
1883 4530 31 16 on
1928 4521 159 33 application.

1836 4565 28 26 C
1880 4565 28 27 T.
1929 4565 110 27 MARIE
2055 4566 69 26 AND
2135 4591 8 8 O
2145 4566 60 32 CO.,

2109 4611 165 30 Proprietors.

1750 4773 278 28 USRBEKT
2078 4775 100 26 AND
2227 4775 71 33 CO.,

1752 4801 50 27 L;i
1922 4819 195 33 LAWRENCE,

1904 4878 71 24 HAVfi
1993 4887 33 17 on
2043 4880 95 25 Sa&h—

1750 4977 297 61 CLOVER
2074 4978 224 60 SEEDS

1856 5062 39 28 Ex
1910 5062 154 35 Stearopship
2084 5063 91 33 Coptic,
2185 5067 26 22 at

1778 5114 138 32 DUNEI)IN
1931 5116 99 29 PRJCES
2043 5117 34 24 IN
2092 5118 178 24 LAWRENCE.

1915 5299 32 19 on
2183 5293 42 22 out
2244 5293 56 26 rats,

1753 5338 67 31 mice,
1849 5337 107 31 roaches,
1985 5337 59 33 flies,
2069 5341 58 28 ants,
2158 5335 45 25 bed
2231 5335 67 30 bugs,

1754 5382 97 33 beetlea,
1873 5381 96 31 insects,
1994 5381 100 32 skunks,
2131 5385 41 20 .-ck
2199 5379 99 29 rabbits,

1754 5426 109 33 gophers.
1889 5426 53 33 7sd.
1973 5426 137 33 Druggists.
2136 5424 88 30 Moses,
2236 5422 65 26 Moss

1755 5472 46 26 and
1813 5473 49 31 Co.,
1877 5472 104 33 Sydney,
1992 5474 102 25 General
2105 5473 96 31 Agents.

2356 215 159 23 HANSON'S
2547 214 136 24 RENNET
2714 212 165 27 EXTRACT.

2388 247 67 24 AND
2465 245 128 26 CHEESE
2609 245 201 26 COLOURING.

2328 321 104 58 THIS
2441 321 107 25 Season's
2557 323 125 30 Shipment
2690 322 20 24 is
2719 330 51 15 now
2780 323 24 22 to
2809 320 72 24 hand.

2390 363 25 25 It
2425 363 19 25 is
2457 365 90 30 packed
2560 365 23 23 in
2598 372 71 20 cases,
2681 364 57 24 each
2745 362 137 25 containing

2308 402 3 37 '
2327 406 83 24 twelve
2425 410 131 29 two-qua-t
2564 408 56 30 jars,
2632 408 47 23 and
2691 415 44 16 our
2745 407 65 28 price
2818 407 20 22 is
2846 406 35 25 U3

2326 438 40 24 I2a
2378 446 42 23 per
2429 447 59 16 case.
2510 442 36 22 An
2556 440 128 24 allowance
2696 440 25 24 of
2733 441 28 23 10
2773 448 43 23 per
2826 442 53 21 cent

2325 470 47 25 will
2381 471 29 24 be
2416 472 69 25 made
2496 475 26 22 to
2535 475 142 29 purchasers
2686 474 24 23 of
2720 473 46 25 five
2776 482 27 15 or
2815 482 63 16 more

2308 520 1 19 i
2322 521 74 18 cases.

2443 547 118 30 BLACK,
2577 549 126 25 DAVIES
2721 551 22 24 &
2757 549 60 32 CO.,

2473 582 171 26 Chriatchurch
2655 584 47 24 and
2714 584 134 26 Lyttelton.

2330 694 65 21 !>{{
2422 695 54 21 \-i.y
2495 696 15 20 C.
2521 697 44 20 )'•}
2592 697 116 22 LCVERY
2727 697 140 22 STABLES

2514 736 177 26 LAWRENCE.

2496 824 74 25 taken
2589 823 41 25 the
2651 824 76 25 above
2740 825 94 25 Stables
2851 826 23 23 in

2408 868 140 25 connection
2587 866 59 25 with
2681 867 43 25 the
2756 868 120 32 Coaching

2312 910 1 35 I
2319 913 120 30 Business,
2453 920 33 17 we
2502 912 57 24 wish
2576 914 26 21 to
2621 919 16 16 n
2650 911 71 25 inute
2735 912 56 25 .that
2802 919 72 24 every

2318 956 116 26 attention
2449 955 47 25 will
2519 956 28 23 be
2564 955 72 32 given
2655 956 25 23 to
2695 953 42 26 the
2759 962 100 24 manage-

2319 1007 64 21 ment
2409 1002 28 24 of
2460 1002 41 24 the
2533 1000 104 30 Stables,
2669 1000 78 24 which
2775 1000 47 24 will
2844 1000 29 24 be

2318 1046 75 24 under
2414 1045 41 23 the
2472 1043 136 24 immediate
2625 1043 153 31 supervision
2793 1043 25 24 of
2834 1043 40 23 Mr

2317 1088 81 32 Craig.

2347 1144 97 30 Horaos,
2465 1144 115 32 Buggies,
2606 1150 69 26 spare
2699 1142 105 26 Coaches
2827 1142 45 25 and

2315 1190 82 24 Teams
2407 1188 124 25 available.

2347 1243 88 25 Horses
2444 1242 97 26 Broken
2552 1245 25 21 to
2594 1242 89 24 Saddle
2698 1241 46 25 and
2766 1242 105 24 Harness

2314 1287 89 24 —with
2430 1295 14 17 a
2473 1289 130 28 guarantee
2631 1286 28 24 of
2687 1286 88 31 having
2806 1286 64 24 them

2314 1329 113 33 properly
2437 1330 98 25 broken.

2479 1386 28 25 H.
2531 1385 92 26 CRAIG
2644 1386 64 23 AND
2733 1385 54 29 CO.,

2683 1428 156 31 Proprietors.

2344 1525 32 25 H.
2387 1525 87 25 G.'and
2487 1525 42 25 Co.
2541 1526 63 24 have
2616 1524 115 27 obtained
2743 1532 14 17 a
2779 1524 91 25 Hearse

2315 1569 47 24 and
2370 1577 40 17 are
2427 1569 115 31 prepared
2552 1572 26 21 to
2587 1569 35 25 let
2637 1568 21 24 it
2675 1571 44 22 out
2733 1575 31 17 on
2775 1568 52 25 lure
2845 1569 26 23 at

2316 1618 58 24 very
2385 1611 121 25 moderate
2517 1611 107 31 charges.

2359 2035 230 28 IHOMAS
2650 2039 215 29 DWYER,

2393 2079 98 31 Having
2500 2080 80 26 leased
2595 2081 41 25 the
2654 2081 108 26 Victoria
2780 2082 89 31 Livery

2316 2121 92 27 Stables
2426 2124 62 25 from
2502 2125 52 24 Mrs
2566 2126 30 24 R.
2613 2126 123 30 Williams,
2750 2126 84 25 wishes
2846 2129 23 22 to

2316 2166 87 25 inform
2421 2168 40 24 the
2477 2169 82 30 public
2575 2170 52 23 that
2639 2170 29 23 he
2685 2171 43 22 haß
2742 2178 112 16 accommo-

2316 2208 82 25 dation
2410 2211 36 23 for
2455 2211 81 25 horses
2544 2213 85 24 second
2642 2216 23 21 to
2677 2221 61 17 none
2750 2214 25 23 in
2785 2214 84 31 Otago,

2318 2252 55 25 with
2390 2261 14 18 a
2423 2263 82 23 groom
2522 2256 24 25 in
2563 2257 144 25 attendance
2728 2257 70 32 night
2824 2257 45 25 and

2345 2384 136 26 First-class
2493 2387 87 24 double
2592 2388 47 24 and
2651 2388 81 32 Single
2745 2388 112 31 Buggies.
2882 2384 1 36 (

2315 2428 94 25 Ladies'
2430 2430 48 24 and
2493 2430 160 27 Gentlemen's
2674 2432 90 25 Saddle
2780 2432 90 26 Horses

2542 2484 31 16 on
2588 2476 59 24 hire.

2357 2516 89 27 Horses
2457 2519 117 31 carefully
2589 2520 92 24 broken
2695 2523 25 22 to
2733 2521 91 24 Saddle

2505 2552 47 25 and
2570 2552 114 27 Harness.

2315 2657 235 25 LAWRENCE
2589 2659 121 23 BOOT
2754 2660 113 24 SHOP.

2357 2705 54 23 Ross
2428 2705 63 24 Place
2503 2705 59 31 (next
2579 2706 37 23 the
2631 2706 100 23 Colonial
2747 2706 80 30 Bank).

2322 2787 126 65 DAVID
2471 2787 156 24 JOHNSTON
2641 2788 80 23 desires
2735 2793 23 18 to
2773 2788 97 22 intimate

2399 2830 52 25 that
2467 2830 30 25 he
2508 2830 42 25 has
2566 2838 13 17 a
2596 2838 57 25 very
2668 2830 64 32 large
2755 2831 68 24 stock
2845 2830 26 25 of

2313 2889 72 21 every
2395 2880 144 27 description
2559 2881 24 21 of
2594 2881 82 27 Boots,
2690 2880 81 27 Shoes,
2780 2881 51 24 &c,
2844 2881 26 21 of
2881 2880 2 30 <

2312 2928 59 31 good
2379 2926 100 33 quality,
2491 2925 79 25 which
2584 2926 30 24 he
2627 2926 21 24 is
2666 2926 115 32 prepared
2793 2928 25 22 to
2825 2926 42 24 sell

2313 2980 23 22 at
2363 2976 40 26 the
2415 2975 83 24 lowest
2516 2976 177 24 remunerative
2709 2976 82 30 prices.

2326 3755 76 57 W.
2456 3751 406 61 TURNBULL

2609 3867 57 30 CO.,

2367 3999 150 30 DRAPERS,
2551 3999 72 24 SILK
2654 3998 153 29 MERCERS,

2457 4066 186 29 CLOTHIERS,
2667 4065 48 28 &c,

2493 4140 193 31 LAWRENCE,

2336 4220 110 61 IAVE
2462 4220 86 32 always
2561 4226 31 18 on
2607 4218 65 25 hand
2692 4225 15 18 a
2723 4217 76 32 Large
2817 4217 45 25 and

2406 4262 178 26 Well-selected
2603 4260 80 30 Stock,
2705 4259 102 25 suitable
2828 4259 36 24 for

2314 4319 28 21 he
2363 4315 98 28 Season,

2382 4767 87 27 Ordew
2493 4765 113 31 earefully
2630 4763 114 26 attended
2766 4765 26 22 to

2903 199 62 23 TBE
2981 199 121 26 PUBLIC!
3119 201 111 25 TRUST
3248 200 119 26 OFFICE
3404 200 28 24 OJ

3046 238 78 25 NEW
3140 238 164 26 ZEALAND.

2952 305 146 23 TTENTION
3108 306 20 22 is
3137 306 97 22 directed
3239 309 26 19 to
3275 306 38 24 tfee
3324 306 109 29 provision

2978 337 24 21 of
3010 337 38 23 the
3058 338 54 21 Acts
3117 337 146 27 establishing
3270 337 48 22 this
3328 338 68 26 office.,
3403 344 30 15 an

2895 367 22 19 to
2927 365 38 23 the
2975 366 137 29 advantages
3129 366 77 29 placed
3216 367 93 27 thereby
3321 367 77 22 withiu
3409 367 24 22 th

2893 396 66 21 reach
2967 396 22 23 of
2997 402 68 22 every
3074 396 100 23 colonist.
3203 396 91 28 Subject
3304 398 24 21 to
3335 397 54 22 such
3397 402 36 23 pro

2894 425 89 27 visions,
2994 426 38 22 the
3051 429 58 19 state
3119 426 66 22 offers
3194 429 24 19 to
3234 433 67 21 every
3312 433 86 21 persou,
3411 426 19 28 (i

2893 456 67 22 about
2971 459 22 19 to
3010 456 65 23 make
3089 456 35 22 his
3135 463 25 15 or
3171 457 40 22 her
3222 455 43 23 will
3275 462 25 16 or
3307 456 87 28 codicil,
3408 455 25 30 )z

2893 485 115 30 intending
3018 490 23 19 to
3051 487 91 29 provide
3157 487 35 22 for
3201 487 50 21 wife
3261 493 25 15 or
3302 486 106 28 children,
3420 494 13 15 o

2891 516 81 28 others,
2988 518 30 27 by
3031 517 61 23 Deed
3109 517 26 22 of
3147 517 136 26 Settlement,
3301 516 32 29 (3)
3352 516 81 34 settling

2891 549 106 27 property
3008 547 30 29 by
3049 554 49 21 way
3107 547 26 22 of
3140 547 111 27 Marriage
3262 546 135 28 Settlement,
3410 546 22 30 (4

2890 577 98 28 desiring
2998 581 22 19 to
3030 584 109 16 renounce
3154 578 38 22 the
3202 580 71 19 trusts
3283 577 26 22 of
3315 584 13 15 a
3338 577 44 21 will
3390 577 43 22 hav

2891 606 37 26 ing
2949 607 54 22 been
3024 607 118 28 appointed
3169 607 110 21 Executor
3302 612 25 16 or
3350 606 83 22 Trustei

2891 635 69 22 under
2968 636 38 22 the
3015 643 66 20 same,
3094 636 31 29 (5)
3138 636 84 27 having
3232 635 63 22 acted
3305 641 24 16 as
3344 635 89 24 Trustee

2894 664 114 29 Executor,
3018 673 25 16 or
3061 666 183 23 Administrator,
3262 665 95 27 wishing
3377 668 24 20 to
3417 666 16 22 b(

2891 694 94 24 relieved
3000 697 25 22 of
3039 697 38 21 the
3093 697 97 21 burthen
3210 696 24 21 of
3248 695 145 28 Trusteeship
3417 702 16 14 01

2891 724 192 29 Administration,
3091 727 38 21 the
3138 725 76 28 option
3222 725 24 23 of
3251 725 77 27 useiug
3335 725 38 23 the
3380 725 53 23 Stat<

2891 755 134 29 machinery,
3034 756 45 22 and
3089 756 61 28 gives
3166 762 28 15 an
3205 756 101 21 absolute
3321 759 112 23 guaraotet

2889 784 87 26 against
2986 786 42 22 loss
3039 786 25 22 of
3072 786 64 22 funds
3143 786 28 27 by
3184 785 65 22 tViC'd
3260 791 25 16 or
3293 784 130 29 dishonesty

2916 814 73 28 Every
2998 816 6 20 i
3015 816 133 21 uforuiation
3160 821 51 21 may
3239 821 17 15 >e
3264 814 104 22 obtained
3383 814 50 22 fron

2891 842 25 24 A.
2926 843 139 29 Bafhoate,
3078 845 74 27 Agent
3162 847 24 19 at
3194 843 35 23 Du
3244 843 65 25 ledin,
3318 850 24 16 or
3349 844 57 22 from

3109 885 24 25 R.
3145 884 23 26 C.
3178 885 59 23 HAi\
3252 883 106 29 ERTON;

3253 920 50 23 iblic
3313 921 100 25 Trustee,

2910 953 137 31 Wellington,
3061 955 49 24 12th
3122 955 65 28 June,
3196 955 64 29 1883.

2901 1144 38 22 BY
2962 1143 227 25 APPOINTMENT
3211 1144 40 23 TO
3276 1144 64 24 THE
3364 1146 54 23 N.Z.

3046 1174 224 24 GOVERNMENT.

2891 1243 49 26 IT
2995 1243 438 37 ®2i&^&a3£b2>9

2892 1275 64 22 lLm
3013 1286 147 22 PLUMBER
3176 1287 19 22 &
3213 1285 158 28 TINSMITH,

2992 1320 142 23 Whitehaven
3143 1325 70 23 street,
3227 1322 118 22 Lawrence.

2884 1351 53 28 Begs
2954 1353 22 20 to
2994 1351 66 28 notify
3081 1351 45 21 that
3143 1351 27 22 he
3186 1351 18 22 is
3215 1352 102 29 prepared
3333 1355 21 19 to
3365 1353 67 29 adjust

2884 1381 101 29 Weights,
2995 1381 79 26 Scales,
3091 1381 42 22 and
3150 1381 113 27 Measures,
3274 1382 42 22 and
3332 1386 22 18 to
3371 1383 61 22 make

2883 1411 74 26 Baker,
2959 1419 10 14 s
2986 1411 68 22 Bread
3070 1411 86 28 Stamps
3166 1412 22 21 in
3198 1412 127 21 accordance
3335 1412 50 22 with
3397 1414 35 21 the

2883 1438 79 25 Statute
2978 1440 25 21 of
3019 1440 59 28 1883,
3093 1440 32 21 for
3142 1440 35 23 the
3194 1440 88 23 District
3298 1440 24 23 of
3336 1442 97 28 Tuapek,'

2883 1470 154 26 Tokomairiro,
3048 1468 43 24 and
3098 1470 83 22 Teviot.

2883 1531 72 23 Water
2966 1531 73 22 Tanks
3051 1532 61 22 made
3122 1532 23 23 to
3159 1532 70 24 Order
3245 1532 55 22 from
3312 1538 39 17 100
3359 1536 23 20 to
3393 1538 40 24 500

2975 1561 89 29 gallons,
3082 1565 23 18 at
3117 1570 12 13 a
3140 1562 134 24 Reasonable
3286 1562 66 24 Price.

2882 1626 148 30 Storekeepers
3045 1625 98 30 supplied
3154 1625 50 21 with
3218 1633 63 23 every
3297 1628 100 28 requisite
3413 1628 20 21 in

2882 1658 35 21 the
2928 1657 64 27 trade,
3003 1660 22 19 at
3037 1656 35 24 the
3087 1657 73 22 lowest
3178 1659 51 21 rate.
3260 1658 21 22 A
3289 1658 57 30 good
3361 1658 72 22 article

2882 1688 134 27 guaranteed.

2881 1746 59 28 JAM
2951 1745 70 23 TINS
3034 1748 5 19 !
3058 1746 59 29 JAM
3126 1747 71 23 TINS
3207 1745 4 31 !
3225 1745 4 31 !
3244 1746 60 30 JAM
3314 1746 71 23 TINS
3396 1748 5 21 !
3413 1745 19 31 !!

2907 1781 48 28 Jam
2969 1781 52 22 Tins
3036 1781 52 28 (lib,
3103 1783 141 29 slip-covers),
3265 1789 38 16 22s
3311 1791 37 20 per
3357 1791 58 21 gross
3427 1791 5 18 ;

2881 1811 155 31 stuctded-tops,
3049 1818 37 25 24s
3103 1820 37 22 per
3154 1821 64 21 gross.
3240 1813 37 23 2lb
3288 1813 40 23 tins
3347 1814 38 28 36s
3395 1821 37 22 per

2881 1849 65 21 gross,
2975 1842 47 25 The
3032 1844 109 28 foregoing
3152 1851 35 15 are
3197 1844 48 22 cash
3261 1844 126 29 quotations.

2951 1872 60 21 Price
3023 1873 44 20 List
3077 1877 47 17 sent
3135 1873 41 21 free
3187 1880 27 14 on
3227 1873 135 27 application.

3028 1937 132 23 WEEKLY

2898 1978 129 24 Published
3038 1979 32 30 by
3080 1978 38 24 De
3136 1978 89 24 Veaux
3237 1979 48 24 and
3296 1979 120 31 Russell,

3045 2011 27 25 of
3088 2011 177 32 Christchurch,

2883 2053 47 60 IS
2941 2053 42 25 the
2998 2057 64 20 most
3079 2054 120 30 complete
3210 2053 220 26 MERCANTILE

2936 2094 149 25 GAZETTE
3094 2095 24 24 in
3129 2095 42 24 the
3183 2094 98 32 Colony,
3293 2096 139 31 containing

2881 2148 27 16 as
2924 2140 18 24 it
2964 2140 59 24 does
3037 2146 72 23 every
3130 2138 78 26 BILL
3226 2139 41 23 OF
3284 2139 82 25 SALE
3382 2140 48 24 and

2881 2189 71 24 .every
2969 2180 228 24 BANKRUPTCY
3215 2180 54 26 filed
3286 2181 145 32 throughout

2886 2223 54 24 New
2948 2223 106 25 Zealand
3062 2231 31 23 up
3101 2228 25 19 to
3133 2223 40 25 the
3178 2223 63 25 hour
3248 2223 26 24 of
3278 2224 152 30 publication.

2912 2267 57 26 This
2991 2268 74 31 really
3088 2268 76 26 useful
3182 2277 76 24 paper
3281 2269 21 25 is
3333 2277 53 17 now
3408 2270 22 25 in

2883 2312 39 25 the
2938 2312 63 24 third
3016 2320 57 23 year
3088 2313 28 24 of
3131 2313 30 24 its
3182 2314 129 30 existence,
3335 2315 49 23 and
3408 2315 22 24 is

2882 2354 93 31 rapidly
2983 2354 127 32 becoming
3121 2355 41 25 the
3173 2355 141 30 recognised
3324 2355 106 25 medium

2882 2397 26 24 of
2921 2397 40 24 the
2975 2397 139 26 mercantile
3126 2397 155 31 community,
3291 2398 49 25 and
3353 2398 27 24 of
3389 2398 41 25 the

2882 2442 60 31 legal
2954 2441 143 32 profession.
3118 2441 4 33 ,
3133 2441 51 25 The
3202 2442 45 25 low
3262 2442 65 32 price
3349 2442 27 25 of
3390 2443 40 24 the

2882 2485 167 30 subscription,

2936 2527 65 25 ONE
3023 2526 121 27 GUINEA
3165 2527 58 24 PER
3250 2527 122 28 ANNUM,

2884 2574 84 30 Brings
2978 2574 19 24 it
3014 2574 81 24 within
3108 2575 40 24 the
3160 2574 71 25 reach
3242 2575 28 24 of
3277 2574 40 28 all,
3333 2575 49 24 and
3403 2583 28 16 as

2882 2618 18 24 it
2921 2617 108 25 contains
3055 2618 24 24 in
3105 2617 109 27 addition
3240 2623 25 21 to
3282 2619 40 25 the
3341 2619 91 32 special

2882 2662 153 26 information
3051 2663 145 31 concerning
3208 2663 163 31 Bankruptcy,
3383 2663 48 25 and

2884 2706 57 25 Bills
2957 2707 28 24 of
2992 2706 61 30 Sale,
3076 2714 15 17 a
3113 2706 98 27 reliable
3228 2707 59 25 Sare
3307 2706 57 32 List,
3391 2706 41 25 full

2881 2753 92 25 reports
2988 2748 29 24 of
3035 2748 127 27 Creditors'
3183 2748 131 31 Meetings,
3335 2749 96 24 Market

2885 2790 111 31 Reports,
3016 2790 122 25 decisions
3156 2790 27 25 of
3192 2790 150 32 importance
3353 2790 24 25 in
3390 2790 41 25 the

2886 2833 97 32 English
2994 2834 50 25 and
3054 2834 109 27 Colonial
3172 2834 93 32 Courts,
3277 2834 49 26 and
3340 2842 15 18 a
3366 2835 66 32 large

2881 2879 106 29 quantity
2997 2878 28 22 of
3035 2878 77 23 useful
3123 2878 158 24 Commercial
3295 2878 50 23 and
3356 2877 74 30 Legal

2884 2919 136 30 Literature,
3031 2926 32 17 no
3074 2926 47 17 one
3138 2919 87 24 should
3243 2924 31 25 qe
3291 2918 100 25 without
3401 2919 19 23 it

2882 2961 129 25 Published
3037 2961 49 25 and
3113 2961 89 25 mailed
3227 2966 25 19 to
3280 2961 149 26 subscribers

2881 3012 69 23 every
2966 3004 118 31 Saturday
3099 3005 119 32 morning.

2909 3053 99 31 Sample
3014 3060 59 24 copy
3082 3057 54 22 sent
3146 3053 49 26 free
3206 3060 31 18 on
3248 3053 147 31 application
3401 3057 28 22 to

2963 3103 39 25 Da
3018 3103 120 25 VEAUX
3154 3103 20 25 &
3192 3103 153 33 RUSSELL,

3073 3137 156 31 Proprietors,

3023 3169 258 24 CHRISTCHURCH.

2927 3245 46 25 GR
2975 3244 276 26 ATEFUL-COMFO
3256 3245 103 24 RTING

2881 3313 235 65 EPPS'S
3166 3313 254 63 COCOA

3047 3429 203 26 BREAKFAST.

2907 3472 14 14 **
2931 3472 37 30 By
2981 3479 14 16 a
3020 3472 118 31 thorough
3169 3471 138 31 knowledge
3335 3474 25 21 ot
3380 3470 41 25 the

2881 3503 87 26 natural
2985 3503 55 25 laws
3052 3505 75 24 which
3138 3512 89 24 govern
3234 3504 41 24 the
3286 3503 135 32 operations

2881 3537 19 24 of
2910 3537 117 30 digestion
3041 3538 47 22 and
3099 3538 126 28 nutrition,
3235 3537 47 23 and
3293 3538 31 28 by
3331 3545 14 15 a
3356 3544 52 16 care-

2881 3568 29 26 ful
2925 3568 143 32 application
3084 3569 26 24 of
3131 3569 40 23 the
3187 3569 45 23 fine
3245 3568 132 31 properties
3396 3568 24 24 of
3432 3568 1 32 1

2881 3601 158 24 well-selected
3048 3608 76 22 cocoa,
3136 3601 39 23 Mr
3183 3601 65 30 Epps
3255 3601 40 24 has
3303 3601 115 30 provided

2881 3639 38 17 our
2933 3632 120 25 breakfast
3079 3625 73 32 tables
3170 3633 57 24 with
3248 3640 14 17 a
3284 3631 134 31 delicately-
3432 3625 1 37 .

2881 3664 99 25 flavored
3005 3665 114 30 beverage
3142 3664 76 24 which
3241 3671 54 24 may
3318 3670 56 18 save
3392 3670 26 18 ua

2881 3705 65 23 many
2957 3697 77 31 heavy
3054 3697 102 24 doctors'
3174 3697 60 24 bills,
3269 3697 56 23 his
3338 3697 31 29 by
3380 3696 39 25 the

2881 3730 114 31 judicious
3008 3737 41 17 use
3059 3730 25 24 of
3095 3730 57 24 such
3164 3730 94 24 articles
3269 3728 25 24 of
3307 3729 50 23 diet
3368 3728 51 25 that

2881 3771 8 16 a
2897 3763 156 24 constitution
3065 3770 53 23 may
3131 3763 28 24 be
3171 3762 125 32 gradually
3312 3761 63 25 built
3389 3768 31 24 up

2881 3796 57 24 until
2949 3799 83 28 strong
3041 3796 94 30 enough
3146 3799 25 20 to
3192 3796 70 22 resist
3281 3801 73 24 every
3369 3797 38 21 ten-

2881 3828 69 32 dency
2975 3831 24 21 to
3021 3828 97 25 disease,
3149 3826 132 25 Hundreds
3300 3827 26 24 of
3343 3825 77 25 subtle

2881 3861 109 23 maladies
2999 3868 40 15 are
3050 3860 100 31 floating
3159 3860 92 23 around
3266 3867 28 16 us
3305 3859 73 32 ready
3396 3862 25 20 to

2881 3892 77 24 attack
2978 3892 120 24 wherever
3109 3893 67 23 there
3190 3892 20 24 is
3230 3900 14 15 a
3257 3891 66 24 weak
3345 3891 75 30 point.

2882 3923 39 26 We
2936 3932 53 22 may
3011 3931 83 24 escape
3108 3931 73 23 many
3199 3932 14 17 a
3227 3923 55 24 fatal
3305 3923 65 24 shaft
3393 3923 27 29 by

2881 3956 97 31 keeping
2988 3958 122 22 ourselves
3120 3955 53 25 well
3183 3956 105 23 fortified
3298 3956 54 22 with
3365 3963 57 22 pure

2881 3988 66 27 blood
2959 3988 47 27 and
3025 3989 110 31 properly
3152 3987 129 28 nourished

2881 4022 40 24 See
2930 4022 81 24 article
3023 4023 25 23 in
3089 4022 63 23 Civil
3162 4022 94 23 Service
3270 4021 106 24 Gazette.

2908 4060 71 25 Made
2987 4059 82 32 simplj
3082 4058 57 26 with
3147 4058 90 33 boiling
3242 4062 71 21 water
3321 4057 100 32 or^milk.

2907 4102 58 25 Sold
2986 4102 25 24 in
3028 4102 14 31 £
3057 4102 81 31 pound
3155 4101 96 32 packets
3268 4102 32 31 by
3316 4108 104 25 grocers,

2881 4133 96 26 labelled
2993 4135 86 25 tbus-^-

2975 4176 122 25 JAMES*
3112 4177 81 24 EPPS
3222 4177 23 25 &
3273 4177 58 24 CO..

2951 4215 221 24 HOMCEPATHIC
3193 4215 166 24 CHEMISTS,

2983 4246 147 32 LONDON,
3146 4245 170 24 ENGLAND.

2945 4475 121 25 SHIRTS
3097 4476 45 24 TO
3176 4476 169 30 MEASURE,

3112 4517 74 26 From

2904 4560 55 27 SIX
2980 4560 179 27 SBILLINGS
3177 4563 22 24 &
3215 4559 175 29 SIXPENCE,

2885 4636 175 28 SUPERIOR
3071 4636 24 25 in
3106 4643 71 26 every
3185 4645 51 24 way
3247 4643 24 20 to
3282 4645 47 24 any
3339 4637 83 30 ready-

2885 4669 25 21 J
3032 4670 71 23 made
3117 4675 26 19 at
3154 4672 40 22 the
3210 4672 70 29 price.

2901 4714 96 25 Perfect
3013 4713 38 26 Fit
3065 4713 128 26 combined
3209 4714 56 25 with
3277 4713 113 26 Comfort.

2886 4790 132 23 XANNEL
3030 4788 117 28 SHIRTS,
3161 4787 146 26 FLANNEL
3319 4789 101 24 VESTS.

3062 4826 35 24 To
3109 4824 123 28 Measure,

2881 4893 81 23 Choice
2984 4892 111 22 Patterns
3121 4894 24 20 to
3176 4890 73 24 select
3279 4890 68 30 from,
3374 4890 49 24 and

2914 4927 127 32 Material'
3046 4927 133 32 thoroughly
3202 4927 84 26 shrunk
3300 4927 77 32 before

3084 4960 66 30 being
3171 4963 42 21 cut,

2881 5024 94 24 NIGHT
2994 5024 123 27 SHIRTS,
3150 5024 153 23 SLEEPING
3327 5024 95 28 SUITS,

2951 5059 149 27 COLLARS,
3115 5059 105 28 CUFFS,
3237 5060 47 28 &o,
3304 5061 50 27 &C,

2950 5102 75 25 Made
3039 5106 25 21 to
3077 5101 85 31 Order,
3174 5101 25 24 in
3209 5109 48 25 any
3266 5102 68 31 style,

2906 5168 113 25 Patterns
3035 5166 26 25 of
3072 5165 113 26 Material
3202 5167 49 24 and
3268 5166 158 25 Instructions

2881 5208 34 25 for
2931 5206 245 29 Self-Measurement,
3188 5206 137 31 post-free,,
3336 5212 32 18 on
3385 5212 28 25 ap-

2881 5245 116 33 plication,

3018 5285 96 28 JOHN
3140 5285 197 34 BARBOROW,

3086 5319 65 26 Shirt
3168 5319 93 33 Maker,
3275 5320 120 27 Dunedin.

3431 181 182 31 -'niNJßa
3652 188 135 24 SEWING
3836 188 174 25 MACHINES

3491 250 68 26 Sales
3571 251 24 25 in
3610 252 58 24 1882
3688 269 26 8 ...
3737 254 97 30 003,292
3851 252 133 27 Machines.

3452 283 4 37 J
3521 284 46 24 Do.
3613 283 35 37 188
3660 283 11 37 L
3683 283 35 37 ...
3737 287 99 29 561,036
3881 286 50 25 Do.

3611 323 126 26 liTCRKISB

3431 373 15 16 ie
3516 367 79 26 Three
3616 373 42 19 out
3682 368 28 25 of
3728 376 71 24 every
3827 369 65 26 Four
3914 368 98 33 Sewinj

3431 403 15 16 >-
3471 401 126 25 Machines
3607 401 53 25 sold
3667 401 24 25 in
3701 402 41 25 the
3753 401 81 27 World
3841 410 42 18 are
3891 401 111 33 Singer's.

3431 457 10 13 ,\
3488 443 125 26 Upwards
3651 453 30 17 or
3718 445 90 26 Thbsb
3853 447 127 25 Hcndbbo

3439 494 6 15 p
3592 477 96 26 FIRST
3704 479 118 27 PRIZES
3835 480 39 25 !!!

3439 525 5 9 t
3689 513 50 21 And
3754 516 22 19 at

3439 536 4 31 ;
3498 540 247 24 CHRISTCHURCU
3777 541 190 24 EXHIBITION

3507 570 51 26 Two
3570 571 62 25 Gold
3644 571 49 25 and
3709 574 56 22 Two
3778 571 76 26 Silver
3866 570 104 28 Medals.

3439 635 3 33 ,
3557 635 35 26 To
3618 636 30 25 be
3677 636 114 25 obtained
3818 639 25 22 at
3870 642 43 26 per

3431 673 11 16 e
3631 675 11 17 t
3644 677 11 19 s
3684 669 32 23 6u
3745 669 98 23 WEEK.

3515 708 43 24 150
3573 708 109 26 Princes
3702 716 97 23 STBBEr,
3817 709 134 26 Duxem*.

3431 762 10 15 e
3457 748 96 27 Beware
3568 751 28 24 of
3605 751 105 26 Gernun
3722 760 31 17 an
3761 753 10 24 1
3782 753 71 25 other
3868 752 137 26 imitations

3435 806 12 25 »l
3496 814 116 23 SINGER
3638 815 121 24 SEWING
3791 816 155 24 MACHINES-

3467 883 181 30 THURSDAY,
3677 886 38 24 Bth
3730 887 155 29 JANUARY,
3919 888 60 30 1885.

3622 925 30 22 At
3660 933 41 15 one
3711 926 83 23 o'clock
3803 928 71 28 sharp.

3479 981 143 27 MONTHLY
3635 984 247 28 SALE-TUAPEKA
3892 988 66 25 SALE-

3679 1016 106 24 YARDS.

3613 1072 21 22 N
3682 1074 323 27 THOMPSON

3530 1112 45 24 will
3585 1114 51 23 hold
3646 1115 34 22 his
3690 1118 54 21 next
3754 1116 48 23 Sale
3810 1118 25 22 of
3841 1117 66 24 Stock
3923 1118 35 24 for
3968 1120 38 23 the

3453 1153 107 30 Tuapeka
3570 1154 101 30 District,
3681 1163 28 16 on
3721 1157 39 23 the
3774 1158 70 24 above
3861 1159 58 29 date,
3935 1162 24 21 at
3968 1160 37 23 his

3452 1194 132 29 Sale-yards,
3600 1196 107 28 Tuapeka
3725 1197 71 26 Hotel,
3811 1200 152 26 commencing

3452 1235 13 16 o
3481 1235 12 16 e
3502 1230 83 24 o'clock
3599 1230 75 29 sharp.

3481 1299 93 25 Settlers
3584 1301 44 23 and
3638 1302 74 23 others
3719 1303 84 30 having
3810 1304 80 25 Horses
3897 1311 26 18 or
3933 1306 73 24 Cattl*

3431 1341 1 31 ,
3453 1341 32 23 for
3495 1341 45 23 sale
3551 1341 44 23 will
3612 1342 73 29 please
3694 1343 103 25 intimate
3807 1345 38 23 the
3861 1353 61 17 same
3931 1349 24 22 to
3965 1348 38 24 the

3431 1382 1 37 :
3453 1382 146 29 undersigned
3615 1387 24 20 at
3656 1391 60 23 once,
3732 1393 25 17 so
3773 1387 51 25 that
3841 1388 54 31 they
3912 1395 52 24 may
3975 1390 26 24 ha

3451 1423 91 24 notified
3551 1425 30 27 by
3591 1426 179 25 advertisement.

3431 1457 19 51 '[
3636 1461 85 29 JOHN
3742 1463 179 31 THOMPSON,

3836 1501 140 25 Auctioneer.

3442 1554 4 44 |
3597 1557 27 29 N
3652 1560 24 27 0
3701 1560 47 28 T]
3777 1563 24 27 C
3825 1563 23 28 B

3442 1633 1 37 ,
3466 1651 10 7 .
3490 1633 36 28 ,H
3536 1633 18 24 E
3581 1634 151 33 Undersigned
3756 1639 54 31 begs
3831 1643 23 22 to
3876 1641 72 27 thank

3523 1682 120 19 numerous
3817 1685 25 22 fy
3843 1691 10 15 T
3879 1685 60 24 their
3963 1694 41 23 pas

3450 1717 79 28 favors,
3546 1719 44 22 and
3605 1722 25 20 to
3650 1721 104 24 intimate
3763 1722 59 30 Jthat
3831 1724 34 30 [m
3885 1726 74 26 future
3973 1729 31 30 alf

3431 1748 1 44 !
3450 1756 96 30 Charges
3558 1759 44 23 will
3612 1760 26 23 be
3647 1762 89 30 Btrictly
3746 1763 119 29 Moderate.

3476 1801 82 25 Horses
3570 1803 55 25 shod
3638 1804 52 24 with
3700 1805 36 25 the
3745 1811 97 27 greatest
3852 1816 58 21 care.

3647 1847 95 24 DAVID
3759 1851 161 31 JOHNSTON,

3543 1885 140 25 Blacksmith
3700 1889 56 23 Ross
3770 1891 64 24 Place
3850 1892 125 28 Lawrence.

3491 1960 56 32 'OJ
3563 1962 23 24 H
3605 1963 20 22 N
3680 1964 185 28 POLGL
3888 1971 61 25 AS
3971 1973 17 23 fi

3524 2004 139 31 BUILDER,
3681 2007 183 37 CARPENTER
3884 2014 63 26 AND
3975 2020 12 31 g

3611 2047 213 33 UNDERTAKER.

3563 2101 137 28 BLUE
3740 2106 139 32 spun,

3470 2155 30 25 In
3519 2156 40 25 the
3573 2156 117 27 Premises
3712 2161 74 32 lately
3805 2166 113 32 occupied
3941 2169 32 30 by

3594 2201 41 24 Mr
3645 2202 82 27 James
3739 2205 118 30 Dunnett.

3459 2273 40 27 AH
3513 2274 70 26 kinds
3594 2276 28 24 of
3638 2276 131 29 Furniture
3780 2281 68 27 made
3864 2287 25 23 to
3904 2287 76 28 order.

3476 2319 130 25 Furniture
3621 2320 107 31 polished
3745 2325 48 24 and
3814 2327 68 26 made
3898 2331 26 24 to
3942 2331 57 28 look

3444 2360 47 25 like
3501 2369 58 18 new..

3473 2423 24 24 J.
3510 2423 25 24 P.
3545 2424 75 32 hopes
3630 2426 33 31 by
3679 2428 63 31 good
3757 2430 176 38 workmanship
3949 2440 46 24 and

3444 2467 117 25 attention
3575 2471 25 22 to
3610 2468 107 28 business
3730 2475 24 21 to
3765 2476 92 25 receive
3867 2486 13 17 a
3891 2479 70 28 share
3968 2482 28 26 •£

3446 2509 79 31 public
3542 2516 106 27 support.

3479 2815 98 69 M.
3643 2819 320 76 FBAEB

3446 2906 44 23 Has
3500 2909 66 22 much
3578 2910 100 28 pleasure
3688 2913 23 22 in
3721 2914 82 29 calling
3812 2918 111 24 attention
3933 2921 24 21 to
3965 2919 16 23 k

3702 2996 30 16 OP

3498 3018 72 24 NEW
3600 3021 196 28 SEASONABLE
3834 3027 101 31 GOODS,

3444 3051 76 24 Which
3529 3054 57 25 have
3595 3056 53 25 been
3659 3058 107 31 Specially
3783 3062 96 26 Selected
3893 3065 35 24 for
3944 3067 45 23 thU

3671 3089 95 24 District

3596 3115 47 31 (All
3662 3119 47 23 well
3730 3121 101 32 bought),

3533 3145 52 23 And
3605 3148 43 22 will
3667 3149 26 24 be
3718 3150 49 24 Sold
3788 3156 24 20 at
3828 3154 69 24 Veby

3578 3176 155 27 Reasonable
3758 3182 95 24 Prices.

3516 3232 45 23 Call
3573 3236 43 22 and
3634 3237 85 28 inspect
3732 3239 34 23 for
3780 3242 135 28 yourselves.
3927 3245 59 28 Jjgf

3465 3338 106 25 Contains
3594 3342 30 22 all
3652 3343 37 23 the
3715 3344 77 24 Latest
3822 3349 115 25 Novelties
3950 3360 6 16 j

3491 3369 63 28 Hats,
3564 3371 101 29 Bonnets,
3676 3374 88 29 Ruffles,
3770 3375 75 30 Laces,
3852 3378 71 26 Scarfs

3517 3399 109 30 Prilling*,
3655 3403 104 29 Flowers,
3785 3408 115 29 Feathers,

3546 3429 139 31 Ornaments,
3705 3435 47 27 &e.,
3771 3436 46 27 &c,
3832 3439 42 21 &e.

3436 3456 78 25 Ladies
3523 3459 43 22 and
3577 3459 58 24 Girls
3652 3461 55 24 Hats
3721 3463 56 24 from
3793 3465 110 30 Sixpence
3918 3467 66 28 Each.

3434 3575 77 23 Grand
3533 3582 136 20 assortment
3686 3581 25 22 in
3730 3582 98 29 Lustres,
3845 3585 139 27 Cashmeres-

3461 3605 102 28 Merinos,
3569 3606 74 31 Fancy
3650 3609 73 30 Beige,
3730 3611 80 29 Prints,
3817 3615 91 24 Sateens
3916 3618 40 23 &c.

3433 3635 82 25 floyles
3540 3637 75 22 Prints
3672 3638 111 26 Beautiful
3801 3643 103 25 Patterns
3926 3646 58 25 from

3625 3667 29 30 4d
3672 3674 41 23 per
3726 3670 63 28 yard.

3436 3731 148 26 DOMESTIC
3608 3735 97 25 GOODS
3729 3738 36 30 (In
3785 3740 69 26 Great
3871 3742 104 30 Variety)

3574 3764 38 23 All
3621 3765 138 31 Superlative
3772 3770 77 26 Value.

3436 3792 115 29 Sheetings
3568 3798 56 19 irom
3644 3803 22 16 ia
3685 3799 29 21 3d
3735 3806 38 22 per
3790 3803 57 26 yard
3859 3812 6 18 ;
3881 3803 101 29 Diapers.

3462 3824 109 27 Hollands,
3584 3825 27 22 5d
3621 3832 39 21 per
3667 3828 57 25 yard
3735 3839 6 17 ;
3754 3830 84 24 Towels
3848 3834 28 23 4d
3885 3836 55 22 each
3949 3846 5 6 •

3490 3854 94 22 Muslins
3595 3856 22 21 in
3629 3857 61 22 Plain
3700 3860 45 21 and
3756 3860 74 23 Check
3838 3863 92 25 frorasd

3517 3889 39 22 per
3563 3886 56 26 yard
3631 3895 5 17 ;
3654 3886 128 30 Cretonnes,
3792 3890 112 26 Beautiful

3545 3912 80 30 Goods,
3634 3918 55 21 trom
3706 3918 27 22 od
3752 3926 40 21 per
3810 3922 66 27 yard.

3517 3942 101 24 Flannels
3635 3945 23 22 in
3679 3949 30 20 all
3728 3948 99 29 Colours,
3841 3951 47 23 Com-

3490 3977 76 18 mence
3573 3976 25 19 at
3607 3974 38 28 3d;
3656 3975 103 31 Calicoes,
3768 3978 67 32 Grey,
3851 3980 81 31 White,

3464 4001 43 23 and
3519 4003 124 29 American,
3653 4006 23 23 in
3689 4006 109 27 Horrooks
3823 4012 137 27 Crewdson's

3440 4032 93 27 fwdled,
3558 4034 117 30 Diamond,
3700 4039 45 21 and
3766 4039 82 30 Wigan,
3872 4043 57 22 from
3951 4045 37 30 3d,

3490 4077 148 30 CARPETS
3663 4082 44 25 OF
3730 4084 66 27 ALL
3822 4086 117 36 KINDS,
3980 4075 13 15 4

3603 4112 66 24 From
3682 4121 22 17 is
3713 4123 40 22 per
3759 4118 65 29 yard.

3439 4269 63 23 Mens
3514 4271 66 28 Suits,
3591 4273 23 21 in
3632 4274 75 29 Paget,
3719 4278 163 32 Scarborough,
3895 4284 81 24 Galate

3465 4300 44 22 and
3521 4301 54 22 New
3591 4302 97 24 Zealand
3705 4305 71 24 Men's
3794 4309 109 27 Trousers
3917 4314 46 24 and

3496 4329 71 29 Vests,
3573 4332 23 22 in
3605 4332 196 34 Mosgiel,Geelong
3809 4339 77 26 Tweed
3893 4344 45 22 and

3521 4361 95 28 Roslyn;
3627 4362 61 23 Mens
3696 4365 113 29 Trousers,
3818 4368 22 23 in
3848 4370 49 25 Colo-

3549 4389 51 27 nial,
3626 4391 97 29 Bedford,
3749 4396 63 28 Mole,
3834 4401 44 21 and

3591 4419 109 26 Saddle
3729 4423 107 27 Tweed.

3439 4451 56 30 Boys
3504 4452 66 29 Suits,
3578 4454 23 23 in
3614 4456 98 29 Norfolk,
3721 4459 160 31 Scarborough,
3889 4464 93 25 Galatea

3533 4484 44 21 and
3588 4484 53 22 New
3649 4485 101 29 Zealand,
3760 4488 56 24 from
3827 4493 23 20 7s
3862 4493 34 26 6d,
3984 4483 5 10 '

3438 4509 62 30 Hats,
3515 4510 56 30 Ties,
3582 4513 85 28 Braces,
3680 4514 65 30 Belts,
3756 4516 77 31 Shirts,
3843 4520 94 32 Hosiery
3947 4524 39 25 &c

3552 4549 21 24 A
3595 4554 53 23 very
3666 4549 79 25 Choice
3762 4552 116 28 Selection.

3526 4615 172 38 &&s?£»
3720 4619 170 37 ®smat

3437 4655 91 30 Ladies',
3547 4658 23 24 in
3591 4658 50 29 Kid,
3662 4660 106 30 Morocco,
3779 4663 102 32 .Lasting
3900 4663 84 32 Want

3615 4690 44 21 and
3681 4692 123 25 Cashmere.

3450 4728 75 28 Girls',
3540 4728 23 24 in
3575 4728 89 30 Levant,
3674 4731 51 29 Kid,
3736 4733 51 24 Calf
3800 4736 44 23 and
3859 4737 109 28 Mouneo.
3973 4743 12 28 j

3437 4768 67 23 Men's
3513 4770 44 21 and
3569 4769 67 29 Boys;
3652 4772 22 22 in
3683 4773 85 28 Almas,
3776 4775 121 32 Oxonians,
3911 4778 73 28 Water

3504 4799 76 28 tights,
3596 4800 127 31 Balmorals,
3740 4805 44 23 and
3802 4805 113 29 Bluchers.

3530 4880 146 29 Comparison
3686 4883 38 23 the
3738 4884 58 23 True
3807 4887 54 23 Test
3877 4890 26 24 of
3916 4890 72 27 Value

3431 4911 1 45 I
3465 4911 4 45 i
3573 4921 79 24 Orders
3661 4926 132 30 punctually
3808 4929 104 25 attended
3927 4934 29 22 to.

3590 5134 18 25 L
3619 5135 21 24 A
3651 5134 24 26 W
3686 5135 38 25 RE
3742 5137 23 24 N
3774 5137 18 26 C
3801 5138 35 25 E.
