4048 5540
1513 108 281 64 MOUNT
1856 94 591 77 BENGERMAIL

3472 86 383 33 SATtfRDAY.DECE&IBEa
3870 87 30 25 IS
3924 89 60 27 1884

3461 5262 97 25 Printeu
3604 5267 48 19 ana
3696 5260 128 31 published
3860 5261 32 32 by
3924 5261 68 25 John

3489 5296 192 27 WEATHERAtt,
3690 5293 36 24 for
3735 5294 40 23 the
3780 5293 141 33 proprietor,
3926 5294 69 25 Jems

3479 5327 187 31 WEATH&tifcLL,
3676 5334 71 25 sear.,
3757 5331 25 20 at
3793 5327 38 25 his
3845 5326 149 33 Registered

3505 5361 112 31 Printing
3663 5360 81 28 Office,
3782 5359 115 26 Scotland
3911 5366 22 20 st
3937 5370 8 7 r
3947 5367 47 23 eet,

3507 5394 138 29 Roxburgh,
3665 5393 83 28 Otago,
3784 5392 58 25 New
3858 5394 138 25 Zealand-

3516 5425 125 31 Saturday,
3663 5423 129 26 December
3803 5427 35 29 1»,
3849 5427 61 23 1884

195 867 205 56 RETD
487 861 168 58 AND
745 857 283 55 GRAY'S

259 954 100 26 NEW
391 945 218 32 ZEALAND
649 943 153 26 TWINE
837 943 185 25 BINDER

445 982 88 31 (Equal
544 985 25 20 to
586 980 41 24 the
643 979 54 24 best
717 977 142 29 American)

283 1027 28 20 IS
330 1019 234 27 CONSIDERABLY
588 1015 158 24 IMPROVED
767 1016 73 21 THIS
859 1014 127 22 SEASON.

172 1062 28 23 *t
209 1061 41 24 the
342 1058 54 24 field
410 1056 53 25 trial
476 1058 25 22 at
512 1053 104 25 Chmaru
633 1051 46 25 last
691 1057 86 19 season
793 1051 56 23 beat
863 1049 177 26 M'Oormick's,
1058 1048 109 30 Woods',

107 1095 39 24 fhe
159 1093 115 26 Backcve
288 1092 47 24 and
346 1092 40 24 the
397 1085 101 34 Fngflish
510 1086 102 25 makers.
647 1083 23 25 Tt
681 1083 44 24 has
737 1084 40 23 the
791 1082 110 30 simplest
913 1082 47 25 and
971 1082 53 23 best
1036 1081 97 25 kno'.ter
1143 1081 27 24 of

104 1136 54 20 any.
174 1136 14 14 a
199 1135 52 15 new
263 1124 136 32 adjustable
410 1122 54 28 reel,
478 1117 154 33 pram-wheel
643 1116 69 26 fitted
724 1116 57 24 with
800 1116 134 24 renewable
951 1115 69 24 brass
1032 1114 70 30 bush,
1118 1114 48 24 and

105 1158 21 27 is
136 1159 94 28 aslieht
241 1158 24 25 of
271 1156 108 26 draught
390 1163 27 17 8s
425 1154 42 26 the
483 1150 136 26 American.

165 1191 91 25 Buvers
268 1190 45 25 will
326 1189 51 24 find
386 1196 13 16 a
419 1189 65 28 great
496 1183 136 29 advantage
644 1189 23 17 m
683 1188 129 22 procuring
821 1181 140 29 duplicates.
997 1181 83 22 Please
1092 1181 73 22 order

210 1223 125 25 Delivered
355 1225 24 21 at
393 1229 46 21 any
457 1217 98 31 railway
572 1215 88 25 station
680 1215 107 23 between
802 1213 103 24 Otautaa
919 1213 48 24 and
981 1211 183 30 Christchurch,

106 1259 66 24 when
186 1262 52 20 sent
250 1257 60 24 from
326 1253 121 26 Tuhedin.

299 1314 29 22 84
340 1316 25 19 at
373 1310 74 24 Work
459 1310 58 23 Last
527 1306 97 24 Reason.
657 1302 65 25 Send
739 1303 35 23 for
790 1301 179 25 Testimonials.

152 1376 77 22 BEST
244 1374 86 24 HEMP
345 1374 64 22 AND
426 1368 168 27 AMERICAN
610 1367 83 23 PURE
708 1364 125 25 MANILA
849 1364 134 23 BINDING
997 1363 113 24 TWINE.

463 1401 74 21 BE-T
558 1397 133 25 BINDING
710 1396 90 21 WIRE.

435 1450 250 24 BACK-DELIVERY
701 1447 142 23 REAPERS.

196 1495 159 26 At.Reduced
369 1495 97 26 Prices;
482 1493 41 24 the
539 1493 54 24 best
604 1491 48 24 and
664 1490 95 24 Easiest
769 1489 82 24 drawn
868 1489 24 24 in
904 1487 41 26 the
959 1489 102 23 market.

377 1551 153 22 PATENT
562 1549 90 22 DISC
682 1545 203 24 HARROWS.

376 1589 45 23 600
439 1589 23 22 in
480 1594 49 17 use.
574 1585 61 25 Free
652 1584 27 24 of
692 1582 197 31 Complications.

101 1629 66 26 Took
179 1629 62 24 Fir*t
251 1628 67 25 P.iize
330 1628 23 23 in
374 1627 94 24 stumble
480 1625 56 25 land
548 1629 24 19 at
591 1624 54 24 field
658 1622 156 31 competition
828 1620 56 24 with
896 1620 40 24 the
957 1619 69 24 other
1045 1618 110 25 Colonial

191 1662 104 25 makers,
308 1669 56 15 near
376 1658 175 25 Christchurch.
584 1656 80 23 Fitted
682 1660 24 18 to
719 1662 48 15 sow
776 1661 74 20 grass,
863 1653 75 30 grain,
950 1660 27 16 or
988 1651 89 31 turnip,

341 1693 19 23 if
369 1692 102 29 wanted,
484 1698 26 17 or
521 1689 109 24 artificial
641 1694 100 17 manure
757 1686 48 23 and
822 1685 100 30 turnips.

433 1780 53 23 The
501 1778 111 24 Greatest
630 1778 99 22 Success
741 1773 26 24 of
781 1773 40 24 the
834 1772 64 31 Day.

132 1848 127 25 Machines
270 1853 24 18 tn
309 1846 88 25 drill-in
408 1844 93 30 turnips
513 1843 46 24 and
572 1848 106 20 manure,
690 1847 27 16 or
725 1838 129 24 broadcast
866 1845 32 22 up
909 1841 25 19 to
947 1836 55 23 18ft.

133 1879 95 26 Doub'e
240 1880 47 24 and
297 1876 79 33 single
389 1878 90 28 Turnip
497 1876 79 27 Drills,
587 1872 68 25 fitted
663 1877 24 18 to
699 1879 49 16 sow
760 1869 109 25 artificial
885 1875 107 22 manure,
1011 1869 19 23 if
1044 1867 102 26 wanted.

163 1935 93 32 Agents
268 1934 34 25 for
311 1933 100 31 Clayton
419 1931 49 24 and
480 1927 190 27 Shuttleworth's
682 1926 62 23 mills
754 1925 48 24 and
814 1924 108 31 Engines
931 1931 52 16 now
996 1923 107 31 landing.

664 2032 5 5 '
689 2030 201 27 ASONIC
974 2030 192 24 HOTEL.

736 2074 62 24 Ross
819 2073 76 25 Place.
918 2073 128 24 Lawrence

795 2152 52 22 HA
859 2152 19 21 R
890 2152 20 20 D
948 2150 134 23 WEBB

740 2180 135 33 (Formerly
885 2181 23 23 of
918 2180 127 30 Waipori),

613 2225 61 29 Begs
695 2225 25 21 to
743 2222 87 23 iuform
846 2220 39 24 the
908 2220 150 24 inhabitants
1077 2221 24 23 of
1125 2221 40 25 the

613 2260 112 31 Tuapeka
738 2259 46 24 and
801 2257 162 29 surrounding
979 2258 120 28 Districts,
1112 2259 53 23 that

614 2299 27 25 he
663 2295 27 29 ha
703 2295 14 29 3
730 2295 67 29 taken
816 2295 41 25 the
880 2295 75 24 above
969 2295 195 26 old-established

613 2338 44 25 and
673 2335 223 32 favorably-known
917 2334 73 27 hotel,
1004 2335 46 24 and
1070 2335 48 25 will
1137 2336 27 24 be

603 2368 2 43 J
614 2376 113 32 prepared
747 2380 24 19 to
790 2373 87 32 supply
895 2373 37 23 his
953 2373 89 24 friends
1059 2374 46 23 and
1124 2374 40 24 the

603 2411 2 39 j
614 2415 78 31 public
703 2413 120 31 generally
836 2413 55 22 with
906 2411 62 30 good
987 2413 175 24 accomodation

612 2453 45 25 ami
671 2453 39 25 the
723 2453 48 24 best
784 2452 25 24 of
819 2450 125 25 attention.

837 2521 31 17 at
883 2521 46 17 all
946 2516 90 24 Hours.

597 2577 8 28 'I
616 2582 79 24 Wines
706 2580 47 25 and
764 2580 87 31 Spirits
863 2578 25 23 of
900 2578 40 24 the
950 2578 51 24 best
1013 2579 95 31 brands,
1118 2580 47 25 and

684 2615 109 31 superior
807 2611 102 30 English
924 2611 48 25 and
983 2613 112 26 Colonial

727 2647 57 24 Ales
796 2646 86 29 always
896 2652 30 15 on
939 2645 112 32 draught.

613 2718 21 24 A
660 2717 160 24 commodious
849 2717 81 24 Stable
953 2717 20 23 is
998 2718 169 31 conveniently

744 2749 110 24 attached
866 2754 24 19 to
901 2750 41 24 the
955 2750 81 24 Hotel.

597 2811 1 35 '
712 2811 106 34 Charges
826 2813 99 33 Strictly
936 2813 132 25 Moderate.

615 2864 81 25 Wines
706 2864 47 26 and
767 2864 89 33 Spirits
869 2865 25 25 of
912 2865 41 25 the
969 2864 59 26 Best
1039 2865 110 31 Quality.

781 2920 66 20 Good
868 2918 129 22 Stabling.

635 2980 3 25 .
673 2983 18 22 0
712 2981 20 23 H
758 2980 20 23 N
848 2980 316 25 THOMPSON

734 3024 278 27 AUCTIONEER,

670 3065 73 23 Land
760 3073 51 15 and
827 3066 104 26 Estate,
945 3066 79 27 Loan,
1035 3073 50 16 and

637 3107 139 26 GENERAL
805 3107 182 26 COMMISSION
1018 3107 113 32 AGENT,

729 3153 60 23 Ross
806 3153 78 27 Place,
907 3153 134 23 Lawrence.

768 3230 81 30 Agent
877 3230 36 23 for
938 3229 41 23 the

611 3273 107 25 Norwich
731 3273 80 25 Union
826 3273 127 26 Insurance
965 3273 44 25 Co.

613 3318 111 24 •standard
737 3317 54 24 Fire
800 3317 45 24 and
863 3318 93 24 Marine
965 3318 127 25 Insurance
1103 3319 42 25 Co.

607 3361 136 25 Australian
789 3361 96 27 Mutual
927 3361 130 25 Provident
1095 3362 64 31 (Life

667 3394 142 30 Assurance)
825 3394 93 30 Society

768 3438 99 24 Buildin
899 3438 95 33 Society
1011 3439 29 25 of
1051 3440 78 32 Otago

607 3482 122 31 Standard,
739 3483 111 30 Fidelity,
862 3483 46 24 and
921 3483 135 26 Guarantee
1066 3485 93 29 Society

636 3559 39 24 All
697 3560 108 22 buaiacss
828 3560 130 24 eonnec'ed
978 3561 58 24 with
1052 3561 95 31 applica-

607 3607 61 20 tions
696 3609 36 20 tji
765 3604 143 32 assignment
935 3614 26 15 or
993 3606 120 31 exchange
1135 3607 27 24 of

607 3648 153 30 agricultural
795 3649 82 27 leases,
898 3650 156 29 applica'ions
1085 3650 75 24 under

608 3691 109 24 deterred
742 3694 131 28 payments,
908 3692 92 33 mining
1032 3693 73 25 leases
1135 3702 25 17 or

609 3735 78 23 claim?
714 3735 114 32 uplifJng
845 3737 28 23 of
887 3737 86 24 Crown
994 3738 97 30 Crants,
1112 3740 49 28 &c,

608 3779 89 33 quick.,
717 3779 43 26 and
774 3779 99 33 cheaply
882 3782 139 24 transacted.

624 3862 77 26 Loan.?
710 3861 275 34 Negotiated.—Money
997 3864 124 28 Invested.

694 3935 20 21 N
746 3936 9 21 I
787 3935 20 23 O
838 3936 21 22 N
941 3936 221 26 HOTEL

704 3979 110 24 Between
833 3977 181 26 \Vether3tone3
1026 3981 46 24 and

712 4023 126 24 Lawrence
850 4023 41 30 (on
905 4023 60 24 main
978 4024 78 30 road).

666 4087 132 24 THOMAS
823 4087 74 22 POPE
926 4100 8 6 •
979 4089 128 29 Proprietor.

642 4148 52 24 The
706 4148 168 29 undersigned,
884 4147 87 31 having
986 4148 106 32 recently
1110 4158 47 23 pur

603 4191 2 30 I
612 4192 85 24 chased
724 4191 42 25 the
791 4191 75 25 above
896 4191 82 30 Hotel,
1019 4192 89 25 desires
1143 4197 23 20 to

603 4237 116 24 'intimate
741 4241 24 20 to
784 4236 37 24 his
844 4236 90 25 friends
957 4236 25 26 in
1004 4237 39 25 the
1063 4238 101 25 district,

612 4282 45 24 and
674 4282 42 24 the
733 4281 79 32 public
838 4281 53 24 that
912 4290 73 23 every
1004 4283 122 30 provision
1147 4284 20 24 is

612 4324 66 24 made
690 4325 37 23 f->r
744 4324 41 24 the
801 4325 104 23 comfort
916 4324 44 24 and
973 4326 158 23 convenience
1143 4326 25 22 of

603 4367 77 24 'those
692 4367 109 29 favoring
813 4367 48 22 him
875 4367 55 22 wit!)
946 4367 60 23 their
1014 4370 137 28 patronage.

644 4422 83 25 Wines
739 4423 46 24 aud
798 4422 85 32 Spirits
892 4421 28 26 of
927 4423 40 24 the
980 4424 51 24 best
1042 4424 94 25 brands.

644 4478 68 24 Good
729 4478 211 25 accommodation.

643 4532 116 33 Splendid
768 4532 72 24 Grass
852 4532 133 32 Paddocks,
993 4534 53 24 well
1056 4536 108 24 watered.

913 4587 120 24 THOMAS
1054 4590 82 23 POPE.

649 4673 142 31 Holloway'a
823 4674 125 25 Ointment
981 4677 44 23 and
1067 4677 98 24 Pills.—

617 4707 102 30 Coughs,
730 4706 209 26 Influenza.—The
950 4710 110 23 socthin«
1070 4718 82 23 proper-

597 4739 1 32 -1
618 4739 43 23 ties
675 4739 24 23 of
720 4739 66 23 these
805 4739 169 25 medicaments
992 4742 85 23 render
1101 4743 54 22 then

597 4770 2 33 .
619 4770 51 26 well
682 4770 90 33 worthy
783 4771 24 24 of
819 4771 55 24 trial
885 4773 25 22 in
929 4774 31 23 all
973 4773 102 25 d;sea>ed
1087 4776 25 23 of
1124 4776 40 23 the

597 4805 1 27 '
787 4812 91 20 organs.
910 4805 31 23 la
971 4814 107 16 common
1101 4808 64 23 colds

597 4830 7 10 J
619 4836 46 24 and
808 4835 114 31 thePilis,
935 4837 70 24 taken
1026 4838 138 32 internally,

620 4868 46 24 and
675 4868 40 24 ilu!
733 4869 127 23 Oiutment
878 4870 91 24 rubbed
979 4878 56 17 over
1048 4871 39 24 the
1099 4872 65 24 chest

620 4901 46 24 and
687 4901 90 28 tbro-it,
803 4908 39 17 are
861 4902 152 30 exceedingly
1025 4904 137 25 efficacious.

623 4934 72 24 When
715 4933 120 25 influenza
851 4934 20 23 is
893 4934 122 33 epidemic,
1028 4936 48 24 this
1094 4939 60 23 treat-

621 4970 63 20 ment
701 4965 22 24 is
739 4969 39 21 the
805 4966 91 31 easiest,
918 4967 79 31 safes'-,
1019 4969 46 24 and
1081 4973 83 21 surest.

623 4998 141 30 Holloway'ti
775 4997 56 26 Pills
843 4999 79 31 purify
931 4999 39 25 the
982 5000 77 30 blood,
1071 5009 94 17 remove

621 5032 31 22 all
661 5030 115 24 obstacles
784 5035 25 19 to
821 5031 31 23 its
859 5031 50 24 free
917 5033 137 25 circulation
1063 5035 102 31 through

623 5064 40 23 the
687 5062 77 32 lunge,
790 5063 85 26 relieve
898 5064 40 25 the
964 5074 50 17 ovei
1020 5068 97 31 -gorged
1134 5068 32 26 air

624 5097 74 28 tubes,
708 5096 45 24 and
764 5098 85 23 render
859 5099 138 29 respiration
1004 5101 57 31 free,
1067 5102 98 24 without

600 5146 7 7 ,
624 5129 112 29 reducing
770 5129 40 22 the
842 5131 116 31 strength,
985 5133 121 31 irritating
1127 5135 40 23 the

625 5168 88 22 nerves,
727 5167 28 17 or
776 5161 136 32 depressing
931 5162 40 26 the
990 5164 81 30 spirits
1083 5174 5 22 ;
1111 5167 55 24 such

624 5200 39 17 *re
676 5193 41 24 the
729 5193 72 31 ready
818 5200 79 18 means
918 5196 25 22 of
963 5197 81 31 saving
1055 5198 114 34 suffering

626 5226 66 25 when
717 5233 47 23 any
791 5233 44 16 one
861 5226 19 25 is
901 5227 101 26 affected
1025 5230 56 24 with
1106 5233 62 28 cold,

597 5275 12 12 •n
625 5259 96 31 cough?,
737 5258 139 29 bronchitis,
888 5262 46 23 and
951 5263 68 24 other
1030 5263 66 24 chest
1107 5272 47 17 com-

626 5292 87 29 plaints
729 5291 31 29 by
785 5292 76 23 which
886 5301 25 16 so
930 5302 70 23 many
1021 5303 94 22 persons
1131 5305 38 17 are

625 5322 116 31 ittibusiy
771 5323 45 25 and
838 5327 163 32 permanently
1017 5327 103 27 afflicted
1145 5331 23 25 in

617 5350 4 32 i
627 5360 60 19 most
692 5356 123 26 countries.

202 2082 38 23 B.
316 2079 29 25 M
381 2081 16 21 A
430 2078 20 22 R
476 2078 22 23 T
531 2073 12 26 T
566 2075 30 31 N,

156 2112 169 26 PRACTICAL
349 2108 209 27 WATCHMAKER

197 2157 66 24 AND
290 2153 160 27 JEWELLER,

165 2202 61 26 Ross
245 2200 77 30 Place,
342 2197 135 26 Lawrence.

65 2293 47 23 For
122 2286 197 30 Sale—Washes
331 2285 25 24 of
366 2291 71 23 every
448 2281 146 31 descr.ption

44 2337 86 25 Clocks
143 2333 120 33 (English,
281 2330 100 29 French,
404 2328 47 25 and
473 2326 123 25 American

76 2380 113 28 Striking,
207 2378 82 25 Silent,
312 2375 45 23 ?>nd
371 2374 99 28 Alarms,
486 2373 61 22 from
565 2373 32 25 G«,

43 2426 77 24 S-lrer
137 2423 45 23 and
201 2418 184 31 electro-plated
399 2416 90 27 Goods,
505 2415 91 24 Chiins

45 2470 81 30 Ring-,
152 2466 81 29 Studs,
245 2462 124 26 Solitaries
381 2460 91 31 -Lints,
487 2459 109 29 Keepers

45 2513 118 24 Brooches
185 2508 138 33 Spectacles,
338 2507 76 30 Opera
427 2504 102 29 Glaese?,
540 2500 42 27 &c

75 2568 75 26 Silver
173 2561 111 35 Hunting
304 2563 21 24 L
341 2570 40 15 ver
408 2559 121 30 Watches,
555 2559 43 28 £5,

45 2612 141 31 snaranteed
205 2611 37 23 f-r
266 2613 47 20 two
329 2606 76 34 year's
429 2605 65 27 time.
532 2603 50 31 Pay-

44 2662 104 22 ments—
151 2657 35 25 £2
199 2655 101 31 deposit,
314 2653 45 23 and
369 2654 26 21 5s
409 2650 96 30 weekly.

74 2713 111 25 Watches
203 2710 44 25 and
268 2707 85 26 Clocks
371 2705 115 32 carefully
505 2703 92 26 cleaned

59 2760 30 23 nd
106 2756 106 33 repaired

81 2813 32 24 \ll
136 2810 70 25 kind.;
222 2808 29 24 of
268 2806 126 30 Jewellery
421 2803 110 33 npaiced
552 2803 44 24 and

77 2858 35 26 .3*
126 2860 24 21 to
162 2854 73 26 order.

44 2931 106 25 Country
162 2928 89 23 Orders
264 2923 141 32 punctually
416 2920 114 26 attended
539 2926 6 14 :
557 2920 4 36 >

59 2994 160 26 RABBITS!
246 2991 158 26 BABBITS!
422 2988 142 25 RABBITS

69 3374 79 24 These
184 3370 192 24 Exterminators
409 3375 40 16 are
480 3365 110 31 specially

39 3427 102 34 adapted
155 3427 36 25 for
203 3427 41 24 the
257 3422 146 28 destruction
423 3421 24 25 of
463 3420 90 25 rabbits
568 3419 23 24 in

39 3483 90 24 brokan
141 3482 109 29 country,
267 3479 58 24 such
355 3485 25 16 as
409 3477 54 23 that
494 3474 25 25 of
552 3474 40 23 the-

41 3540 86 23 Mount
141 3539 95 29 Bengef
247 3535 46 24 and
305 3532 160 27 surroundiucr
476 3530 114 29 districts,

40 3601 14 14 v.
62 3592 57 25 here
129 3591 58 33 they
203 3590 62 25 have
283 3589 60 24 been
366 3586 68 30 tried,
458 3584 46 25 and
519 3584 71 24 found

40 3651 60 20 most
112 3647 114 23 cffdC'ive-

69 3696 55 25 Full
138 3695 149 33 particular,
312 3692 57 25 with
392 3693 82 27 terms,
494 3697 53 24 may
564 3688 27 25 be

39 3740 44 24 had
99 3740 71 28 from,'

214 3796 31 24 A.
262 3796 22 24 &
300 3793 27 26 T.
346 3793 96 29 BURT,

115 3843 82 24 Stuart
210 3840 46 24 and
268 3836 161 26 Cumberland
441 3836 92 26 streets,

442 3878 123 26 Ducedin.

135 3967 20 24 i;
247 3963 12 26 I
277 3963 21 25 0
315 3961 24 26 N
435 3957 159 28 HOTEL

51 3998 19 32 )
206 3999 106 30 (Known
324 4005 26 15 as
362 3994 83 30 Rae's)

108 4050 35 23 At
154 4047 41 26 the
206 4045 115 27 Junction
333 4044 27 25 of
369 4043 39 25 the

193 4097 46 25 and
256 4095 85 25 Teviot
360 4092 58 26 Road
418 4092 29 26 3.

66 4179 69 25 F-.RS
153 4175 96 26 MACK
253 4175 43 24 AY

390 4172 182 24 PROPBI^TRTi..

75 4278 51 18 Mrs
138 4271 35 24 M.
184 4269 55 31 begs
250 4270 25 22 to
285 4265 77 30 notify
370 4267 25 21 to
406 4262 39 25 the
453 4261 144 26 inhabitant*

43 4316 28 21 •if
79 4315 39 23 the
129 4313 133 24 Crookaton
275 4308 108 24 District,
398 4306 44 24 and
454 4306 41 22 the
514 4304 72 23 travel-

45 4357 49 29 ling
110 4354 79 32 public
200 4350 129 33 generally,
342 4348 51 24 that
410 4348 42 23 she
468 4347 42 23 has
521 4346 74 23 leasee

46 4398 40 24 the
111 4397 75 24 above
213 4392 151 27 well-known
395 4388 113 33 hostelry,
543 4395 42 16 con

46 4441 120 28 vtniently
175 4438 102 26 situated
288 4445 30 16 on
330 4436 40 24 the
381 4434 62 25 main
456 4435 137 29 up-conntr)

46 4484 64 29 road,
136 4481 46 26 and
209 4481 31 31 by
267 4479 68 25 strict
361 4476 116 25 attention
505 4477 24 22 to
557 4474 40 23 her

46 4530 133 26 customers,
206 4523 43 25 sb«
274 4521 75 33 hopes
375 4521 24 23 to
425 4517 69 25 merit
521 4516 77 31 public

46 4574 73 22 favor.

77 4620 52 25 The
141 4617 77 26 SUbli
305 4614 72 27 econd
399 4615 25 23 to
435 4619 61 17 none
508 4617 30 17 on
560 4608 38 26 the

47 4663 64 29 road,
131 4662 48 25 end
200 4668 73 24 every
296 4657 118 26 attention
436 4657 24 22 to
482 4654 83 24 hones
581 4652 17 24 U

47 4704 150 31 guaranteed.,

81 4758 79 23 Wines
171 4755 47 24 and
238 4754 86 32 Spirts
348 4752 28 24 of
387 4752 41 23 the
440 4751 53 24 best
507 4749 90 31 quality

141 4821 184 28 LBION
399 4821 26 23 H
449 4821 19 22 0
494 4820 19 22 T
540 4819 19 22 E
585 4819 9 23 J

134 4868 131 25 Scotland
277 4869 92 20 street
392 4863 153 24 Roxburgh,

139 4946 27 23 C.
188 4942 108 27 LUCAS
329 4961 26 6 ...
388 4939 146 32 Proprietor.

81 5034 58 23 Best
160 5031 94 25 Brands
277 5030 26 24 of
324 5029 83 25 Wines
425 5028 45 24 and
490 5028 88 31 Spirits

240 5074 47 32 kep
308 5073 24 25 in
343 5073 77 25 atock.

55 5155 49 22 :>ne
138 5153 26 24 of
192 5151 142 25 Thurston's
367 5150 113 29 Superior
510 5148 88 24 Billiar<

198 5195 87 25 Tables
297 5202 30 17 on
345 5193 127 25 Premises-

56 5274 101 24 Virst-ch
169 5281 23 15 -.s
207 5270 212 26 Accommodation
432 5270 37 23 for
478 5268 120 24 Traveller

190 5313 73 24 yWJs
279 5316 22 21 at
322 5312 31 25 all
369 5311 79 26 h.urs.

1185 275 142 27 WOOL
1385 273 148 25 WOOL
1593 272 141 31 WOqL

1173 345 41 33 ITo
1233 348 68 25 Wool
1318 348 121 30 Growers,
1452 348 112 23 Farmers
1577 346 48 24 and
1647 345 87 25 Others

1197 455 48 36 W
1294 463 121 30 nouncing
1443 461 53 25 that
1527 468 35 18 we
1587 459 61 25 shall
1679 456 55 26 hold

1190 496 100 26 Auction
1318 496 65 24 Sales
1412 494 25 25 of
1466 493 70 25 Wool
1563 499 73 25 every
1663 490 73 25 Week

1178 526 156 36 {throughout
1358 529 42 24 the
1424 534 89 18 season.
1548 526 106 24 Account
1677 524 59 25 sales

1176 559 3 29 I
1186 563 47 23 will
1245 564 28 21 be
1285 562 117 23 rendered
1416 560 45 23 and
1474 559 112 29 proceeds
1602 559 55 29 paid
1680 565 56 17 over

1175 587 2 38 j
1186 594 121 30 promptly
1321 593 83 23 within
1418 592 40 23 Six
1468 592 65 27 Days
1544 590 25 23 of
1578 590 40 23 the
1630 589 59 26 Sale,

1216 625 42 22 We
1271 628 37 19 act
1319 632 26 15 as
1353 624 90 25 Selling
1455 623 102 21 Brokers
1569 621 63 28 only.

1216 656 38 25 All
1270 656 102 31 produce
1383 654 21 24 is
1428 653 54 24 held
1507 653 60 29 fully
1591 651 100 23 covered
1706 651 30 29 by

1189 691 122 22 insurance
1322 687 88 32 during
1419 686 40 24 the
1471 688 57 21 time
1543 684 19 24 it
1573 683 19 23 is
1600 683 25 24 in
1637 686 71 20 store.

1218 724 50 22 Our
1292 722 178 27 arrangements
1484 726 39 15 are
1552 716 57 24 such
1631 715 53 24 that
1706 713 28 24 al!

1189 756 72 27 goods
1281 753 128 30 consigned
1430 754 25 21 to
1470 759 28 15 us
1512 753 24 21 at
1562 748 113 25 Dnnedin
1691 746 46 25 will

1189 788 27 24 be
1242 785 131 26 forwarded
1407 787 25 20 at
1460 790 57 17 once
1545 783 24 21 to
1595 788 44 16 our
1654 781 82 25 stores,

1190 820 103 24 whether
1305 817 96 25 advised
1412 825 27 15 or
1455 819 50 24 not,
1524 814 45 25 and
1588 813 47 23 will
1649 811 88 25 receive

1188 861 43 15 our
1244 853 90 22 utmost
1341 849 118 26 attention
1475 854 63 23 upon
1551 844 93 26 arrival.

1219 884 42 24 We
1273 891 40 17 are
1327 881 114 32 prepared
1455 883 25 21 to
1492 878 74 36 make_
1577 876 84 24 liberal
1684 876 53 24 caßh

1188 917 115 24 advances
1313 919 25 21 at
1350 915 40 25 the
1411 914 82 24 lowest
1507 908 100 34 possible
1626 912 64 21 rates
1708 915 29 17 on

1188 950 103 31 growing
1306 948 65 32 clips,
1395 954 26 17 or
1435 954 30 17 on
1484 944 61 25 wool
1565 940 129 33 consigned
1714 943 23 22 to

1188 992 27 14 us
1227 983 37 23 for
1285 982 47 24 sale
1345 980 76 26 either
1432 980 25 24 iu
1482 976 113 26 Dunedin
1609 983 26 17 or
1652 977 25 22 to
1694 981 43 18 our

1188 1015 88 24 Agents
1287 1015 22 22 in
1321 1013 109 24 Londan.

1216 1046 68 24 Wool
1301 1045 85 28 Packs,
1406 1044 63 24 Corn
1491 1041 79 29 Sacks,
1583 1039 46 25 and
1644 1037 92 25 Station

1171 1074 1 32 '
1185 1079 80 24 Stores
1275 1076 109 30 sunpiied
1397 1079 24 21 at
1430 1075 41 25 the
1489 1074 81 23 lowest
1586 1075 46 21 rate
1632 1075 23 21 -

1289 1108 139 27 DO>ULD
1446 1106 84 26 REID
1545 1107 22 24 &
1585 1105 57 31 CO.,

1413 1140 163 24 Hkh-street,
1592 1138 113 23 Dunedin

1182 1432 97 23 TREES
1287 1433 6 20 J
1316 1429 115 24 TREES!
1456 1427 140 23 SHRUBS!
1625 1425 108 22 SHRUB

1183 1517 10 16 r
1198 1515 77 25 BIHE
1299 1511 161 31 undersigned
1480 1510 61 24 have
1564 1509 39 24 for
1630 1508 54 30 sale,
1710 1508 23 23 of

1193 1535 28 38 1_
1259 1547 61 32 good
1345 1545 93 32 quality
1454 1543 47 24 and
1527 1545 25 21 at
1579 1542 45 23 low
1649 1542 82 29 prices,

1183 1582 82 24 Forest
1271 1580 47 24 and
1329 1578 70 24 Fruit
1407 1576 72 24 Trees
1490 1584 5 19 ;
1512 1576 57 27 also,
1580 1571 153 26 Ornamental

1181 1615 99 27 Shrubs,
1288 1613 84 28 Roae3,
1383 1609 150 25 Herbaceous
1542 1608 190 27 Plants,etc,etc-

1210 1645 84 25 Priced
1319 1642 144 30 Catalogues
1486 1640 50 24 free
1565 1640 33 32 1-y
1623 1640 55 29 post
1703 1644 29 17 on

1181 1677 149 30 application.

1196 1706 5 3 '
1211 1710 125 23 Tramcars
1352 1707 38 24 for
1411 1705 92 24 Kelvin
1527 1704 81 24 Grove
1625 1710 54 23 pass
1693 1702 39 24 the

1184 1742 106 31 Nursery
1300 1748 71 22 every
1381 1739 130 24 half-hour.

1313 1785 145 24 Inspection
1477 1781 120 26 Ixvtteo.

1211 1832 109 28 Country
1350 1829 87 24 Orders
1468 1825 113 25 attended
1619 1827 25 22 to
1677 1824 55 24 with

1182 1862 160 31 promptitude
1354 1860 47 24 and
1416 1857 120 32 despateh.

1220 1898 174 30 GORDON
1440 1894 255 29 BROTHERS,

1302 1933 149 23 Braidvale
1473 1928 127 29 NURG3RT,

1260 1970 149 27 tfortb-East
1423 1968 87 31 Valley
1536 1966 112 25 Duuedin

1171 2333 54 47 \r>\
1317 2347 266 27 rtumlPil
1614 2346 73 24 &E
1704 2344 29 31 Y,

1183 2438 188 26 PRACTICAL
1393 2433 251 32 WATCHMAKER,
1662 2431 70 27 AND

1360 2486 193 32 JEWELIELI,

1287 2545 244 29 Sunderland-street,
1543 2542 82 31 Clyde,

1212 2601 38 31 (In
1262 2601 117 34 premises
1389 2600 74 32 lately
1477 2598 117 33 occupied
1612 2598 32 31 by
1665 2596 40 26 Mr

1373 2644 179 34 Tyrrell).

1212 2746 113 24 Watches
1350 2744 49 25 and
1434 2743 88 26 Clocks
1548 2738 111 35 repaired
1686 2740 47 25 and

1182 2789 74 24 timed
1281 2788 58 24 with
1372 2794 117 22 accuracy
1543 2785 40 24 All
1607 2784 72 24 kinds
1709 2781 25 25 o°

1180 2831 127 33 Jewellery
1317 2830 117 33 repaired.

1210 2876 39 24 All
1270 2874 90 32 rep-airs-
1378 2872 117 26 executed
1522 2872 58 25 with
1614 2870 117 30 despatch

1181 2919 17 22 it
1209 2921 63 19 most
1284 2916 143 24 reasonable
1442 2919 71 19 rates.

1171 3210 71 38 (THE
1282 3208 172 28 GHEATEST
1496 3205 148 28 WONDER
1689 3205 41 25 OF

1307 3252 145 28 MODERN
1484 3250 102 26 TIMES

1245 3843 93 26 PILLS
1370 3844 70 24 AND
1474 3840 177 27 OINTMENT

1184 4026 81 28 Purify
1279 4026 40 23 the
1331 4026 50 22 Bio-
1391 4024 24 30 d,
1429 4033 11 15 c
1451 4028 68 20 >rrect
1531 4024 31 24 all
1572 4024 129 23 Disorders
1719 4030 12 15 o

1181 4057 39 24 the
1232 4057 81 28 Liver,
1325 4057 59 23 Ston
1396 4057 174 29 ach,Kidneys,
1580 4057 46 23 and
1638 4055 95 23 Bowel.--

1181 4090 65 29 They
1270 4089 135 29 invigora'o
1433 4089 47 24 and
1503 4093 91 20 restore
1609 4090 25 21 to

1183 4122 143 24 Debilitated
1337 4122 184 27 Constitutions,
1531 4122 47 22 and
1588 4128 39 16 u'e
1639 4120 78 23 invalu-

1181 4154 52 23 able
1259 4153 25 24 in
1313 4153 32 24 all
1377 4154 141 30 complaints
1548 4153 130 24 incidental
1710 4158 23 18 to

1183 4186 105 24 Females
1299 4186 28 23 of
1336 4186 31 24 all
1378 4194 64 20 ages.

1172 4337 34 28 Ifs
1231 4348 28 15 an
1277 4340 115 23 infallible
1412 4346 63 16 remt
1485 4339 25 30 ]y
1531 4339 37 22 for
1595 4339 51 22 Bad
1664 4339 67 27 Legs,

1184 4372 50 23 Bad
1252 4372 102 28 Breasts,
1377 4370 46 23 Old
1450 4370 117 28 Wounds,
1593 4370 70 23 Sores
1687 4370 46 23 and

1184 4405 89 25 Ulcers.
1305 4403 47 26 For
1374 4403 58 25 Sore
1454 4402 110 29 Throats,
1589 4402 142 27 Bronchitis,

1183 4438 104 31 Oougha,
1325 4437 79 27 Cold?,
1447 4435 73 29 Gout,
1560 4435 173 26 Rheumatism,

1183 4471 133 23 Glandular
1324 4470 131 28 Swellings,
1463 4468 48 23 and
1520 4466 32 24 all
1559 4467 58 23 Skin
1626 4467 108 25 Diseases

1181 4503 19 24 it
1212 4500 25 32 ha
1249 4500 13 32 3
1274 4500 25 32 no
1313 4500 76 32 equal.

1214 4545 183 25 Manufactured
1442 4542 58 34 only
1548 4546 23 22 at
1612 4543 121 26 Professor

1184 4579 162 24 Holloway's
1362 4577 197 26 Establishment,

1181 4629 33 28 78,
1228 4629 72 23 NEW
1310 4628 53 23 OX!
1381 4627 57 25 3RD
1456 4626 126 28 STREET,
1600 4626 133 24 LONDON

1183 4676 54 25 And
1247 4683 52 25 may
1311 4676 29 23 be
1355 4674 44 24 bad
1412 4674 24 25 of
1447 4673 32 26 all
1493 4675 118 24 Medicine
1622 4674 111 25 Vendors

1315 4710 146 28 ihiouyUoUt
1471 4708 40 23 the
1525 4708 82 25 world,

1197 4750 195 33 ggrPurcbasers
1402 4750 85 24 should
1498 4750 54 24 look
1565 4752 26 20 to
1605 4750 41 23 the
1660 4748 71 25 Label

1180 4794 31 15 on
1223 4785 42 24 the
1280 4784 59 23 Pots
1355 4784 48 23 and
1415 4783 87 24 Boxes.
1537 4782 22 24 If
1575 4783 41 23 the
1636 4783 97 23 address

1179 4819 20 22 is
1208 4821 42 19 not
1261 4817 36 27 78,
1306 4816 59 23 New
1376 4816 90 23 Oxford
1480 4815 251 29 street,Londen,they

1180 4857 38 17 are
1231 4848 111 32 spuiious

1188 4974 30 30 (<*
1231 4974 8 23 I
1261 4987 40 10 mn
1321 4983 30 13 1•
1363 4981 13 15 *
1402 4980 42 23 per
1462 4974 48 30 day
1527 4976 25 21 to
1571 4981 29 16 De
1616 4972 70 23 made
1701 4972 32 30 by

1183 5008 35 25 cU
1227 4997 22 36 JL
1315 5002 68 31 Jj'tl
1402 5012 96 23 persons
1512 5006 26 23 of
1552 5005 76 25 either
1643 5012 49 21 sl-x,
1708 5004 23 25 in

1182 5037 60 24 thtir
1253 5044 52 17 own
1315 5037 121 30 localities,
1447 5041 25 20 at
1484 5038 65 25 work
1562 5038 35 23 for
1610 5045 35 18 us.
1675 5038 57 23 New

1183 5069 112 27 business.
1349 5070 39 25 All
1414 5073 63 23 meet
1502 5071 58 25 with
1599 5069 132 27 wonderful

1183 5111 97 18 success.
1328 5104 56 31 Any
1407 5111 43 18 one
1468 5112 42 17 can
1532 5105 30 23 do
1589 5104 41 24 the
1656 5103 73 24 work.

1183 5136 92 29 Capital
1291 5138 42 21 not
1343 5136 117 30 required.
1492 5136 45 24 We
1550 5136 49 24 will
1607 5140 59 20 start
1675 5142 48 23 you

1183 5168 76 23 Outfit
1273 5167 74 25 worth
1364 5168 30 25 £1
1418 5167 85 25 mailed
1518 5169 54 23 free.
1607 5168 55 24 The
1683 5175 37 16 em

1174 5199 2 33 i
1186 5199 122 32 ployment
1318 5200 20 23 is
1359 5200 154 30 particularly
1529 5201 103 31 adapted
1649 5203 25 21 to
1692 5199 41 24 the

1183 5233 83 30 aegion
1274 5232 25 24 in
1309 5232 76 24 which
1393 5232 47 26 this
1449 5233 144 32 publication
1601 5233 132 26 circulates.

1188 5267 62 29 Soys
1261 5265 45 24 and
1317 5265 57 30 girls
1385 5272 43 17 can
1447 5274 58 17 earn
1517 5267 83 31 nearly
1617 5275 25 16 aa
1663 5266 70 25 much

1190 5299 15 27 %
1232 5304 60 17 men.
1333 5298 55 23 Full
1411 5299 140 30 particulars
1569 5299 85 25 mailed
1676 5300 55 22 free.

1184 5329 63 26 Now
1255 5330 20 23 is
1287 5330 40 24 the
1336 5331 67 30 time;
1412 5331 67 24 don't
1490 5332 77 31 delay,
1578 5332 44 24 but
1633 5332 67 24 write
1709 5336 24 20 to

1185 5370 27 15 us
1223 5366 25 19 at
1261 5370 64 17 once.
1359 5364 106 24 Address
1484 5364 139 24 STINSON
1639 5365 22 24 &
1677 5365 56 27 CO.,

1187 5393 118 33 Portland,
1324 5395 89 30 Maine,
1432 5397 90 24 United
1536 5398 87 23 States.

1810 941 94 26 YAN'S
1937 934 187 33 BENDIGO
2177 929 116 28 HOTEL

1951 1013 163 22 Alexandra.

1791 1161 95 64 lest
1945 1154 313 66 Sceottttnakffait

1906 1281 26 30 4-
1950 1284 106 27 tt^ftiitt

1833 1484 27 24 L.
1877 1484 39 23 0..
1928 1482 107 28 Ryttx.,..
2069 1475 146 28 Proprietor.

1778 1636 93 26 N.B.—
1874 1634 74 24 Loose
1971 1630 76 24 Boxes

1887 2680 73 31 (Late
1972 2678 27 25 F.
2015 2676 139 26 Kumniich.

1908 2754 65 23 THE
1989 2751 156 24 ORIGINAL

1790 2796 99 24 FANCY
1923 2794 102 24 GOODS
2051 2790 207 27 WAREHOUSE,.

1820 2839 228 25 Tarbkbi-stricsi,
2066 2833 164 26 Alexandra.

1779 2929 114 24 Tobacco,
1907 2928 73 25 cigara
1999 2922 46 22 and
2062 2925 130 27 cigarettes,
2215 2919 26 24 of
2258 2919 39 24 the

1749 2998 101 27 choicest
1855 2994 74 26 brand
1933 3000 18 19 3.

1777 3080 150 26 MerscbaGm
1952 3080 46 20 and
2018 3074 68 26 wood
2111 3076 64 30 pipes
2189 3081 24 16 rn
2231 3081 54 23 grea

1749 3153 116 27 varieties,
1881 3150 45 23 and
1946 3148 30 23 all
2000 3148 70 22 kinds
2083 3147 24 23 of
2131 3146 144 24 tobacconist
2285 3156 8 11 *

1777 3299 19 21 A
1811 3295 72 25 select
1891 3292 67 25 stock
1971 3292 27 23 of
2007 3290 97 31 English
2114 3292 44 22 and
2169 3288 122 25 American

1747 3365 101 24 watches
1865 3363 46 24 and
1924 3361 84 28 clocks,
2025 3360 47 23 and
2086 3358 56 32 gold
2156 3359 46 23 and
2222 3357 71 25 silver

1745 3433 119 32 jewellery
1877 3432 25 25 in
1914 3431 40 24 the
1965 3431 88 23 newest
2064 3427 47 25 and
2120 3429 60 23 most
2189 3426 93 25 fashion

1747 3504 50 23 able
1822 3502 105 30 designs.
1984 3497 188 30 Electro-plated
2208 3496 82 31 goods,

1746 3578 38 20 tea
1809 3571 48 25 and
1877 3568 72 26 coffee
1972 3566 107 28 sorvices,
2100 3567 49 27 &c,
2169 3564 62 24 table
2248 3565 44 23 and

1747 3641 85 32 pocket
1862 3640 101 28 cutlery;
1999 3643 86 21 ra/sors,
2114 3638 84 26 straps,
2233 3634 44 23 &c.

1746 3709 119 33 glycerine
1885 3707 45 24 and
1954 3705 68 31 fancy
2043 3711 75 24 soaps,
2135 3706 87 26 scents,
2245 3701 47 26 hail

1746 3779 41 33 oil,
1825 3776 173 33 tricopherous,
2025 3774 51 24 hair
2107 3774 74 29 vigor,
2207 3771 87 27 combs,

1750 3854 106 29 brushes,
1871 3852 47 25 and
1934 3850 68 25 other
2016 3850 92 24 toilette
2120 3848 135 32 requisites.

1778 3942 20 23 A
1824 3939 64 29 large
1909 3935 66 26 stock
1990 3937 24 22 ot
2036 3934 137 30 stati.jnjry,
2191 3933 91 24 albums

1750 4010 104 28 dressing
1864 4016 71 22 Cises,
1949 4007 43 23 &c.

1783 4092 126 27 Holioway
1920 4095 10 16 8
1947 4086 115 29 Cockle's,
2074 4085 120 28 Norton's,
2203 4086 66 22 Hcott
2279 4092 9 14 s

1947 4156 47 23 and
2018 4155 68 24 other
2113 4155 85 23 Patent
2212 4153 78 24 Riedi-

1779 4304 50 23 Tbe
1853 4301 132 26 celebrated
2008 4300 119 30 Eucalypt
2150 4299 102 24 FsEcnce
2278 4298 19 24 ol

1750 4372 61 23 Gum
1825 4370 61 24 Leaf
1893 4369 77 27 Care;
1999 4368 46 23 and
2062 4375 14 16 a
2093 4367 91 30 variety
2198 4367 24 22 of
2236 4366 55 25 othe

1750 4442 102 29 articles,
1865 4444 36 27 toy
1901 4444 25 27 3.
1938 4438 67 30 dolls,
2020 4439 47 29 &0.,
2078 4443 38 19 too
2143 4446 128 17 numerous
2278 4442 19 21 tc

1752 4510 170 32 particularise.

1784 4669 175 30 Subscriptions
1972 4666 106 25 received
2088 4664 34 26 foi
2135 4666 108 24 Colonial
2254 4667 43 23 and

1752 4714 268 31 Engliah^newspapefa

1876 4954 130 27 NOT
2038 4955 12 24 I
2081 4956 19 24 C

1749 5063 7 17 r
1765 5054 78 38 fIHE
1858 5054 158 30 undersigned
2027 5061 40 17 are
2079 5054 63 24 Cash
2158 5054 139 28 Purchasers

1766 5087 14 28 I
1825 5088 25 24 of
1873 5087 75 31 Wool,
1972 5086 154 32 Sheepskins,
2149 5087 86 30 Hides,
2255 5092 42 24 and

1751 5121 163 24 Rabbitskinß.
1964 5120 103 30 Highest
2094 5120 98 26 Market
2223 5123 74 25 Prices

1747 5153 85 23 Given.
1865 5151 43 25 We
1918 5151 93 32 require
2022 5151 59 25 Two
2098 5153 96 25 Million
2211 5155 86 26 JRabbit

1747 5185 78 30 Skins,
1837 5185 87 29 having
1940 5184 49 23 Bale
2001 5185 38 23 for
2051 5185 55 25 that
2117 5190 107 22 amount.

1777 5233 151 25 Particulars
1941 5231 118 27 obtained
2072 5233 64 25 from
2163 5235 28 25 M
2215 5237 59 26 ißa

1750 5267 50 24 who
1829 5267 43 23 has
1900 5266 57 23 been
1975 5266 130 31 appointed
2128 5275 44 17 our
2194 5276 71 23 agent
2290 5260 7 16 8

1760 5298 138 31 Roxburgh.
2218 5322 13 11 m

1892 5334 102 28 SIMON
2022 5336 89 28 ATHY
2130 5340 21 25 &
2170 5340 59 31 CO.,

2154 5373 115 32 Tapanui.

2324 544 145 29 )UNSTAN
2497 540 115 33 STORE,
2642 533 222 32 ALEXANDRA.

2376 687 201 30 riLLIAM
2641 678 227 32 THEYERS,

2319 770 206 28 WHOLESALE
2550 769 23 24 &
2597 765 124 27 RETAIL
2737 760 130 27 FAMILY

2348 840 144 30 GROCER,
2508 837 101 31 WINE,
2632 833 119 31 SPIRIT,
2770 830 69 26 AND

2399 907 162 28 GENERAL
2592 900 202 32 MERCHANT,

2321 994 49 24 Has
2392 994 89 29 always
2505 999 32 17 on
2563 989 66 25 hand
2653 995 15 17 a
2698 981 171 30 well-assorted

2321 1060 67 26 <toek
2422 1061 25 25 of
2475 1058 133 30 Groceries,
2639 1054 127 30 Croekory,
2796 1051 59 26 Iron-

2319 1140 122 23 mongery,
2463 1130 115 29 Farming
2601 1126 47 25 aid
2668 1124 93 30 Mining
2784 1121 71 31 Imple-

2321 1204 83 28 ments,
2429 1201 102 27 Canvas,
2550 1197 182 27 Horse-covers,
2755 1192 76 24 Tents
2845 1190 24 25 of

2320 1272 29 24 ill
2376 1271 67 24 sizes.
2497 1268 66 29 Also,
2589 1274 14 17 a
2631 1264 66 25 stock
2729 1262 28 25 of
2781 1261 87 25 Patent

2322 1340 127 26 Medicines
2461 1338 46 25 and
2521 1337 137 30 Stationery
2671 1334 87 31 always
2772 1331 65 32 kept.

2346 1446 38 25 All
2402 1446 70 24 kinds
2486 1445 25 23 of
2522 1442 112 30 Farming
2645 1440 109 24 Produce
2767 1437 47 25 and
2827 1437 38 24 the

2318 1517 51 23 best
2382 1514 125 30 Wakatipu
2523 1512 74 24 Flour
2608 1519 31 16 on
2650 1508 71 25 hand.

2385 1670 145 25 DRAPER*
2564 1665 223 26 DEPARTMENT.

2344 1754 21 23 A
2389 1747 172 29 well-selected
2586 1745 67 26 stosk
2679 1743 28 26 of
2718 1742 77 26 Men's
2817 1741 47 25 and

2318 1822 97 26 Vouth's
2444 1819 115 30 Clothing
2580 1816 27 26 of
2634 1815 31 25 all
2697 1814 156 30 descriptions

2318 1893 53 24 Also
2388 1898 14 18 a
2417 1890 64 31 large
2496 1887 151 25 Assortment
2667 1884 24 25 of
2705 1881 91 26 Ladies'
2815 1881 46 24 and

2317 1963 113 25 Children
2438 1967 12 18 8
2476 1957 89 30 Goods,
2591 1953 130 31 consisting
2744 1952 24 26 of
2789 1951 73 25 Dress

2321 2031 116 31 Material,
2450 2029 106 28 Jackets,
2567 2025 69 29 Hats,
2646 2021 215 31 Under-Clothing,

2321 2100 113 34 Winceys,
2443 2096 106 31 Tweeds,
2557 2095 101 29 Ulsters,
2667 2093 46 25 and
2721 2090 143 33 Trimmings

2321 2171 25 25 jf
2361 2171 30 24 all
2411 2169 80 25 kinds.
2524 2167 60 23 Also
2599 2173 14 16 a
2627 2165 68 23 stock
2714 2162 26 23 of
2761 2161 104 31 Carpets,

2323 2241 110 30 Matting,
2456 2236 170 29 Flsor-clotha,
2652 2234 116 24 Blankets
2791 2232 27 23 of
2835 2232 31 23 all

2321 2309 76 35 kinds,
2423 2307 79 33 Quilts
2516 2305 48 27 and
2584 2302 116 33 Sheeting
2714 2301 26 26 of
2757 2300 41 26 the
2817 2300 54 33 best,

2320 2380 101 35 quality.

2424 2528 81 24 BOOT
2534 2524 102 25 DEPAP
2651 2521 107 26 .MENT.

2296 2601 9 33 \
2355 2613 20 23 A
2406 2610 65 31 large
2491 2615 48 17 anu
2566 2601 166 30 well-selected
2758 2598 68 28 stock
2847 2599 23 26 of

2325 2679 74 27 Men's
2420 2676 129 30 Women's,
2557 2672 110 31 Youth's,
2678 2671 47 26 and
2737 2669 132 26 Children's

2322 2751 72 24 Boots
2417 2748 49 25 and
2490 2746 81 29 Shoes,
2587 2744 26 24 of
2625 2749 72 24 every
2712 2738 155 34 description.

2323 2818 55 25 Also
2385 2825 14 18 a
2407 2815 65 28 «rto?k
2482 2815 25 26 of
2518 2811 79 28 North
2606 2809 92 28 British
2707 2808 65 26 Gum
2784 2807 82 26 Boots.

2316 3455 287 37 /CRITERION
2677 3448 171 28 HOTEL

2498 3524 167 24 Alexandra.

2343 3645 31 23 H.
2394 3644 98 23 Tohill

2687 3636 142 30 Proprietor.

2304 3746 5 47 1
2344 3766 31 27 H.
2420 3763 79 26 Tohill
2542 3762 57 31 bega
2640 3761 25 22 to
2697 3758 87 25 inform
2824 3756 40 25 the

2316 3818 47 18 trav
2371 3811 70 29 filing
2454 3808 81 31 public
2549 3807 52 23 thut
2617 3805 47 24 this
2674 3803 64 25 hotel
2748 3808 115 26 possesses

2317 3862 70 23 every
2408 3852 167 28 convenience,
2599 3848 47 25 and
2661 3848 75 24 trusts
2750 3846 32 32 by
2797 3844 67 27 strict

2318 3901 117 25 attention
2461 3901 25 20 to
2501 3897 42 23 the
2567 3895 100 25 comfort
2688 3893 28 23 of
2734 3891 127 25 travellers

2317 3945 45 25 and
2378 3944 40 25 the
2432 3941 79 33 pnblic
2530 3937 127 34 generally,
2679 3941 25 20 to
2719 3934 72 27 merit
2803 3933 60 26 their

2317 3993 134 25 oatronage.

2319 4075 93 23 Private
2445 4071 83 24 Parlor
2565 4068 45 25 and
2650 4066 140 24 Bed-rooms
2829 4064 36 23 for

2405 4115 118 30 Families,
2547 4113 58 24 with
2626 4110 149 25 Bath-room.

2321 4243 72 26 uarge
2408 4235 45 26 and
2469 4232 168 27 Commodious
2651 4229 100 25 Billiard
2768 4228 96 31 Rooms,

2408 4283 47 25 and
2480 4280 107 25 Alccck's
2603 4278 68 25 Prize
2690 4276 84 25 Table.

2321 4398 55 26 Best
2395 4396 86 30 Wines,
2497 4393 95 35 Spirits,
2599 4392 47 25 and
2655 4391 71 26 Beers
2735 4389 54 34 only
2801 4389 63 32 kept.

2354 4492 30 22 he
2410 4489 114 29 Culinary
2552 4486 158 25 Dcuartment
2740 4483 111 30 specially

2506 4530 111 27 attended
2629 4534 25 19 to

2322 4724 91 24 Double
2424 4722 48 24 and
2492 4720 81 30 Single
2594 4718 102 31 Buggies
2713 4717 46 23 and
2777 4717 88 23 Horses

2488 4761 87 32 always
2591 4767 29 17 on
2633 4758 61 25 hire.

2446 4877 90 26 GOOD
2552 4874 178 29 STABLING.

2351 4933 20 23 A
2386 4937 53 18 new
2450 4927 48 26 and
2509 4929 62 24 most
2587 4925 160 26 commodious
2758 4932 72 26 range
2841 4928 24 22 ot

2321 4976 70 22 Stone
2401 4971 93 26 Stables
2506 4971 61 24 have
2576 4970 58 23 been
2648 4968 106 32 recently
2766 4968 99 29 erected,

2321 5016 45 26 and
2382 5014 115 34 provided
2511 5013 57 25 with
2589 5021 36 16 six
2646 5012 64 25 loose
2726 5012 73 25 boxes
2819 5012 46 26 and

2320 5061 68 26 other
2400 5058 74 31 stalls,
2486 5061 43 21 not
2543 5056 126 33 surpassed
2686 5056 25 25 in
2730 5063 45 25 auy
2826 5056 39 25 the

2320 5108 132 30 upcouctry
2465 5103 116 25 districts.

2296 5160 6 20 t

2348 5201 23 25 A
2393 5199 156 34 professional
2576 5207 83 24 groom
2672 5199 89 28 always
2781 5199 32 24 in-
2831 5201 23 24 at-

2296 5261 8 15 a
2325 5259 108 25 audance

2947 236 160 26 ATTHEWS
3140 236 70 25 AND
3243 234 191 32 CHALMERS,

3036 278 292 31 COACHBUILDERS,

2880 320 275 28 WHEELWRIGHTS,
3172 321 68 23 AND
3262 320 158 25 GENERAL

3038 363 243 30 BLACKSMITHS,

2986 407 64 26 Boss
3064 407 92 31 Place,
3176 407 151 25 Lawrence.

3021 506 89 27 Orders
3123 506 127 25 Executed
3264 506 38 25 for

2897 552 154 31 BUGGIES,
3086 551 147 25 STATION
3269 550 154 31 WAGONS,

2989 595 72 26 AND
3077 594 122 27 SPRING
3216 594 110 25 CARTS.

2912 701 115 26 Carriers'
3038 701 48 26 and
3100 700 126 26 American
3238 700 129 31 Waggons.

2912 757 79 29 Road,
3003 757 82 30 Farm,
3097 757 46 24 and
3154 757 45 31 Tip
3213 757 146 30 Drays—all
3372 757 61 24 sizes

2912 812 96 32 Mining
3016 811 79 31 Took,
3104 812 170 32 Agricultural
3286 812 139 32 Implemen

3005 926 256 29 HORSESHOEING,
3278 926 63 31 &c.f,

3018 1041 35 25 At
3071 1040 125 25 Moderate
3215 1039 88 28 Priceß.

2992 1442 7 13 i
3053 1435 47 18 a'-'
3111 1437 27 16 car

2945 1910 144 40 iftsV'

3149 1963 32 3 -

2999 2016 20 20 **
3036 2024 10 18 j
3063 2034 15 8 ~
3213 2034 11 7 ~
3234 2028 6 10 r
3252 2011 42 31 ?>

3022 2126 92 24 NEW
3149 2126 284 26 UNRIVALLED

2872 2164 2 38 |
2894 2171 14 13 *
2958 2168 132 25 Wertheim
3116 2170 94 32 Sewing
3226 2170 113 26 Machine
3359 2171 21 25 is
3392 2171 42 25 the

2872 2210 115 36 {Wonder
3013 2213 25 24 of
3064 2213 41 24 the
3133 2213 61 31 Age.
3255 2217 21 22 ts
3304 2217 130 24 automatic

2883 2255 191 24 bobbin-winder
3085 2256 19 23 is
3118 2263 14 16 a
3152 2257 91 23 marvel
3255 2257 26 23 of
3293 2257 139 31 perfection,

2884 2297 76 33 filling
2971 2298 40 25 the
3023 2298 102 26 bobbins
3133 2306 25 18 as
3170 2300 94 31 regular
3275 2308 24 18 as
3314 2300 41 26 the
3375 2302 58 31 reel,

2885 2342 48 24 and
2950 2342 96 32 putting
3072 2350 31 18 on
3128 2344 120 24 one-third
3272 2352 64 17 more
3356 2348 80 23 cotton

2886 2384 58 25 than
2958 2384 41 26 the
3013 2384 178 26 old-fashioned
3212 2385 109 31 winders,
3337 2387 99 31 thereby

2886 2426 81 30 saving
2983 2427 58 24 time
3053 2427 47 24 aod
3116 2427 130 33 produciug
3269 2429 79 24 better
3361 2429 73 25 work.

2886 2473 52 25 The
2945 2473 99 25 Treadle
3053 2472 123 26 Machines
3184 2474 60 24 have
3253 2476 82 30 patent
3342 2477 94 30 castors,

2886 2515 60 25 solid
2959 2516 89 26 walnut
3058 2518 61 30 tops,
3127 2516 58 31 yard
3199 2523 105 19 measure
3313 2516 85 26 affixed
3411 2521 24 21 to

2885 2559 55 26 each
2952 2559 114 32 machine,
3081 2559 178 33 double-acting
3276 2561 159 31 presser-foot,

2886 2605 75 26 which
2974 2605 100 26 releases
3084 2605 41 26 the
3134 2605 83 26 thread
3225 2605 61 27 from
3295 2605 40 27 the
3344 2606 90 26 tension

2886 2648 65 24 when
2960 2648 122 32 removing
3088 2648 25 24 th
3136 2648 72 31 work,
3217 2648 100 32 thereby
3323 2650 112 32 avoiding

2883 2690 41 26 the
2945 2692 121 32 irritating
3083 2690 118 28 accidents
3218 2692 77 26 which
3309 2700 70 19 occur
3401 2702 31 17 on

2882 2734 32 25 all
2925 2735 69 26 other
3004 2735 126 32 machines,
3144 2735 57 26 such
3212 2744 26 17 as
3252 2736 167 27 thread-break-

2882 2778 121 32 breaking.
3034 2780 141 30 Appliances
3192 2780 56 25 free.

2881 2825 52 28 The
2941 2826 131 28 Wertheim
3229 2829 81 26 Hand-

2909 2871 118 28 Machine,
3039 2867 59 31 with
3121 2872 76 25 radial
3220 2872 89 27 shuttle

2909 2918 135 21 movement
3116 2929 16 11 ti
3135 2934 7 5 .
3207 2916 99 25 ...From
3322 2917 35 25 £3
3376 2916 15 25 0
3413 2918 15 22 0

2878 2960 49 25 The
2940 2959 137 28 Unrivalled
3090 2961 130 26 Wertheim
3229 2961 63 26 Trea-

2907 3004 171 31 dle-Machine,
3105 3005 58 25 with
3191 3005 32 25 all
3262 3012 31 25 ap-

2906 3048 120 30 pliances;
3040 3048 72 30 swift,
3120 3052 90 27 strong,
3231 3048 62 31 light-

2906 3091 113 33 running,
3034 3092 118 31 noiseless,
3170 3091 134 33 lockstitch,

2905 3137 72 23 latest
2987 3137 48 24 and
3046 3137 52 24 best
3193 3155 26 6 ...
3284 3156 25 7 ...
3346 3139 10 22 3
3377 3138 17 23 0
3412 3139 14 20 0

2876 3186 50 26 The
2942 3186 132 26 Wertheim
3085 3187 21 25 B
3130 3187 176 31 Dressmakers;

2906 3231 210 29 Machine—swift,
3123 3231 119 30 noiseless,
3249 3232 58 30 high

2906 3283 49 18 arm
2965 3276 118 32 adjusting
3093 3283 107 25 pressor;
3219 3276 87 25 double

2907 3320 94 31 driving
3012 3320 74 24 wheel
3339 3321 13 21 8
3366 3320 27 24 15
3415 3320 14 24 0

2878 3369 51 24 The
2942 3368 132 25 Wertheim
3096 3368 195 32 Medium—light-

2907 3413 110 32 running,
3031 3413 118 32 noiseless,
3159 3413 72 32 swift,
3249 3410 57 27 with

2907 3459 30 24 all
2949 3457 133 33 appliances
3337 3459 13 22 9
3361 3458 30 23 10

2878 3508 52 26 The
2960 3508 135 24 Wertheim
3121 3508 92 24 Titania
3267 3507 40 25 the

2907 3553 193 33 manufacturing
3114 3552 107 26 machine
3232 3553 25 24 of
3268 3553 41 25 the

2906 3598 172 25 future—with
3097 3601 66 21 extra
3187 3598 58 31 high
3269 3598 38 24 lift

2907 3641 27 24 of
2962 3642 173 29 pres3ure-foot
3164 3642 47 23 and
3244 3641 65 31 large

2907 3684 90 25 shuttle
3010 3694 7 21 ;
3031 3692 13 17 a
3057 3684 87 32 perfect
3155 3684 65 32 giant
3281 3702 25 7 ...
3326 3685 27 24 10
3365 3684 29 25 10
3413 3687 11 21 C

2878 3734 51 25 The
2970 3735 132 24 Wertheim

2907 3779 73 25 Hand
3011 3779 184 25 Machine—the
3225 3779 82 25 ladies'

2907 3824 138 30 companion
3100 3824 118 30 noiseless,
3237 3824 72 30 swift,

2907 3868 61 31 light
2979 3882 15 4 -
3004 3868 110 31 rnnning,
3178 3868 130 25 automatic

2908 3914 88 23 bobbin
3014 3927 15 3 -
3052 3914 97 28 winder,
3180 3915 130 22 automatic

2908 3958 100 30 tension,
3013 3957 174 32 double-acting
3194 3965 103 24 pressure-

2907 4003 58 29 foot,
2978 4003 170 24 foot-measure
3168 4010 30 16 on
3220 4003 70 24 stand
3302 4011 6 21 ;

2907 4046 31 25 all
2952 4046 132 30 appliances
3100 4045 49 26 free
3281 4066 25 7 ...
3340 4050 12 21 5
3377 4048 14 24 0
3415 4050 12 22 0

2882 4095 65 25 With
2970 4095 118 26 beautiful
3114 4095 195 32 highly-finished

2911 4139 87 25 walnut
3013 4146 69 17 cover
3192 4158 25 6 ...
3282 4158 25 8 ...
3340 4142 14 24 6
3415 4143 15 23 0

2911 4188 43 24 We
2965 4189 127 29 guarantee
3100 4187 32 25 all
3142 4196 44 16 our
3196 4189 118 24 machines
3329 4189 37 24 for
3389 4192 35 22 ter

2881 4234 74 25 years,
2971 4226 45 24 and
3031 4226 47 25 will
3090 4226 59 32 keep
3161 4227 64 24 them
3238 4227 22 24 in
3274 4228 60 31 good
3350 4228 77 29 repair

2883 4266 47 25 free
2943 4266 24 26 of
2980 4266 80 31 charge
3072 4266 37 24 for
3122 4266 67 25 three
3202 4273 77 24 years.

2911 4314 38 26 No
2959 4317 86 22 matter
3053 4314 77 24 where
3141 4321 48 23 you
3205 4314 54 30 live,
3271 4314 24 24 in
3306 4322 46 23 any
3377 4318 51 26 part

2883 4357 51 27 part
2956 4352 27 24 of
3003 4352 39 24 the
3065 4351 97 30 Colony,
3186 4359 48 23 you
3261 4360 54 23 may
3335 4356 60 20 have
3417 4360 13 16 a

2885 4391 140 25 VVKRTHEiti
3038 4397 31 19 on
3085 4389 57 26 time
3159 4393 121 30 payment.

2884 4442 132 27 Wholesale
3029 4442 46 24 and
3086 4442 79 24 Retail
3177 4442 92 31 Depot:
3304 4442 91 26 Corner
3408 4444 24 24 of

2924 4481 96 23 Princes
3032 4480 47 24 and
3090 4479 208 31 Dowling-streets
3311 4481 112 24 Dunedin

2949 4518 94 24 ROBT.
3061 4517 192 31 LOCHHEAD,
3270 4520 92 23 Agent.

2911 4556 59 24 New
2981 4563 54 23 cogs
3053 4558 44 27 put
3108 4555 50 24 into
3172 4556 104 31 feiuger's
3291 4557 37 24 for
3355 4560 25 21 8s
3392 4558 37 25 6d.

2881 4593 48 25 The
2956 4593 133 24 Wertheim
3117 4599 55 24 cogs
3197 4600 39 17 are
3260 4594 167 25 unbreakable.

2884 4631 119 24 Machines
3039 4633 113 28 prepared
3190 4632 31 29 by
3259 4640 13 15 a
3306 4632 113 24 first-clas-

2881 4668 127 24 mechanic-
3048 4667 57 30 Oils,
3128 4667 140 32 duplicates,
3286 4670 94 24 needles
3405 4672 24 22 of

2881 4708 30 22 all
2923 4707 69 22 kinds
3004 4706 58 30 kept
3074 4706 24 23 in
3112 4706 77 23 stock.

2911 4742 90 32 Family
3018 4742 93 30 Kilting
3123 4742 122 24 Machines
3256 4743 69 31 (Gin),
3337 4745 48 24 255.

2908 4788 191 30 Time-payment
3113 4790 81 27 terms,
3207 4788 41 24 20a
3271 4788 92 31 deposit
3382 4791 48 23 and

2881 4827 26 22 5s
2914 4825 97 31 weekly.

3340 4050 12 21 5
3377 4048 14 24 0
3415 4051 12 20 G

3340 4142 14 24 6
3415 4143 15 23 0

2919 5070 138 28 fcEMEDY
3088 5070 157 28 PREEI-A
3283 5073 82 26 victim
3405 5074 24 25 of

2966 5117 113 31 youthful
3133 5118 154 31 imprndenee
3333 5119 96 32 causing

2883 5160 135 25 Premature
3040 5159 89 32 Decay,
3163 5161 113 25 Nervous
3313 5161 114 33 Debility,

2883 5207 56 25 Lost
2951 5205 130 32 Manhood,
3092 5207 52 28 &<:.,
3156 5205 89 32 having
3262 5207 64 25 tried
3337 5207 24 25 in
3375 5207 54 26 vain

2882 5253 70 24 every
2965 5244 87 27 known
3074 5245 106 32 remedy,
3203 5245 43 26 has
3266 5245 135 28 discovered
3417 5257 14 16 *

2883 5289 73 31 imple
2983 5289 122 29 self-cure,
3140 5289 80 25 which
3246 5291 30 23 he
3306 5291 50 24 will
3372 5293 57 22 send

2886 5322 83 24 FREE
2982 5325 24 20 to
3024 5321 35 24 his
3084 5322 348 28 fellow-sufferers.—Address

2883 5354 24 24 J.
2932 5354 34 24 H.
2996 5354 137 31 REEVES,
3163 5355 70 29 Esq.,
3261 5357 29 24 43
3314 5357 117 25 Chatham

2883 5396 87 30 Street,
2981 5397 58 24 New
3052 5397 67 25 York
3130 5398 64 30 City,
3206 5397 82 28 U.S.A

3480 225 210 27 ALEXANDRA
3719 224 132 27 TIMBER
3879 228 91 26 XaKD

3517 298 124 26 Taebert
3655 306 99 24 street,
3769 300 19 24 A
3791 308 49 17 lex
3842 308 34 18 Ay
3877 308 34 18 db
3912 308 23 19 a,

3441 457 170 37 ICabpenteb,
3646 462 211 35 Wheelwright,
3901 469 70 29 Blac

3645 517 53 19 and
3728 512 173 33 contractor,

3636 562 51 26 Has
3705 573 32 17 on
3750 566 85 26 Sale-

3454 607 107 26 Colonial
3575 611 47 24 and
3641 613 123 32 Imported
3782 615 104 30 Timber,

3513 651 39 26 for
3562 653 166 36 wheelwright,
3739 656 111 35 building
3857 658 45 27 and
3912 658 90 35 mining

3513 701 115 26 purposes

3453 773 83 31 Doors,
3544 773 98 33 Sashes,
3642 773 141 33 Mouldings,
3792 776 197 31 Arohitraves,&c

3451 814 146 26 Galvanized
3611 816 47 24 and
3675 816 145 33 Corrugated
3843 819 58 26 Iron

3454 862 82 32 Ridge,
3563 861 114 33 Capping,
3702 863 125 32 Spouting,
3850 865 40 24 and
3890 865 5 12 1
3923 865 59 25 Dow

3507 906 89 34 Piping

3452 981 69 26 Naila
3533 990 46 16 ana
3596 983 90 26 Screws
3703 990 25 19 ot
3741 985 32 24 all
3787 987 153 31 descriptions

3451 1025 94 31 Paints,
3559 1025 58 32 Oils,
3635 1026 112 32 Varnish,
3763 1028 45 25 and
3820 1028 69 26 Glass

3451 1102 40 25 All
3505 1103 70 25 kinds
3590 1103 25 26 of
3631 1103 107 33 building
3752 1103 48 28 and
3820 1112 71 24 goner

3510 1155 113 25 mongery

3453 1223 136 26 Windmills
3611 1232 32 17 on
3656 1225 41 24 the
3709 1225 135 30 self-acting
3871 1223 125 33 priuciple.

3449 1315 21 24 A
3493 1315 64 33 large
3578 1316 66 26 stock
3660 1317 25 24 of
3699 1317 108 25 Colonial
3829 1316 105 30 English,
3947 1321 47 21 and

3479 1366 124 26 American
3613 1367 130 26 Furniture
3754 1369 85 30 always
3850 1376 31 16 on
3891 1368 72 24 nand.

3448 1418 87 31 Drays,
3566 1419 127 31 Waggons,
3710 1422 117 29 iiuggios,
3844 1421 140 30 Agncu'tur

3458 1460 46 24 and
3519 1460 96 31 Mining
3623 1460 154 32 Implements
3787 1462 47 24 and
3846 1462 136 29 Machinery

3593 1500 67 26 vnade
3672 1502 47 24 aud
3730 1500 108 34 repaired

3460 1583 89 25 Horses
3577 1578 60 26 6hod
3658 1585 32 16 on
3716 1583 40 19 tue
3772 1585 59 19 diosi
3858 1583 119 30 approved

3636 1623 115 32 principle

3516 2072 20 23 0
3553 2071 21 24 B
3586 2069 22 26 E
3624 2070 22 25 R
3662 2071 19 24 T
3755 2069 232 26 FINLAY

3551 2176 346 32 STOREKEEPER,

3615 2325 212 32 ALEXANDRA.

3528 2857 115 26 OMAS
3714 2857 262 29 SINCLAIR

3471 2934 111 27 BREAD
3601 2937 69 25 AND
3690 2936 130 27 BISCrjfT
3837 2939 126 26 BAKER*

3646 3015 166 31 Alexandral

3470 3186 27 27 T.
3510 3186 24 25 S«
3549 3180 87 27 desires
3647 3182 25 24 to
3690 3179 74 26 thank
3783 3180 39 26 the
3851 3175 141 33 inhabitant

3453 3266 14 16 o
3489 3257 135 26 Alexandra
3635 3265 47 18 aau
3692 3256 162 33 surrounding
3861 3255 95 26 district
3966 3255 26 25 to

3443 3334 40 24 the
3498 3335 101 30 support
3616 3333 114 25 accorded
3752 3333 50 24 him
3823 3333 25 24 in
3867 3332 42 25 the
3933 3335 63 28 past,

3443 3403 45 24 and
3503 3407 24 20 to
3543 3403 87 24 inform
3646 3403 65 23 them
3723 3402 54 24 that
3787 3401 101 32 nothing
3902 3399 47 27 will
3966 3401 30 25 be

3443 3473 103 31 wanting
3566 3480 31 17 on
3618 3473 37 24 his
3677 3474 54 29 part
3745 3473 24 22 in
3790 3473 42 23 the
3860 3471 81 25 future
3968 3473 26 22 to

3444 3542 67 25 merit
3526 3549 13 16 a
3550 3541 156 25 continuance
3715 3540 25 25 of
3751 3540 64 25 their
3824 3542 107 30 support.

3477 3683 115 33 Wedding
3607 3684 48 26 and
3664 3684 117 32 Birthday
3796 3681 76 28 Cakes
3887 3681 69 26 made
3967 3683 25 24 to

3472 3830 149 34 Tea-parties
3649 3831 47 25 and
3718 3831 90 25 Picnics
3831 3826 111 35 supplied
3968 3829 25 23 at

3444 3904 39 23 the
3495 3902 104 25 shortest
3616 3902 84 24 notice.

3472 3977 111 28 Nothing
3595 3978 43 24 but
3652 3977 41 25 the
3709 3977 57 24 Bjst
3778 3974 112 26 Material
3901 3974 67 25 usad.

3512 4125 159 26 ATTHEWS
3714 4126 21 24 &
3778 4122 216 47 pHALMERS,

3623 4194 196 27 LAWRENCE.
3839 4175 5 11 '

3564 4280 77 24 Price
3657 4278 59 24 List
3738 4285 48 17 for
3803 4278 67 24 1884.

3448 4323 101 32 Buggies
3557 4322 47 24 and
3613 4322 94 24 Station
3716 4320 120 30 Waggons
3844 4320 51 24 £25
3907 4320 18 23 t\
3944 4319 50 24 £4O

3447 4362 126 30 Expresses
3583 4359 47 24 and
3644 4357 250 32 Waggonettes...£3o
3907 4359 24 20 to
3944 4355 51 25 £45

3447 4399 85 34 Spring
3543 4399 108 25 Carts...
3745 4415 26 9 ...
3846 4395 52 26 £lB
3909 4398 24 23 to
3945 4393 51 28 £23

3449 4446 65 24 Road
3526 4446 77 30 Drays
3842 4442 51 26 £lB
3905 4446 25 19 to
3943 4440 52 25 £l9

3449 4484 67 26 Road
3530 4483 79 31 Drays
3620 4483 71 28 (with
3705 4482 96 29 frames)
3817 4480 78 26 ...£l9
3903 4482 27 22 to
3943 4478 53 26 £2O

3450 4523 40 31 Tip
3501 4522 70 24 Farm
3586 4522 79 29 Drays
3679 4520 71 33 (with
3767 4520 76 24 braku

3505 4555 47 23 and
3565 4554 86 30 frame)
3744 4570 25 6 ...
3845 4549 52 26 £2O
3909 4552 24 21 to
3944 4550 34 24 £2

3445 4594 43 30 Tip
3500 4592 80 31 Drays
3905 4588 26 24 to

3446 4638 124 25 American
3583 4638 70 22 Farm
3665 4637 123 30 Waggons
3806 4652 26 8 ...
3844 4634 53 24 £3B

3444 4677 111 28 Carriers'
3576 4677 120 32 Waggons
3751 4694 15 6 ..
3844 4674 49 25 £oo

3578 4752 280 31 HORSE-SHOEING.

3445 4807 83 25 Heavy
3541 4802 122 30 Draughts
3677 4818 26 5 ...
3799 4818 25 6 ...
3857 4802 26 22 S?
3899 4807 42 22 per
3957 4801 37 22 set

3446 4846 69 31 Light
3527 4844 122 31 Draughts
3676 4861 5 6 .
3796 4862 25 6 ...
3855 4845 22 23 7s
3893 4843 31 24 &d
3945 4859 15 13 „

3443 4890 148 30 Spring-cart
3601 4887 46 24 and
3657 4887 71 24 Farm
3738 4886 91 25 Horses
3853 4889 26 22 7s
3897 4911 5 2 .
3948 4904 15 12 „

3444 4931 86 27 Saddle
3547 4929 79 26 Hacks
3670 4949 25 8 ...
3790 4946 26 8 ...
3849 4931 27 23 6s
3947 4948 15 11 „

3436 5006 1 34 |
3473 5008 95 32 Mining
3579 5009 48 24 and
3639 5007 137 33 Quarrying
3787 5006 71 25 Tools
3874 5009 24 22 at
3909 5007 82 25 lowest

3444 5045 67 22 rates.

3472 5097 104 31 Fittings
3588 5096 37 26 for
3634 5096 124 24 Bamlett's
3765 5094 114 33 Reapers,
3888 5094 50 33 &a.,
3946 5095 34 24 &*

3474 5143 10 23 1
3498 5139 197 27 Double-motion
3703 5139 64 25 Back
3776 5139 113 31 Delivery
3900 5139 94 31 Reaper

3444 5177 30 27 by
3487 5175 61 24 Reid
3560 5173 46 25 and
3619 5173 73 31 Gray,
3706 5173 64 31 price
3784 5172 55 25 £25.
