4186 6483
130 221 26 30 A
177 218 133 33 PEER'S
331 217 196 32 ROMANCE.

84 296 26 21 In
120 302 33 19 my
163 294 41 20 last
223 295 57 23 stery
300 293 15 10 *'
325 291 44 22 The
388 291 139 26 Signalman's
546 290 50 20 Blun-

138 327 9 21 I
170 326 135 25 incidentally
328 326 119 19 mentioned
465 327 36 17 t'.e
510 323 47 26 long
567 322 42 26 pile

57 361 73 27 bridge
138 368 26 14 on
175 360 65 20 which
251 360 36 20 the
296 360 45 19 first
350 359 82 24 rai'way
442 365 36 13 r;»u
488 358 44 20 into
543 357 65 19 Fleet-

58 395 66 22 Wood.
163 393 67 20 When
241 394 35 19 the
286 393 107 23 telegraph
404 398 40 13 w*s
454 398 20 12 re
484 390 123 19 established

59 432 22 18 at
91 428 125 24 Fleetwood,
227 427 54 21 after
292 426 36 21 the
336 428 55 18 town
402 425 40 20 bad
453 424 51 20 been
522 422 85 22 without

59 463 51 21 such
119 461 178 22 accommodation
308 461 31 19 for
349 459 75 20 several
435 464 65 18 years,
511 457 36 20 the
557 456 50 19 buts

57 496 24 22 ©f
91 495 47 21 wire
147 494 42 21 still
200 496 54 18 wont
261 494 61 21 alone
332 494 35 18 tbe
377 492 33 20 old
421 491 76 24 bridge,
508 489 97 24 although

62 531 10 19 t
81 529 40 22 had
132 530 35 19 net
178 527 50 21 beeo
240 526 49 21 used
299 526 31 20 tor
342 526 83 23 railway
436 529 96 19 purpose?
551 522 56 20 since

59 569 12 15 a
81 564 58 25 great
160 561 99 21 storm—l
270 560 59 20 think
347 560 22 19 in
380 557 36 24 '57,
427 559 58 19 when
496 557 35 19 the
543 553 62 26 Royal

59 596 90 22 Charter
172 601 40 14 was
231 593 181 24 wrecked-swept
432 596 55 17 away
497 587 78 22 several
584 587 21 20 of

58 630 38 21 tht
104 628 58 27 piles.
198 628 43 20 Our
250 632 107 19 company,
367 626 36 18 the
413 623 78 21 British
502 622 39 20 and
553 620 51 20 Irish

58 662 112 27 Magnetic,
183 667 52 15 were
244 663 22 17 at
275 660 35 20 the
320 661 50 18 time
380 663 87 19 running
478 663 11 12 a
499 661 45 14 race
555 654 49 19 with

58 698 38 21 the
116 697 51 20 rival
188 701 107 19 company,
319 694 35 19 the
377 693 96 21 Eleetnc,
493 689 111 23 extending

59 730 56 21 their
123 731 76 24 system
210 734 21 14 as
242 726 78 26 rapidly
331 732 22 13 as
364 724 86 26 possible
460 722 25 21 all
504 727 47 15 over
569 721 35 19 the

59 764 92 24 country.
180 762 46 20 And
237 760 53 23 thus,
301 759 32 21 for
342 764 56 15 some
408 760 49 17 time
468 756 53 20 after
532 755 7 19 I
551 755 53 19 went

57 799 25 19 te
90 796 123 22 Fleetwood,
224 795 35 20 the
269 792 106 27 telegraph
386 797 58 14 wires
459 795 50 14 were
519 787 83 20 allowed

57 831 23 19 to
102 835 77 14 remaie
202 828 59 24 along
272 828 34 19 the
316 828 33 18 old
360 825 82 22 railway
461 824 65 18 route.
562 820 42 19 But

57 863 59 21 there
125 867 51 15 were
186 867 23 14 so
230 866 61 16 many
312 858 133 20 breakdowns
454 856 47 19 that
511 855 21 19 at
542 853 40 19 last
591 858 13 12 a

58 903 52 19 gsag
120 895 21 21 of
151 896 98 19 linesrosn
260 899 50 14 were
319 893 45 19 seut
374 893 22 17 to
405 890 33 25 lay
449 890 35 19 the
502 893 57 14 wires
577 893 26 12 on

57 929 37 21 the
103 935 44 14 new
156 928 50 20 line?
216 927 20 19 of
247 926 89 24 railway,
347 924 38 19 and
397 924 48 19 then
456 924 21 17 to
487 921 48 19 take
544 921 59 18 down

58 963 36 20 the
105 967 56 15 wires
170 961 40 20 and
220 962 56 23 posls
286 965 25 13 on
322 958 35 19 the
366 956 34 21 old
410 957 64 18 route.
502 954 44 19 The
560 952 44 20 tret

59 995 82 27 portion
150 994 22 21 of
181 995 36 19 the
227 992 53 21 work
290 997 40 14 was
339 996 47 18 easy
397 988 86 24 enough,
504 987 40 19 and
563 992 41 14 was

59 1029 82 26 quiekly
162 1027 77 20 carried
252 1027 37 17 out
299 1030 5 17 ;
322 1023 37 20 but
374 1023 35 19 the
426 1021 42 25 pile
483 1020 71 19 brid-e
564 1019 40 19 had

59 1061 83 21 become
151 1067 22 14 so
183 1061 66 19 rotten
260 1058 46 19 that
328 1061 55 15 more
405 1056 50 18 than
470 1059 38 14 one
525 1054 21 18 ot
568 1052 37 19 the

60 1095 100 21 linesmen
170 1092 81 22 refused
261 1093 22 18 to
294 1090 60 20 assist
369 1088 21 20 in
401 1088 34 20 the
447 1093 59 15 none,
517 1085 77 26 preferr-

60 1129 34 27 ing
104 1129 22 20 to
134 1130 46 24 quit
188 1128 35 19 the
231 1124 118 26 compauy'*
357 1129 83 14 service.
467 1121 44 20 The
520 1119 54 20 work
583 1117 22 21 of

61 1169 12 13 a
82 1162 101 20 linesman
193 1166 16 12 is
219 1161 35 18 not
264 1158 100 25 regarded
373 1162 22 13 as
404 1154 108 22 especially
522 1158 72 18 canger-

61 1202 45 18 ens,
115 1194 37 21 but
162 1194 16 20 it
188 1191 72 27 proved
271 1194 22 17 to
311 1190 25 20 be
352 1188 111 20 somewhat
480 1185 87 21 difficult
584 1187 21 17 to

61 1227 81 25 replace
151 1227 35 18 the
196 1232 46 12 men
251 1225 44 17 who
304 1224 48 18 thus
360 1221 46 23 left,
417 1224 40 16 and
467 1226 23 13 as
499 1220 35 18 the
552 1225 53 17 gang

60 1258 109 29 gradually
179 1256 101 21 dwindled
291 1255 20 20 iu
320 1254 87 21 number
424 1251 53 21 until
487 1252 57 19 there
554 1256 51 14 were

61 1295 50 25 only
129 1300 67 17 seven,
216 1294 36 19 the
269 1289 118 27 company's
407 1289 97 25 engineer
522 1286 35 21 did
567 1287 38 20 not

61 1329 65 23 harry
135 1328 59 20 those
203 1327 45 19 who
257 1324 103 21 remained
370 1326 22 16 at
400 1323 35 19 the
444 1321 41 24 job.

89 1362 45 19 One
143 1360 22 19 of
174 1361 36 18 the
220 1364 45 14 men
273 1356 104 21 attracted
389 1361 32 19 my
431 1353 103 22 attention
553 1352 54 19 after

62 1394 51 24 they
122 1399 64 16 came,
197 1392 40 20 and
247 1392 36 20 the
297 1389 82 22 marked
397 1387 110 21 difference
515 1386 92 21 between

63 1427 43 20 him
116 1425 41 22 and
167 1427 35 19 the
211 1427 43 18 rest
263 1424 22 20 of
293 1424 36 20 the
338 1429 53 19 gang
400 1422 80 20 excited
490 1427 34 17 my
533 1419 63 20 carios-

61 1460 40 24 ity.
128 1458 53 24 Tall,
191 1456 109 25 well-kait,
310 1456 50 20 with
369 1455 57 24 curly
435 1454 69 20 brown
512 1453 46 20 hair
567 1453 40 19 and

63 1491 82 27 regular
153 1491 99 21 features,
262 1492 70 22 strong
343 1488 39 21 aad
391 1487 66 20 active
466 1484 21 23 is
501 1486 33 19 his
543 1491 57 14 move

63 1527 75 23 mente,
150 1525 36 20 the
196 1531 47 14 man
253 1529 40 14 wai
303 1529 22 13 as
344 1521 60 21 much
421 1527 11 13 a
450 1519 70 26 puzzle
537 1521 22 18 to
577 1519 30 19 his

62 1561 68 19 mates
139 1564 23 14 as
170 1558 26 20 he
205 1562 42 14 was
268 1557 22 18 to
313 1561 38 13 me.
393 1553 31 20 He
441 1552 67 20 called
527 1550 81 21 himself

62 1590 91 23 Riohard
162 1589 75 25 Smith,
247 1588 38 21 but
294 1587 36 21 the
340 1587 14 12 M
364 1586 65 26 gaffer
497 1585 37 19 the
555 1589 53 20 gang

61 1625 45 21 told
116 1630 34 16 me
158 1622 101 27 privately
269 1622 48 20 that
325 1620 69 21 Smith
405 1625 40 14 was
454 1620 37 19 not
499 1619 35 19 the
544 1616 64 21 man's

62 1664 69 18 aarae,
141 1656 34 21 for
197 1656 57 20 when
272 1655 27 20 he
316 1655 44 19 first
369 1652 69 25 joined
447 1652 36 20 the
492 1656 115 20 company*

61 1691 79 21 service
150 1690 16 20 it
176 1695 41 14 was
222 1694 56 15 some
287 1688 49 19 time
344 1685 72 21 before
421 1686 25 20 he
455 1684 60 21 could
524 1689 70 15 remem-

62 1723 37 23 ber
106 1726 24 19 te
138 1728 78 16 answer
226 1723 20 18 to
255 1721 48 20 that
311 1725 60 14 name
381 1721 57 17 when
452 1717 66 20 called
535 1716 27 26 by
583 1716 24 20 it.

61 1757 36 23 He
106 1763 38 14 was
155 1756 74 20 known
246 1760 23 13 as
311 1750 188 23 Dare-Devil-Dick
538 1750 25 24 by
574 1750 35 20 the

63 1792 60 20 other
132 1796 53 19 mei,
196 1789 33 21 for
238 1789 25 19 he
272 1787 81 20 seemed
363 1789 21 17 to
393 1787 59 18 know
462 1790 26 14 no
498 1784 51 22 fear,
567 1784 40 19 and

64 1829 23 16 te
104 1830 34 14 see
147 1829 25 14 no
191 1823 77 24 danger
286 1818 21 22 in
317 1825 40 18 any
366 1818 22 20 of
397 1818 36 20 the
443 1816 54 21 work
507 1819 22 17 to
538 1816 24 20 be
571 1822 24 14 un-

63 1857 107 22 dertaken.
199 1855 70 21 Hence
278 1853 25 20 he
312 1858 41 14 was
362 1851 80 26 greatly
451 1850 55 20 liked
524 1850 26 24 by
571 1850 36 19 the

62 1893 43 19 rest
113 1889 23 21 af
144 1888 32 22 his
184 1890 68 23 party,
260 1886 100 24 although
369 1886 25 19 he
403 1890 61 13 never
471 1883 70 25 joined
550 1883 55 19 them

65 1924 24 22 in
104 1924 37 21 the
162 1921 104 24 evenings,
285 1919 40 20 and
335 1919 20 19 in
374 1918 44 20 fact
427 1917 50 25 kept
486 1917 57 25 quite
552 1914 55 21 aloef

64 1959 53 20 from
126 1957 57 20 them
192 1954 57 20 when
259 1954 37 19 not
304 1953 22 18 at
340 1950 62 21 work.
430 1950 73 23 Seeing
513 1949 42 19 him
564 1949 32 19 eat-

64 1999 37 21 ing
108 1993 32 22 bis
149 1991 72 22 dinner
229 1989 21 21 iu
259 1989 36 20 the
304 1989 85 25 porters'
398 1991 57 15 room
468 1991 26 14 on
517 1985 35 19 the
565 1985 29 19 sta-

64 2028 46 22 tion
118 2032 38 16 one
164 2025 46 25 day,
221 2024 59 19 when
289 2022 35 20 the
334 2027 56 14 room
400 2025 40 14 was
450 2018 39 20 full
499 2018 20 20 of
528 2018 76 23 smoke,

64 2063 59 20 there
130 2059 61 25 being
199 2058 81 25 present
290 2063 11 13 a
313 2055 85 21 number
407 2054 23 20 of
447 2053 59 19 other
524 2051 83 25 railway

64 2099 54 18 men,
129 2091 45 19 who
190 2091 22 19 at
221 2090 47 19 that
276 2087 49 20 time
334 2086 41 20 had
385 2085 106 32 plenty^of
504 2084 80 23 leisure,
596 2083 9 19 I

64 2125 72 23 hinted
144 2124 47 21 that
200 2124 25 20 he
234 2121 65 26 might
316 2121 49 20 take
386 2119 33 20 his
437 2117 71 21 dinner
530 2117 21 20 in
574 2123 33 18 my

65 2159 57 22 office
138 2158 17 21 if
172 2158 26 20 he
211 2157 67 22 chose,
301 2154 40 20 and
355 2153 54 20 from
419 2154 47 18 that
476 2152 51 19 time
536 2157 29 14 we
574 2150 22 21 be-

66 2200 57 17 came
132 2193 56 28 quite
196 2191 96 23 friendly.
320 2191 44 18 One
374 2187 21 21 of
405 2188 32 20 his
446 2187 71 20 whims
527 2186 80 20 seemed

64 2231 23 19 to
97 2235 32 15 me
137 2231 23 18 to
169 2227 23 20 be
202 2233 12 13 a
223 2227 82 23 strange
317 2229 36 14 one
362 2223 31 20 for
404 2229 11 12 a
424 2221 106 26 telegraph
547 2220 50 21 lines-

65 2269 56 15 man.
155 2260 44 21 The
245 2257 117 21 Fleetwood
371 2255 109 21 Chronicle
522 2254 22 20 of
562 2254 47 19 that

65 2297 41 24 day
115 2300 40 14 was
163 2292 107 27 published
280 2291 58 20 twice
347 2297 11 12 a
368 2290 62 22 week,
441 2295 27 13 on
477 2287 130 25 Wednesday

64 2330 43 21 and
129 2326 109 25 Saturday,
257 2324 39 21 and
306 2325 35 19 tbe
363 2323 124 25 proprietors
496 2322 81 20 showed
597 2327 10 13 a

65 2363 56 22 little
129 2359 113 27 enterprise
250 2359 26 26 by
286 2358 109 25 arranging
405 2356 32 20 for
447 2363 11 13 a
468 2361 104 19 summary
586 2354 22 20 of

65 2398 36 20 the
122 2394 161 23 Parliamentary
305 2397 55 13 news
381 2390 33 19 for
431 2390 46 19 that
494 2390 40 23 day
552 2390 22 18 to
583 2387 25 21 be

65 2429 48 20 wire
122 2430 22 18 to
153 2427 56 19 them
218 2431 26 14 on
253 2424 95 24 Tuesday
357 2423 40 19 and
408 2422 76 24 Friday
501 2422 106 22 ereaiugs.

65 2461 66 20 When
141 2465 33 20 my
183 2458 67 20 friend
260 2457 67 20 Smith
337 2455 80 20 learned
428 2454 49 20 this,
492 2453 25 20 he
527 2453 48 19 used
586 2455 22 17 to

65 2495 46 21 look
133 2494 21 20 in
176 2495 22 17 at
219 2491 35 20 the
263 2490 51 20 time
334 2489 7 20 I
357 2488 97 25 expected
464 2488 35 19 the
532 2485 75 26 special

157 2532 22 14 as
196 2532 29 12 we
242 2524 66 20 called
326 2523 23 23 it,
360 2522 41 20 and
418 2521 80 20 seeur.ed
509 2519 60 20 much
579 2520 20 19 in-

66 2560 88 22 terested
176 2559 87 21 therein,
283 2555 110 26 especially
411 2554 16 21 if
441 2554 58 21 there
510 2559 40 14 was
559 2559 36 18 any-

66 2595 58 25 thing
133 2593 110 23 important
255 2591 21 20 in
285 2591 35 19 tbe
330 2590 70 20 House
409 2589 21 19 of
454 2588 10 20 L
471 2588 46 20 ords
528 2587 79 25 portion

66 2628 20 20 of
94 2629 36 19 the
140 2632 97 18 message.
278 2624 7 19 I
309 2623 57 20 knew
388 2622 25 20 he
424 2628 38 13 wan
472 2628 25 13 an
506 2622 101 19 educated

66 2668 53 16 man,
131 2659 95 26 probably
237 2658 70 25 hiding
317 2655 83 21 himsalf
409 2655 53 21 from
470 2653 33 22 his
521 2654 84 22 friends.

66 2695 54 25 Why
137 2695 26 19 he
180 2692 73 20 should
271 2692 49 19 have
330 2692 74 18 chosen
414 2690 33 19 the
457 2689 120 24 occupation
587 2694 21 14 in

66 2730 67 21 which
150 2729 9 20 1
179 2728 63 21 found
261 2726 41 21 him
323 2732 38 13 was
371 2733 12 12 a
400 2723 70 28 puzzle
481 2724 8 20 I
501 2724 87 25 thought
598 2723 9 21 I

66 2763 72 21 should
148 2763 40 19 like
198 2764 21 16 to
228 2759 80 21 unravel
357 2759 41 20 But
407 2759 25 19 he
442 2764 58 14 never
510 2758 29 19 let
549 2757 37 20 fall
596 2764 11 13 a

66 2798 63 26 single
139 2796 54 21 word
204 2795 46 20 that
261 2793 63 20 would
334 2793 51 19 have
393 2792 91 25 justified
493 2797 31 14 me
533 2791 20 19 in
563 2794 34 21 put-

66 2834 45 25 ting
120 2831 119 27 inquisitive
248 2832 104 22 questions
363 2828 20 18 to
393 2826 49 22 him.
454 2827 40 18 and
511 2825 26 20 he
561 2831 45 15 wag,

66 2867 85 23 besides,
162 2865 58 20 three
230 2868 21 14 or
261 2862 45 19 four
316 2866 58 20 .years
384 2866 32 17 my
425 2864 75 15 senior.

90 2900 47 21 One
146 2897 75 24 Friday
227 2895 60 26 night
294 2893 68 22 Smith
368 2893 71 25 stayed
447 2892 48 20 with
502 2897 32 15 me
543 2890 19 21 in
573 2892 36 19 the

66 2933 56 21 office
131 2931 53 20 until
194 2930 46 25 past
250 2929 77 19 eleven,
339 2927 82 22 waiting
435 2927 22 18 to
466 2932 33 13 see
509 2925 15 19 if
534 2925 36 19 the
579 2930 20 14 re-

64 2966 44 21 sult
116 2965 22 21 of
148 2971 26 13 an
183 2962 113 25 impoitant
314 2959 86 21 division
419 2959 19 20 in
449 2958 36 20 tbe
501 2957 70 20 House
586 2957 21 20 of

66 2999 66 21 Lords
140 3003 57 14 came
207 2998 21 17 to
238 2994 63 20 hand.
311 2993 9 20 I
328 2999 39 13 was
378 2994 35 18 not
423 2991 101 25 supposed
532 2992 23 19 to
564 2995 45 20 stay

65 3031 79 26 beyond
154 3030 76 22 eleven,
242 3028 36 19 but
287 3031 20 15 at
317 3026 35 20 the
370 3027 75 23 urgent
453 3026 81 21 request
544 3024 21 20 of
575 3025 34 18 the

66 3064 125 29 proprietors
200 3062 22 21 of
231 3061 36 21 the
277 3060 13 13 M
440 3058 8 20 1
467 3058 110 20 consented
589 3063 20 15 w>

66 3107 77 15 remain
153 3099 53 20 until
216 3098 35 19 tbe
261 3096 97 24 expected
369 3100 88 19 message
468 3094 129 21 arrived,how-

65 3139 46 15 ever
119 3132 42 20 late
170 3133 17 18 it
197 3131 65 24 might
271 3129 32 19 be.
343 3128 67 20 Smith
431 3125 63 20 would
513 3125 96 25 probably

65 3168 50 20 have
124 3163 72 27 stayed
206 3163 39 20 and
256 3163 48 23 kept
323 3167 32 13 me
368 3165 100 19 company
479 3160 39 19 had
529 3159 36 20 not
574 3158 35 21 the

65 3201 152 19 Kationmaster
240 3196 73 21 looked
336 3195 28 21 in.
383 3194 38 20 aud
445 3193 71 20 hiuted
541 3194 67 24 pretty

66 3232 84 25 oroadly
160 3232 47 19 that
216 3230 17 20 it
250 3234 42 14 was
311 3234 25 14 aa
348 3226 86 21 unusual
445 3229 49 18 hour
505 3226 31 20 for
547 3232 31 14 me
588 3227 21 18 to

64 3267 53 20 have
126 3267 85 18 visitor*.

90 3300 20 19 It
120 3304 38 14 was
169 3304 11 13 a
190 3302 60 14 warm
261 3294 58 26 Jight
329 3294 31 19 for
367 3294 55 22 May,
430 3293 40 20 and
478 3292 53 20 after
541 3292 67 19 Smith

64 3333 39 19 ieft
113 3336 31 14 me
155 3330 8 19 I
174 3328 71 20 turned
254 3328 57 18 down
321 3327 34 19 the
360 3332 36 17 gas
405 3332 23 12 as
435 3325 37 19 low
483 3330 20 14 as
513 3324 93 25 possible,

63 3363 109 24 intending
180 3364 22 18 to
209 3361 50 19 have
269 3366 12 13 a
412 3357 93 25 knowing
517 3357 46 19 that
572 3356 36 19 the

63 3398 39 19 bell
113 3397 20 20 of
151 3397 35 20 the
203 3394 125 20 instrument
343 3391 65 20 would
427 3397 58 13 rouse
507 3396 32 14 me
549 3390 58 20 when

59 3429 92 21 wanted.
175 3429 8 19 I
195 3434 40 13 was
244 3427 43 25 just
296 3424 101 26 dropping
405 3424 29 19 off
444 3426 21 17 to
550 3424 56 18 when

59 3463 38 21 'the
106 3462 64 21 sound
181 3461 21 20 of
214 3466 63 14 voices
287 3458 80 20 outside
376 3457 87 19 beueath
475 3462 31 17 my
522 3457 84 18 window

63 3497 72 21 chased
145 3502 56 17 away
211 3494 31 20 for
250 3494 36 19 the
304 3493 49 18 time
372 3492 58 24 being
446 3490 36 20 the
491 3490 52 25 go„d
553 3489 40 20 Mor-

63 3531 67 23 pheus.
171 3528 44 20 One
233 3528 21 18 of
264 3526 35 20 the
311 3525 63 19 voices
384 3523 91 20 sounied
485 3529 22 13 so
517 3523 90 23 peculiar

62 3563 45 21 that
116 3561 9 21 I
137 3567 44 15 rose
191 3560 39 20 and
240 3560 55 19 went
311 3563 72 14 nearer
393 3556 35 20 the
437 3556 93 23 window,
543 3554 63 20 which

62 3603 39 14 was
111 3595 84 26 slightly
205 3600 51 19 open
268 3595 19 15 <»»
304 3592 34 20 the
348 3593 42 23 top.
406 3591 17 19 A
433 3590 52 24 deep
495 3589 46 20 b-ss
551 3589 55 19 voice

62 3629 49 21 with
120 3635 13 13 a
142 3628 85 19 decided
246 3627 39 22 lisp
302 3631 23 13 or
343 3622 134 25 impediment
496 3623 45 18 that
564 3628 33 17 pre-

62 3662 72 21 vented
143 3663 36 17 the
190 3666 46 13 roan
247 3661 101 21 sounding
363 3657 35 19 the
407 3662 9 13 s
426 3656 40 19 and
477 3655 22 20 th
512 3671 5 5 ,
531 3655 31 20 his
572 3661 35 18 yes

62 3697 60 22 being
131 3694 41 20 like
178 3694 32 25 yet
214 3694 9 17 t

87 3730 14 12 «'
111 3729 21 21 It
142 3735 12 14 a
163 3728 54 25 titky
230 3726 93 22 bittuett,
334 3723 40 22 and
390 3724 50 19 wort
451 3728 55 14 more
515 3721 36 21 lau
561 3721 47 27 fifty

61 3764 87 25 poundt,
172 3761 8 16 '
192 3761 62 19 heard
265 3760 41 17 him
317 3764 43 17 say.

111 3794 33 21 I'll
153 3792 73 21 doubl-
237 3791 35 20 the
282 3796 50 18 sum,
343 3789 37 19 but
388 3789 36 19 act
434 3794 11 13 a
455 3793 67 19 penny

62 3836 41 13 was
110 3828 37 20 the
156 3831 96 21 response
261 3824 22 20 of
293 3823 34 20 the
334 3821 58 21 other
403 3827 53 13 man.

113 3859 62 23 Tat'll
184 3861 32 19 do.
245 3857 63 21 Hand
317 3861 48 15 over
375 3855 34 20 the

112 3894 67 20 When
188 3898 41 20 you
238 3892 52 19 have
304 3888 75 21 earned

113 3927 45 21 Not
166 3927 22 19 to
197 3930 69 20 green.
277 3922 80 20 Mittor.
393 3920 75 24 Money
478 3919 51 20 firtt.
556 3918 53 26 Why

64 3961 56 23 mutt
129 3962 9 20 1
150 3960 53 19 uutt
212 3963 40 20 you

91 3997 15 10 '•
113 3991 50 23 Will
173 3997 40 20 you
223 3989 64 25 really
296 3988 27 19 do
333 3989 17 19 it
358 3986 18 21 if
386 3986 9 21 I
405 3993 37 19 pay
454 3992 39 19 you
504 3991 44 14 now
561 3986 3 31 ,

92 4026 15 13 •«
115 4024 53 26 Telp
177 4029 32 14 a>e
223 4021 46 21 God
280 4019 12 21 !'

92 4059 15 13 ••
116 4058 56 21 Here
184 4061 36 18 fou
230 4059 41 17 are,
282 4052 50 20 then
383 4056 44 14 iwo
438 4050 31 19 for
478 4050 85 21 twenty,
576 4054 37 14 uvo

66 4093 33 20 for
108 4092 43 22 tea,
163 4089 39 20 »ud
212 4090 40 16 two
263 4086 48 19 fives
357 4083 30 19 Be
404 4082 78 20 careful
491 4082 22 18 to
523 4080 56 20 leave
588 4086 26 13 no

66 4127 68 17 traces
143 4119 83 22 behind.
261 4116 47 21 And
318 4115 57 19 dou'i
386 4116 28 18 'et
423 4115 35 17 the
468 4114 35 18 tut
512 4118 23 13 ot
545 4118 54 13 aeea.

106 4144 4 32 •
119 4155 62 18 "•'■utt
192 4157 38 17 ,ne,
240 4149 83 27 guv'nor
350 4147 36 20 I'm
397 4148 37 19 not
443 4152 11 13 a
464 4145 34 20 too
502 4144 2 32 1
543 4144 55 21 Here
607 4144 4 32 •

68 4188 109 21 fcar*jt««>
193 4183 116 26 poieetmau
335 4180 50 23 good
396 4179 57 24 night

98 4219 61 19 What
176 4216 36 19 did
238 4215 17 20 it
273 4214 27 18 ill
322 4219 58 13 mean
392 4211 9 18 ?
442 4211 57 18 Wh«-
521 4217 39 12 wa.;
581 4210 34 19 the

69 4247 94 28 Tisky*}oi
187 4249 34 19 for
237 4246 66 20 which
322 4245 34 19 the
374 4244 59 20 ether
452 4249 46 14 man
517 4243 39 20 nad
565 4242 50 21 been

70 4283 78 27 willing
160 4289 20 14 to
190 4288 38 19 psy
240 4279 54 21 £IOO
304 4283 59 15 down
372 4283 27 14 on
409 4276 35 21 the
454 4276 40 21 nail
505 4275 9 19 ?

96 4317 49 21 Had
155 4318 8 18 1
174 4315 51 20 beeu
234 4320 26 14 on
278 4312 52 25 good
348 4311 62 19 terms
429 4310 48 19 with
499 4309 32 20 'he
540 4314 76 15 nation

69 4350 63 25 night
140 4346 112 23 constable,
266 4350 5 11 «
290 4344 74 19 snould
382 4341 96 26 probably
492 4342 53 19 ha.e
556 4341 60 20 asked

69 4383 35 21 his
112 4381 84 26 opinion
205 4378 23 20 of
236 4378 35 20 the
278 4379 84 21 strange
370 4381 68 19 scraps
450 4374 18 20 >f
477 4374 139 20 conversation

71 4416 11 20 I
101 4415 42 20 had
160 4412 63 21 heard
258 4411 36 19 but
313 4409 35 20 the
365 4408 114 19 watchman
498 4414 46 16 was,
555 4407 21 19 in
586 4413 30 18 my

65 4449 92 29 opinion,
168 4454 12 13 a
189 4445 137 22 meddlesome
332 4442 75 26 feilow,
417 4443 40 19 and
466 4443 42 19 had
518 4445 94 23 reported

67 4490 33 14 me
117 4483 34 20 for
167 4480 76 24 having
261 4479 58 20 three
336 4477 80 20 friends
432 4476 21 20 in
468 4482 33 18 my
510 4475 56 21 sffice
575 4482 38 14 oae

67 4521 87 18 evening
163 4510 125 26 celebrating
305 4511 36 19 tht>
359 4508 93 24 birthday
470 4508 21 20 of
500 4515 38 13 one
546 4508 23 19 of
577 4509 37 19 the

67 4551 71 26 party,
149 4547 25 26 by
184 4546 36 21 the
229 4544 35 22 aid
281 4543 22 22 of
321 4543 77 25 jundry
416 4541 77 27 sample
510 4540 73 22 oottles
593 4540 19 22 of

68 4586 72 21 strong
150 4581 73 26 liquor,
241 4579 37 20 the
292 4583 66 20 young
376 4575 85 22 fellow's
476 4575 68 20 father
567 4581 47 20 sing

68 4614 96 24 traveller
174 4614 32 19 for
214 4618 12 14 a
234 4610 61 27 spirit
304 4609 107 21 merchant

94 4651 71 20 Aoout
186 4654 39 14 one
254 4645 75 21 oMock
352 4644 35 20 the
408 4643 97 26 expected
524 4649 91 19 message

68 4683 90 23 arrived,
168 4682 37 20 the
214 4679 66 22 Lords
296 4678 42 21 had
354 4677 81 20 thrown
449 4678 36 19 out
494 4675 35 21 the
537 4675 37 21 bill
584 4677 32 19 for

69 4718 37 19 the
115 4713 100 23 aoolition
226 4712 16 22 A
262 4711 36 21 the
315 4710 66 26 Paper
398 4708 65 26 Duty,
482 4710 42 19 and
541 4708 10 21 I
561 4710 54 20 went

70 4751 62 20 home

96 4781 123 21 Sometmng
228 4782 22 15 or
266 4774 68 24 other,
343 4774 10 21 I
364 4775 75 19 canaot
449 4779 43 15 now
502 4774 113 20 remember

72 4812 63 24 what,
146 4810 73 21 caused
233 4814 33 15 me
274 4809 23 19 to
310 4807 68 26 forget
387 4807 56 19 what
452 4806 9 20 1
472 4807 41 19 had
522 4805 62 21 heard
593 4808 23 18 at

72 4844 110 27 midnight,
193 4847 39 17 and
243 4842 9 21 I
262 4841 72 22 should
344 4839 98 28 probably
451 4840 52 21 have
510 4839 106 27 forgotten

71 4880 37 20 the
117 4878 60 21 affair
186 4877 115 26 altogether
310 4875 39 19 had
367 4875 37 19 not
413 4875 16 19 it
439 4874 50 19 been
497 4873 89 25 brought
593 4876 23 18 to

75 4918 34 21 my
118 4910 151 22 remembrance
278 4908 19 19 in
316 4913 11 14 »
345 4913 45 19 way
399 4906 48 20 that
457 4906 58 20 made
524 4906 47 20 that
579 4906 28 20 im

72 4947 95 29 possible.
208 4945 33 21 Oa
257 4943 37 21 the
311 4941 104 26 following
425 4941 89 26 Monday
524 4941 93 27 morniig

73 4983 59 20 there
141 4986 40 14 was
190 4985 12 14 a
210 4978 57 20 thick
277 4977 34 25 fog
330 4976 39 19 and
386 4975 36 20 the
440 4975 104 24 telegraph
558 4974 51 20 liner

73 5020 48 15 men
138 5011 93 27 engaged
249 5011 20 18 in
287 5009 73 24 taking
377 5007 60 20 down
454 5007 37 20 the
507 5007 56 24 poles
577 5007 41 19 and

73 5049 59 19 wires
141 5052 27 14 on
177 5046 37 19 the
222 5044 34 20 old
266 5042 40 26 pile
320 5041 71 25 bridge
408 5040 36 20 did
454 5042 36 18 not
498 5046 26 18 go
534 5042 20 17 to
563 5046 55 13 wora

72 5080 55 23 until
137 5078 105 21 nreaKfast
259 5076 51 18 time
357 5075 64 19 Then,
440 5073 35 19 the
492 5074 35 23 tog
544 5073 75 24 having

74 5113 68 26 partly
157 5109 81 22 cleared
256 5114 64 17 away,
344 5106 35 19 .nd
397 5107 35 18 the
449 5105 36 20 red
494 5111 38 14 sun
541 5105 77 24 peeped

73 5148 37 19 out
119 5152 11 13 a
139 5144 62 21 little,
211 5142 37 20 the
254 5141 99 19 linesmeu
364 5141 54 17 went
425 5140 20 17 to
456 5138 60 19 work.
544 5138 75 19 Before

72 5180 51 23 they
133 5176 87 21 reached
230 5175 46 19 that,
294 5175 47 23 part
358 5171 21 21 of
397 5172 35 19 the
443 5171 69 24 ondge
522 5174 22 16 at
553 5171 65 19 which

72 5212 51 24 they
133 5215 51 15 were
193 5207 99 26 engaged,
311 5205 98 21 however,
420 5204 36 19 the
464 5203 35 25 fog
509 5209 40 14 was
559 5204 60 25 again

74 5245 59 21 thick
144 5259 6 8 ,
158 5242 38 20 but
204 5242 35 19 the
245 5240 92 20 foreman
347 5244 41 13 was
397 5239 36 18 not
442 5237 88 20 inclined
539 5239 22 17 to
571 5239 47 18 turn

73 5281 60 18 bact..
144 5277 73 23 saying
226 5275 17 19 it
252 5275 56 19 must
317 5273 53 20 clear
379 5277 56 14 soon.
501 5270 118 20 Dare-devil

74 5312 55 21 Diek
158 5308 42 22 had
209 5308 54 19 from
272 5307 37 19 the
317 5306 44 19 first
370 5303 130 21 volunteered
509 5305 22 17 to
541 5309 79 13 remove

75 5345 36 22 the
121 5342 116 23 insulators,
249 5338 41 22 and
299 5339 26 20 do
339 5338 59 20 otlftr
415 5336 131 26 preliminary
565 5335 54 21 work

76 5383 23 18 at
105 5381 38 19 the
152 5380 36 23 top
205 5374 22 23 of
244 5375 36 20 the
297 5372 63 27 poles,
379 5372 132 26 preparatory
529 5372 22 19 to
567 5370 52 21 their

75 5414 62 24 being
145 5409 100 24 carefully
263 5407 63 19 taken
335 5406 67 19 down.
428 5405 28 20 So
465 5404 32 20 far
507 5410 22 13 as
537 5410 72 18 appear-

75 5452 51 14 enee
136 5444 62 21 went,
207 5442 36 19 the
261 5440 90 20 creosote
370 5438 48 20 with
437 5437 65 19 which
520 5436 35 20 the
565 5435 54 26 poles

76 5479 41 20 had
127 5478 51 20 been
196 5473 44 21 well
258 5472 72 21 coated
349 5473 21 18 to
388 5477 11 13 a
416 5469 71 26 height
496 5468 79 26 beyond
586 5468 35 22 the

75 5516 62 21 •pray
147 5508 22 21 of
179 5508 35 19 the
222 5505 50 23 tide,
283 5503 40 21 had
330 5503 49 25 kept
386 5502 55 20 them
451 5501 53 20 from
513 5500 108 24 decay.but

75 5545 60 21 there
144 5548 40 13 *u
195 5539 35 21 the
238 5538 43 21 risk
287 5537 21 21 oi
315 5543 38 15 one
362 5535 61 27 being
430 5536 68 20 rotten
504 5534 117 26 internally,

76 5577 42 21 and
128 5576 35 20 the
172 5573 95 25 prospect
276 5571 21 20 of
313 5577 12 13 a
343 5569 37 21 fall
399 5569 53 20 from
466 5567 37 21 the
511 5569 36 23 top
556 5567 21 21 of
586 5567 35 21 the

76 5609 74 21 ladder
158 5607 44 19 into
211 5606 36 19 the
255 5609 34 15 sea
303 5607 41 16 was
354 5601 27 21 all
391 5600 35 21 the
435 5606 57 15 mere
500 5599 121 26 unpleasant

76 5649 27 13 on
111 5640 51 22 such
171 5646 12 13 a
196 5636 100 26 morning.

103 5675 15 11 *'
127 5672 58 21 Wait
202 5678 11 13 a
235 5669 37 24 bit,
282 5668 76 24 Smith,
368 5667 37 21 the
426 5666 35 26 fog
478 5665 18 22 is

78 5708 45 22 said
132 5712 39 15 one
179 5704 23 22 of
210 5705 37 20 the
256 5709 45 15 men

129 5741 56 21 Hold
203 5740 36 20 the
264 5738 79 22 ladder,
361 5736 42 21 will
423 5741 40 20 you
474 5736 9 19 t
521 5734 37 21 I'm
586 5736 36 19 not

77 5774 74 22 afraid.
191 5772 9 20 I
220 5771 26 20 do
264 5771 37 19 not
317 5774 45 15 care
379 5769 23 19 to
419 5767 61 20 steed
501 5766 47 21 here
558 5766 63 26 doing

203 5805 41 20 and
262 5809 23 15 ao
302 5802 79 25 saving,
393 5800 68 22 Smith
479 5799 97 22 mounted
587 5800 35 20 tbe

76 5841 80 22 •adder.

102 5874 44 21 The
163 5872 60 21 other
241 5876 48 15 mu
297 5875 42 14 wai
348 5868 21 20 in
379 5868 34 20 the
423 5868 33 20 act
473 5867 21 20 of
512 5867 90 26 hoisting
611 5874 11 13 t

78 5907 47 22 ■ole
141 5912 27 14 on
183 5906 22 19 to
214 5904 36 21 the
267 5901 62 26 trolly
340 5903 21 19 to
371 5901 23 21 be
403 5900 62 21 takes
477 5900 76 24 ashore,
565 5900 56 21 when

75 5941 90 20 without
183 5939 34 20 the
235 5936 97 25 slightest
341 5934 91 25 warnhag
441 5933 36 21 the
486 5933 45 26 pole
542 5933 78 24 against

77 5973 67 23 which
165 5971 86 22 Smith'*
273 5967 71 22 ladder
367 5973 39 14 was
427 5966 72 26 placed
521 5966 100 25 suddenly

77 6007 65 23 broke
151 6005 28 22 off
189 6005 56 20 abort
256 6005 22 17 at
289 6003 33 19 the
339 6001 86 22 bottom,
437 6000 40 20 and
488 6000 48 20 both
555 6000 67 21 Smith

479 6040 50 9 -
545 6037 5 8 *

73 6077 54 21 4nte
138 6075 36 22 the
183 6080 42 18 tea,
236 6072 37 22 the
289 6072 45 20 tide
351 6070 61 25 being
431 6068 75 21 almest
515 6066 38 22 foil
563 6068 23 19 at
595 6066 33 21 the

72 6110 69 24 mmi

73 6133 7 31 \
107 6143 44 22 The
160 6140 132 28 companions
302 6138 22 19 of
333 6136 37 21 the
379 6135 135 21 unfortunate
524 6140 44 14 men
580 6140 48 13 were

73 6175 117 33 jpewerles*
200 6176 21 19 to
231 6173 74 21 render
315 6176 40 20 any
364 6169 118 21 aaaiatance.
522 6167 38 21 For
570 6173 11 14 a
590 6166 39 21 few

80 6211 104 25 Wtflnrmti
206 6209 50 23 they
277 6211 41 16 saw
338 6204 52 20 both
400 6209 44 14 men
461 6202 21 19 in
501 6201 35 20 the
558 6203 70 22 water,

73 6227 92 43 *Zwfr
187 6241 116 25 swimming
325 6237 88 21 towards
434 6237 36 19 the
492 6236 48 22 pile?
555 6235 21 19 of
594 6235 34 18 the

73 6277 81 26 letUge
164 6284 6 15 ;
192 6277 48 19 then
251 6275 35 20 the
296 6273 35 24 fog
342 6270 79 21 §e*noe.i
432 6269 20 20 te
464 6272 81 16 become
556 6268 71 18 deu-r-r

159 6311 53 24 spot,
223 6307 41 26 aajl
278 6307 58 20 wheel
346 6303 19 22 it
373 6302 81 22 cleared
464 6308 25 14 do
498 6302 56 19 trace
563 6300 22 20 of
593 6300 36 20 the

92 6373 160 28 'Therm<n*aa
263 6373 43 24 bed
315 6373 36 21 the
360 6371 55 21 meet
429 6373 95 22 presence
534 6367 20 20 of
565 6366 62 25 mind,

641 212 32 21 for
682 212 25 20 he
717 218 36 14 ran
764 218 22 13 as
797 211 41 20 fast
847 217 23 14 as
879 211 26 20 he
914 208 58 22 could
983 209 22 19 to
1014 208 35 20 tbe
1058 206 78 21 station
1147 207 36 19 end

640 246 21 19 of
671 246 35 19 the
715 245 12 20 b

640 285 56 14 more
718 279 51 19 than
791 277 143 21 half-an-hour
954 275 70 20 before
1046 280 11 14 a
1079 273 48 21 boat
1145 279 40 13 was

640 312 98 21 launched
751 312 39 19 aud
801 310 65 21 roaed
878 313 21 17 to
909 310 36 19 the
962 308 57 26 plice
1031 313 5 18 ;
1058 307 42 20 and
1110 307 49 20 then
1169 306 16 20 ft

642 352 37 14 was
689 348 34 18 too
732 346 47 20 lite.
820 344 67 20 There
904 348 41 14 was
962 348 27 14 no
1006 342 46 25 sign
1070 341 22 19 of
1101 341 35 19 the
1144 340 41 20 two

640 379 106 20 linesmen.

664 411 75 21 Before
756 417 53 14 noon
820 410 8 20 I
847 410 62 20 heard
918 409 22 19 of
950 407 35 21 the
994 407 92 25 fatality,
1097 406 40 20 and
1147 406 39 20 felt

640 445 63 25 really
713 451 56 18 sorry
788 445 31 19 for
837 444 74 23 Smith,
924 445 65 16 whom
999 442 8 19 I
1019 442 39 19 bad
1070 439 83 22 decided
1164 439 21 20 in

640 484 32 18 my
682 484 43 13 own
746 478 54 19 miud
812 483 39 12 was
861 482 11 14 a
884 474 99 26 prodigal,
994 473 91 24 working
1099 473 31 19 hi*
1141 478 43 18 way

640 509 49 20 bark
699 511 21 18 to
735 508 150 26 respectability
897 508 41 18 and
947 507 84 18 houour.

664 541 24 21 In
698 542 36 19 the
743 541 106 19 afternoon
859 540 17 19 it
888 534 47 24 was'
944 539 113 23 wLispered
1067 537 62 18 about
1138 536 46 19 that

640 575 40 19 foul
699 574 47 25 play
765 580 40 13 was
821 572 115 25 suspreled.
947 572 39 18 and
1005 577 26 12 no
1040 576 38 12 one
1087 569 20 19 in
1119 569 55 19 F!ee>t-

640 608 54 18 wouil
713 613 38 12 was
771 611 55 14 more
843 604 86 19 startled
948 605 47 17 tuat
1005 602 9 19 I
1032 601 58 20 when
1101 601 9 19 I
1121 601 62 19 beard

639 641 88 19 'lutthe
747 639 105 26 telegraph
863 637 45 26 pole
927 637 66 19 which
1011 636 40 20 had
1070 635 59 25 given
1141 642 42 17 way

638 674 39 19 bad
697 680 48 12 o»en
765 671 133 23 deliberately
917 676 55 14 aawn
982 672 70 21 nearly
1063 668 89 23 through
1162 670 21 17 at

638 707 33 19 the
683 706 85 19 bottom.

668 739 5 18 J
682 740 24 17 be
724 741 81 21 strange
825 737 140 19 conversation
978 734 7 20 I
996 734 39 20 Lad
1047 731 135 26 accidentally

638 771 109 20 overheard
765 777 26 13 on
802 770 74 24 Friday
895 769 60 25 night
964 766 77 21 flashed
1051 766 88 25 through
1150 772 33 18 my

638 806 56 17 braiu
724 804 7 18 1
742 802 39 20 had
791 803 35 19 the
837 803 38 23 key
885 806 21 15 to
916 804 17 17 it
943 807 51 13 now.
1024 800 11 19 'I
1043 800 37 19 hat
1089 800 92 19 liumlrtd

638 837 79 24 pound*
725 835 40 19 had
785 836 50 18 becu
845 834 47 25 paid
903 834 32 19 for
945 833 34 19 the
990 833 139 25 perpetration
1139 832 21 19 of
1172 838 11 12 a

638 870 80 19 murder
729 865 3 26 !
774 868 45 21 And
830 868 35 20 the
875 874 45 13 men
931 867 43 20 who
985 867 46 24 paid
1042 868 17 18 it
1069 868 53 18 must
1132 865 51 19 have

638 904 70 18 knowu
727 901 47 20 that
805 907 48 19 poor
874 901 67 20 smith
964 906 40 13 was
1022 900 35 20 the
1079 905 38 13 one
1139 898 44 19 who

637 934 96 22 mounted
744 935 35 20 the
788 933 78 21 ladder.
903 933 63 20 What
983 931 66 28 ought
1058 931 10 21 1
1078 933 23 19 to
1108 929 47 22 do?
1174 929 7 20 I

637 967 61 22 asked
710 966 80 26 myself.
818 967 52 21 Uive
879 966 133 20 information
1023 967 21 18 to
1054 966 35 19 the
1099 964 64 25 police
1174 962 9 20 ?

638 1001 105 25 Everyone
753 999 66 21 would
828 999 68 20 blame
906 1006 31 13 me
958 1003 31 15 tor
1003 1001 36 17 not
1049 998 60 25 doing
1119 1004 22 12 so
1151 997 21 18 be-

638 1034 50 21 fore,
708 1033 39 19 and
767 1032 54 23 thus,
833 1031 97 25 possibly,
946 1032 122 22 frustrating
1086 1030 36 19 the
1139 1030 33 18 out-

638 1072 52 19 rage.
712 1066 38 20 The
759 1071 97 17 presence
865 1065 21 19 of
897 1065 35 19 the
943 1070 47 14 man
1001 1063 48 20 with
1059 1063 35 20 the
1103 1068 80 14 curious

637 1099 73 28 speech
718 1098 59 22 cou'd
785 1098 62 26 easily
859 1100 50 19 have
920 1097 50 21 beeu
977 1096 117 21 discovered
1105 1096 19 21 in
1134 1095 49 21 such

638 1140 11 12 a
658 1132 59 20 small
727 1135 54 17 town
793 1131 4 26 ;
809 1132 24 20 he
845 1131 65 26 might
918 1132 51 19 have
979 1135 49 17 been
1178 1133 5 5 '

638 1166 40 19 and
696 1165 32 20 bis
746 1164 110 21 diabolical
874 1165 82 19 scheme
974 1164 75 26 nipped
1058 1164 22 20 in
1090 1164 34 19 the
1134 1164 40 19 bud

638 1199 33 20 No
682 1205 5 16 ',
710 1199 8 19 I
738 1201 54 17 must
807 1205 36 18 say
853 1198 86 24 nothing
958 1197 32 20 for
999 1203 34 18 my
1042 1204 45 13 own
1096 1199 56 21 sake,
1162 1196 20 20 of

639 1232 46 18 that
707 1230 104 23 midnight
828 1231 120 18 conference
963 1230 88 19 beneath
1073 1235 33 18 my
1129 1229 54 19 office

640 1263 84 21 window

664 1299 31 20 On
715 1298 35 20 the
767 1296 105 26 following
883 1297 46 25 day,
941 1296 70 21 search
1023 1296 75 25 parties
1108 1296 75 25 having

639 1333 48 19 beeu
706 1338 25 13 oa
749 1331 36 19 the
793 1330 91 20 lookout,
894 1331 36 18 the
940 1330 53 24 body
1002 1330 21 19 of
1037 1331 35 18 ti«e
1083 1336 47 13 man
1139 1330 44 19 who

639 1365 46 20 held
696 1366 35 18 the
750 1363 71 20 ladder
831 1369 41 14 was
883 1362 72 27 picked
970 1369 26 19 up
1007 1362 63 21 aboo*
1079 1369 11 13 a
1101 1363 46 20 mile
1157 1369 26 20 up

642 1399 33 20 the
685 1397 52 21 river
746 1397 68 26 Wyre.
856 1398 32 18 An
898 1397 81 25 inquest
993 1402 40 14 was
1046 1397 86 25 opened,
1144 1396 39 20 and

640 1432 111 25 adjourned
774 1430 31 20 for
823 1437 12 13 a
845 1430 62 20 week.
950 1430 66 25 Every
1025 1430 62 20 effort
1098 1436 40 13 was
1148 1432 37 23 put

640 1466 56 19 forth
713 1466 25 23 by
761 1465 36 18 the
805 1463 72 25 police,
887 1464 87 18 aspisted
989 1463 24 25 by
1024 1470 11 12 a
1045 1463 62 19 noted
1117 1463 54 19 detec-

641 1499 39 20 tive
698 1498 53 20 from
769 1497 136 21 Manchester,
916 1497 21 19 at
956 1496 35 20 the
1008 1496 93 20 instance
1117 1495 22 21 of
1149 1502 36 15 our

640 1538 106 19 company,
756 1533 23 18 to
795 1531 115 19 endeavour
920 1534 21 15 to
950 1532 56 18 trace
1023 1531 35 19 the
1075 1531 111 19 miscreaul

641 1566 43 19 who
695 1564 39 20 bad
744 1569 56 14 sawn
809 1561 90 26 through
909 1562 36 20 the
953 1562 106 26 telegraph
1070 1563 45 24 pole
1126 1578 5 9 ,
1149 1563 37 20 but

643 1599 46 19 with
712 1604 27 13 bo
759 1596 45 20 clue
825 1597 22 18 to
865 1596 53 19 work
934 1602 60 18 upon,
1005 1596 37 20 the
1051 1596 71 20 efforts
1145 1604 27 12 om-

641 1632 74 25 pletely
725 1630 70 20 failed.
835 1630 29 19 At
873 1629 35 19 tbe
917 1629 39 19 end
970 1629 22 20 of
1001 1629 36 20 the
1048 1630 53 20 week
1112 1631 35 19 the
1156 1631 20 19 in-

640 1667 60 24 quest
710 1670 39 13 was
758 1669 60 19 again
827 1662 120 25 adjourned,
958 1662 21 19 in
990 1663 35 19 the
1034 1663 52 25 hope
1095 1664 46 19 that
1151 1664 35 19 the

642 1699 51 24 body
711 1697 20 20 of
752 1696 52 20 Dick
821 1694 70 22 Smith
908 1695 66 19 would
990 1698 23 17 be
1022 1695 72 25 found,
1104 1696 37 20 but
1151 1696 35 21 the

641 1731 51 25 hope
714 1736 39 13 was
783 1729 36 20 not
849 1726 91 23 realised,
965 1729 41 19 and
1028 1735 12 12 a
1076 1729 66 20 erdict
1164 1730 22 19 of

664 1764 72 19 Found
767 1762 96 20 drowned
879 1760 5 9 '
908 1768 40 14 was
970 1769 57 13 come
1049 1764 22 18 to
1101 1763 27 24 by
1152 1764 21 18 th
1181 1760 4 27 :

639 1797 53 25 jury,
703 1797 57 19 there
778 1795 59 25 being
854 1801 26 14 no
898 1795 59 23 proof
975 1796 46 18 that
1040 1796 36 19 the
1088 1795 46 25 pole
1143 1796 42 19 had

639 1829 50 20 been
706 1830 37 18 cut
760 1827 50 21 with
827 1834 25 14 an
871 1827 103 20 intention
993 1829 21 19 to
1032 1827 48 21 take
1090 1827 35 21 the
1135 1827 50 20 lives

638 1862 23 20 of
694 1868 40 19 any
767 1860 23 21 of
828 1862 37 20 the
910 1861 99 21 inesraen.
1063 1860 20 21 It
1119 1861 66 23 might

639 1895 50 19 have
699 1895 49 20 been
767 1894 106 24 intended,
884 1895 35 21 the
929 1896 46 23 jury
993 1894 96 25 thought,
1101 1896 21 18 to
1131 1895 54 19 steal

639 1929 34 19 the
684 1929 34 20 cut
736 1929 52 25 pole,
799 1928 38 21 bat
858 1928 33 21 for
908 1929 36 20 the
954 1928 35 26 fog
1012 1935 26 14 on
1049 1928 35 21 the
1099 1929 84 25 Sunday

638 1960 61 26 night

664 1994 8 19 I
683 1993 60 21 could
753 1994 52 21 have
813 1993 45 22 told
868 1994 56 21 them
943 2000 12 15 a
965 1993 97 22 different
1073 1999 63 21 siory,
1148 1996 37 18 but

639 2027 46 21 held
696 2034 34 17 my
739 2034 68 19 peace.

663 2062 66 19 Three
739 2062 65 19 weeks
814 2062 90 24 elapsed;
916 2062 40 19 and
966 2062 50 20 then
1026 2068 12 13 a
1047 2062 74 19 secoud
1131 2061 52 25 body

638 2100 39 13 was
687 2093 65 20 found
762 2100 26 13 on
805 2095 36 19 the
851 2095 66 22 Bhore,
941 2100 49 14 near
1001 2093 84 21 Rossnll.
1116 2093 20 21 It
1145 2100 40 14 was

638 2132 47 19 very
696 2127 60 20 much
774 2126 142 27 decomposed,
939 2127 37 20 but
990 2127 57 20 when
1066 2126 88 26 brought
1163 2128 22 19 to

639 2160 123 21 Fleetwood,
785 2161 36 20 the
838 2160 47 21 blue
895 2160 52 25 pilot
956 2161 70 24 jacket
1049 2167 54 13 worn
1113 2159 26 26 by
1148 2161 36 19 the

638 2193 52 20 dead
701 2199 46 14 mao
759 2200 41 13 was
818 2196 22 19 at
849 2200 49 15 once
908 2194 104 20 identified
1028 2200 23 13 aa
1059 2193 75 25 having
1152 2193 22 20 be-

638 2228 73 24 longed
721 2229 22 18 to
753 2227 75 26 Smith,
848 2229 41 19 aad
899 2227 35 21 the
943 2227 78 25 finding
1035 2227 21 21 in
1074 2228 36 20 the
1119 2227 66 20 inside

638 2262 74 26 pocket
722 2263 21 20 of
753 2269 11 14 a
774 2263 61 20 letter
842 2264 110 19 addressed
960 2264 21 19 to
1060 2262 23 21 R.
1096 2263 67 20 Smith

637 2298 31 18 set
678 2298 23 18 to
710 2297 41 20 rest
770 2303 40 18 any
821 2297 74 19 doubts
905 2302 21 14 as
936 2297 21 19 to
967 2296 35 20 the
1016 2295 90 26 identity
1117 2296 20 20 of
1148 2297 37 22 the,

637 2336 76 20 corpse.

663 2365 17 19 A
690 2364 75 21 second
784 2366 80 24 inquest
875 2370 38 14 was
924 2363 84 24 opened,
1028 2362 47 25 and,
1088 2364 95 23 contrary

638 2400 21 17 to
677 2398 36 19 the
735 2398 72 19 wishes
828 2397 22 19 of
868 2398 36 18 the
922 2396 96 25 majority
1036 2396 20 19 of
1076 2396 34 19 the
1128 2396 53 24 jury.

638 2431 112 24 adjourned
759 2429 32 20 for
802 2436 10 13 a
823 2430 62 19 week.
908 2429 44 19 The
962 2435 80 14 corouer.
1054 2429 42 19 said
1107 2429 24 19 be
1141 2429 41 19 had

638 2465 66 21 ample
713 2469 84 14 reasons
805 2462 32 21 for
847 2463 35 19 the
892 2469 70 13 course
971 2462 26 20 he
1007 2468 39 13 was
1056 2462 78 25 taking,
1147 2461 37 20 but

638 2494 93 20 declined
741 2495 23 19 to
774 2496 54 17 state
838 2494 63 19 them.
929 2493 66 19 When
1013 2493 36 19 the
1066 2492 46 26 jury
1122 2498 61 20 again

639 2530 48 21 met,
706 2529 40 18 two
768 2530 83 21 strange
873 2526 116 26 gentlemen
1013 2526 106 23 attended,
1143 2526 40 19 and

664 2561 53 19 Dick
727 2561 75 21 Smith,
821 2560 35 19 tb«
866 2559 105 25 telegraph
1124 2559 60 24 being

640 2594 104 20 described
764 2594 102 23 minutely
875 2598 25 19 t>y
922 2592 58 20 three
998 2592 20 20 of
1028 2593 35 19 the
1075 2599 44 13 men
1135 2592 49 20 with

639 2628 65 18 whom
715 2627 25 19 he
759 2626 40 20 had
811 2625 80 20 worked
910 2631 15 14 it
936 2626 116 23 transpired
1075 2625 47 19 that
1132 2625 52 18 Dick

639 2662 68 20 Smith
726 2668 39 13 was
776 2660 35 21 the
833 2661 126 24 pseudonym
978 2660 62 19 taken
1058 2659 24 26 by
1094 2660 33 19 tbe
1136 2665 47 14 man

640 2697 56 17 when
706 2696 26 18 he
750 2694 39 20 left
798 2693 32 20 his
840 2694 59 20 home
923 2697 37 16 »ed
972 2693 78 19 fneuds
1072 2693 60 19 about
1144 2695 39 17 two

642 2736 56 20 /ears
707 2729 115 26 previously
843 2727 41 21 Ibo
894 2728 58 23 body,
964 2727 86 19 encased
1061 2728 19 19 in
1092 2733 11 12 a
1113 2726 71 20 leaden

642 2763 61 21 .offiu.
727 2768 39 14 was
777 2763 61 18 taken
848 2768 57 18 away
915 2763 22 17 to
955 2760 107 22 Scotland,
1072 2761 20 18 te
1105 2760 34 19 tbe
1148 2766 22 13 an-

639 2795 72 21 cestral
722 2795 59 20 home
800 2794 19 19 ot
831 2794 35 19 the
876 2793 78 24 family,
976 2792 31 20 for
1016 2793 117 21 interment,
1145 2791 39 20 and

640 2830 62 22 there,
717 2829 7 19 I
736 2828 94 25 thought,
845 2828 35 19 the
890 2832 95 14 romance
1002 2827 66 19 ended
1104 2826 27 23 If,
1142 2832 22 13 as
1175 2826 8 19 I

640 2861 76 21 believe
726 2860 24 20 he
760 2861 42 22 did,
815 2860 34 19 the
868 2866 80 13 corouer
961 2859 57 19 knew
1029 2860 35 18 the
1075 2857 40 21 real
1126 2864 59 14 name

640 2895 21 20 of
671 2897 36 18 the
715 2894 105 20 ci-devant
831 2892 51 21 Die*
892 2892 75 22 Smith,
978 2892 26 20 he
1012 2892 82 20 showed
1105 2892 47 19 that
1161 2892 25 19 he

640 2927 59 21 could
710 2928 50 22 keep
770 2933 11 12 a
790 2930 72 16 secret,
873 2932 49 14 even
932 2925 52 19 from
995 2925 58 19 those
1063 2924 122 20 keen-nosed

640 2959 115 25 gentlemen
765 2959 35 20 the
809 2959 102 24 reporters
923 2957 4 27 ;
946 2957 37 20 but
1000 2963 92 14 lommon
1103 2962 83 14 rurnonr

640 2993 19 20 in
670 2992 116 20 Fleetwood
796 2992 32 18 set
837 2991 41 19 him
898 2991 58 19 dowu
967 2996 22 13 as
999 2990 34 20 the
1044 2996 93 18 runaway
1148 2995 36 14 sua

641 3026 20 19 of
671 3033 11 12 a
691 3026 74 22 county
781 3022 79 26 family.

667 3059 47 20 Five
725 3057 81 21 mouths
816 3056 71 25 passed
906 3062 63 18 »w»y,
981 3055 39 21 and
1035 3054 73 26 having
1119 3061 20 15 in
1151 3053 37 23 the

642 3094 108 18 meantime
761 3091 50 19 bei-n
821 3090 94 20 removed
925 3090 53 19 from
990 3090 123 23 Fleetwood,
1126 3090 8 18 I
1145 3089 41 19 had

641 3126 75 20 almost
734 3125 104 26 forgotten
858 3123 51 21 Dick
920 3124 73 20 Smith.
1023 3123 43 19 But
1080 3123 7 19 1
1099 3123 40 19 had
1150 3125 37 17 not

641 3160 52 19 done
704 3158 47 19 with
760 3158 44 19 biro
838 3156 45 21 Dun
892 3158 108 19 att*moon
1010 3162 11 13 a
1032 3155 68 24 letter,
1112 3154 64 27 origin-

644 3192 38 25 „tly
692 3191 108 21 addressed
811 3193 60 19 tome
882 3197 21 13 at
913 3189 34 21 tbe
957 3188 113 23 Fleetwood
1080 3189 106 26 telegraph

642 3226 61 23 office,
715 3231 39 14 was
765 3224 102 21 delivered
878 3230 21 13 to
908 3229 33 14 me
950 3229 21 13 at
982 3222 91 22 Preston.
1094 3222 92 24 Imagine

642 3265 31 18 my
683 3259 95 25 surprise,
786 3257 40 20 and
836 3256 42 20 alto
886 3262 32 19 my
926 3256 85 24 delight,
1020 3255 58 21 wheu
1089 3255 7 21 1
1106 3255 79 25 opened

640 3294 23 23 it,
675 3294 41 18 and
726 3294 36 17 not
771 3297 127 19 recognising
908 3291 35 18 the
953 3290 146 23 handwriting,
1112 3290 71 19 looked

640 3326 30 19 for
681 3326 36 19 tbe
734 3330 60 14 ii«rae
808 3327 22 16 at
849 3325 35 18 che
901 3324 40 18 end
951 3323 20 19 of
990 3323 34 19 the
1035 3324 66 21 letter,
1113 3324 21 18 to
1145 3322 38 19 bud

640 3360 12 8 •'
664 3360 34 17 trie
708 3364 46 12 man
773 3363 38 16 you
822 3357 58 19 knew
891 3363 21 12 as
934 3355 88 20 Richard
1033 3356 68 19 bunith
1154 3354 31 20 He

638 3393 40 17 nad
689 3393 35 17 not
734 3391 51 19 been
794 3390 103 22 drowned,
908 3389 49 19 then
985 3389 8 19 I
1004 3389 72 19 should
1087 3389 96 24 probably

638 3431 44 13 now
692 3424 56 19 learn
758 3424 44 19 who
812 3423 40 19 and
872 3423 54 19 what
936 3423 24 18 he
974 3422 63 25 really
1049 3428 47 15 was,
1108 3422 30 18 for
1159 3422 24 18 he

638 3457 66 19 stated
715 3463 20 13 in
754 3456 36 20 the
812 3455 61 20 letter
888 3455 46 19 that
943 3455 25 19 he
992 3454 98 20 intended
1110 3454 75 24 jailing

639 3497 52 18 upon
711 3495 31 14 me
751 3490 20 18 at
790 3488 115 20 Fleetwood
924 3494 24 13 on
960 3487 35 19 the
1015 3487 3 28 -
1019 3487 4 28 r
1024 3487 94 23 oilowiug
1137 3488 46 22 day.

638 3523 33 20 He
689 3523 62 18 wrote
769 3520 7 12 f
778 3526 42 13 rom
831 3520 35 19 the
884 3519 71 19 Graud
975 3519 70 22 Hotel,
1066 3518 116 24 Liverpool,

638 3556 39 19 and
689 3554 9 20 I
710 3554 102 20 therefore
822 3559 15 11 w
851 3553 32 19 i-ed
892 3553 20 19 to
922 3551 42 20 him
972 3558 33 17 my
1014 3552 78 23 change
1103 3551 21 19 of
1136 3550 39 20 resi-

638 3589 70 21 dence.
735 3589 28 18 As
786 3586 109 20 intimated
914 3586 25 19 he
948 3591 58 14 came
1025 3586 20 18 to
1056 3591 32 13 see
1098 3591 35 14 me
1148 3586 34 17 noi

640 3624 83 23 wishing
734 3628 21 13 i.o
774 3621 45 20 visit
833 3621 112 19 Fleetwood
978 3620 39 18 and
1029 3621 34 22 yet
1082 3620 102 23 naturally

644 3656 85 20 lesirone
746 3655 18 19 U
790 3660 55 13 ieam
857 3654 53 18 whax
934 3652 38 19 had
988 3652 106 24 happened
1106 3658 17 12 a>
1148 3653 27 18 rl.i-

639 3692 48 18 time
697 3688 21 20 of
728 3688 31 20 his
768 3692 100 19 supposes
880 3686 68 19 death.
980 3685 31 19 He
1020 3684 107 27 explained
1150 3685 35 19 u*i

638 3730 49 14 joon
698 3721 53 21 after
775 3721 72 25 fulling
864 3726 18 14 it
907 3720 34 20 the
958 3726 34 13 sea
1012 3718 26 21 he
1052 3718 100 25 managed
1164 3720 20 19 to

638 3757 65 18 strike
712 3756 34 18 the
757 3755 45 23 pole
812 3756 56 16 when
884 3753 120 24 swimming,
1016 3753 40 17 and
1068 3753 42 17 thai
1124 3758 24 17 ny
1159 3753 26 17 its.

639 3788 47 24 fcelp
696 3788 24 19 he
737 3788 64 22 easily
811 3786 47 24 kept
878 3785 68 19 afloat,
978 3785 40 18 the
1027 3785 105 23 returning,
1143 3782 43 21 tide

652 3821 65 20 arried
727 3819 41 21 him
778 3821 36 18 out
823 3821 22 17 to
855 3824 41 17 sea,
908 3817 38 21 and
958 3817 56 20 when
1025 3817 24 19 he
1060 3819 39 17 Had
1111 3817 73 19 almost

641 3855 58 27 given
717 3854 81 21 himsea
819 3859 28 19 up
857 3853 31 20 for
898 3852 41 21 lost
956 3852 25 20 he
992 3859 39 12 war
1043 3852 62 19 beard
1115 3850 25 26 by
1152 3850 32 20 the

641 3890 84 19 lookout
735 3894 46 14 man
791 3894 25 12 on
828 3894 10 12 a
858 3892 80 19 passing
952 3890 68 18 vessel,
1032 3886 38 18 and
1081 3884 61 20 taken
1160 3890 26 13 on

642 3922 69 20 uoard.
739 3921 44 19 The
802 3921 82 23 captain
895 3918 34 20 oid
941 3925 33 12 oo<
995 3920 49 17 wish
1055 3920 21 17 to
1086 3917 24 19 be
1119 3920 18 17 at
1152 3920 33 18 tht.

644 3969 6 6 v
653 3953 68 22 rouble
738 3952 22 20 of
770 3952 82 25 putting
870 3951 42 19 him
921 3950 78 23 a,.hore,
1011 3949 38 20 and
1069 3949 68 20 Smith
1148 3949 38 20 had

643 3987 74 25 special
727 3991 77 16 reason:
818 3985 19 20 of
848 3984 32 20 his
893 3990 44 13 own
948 3989 31 14 tor
990 3984 111 24 preferring
1113 3984 34 18 the
1157 3989 20 13 re-

644 4022 58 23 quest
712 4021 20 17 to
743 4021 23 17 be
776 4018 85 20 allowed
872 4019 20 17 to
903 4017 53 18 work
976 4017 31 18 his
1018 4021 91 19 passage.
1138 4015 48 19 This

645 4052 58 25 oeiug
713 4051 73 25 agreed
797 4051 28 22 to,
836 4050 31 19 his
876 4049 131 20 fearlessness
1018 4055 47 13 soon
1077 4049 59 19 made
1146 4048 40 20 him

644 4092 11 14 a
665 4086 64 24 prime
746 4084 101 19 favourite
861 4084 49 17 with
929 4083 34 18 tbe
972 4088 51 13 crew
1035 4085 38 16 aud
1093 4082 78 19 officers
1183 4082 3 28 ;

644 4118 40 19 and
695 4118 34 18 che
751 4116 63 20 vessel
831 4115 60 24 being
901 4120 26 13 on
949 4120 11 12 a
979 4114 83 25 trading
1082 4120 75 19 voyage
1167 4116 21 18 to

644 4152 65 22 South
720 4151 106 22 American
847 4151 64 26 ports,
926 4149 86 21 Smith's
1030 4149 118 27 knowledge
1167 4149 20 21 cf

645 4186 89 26 Spanish
744 4185 74 24 proved
828 4184 68 25 highly
908 4183 66 20 useful

670 4228 14 7 '•
694 4224 47 21 And
759 4229 44 14 now
830 4223 38 20 Mr.
889 4222 97 25 Luptou,'
1014 4222 25 20 he
1048 4222 51 24 said,
1111 4223 48 19 with
1178 4229 11 12 a

645 4257 65 21 smile,
774 4257 57 19 there
841 4262 25 14 nt
876 4262 69 19 longer
955 4256 52 19 exist
1016 4261 38 17 any
1066 4262 81 12 reasons
1157 4256 31 19 for

645 4291 72 25 hiding
727 4289 73 26 myself
811 4290 51 20 from
873 4296 32 19 my
913 4289 77 20 fnends
1000 4288 8 20 I
1018 4289 38 19 will
1067 4289 53 19 draw
1134 4288 54 21 oside

647 4325 35 20 che
691 4324 38 20 veil
739 4323 21 20 of
771 4325 118 23 anonymity
924 4322 35 24 My
974 4322 66 19 father
1049 4322 75 24 having
1141 4322 46 19 died

647 4357 54 20 since
713 4362 27 14 we
750 4356 41 20 last
800 4358 49 20 met,
861 4355 8 19 I
880 4360 32 14 am
924 4355 51 19 Lord
1044 4355 3 23 '

673 4390 9 20 I
704 4394 86 20 suppose
809 4390 5 15 I
832 4388 53 19 must
903 4387 51 20 have
969 4387 83 20 evinced
1075 4390 114 22 sopietning

649 4423 40 19 like
698 4421 128 23 incredulity,
837 4421 31 19 for
877 4421 26 19 he
912 4419 71 20 smiled
993 4420 112 25 amusedly.

699 4461 8 21 I
722 4467 33 15 see
769 4466 38 21 you
826 4466 34 14 are
870 4468 11 11 »
891 4459 28 19 bit
935 4459 95 25 sceptics-
1051 4459 31 21 Mr
1101 4459 87 27 Luptou,

649 4496 36 17 but
708 4493 7 19 I
734 4499 33 13 am
786 4495 35 16 >iot
838 4492 77 24 joking.
957 4490 8 19 I
985 4491 39 19 left
1042 4492 58 19 home
1115 4492 54 19 after
1179 4499 11 12 a

648 4525 83 22 terrible
737 4524 79 27 quarrel
825 4524 48 20 with
884 4529 33 19 my
927 4523 73 23 fatner,
1014 4524 44 19 who
1067 4524 39 19 bad
1117 4525 31 19 set
1159 4525 31 19 his

649 4564 57 17 near!
716 4567 25 14 on
760 4567 33 17 my
804 4565 102 19 marrying
926 4565 26 14 an
962 4558 129 26 exceedingly
1102 4560 85 26 wealtny

648 4596 81 19 uistant
750 4593 76 21 cousin,
837 4598 55 14 some
913 4591 58 25 eight
992 4598 59 17 years
1064 4598 33 18 ray
1106 4598 67 14 senior
1187 4591 4 25 ;

649 4630 40 19 and
711 4628 58 19 when
780 4626 9 21 I
800 4626 70 24 finally
892 4624 80 21 refused
999 4624 41 21 aad
1051 4623 20 22 in
1094 4626 62 19 terms
1167 4626 25 19 he

650 4661 58 21 could
718 4661 37 20 not
765 4660 92 20 mistake,
870 4659 24 20 he
912 4659 94 19 declared
1016 4659 47 19 that
1073 4659 119 19 henceforth

650 4701 24 14 js
683 4695 40 20 had
734 4700 25 15 no
769 4699 36 15 son
842 4693 31 20 He
884 4692 64 20 would
958 4694 46 23 stop
1014 4698 33 19 my
1066 4691 110 22 allowance
1188 4691 4 26 ;

649 4729 10 20 I
671 4729 64 24 might
743 4729 68 18 starve
819 4727 31 19 for
860 4725 64 26 aught
933 4726 24 19 he
967 4725 65 20 cared.
1058 4725 19 19 It
1088 4731 39 13 was
1139 4731 53 13 mere

649 4762 94 20 accident
751 4761 74 19 caused
835 4765 31 14 me
876 4761 20 17 to
906 4758 81 21 become
998 4765 11 12 a
1018 4758 100 20 linesman
1127 4758 21 20 in
1159 4758 34 20 the

648 4795 76 19 service
732 4794 22 19 of
764 4795 34 17 the
808 4792 104 25 telegraph
922 4797 101 19 company
1034 4797 5 16 ;
1062 4791 8 19 I
1081 4791 109 20 overheard

649 4828 41 21 two
696 4832 46 15 men
748 4825 80 26 talking
837 4830 21 15 in
867 4831 11 13 a
885 4824 107 27 Liverpool
999 4823 139 28 public-boude
1146 4823 47 22 that

650 4863 48 18 such
709 4868 44 12 men
764 4866 52 14 were
825 4860 59 20 much
892 4859 87 20 wanted,
992 4859 36 19 but
1037 4860 47 18 that
1093 4859 35 19 the
1138 4858 55 20 work

650 4900 41 13 was
711 4891 124 26 somewhat'
844 4893 120 24 dangerous.
1002 4891 9 20 I
1034 4891 58 20 kuew
1115 4892 46 19 that
1183 4891 9 20 I

650 4925 103 25 possessed
764 4931 11 14 a
785 4928 52 17 clear
842 4924 59 23 head,
912 4924 39 20 and
961 4924 10 20 I
1054 4923 77 20 handle
1141 4926 52 18 most

651 4958 121 27 carpenter's
790 4958 52 20 tools
852 4958 61 25 fairly
931 4958 44 20 well
986 4958 31 20 for
1027 4964 25 13 an
1063 4959 98 22 amateur,
1172 4964 21 14 so

652 4993 8 19 I
671 4992 76 20 offered
757 4991 79 25 myself,
848 4993 113 23 preferring
979 4997 26 13 an
1014 4991 85 19 outdoor
1110 4996 72 19 occupa-

638 5027 56 17 tion
718 5025 20 18 to
747 5023 47 21 that
803 5022 21 21 of
833 5028 12 14 a
866 5021 62 23 clerk,
939 5022 65 20 which
1014 5021 8 21 I
1045 5021 41 21 had
1108 5022 21 20 at
1151 5021 42 21 first

651 5057 88 24 thought
750 5056 20 19 of
779 5056 106 24 adopting.
922 5056 59 19 Since
991 5054 89 24 arriving
1095 5054 20 19 in
1127 5054 55 19 Liver-

651 5089 53 26 pool,
716 5088 8 20 I
745 5089 51 19 have
804 5087 68 21 learnt
892 5087 46 20 tint
948 5094 10 13 a
969 5087 70 21 cousin
1056 5087 22 19 of
1089 5087 59 23 mine,
1160 5086 34 20 the

651 5124 49 18 next
710 5122 43 20 heir
761 5121 24 20 to
805 5121 36 20 the
850 5120 52 25 title,
913 5120 37 20 has
959 5123 36 17 not
1008 5119 46 25 only
1070 5119 89 25 adopted
1170 5121 22 22 it,

652 5154 21 20 in
683 5153 35 21 the
736 5152 61 21 belief
807 5152 45 20 that
863 5152 9 20 I
891 5158 39 14 was
940 5152 95 20 drowned
1046 5154 20 17 at
1077 5151 115 20 Fleetwood

652 5186 36 21 but
696 5186 36 20 has
756 5186 42 19 also
807 5185 106 20 contrived
931 5187 21 18 to
970 5190 69 14 secure
1061 5185 35 19 the
1107 5184 53 19 hand
1172 5183 21 19 of

652 5226 33 18 my
696 5219 85 25 wealthy
791 5218 93 21 relative.
924 5218 34 25 My
976 5219 35 19 utt
1079 5216 111 26 aexpected

652 5254 70 19 return
731 5251 40 21 will
780 5251 24 21 be
814 5259 11 13 a
834 5258 44 14 sore
888 5252 176 25 disappointment
1073 5253 21 17 to
1105 5251 35 18 the.
1149 5249 34 20 hus-

651 5285 62 22 band,
724 5285 39 20 and
774 5285 48 23 also,
834 5285 8 20 I
861 5285 51 20 have
920 5291 72 14 reason
1005 5285 22 20 to
1037 5284 83 22 believe,
1131 5285 21 17 to
1163 5282 31 19 his

652 5319 56 19 bride
719 5324 5 16 ;
748 5319 31 19 for
788 5319 35 19 she
833 5317 59 21 could
902 5318 51 20 have
962 5317 50 20 been
1024 5316 88 20 married
1134 5320 58 20 years

652 5359 39 19 ago
699 5352 16 21 if
724 5352 36 22 she
776 5352 41 21 had
826 5351 51 22 been
894 5351 77 27 williDg
980 5353 22 19 to
1020 5352 71 24 a:cept
1101 5355 11 14 a
1131 5350 63 19 suitor

652 5388 21 19 of
684 5388 38 19 less
732 5388 49 19 rank
792 5388 48 19 th»n
851 5393 25 13 an
887 5386 40 20 earl
976 5385 36 24 My
1022 5385 53 24 lady,
1088 5385 34 19 the
1132 5390 48 13 coun-

652 5422 47 21 tess,
711 5426 23 13 as
754 5419 36 20 she
799 5426 45 12 now
865 5418 62 26 styles
950 5417 82 23 herself,
1055 5415 96 25 candidly
1161 5416 23 18 ad-

654 5453 71 20 mitted
749 5453 46 20 that
804 5454 34 18 she
849 5453 35 19 did
906 5454 37 18 not
952 5452 44 19 love
1007 5456 37 17 me,
1056 5450 35 19 but
1105 5450 45 18 that
1159 5449 36 19 she

653 5492 40 13 was
716 5486 75 24 willmg
802 5487 21 18 to
833 5491 66 19 marry
922 5491 37 17 me,
972 5483 39 20 and
1021 5483 46 19 that
1076 5483 36 18 her
1122 5487 70 18 money

653 5519 64 20 would
727 5519 72 20 enable
821 5524 31 14 me
861 5520 23 18 to
892 5522 112 16 re-assume
1025 5515 36 21 the
1071 5514 62 26 proud
1145 5513 40 25 posi-

652 5553 44 20 tion
715 5552 46 20 held
780 5553 24 24 by
815 5552 35 20 the
860 5552 52 19 head
922 5551 21 20 of
954 5557 36 13 our
999 5548 72 26 family
1081 5555 10 12 a
1101 5548 94 19 hundred

652 5592 59 19 years
721 5591 45 18 ago,
790 5585 69 20 before
870 5590 33 18 my
917 5585 57 24 great
988 5581 126 27 granduncle
1122 5586 61 20 squan-

652 5619 60 21 dered
723 5620 35 19 the
768 5619 44 20 best
821 5618 21 21 of
852 5618 35 20 the
897 5618 82 19 estates.
1015 5615 9 20 I
1035 5621 39 17 am,
1096 5613 99 22 tbrefore.

653 5653 35 18 not
698 5653 22 19 at
730 5651 27 21 all
767 5658 56 18 sorry
834 5652 31 18 for
874 5652 35 18 her
923 5648 79 25 romiog

703 5687 43 17 (tee
757 5686 64 23 c;iu»ti
882 5683 7 18 I
906 5686 26 14 '.'t
943 5689 21 14 -m
1016 5680 3 29 !
1070 5680 63 16 '•>""'
1159 5685 5 8 '

652 5748 47 16 ever
721 5741 83 25 suspect
820 5740 48 19 Umt
877 5738 36 19 the
932 5734 95 22 accident
1036 5737 40 21 jou
1098 5731 41 19 met
1150 5727 47 21 with

654 5781 40 15 was
704 5773 86 27 brought
801 5773 62 19 about
872 5770 26 26 by
908 5768 43 22 foul
960 5767 48 26 play
1019 5766 9 19 F

681 5809 14 12 ••
705 5807 33 22 No
749 5798 4 31 !
781 5806 63 21 What
854 5805 26 20 do
889 5809 39 20 you
939 5807 59 15 mean
1009 5799 9 21 ?

703 5842 45 20 The
761 5839 46 28 pole
825 5837 64 22 which
906 5841 52 20 gave
976 5839 44 20 way
1031 5832 56 20 when
1096 5836 40 21 you
1146 5834 52 15 were

654 5881 52 16 were
727 5874 79 22 thrown
828 5872 45 20 into
895 5869 36 20 the
952 5868 64 20 water
1025 5865 39 21 had
1082 5864 50 20 been
1143 5868 54 14 sawn

653 5908 108 25 thorough,
772 5906 40 21 and
823 5905 8 21 I
851 5903 60 22 think
922 5901 8 21 I
940 5907 38 15 can
991 5900 65 20 throw
1066 5897 49 20 such
1125 5903 10 12 a
1145 5896 53 24 light

654 5948 54 19 upon
716 5942 37 20 the
762 5939 59 22 affair
844 5943 22 14 as
877 5935 39 21 will
925 5933 73 22 enable
1014 5937 51 21 your
1075 5929 92 25 lordship
1176 5930 21 17 to

653 5976 26 21 fix
689 5981 54 20 upon
753 5974 35 20 the
798 5971 67 28 guilty

652 6000 3 30 '
679 6008 47 22 Aid
738 6007 8 21 I
756 6006 45 22 told
811 6005 43 21 him
865 6004 35 20 the
910 6000 66 21 whole
985 6001 62 23 story.

751 6046 35 15 are
795 6039 63 26 right,
871 6037 38 21 Mr.
921 6035 81 25 Lupten
1014 6039 5 15 :
1030 6032 36 20 the
1075 6029 69 21 villain
1154 6027 44 21 who

654 6077 46 26 paid
710 6077 48 20 that
766 6074 93 21 hundred
877 6069 80 28 pounds
967 6068 55 20 must
1042 6066 52 20 have
1104 6064 49 19 been
1162 6063 36 19 the

654 6118 47 15 man
712 6111 9 20 I
731 6108 42 22 will
783 6107 91 26 speedily
884 6104 92 21 anmask.
1017 6102 28 19 As
1054 6100 32 19 for
1096 6100 31 18 his
1136 6098 60 23 dupe,

658 6145 36 20 the
713 6149 47 14 man
769 6147 40 21 you
831 6138 124 21 describees
975 6134 96 22 having,
1092 6131 51 24 deep
1152 6129 46 19 bass

640 6162 2 42 !
655 6178 62 26 voice,
724 6174 50 21 with
784 6180 24 14 an
817 6171 133 26 impediment
958 6168 21 20 in
989 6168 30 19 his
1029 6164 79 26 speech,
1120 6162 8 20 I
1139 6162 60 20 know

641 6196 3 39 |
656 6211 86 24 nothing
751 6208 21 20 of
782 6208 49 20 him.
872 6202 94 25 Possibly
976 6201 65 19 either
1051 6204 38 19 you
1099 6203 22 13 or
1132 6196 8 20 I
1152 6201 46 19 may

642 6228 2 35 I
655 6248 56 15 come
733 6245 67 16 across
809 6239 42 19 him
861 6242 55 14 som.
937 6238 48 20 day,
995 6232 33 19 for
1037 6231 35 19 the
1091 6228 61 20 world
1162 6234 17 14 is
1188 6234 11 12 a

641 6260 3 41 I
657 6281 47 19 very
726 6272 59 22 smell
798 6271 65 26 place,
887 6268 54 21 after
959 6266 34 21 all.
1013 6270 39 19 you
1062 6264 64 18 know.
1155 6260 44 21 Can

642 6293 3 42 !
656 6315 38 20 you
705 6313 57 15 come
783 6312 28 19 up
828 6305 23 19 to
860 6303 36 20 the
916 6298 92 23 Victoria
1018 6297 40 20 and
1080 6296 49 20 take
1138 6293 61 22 lauch

657 6342 49 20 with
717 6347 31 14 me
758 6339 11 21 P
778 6338 12 10 n

685 6375 8 20 I
706 6380 39 15 w*j
757 6372 79 26 oblige*
846 6371 21 19 to
877 6368 85 22 aeciine,
982 6365 36 23 not
1028 6362 75 26 having
1122 6366 78 20 *oy«ue

1218 192 22 22 in
1251 193 36 20 +he
1296 193 57 19 office
1365 193 119 25 competent
1501 192 23 20 to
1534 192 54 21 woik
1597 193 37 21 the
1642 193 126 21 instrument

1219 227 21 19 in
1251 232 34 20 my
1294 226 86 20 absence
1391 226 3 26 ,
1420 226 41 20 and
1472 226 40 20 had
1522 228 22 18 to
1554 226 24 21 be
1600 228 86 19 content
1694 227 51 21 with
1754 233 13 15 a

1219 259 72 26 couple
1313 259 22 20 of
1345 259 76 25 glasses
1442 259 23 20 of
1474 258 53 21 wine
1543 258 22 21 in
1574 259 37 21 tbe
1621 260 146 21 refreshment*

1219 299 63 14 room.

1244 326 82 24 Having
1334 331 27 14 no
1370 324 60 26 proof
1439 324 22 20 of
1469 325 37 19 the
1516 325 57 19 truth
1582 325 22 19 of
1613 325 31 20 bis
1654 325 114 25 suspieions

1219 359 54 20 Lord
1343 365 50 14 gave
1402 364 27 12 no
1439 357 45 19 hint
1495 359 22 17 to
1526 357 31 19 his
1567 359 70 18 cousin
1655 360 64 17 anent
1736 359 32 19 his

1219 396 96 20 presence
1326 389 20 19 in
1355 388 117 20 Fleetwood
1485 394 53 17 prior
1548 389 21 18 to
1583 390 36 17 '.be
1653 388 98 21 accident
1757 386 12 13 *

1219 425 45 19 The
1281 422 102 27 supposed
1402 427 44 15 new
1460 428 47 18 peer
1517 420 105 26 professed
1633 422 20 19 to
1663 420 75 26 rejoice
1748 423 21 19 at

1220 459 34 18 the
1263 456 155 23 extraordinary
1428 461 73 18 escape
1511 454 21 19 of
1542 454 31 19 bis
1583 460 77 17 cousin,
1680 455 40 18 and
1738 461 24 14 re

1219 489 71 25 signed
1299 489 32 19 his
1349 489 88 19 honours
1455 487 39 19 aud
1513 487 77 19 estates
1609 486 50 20 with
1677 487 91 25 seeming

1219 520 101 27 goodwill.

1244 553 44 21 Not
1305 560 22 14 so
1345 553 36 20 the
1400 558 78 15 woman
1498 553 43 20 who
1559 553 41 20 had
1619 553 95 20 bartered
1731 553 38 21 her

1219 586 74 21 wealth
1303 585 33 22 for
1345 593 11 13 a
1369 585 54 21 title.
1451 585 42 21 She
1504 592 39 13 was
1553 585 79 20 furious
1643 592 5 17 ;
1667 586 41 20 and
1717 593 50 13 even

1220 620 53 18 went
1282 623 21 14 so
1315 618 32 19 far
1356 623 22 14 as
1388 620 21 16 to
1420 616 81 21 declare
1517 617 36 19 her
1571 616 78 21 believe
1665 618 49 19 that
1731 618 37 20 the

1222 651 62 20 whole
1293 651 81 19 scheme
1383 650 41 20 had
1438 649 49 20 been
1507 649 109 21 concocted
1636 650 26 25 by
1675 650 37 20 the
1726 651 44 19 two!

1219 690 52 17 xen,
1281 684 22 19 to
1313 682 71 21 euable
1394 683 35 18 tbe.
1439 687 46 14 man
1496 682 36 19 she
1550 682 88 19 married
1656 684 21 17 to
1686 682 81 21 'obtain

1221 717 34 20 che
1273 715 77 21 control
1369 715 23 21 of
1409 715 37 19 her
1464 720 81 19 money,
1564 715 41 19 and
1623 715 36 20 the
1676 715 60 21 other
1745 718 22 18 to

1218 749 58 20 avoid
1286 755 11 14 a
1307 749 100 25 marriage
1416 747 50 20 with
1473 754 38 14 one
1520 749 64 19 whom
1594 748 26 20 he
1630 748 34 20 did
1675 750 37 19 riot
1720 755 50 21 care,

1217 783 30 20 for
1283 782 42 20 She
1334 781 49 25 had,
1393 781 100 24 however,
1513 783 61 18 taKen
1593 781 37 21 the
1647 782 119 25 precaution

1217 817 22 18 to
1249 818 50 17 have
1309 816 27 19 all
1346 815 36 20 she
1390 815 104 24 possessed
1503 814 75 20 settled
1588 814 113 24 absolutely
1712 821 57 19 upon

1217 848 92 24 herself;
1328 848 40 20 and
1387 853 45 14 now
1449 847 81 20 refused
1548 846 129 27 point-blank
1695 850 22 18 to
1728 847 39 21 live

1217 882 49 20 with
1277 882 35 19 the
1320 881 152 20 disfranchised
1489 887 55 19 peer,
1555 881 45 20 who
1609 881 65 20 found
1684 881 82 22 himself

1216 918 21 19 iu
1247 924 11 12 a
1271 924 60 12 worse
1340 917 89 25 position
1439 917 50 18 than
1500 916 76 20 before.

1244 950 32 20 All
1295 950 41 20 this
1355 951 35 18 tbe
1401 949 46 20 Earl
1465 949 103 20 informed
1587 956 32 13 me
1629 957 11 12 a
1650 950 39 20 few
1700 951 66 20 weeks

1217 983 128 24 afterwards,
1357 985 57 18 wheu
1424 985 23 18 he
1458 982 38 20 left
1507 983 34 19 the
1551 983 75 20 Scotch
1644 990 82 17 express
1744 985 23 19 at

1217 1016 95 25 Preston,
1324 1018 40 18 and
1374 1016 73 25 stayed
1461 1016 94 25 chatting
1566 1016 48 20 with
1625 1023 32 13 me
1667 1017 53 19 until
1730 1017 36 20 the

1216 1051 50 19 next
1275 1055 82 19 express
1367 1055 57 14 came
1434 1049 96 24 through.

1241 1082 43 21 Not
1294 1090 26 13 an
1332 1084 48 19 hour
1390 1084 56 19 after
1456 1084 30 18 hi*
1496 1082 53 21 train
1563 1083 42 20 bad
1622 1082 48 26 left,
1679 1089 12 14 a
1701 1084 66 25 rough

1216 1116 170 27 looking,though
1395 1117 126 26 respeotably
1531 1117 83 20 dressed
1625 1124 46 13 man
1680 1118 86 20 entered

1216 1157 35 18 my
1261 1152 64 18 office.

1269 1183 9 20 I
1289 1185 54 17 want
1352 1184 21 18 to
1384 1182 49 20 tend
1444 1189 10 13 a
1470 1183 77 19 metted
1557 1185 22 17 to
1740 1184 26 20 he

1217 1219 52 20 sa'd,
1280 1216 21 19 iu
1311 1223 10 11 a
1333 1217 50 22 deep
1393 1216 56 18 voice
1459 1215 7 19 I
1479 1218 21 16 at
1510 1221 50 13 once
1578 1216 125 24 recognised,
1716 1217 50 19 with

1217 1255 11 13 a
1237 1248 59 20 thrill
1306 1248 46 20 that
1365 1249 74 19 caused
1458 1253 31 14 me
1507 1249 22 19 to
1547 1249 53 19 etart
1619 1247 105 28 violently,
1744 1256 24 14 in

1217 1285 53 23 spite
1279 1282 21 21 oi
1311 1282 74 25 myself

1247 1317 11 10 •'
1268 1316 66 19 Write
1351 1317 35 18 the
1405 1321 88 19 .Tiea»t>£«
1512 1322 26 13 en
1557 1315 42 20 this
1693 1316 9 20 I
1712 1317 52 25 said,

1218 1354 22 15 as
1253 1349 70 25 jalmly
1333 1354 20 14 as
1364 1348 8 20 I
1383 1348 68 20 could.

1269 1383 8 21 I
1293 1383 54 20 can't
1365 1385 58 18 write
1433 1389 5 17 ;
1457 1389 60 14 never
1536 1385 54 19 went
1599 1385 22 19 to
1630 1383 46 21 tooL
1707 1383 60 22 Pleat

1218 1420 26 17 do
1253 1418 17 18 it
1280 1416 32 19 tor

1272 1449 50 25 Very
1333 1448 60 24 well;
1412 1455 26 19 go
1447 1449 72 20 ahead.
1546 1449 53 20 Who
1609 1449 17 20 is
1635 1450 49 20 nto
1694 1449 9 20 ?

1245 1481 13 13 74
1268 1482 68 20 Never
1356 1481 57 20 mind
1424 1487 5 18 ;.
1449 1481 32 20 I'll
1500 1481 50 21 tend
1569 1488 12 14 a
1690 1483 42 20 and
1741 1483 27 21 be

1218 1514 75 22 turned
1303 1516 21 19 te
1333 1516 45 24 quit
1387 1514 36 20 the
1433 1513 61 22 office.

1267 1549 19 19 A
1296 1549 98 19 moment,
1406 1547 75 24 please.
1503 1547 47 20 You
1559 1554 52 14 were
1620 1547 20 21 in
1650 1548 117 21 Fleetwood

1218 1583 62 20 about
1289 1589 61 14 seven
1360 1582 82 20 months
1451 1582 105 24 since,and
1566 1583 75 20 earned
1651 1590 12 14 a
1673 1585 92 19 hundred

1218 1616 81 27 pounds
1308 1616 33 20 for
1350 1622 12 14 a
1373 1616 45 20 nice
1426 1615 55 22 little
1489 1615 35 26 job
1537 1622 40 19 you
1587 1616 36 21 did
1632 1623 38 14 one
1680 1617 89 26 Sunday,

1218 1649 65 26 night.
1296 1649 52 20 How
1357 1648 49 25 long
1416 1648 35 21 did
1461 1649 18 20 it
1488 1648 48 22 take
1545 1655 41 19 you
1595 1651 22 19 to
1627 1656 41 14 saw
1677 1651 93 25 through:

1219 1683 47 20 thai
1275 1683 34 20 old
1319 1681 107 27 telegraph
1437 1681 47 26 pole
1494 1682 9 20 ?

1244 1716 43 20 The
1298 1716 63 19 mau'.'<
1371 1715 122 25 ruddy«face
1503 1716 93 20 assumed
1607 1723 12 13 a
1629 1717 38 19 hi.e
1685 1716 22 21 of
1724 1716 43 27 yel>

1218 1749 79 20 low-ish
1315 1749 69 23 white,
1394 1749 41 19 and
1446 1749 29 19 hi.-
1485 1755 47 18 eyes
1549 1749 81 20 seemed
1649 1756 21 14 as
1688 1747 81 29 though'

1218 1782 48 24 they
1277 1780 67 20 would
1353 1787 57 13 come
1420 1782 34 18 out
1465 1781 21 18 of
1496 1780 31 19 his
1536 1781 60 20 head.

1244 1813 13 12 M
1268 1813 10 20 I
1289 1813 57 20 don't
1355 1813 60 20 know
1425 1813 55 20 what
1493 1820 39 19 you
1543 1820 66 17 mean,
1621 1814 27 20 tir
1660 1813 4 28 ;
1682 1821 39 20 you
1731 1821 36 15 are

1326 1846 25 21 he
1360 1846 44 21 said
1415 1848 22 19 at
1446 1846 47 22 last.

1268 1880 8 19 I
1288 1886 33 13 am
1332 1882 37 18 not
1375 1880 79 26 joking,
1465 1887 22 13 as
1496 1886 39 20 you
1542 1880 59 21 know
1611 1881 47 26 only
1669 1882 34 20 too
1712 1881 52 21 well.

1217 1912 44 20 The
1271 1919 47 13 man
1328 1912 45 21 who
1383 1913 47 25 paid
1441 1919 39 19 you
1491 1914 35 19 the
1536 1914 110 25 money—l
1661 1916 56 18 want
1735 1914 36 25 his,

1242 1978 44 21 The
1303 1978 68 21 fellow
1385 1978 41 21 had
1436 1985 45 14 now
1491 1979 97 26 regained
1597 1979 31 20 his
1639 1985 95 19 presence
1743 1980 23 21 of

1221 2012 59 25 nind,
1292 2013 40 19 and
1342 2012 84 27 rusLing
1435 2015 36 18 oat
1480 2013 22 19 of
1511 2013 36 20 the
1555 2013 57 21 office
1621 2013 26 21 he
1656 2013 38 20 fled
1703 2013 63 27 along

1218 2047 34 20 tbe
1270 2046 105 25 platform.
1405 2047 8 19 I
1425 2049 54 18 went
1488 2048 54 18 after
1550 2047 43 20 him
1604 2048 108 24 instantly,
1724 2050 39 17 and

1218 2079 59 25 being
1286 2086 68 18 young
1364 2079 40 19 and
1415 2079 50 19 lithe
1475 2079 66 19 would
1559 2080 51 18 have
1628 2079 77 25 caught
1722 2079 47 20 him'

1216 2111 64 27 easily
1298 2112 40 19 had
1357 2112 25 20 be
1397 2114 36 17 not
1449 2112 102 25 suddenly
1565 2112 77 19 dashed
1653 2118 67 15 across
1729 2112 36 21 the

1217 2145 78 21 metals.
1324 2146 28 20 At
1362 2146 47 20 that
1426 2146 70 25 period
1506 2152 22 13 as
1537 2145 33 20 old
1581 2146 134 20 Prestonians
1724 2147 40 21 will

1218 2179 157 25 remember,the
1385 2180 73 23 engine
1466 2179 23 20 of
1498 2185 26 13 au
1534 2179 104 27 incoming
1647 2179 53 20 train
1711 2180 53 20 from

1216 2213 35 19 the
1261 2213 60 19 north
1340 2219 40 13 was
1398 2211 114 25 uncoupled
1531 2211 69 21 before
1617 2213 95 24 entering
1730 2213 39 20 the

1216 2246 79 24 tunnel,
1315 2247 40 19 and
1374 2248 35 17 the
1419 2246 53 19 train
1484 2246 85 21 allowed
1578 2248 22 17 to
1609 2253 58 13 come
1675 2247 44 19 into
1728 2247 36 20 the

1216 2282 77 16 station
1303 2279 113 19 controlled
1428 2279 25 24 by
1463 2279 36 19 the
1516 2278 82 24 guard's
1616 2278 62 20 break
1696 2279 73 20 alone.'

1216 2313 33 19 An
1259 2312 74 25 engins
1351 2312 22 19 of
1389 2312 50 20 such
1448 2319 12 12 a
1468 2314 54 18 tram
1534 2319 40 12 was
1584 2314 21 18 at
1615 2312 35 20 tbe
1673 2313 91 19 moment

1216 2346 89 25 running
1324 2346 95 25 through,
1431 2345 40 21 and
1490 2345 35 20 the
1540 2352 47 14 man
1598 2345 9 21 I
1627 2346 40 20 had
1678 2347 85 19 accused
1766 2345 1 26 l

1216 2385 40 13 was
1267 2380 92 18 knocked
1370 2379 58 19 down
1438 2379 40 19 and
1487 2385 37 13 ruu
1534 2385 54 16 over,
1599 2379 31 19 his
1640 2378 54 25 body
1703 2378 61 26 being

1216 2411 85 24 awfully
1313 2411 108 20 mutilated

1241 2444 67 19 When
1319 2445 34 19 the
1363 2444 93 25 clothing
1466 2451 41 13 was
1516 2444 96 20 searched
1622 2450 12 14 a
1644 2443 61 21 letter
1724 2450 39 14 was

1216 2477 63 20 fouud
1289 2478 21 19 in
1319 2484 39 13 one
1367 2478 22 19 of
1406 2478 31 19 his
1448 2478 90 24 pockuts,
1550 2478 65 19 which
1633 2484 41 13 was
1692 2478 22 19 to
1732 2483 32 14 me

1216 2514 115 16 conclusive
1339 2511 60 22 proof
1409 2511 46 20 that
1465 2511 35 20 the
1511 2518 46 12 man
1568 2511 41 20 had
1622 2511 50 19 beeu
1682 2510 82 25 levying

1216 2544 108 20 blackmail
1342 2544 53 20 from
1414 2544 35 20 the
1491 2544 117 26 gentleman
1638 2544 46 20 who
1694 2544 73 20 bribed'

1216 2578 42 20 him
1268 2579 21 18 to
1299 2580 84 18 commit
1393 2584 10 13 a
1419 2578 82 19 murder
1762 2578 4 21 \

1243 2610 8 21 I
1263 2610 59 21 wired
1334 2613 21 17 to
1366 2611 34 20 the
1411 2610 47 24 earl,
1471 2611 44 20 who
1525 2610 103 25 returned,
1648 2610 40 20 and
1707 2616 42 13 man-

1216 2638 51 25 aged
1286 2642 22 15 to
1325 2638 69 20 obtain
1413 2638 113 25 possession
1545 2638 21 20 of
1584 2638 35 20 the
1635 2637 68 21 letter,
1715 2643 22 14 as
1747 2638 16 19 it

1217 2666 46 19 bore
1273 2665 30 20 his
1313 2669 54 16 crest
1376 2666 39 19 and
1426 2672 123 18 monogram.
1579 2665 30 26 By
1620 2671 68 14 means
1698 2664 21 21 of
1729 2664 39 21 tbe'

1216 2692 61 21 letter
1300 2694 31 18 bis
1350 2693 103 19 infamous
1471 2693 70 19 cou.-in
1560 2699 40 13 was
1618 2692 113 25 compelled
1740 2693 22 19 to

1216 2721 44 25 quit
1270 2720 95 24 England
1376 2726 60 14 never
1444 2721 22 19 to
1476 2721 77 19 raturn.

1223 2780 59 21 THE
1309 2779 93 22 SEVEN
1437 2779 141 22 WONDERS
1605 2779 35 21 OF
1658 2779 110 22 COREA.

1249 2837 17 19 A
1275 2836 88 20 Chinese
1373 2841 62 20 paper
1444 2835 101 20 describes
1563 2836 36 19 the
1607 2841 60 14 seven
1676 2835 91 21 wonder*

1222 2870 65 20 which
1297 2869 71 23 Corea,
1379 2869 41 20 like
1430 2871 49 18 unto
1486 2869 59 20 other
1555 2868 92 21 Oriental
1658 2868 109 25 countries

1223 2909 108 19 possesses,
1342 2902 38 20 and
1392 2902 64 19 which
1466 2902 72 24 played
1552 2909 13 12 a
1582 2902 135 24 conspicuous
1726 2902 41 21 role

1222 2935 20 20 in
1253 2935 111 25 antiquity.
1377 2935 44 19 The
1430 2935 78 19 Corean
1518 2935 93 19 wonders
1620 2935 83 23 consist,
1714 2935 51 21 finrfi

1221 2968 23 20 of
1254 2975 11 12 a
1274 2968 35 20 hot
1319 2967 85 21 mineral
1414 2974 68 17 spring
1492 2973 48 15 near
1550 2967 40 20 Kin
1601 2968 166 23 Shantao.whicb

1223 3001 16 19 is
1257 3000 82 26 capable
1356 3001 20 19 of
1387 3007 69 19 coring
1473 3000 88 20 sickness
1571 3001 40 19 and
1622 3001 79 19 disease
1710 2999 22 22 of
1741 2999 25 26 a|?

1222 3036 58 19 sorts,
1309 3034 43 19 The
1362 3034 73 19 second
1446 3036 80 17 wonder
1535 3033 17 20 is
1561 3034 36 19 the
1606 3036 40 17 two
1656 3033 63 25 wells,
1729 3040 38 14 ami

1223 3071 22 17 at
1263 3067 50 21 each
1331 3068 38 20 end
1388 3067 23 20 of
1421 3068 33 20 the
1472 3067 112 26 peninsula,
1596 3068 65 20 which
1671 3068 53 20 have
1732 3067 36 21 Ibo

1223 3100 120 25 peculiarity
1359 3102 45 17 that
1422 3101 57 18 when
1497 3106 36 14 one
1551 3106 17 13 is
1585 3100 38 19 full
1638 3101 34 19 the
1681 3101 60 19 other
1750 3100 18 20 in

1223 3134 78 23 empty.
1345 3131 43 19 The
1402 3134 63 16 water
1482 3131 21 19 nf
1522 3131 35 19 the
1571 3137 38 13 one
1627 3130 17 20 is
1665 3130 102 26 intensely

1221 3164 78 23 bitter;
1323 3165 36 19 the
1380 3164 59 20 other
1461 3164 35 19 hss
1514 3170 12 13 a
1543 3165 63 19 sweet
1623 3164 40 20 and
1672 3163 96 26 pleasant]

1221 3202 61 19 taste.
1322 3200 44 20 Tbe
1375 3200 55 19 third
1450 3200 81 19 wonder
1544 3200 16 19 is
1571 3207 10 12 a
1592 3200 43 20 cold
1646 3206 55 17 cave,
1711 3200 57 21 from

1222 3234 65 19 vbich
1296 3233 57 20 there
1362 3238 63 14 issues
1435 3232 117 24 constantly
1566 3239 24 13 an
1607 3233 86 19 ice-cold
1702 3233 64 24 wind,

1222 3266 49 19 with
1281 3266 49 19 such
1340 3265 55 20 force
1405 3266 46 19 that
1465 3272 11 12 a
1494 3267 70 23 strong
1579 3272 46 13 man
1635 3266 16 18 is
1660 3265 74 20 unable
1743 3269 24 19 ten

1220 3301 22 17 to
1259 3299 61 19 stand
1339 3304 27 17 up
1385 3299 80 22 against
1473 3297 23 20 it.
1537 3298 18 19 A
1568 3298 47 24 pine
1625 3298 64 20 forest
1698 3299 68 21 whicfij

1219 3332 75 18 cannot
1313 3332 23 17 be
1358 3329 116 20 eradicated
1488 3330 122 19 constitutes
1632 3331 36 19 the
1689 3330 66 21 fourth-

1221 3365 85 18 wonder.
1324 3361 31 22 No
1367 3365 73 17 matter
1451 3362 53 20 what
1514 3368 67 19 injury
1591 3369 44 18 may
1646 3362 24 20 be
1680 3363 53 20 done
1741 3365 24 20 to

1219 3396 35 19 tbe
1264 3398 62 17 roots,
1337 3396 36 18 the
1381 3400 68 18 young
1458 3396 54 18 trees
1526 3395 69 26 spring
1606 3401 26 18 up
1642 3401 68 18 again,
1722 3396 44 22 likrj

1219 3428 36 20 tho
1265 3428 80 24 phreuix
1355 3427 52 20 from
1418 3429 26 18 its
1454 3427 65 20 ashes.
1559 3427 43 20 The
1612 3431 52 17 most
1673 3427 93 21 remark*

1219 3461 51 22 able,
1280 3461 99 22 however,
1394 3465 16 15 ii
1420 3461 34 17 the
1462 3459 46 19 fifth
1523 3461 142 19 wonder—the
1682 3460 84 21 famous,

1218 3494 171 24 hovering-stone,
1397 3493 64 19 which
1472 3493 77 21 stands,
1560 3494 107 23 or.rather,
1677 3501 89 19 appear*

1218 3528 21 17 to
1247 3526 69 22 stand,
1328 3525 18 18 in
1357 3525 56 18 fiont
1422 3525 22 18 of
1454 3531 11 11 a
1475 3525 70 23 palace
1553 3526 81 18 erected
1645 3527 20 18 to
1675 3527 26 18 its
1711 3527 54 19 hon.«

1217 3564 42 13 our.
1296 3558 49 19 This
1355 3557 16 19 is
1381 3563 9 13 a
1403 3556 85 20 massive
1498 3557 128 25 rectangular
1641 3558 64 25 block,
1717 3558 47 23 freej

1217 3597 25 14 on
1253 3590 26 20 all
1289 3591 62 19 sides.
1390 3590 47 20 Two
1456 3596 45 13 men
1519 3591 103 25 standing,
1633 3597 37 15 one
1680 3593 21 18 at
1710 3593 54 25 eacl\

1217 3624 46 23 eud,
1275 3629 37 12 'an
1322 3623 54 18 draw
1387 3628 10 12 a
1407 3622 46 19 cord
1463 3622 125 20 underneath
1599 3624 34 19 tbe
1642 3626 58 18 stone
1707 3624 55 21 from

1217 3656 43 19 s.ido
1270 3658 21 17 to
1301 3655 50 20 side,
1363 3654 84 19 without
1457 3655 145 25 encountering
1612 3662 39 17 any
1661 3657 101 24 obstacle*,

1217 3688 11 18 '1
1235 3688 24 19 be
1269 3687 54 19 sixth
1334 3687 80 18 wonder
1423 3687 16 18 is
1449 3693 11 13 a
1468 3686 36 20 hot
1513 3689 63 22 stoue,
1588 3688 64 20 which
1662 3689 36 19 has
1708 3689 55 24 beeo.

1218 3720 54 26 lying
1282 3721 51 20 from
1345 3720 48 21 time
1403 3719 132 22 immemorial
1545 3728 24 14 on
1580 3722 34 20 the
1623 3723 83 21 summit
1715 3724 22 20 of
1746 3732 13 14 «

1217 3753 42 22 hill,
1271 3754 40 18 and
1320 3755 93 23 evolving
1422 3761 10 11 a
1442 3755 86 22 glowing
1537 3755 55 18 heat.
1620 3755 43 18 The

1216 3785 79 20 Corean
1306 3785 79 19 wouder
1395 3786 16 19 is
1423 3791 9 12 a
1442 3787 99 22 sweating
1551 3785 93 20 Buddha.
1679 3786 50 21 This
1739 3788 21 21 is)

1217 3818 89 24 guarded
1317 3818 20 18 in
1346 3825 11 11 a
1366 3819 57 23 great
1436 3817 82 25 temple,
1537 3818 20 19 in
1575 3819 64 19 whose
1648 3822 65 21 court,
1724 3821 34 19 for

1218 3852 24 20 30
1250 3852 60 23 yards
1320 3858 25 13 ou
1355 3852 25 19 all
1391 3852 60 21 sidts.
1463 3854 35 18 not
1507 3859 11 13 a
1527 3852 64 24 single
1600 3852 59 21 blade
1668 3853 23 20 of
1699 3861 61 18 grase>

1217 3890 71 19 grows.
1316 3883 30 20 No
1355 3885 50 22 tree,
1416 3890 25 13 no
1458 3883 71 23 flower,
1540 3885 40 19 will
1592 3884 82 21 flourish
1684 3892 24 14 on
1719 3887 37 20 the

1217 3916 69 19 sacred
1304 3918 52 21 spot,
1373 3916 38 18 and
1427 3921 50 13 even
1491 3915 45 19 wild
1547 3918 100 15 cre«tnrn«
1656 3922 34 10 «r«
1699 3923 55 9 f>«»»-

1216 3946 30 21 ful
1256 3949 35 18 not
1300 3948 21 18 to
1331 3947 84 20 profane
1424 3945 23 20 it.

1265 4012 36 19 AN
1328 4005 197 26 ANTI-CHURCH
1545 4005 164 26 TROMBONE

1263 4035 446 22 PLAYER.

1244 4081 65 18 There
1329 4076 47 21 died
1399 4077 21 18 at
1441 4074 108 22 Carthage,
1567 4071 84 21 Illinois,
1662 4071 36 18 not
1707 4068 55 24 long*

1218 4120 9 12 »
1230 4119 11 18 e
1243 4118 19 16 o,
1272 4118 12 12 a
1296 4115 46 14 men
1353 4109 66 18 whose
1443 4104 135 26 peculiarities
1588 4102 39 19 will
1637 4102 47 23 long
1694 4101 23 18 be
1725 4106 25 12 re-

1220 4143 113 22 membered
1357 4141 25 24 by
1404 4139 36 21 the
1449 4136 71 27 ptople
1529 4137 21 18 of
1560 4135 45 20 that
1614 4136 62 17 town.
1715 4132 47 25 His;

1218 4184 60 14 name
1288 4183 41 12 w»s
1339 4175 32 20 Eh
1391 4172 106 22 Willi»ms,
1517 4170 40 19 and
1567 4169 25 19 he
1608 4174 40 14 was
1656 4167 24 20 82
1697 4169 66 21 year*

1219 4210 32 20 old
1263 4211 57 17 when
1329 4209 26 18 he
1364 4205 90 25 dropped
1465 4203 51 20 dead
1531 4201 58 20 while
1599 4200 87 24 walking
1695 4205 21 13 in
1724 4198 38 19 hi*

1220 4243 57 25 yard.
1317 4240 40 20 For
1378 4243 54 15 more
1451 4236 46 20 that
1507 4235 54 24 forty
1571 4239 58 20 years
1637 4233 26 19 he
1672 4237 40 14 was
1721 4225 42 26 the{

1220 4264 73 36 Ullage
1310 4273 68 23 tailor,
1396 4271 40 19 and
1458 4270 25 19 he
1500 4268 52 21 lived
1563 4273 19 14 in
1597 4266 33 20 the
1640 4271 54 14 aame
1703 4263 60 20 littla

1220 4306 146 23 vine-covered,
1387 4301 149 23 white-washed
1559 4301 81 24 cottage
1662 4298 31 20 for
1703 4303 60 15 mora

1222 4344 51 18 than
1282 4340 45 20 half
1337 4346 12 13 a
1357 4341 93 21 century.
1489 4336 61 24 Many
1568 4340 59 19 years
1637 4339 38 18 ago
1688 4332 26 19 he
1723 4332 40 24 go*

1222 4376 43 19 into
1275 4381 12 12 a
1296 4373 82 24 dispute
1388 4372 48 18 with
1446 4369 35 20 the
1490 4370 87 18 trustees
1587 4366 21 20 of
1618 4365 34 21 the
1674 4363 77 26 Presby-

1222 4409 67 18 terian
1312 4404 80 21 Church
1410 4403 65 19 which
1484 4400 96 25 adjoined
1590 4399 31 20 his
1630 4398 54 19 little
1693 4398 68 21 home,

1223 4442 40 21 and
1285 4441 52 20 from
1359 4440 45 19 that
1418 4437 50 20 time
1484 4442 38 14 was
1543 4442 12 13 a
1573 4433 76 21 violent
1667 4431 40 21 and
1716 4431 36 19 out-

1223 4476 77 25 spoken
1321 4472 113 21 dnbeliever
1456 4477 20 13 in
1499 4468 91 26 religion.
1629 4467 29 20 To
1667 4467 35 24 get
1710 4470 52 15 even

1225 4508 48 19 with
1283 4508 35 18 the
1328 4504 73 21 church
1411 4503 101 20 Williams
1521 4500 81 22 devised
1620 4506 12 13 ft
1653 4496 109 22 diabolical

1225 4541 80 20 scheme
1325 4537 65 21 which
1408 4535 69 26 nearly
1493 4534 61 21 drove
1575 4531 112 27 everybody
1696 4530 21 21 iu
1726 4529 37 22 the

1226 4572 73 25 village
1317 4575 65 18 crazy.
1418 4567 32 20 He
1463 4565 69 22 armed
1554 4564 82 20 himself
1651 4563 48 20 with
1709 4569 11 12 a
1729 4562 34 25 b'g

1225 4604 111 22 trombone,
1347 4603 36 18 not
1392 4600 35 20 the
1436 4599 73 24 sliding
1518 4597 56 24 kind,
1584 4597 37 20 but
1629 4602 38 14 one
1676 4595 20 20 of
1705 4594 59 20 thoee

1227 4634 149 24 old-fashioned
1399 4633 57 20 brass
1476 4631 62 21 horns
1561 4630 48 21 with
1630 4628 61 22 about
1703 4632 61 16 seven

1227 4668 61 27 yards
1297 4667 22 21 of
1328 4666 55 20 brass
1393 4664 65 22 coiled
1467 4671 33 18 up,
1510 4663 41 21 and
1561 4661 64 21 which
1638 4662 25 19 he
1684 4660 80 26 slipped

1227 4707 49 15 over
1293 4700 31 21 his
1345 4699 105 21 shoulders
1469 4698 57 19 when
1534 4696 26 21 he
1577 4694 79 28 played.
1697 4692 67 26 Every

1228 4734 83 25 Sunday
1322 4732 91 26 morning
1422 4732 22 19 at
1453 4729 81 22 Church
1543 4729 49 20 time
1601 4727 33 21 old
1646 4725 31 22 Eli
1700 4725 66 21 woald

1228 4767 59 26 begin
1297 4769 22 17 to
1328 4765 47 26 play
1385 4771 26 15 on
1419 4764 32 21 his
1460 4763 113 23 trombone,
1583 4761 40 21 and
1640 4761 25 20 he
1682 4758 49 28 kept
1747 4758 20 21 it

1228 4807 27 19 up
1265 4799 32 20 till
1306 4798 36 21 the
1349 4798 85 20 services
1444 4802 51 15 were
1503 4795 73 21 ended.
1604 4795 28 19 As
1641 4798 49 15 soon
1698 4798 23 14 as
1730 4791 36 21 the

1231 4833 93 22 minister
1345 4837 45 16 rose
1404 4831 21 21 in
1448 4830 36 21 the
1504 4828 66 28 pulpit
1579 4827 41 22 and
1629 4832 49 22 gave
1686 4826 37 21 out
1730 4824 38 22 the

1222 4858 2 33 I
1230 4867 93 21 morning
1331 4866 61 25 bymo
1403 4865 57 19 there
1469 4869 55 14 eame
1537 4862 78 23 wailing
1624 4862 36 18 out
1669 4860 53 20 from
1730 4858 38 20 the

1222 4891 3 36 ;
1230 4899 97 21 windows
1336 4898 21 19 of
1366 4898 36 19 the
1411 4896 54 20 little
1474 4896 82 23 cottage
1565 4899 68 14 across
1642 4892 35 20 the
1686 4898 49 19 way,
1745 4891 23 21 in

1222 4920 64 34 Ijoud.
1310 4931 76 19 defiant
1406 4929 71 24 blasts,
1525 4927 44 21 The
1578 4925 85 27 Rogues'

1223 4952 42 29 !He
1274 4958 94 21 followed
1378 4958 42 19 this
1429 4957 49 19 with
1491 4955 49 21 such
1556 4953 135 24 soul-stirring
1709 4955 60 17 tunes

1233 4992 22 14 as
1294 4985 83 20 Yankee
1521 4981 48 21 Hail
1578 4979 114 23 Columbia,
1695 4978 4 28 l
1702 4978 3 28 '
1728 4978 40 20 and

1225 5014 23 21 ;••
1258 5010 78 23 Bonnie
1434 5009 40 21 and
1484 5008 93 27 repeated
1587 5007 35 21 the
1643 5009 127 23 programme

1232 5047 47 14 over
1288 5040 40 19 and
1338 5044 46 15 over
1393 5037 53 20 until
1454 5037 36 20 the
1507 5035 144 26 congregation
1668 5040 42 13 was
1730 5032 31 20 dis-

1225 5059 3 30 i
1234 5066 80 21 raided.
1351 5065 32 19 He
1397 5070 59 13 never
1465 5064 66 18 le-rnt
1549 5068 38 17 any
1597 5067 44 13 new
1650 5064 66 18 tune*,
1734 5059 37 19 but

1226 5084 2 36 !
1235 5093 72 27 played
1318 5091 35 21 the
1362 5096 56 14 same
1426 5089 34 21 old
1469 5089 39 20 airs
1518 5089 85 24 Sunday
1612 5087 55 20 after
1688 5084 83 26 Sunday

1234 5121 33 19 for
1275 5119 69 25 nearly
1354 5119 76 22 twenty
1439 5122 65 15 vears.
1543 5115 93 23 Threats,
1654 5111 117 26 entreatiee,

1235 5146 40 21 and
1284 5145 65 20 bribes
1358 5145 63 19 failed
1430 5146 21 18 to
1462 5149 56 14 move
1528 5144 34 18 the
1579 5142 32 18 old
1623 5146 53 17 man,
1686 5139 40 20 and
1748 5139 23 19 he

1228 5174 57 23 •kept
1306 5179 27 18 up
1350 5173 34 17 tLe
1394 5170 102 20 mournful
1507 5169 39 21 and
1556 5166 164 24 heart-breaking
1728 5171 43 14 cot*

1235 5202 53 18 certs
1298 5199 52 19 until
1359 5199 36 19 the
1404 5198 66 18 valves
1479 5196 22 20 of
1510 5196 32 20 his
1554 5195 105 19 trombone
1667 5199 52 19 gave
1730 5193 42 26 QU%

1235 5228 41 22 end
1286 5227 25 20 he
1321 5231 38 15 was
1368 5225 80 23 obliged
1456 5228 22 15 to
1487 5223 95 20 abandon
1590 5221 35 20 the
1635 5220 56 25 fight-

1364 5265 36 21 TO
1428 5263 75 21 KEEP
1529 5262 110 22 YOUNG.

1250 5322 65 22 Avoid
1326 5320 116 27 dyspepsia.

1253 5361 6 18 j
1269 5357 34 27 lay
1314 5355 50 22 with
1375 5355 34 21 the
1423 5352 100 24 children.

1251 5392 58 21 Shun
1317 5391 37 20 the
1389 5388 101 26 problems
1500 5387 10 10 ,:
1521 5387 65 21 novel.

1251 5423 64 22 Don't
1325 5421 67 22 watch
1400 5422 32 20 for
1442 5428 49 19 gray
1501 5421 63 21 hain.

1251 5459 67 21 Never
1329 5458 76 21 dissect
1415 5463 50 19 your
1474 5456 107 21 emotion!.

1252 5493 57 22 Take
1317 5491 90 22 exercise
1416 5490 33 21 for
1458 5491 125 24 suppleness.

1252 5526 106 22 Cultivate
1368 5531 26 15 ac
1404 5524 123 28 impersonal
1537 5522 74 28 hobby.

1251 5561 68 22 Never
1328 5560 41 21 lose
1379 5560 55 25 sleep
1445 5559 86 21 withoot
1545 5557 84 26 making
1639 5557 17 21 it
1665 5564 34 19 up,

1251 5593 87 23 Decline
1347 5595 22 18 to
1378 5592 60 21 think
1448 5591 22 21 of
1479 5590 91 27 yourself
1583 5596 21 15 as
1614 5589 85 26 elderly.

1252 5627 65 22 Don't
1334 5625 38 23 fall
1382 5632 47 19 very
1448 5625 73 26 deeply
1529 5625 21 20 iu
1559 5623 45 21 love
1614 5622 52 22 until
1675 5629 41 19 you
1724 5623 53 23 have

1226 5662 51 20 been
1287 5660 62 20 asked
1359 5662 21 18 to
1390 5660 25 19 do
1424 5665 23 14 so

1252 5694 74 24 Never,
1347 5698 67 19 never,
1425 5697 61 15 never
1505 5689 79 23 decline
1601 5691 22 20 to
1634 5689 26 21 do
1676 5689 101 26 anything

1226 5734 27 14 on
1263 5727 36 21 the
1307 5726 79 27 ground
1397 5725 21 20 of
1428 5724 117 26 advancing
1554 5729 66 20 years.

1252 5759 49 22 And
1311 5764 67 18 never,
1389 5762 68 19 never,
1469 5762 61 16 never
1538 5762 37 21 say
1584 5757 22 19 to
1615 5755 108 26 yourself:
1766 5755 12 26 J

1227 5792 40 23 felt
1275 5799 23 15 so
1307 5799 57 18 once,
1374 5791 38 22 bat
1422 5797 33 15 am
1465 5793 35 18 too
1509 5788 34 23 old
1553 5792 21 19 to

1254 5890 69 22 Titian
1333 5896 40 14 was
1382 5889 64 26 polite
1455 5890 22 18 to
1491 5888 31 20 bis
1540 5887 52 19 wife.
1634 5885 20 20 It
1667 5884 17 21 is
1693 5884 42 21 said
1748 5884 24 19 be

1229 5929 61 14 never
1299 5922 83 20 entered
1404 5922 35 19 her
1462 5927 54 13 room
1539 5919 87 19 without
1635 5916 85 24 bowing,
1731 5916 40 20 and

1230 5956 75 25 always
1314 5962 43 15 rase
1366 5955 59 20 whtn
1434 5954 35 20 she
1478 5952 85 21 entered
1573 5951 36 20 his.

1257 6023 85 25 Despite
1351 6022 27 20 its
1387 6020 99 22 feminine
1495 6025 66 17 name,
1573 6016 99 25 Aliceton,
1683 6015 78 22 Wiscon-

1231 6058 37 23 sin,
1288 6058 36 19 has
1341 6056 36 19 the
1391 6053 118 21 distinction
1519 6052 21 20 of
1550 6052 59 23 being
1619 6050 36 20 the
1663 6049 47 25 oaly
1719 6051 55 19 town

1231 6091 21 19 ia
1265 6091 36 19 the
1318 6091 86 21 country
1418 6087 86 19 without
1514 6090 38 15 one
1563 6089 77 14 woman
1650 6082 122 21 inhabitant.

1277 6140 56 18 otih
1360 6136 97 21 DIDN'T
1486 6134 68 21 LIKE
1578 6133 59 21 THE
1663 6131 70 23 MAN.

1254 6206 32 20 He
1296 6201 4 29 i
1321 6204 61 26 Haag
1392 6203 16 22 it
1418 6204 35 25 all,
1473 6202 10 23 I
1493 6202 54 21 can't
1556 6204 48 19 turn
1613 6202 36 21 the
1658 6201 68 22 fellow
1734 6202 37 20 out

1228 6239 21 20 of
1260 6240 35 18 the
1316 6243 69 15 aouse.
1413 6236 91 25 Besides,
1521 6236 9 20 I
1540 6242 38 14 ean
1587 6241 61 15 never
1658 6235 59 21 make
1733 6237 38 18 oat

1229 6273 44 24 why
1282 6278 39 19 you
1331 6270 73 21 dislike
1420 6271 43 20 him
1472 6275 29 16 so.
1530 6268 48 23 He's
1594 6275 39 15 one
1643 6268 21 21 of
1681 6269 36 21 the
1725 6268 46 22 best

1228 6305 78 21 fellows
1315 6304 61 27 going

1253 6340 56 20 She:
1329 6338 58 25 Well,
1406 6338 10 21 I
1434 6338 52 20 shall
1503 6336 25 25 be
1542 6337 48 27 glad
1607 6342 56 16 wnen
1682 6336 41 23 he's
1733 6340 9 7 *

1228 6373 22 26 «J
1260 6372 36 26 fta
1305 6371 45 24 beat
1359 6371 9 22 I
1369 6371 39 23 alio
1411 6376 26 18 we
1447 6376 57 18 *oae.

1967 277 60 25 The
2042 275 175 27 Candidate.

1817 336 74 29 Nobly
1901 337 44 23 and
1956 337 50 24 weU
2017 338 43 22 ha.l
2070 338 37 23 the
2118 335 118 24 candidate
2250 337 101 27 wrought

1846 367 61 22 With
1917 368 71 21 bottle
2053 370 81 24 tongue
2143 366 43 21 and
2195 364 63 22 brain
2269 372 5 19 ;

1817 395 28 23 At
1855 396 38 22 the
1905 396 84 29 polling
1999 397 85 22 booth's
2094 396 76 23 mouth
2182 394 26 22 he
2220 394 43 22 had
2274 394 90 29 bravely

1899 427 79 27 fought

1844 456 45 20 But
1899 457 27 20 he
1935 457 136 26 squandered
2083 457 34 20 his
2128 454 40 22 toil
2179 455 24 20 in
2213 454 52 21 vain
2277 461 5 19 ;

1818 483 42 21 For
1870 485 37 21 the
1917 484 61 23 office
1991 487 26 19 be
2027 485 108 22 reckoned
2145 484 32 20 his
2187 484 85 20 certain
2285 484 60 28 prize

1845 513 29 21 To
1884 516 94 19 another
1989 515 41 20 had
2041 522 56 19 gone
2107 515 51 21 tliat
2167 513 43 26 day
2221 520 6 18 ;

1820 541 32 22 He
1863 543 42 21 had
1917 544 65 21 heard
1992 545 37 20 the
2038 550 76 16 return
2124 543 53 20 with
2188 542 96 29 dilating
2294 550 57 22 eyes,

1844 572 60 22 Then
1915 574 76 27 madly
2002 574 42 21 had
2055 574 79 22 rushed
2145 578 70 22 away.

1818 619 46 20 Aii'i
1876 626 28 14 on
1916 619 94 29 through
2022 622 37 20 the
2074 621 68 21 forest
2152 618 129 29 andtaugle
2293 619 58 27 wild,

1844 649 49 21 And
1904 650 97 21 uvertbe
2012 650 81 27 thirsty
2105 650 69 27 plain,

1818 676 33 21 He
1867 678 41 20 uad
1933 679 76 27 wildly
2029 679 42 21 fled
2091 680 67 20 while
2178 677 37 22 tie
2235 677 51 23 coid
2309 681 55 20 6tars

1898 708 76 20 smiled

1844 737 29 19 At
1884 737 37 20 the
1933 737 59 21 fever
2004 737 70 22 which
2086 737 59 22 fided
2158 736 103 22 hisbrain
2271 744 5 18 ;

1819 766 46 20 And
1878 772 48 14 now
1938 767 54 21 from
2004 774 13 13 a
2027 774 10 14 r
2047 770 31 18 >ck
2089 769 27 25 by
2126 770 38 18 tue
2175 767 89 21 emeu's
2272 767 59 28 jowl,

1847 795 31 21 lie
1888 799 69 17 stares
1968 801 23 15 *t
2003 797 36 20 the
2049 797 56 26 pale,
2116 796 47 21 cold
2177 803 62 14 moon

1820 823 68 22 While
1900 824 37 22 the
1947 825 78 20 dismal
2038 826 52 20 hunt
2100 826 23 20 of
2134 827 37 18 the
2182 826 109 27 midnight
2302 828 41 21 owl

1844 854 86 27 Grimly
1942 855 68 21 bends
2022 855 52 22 with
2084 855 44 22 tins
2138 854 82 23 doleful
2232 859 53 19 tune
2294 863 5 16 :

1824 902 54 25 'Oh,
1894 902 94 21 whither
1998 903 44 20 and
2054 903 70 21 where
2135 903 17 21 is
2170 903 36 22 the
2224 910 50 14 rm«n
2293 905 72 21 whose

1898 931 59 25 guile

1844 960 52 22 This
1906 968 64 14 snare
1980 962 24 20 at
2012 967 36 21 my
2057 960 45 23 feet
2114 962 46 21 first
2171 961 77 25 threw,

1818 990 54 24 Who
1893 993 31 19 fcai
1934 991 15 25 i,
1970 992 55 20 with
2045 998 13 14 a
2081 992 58 20 band
2151 993 58 20 ciay.)
2230 992 44 21 and
2295 992 69 24 Janus

1898 1021 72 23 smile,

1844 1049 58 22 'The
1914 1051 57 20 ward
1984 1052 59 19 must
2053 1049 26 22 be
2089 1049 65 22 saved
2166 1050 26 27 by

1819 1080 77 21 Whose
1907 1080 66 30 pallid
1984 1080 50 21 skin
2048 1080 5 21 1
2066 1080 36 21 did
2116 1080 86 28 nightly
2216 1080 32 23 till

1846 1110 59 23 With
1918 1112 36 20 the
1967 1112 88 25 vintage
2066 1111 24 21 of
2100 1110 41 22 'Bl.

1820 1140 99 23 Oh.soon
1931 1141 44 20 will
1985 1141 26 20 he
2022 1141 62 24 grind
2096 1141 23 20 in
2133 1140 37 20 old
2181 1140 105 23 Lucifer's
2297 1143 48 20 mill

1846 1171 42 21 For
1897 1172 38 20 the
1947 1170 91 28 villainy
2054 1171 26 21 he
2091 1170 38 21 has
2138 1170 65 21 done.

1839 1218 32 20 Oh
1884 1218 94 19 whither
1991 1218 44 20 and
2051 1218 72 20 where
2138 1217 19 21 it
2173 1218 38 20 the
2227 1224 51 15 man
2293 1219 72 21 whose

1899 1246 85 22 friends

1845 1276 62 22 Were
1918 1284 22 14 as
1947 1277 66 21 sands
2024 1277 28 28 by
2063 1277 37 22 the
2116 1277 78 28 raging
2203 1283 36 16 sea
2250 1284 7 20 ;

1820 1306 54 23 Who
1888 1308 42 20 had
1946 1308 38 21 the
1999 1307 69 28 proud
2086 1314 73 21 power
2178 1310 25 18 at
2225 1307 33 21 his
2279 1306 87 28 fingers'

1899 1336 54 21 ends

1846 1364 30 24 To
1885 1369 50 19 vote
1947 1365 59 23 them
2017 1365 52 23 each
2078 1372 41 16 one
2128 1365 35 23 for
2177 1372 41 16 me.

1820 1395 54 23 Who
1895 1397 111 21 borrowed
2022 1402 37 22 my
2076 1397 81 21 wealth
2176 1395 44 23 aod
2234 1395 38 23 did
2286 1396 80 27 hourly

1899 1426 41 21 toil
2127 1426 3 32 .

1846 1456 87 21 'Gainst
1942 1455 38 21 the
1991 1455 55 22 bock
2057 1456 68 21 beer's
2135 1456 117 21 turbulent
2262 1454 77 21 flow—

1820 1484 39 27 Oh,
1869 1485 73 27 surely
1952 1485 44 21 this
2012 1485 118 21 miscreant
2140 1484 84 23 wretch
2235 1484 45 22 will
2294 1483 44 22 boil

1846 1515 27 23 In
1883 1522 13 15 a
1905 1515 106 23 cauldron
2022 1516 65 21 down
2098 1515 78 23 below.

1896 1561 72 22 where
1982 1560 19 23 is
2017 1561 38 23 the
2070 1567 52 17 man
2240 1560 74 29 pound
2328 1560 37 21 did

1900 1591 55 21 need
2168 1583 53 32 T*V
2227 1591 9 9 V

1846 1621 30 22 To
1886 1621 56 28 bury
1949 1628 14 15 a
1971 1621 60 26 dear,
2039 1621 53 21 dear
2226 1621 4 28 '

1822 1650 53 23 Who
1889 1651 71 22 seized
1978 1657 30 16 on
2027 1651 39 21 the
2085 1652 50 21 coin
2271 1649 96 23 railroad

1899 1680 67 29 speed
2255 1690 6 2 -

1845 1710 42 22 His
1898 1717 48 22 way
1953 1713 24 21 to
1986 1711 39 23 the
2035 1711 39 22 bar
2084 1710 37 22 did
2132 1709 72 24 wend.

1820 1741 49 22 And
1878 1741 38 21 did
1928 1748 42 22 pay
1984 1741 36 23 for
2034 1742 33 22 bis
2082 1740 73 23 friend
2169 1739 44 24 and
2227 1746 87 16 remove
2329 1739 38 24 the

1900 1771 53 21 cork

1846 1800 50 21 And
1909 1801 55 27 bury
1974 1800 45 22 him
2031 1799 24 22 in
2064 1800 34 21 his
2109 1805 85 16 maw—

1820 1828 40 29 Oh,
1874 1835 53 16 6oon
1952 1830 45 22 will
2018 1830 37 23 old
2077 1827 141 25 Beelzebub's
2232 1828 135 23 three-tined

1900 1859 50 22 fork

1846 1888 31 23 Be
1886 1889 105 29 rankling
2000 1889 24 23 in
2038 1889 34 23 his
2082 1895 64 17 craw.

1819 1937 60 23 Then
1895 1938 71 23 where
1980 1939 19 22 is
2018 1939 39 23 the
2076 1939 190 30 power-wielding
2288 1940 79 28 potent

1895 1975 39 16 coo
1938 1975 13 16 a

1846 1997 78 23 Whose
1935 1999 84 22 friends
2027 2005 57 16 were
2093 2006 23 15 so
2126 1998 54 23 bard
2192 2000 23 21 to
2225 1998 60 27 hold,

1820 2028 54 23 Who
1884 2028 82 23 needed
1977 2036 14 15 a
2021 2029 53 22 fiver
2106 2030 52 21 each
2168 2029 118 22 afternoon

1846 2058 30 22 To
1887 2059 55 27 keep
1950 2060 60 21 them
2024 2059 78 22 within
2113 2060 38 20 the,
2161 2059 45 21 fold
2218 2066 5 18 ;

1822 2088 47 21 And
1885 2088 71 21 where
1963 2094 37 16 are
2015 2088 38 21 the
2065 2088 124 22 beuchri>pn
2199 2088 49 22 who
2259 2087 60 22 filled
2330 2088 37 21 the

1900 2117 47 23 hall

1846 2147 30 22 At
1886 2154 36 21 my
1933 2149 121 26 lager-beer
2063 2147 118 29 jamboree,

1821 2177 28 23 Or
1859 2178 38 21 the
1907 2178 110 22 thousand
2027 2179 44 21 aud
2082 2180 86 27 twenty
2179 2178 48 22 who
2237 2177 77 28 signed
2330 2184 37 23 mj

1900 2208 44 22 ca'l

1853 2237 67 28 Mong
1931 2238 37 21 thfi
1978 2239 68 21 doaen
2056 2238 49 22 who
2116 2238 66 22 voted
2191 2238 36 22 for
2238 2245 33 15 me

1820 2284 61 23 Then
1897 2291 29 21 up
1947 2291 80 22 sprang
2048 2285 38 22 the
2107 2285 126 27 candidate,
2254 2285 50 29 pale
2323 2285 44 23 and

1902 2321 56 19 waD,

1846 2344 28 22 In
1884 2344 37 22 the
1932 2345 58 27 light
1999 2344 24 22 of
2033 2344 38 23 the
2081 2345 89 28 waning
2178 2351 72 21 moon,

1820 2375 48 21 And
1892 2375 31 21 off
1946 2375 95 28 through
2059 2376 38 21 the
2112 2375 72 23 woods
2198 2375 45 22 like
2264 2382 14 15 a
2292 2375 75 23 hatter

1900 2410 47 19 ran,

1847 2432 51 22 Still
1908 2433 106 28 crooning
2024 2433 34 22 his
2067 2432 85 23 doleful
2163 2436 54 19 tune
2229 2432 4 29 ;

1820 2463 47 22 And
1877 2463 26 22 he
1913 2463 55 27 said,
1982 2469 24 17 as
2021 2463 27 23 he
2057 2464 85 22 started
2153 2464 37 22 the
2201 2464 165 29 white-winged

1900 2493 45 27 fay,

1846 2523 49 21 Anl
1906 2523 96 28 plunged
2012 2523 95 28 through
2117 2523 38 22 the
2165 2524 90 28 tangled
2267 2525 77 27 briars,

1822 2554 8 11 4
1836 2552 35 21 l'll
1884 2555 95 19 traverse
1990 2553 37 21 the
2038 2553 62 21 earth
2113 2554 39 21 but
2163 2553 35 23 I'll
2209 2556 37 25 get
2255 2561 63 21 away

1847 2582 64 21 From
1922 2582 44 22 this
1977 2582 79 22 di6mal
2067 2584 75 27 region
2152 2584 23 22 of

2172 2613 23 21 J.
2210 2613 27 22 K.
2253 2613 84 22 Hurt>.

1852 2702 60 28 The
1947 2700 131 30 Fortune
2102 2708 37 22 on
2155 2701 52 29 the
2236 2700 91 29 Hand

1846 2785 46 23 The
1902 2789 68 24 study
1980 2787 23 20 of
2038 2785 38 22 the
2091 2784 89 22 fortune
2195 2791 26 15 on
2238 2784 38 22 the
2293 2784 66 22 hand'

1817 2821 19 22 is
1846 2829 13 14 a
1870 2822 100 28 growing
1980 2823 145 23 amusement,
2137 2820 43 22 and
2192 2820 64 21 while
2267 2820 66 21 taken
2341 2827 22 14 as

1817 2857 53 22 such
1895 2857 89 21 enables
2008 2856 78 29 people
2105 2859 24 19 to
2150 2855 62 22 make
2232 2855 131 22 themselves

1817 2893 101 28 pleasant
1941 2892 142 28 Companions
2115 2892 34 21 for
2172 2899 14 14 a
2208 2892 63 21 short
2302 2892 59 21 time.

1816 2928 71 21 There
1898 2928 18 21 is
1926 2935 13 13 a
1954 2926 59 22 fixed
2034 2926 91 22 method
2143 2926 23 21 of
2183 2926 100 28 divining
2302 2928 15 9 '*
2326 2926 37 21 the

1946 2963 45 21 and
2010 2970 13 14 a
2043 2961 59 23 little
2126 2961 68 28 study
2208 2961 43 22 and
2267 2962 89 28 practic

1816 2998 45 22 will
1872 2998 77 21 enable
1959 2997 127 29 everybody
2097 3000 23 19 to
2133 2996 227 23 turnlortune-teller.

1817 3034 58 22 Here
1886 3041 37 14 are
1933 3040 60 15 some
2003 3034 23 21 of
2036 3033 38 22 the
2085 3033 59 21 rales
2154 3032 4 30 :
2161 3032 88 30 —Open
2267 3033 38 20 the
2323 3033 38 20 left

1816 3070 65 23 hand.
1915 3069 53 22 Half
1979 3077 48 20 way
2046 3070 99 21 between
2163 3069 38 21 the
2219 3069 80 21 thumb
2318 3069 43 21 and

1815 3107 37 21 the
1863 3107 117 27 forefinger
1991 3107 62 20 there
2064 3106 84 27 begins,
2160 3112 27 14 on
2201 3106 37 20 the
2246 3112 53 20 very
2307 3106 53 26 edge

1815 3142 21 21 of
1846 3144 37 19 the
1895 3142 66 28 palm,
1973 3148 13 15 a
1996 3140 45 23 line
2050 3140 72 22 which
2133 3147 54 14 runs
2198 3140 21 21 in
2234 3147 13 14 a
2261 3142 90 26 quarter

1814 3177 65 23 circle
1897 3181 23 19 to
1937 3178 38 22 the
1993 3176 84 23 middle
2093 3176 24 23 of
2131 3176 38 22 the
2181 3175 67 24 wrist.
2278 3175 54 23 This
2343 3175 17 23 is

1815 3214 37 20 the
1862 3214 86 20 famous
1958 3213 53 21 Line
2021 3213 23 21 of
2055 3212 54 22 Life.
2141 3212 22 22 If
2173 3212 18 21 it
2206 3212 25 21 be
2246 3211 113 22 unbroken

1814 3248 43 21 aud
1875 3248 82 28 clearly
1978 3248 91 22 marked
2090 3247 18 22 it
2128 3247 116 26 imiicaXs,
2257 3247 50 27 long
2323 3247 36 21 life

1814 3283 43 21 ami
1876 3283 82 21 health.
1988 3283 65 21 From
2071 3282 39 21 the
2127 3288 59 15 same
2203 3284 63 27 point
2275 3282 85 28 joining

1814 3318 18 21 it
1843 3319 92 20 another
1947 3318 44 21 line
2002 3324 52 15 runs
2064 3317 97 28 through
2177 3318 47 21 the«
2236 3317 82 22 middle
2339 3317 21 20 of

1814 3354 38 22 the
1872 3354 66 28 palm.
1970 3353 54 21 This
2044 3352 18 22 is
2081 3352 38 22 the
2134 3352 43 21 line
2187 3358 18 14 o»
2206 3354 11 9 v
2223 3353 36 22 the
2271 3351 54 23 head
2337 3358 23 14 or

1813 3389 23 21 of
1851 3389 38 21 the
1907 3388 106 21 intellect.
2162 3388 93 34 parallel
2272 3388 53 21 with
2344 3388 16 19 it

1813 3424 63 21 there
1886 3423 19 21 is
1916 3431 12 13 a
1938 3423 61 22 third
2012 3422 43 22 line
2067 3422 118 29 beginning
2194 3415 31 30 dm
2243 3422 37 22 the
2297 3422 63 21 other

1813 3459 47 21 side
1876 3459 70 21 below
1965 3458 38 22 the
2023 3457 59 22 little
2102 3457 75 29 finger,
2178 3480 6 8 r
2186 3450 57 29 /and
2264 3457 93 26 leading,

1814 3497 63 21 when
1899 3496 50 22 well
1966 3494 129 29 developed,
2115 3498 23 18 to
2147 3495 53 25 jfthe
2220 3497 47 20 root
2286 3494 22 22 of
2324 3496 36 20 the

1813 3531 124 27 forefinger.
1968 3530 54 22 This
2038 3530 18 21 is
2073 3530 38 21 the
2125 3527 49 24 fcne
2189 3528 23 21 of
2228 3530 36 21 /-.he
2288 3529 69 21 heart.

1813 3566 21 22 If
1845 3566 64 25 clear,
1922 3565 63 28 deep,
1996 3565 43 21 and
2050 3572 61 17 even,
2158 3563 107 23 indicates
2275 3570 13 14 a
2304 3563 54 28 good

1813 3601 101 28 capacity
1935 3601 34 21 for
1994 3599 119 22 honorable
2137 3598 50 28 l<?ye
2217 3598 43 21 and
2293 3605 65 14 warm

1813 3635 121 23 affections.
1966 3635 23 22 It
2006 3635 18 21 is
2042 3636 60 19 most
2116 3633 114 22 favorable
2241 3633 63 21 when
2315 3631 44 24 this

1814 3671 50 26 line,
1877 3678 23 14 as
1911 3669 50 22 well
1972 3677 23 14 as
2005 3669 52 21 that
2066 3669 22 21 of
2099 3668 38 22 the
2148 3667 63 22 head
2226 3668 54 20 have
2290 3675 13 13 a
2310 3667 46 21 fork

1813 3714 25 16 or
1849 3706 83 23 branch
1944 3708 23 20 at
1978 3705 37 23 the
2026 3704 50 24 end.
2106 3703 67 24 From
2183 3702 39 25 tie
2232 3702 44 24 line
2287 3702 22 23 of
2321 3702 36 25 life

1813 3747 23 17 to
1853 3743 39 21 the
1911 3742 62 21 wrist
1990 3742 63 20 there
2069 3740 91 22 ascends
2180 3748 13 12 a
2213 3740 75 20 fourth
2307 3739 49 26 line,

1814 3777 80 21 known
1906 3784 22 13 as
1940 3776 49 21 that
2000 3775 22 21 of
2034 3775 61 25 Fate,
2107 3774 90 25 Saturn,
2213 3781 25 14 or
2256 3774 99 21 fortune.

1815 3812 71 22 When
1901 3812 18 21 it
1935 3811 54 22 rises
1999 3818 23 14 as
2033 3810 34 22 far
2078 3817 24 14 as
2112 3809 37 22 the
2161 3808 82 23 middle
2253 3808 77 28 liingcr
2341 3809 17 21 it

1813 3851 18 22 it
1842 3851 18 21 is
1871 3849 47 22 faid
1928 3852 23 19 to
1962 3848 95 30 promise
2067 3847 110 22 excessive
2192 3845 56 31 good
2267 3846 49 22 luck
2334 3854 24 14 or

1814 3887 132 28 prosperity.
1980 3885 65 22 From
2062 3885 38 21 the
2120 3891 60 15 same
2200 3884 63 27 point
2285 3886 22 18 to
2321 3883 37 22 tho

1814 3925 60 21 wrist
1886 3924 62 21 there
1959 3930 50 21 goes
2020 3921 98 23 towards
2135 3920 38 22 the
2190 3920 83 22 middle
2290 3920 68 28 linger

1813 3967 12 15 a
1841 3960 44 22 line
1900 3958 71 23 called
1990 3958 29 28 by
2034 3965 59 14 some
2104 3956 38 23 the
2153 3956 96 26 Hepatic
2259 3963 24 15 or
2295 3956 64 22 Liver

1813 3995 61 27 Line,
1886 3995 44 21 and
1942 3995 28 27 by
1981 3994 76 21 others
2067 3993 39 21 the
2116 3993 42 21 Via
2170 3992 87 21 Lactea.
2288 3991 70 22 There

1813 4031 18 21 is
1848 4032 63 27 great
1928 4029 115 21 confusion
2055 4035 55 14 even
2121 4028 23 21 in
2156 4026 138 23 Desbarolles
2305 4026 38 21 him-

1813 4066 42 21 self
1866 4073 24 14 as
1901 4068 24 19 to
1936 4065 62 22 these
2009 4064 63 25 lines,
2084 4063 100 22 whether
2196 4063 61 20 there
2267 4069 37 14 are
2315 4064 44 19 two

1813 4100 22 22 of
1846 4101 68 24 them,
1926 4099 44 21 and
1981 4099 72 20 which
2064 4098 19 21 is
2089 4097 79 21 which.
2202 4097 69 20 When
2281 4104 12 13 a
2300 4097 59 27 large

1813 4135 95 30 triangle
1925 4135 18 21 is
1960 4132 85 24 formed
2062 4133 29 29 by
2108 4132 39 23 the
2162 4132 55 23 lines
2231 4130 23 25 of
2264 4130 45 28 life,
2321 4132 37 21 the

1815 4172 62 25 head,
1888 4171 45 21 and
1948 4170 38 23 the
2006 4170 63 26 liver,
2089 4169 55 22 with
2164 4176 41 14 one
2226 4175 54 15 even
2300 4168 59 28 right

1813 4207 64 28 angle
1897 4206 43 22 and
1959 4209 46 18 two
2024 4207 66 19 acute
2109 4204 82 29 angles,
2208 4203 92 21 breadth
2316 4203 42 21 and

1813 4249 82 22 energy
1906 4242 22 21 of
1939 4242 114 21 character
2067 4247 38 15 are
2123 4238 121 23 indicated.
2276 4238 20 21 If
2316 4238 23 22 th
2350 4247 10 14 b

1816 4278 95 29 triangle
1927 4277 26 22 be
1971 4275 91 24 divided
2073 4276 47 21 into
2131 4277 44 20 two
2184 4275 30 28 by
2226 4274 37 22 the
2276 4274 51 22 Line
2339 4278 18 16 oi

1817 4315 60 25 Fate,
1890 4314 38 21 the
1938 4313 88 27 subject
2036 4311 46 23 will
2092 4311 27 21 be
2130 4310 133 29 susceptible
2274 4310 23 21 of
2308 4309 50 28 high

1815 4348 139 23 intellectual
1973 4348 87 22 culture
2071 4355 6 19 ;
2096 4346 18 23 if
2133 4346 40 22 the
2187 4345 68 22 lesser
2267 4344 92 29 triangle

1815 4386 90 23 contain
1925 4393 41 14 one
1986 4392 25 15 or
2030 4387 46 20 two
2095 4390 67 20 more,
2182 4383 64 22 there
2266 4381 45 23 will
2337 4383 23 20 be

1814 4422 85 28 genius,
1918 4420 44 23 and
1977 4427 14 15 a
2006 4419 102 29 capacity
2124 4417 35 23 for
2174 4416 134 29 knowledge.
2341 4416 20 22 If

1815 4457 38 24 the
1874 4458 49 22 first
1941 4456 60 29 joint
2020 4456 23 22 of
2062 4455 39 23 the
2120 4454 80 23 thumb
2219 4453 26 23 be
2255 4453 52 29 long
2318 4452 41 23 and

1817 4492 77 26 round,
1907 4492 43 21 and
1961 4492 38 21 the
2008 4491 44 24 nail
2063 4491 22 22 in
2095 4490 19 22 it
2121 4490 28 22 be
2159 4489 121 22 cushioned
2290 4489 22 21 in
2323 4489 38 21 the

1815 4527 60 28 flesh,
1896 4528 16 22 it
1925 4527 90 23 denotes
2032 4525 115 30 obstinacy
2157 4534 5 19 ;
2179 4525 40 23 but
2233 4524 17 22 if
2260 4523 39 24 the
2309 4525 51 21 next

1814 4565 58 28 joint
1884 4564 25 21 be
1920 4564 46 21 also
1977 4570 54 21 very
2041 4562 59 26 long,
2112 4569 77 15 reason
2196 4560 44 23 and
2249 4559 111 24 reflection

1815 4601 46 22 will
1876 4602 92 21 convert
1982 4600 38 22 the
2037 4599 116 29 obstinacy
2172 4600 24 21 to
2212 4605 12 14 a
2240 4597 121 22 creditable

1815 4638 105 23 firmness.
1952 4639 20 22 A
1983 4638 44 22 line
2037 4638 55 22 from
2104 4637 38 22 the
2153 4636 48 28 ring
2208 4635 69 29 finger
2287 4635 59 22 down-

1817 4674 71 22 wards
1911 4674 19 22 is
1946 4681 12 14 a
1975 4673 49 29 sign
2039 4672 24 22 of
2077 4680 13 14 a
2100 4672 44 29 gift
2154 4671 33 23 for
2197 4674 43 24 art,
2252 4671 23 21 in
2285 4678 41 14 one
2337 4678 24 13 or

1818 4710 27 22 all
1862 4710 29 21 its
1907 4709 113 22 branches.
2062 4708 65 23 Lines
2146 4715 28 14 on
2189 4707 38 22 the
2245 4706 63 22 wrist
2325 4713 36 14 arc

1818 4745 67 22 called
1907 4744 38 23 the
1962 4744 97 23 bracelet
2069 4743 23 22 of
2111 4743 83 26 Venus,
2210 4741 43 23 and
2265 4742 28 28 by
2303 4748 58 16 some

1817 4782 160 21 chiromancers
1987 4787 37 14 are
2034 4779 48 22 said
2093 4781 23 19 to
2124 4778 97 22 indicate
2229 4778 52 20 each
2290 4778 71 26 thirty

1816 4824 64 23 years
1900 4816 23 23 of
1941 4816 45 23 life.
2017 4814 38 25 All
2075 4814 56 24 lines
2149 4816 94 36 correct,
2260 4811 99 27 balance,

1815 4857 43 22 and
1869 4856 85 28 modify
1964 4855 53 22 each
2028 4854 71 22 other.

1967 4918 105 30 Edwin
2090 4918 106 30 Booth.

1839 4995 19 20 A
1869 4996 58 24 story
1938 5000 16 14 ts
1963 4992 45 22 told
2018 4991 21 22 in
2049 4991 37 21 the
2101 4991 82 25 Buffalo
2203 4990 67 20 Times
2287 4989 21 20 of
2324 4989 36 20 the

1813 5027 59 27 early
1891 5027 54 26 days
1959 5026 21 21 of
2002 5024 77 22 Edwin
2101 5023 77 25 Booth-
2205 5023 22 21 A
2247 5021 113 27 travelling

1814 5065 110 20 company,
1936 5064 21 14 or
1971 5057 68 21 which
2049 5057 26 20 he
2086 5056 80 21 formed
2177 5057 55 23 part,
2243 5061 43 14 waa
2301 5054 50 25 play

1814 5097 35 20 mg
1959 5089 113 21 Merchant
2087 5088 22 22 of
2254 5088 24 20 at
2300 5085 59 22 Lees'

1814 5125 99 26 Landing
1920 5124 21 21 in
1952 5123 105 25 Virginia,
2068 5123 23 21 in
2100 5129 13 15 a
2121 5122 58 25 large
2194 5121 88 21 tobacco
2296 5127 51 15 ware-

1814 5158 65 20 house
1896 5156 68 21 which
1973 5156 36 21 did
2019 5155 55 26 duty
2084 5162 22 17 as
2120 5162 13 14 a
2149 5154 85 22 theatre
2249 5161 28 13 on
2293 5160 66 14 occa3-

1814 5190 62 20 sions.
1903 5189 52 21 Just
1964 5195 24 15 as
2000 5188 27 21 he
2042 5189 42 20 and
2099 5186 82 26 George
2196 5186 100 26 Ruggles,
2313 5186 47 21 who

1814 5229 42 13 wan
1872 5221 87 27 playing
1981 5220 94 27 Shylock
2096 5221 23 20 to
2141 5219 87 21 Booth's
2251 5218 106 26 Bassanio,

1815 5261 53 15 were
1877 5254 64 21 about
1950 5257 23 17 to
1987 5260 26 19 go
2030 5260 28 14 on
2070 5253 32 21 for
2119 5252 37 21 the
2171 5251 50 22 trial
2239 5258 67 19 scene,
2324 5251 36 22 the

1816 5287 80 21 whistle
1906 5285 134 27 announcing
2049 5285 37 22 the
2095 5285 77 21 arrival
2186 5284 67 21 of-the
2270 5287 90 19 steamer

1814 5318 28 27 by
1852 5318 67 21 which
1929 5318 51 26 they
1990 5325 54 15 were
2061 5320 22 19 to
2100 5317 59 22 leave
2173 5324 43 15 was
2230 5317 71 21 heard.
2329 5318 31 21 As

1814 5353 36 22 the
1860 5355 101 25 stoppage
1971 5359 42 16 was
2023 5354 38 21 not
2074 5353 23 22 to
2115 5351 77 24 exceed
2207 5354 36 20 ten
2259 5351 99 27 minutes,

1814 5388 41 21 and
1868 5388 59 21 there
1945 5395 43 14 was
2002 5395 27 17 no
2044 5388 61 23 other
2118 5388 49 23 beat
2183 5388 102 26 expected
2301 5388 32 20 for
2348 5395 11 13 a

1815 5421 64 22 week,
1891 5420 35 22 the
1936 5426 99 21 manager
2044 5420 65 22 asked
2118 5419 37 24 the
2164 5422 42 21 two
2216 5423 68 18 actors
2294 5422 22 19 to
2323 5421 24 20 im-

1815 5452 83 28 proviso
1919 5459 26 14 an
1967 5452 124 23 immediate
2112 5453 131 22 denouement
2265 5453 94 22 between

1816 5485 63 23 tli«>ni,
1897 5485 41 21 and
1956 5485 46 27 ring
2016 5485 38 22 the
2068 5485 83 22 curtain
2166 5485 69 22 down.
2265 5485 94 27 Ruggles

1815 5518 60 21 made
1886 5517 31 22 his
1927 5519 68 26 entry,
2006 5519 41 21 aud
2058 5518 115 27 proceeded
2183 5520 23 21 to
2221 5518 90 28 sharpen
2327 5518 32 23 hia

1816 5550 57 22 knife
1882 5558 28 14 on
1916 5550 34 26 his
1957 5551 57 23 boot.
2042 5551 69 24 Booth
2127 5552 83 21 walked
2225 5552 92 27 straight
2331 5560 28 19 up

1814 5586 22 18 t>
1847 5583 49 28 him,
1908 5584 40 20 and
1959 5583 104 28 solemnly
2080 5583 51 26 said,
2168 5583 51 22 You
2235 5592 35 14 are
2288 5585 69 21 bound

1814 5618 22 19 to
1847 5615 51 23 have
1908 5615 35 23 the
1953 5616 58 26 flesh,
2019 5623 37 15 are
2065 5623 42 20 you
2197 5616 50 22 You
2256 5618 37 21 bet
2307 5625 52 19 your

1894 5650 109 21 answered
2025 5649 101 26 Ruggles.
2159 5649 14 14 '<
2181 5649 26 23 In
2225 5650 97 22 addition
2337 5652 22 20 to

1817 5682 43 23 this
1870 5682 35 29 big
1917 5687 38 23 bag
1966 5684 21 21 of
1997 5683 82 26 ducats,
2091 5682 34 27 I'll
2134 5683 69 23 throw
2216 5683 21 23 in
2251 5686 43 21 two
2308 5684 50 28 hugs

1816 5716 62 22 heads
1887 5717 21 21 of
1919 5716 125 27 negrohead,
2054 5723 13 15 a
2076 5715 48 23 shot
2132 5724 49 19 gun,
2192 5717 42 21 and
2241 5719 42 19 two
2292 5719 21 19 of
2322 5719 37 20 the

1816 5748 44 21 best
1870 5755 50 16 coon
1931 5750 50 24 dogs
1990 5748 23 22 in
2027 5748 38 21 the
2190 5749 61 21 "I'm
2265 5749 92 23 Manned

1816 5781 14 21 if
1842 5781 7 21 I
1861 5781 58 23 don't
1928 5783 27 19 do
2014 5781 118 27 responded
2141 5781 100 27 Shylock,
2256 5783 62 21 much
2336 5785 23 20 to

1815 5814 35 21 thu
1872 5814 132 23 satisfaction
2020 5813 22 21 of
2056 5813 38 22 the
2109 5814 108 26 audience,
2237 5815 46 22 who
2305 5823 54 15 were

1815 5848 86 21 tobacco
1909 5846 94 27 planters
2017 5846 42 20 and
2074 5847 149 23 coon-hunters
2238 5849 23 19 to
2275 5856 13 13 a
2301 5856 54 14 man.

1816 5880 47 21 And
1873 5880 61 20 down
1945 5880 56 19 went
2011 5878 36 21 the
2056 5879 91 22 curtain.
2180 5879 70 22 When
2265 5880 36 22 the
2317 5884 41 20 two

1826 5913 55 21 ctors
1890 5915 36 23 got
1936 5910 106 26 onboard,
2053 5911 38 22 the
2099 5912 85 27 captain
2194 5912 45 24 said
2252 5914 22 20 to
2283 5913 58 22 them
2353 5910 4 29 :

1816 5946 37 14 ---'•
1863 5944 30 22 I'd
1910 5945 42 20 like
1970 5945 22 19 to
2007 5950 35 16 see
2056 5943 38 23 the
2108 5945 68 22 whole
2192 5945 22 21 of
2228 5944 49 22 that
2299 5946 56 27 play,

1814 5980 117 22 erentlenien
1943 5986 5 17 ;
1968 5978 39 22 I'm
2022 5978 95 23 Harmed
2133 5980 17 24 if
2166 5980 12 22 I
2196 5980 92 27 thought
2310 5982 48 22 that

1815 6012 68 25 fellow
1892 6012 145 27 Shakespeare
2046 6011 43 24 had
2098 6020 23 16 so
2128 6012 63 25 much
2201 6020 52 21 snap
2262 6021 22 16 in

1840 6096 95 26 Anxiety
1945 6096 17 20 is
1971 6096 37 22 the
2022 6096 74 27 poison
2110 6098 22 21 of
2147 6098 78 22 human
2235 6097 44 22 life.
2307 6099 23 22 It
2339 6101 17 20 is

1816 6122 35 21 the
1858 6125 75 22 parent
1941 6123 22 20 of
1972 6130 64 20 many
2053 6124 45 23 sins
2110 6125 41 22 and
2160 6131 58 17 more
2231 6125 125 23 miseries.—

1816 6148 63 23 Blair.

1816 6176 58 24 Look
1884 6178 65 21 round
1957 6178 37 22 the
2003 6178 108 24 habitable
2119 6180 72 26 world,
2202 6180 47 21 how
2260 6180 39 22 few

1816 6204 68 21 Know
1893 6205 55 22 their
1957 6213 47 15 own
2012 6207 61 27 good,
2083 6214 30 20 or,
2122 6208 99 26 knowing
2232 6210 22 23 it,
2266 6215 77 19 pursue
2352 6204 3 30 !

1839 6232 81 21 Choose
1929 6233 36 21 the
1971 6234 46 21 best
2027 6235 51 21 kind
2089 6236 19 19 of
2119 6235 42 25 life,
2173 6236 40 20 and
2222 6239 82 17 custom
2314 6235 42 23 will

1815 6266 47 14 soon
1872 6260 60 20 make
1942 6263 15 18 it
1967 6261 281 27 agreeable.—Pythaporas.

1893 6287 80 23 Vessels
1985 6290 56 27 large
2050 6296 50 19 may
2108 6291 88 19 venture
2206 6296 61 19 more,

1866 6315 40 22 Lot
1916 6316 55 22 little
1980 6317 60 22 boats
2050 6315 74 23 should
2134 6316 54 26 keep
2202 6324 50 14 near
2262 6317 66 22 ,«hrire.

1838 6343 29 21 Of
1875 6344 28 20 ajl
1913 6343 37 22 the
1960 6344 79 21 thieves
2056 6342 52 22 fools
2120 6349 35 13 are
2168 6344 36 20 the
2216 6347 74 24 worst;
2305 6346 49 25 they

1813 6369 37 25 rob
1858 6376 42 23 you
1909 6371 22 24 of
1940 6371 51 26 time
1999 6371 43 24 and
2052 6373 87 26 temper.
2143 6369 112 26 —Goethe,

2697 254 619 85 CYCLING
3370 249 458 86 NOTES

2396 400 194 35 KILLING
2627 404 91 31 OLD
2768 401 155 37 EQUILI-

2586 443 166 28 BRIUM.

2422 511 49 24 The
2496 513 88 30 bicycle
2609 514 46 22 and
2681 514 30 21 its
2737 511 150 30 stepmother,
2907 509 41 23 the

2395 546 116 29 inventor,
2531 550 60 23 have
2610 550 106 22 knocked
2737 551 41 21 out
2798 548 71 22 about
2892 554 55 21 any~

2394 587 70 29 thing
2483 588 23 22 in
2528 589 40 22 the
2589 589 72 21 world
2686 588 61 22 from
2773 593 127 16 commerce
2925 586 24 21 to

2394 623 152 28 pedestrians.
2587 625 83 25 When,
2691 624 125 24 therefore,
2827 630 50 15 new
2898 628 39 22 pas-

2395 661 63 21 tures
2476 668 39 15 are
2535 663 86 27 sought
2641 662 37 21 for
2696 661 41 22 the
2754 660 75 22 wheel
2850 659 45 21 and
2918 659 30 20 its

2394 699 144 28 stepmother
2547 700 23 22 to
2582 700 28 22 do
2618 699 39 23 the
2669 699 143 28 conquering
2822 697 38 22 act
2867 697 32 25 in,
2909 696 40 22 the

2394 734 98 24 chances
2510 736 23 23 of
2549 737 62 23 their
2630 736 120 29 discovery
2766 742 40 16 are
2822 736 42 22 not
2874 734 73 29 great.

2394 771 73 24 Texas
2478 780 74 16 comes
2563 775 25 22 to
2599 774 40 22 the
2659 772 65 23 front
2734 772 25 23 at
2777 772 47 23 this
2838 771 110 30 juncture

2395 809 56 21 with
2462 809 53 22 that
2525 810 104 22 hitherto
2641 809 84 28 deadly
2733 809 37 22 foe
2780 809 25 22 of
2813 808 40 23 the
2860 807 87 24 novice,

2394 843 38 23 old
2454 845 165 30 Equilibrium,
2639 845 47 23 and
2710 845 25 23 in
2768 845 54 23 true
2853 843 91 30 cycling

2394 880 91 24 fashion
2496 884 110 27 proceeds
2617 884 24 21 to
2652 883 74 23 knock
2742 882 49 22 him
2810 882 42 23 out
2869 882 24 22 in
2904 887 32 16 one-

2394 918 75 22 round
2480 919 24 22 of
2516 919 40 23 the
2566 920 87 28 pedals.

2422 948 49 24 Tke
2488 950 64 22 knew
2572 951 99 22 knocker
2680 950 24 23 of
2714 950 79 29 musty
2804 948 140 24 mechanical

2394 984 45 23 and
2465 986 113 23 scientific
2603 987 43 22 law
2672 987 19 22 is
2726 986 136 30 designated
2883 993 26 15 aa
2933 991 11 16 a

2394 1019 88 30 bicycle
2500 1030 120 20 governor,
2637 1023 46 22 and
2704 1023 20 22 is
2741 1023 40 22 the
2801 1023 79 22 infant
2899 1021 24 23 of
2933 1028 11 14 a

2394 1055 67 25 brain
2474 1057 131 25 heretofore
2615 1059 99 23 devoted
2726 1060 24 22 to
2758 1059 100 23 railroad
2869 1065 65 22 super-

2394 1093 134 31 intending.
2567 1096 49 23 The
2636 1097 75 28 proud
2731 1097 83 29 parent
2830 1096 55 23 thus
2898 1095 39 23 des

2394 1131 75 22 cribes
2477 1132 35 22 his
2526 1131 103 24 child:—

2446 1162 48 22 The
2506 1169 113 22 governor
2630 1165 73 21 works
2712 1171 30 15 on
2753 1164 40 22 the
2801 1162 114 30 principal
2926 1162 23 21 of

2394 1203 14 15 a
2418 1198 138 27 pendulum,
2566 1200 42 21 not
2618 1200 96 21 allowed
2726 1200 24 20 to
2761 1200 91 20 vibrate
2859 1201 24 18 at
2895 1197 54 24 will,

2394 1230 44 24 but
2457 1234 112 27 operated
2589 1234 31 29 by
2631 1241 79 16 mcacs
2722 1233 24 23 cf
2756 1240 14 16 a
2780 1240 42 21 cog
2838 1231 109 23 attached

2394 1268 25 23 to
2429 1269 41 23 the
2482 1277 51 15 rear
2552 1270 23 23 of
2585 1271 40 22 the
2638 1271 64 22 front
2712 1271 42 21 bar
2775 1270 45 22 and
2831 1268 104 23 immedia-

2394 1305 50 29 tely
2454 1306 75 23 under
2540 1307 39 22 the
2593 1315 74 21 upper
2678 1308 42 21 bar
2731 1307 23 22 of
2765 1307 40 21 the
2816 1306 80 21 fiame.
2927 1305 22 21 It

2394 1343 20 22 is
2424 1343 41 22 the
2480 1351 99 22 purpose
2593 1345 24 22 of
2631 1345 40 22 the
2683 1351 113 22 governor
2806 1345 25 20 to
2842 1344 58 28 keep
2911 1343 39 21 the

2395 1380 73 23 wheel
2480 1388 24 16 in
2514 1389 30 15 an
2556 1382 97 29 upright
2668 1381 101 30 position
2787 1381 33 21 all
2837 1382 41 21 the
2893 1380 56 22 time

2395 1418 69 22 while
2476 1418 68 29 being
2555 1418 90 26 ridden,
2659 1418 73 22 which
2742 1418 19 22 is
2780 1416 167 29 accomplished

2394 1451 31 29 by
2444 1461 14 13 a
2477 1454 62 28 huge
2559 1454 49 22 ball
2619 1454 69 29 being
2704 1454 92 22 thrown
2808 1455 24 21 to
2850 1454 40 21 the
2901 1453 48 21 side

2394 1487 24 25 in
2433 1489 41 24 the
2496 1491 105 29 opposite
2622 1490 113 23 direction
2756 1490 53 22 that
2826 1489 41 23 the
2884 1489 64 23 front

2395 1526 72 23 wheel
2478 1534 62 21 goes,
2551 1527 99 28 thereby
2664 1527 157 28 maintaining
2832 1527 41 22 the
2885 1526 50 29 equi-

2394 1562 71 29 poise,
2476 1570 24 15 so
2509 1563 54 22 that
2572 1564 33 22 all
2617 1564 53 22 that
2680 1564 19 22 is
2710 1569 123 23 necessary
2843 1562 12 30 i
2867 1562 12 30 3
2891 1562 58 30 power

2394 1600 24 21 at
2438 1599 41 24 the
2497 1600 80 30 pedals
2589 1600 24 23 to
2624 1600 58 30 keep
2692 1600 41 24 the
2753 1600 107 23 machine
2871 1599 77 29 going,

2394 1636 125 30 providing
2530 1636 39 23 the
2580 1638 110 29 operator
2700 1638 19 22 is
2730 1637 95 30 capable
2843 1637 24 22 of
2881 1637 53 28 keep-

2394 1673 40 29 ing
2445 1673 41 23 out
2497 1673 24 23 of
2530 1673 41 24 the
2582 1681 50 22 way
2652 1673 24 25 of
2692 1674 66 30 large
2776 1673 97 30 objects.
2901 1672 48 24 For

2394 1710 118 31 instance:
2525 1712 19 22 A
2555 1711 63 24 rider
2628 1712 50 29 just
2689 1711 128 30 mastering
2824 1711 40 23 the
2875 1710 73 24 wheel

2394 1751 138 20 encounters
2542 1757 14 14 a
2565 1750 67 21 stone
2641 1756 26 15 or
2678 1756 62 16 some
2751 1749 69 22 small
2839 1748 92 23 obstruc-

2393 1783 58 26 tion,
2460 1785 47 22 and
2518 1785 40 22 the
2568 1785 66 22 front
2644 1785 74 22 wheel
2725 1783 12 30 i
2749 1783 12 30 3
2773 1783 71 30 thrown
2850 1784 96 29 quickly

2393 1820 25 22 to
2438 1828 43 16 one
2505 1821 56 23 side.
2591 1822 33 22 As
2648 1822 41 23 the
2713 1822 74 23 wheel
2812 1822 68 22 turns
2905 1821 39 23 the

2394 1865 114 21 governor
2527 1859 19 22 is
2566 1858 87 24 shoved
2669 1859 24 22 in
2711 1859 100 23 another
2830 1858 114 23 direction

2392 1894 47 23 and
2450 1895 126 23 maintains
2595 1896 41 22 the
2650 1896 104 26 balance.,
2771 1896 173 29 straightening

2392 1930 41 23 the
2445 1932 105 22 machine
2570 1933 47 22 and
2631 1933 69 27 again
2721 1933 99 29 keeping
2831 1933 40 21 the
2881 1932 63 21 front

2392 1967 74 26 wheel
2486 1969 25 23 in
2531 1976 13 15 a
2565 1969 67 30 plane
2654 1969 56 23 with
2721 1970 40 22 the
2773 1977 51 16 rear
2834 1976 50 16 one.
2916 1969 28 21 In

2393 2004 67 23 order
2479 2006 25 22 to
2523 2006 57 22 turn
2599 2014 14 14 a
2634 2013 80 17 corner
2726 2014 25 16 or
2766 2007 25 22 to
2801 2013 54 16 vere
2865 2006 24 22 to
2901 2011 43 16 one

2393 2042 48 23 side
2460 2042 40 23 the
2519 2044 63 23 rider
2601 2044 57 28 only
2679 2044 40 23 has
2740 2045 24 22 to
2786 2044 52 22 lean
2858 2043 25 22 in
2903 2042 40 22 the

2393 2078 113 23 direction
2525 2080 54 21 that
2596 2080 30 23 he
2637 2080 81 23 wishes
2733 2081 25 21 to
2770 2087 35 21 go,
2816 2079 46 22 and
2878 2079 66 21 when

2392 2122 57 16 once
2465 2115 67 25 there
2552 2116 132 31 straighten
2704 2117 58 23 back
2773 2117 50 22 into
2834 2115 109 30 position,

2392 2147 41 22 the
2443 2154 41 16 use
2495 2148 24 22 of
2529 2148 40 23 the
2581 2148 74 23 hands
2666 2156 29 15 on
2713 2148 40 23 the
2765 2147 128 24 handlebar
2904 2148 40 21 not

2392 2184 70 30 being

2478 2262 58 25 HE
2553 2262 100 26 WON
2670 2263 85 25 THE
2772 2264 88 25 BET.

2422 2341 54 18 roar
2486 2338 82 28 bicycle
2583 2337 56 22 thief
2648 2338 66 28 keepa
2729 2338 60 28 right
2798 2347 30 19 up
2844 2338 53 23 with
2906 2338 37 22 the

2391 2372 131 24 procession.
2549 2373 35 20 He
2602 2372 40 21 has
2660 2373 30 25 to,
2706 2373 94 21 because
2809 2374 37 20 the
2861 2373 83 26 bicycle

2392 2405 124 25 procession
2535 2406 19 20 ia
2563 2412 13 13 a
2592 2412 52 19 very
2654 2406 45 21 fast
2714 2407 87 25 moving
2817 2412 47 19 one,
2875 2406 67 21 and—

2393 2438 42 20 like
2453 2438 52 22 time
2524 2439 43 21 and
2587 2439 135 21 tide—waits
2741 2439 33 22 for
2791 2447 27 14 no
2837 2446 57 20 man,
2904 2447 39 14 nor

2391 2479 89 14 woman.

2417 2507 17 19 A
2445 2514 72 19 young
2527 2514 50 14 man
2587 2514 27 14 on
2624 2514 39 14 one
2674 2507 21 21 of
2706 2507 36 21 the
2753 2507 115 28 asphalted
2882 2514 60 15 cross

2391 2540 87 25 streets,
2496 2540 37 21 the
2551 2540 63 22 other
2635 2541 97 26 evening,
2751 2548 44 14 was
2813 2542 75 26 trying
2906 2541 36 20 tho

2393 2580 62 19 paces
2473 2573 22 21 of
2514 2580 12 14 a
2544 2580 47 14 new
2609 2575 83 24 mount,
2712 2575 60 20 when
2795 2576 44 20 two
2858 2574 84 21 fellows

2392 2607 91 26 stopped
2492 2614 26 14 on
2529 2608 38 20 the
2576 2608 46 20 side
2633 2607 57 21 walk
2697 2608 23 21 to
2730 2608 81 21 admire
2819 2608 52 21 him.
2899 2607 43 22 One

2391 2638 23 22 of
2423 2639 58 22 them
2492 2640 67 22 asked
2569 2641 48 21 how
2631 2641 64 21 much
2709 2641 37 21 the
2761 2641 68 21 wheel
2845 2641 97 27 weighed

2391 2674 42 21 and
2443 2674 37 21 the
2487 2681 72 19 young
2569 2681 48 14 man
2628 2674 46 21 said
2685 2675 17 21 it
2711 2675 97 26 weighed
2817 2675 67 22 22ibs.

2416 2712 46 22 The
2471 2713 87 21 smaller
2567 2714 22 20 of
2608 2713 37 22 the
2655 2715 42 20 two
2713 2714 47 21 said
2778 2714 48 21 that
2845 2721 44 14 was
2908 2714 34 21 too

2391 2746 63 27 light,
2464 2747 43 21 and
2517 2747 50 21 that
2576 2747 26 21 he
2614 2747 95 21 believed
2720 2748 22 20 in
2750 2747 78 21 wheels
2835 2748 108 26 weighing

2391 2787 23 20 at
2422 2786 57 22 least
2496 2786 67 22 oOlbs.
2592 2787 60 25 Also,
2662 2787 26 21 he
2707 2787 130 26 mentioned,
2850 2787 49 22 that
2916 2787 25 21 ho

2391 2827 52 14 once
2461 2827 48 14 won
2523 2827 13 14 a
2554 2821 96 20 ton-mile
2664 2822 52 19 road
2734 2827 49 15 race
2798 2827 26 14 on
2843 2829 13 12 a
2875 2821 66 20 wheel

2391 2854 106 27 weighing
2514 2854 68 22 3Slb3.
2614 2853 30 23 At
2662 2855 44 21 this
2726 2855 35 20 the
2779 2855 69 26 larger
2864 2855 24 20 of
2906 2855 36 21 tho

2391 2890 110 24 strangers
2512 2888 93 26 laughed
2612 2888 116 26 derisively
2735 2888 42 21 and
2783 2888 46 21 said
2839 2888 4 26 :
2876 2888 67 21 What

2391 2921 26 21 do
2425 2928 42 19 you
2478 2921 63 21 know
2550 2921 67 21 about
2626 2921 95 26 bicycles

2442 2957 62 26 Why,
2523 2957 44 21 I've
2586 2957 51 21 rede
2655 2963 58 15 more
2732 2956 78 22 wheels
2828 2957 54 22 than
2899 2964 43 20 you

2391 2998 49 14 ever
2525 2991 81 26 replied
2616 2991 38 21 the
2663 2991 69 21 other.

2436 3026 9 20 I
2456 3026 62 20 don't
2527 3024 81 23 believe
2618 3032 43 20 you
2671 3032 41 14 can
2721 3026 47 21 ride
2779 3026 22 21 at

2415 3059 54 22 "I'll
2479 3060 37 21 bet
2534 3066 42 19 you
2587 3060 42 21 10s.
2641 3060 9 21 I
2662 3066 47 15 can.
2737 3060 40 21 Let
2788 3066 31 15 me
2829 3059 60 22 show
2899 3059 43 22 him

2390 3101 27 13 on
2427 3100 54 18 your
2491 3093 74 21 wheel.
2593 3094 10 19 I
2614 3095 65 18 won't
2688 3093 53 21 hurt

2416 3126 34 21 He
2460 3126 63 21 could
2532 3126 47 21 ride
2586 3126 28 20 all
2624 3126 65 26 right.

2391 3160 14 20 f-
2416 3160 34 21 He
2473 3160 98 22 wobbled
2590 3160 76 27 slowly
2683 3167 27 15 on
2730 3160 37 22 the
2791 3161 70 21 wheel
2879 3161 34 23 for
2929 3168 12 13 a

2390 3189 91 25 minute,
2504 3189 43 21 and
2566 3189 53 21 then
2641 3189 28 21 he
2687 3189 95 22 swished
2804 3191 84 21 around
2906 3190 36 21 tho

2390 3231 74 14 corner
2473 3224 43 21 and
2526 3231 44 14 was
2578 3232 60 19 away
2649 3225 43 20 like
2701 3226 38 20 the
2750 3226 65 21 wind.

2436 3257 70 21 You'd
2516 3257 71 21 better
2597 3257 65 21 chase
2669 3258 58 21 after
2737 3258 49 22 that
2896 3259 46 21 said

2391 3290 35 21 the
2434 3290 36 25 big
2480 3290 99 24 stranger
2591 3297 5 16 ;
2607 3289 12 9 <:
2627 3292 9 17 1
2647 3292 62 19 dont
2719 3292 63 18 know

2416 3322 46 22 The
2473 3328 72 15 owner
2554 3323 22 19 of
2586 3321 37 21 the
2643 3325 66 18 wheel
2720 3325 5 8 ;
2850 3323 40 21 but
2904 3323 38 21 the

2391 3358 61 22 short
2469 3358 101 26 stranger
2580 3359 58 20 mii6t
2658 3357 54 22 have
2722 3358 53 22 been
2794 3366 13 14 a
2822 3358 49 22 mile
2882 3365 59 21 away

2391 3392 28 26 by
2427 3391 51 21 that
2486 3391 59 21 time.

2419 3424 68 25 Then,
2497 3424 61 21 when
2572 3424 36 21 the
2622 3431 72 14 owner
2704 3424 43 21 had
2758 3431 58 15 come
2832 3425 63 26 back,
2904 3426 37 21 the

2391 3458 35 27 big
2437 3458 98 26 stranger
2545 3457 47 22 also
2601 3458 42 21 had

2539 3533 97 28 HER
2657 3532 133 29 PLAN.

2648 3586 21 17 <♦

2418 3611 61 21 With
2489 3618 26 14 no
2526 3611 154 26 exaggeration
2691 3611 37 21 she
2739 3618 43 14 was
2788 3613 37 20 the
2833 3612 95 22 weirdest-

2392 3643 86 27 looking
2488 3644 108 26 spectacle
2606 3651 49 14 ever
2672 3651 50 14 seen
2738 3646 23 20 ia
2778 3646 51 21 that
2847 3646 82 21 fashion-

2391 3678 46 20 able
2448 3678 83 20 suburb
2540 3677 22 21 of
2573 3678 96 20 London.
2698 3679 41 20 She
2759 3685 58 14 came
2833 3679 61 21 down
2904 3679 36 21 the

2391 3712 59 27 steps
2460 3712 22 21 of
2491 3711 39 22 her
2540 3711 61 22 home
2611 3712 42 21 and
2663 3712 127 23 confronted
2802 3713 37 22 her
2857 3713 74 27 family

2390 3746 52 19 Two
2451 3745 101 26 bicycleH,
2563 3747 22 18 of
2595 3746 36 19 the
2643 3746 119 20 masculine
2776 3747 42 19 and
2837 3747 97 20 feniinim

2390 3779 78 27 gender
2478 3778 151 26 respectively,
2640 3778 63 21 stood
2722 3780 23 19 at
2762 3778 36 21 the
2817 3779 83 20 bottom
2919 3779 21 21 of

2391 3813 36 21 the
2437 3814 66 24 steps,
2514 3811 42 21 and
2566 3818 12 14 a
2594 3811 118 21 masculine
2730 3811 100 27 bicyclist
2848 3811 92 28 lounged

2391 3846 86 27 against
2486 3845 35 21 the
2532 3844 48 22 rail.

2439 3879 64 26 Why,
2650 3879 119 22 exclaimed
2794 3880 36 21 the
2857 3881 69 25 appari-

2392 3914 65 21 tion's
2467 3912 90 25 mother,
2592 3912 59 21 what
2789 3916 38 23 got
2845 3921 28 14 on
2886 3921 42 19 you

2391 3947 62 25 head,
2604 3947 21 21 It
2644 3954 44 13 was
2706 3947 64 26 quito
2786 3948 88 22 evident
2892 3949 46 21 thai

2391 3981 79 21 Maude
2477 3980 43 21 had
2531 3987 27 14 on
2568 3987 13 13 a
2590 3980 37 26 big
2637 3980 63 21 black
2720 3980 49 26 chip
2783 3980 39 22 hat
2839 3982 99 21 trimmed

2390 4014 51 22 with
2453 4013 51 27 pink
2514 4020 59 14 roses
2583 4013 42 21 and
2635 4013 62 21 black
2708 4013 87 22 chiffon.

2478 4053 152 26 garden-party
2709 4053 82 26 replied
2799 4054 80 22 Maude
2887 4062 46 14 com

2391 4086 96 26 poscdly.
2540 4086 45 19 You
2596 4086 62 19 know
2677 4085 37 20 the
2728 4086 43 20 last
2789 4087 52 20 time
2860 4088 10 19 I
2889 4088 50 20 rode

2391 4124 55 22 papa
2456 4118 99 25 objected
2566 4118 21 20 to
2597 4124 35 20 my
2643 4124 48 20 cap.
2719 4117 35 21 He
2763 4119 47 21 said
2818 4119 44 22 this
2873 4127 44 15 was
2927 4127 12 13 a

2390 4154 112 25 becoming
2512 4152 58 27 piece
2580 4151 23 22 of

2439 4181 52 23 13ut,
2638 4180 59 21 cried
2716 4180 38 21 her
2773 4181 69 22 eldest
2868 4182 72 26 sifter,

2411 4221 42 20 you
2462 4214 53 20 have
2524 4213 113 26 forgotton
2646 4220 54 19 your
2716 4213 67 22 skirts

2439 4253 40 26 Oh,
2498 4259 33 19 no,
2543 4253 9 20 I
2571 4252 94 26 haven't,
2676 4253 47 21 said
2741 4253 87 23 Maude.
2880 4255 7 21 1
2907 4261 32 14 am

2392 4287 94 26 wearing
2495 4285 64 22 black
2570 4286 58 21 satin
2639 4286 112 26 bloomer?,
2762 4287 92 22 because
2861 4288 80 21 Claude

2392 4320 99 23 declared
2500 4319 50 22 that
2566 4326 27 14 no
2608 4326 82 14 woman
2709 4320 48 20 who
2775 4328 56 13 wore
2848 4328 13 14 a
2879 4321 58 21 skirt

2392 4355 61 23 ruuld
2463 4361 49 16 ever
2521 4354 50 22 look
2578 4356 23 19 at
2609 4361 48 15 ease
2667 4362 26 14 on
2703 4363 13 13 a
2726 4354 89 28 bicycle.
2830 4356 47 21 Sol
2886 4356 53 22 have

2392 4389 78 26 simply
2484 4388 41 21 left
2534 4389 18 19 it

2440 4420 50 25 Will
2512 4428 42 21 you
2578 4421 25 22 be
2625 4420 53 23 kind
2700 4420 83 29 enough
2808 4423 22 21 to
2853 4421 87 29 explain

2394 4457 47 27 why
2462 4464 42 19 you
2527 4462 36 15 Rre
2586 4455 95 26 wearing
2703 4455 42 22 silk
2762 4456 112 27 stockings
2897 4458 43 21 and

2392 4490 103 26 strapped
2531 4488 98 27 slippers-
2639 4490 8 19 ?
2702 4488 117 22 demanded
2843 4490 98 22 Maude's

2393 4523 78 23 father.

2630 4551 80 26 replied
2721 4551 36 21 the
2766 4558 73 21 young
2850 4559 89 16 woman.

2516 4584 33 27 say
2560 4584 11 27 3
2582 4584 43 27 that
2634 4584 17 21 it
2661 4584 77 21 breaks
2749 4584 37 21 her
2796 4585 63 22 heart
2868 4587 23 20 to
2905 4592 35 16 see

2392 4629 33 16 rae
2434 4620 52 23 with
2498 4620 91 22 hideous
2599 4619 81 27 bicycle
2691 4620 63 21 shoes
2764 4621 42 22 and
2814 4622 115 22 masouline-

2393 4656 87 25 looking
2489 4655 82 26 gaiters
2581 4660 34 15 on.
2631 4654 48 21 And
2690 4654 8 21 I
2710 4654 61 22 don't
2782 4655 53 21 wish
2844 4657 24 20 to
2875 4656 65 22 break

2393 4690 39 22 her

2539 4714 117 23 exclaimed
2672 4714 37 23 her
2721 4716 117 26 aggrievod
2850 4717 92 26 mother,

2414 4756 42 20 you
2464 4749 59 21 cau't
2533 4754 76 16 accuse
2619 4755 42 19 any
2676 4748 22 21 of
2717 4755 25 15 us
2760 4749 79 27 asking
2857 4756 42 20 you
2918 4751 23 21 to

2394 4784 42 21 add
2445 4783 37 20 the
2501 4781 103 25 finishing
2620 4782 66 19 touch
2704 4782 24 19 to
2750 4788 55 19 your
2822 4782 120 23 ridiculous

2394 4817 73 26 get-up
2486 4815 28 26 by
2524 4814 94 27 wearing
2627 4814 50 22 that
2686 4813 50 28 gold
2746 4814 62 22 chain
2827 4815 42 22 and
2879 4815 63 23 heart

2394 4850 66 26 shape
2470 4848 72 21 locket

2439 4877 41 24 No,
2490 4881 54 16 none
2554 4874 22 21 of
2585 4882 51 19 you.
2654 4874 45 22 But
2716 4875 89 22 Charles

2394 4912 22 20 at
2425 4910 38 22 the
2474 4909 89 26 waiting
2721 4909 83 27 begged
2820 4916 32 15 me
2861 4909 81 28 always

2394 4947 22 21 to
2427 4952 56 14 wear
2491 4944 26 21 it.
2545 4944 61 25 Now,
2616 4942 51 23 here
2681 4943 10 22 I
2700 4950 42 19 am,
2752 4944 89 22 dressed
2854 4944 75 22 accord-

2394 4980 36 25 ing
2448 4979 23 19 to
2489 4977 140 25 suggestions
2646 4977 56 20 from
2721 4984 42 19 you
2782 4976 38 22 all.
2847 4977 46 25 Are,
2898 4985 44 19 you

2395 5010 97 24 satisfied
2500 5012 7 21 ?
2521 5010 34 22 Do
2564 5017 44 20 you
2617 5009 44 23 like
2671 5010 18 22 it
2699 5012 8 19 ?
2726 5009 29 23 Or
2763 5009 45 24 will
2817 5018 43 20 yon
2870 5010 30 23 let
2910 5018 33 15 me

2396 5047 60 20 dress
2466 5046 23 21 to
2500 5045 45 21 suit
2554 5044 77 25 myself
2641 5045 22 20 in
2673 5044 38 21 the
2720 5044 88 22 future?

2441 5073 38 24 Go,
2489 5071 62 22 dress
2897 5073 47 21 eaid

2395 5106 37 22 her
2441 5106 94 22 mother.

2441 5140 51 25 Yes,
2561 5138 93 22 shouted
2663 5139 38 21 the
2710 5140 117 26 repentant
2835 5139 83 26 family.

2421 5167 48 22 And
2486 5168 38 20 ten
2543 5167 95 20 minutes
2656 5167 55 20 later
2733 5174 13 14 a
2768 5168 52 20 neat
2837 5167 68 27 figure
2922 5168 22 20 in

2396 5196 73 21 brown
2495 5201 47 20 cap,
2569 5194 63 26 Bkixt,
2651 5194 89 26 gaiters,
2758 5195 43 21 and
2817 5195 52 27 pink
2887 5195 57 22 skirt

2396 5224 63 21 waist
2472 5223 50 21 rode
2544 5222 88 27 merrily
2667 5222 28 21 off
2718 5230 27 15 on
2768 5223 38 22 her
2828 5224 116 27 bicycle.—

2421 5341 26 23 In
2464 5339 64 23 Cairo
2548 5345 13 16 a
2578 5338 60 29 large
2656 5339 71 28 nding
2749 5338 83 29 school,
2849 5341 97 28 recently

2395 5375 91 29 opened,
2496 5375 18 21 is
2523 5375 23 21 in
2555 5381 13 14 a
2578 5374 128 26 flourishing
2717 5375 119 22 condition.

2641 5411 38 29 V

2421 5454 46 21 Mrs
2491 5452 96 27 Langtry
2608 5452 44 21 and
2669 5451 38 22 her
2731 5452 108 27 daughter
2858 5461 48 20 may
2922 5454 25 22 be

2397 5485 123 29 frequently
2529 5491 51 16 seen
2589 5485 22 21 in
2622 5485 91 22 London
2723 5485 73 27 riding
2805 5492 13 15 a
2827 5487 94 23 tandem.

2653 5524 37 29 V

2422 5573 46 22 The
2484 5572 96 22 Scottish
2594 5571 103 27 Cyclists'
2714 5571 72 22 Union
2857 5579 78 20 guaran-

2397 5607 50 24 teed
2464 5607 24 21 to
2506 5606 37 21 the
2562 5605 70 22 Cettio
2649 5605 56 21 Olub
2715 5606 60 21 .8500
2784 5606 35 21 for
2830 5606 38 22 the
2878 5614 38 14 use
2926 5608 23 20 of

2397 5641 56 22 their
2462 5640 64 21 track
2535 5639 79 26 during
2623 5639 37 21 the
2670 5639 163 27 championship
2843 5640 106 28 meetings

2397 5675 87 27 against
2502 5673 69 21 which
2590 5673 37 21 the
2646 5672 78 22 former
2747 5673 66 27 keeps
2844 5673 30 23 all
2899 5675 59 26 gate'

2397 5715 94 19 moneys.

2650 5734 43 29 V

2423 5779 33 21 Do
2478 5784 43 20 you
2543 5778 59 21 want
2623 5777 23 21 to
2669 5776 40 22 sell
2730 5784 54 20 your
2803 5779 36 20 old
2851 5778 98 25 machine

2398 5812 105 27 quickly?
2529 5811 115 21 Advertise
2655 5811 22 21 in
2686 5818 40 14 our
2736 5811 63 21 sales'
2811 5811 94 22 column.

2651 5854 38 27 V

2423 5903 72 22 Police
2502 5902 119 23 Constable
2629 5903 14 20 X
2726 5903 58 21 Here
2795 5910 53 19 your
2856 5903 94 26 worship

2399 5943 35 14 are
2442 5936 37 21 the
2488 5935 57 22 tools
2555 5936 11 21 I
2572 5935 67 22 found
2646 5942 27 14 on
2682 5934 36 21 the
2727 5935 131 27 pris'ner—a
2866 5936 83 26 jimmy,

2398 5977 13 15 a
2420 5969 122 24 centre-bit,
2552 5976 14 14 a
2575 5968 54 22 dark
2639 5968 87 21 lantern
2735 5969 34 20 an'
2780 5976 14 14 a
2802 5969 59 26 piece
2870 5969 23 21 of
2902 5969 47 21 lend

2398 6004 49 28 pipe
2457 6002 102 28 wrapped
2569 6002 22 22 in
2601 6008 67 21 paper
2677 6002 23 21 to
2711 6002 50 21 look
2771 6000 44 24 like
2820 6009 13 14 a
2840 6002 80 23 bundle
2927 6002 23 22 of

2544 6037 100 21 Prisoner
2653 6035 4 28 :
2711 6037 60 20 Your
2798 6037 83 24 Honor,
2906 6044 42 19 you

2399 6072 43 20 will
2451 6071 38 21 not
2498 6070 31 21 let
2538 6075 27 14 an
2583 6070 101 19 innocent
2695 6075 48 14 man
2752 6069 26 21 be
2794 6070 113 21 convicted
2923 6076 27 14 on

2399 6104 53 22 eucb
2471 6103 72 26 flimsy
2556 6101 102 23 evidence
2677 6108 23 14 as
2716 6101 57 25 that,
2784 6102 9 21 I
2812 6102 71 26 hope?
2905 6102 45 21 The

2399 6136 89 23 article?
2503 6135 35 21 the
2552 6133 111 23 constable
2679 6134 78 26 speaks
2774 6134 28 21 of.
2813 6140 36 15 are
2859 6134 91 28 nothing

2401 6170 39 23 bnt
2449 6176 35 21 my
2494 6167 81 28 bicycle
2584 6167 86 22 lantern
2680 6167 42 21 and
2733 6168 68 26 repair

2658 6206 11 13 •
2683 6206 12 13 *

2670 6220 11 10 •

2449 6243 45 20 Not
2520 6246 42 15 one
2586 6240 98 20 ampfpur
2707 6239 90 21 wWler
2819 6241 40 20 oat
2888 6240 24 21 of
2938 6247 13 14 a

2402 6274 107 26 thousand
2519 6274 74 21 knows
2604 6273 45 20 hew
2659 6274 23 21 %o
2694 6272 62 26 pedal
2900 6279 49 20 says

2594 6305 57 23 Most
2669 6305 75 28 people
2759 6305 56 27 push
2830 6305 37 21 the
2886 6306 63 26 pedal

2401 6343 29 23 all
2439 6340 69 22 round
2519 6339 36 21 the
2565 6339 65 20 circle
2644 6338 86 20 instead
2747 6338 22 21 of
2782 6338 101 27 pressing
2900 6338 51 28 only

2402 6379 23 22 it
2435 6372 82 27 certain
2526 6376 115 23 necessary
2649 6369 82 30 points,
2957 6369 1 32 ;

2959 405 36 31 A
3031 405 251 31 WOMANS'
3318 405 143 31 WAY.

3246 477 18 16 >

3009 529 56 23 U(i33
3083 530 102 22 Graham
3207 529 47 23 kid
3274 528 42 23 the
3337 527 107 29 morning
3462 533 71 23 paper

2978 566 63 24 aside
3053 567 45 22 and
3111 567 81 22 looked
3204 573 76 15 across
3291 565 40 23 the
3342 564 119 23 breakfast
3468 563 63 23 table

2978 604 25 20 at
3014 603 35 22 bis
3060 602 59 24 •wife.

3030 645 9 21 I
3050 645 64 23 don't
3125 646 45 22 like
3187 645 40 22 the
3241 644 59 26 idea,
3410 643 29 22 he
3450 642 57 26 said,
3519 650 14 15 a

2978 681 85 29 faintly
3083 682 139 22 discernible
3232 681 35 22 air
3277 680 24 23 of
3318 680 121 28 authority
3459 679 60 22 color-

2978 719 40 28 ing
3039 718 40 23 the
3096 719 74 22 words
3191 718 58 22 -with
3278 719 40 28 yet
3348 718 107 27 stronger
3484 715 35 23 dis-

2978 755 116 29 approval.

3007 799 43 21 His
3067 799 71 22 wife's
3157 799 51 22 face
3229 798 89 22 flushed
3338 805 14 15 a
3372 797 62 23 little
3453 804 25 15 as
3489 796 41 22 she

2978 835 68 28 toyed
3068 835 56 22 with
3144 835 41 22 her
3203 834 70 22 coffee
3289 840 79 24 spoon.
3490 832 40 22 the

2979 871 55 30 girls
3060 873 59 22 have
3251 871 41 23 she
3312 870 125 30 protested.
3466 868 64 25 "I'm

2980 910 122 28 surprised,
3133 910 64 24 Ross,
3217 908 74 28 really
3310 908 13 21 I
3347 915 46 18 am,
3412 907 54 22 that
3484 912 47 22 you

2980 945 83 24 should
3074 946 85 29 object.
3190 944 140 30 Everybody
3340 943 70 26 rides,
3419 943 46 23 and
3476 942 19 24 it
3511 942 19 22 is

2979 990 22 15 so

3029 1025 23 21 It
3072 1025 89 22 doesn't
3181 1025 67 21 make
3267 1031 47 22 any
3333 1023 125 23 difference
3469 1021 62 23 what

2980 1061 67 23 other
3068 1061 56 29 girls
3206 1061 128 30 responded
3355 1060 42 22 her
3416 1058 115 26 husband,

2980 1099 167 29 emphatically
3156 1109 5 17 ;
3199 1099 56 29 they
3267 1105 52 23 may
3330 1098 31 28 fly
3377 1098 25 22 to
3411 1097 41 23 the
3464 1103 67 15 moon

2981 1136 17 20 if
3023 1136 124 26 somebody
3168 1136 93 28 patents
3290 1135 107 28 airships,
3415 1134 36 21 for
3470 1133 33 21 all
3519 1133 12 20 I

2980 1178 59 16 care.
3070 1172 46 22 But
3128 1172 12 21 I
3150 1171 54 22 hate
3215 1172 24 20 to
3258 1178 37 15 see
3305 1178 45 21 you
3361 1177 30 15 on
3410 1177 14 14 a
3443 1168 89 29 bicycle

2979 1208 69 19 —not
3058 1206 53 21 that
3130 1208 67 19 there
3217 1206 19 21 is
3257 1213 46 20 any
3323 1206 78 21 actual
3421 1205 67 20 harm
3508 1204 24 19 in

2983 1241 72 25 them,
3066 1241 43 22 but
3132 1248 13 14 a
3168 1248 55 15 man
3248 1240 89 23 doesn't
3357 1246 52 17 care
3429 1239 24 22 to
3474 1239 59 22 have

2981 1277 35 23 his
3040 1277 54 23 wife
3119 1277 112 30 prancing
3256 1278 89 22 around
3365 1277 41 23 the
3426 1276 107 28 country,

2980 1314 76 21 stared
3068 1317 25 18 at
3103 1314 31 27 by
3145 1314 32 21 all
3187 1314 40 21 the
3237 1314 96 22 fellows.
3348 1314 52 21 You
3411 1319 53 21 may
3474 1312 59 21 have

2982 1349 116 29 anything
3114 1349 47 23 else
3178 1349 25 22 in
3223 1355 82 17 reason
3324 1349 54 23 that
3397 1355 47 22 you
3463 1347 70 26 want,

2984 1387 53 24 Dot,
3049 1386 44 22 but
3103 1386 12 22 I
3126 1385 63 23 draw
3199 1385 40 23 the
3250 1385 47 24 line
3308 1387 25 21 at
3343 1385 112 23 rationals
3465 1384 47 23 and
3519 1390 14 16 a

3011 1465 81 22 Dora's
3112 1465 118 28 eyebrows
3251 1463 115 31 puckered
3396 1462 136 28 ominously.

2985 1502 44 23 She
3039 1509 51 16 rose
3101 1502 56 22 with
3168 1502 94 29 injured
3273 1501 93 30 dignity
3383 1500 46 23 and
3451 1498 81 24 looked

2980 1539 70 22 down
3074 1540 25 21 at
3124 1539 42 22 her
3190 1538 109 23 husband
3323 1545 26 15 as
3373 1536 159 30 impressively

2982 1583 25 15 as
3017 1583 14 15 a
3046 1583 89 15 woman
3146 1583 53 21 may
3210 1576 59 22 from
3281 1582 13 15 a
3304 1575 83 29 height
3396 1574 24 22 of
3429 1573 45 23 five
3484 1573 48 23 feet

2980 1620 50 16 one.

3088 1656 8 23 J
3119 1655 145 24 understand
3282 1662 46 23 you
3337 1655 24 22 to
3371 1662 41 22 say
3422 1653 54 24 that
3485 1660 46 22 you

2979 1693 76 23 forbid
3076 1701 36 16 me
3131 1695 26 21 to
3175 1693 49 23 ride
3234 1700 14 16 a
3392 1691 41 23 she
3452 1690 79 27 asked,

2978 1731 87 30 slowly.
3105 1731 49 23 Her
3173 1730 83 24 cheeks
3273 1736 60 16 were
3351 1729 101 28 glowing
3471 1734 59 19 now,

2977 1768 46 22 and
3034 1775 14 14 a
3067 1768 68 22 small
3153 1766 115 30 slippered
3288 1766 50 23 foot
3357 1765 54 23 beat
3420 1771 14 16 a
3453 1764 76 23 tattoo

2979 1811 60 23 upon
3050 1804 40 23 the
3103 1804 86 30 carpet.

3006 1848 49 22 Her
3065 1847 107 23 husband
3183 1847 81 23 looked
3284 1854 32 22 up
3326 1846 24 23 in
3366 1845 108 29 surprise.
3504 1843 24 23 It

2982 1886 19 21 is
3025 1885 86 28 always
3137 1884 130 29 surprising
3286 1884 25 21 to
3340 1890 14 15 a
3375 1880 153 30 newly-made

2980 1922 114 23 Benedick
3115 1923 24 20 to
3168 1921 104 22 discover
3292 1920 53 22 that
3370 1919 36 22 his
3430 1917 98 28 adoring

2979 1966 81 23 spouse
3083 1958 34 23 his
3137 1965 46 22 any
3213 1956 82 23 wishes
3316 1956 67 30 apart
3406 1955 61 23 from
3491 1954 36 23 his

2977 2003 58 15 own.

3006 2041 12 9 '*
3119 2038 49 22 said
3189 2038 29 22 he
3229 2037 57 22 with
3301 2037 40 22 the
3359 2036 57 22 mild
3436 2035 78 28 desper-

2978 2075 63 21 ation
3053 2074 23 22 of
3086 2081 13 14 a
3107 2074 106 29 peaceful
3223 2079 53 15 man
3288 2073 51 21 who
3354 2072 61 22 finds
3435 2069 93 23 himself

3135 2110 18 23 if
3162 2117 46 23 you
3218 2109 68 24 insist
3297 2116 62 22 upon
3370 2107 94 31 putting
3474 2107 20 23 it
3502 2107 24 23 in

2977 2149 56 22 such
3044 2156 29 15 an
3084 2149 139 28 unpleasant
3234 2154 58 22 way,
3302 2146 24 29 ye

3147 2190 87 30 replied
3269 2190 35 22 his
3338 2189 60 26 wife,
3433 2187 93 30 moving

2978 2230 121 28 tragically
3128 2228 100 23 towards
3248 2227 40 23 the
3317 2227 63 24 door,
3404 2233 58 15 even
3486 2225 41 23 the

2980 2265 165 23 tortoise-shell
3164 2264 106 28 a-quiver
3289 2263 56 22 with
3373 2262 154 29 indignation,

3043 2302 10 23 I
3064 2303 59 22 have
3134 2302 23 22 to
3167 2309 40 22 say
3218 2301 52 22 that
3281 2307 45 23 you
3337 2307 39 16 are
3396 2300 131 30 a—perfect

3005 2382 146 29 Everything
3181 2382 62 22 went
3263 2389 79 20 wrong
3363 2381 24 22 at
3406 2380 40 23 the
3464 2380 62 22 office

2978 2420 52 22 that
3041 2419 52 29 day.
3125 2419 23 21 It
3168 2418 19 22 is
3207 2418 42 23 not
3269 2424 54 21 easy
3333 2417 24 22 to
3368 2416 90 23 wrestle
3469 2415 57 23 with

2976 2457 105 22 business
3107 2455 67 23 when
3199 2462 42 15 one
3271 2460 103 22 emerges
3400 2453 60 22 from
3486 2451 40 24 the

2977 2494 74 27 gloom
3073 2493 23 23 of
3112 2500 14 14 a
3145 2491 112 23 domestic
3277 2490 178 25 thundercloud,
3480 2488 45 23 and

2976 2531 58 23 Ross
3044 2538 46 14 was
3103 2529 99 23 lelieved
3214 2528 62 23 .vhen
3287 2527 40 23 the
3335 2526 123 24 afternoon
3467 2533 59 15 wore

2975 2575 70 21 away.

3025 2610 66 22 After
3163 2610 28 21 he
3202 2607 148 29 soliloquised
3358 2614 25 15 as
3390 2606 28 23 he
3425 2605 100 23 boarded

2976 2656 12 13 a
3006 2648 72 22 street
3093 2654 38 15 car
3152 2645 138 25 homeward,
3448 2643 11 22 I
3479 2649 47 15 was

2980 2685 78 21 rather
3078 2684 58 21 hard
3157 2690 29 15 on
3206 2683 41 21 the
3267 2681 89 28 bicycle
3375 2679 150 30 proposition.

2977 2722 45 22 But
3032 2721 19 22 it
3062 2720 109 22 wouldn't
3182 2719 29 23 do
3222 2719 24 22 to
3257 2718 52 29 give
3319 2718 24 22 in
3353 2718 24 21 to
3387 2717 42 23 her
3446 2723 80 17 now—

2978 2758 8 21 I
2998 2758 62 22 must
3070 2757 28 22 be

3004 2803 60 22 Dora
3075 2801 46 23 had
3135 2801 95 23 allowed
3243 2800 46 22 him
3300 2799 24 23 to
3336 2807 28 22 go
3380 2799 66 23 down
3463 2799 62 22 town

2976 2839 97 22 without
3093 2845 24 15 so
3137 2838 69 22 much
3236 2845 24 15 sis
3281 2845 14 15 a
3314 2836 103 23 farewell
3437 2836 87 28 glance.

2979 2876 160 30 Approaching
3170 2875 35 22 his
3224 2881 53 21 cosy
3306 2874 67 22 home
3391 2872 55 24 with
3464 2879 62 16 some

2976 2912 87 23 inward
3085 2912 177 28 apprehension,
3291 2911 29 21 he
3341 2918 46 14 was
3407 2909 118 27 naturally

2976 2949 129 23 astounded
3117 2949 66 21 when
3196 2947 40 23 she
3248 2948 47 22 met
3310 2947 49 22 him
3370 2947 25 21 at
3405 2946 40 24 the
3463 2946 63 26 door,

2975 2986 115 28 radiantly
3100 2985 102 28 smiling.

3003 3030 32 22 As
3056 3029 59 23 Dora
3133 3027 70 31 pored
3220 3028 69 22 coffee
3298 3027 36 22 for
3344 3027 55 22 liim
3418 3027 40 22 the
3469 3027 55 23 next

2977 3067 106 27 morning
3109 3066 28 22 he
3163 3066 111 22 observed
3298 3065 59 21 with
3382 3065 82 22 horror
3495 3072 28 15 an

2976 3105 110 20 immense
3105 3102 46 21 and
3163 3102 121 27 unsightly
3304 3101 78 21 bruise
3403 3107 61 21 upon
3484 3100 41 22 her

2978 3141 77 27 pretty
3079 3144 93 17 arm—a
3196 3137 78 23 bruise
3294 3137 53 22 that
3365 3135 108 24 included
3493 3136 30 22 all

2975 3177 39 23 the
3025 3176 89 24 colours
3126 3175 23 23 of
3159 3183 13 15 a
3183 3173 188 30 well-developed
3387 3173 108 23 rainbow.

3030 3213 44 22 For
3085 3212 107 23 heaven's
3203 3212 62 24 sake,
3276 3212 53 23 Dot,
3345 3210 52 22 how
3419 3210 39 22 did
3478 3217 46 21 j*ou

2974 3251 28 23 do
3013 3251 17 22 it
3077 3250 26 21 he
3116 3248 113 30 inquired,
3239 3247 129 28 anxiously.

3002 3297 11 5 '•
3023 3292 44 24 Oh,
3079 3293 11 19 I
3099 3292 39 19 it'll
3140 3292 81 19 —that
3239 3291 26 22 is,
3277 3290 79 23 I—oh,
3364 3289 35 21 it's
3416 3290 106 26 nothing,

2977 3328 61 24 Roys,
3049 3327 61 21 dour,
3121 3325 99 28 nothing
3239 3325 117 23 whatever
3357 3325 57 21 —do
3435 3325 32 21 let
3487 3332 35 14 me

2977 3363 53 30 help
3039 3370 45 22 you
3105 3365 23 19 to
3149 3369 62 15 some
3231 3367 83 17 cream.
3345 3361 148 28 By-lhe-bye,
3513 3362 6 20 J

2975 3400 75 29 forgot
3085 3400 23 22 to
3143 3398 41 22 tell
3218 3405 46 21 you
3297 3397 53 23 that
3482 3397 40 22 she

2975 3435 113 25 branched
3101 3435 30 22 off
3142 3436 24 21 to
3177 3442 13 14 a
3200 3434 147 23 dissertation
3360 3441 28 14 on
3401 3434 78 21 music.

3001 3477 19 21 A
3031 3475 60 23 week
3113 3474 59 22 later
3194 3473 43 22 Mr.
3258 3473 57 22 Iloss
3334 3472 100 22 Graham
3456 3472 65 23 made

2977 3513 34 21 his
3022 3518 49 21 way
3084 3510 130 22 homeward
3225 3516 29 15 on
3265 3516 13 14 a
3289 3516 49 15 new
3355 3509 82 27 safety.

3039 3554 71 28 really
3118 3552 57 24 need
3185 3552 40 23 the
3363 3551 27 23 ho
3401 3551 118 30 explained

2978 3592 77 22 rather
3076 3589 139 28 awkwardly
3234 3589 25 21 to
3279 3589 36 21 his
3335 3588 61 25 wife,
3407 3589 50 21 who
3476 3596 45 15 was

2977 3628 121 27 watching,
3123 3634 25 14 as
3182 3625 74 26 usual,
3290 3624 36 23 for
3357 3624 35 23 his
3406 3624 2 31 •
3422 3624 99 23 familiar

2976 3664 80 30 figure.

3066 3714 79 17 course
3155 3714 45 21 you
3212 3705 35 27 do,
3343 3705 41 23 she
3395 3704 125 31 responded

2977 3742 3 30 ■
2984 3746 130 26 •heerfuliy,
3131 3744 100 21 whereat
3243 3743 27 21 he
3281 3742 112 22 breathed
3404 3750 13 13 a
3428 3743 51 27 sigh
3499 3744 22 19 ot

2976 3780 70 25 relief.

3001 3824 56 23 Ros3
3067 3823 73 24 found
3161 3823 90 29 cycling
3272 3822 56 22 such
3348 3829 30 15 an
3399 3821 122 31 aggreable

2975 3862 95 30 pastime
3081 3861 52 23 that
3143 3861 28 22 he
3192 3860 87 28 caught
3300 3859 93 23 himself
3412 3859 109 29 thinking

2973 3901 23 23 of
3010 3902 59 21 bora
3079 3907 42 15 one
3133 3906 107 21 morning
3251 3898 46 23 and
3309 3898 48 22 half
3364 3898 100 29 wishing
3471 3899 49 22 that

2973 3938 40 23 she
3025 3944 59 16 were
3096 3936 76 24 beside
3183 3935 56 24 hiin.
3269 3935 35 23 Ue
3314 3942 46 15 was
3371 3937 41 21 n)t
3428 3942 23 16 so
3471 3942 50 16 sure

2975 3976 61 22 after
3046 3975 31 22 all
3088 3974 72 22 about
3180 3974 40 21 the
3236 3973 150 29 impropriety
3404 3972 24 22 of
3447 3972 26 23 it.
3503 3974 16 22 A

2975 4013 45 27 girl
3031 4011 67 23 could
3110 4010 51 23 look
3173 4009 171 28 confoundedly
3354 4009 106 29 fetching
3471 4016 27 16 on
3510 4017 11 14 a

2975 4049 76 22 wheel.

3004 4091 30 21 Of
3045 4091 46 21 late
3103 4090 28 21 he
3142 4089 46 22 had
3199 4089 111 21 observed
3321 4096 43 15 one
3380 4090 23 21 in
3424 4090 86 28 particu-

2974 4127 42 26 lar,
3027 4134 13 15 a
3050 4127 68 26 natty
3129 4125 61 23 little
3197 4125 73 29 figure
3281 4125 23 23 in
3324 4132 14 15 a
3358 4125 54 24 blue
3437 4126 54 27 suit,
3511 4134 12 15 a

2972 4165 84 28 jaunty
3080 4171 43 21 cap
3142 4164 54 27 atop
3220 4163 24 22 of
3264 4163 41 21 her
3326 4162 68 26 head,
3413 4163 52 23 who
3484 4171 26 22 ap-

2975 4201 81 28 peared
3067 4200 24 21 in
3102 4200 41 21 the
3154 4200 104 21 distance
3268 4205 70 21 every
3349 4200 116 28 morning,
3481 4200 42 21 but

2973 4238 28 22 he
3011 4236 45 22 had
3069 4242 69 16 never
3149 4235 125 22 overtaken
3286 4234 48 26 her,
3345 4242 25 14 as
3375 4235 40 22 she
3426 4236 95 23 avoided

2973 4275 38 22 the
3022 4273 62 23 main
3095 4272 77 30 paths,
3183 4271 125 30 skimming
3317 4271 128 30 gracefully
3453 4273 69 29 along

2973 4311 44 23 and
3029 4311 85 27 always
3125 4309 74 23 alone.

3004 4360 49 22 One
3079 4358 108 28 morning
3211 4358 30 22 he
3265 4357 88 30 obeyed
3387 4365 13 14 a
3434 4357 87 23 sudden

2978 4396 97 29 impulse
3086 4397 24 19 to
3130 4402 52 21 pass
3203 4395 39 21 the
3262 4394 45 21 fair
3324 4395 124 21 unknown.
3479 4394 43 21 She

2978 4432 119 29 evidently
3116 4430 94 24 divined
3228 4430 36 24 his
3284 4431 124 26 intention,
3427 4430 37 23 for
3483 4430 38 23 she

2976 4471 75 27 began
3062 4470 121 26 Ecorching
3194 4470 25 20 at
3229 4475 30 14 no
3277 4475 67 15 mean
3360 4469 75 28 speed.
3466 4469 28 20 So
3504 4469 19 21 it

2980 4514 45 16 was
3036 4507 24 22 to
3071 4506 27 22 be
3109 4513 14 14 a
3142 4511 51 16 race
3213 4504 104 23 between
3335 4504 156 23 them—what
3510 4511 13 16 a

2975 4551 69 23 saucy
3055 4544 61 22 little
3124 4543 68 28 thing
3204 4543 40 22 she
3255 4545 62 19 must
3327 4542 27 23 be
3364 4543 5 22 !

3009 4591 136 28 Something
3157 4591 23 22 in
3191 4591 40 22 the
3239 4591 67 28 shiny
3317 4590 54 23 coils
3383 4590 23 23 of
3414 4590 42 23 her
3472 4591 51 22 hair

2975 4631 79 23 struck
3067 4629 47 23 him
3125 4636 25 14 as
3165 4627 70 29 oddly
3255 4627 108 23 familiar.
3403 4628 23 21 It
3445 4634 46 16 was
3509 4635 14 14 a

2978 4665 167 25 tortoise-shell
3156 4664 73 23 comb.
3260 4664 34 22 Its
3305 4671 86 16 wearer
3410 4663 84 24 turned
3510 4671 11 15 a

2977 4704 84 28 lovely,
3069 4703 113 28 laughing
3192 4701 50 23 face
3253 4701 100 23 towards
3368 4701 55 22 him.

3025 4746 69 26 Well,
3119 4745 57 22 Rosa
3188 4744 4 28 !
3246 4744 40 23 she
3321 4744 49 24 said
3402 4744 106 23 mischiev-

2974 4784 72 27 ously.

3027 4822 75 30 Dora!
3177 4822 125 25 exclaimed
3318 4822 96 30 weakly,
3430 4823 92 29 inanely

2977 4863 119 22 conscious
3105 4861 51 23 that
3167 4860 29 23 he
3213 4859 73 27 ought
3304 4859 24 21 to
3342 4859 28 21 be
3389 4859 132 28 indignant.

2983 4899 20 22 A
3023 4898 51 30 pair
3093 4896 24 23 of
3136 4894 82 27 round,
3229 4894 46 23 soft
3290 4901 62 16 arms
3371 4894 59 23 stole
3449 4894 72 23 round

2976 4935 35 23 his
3022 4934 65 24 neck.

3004 4981 12 9 '•
3027 4976 68 23 We'll
3114 4976 69 21 have*
3193 4974 96 28 awfully
3300 4974 57 28 good
3368 4974 68 21 times
3447 4974 75 27 riding

2978 5014 94 24 tandem
3083 5012 114 30 together,
3292 5019 14 15 a
3316 5011 69 22 sweet
3402 5011 64 22 voice
3478 5018 45 15 was

2980 5052 89 27 saying.
3122 5051 51 20 You
3193 5056 44 18 see,
3248 5049 47 21 I've
3306 5048 58 21 been
3375 5048 76 27 riding
3471 5054 53 15 ever

2976 5089 62 22 since
3048 5094 46 21 you
3109 5086 48 22 said
3169 5086 11 22 I
3189 5084 123 23 shouldn't.
3344 5084 11 26 I
3367 5083 83 23 coaxed
3465 5091 59 22 papa

2976 5125 36 22 for
3023 5125 39 21 the
3074 5123 82 29 safety.
3185 5122 55 22 Kiss
3251 5129 43 17 me.

3004 5160 51 23 And
3066 5160 28 23 he

3001 5282 120 25 According
3131 5282 23 21 to
3164 5288 13 14 a
3185 5280 91 22 London
3283 5279 171 26 contemporary,
3464 5278 62 27 Lady

2978 5316 92 26 Brasaey
3078 5313 102 23 reftirnfd
3189 5314 23 21 to
3222 5313 88 22 London
3320 5313 23 21 in
3353 5312 70 27 April,
3432 5311 44 23 and
3484 5318 44 16 was

2976 5352 23 22 to
3011 5350 81 22 receive
3102 5357 13 14 a
3124 5348 77 28 hearty
3208 5348 100 22 welcome
3317 5347 56 23 from
3391 5346 37 23 her
3438 5346 89 27 friends,

2982 5385 86 26 cycling
3077 5383 43 21 and
3130 5383 122 23 otherwise,
3279 5382 58 22 3>c&3
3354 5381 61 26 Lady
3432 5381 95 26 Brassey

2980 5417 64 22 know
3054 5416 22 21 of
3089 5416 44 20 this
3142 5416 8 20 ?

3233 5442 38 28 V

3003 5494 46 21 One
3069 5492 113 22 American
3200 5490 60 28 cycle
3286 5489 176 28 manufacturing
3481 5490 47 21 firm

2978 5529 86 21 insures
3082 5527 79 26 buyers
3179 5526 22 21 of
3219 5525 57 22 their
3295 5524 109 22 machines
3422 5523 35 22 for
3479 5524 50 22 5000

2979 5563 82 20 dollars
3078 5560 87 26 against
3180 5567 43 18 any
3232 5559 99 20 accident
3342 5558 69 21 which
3421 5558 18 21 is
3450 5558 79 21 caused

2979 5597 28 26 by
3016 5593 74 27 faulty
3100 5592 99 22 material
3208 5600 25 14 or
3243 5591 158 23 construction,

3233 5636 37 30 V

3004 5693 79 24 Eiders
3100 5691 106 27 suffering
3220 5690 54 22 irona
3292 5690 52 27 pain
3365 5690 23 22 in
3405 5690 37 21 the
3464 5690 66 21 knooa

2982 5727 80 22 should
3071 5726 66 22 lower
3146 5725 57 21 iheir
3218 5724 87 21 saddles
3321 5730 13 14 a
3348 5724 56 20 little
3418 5724 43 20 less
3478 5723 54 21 than

2980 5768 28 16 an
3026 5758 58 27 inoh,
3102 5758 42 21 and
3163 5758 41 21 rub
3222 5757 37 22 the
3281 5757 66 20 kness
3370 5757 48 20 well
3440 5756 54 21 with
3516 5762 13 14 a

2980 5793 94 23 mixture
3083 5791 24 23 of
3115 5797 39 17 one
3170 5791 49 26 part
3229 5791 106 21 ammonia
3350 5790 43 22 and
3408 5790 43 21 two
3467 5791 61 26 parts

2982 5828 66 21 sweet
3057 5826 36 21 oil.

3234 5851 38 27 V

3006 5911 17 21 A
3043 5908 102 28 practical
3164 5907 62 26 proof
3236 5909 23 19 of
3267 5908 84 24 cycling
3365 5907 64 25 being
3439 5906 90 25 healthy

2980 5951 17 13 is
3017 5950 12 14 a
3048 5943 69 22 cir<W
3129 5941 75 24 olown,
3215 5939 25 23 94
3257 5946 63 20 years
3338 5939 23 21 of
3370 5946 46 18 agf»,
3431 5938 67 26 living
3507 5940 23 18 at

2980 5978 113 22 Patewon,
3114 5974 57 25 N.J.,
3183 5974 48 21 who
3249 5974 40 21 has
3306 5972 107 21 travelled
3431 5971 29 21 all
3479 5978 49 13 over

2980 6011 36 22 the
3040 6009 65 21 world
3130 6007 49 23 with
3203 6014 12 14 a
3237 6007 90 26 bicycle.
3372 6005 34 21 He
3434 6005 96 22 ascribes

2980 6045 33 20 his
3032 6044 75 21 robust
3123 6040 74 23 health
3207 6042 23 20 to
3239 6040 38 21 the
3286 6039 112 22 continual
3415 6045 38 14 use
3463 6038 21 21 of
3493 6038 37 22 the

2982 6075 74 23 wheel.

3030 6146 66 21 When
3121 6145 129 24 overtaking
3271 6150 43 20 ar.y
3345 6150 96 21 waggon,
3475 6143 54 20 cart.

2980 6181 95 25 carriage
3093 6186 23 14 or
3132 6178 62 21 other
3212 6177 90 21 vehicle,
3317 6183 24 14 or
3359 6183 42 19 any
3423 6175 70 26 horse,
3505 6183 22 13 or

2981 6214 62 20 other
3053 6213 60 21 beast
3122 6213 21 19 ci
3155 6211 90 21 burden,
3256 6218 23 12 or
3296 6216 41 19 any
3349 6209 45 21 foot
3404 6215 125 21 passenger,

2980 6247 48 26 give
3045 6244 85 23 audible
3148 6251 27 14 an
3185 6243 5 20 1
3215 6242 108 22 sufficient
3341 6242 97 24 warning
3456 6241 73 22 before

2980 6279 94 29 passing,
3093 6277 42 22 and
3154 6276 75 22 within
3243 6282 12 14 a
3272 6275 125 21 reasonable

2980 6313 123 25 According
3110 6313 22 19 to
3142 6317 40 14 our
3199 6310 46 26 city
3255 6309 84 21 fathers
3349 6316 31 13 we
3391 6312 58 18 must
3460 6309 56 21 there-

2979 6346 46 21 fore
3045 6345 49 24 ring
3110 6350 39 14 our
3167 6342 55 22 bells
3239 6349 25 14 or
3289 6341 86 21 whistle
3394 6341 78 27 during
3491 6341 37 21 the

2980 6377 69 26 whole
3058 6376 53 25 time
3121 6383 29 16 we
3161 6381 36 19 are
3206 6376 23 22 in
3239 6374 37 25 the
3286 6374 45 28 city
3340 6375 89 26 streets,

3541 405 463 43 Miscellaneous.

3545 472 6 30 ,
3836 470 12 20 ♦

3547 503 4 29 |
3589 505 99 21 America
3698 503 70 23 wants
3778 505 89 26 Sunday
3876 504 60 27 cycle
3946 510 70 16 races.

3531 534 2 14 f

3586 584 46 22 The
3641 585 59 26 oyole
3709 585 20 21 is
3738 585 38 22 the
3784 585 36 21 foe
3830 584 23 22 of
3862 583 56 28 pills
3928 584 43 21 and
3981 583 95 27 potions.

3818 618 13 13 »
3845 618 12 14 *

3831 631 13 13 *

3531 649 2 30 1
3588 652 25 20 Tn
3631 651 87 22 Madrid
3735 651 30 22 all
3790 652 100 27 postmen
3905 657 37 15 are
3966 649 104 22 mounted
4088 656 26 16 09

3531 684 1 27 •
3563 684 80 27 cycles.

3809 712 13 15 #
3838 712 13 15 «

3823 727 13 14 *

3585 745 47 26 The
3649 750 87 23 surfaoe
3753 750 24 22 of
3793 750 38 22 the
3849 750 73 22 Heme
3941 748 47 23 Hill
4005 748 64 23 track
4095 748 19 22 is

3561 791 89 15 convex.

3815 812 12 14 #
3843 811 14 15 #

3585 849 73 22 Heme
3674 849 47 23 Hill
3748 849 64 23 track
3834 849 19 23 is
3876 856 47 15 now
3946 847 92 24 covered
4060 846 52 24 with

3531 877 1 30 1
3561 884 92 23 cement,

3531 910 1 26 1
3817 910 38 26 v

3531 947 1 30 1
3586 949 68 28 Many
3685 949 64 24 naval
3768 950 84 22 officers
3871 956 48 15 now
3940 949 59 28 cycle
4022 955 27 16 on
4076 947 37 24 th«

3562 985 89 25 quarter
3661 984 63 22 deck.

3812 1010 38 27 v

3587 1050 83 22 Italian
3686 1056 83 16 women
3787 1056 36 15 are
3833 1049 47 22 said
3890 1050 22 21 to
3921 1049 26 23 he
3957 1049 38 21 not
4003 1048 111 22 favorablo

3531 1086 1 26 ,
3564 1088 24 20 to
3598 1086 71 26 cycles
3676 1093 24 14 as
3710 1086 41 26 yet.

3531 1105 1 21 1
3821 1113 11 13 «
3846 1113 12 13 «

3531 1133 1 20 [

3587 1152 47 21 The
3651 1152 61 26 King
3721 1151 23 21 of
3753 1150 101 28 Belgium
3864 1151 19 22 is
3892 1158 13 15 a
3923 1150 103 27 frequent
4039 1150 77 23 visitor

3563 1185 24 21 at
3596 1185 60 25 cyole
3665 1191 68 15 races.

3531 1210 1 15 1
3818 1211 13 13 »
3846 1211 14 14 •

3531 1244 2 30 3
3608 1246 89 28 Always
3706 1246 55 22 have
3772 1253 54 21 your
3843 1246 58 28 lamp
3920 1245 84 28 lighted
4020 1246 97 23 botween

3531 1280 2 22 >
3563 1281 77 21 sunset
3649 1281 43 20 and

3531 1307 2 28 3
3824 1307 38 26 V

3531 1345 2 29 ,
3609 1345 89 29 Always
3706 1345 55 29 keep
3771 1352 28 16 on
3809 1345 38 23 the
3857 1345 109 23 left-hand
3980 1345 46 23 side
4041 1345 23 23 of
4078 1345 38 23 the

3531 1379 2 29 I
3561 1379 39 22 the
3609 1380 98 27 carriage

3817 1408 14 15 #
3846 1408 12 15 *

3587 1444 47 21 Mrs
3651 1445 100 26 Langtry
3763 1445 19 21 is
3804 1444 38 22 the
3860 1451 113 21 possessor
3987 1444 23 22 of
4027 1452 14 14 a
4060 1444 55 23 solid

3531 1476 1 29 '
3562 1476 67 22 silver
3638 1477 91 28 bicycle.
3764 1480 6 6 '

3531 1497 1 38 I
3817 1507 14 15 #
3833 1521 13 14 #
3848 1507 13 15 #

3531 1543 1 29 7
3587 1543 46 21 The
3642 1544 84 22 French
3735 1545 75 27 racing
3825 1544 64 22 track
3904 1544 23 22 of
3945 1545 116 22 Bordeaux
4074 1545 40 21 has

3531 1573 1 29 t
3561 1578 55 22 been
3626 1579 47 22 sold
3683 1580 34 22 for
3730 1580 79 22 .£SOOO.

3817 1607 40 29 V

3531 1646 1 30 t
3585 1646 86 27 Special
3680 1647 95 27 bicycles
3790 1654 36 15 are
3840 1648 62 22 made
3917 1648 42 27 for,
3973 1648 44 22 and
4026 1648 83 28 largely

3559 1681 56 21 used
3624 1681 36 26 by,
3669 1681 111 22 deformed
3790 1681 84 28 people.

3817 1714 38 28 v

3585 1747 46 21 The
3638 1747 57 22 rider
3704 1748 49 21 who
3763 1747 142 24 deliberated
3912 1749 112 26 frightens
4027 1755 14 14 a
4048 1749 64 20 horse

3558 1780 80 23 should
3647 1782 27 21 be
3683 1782 98 27 severely
3791 1783 59 21 dealt
3859 1782 60 22 with.

3812 1818 41 29 V

3604 1849 68 21 Don't
3703 1850 25 21 dr
3737 1856 34 20 ve,
3808 1850 47 20 ride
3892 1856 26 15 or
3958 1848 66 28 impel
4055 1855 56 22 your

3531 1884 1 28 1
3557 1884 98 21 machine
3665 1891 58 21 upon
3733 1892 42 20 any
3784 1884 104 28 footpath
3895 1885 23 22 in
3928 1884 37 23 the

3815 1918 37 26 V

3583 1956 69 23 There
3670 1964 36 15 are
3724 1964 58 16 more
3798 1957 52 28 lady
3859 1956 90 29 cyclists
3968 1955 104 30 expected
4087 1956 31 24 in'

3557 1990 87 27 Europe
3653 1991 45 22 this
3707 1997 52 21 year
3768 1991 55 22 than
3832 1997 57 16 ever.

3815 2030 38 27 ***

3582 2069 45 20 The
3648 2069 96 27 wearing
3765 2069 24 21 of
3810 2069 59 26 tight
3892 2070 83 21 corsets
3987 2069 61 22 when
4059 2073 47 22 oyt*

3558 2100 45 30 ling
3620 2102 19 22 is
3658 2102 80 29 simply
3752 2102 102 28 courting
3864 2102 72 24 death.

3813 2137 37 26 V

3589 2170 85 22 Ladies'
3697 2170 62 23 clubs
3781 2177 36 17 are
3846 2171 64 28 being
3931 2170 84 24 formed
4036 2171 23 23 in
4079 2170 30 24 all

3558 2204 107 27 principal
3675 2205 62 22 cities
3746 2205 22 23 in
3778 2206 114 26 Germany.

3807 2251 42 28 V

3589 2300 115 28 European
3721 2300 137 22 universities
3876 2300 54 23 have
3954 2301 69 22 added
4048 2299 61 29 cycle

3559 2334 82 23 stables
3651 2336 22 20 to
3683 2334 57 23 their
3754 2334 189 24 accommodation.

3812 2374 38 26 V

3584 2415 71 21 When
3664 2415 87 26 touring
3761 2415 40 26 far,
3812 2415 18 22 it
3844 2415 18 21 is
3872 2415 47 22 well
3929 2416 23 21 to
3962 2422 62 21 carry
4039 2422 14 15 a
4066 2415 43 21 few

3561 2448 64 22 chain
3636 2448 57 23 links
3700 2448 69 23 which
3778 2448 45 22 will
3831 2448 26 22 fit
3867 2455 54 21 your
3930 2448 72 23 chain.

3816 2482 37 27 V

3604 2528 67 23 Don't
3678 2529 45 22 ride
3731 2528 70 23 faster
3810 2528 52 22 than
3878 2535 43 20 you
3931 2528 96 28 possibly
4036 2535 40 16 can
4085 2528 24 23 in

3562 2561 37 23 the
3609 2563 80 21 streets
3698 2569 23 15 or
3731 2569 50 15 over

3810 2601 14 14 #
3839 2601 14 15 *

3825 2614 13 15 #

3591 2643 125 28 Champion,
3732 2643 38 22 the
3779 2643 83 22 French
3872 2644 71 25 crack,
3954 2643 44 22 will
4012 2643 97 28 possibly

3561 2678 57 19 meet
3627 2677 78 26 Huret,
3716 2676 37 22 the
3763 2676 87 22 world's
3867 2677 51 26 long
3926 2677 98 21 distance
4038 2678 56 19 cham-

3557 2712 56 27 pion.

3810 2740 42 28 V

3585 2783 52 22 Two
3656 2783 49 27 lady
3716 2784 104 21 members
3831 2783 22 21 of
3870 2783 72 22 Baron
3959 2782 155 23 Rothschild's'

3561 2817 75 26 family
3655 2817 54 21 have
3727 2824 46 15 won
3792 2817 83 21 several
3893 2817 71 27 prizes
3982 2817 33 21 for
4032 2817 79 28 expert

3557 2850 87 28 cycling
3653 2851 21 21 in
3685 2851 90 21 Vienna.

3812 2893 39 25 V

3587 2926 82 22 Brakes
3686 2925 70 22 which
3775 2926 48 26 grip
3837 2926 37 21 the
3889 2926 48 26 tyre
3955 2932 27 15 on
3999 2925 37 22 the
4050 2925 65 22 sides',

3559 2959 79 22 should
3649 2961 38 20 not
3703 2960 25 21 be
3745 2960 60 25 used,
3818 2967 25 14 as
3861 2959 50 22 that
3923 2959 19 22 is
3957 2959 37 21 the
4012 2959 102 23 weakest'

3559 2994 50 25 part
3618 2993 23 21 of
3650 2993 37 21 the
3696 2994 56 26 tyre.

3813 3020 38 28 V

3582 3060 47 22 The
3651 3061 82 22 French
3756 3060 101 28 Cyclists'
3879 3061 97 26 Touring
3994 3060 56 23 Club
4069 3067 43 16 ore'

3558 3094 96 24 erecting
3672 3095 75 25 strong
3761 3094 43 20 and
3820 3094 116 26 capacious
3954 3093 51 21 wire
4019 3094 49 21 nets
4083 3094 24 20 at

3559 3126 132 27 precipitous
3701 3126 72 27 places
3783 3133 27 14 on
3820 3126 37 22 the
3866 3127 63 21 roads
3939 3126 65 23 icthe
4019 3126 87 22 I?ivier»

3558 3161 22 21 to
3591 3160 62 22 catch
3664 3160 69 23 riders
3744 3160 48 22 that
3801 3160 38 22 fall
3850 3167 50 16 over
3910 3160 37 22 the
3956 3160 64 22 cliffs.

3805 3189 38 27 V

3582 3235 24 21 In
3617 3241 12 14 a
3639 3241 48 15 race
3697 3234 95 23 between
3803 3234 88 26 cyclists
3900 3234 44 23 and
3959 3234 85 26 skajtsrs
4053 3240 52 17 over

3554 3275 12 13 a
3575 3268 50 21 mile
3634 3274 83 20 courßP,
3727 3268 38 21 the
3773 3268 79 22 former
3861 3275 48 15 won
3919 3269 28 26 by
3956 3269 73 26 40yds,

3807 3313 41 28 ***

3604 3356 67 23 When
3690 3356 130 26 overtaking
3837 3356 101 28 anybody
3955 3363 24 14 or
3997 3356 106 28 anything

3555 3396 50 18 pass
3615 3396 27 15 on
3651 3389 38 21 the
3699 3390 60 26 right
3768 3390 56 21 hand
3834 3390 47 20 side
3890 3390 22 20 of
3923 3390 50 25 him,
3983 3389 70 28 her,or

3810 3435 37 25 V

3585 3475 21 22 If
3615 3483 41 19 you
3669 3476 41 21 feel
3721 3475 122 27 depressed,
3862 3476 47 26 just
3927 3476 46 21 ride
3991 3482 13 15 a
4022 3476 82 28 bicycle

3558 3507 34 21 for
3601 3515 28 14 an
3639 3509 60 25 hour,
3709 3509 43 20 and
3762 3515 42 19 yon
3820 3507 44 23 will
3874 3511 38 19 not
3926 3510 75 20 return
4010 3509 61 21 home
4080 3509 24 21 in

3553 3541 37 22 the
3600 3547 57 16 tsanie
3668 3541 117 22 condition.

3806 3570 43 28 *»*

3577 3607 29 22 At
3616 3614 13 14 a
3638 3607 112 27 jeweller's
3760 3608 76 21 dinner
3851 3608 22 21 in
3884 3609 53 21 New
3947 3608 59 21 York
4017 3615 12 14 a
4044 3608 58 28 toast

3558 3647 41 14 was
3615 3642 23 20 to
3679 3641 38 21 the
3733 3642 75 20 return
3825 3641 24 21 of
3865 3641 123 28 prosperity
4005 3641 41 22 and
4064 3641 38 22 the

3558 3673 113 22 confusion
3681 3673 23 22 of
3713 3673 37 22 tho
3759 3674 82 28 bicycle

3813 3714 12 14 #
3839 3714 13 13 ft

3827 3728 12 13 »

3579 3755 34 19 No
3627 3760 82 14 woman
3728 3760 39 14 can
3785 3753 87 21 become
3888 3760 13 13 a
3918 3753 93 21 member
4025 3753 23 21 of
4064 3753 39 21 the

3552 3786 98 27 Touring
3671 3786 54 22 Club
3743 3786 22 22 of
3784 3786 82 22 Franoe
3883 3785 92 23 without
3997 3793 13 14 a
4027 3785 77 29 signed

3556 3820 131 22 declaration
3697 3820 22 21 of
3728 3820 37 21 her
3775 3819 112 23 husbands
3897 3820 135 27 permission.

3817 3855 42 30 ***

3585 3895 46 21 The
3640 3895 52 21 New
3702 3894 59 21 York
3772 3892 98 23 Athletic
3879 3892 56 23 Club
3944 3893 40 22 has
3999 3892 105 28 arranged

3557 3934 12 14 a
3579 3927 66 22 Beries
3654 3927 22 22 of
3685 3933 66 22 paper
3761 3926 90 28 chasing
3860 3926 127 23 excursions
3996 3934 28 15 on
4032 3926 74 29 cycles

3556 3963 23 21 to
3588 3962 51 22 take
3650 3962 59 27 place
3719 3962 78 26 during
3806 3961 37 21 the
3853 3967 84 16 season.

3806 3995 42 28 ***

3579 4032 20 22 A
3615 4032 36 27 big
3665 4032 119 22 Baltimore
3793 4030 108 29 jewellery
3917 4031 46 23 firm
3980 4031 69 23 whioh
4063 4031 41 23 has

3556 4066 97 26 recently
3660 4066 73 25 failed,
3743 4066 119 21 attributes
3877 4066 30 20 its
3925 4064 79 21 failure
4020 4066 24 19 to
4060 4064 44 22 had

3558 4099 100 21 business
3667 4099 22 21 in
3700 4103 147 22 consequence
3856 4097 23 21 of
3887 4097 38 21 the
3935 4097 58 27 oyole
4003 4097 69 21 boom.

3817 4137 12 14 ft
3842 4136 12 15 ft

3580 4180 20 21 A
3625 4179 59 27 cycle
3702 4179 97 26 carriage
3821 4177 23 22 in
3862 4177 69 21 which
3947 4177 96 21 children
4060 4176 44 22 and

3559 4212 94 23 invalids
3662 4220 49 20 may
3720 4213 26 21 be
3762 4210 95 23 wheeled
3872 4211 73 25 about,
3956 4211 38 21 has
4009 4210 54 22 been
4071 4209 22 23 in-

3555 4247 79 22 vented
3644 4247 22 21 in
3676 4246 107 22 America.

3808 4274 42 29 V

3579 4320 25 20 In
3615 4320 108 24 Germany
3731 4317 37 21 the
3778 4317 44 26 city
3830 4316 96 21 councils
3936 4315 110 27 generally
4061 4315 44 22 add

3556 4352 21 20 to
3587 4351 70 28 priaes
3666 4351 33 21 for
3709 4349 106 28 specially
3824 4349 120 28 important
3952 4349 59 27 cyole
4021 4348 82 22 events.

3810 4390 42 28 V

3578 4433 20 23 A
3606 4441 56 20 man,
3672 4433 96 23 whether
3778 4431 79 29 cyclist
3873 4438 24 16 or
3907 4431 121 27 otherwise,
4038 4436 64 16 nrrer

3554 4470 71 19 wants
3634 4470 23 19 to
3667 4468 63 24 know
3740 4468 47 19 how
3798 4466 70 21 clever
3877 4473 43 19 you
3929 4472 36 15 are
3973 4474 6 16 ;
3998 4466 26 20 he
4034 4465 69 21 wants

3554 4504 23 21 to
3585 4503 60 21 show
3654 4509 43 21 you
3707 4503 47 20 how
3763 4500 71 23 clever
3841 4501 28 21 he
3878 4501 26 21 is.

3807 4542 42 28 V

3584 4586 26 21 In
3641 4586 61 21 Paris
3731 4584 75 23 ladies'
3837 4584 102 22 knickers
3970 4582 46 23 still
4044 4581 65 28 reign

3558 4626 107 21 supreme,
3675 4619 40 22 but
3724 4619 62 21 there
3801 4618 19 22 is
3834 4625 13 14 a
3864 4618 108 27 tendency
3987 4618 24 22 to
4028 4616 79 22 redact

3558 4653 38 22 the
3607 4653 137 22 voluminous
3754 4651 58 22 folds
3822 4652 23 21 at
3855 4651 36 21 the
3902 4651 61 22 knee.

3809 4685 13 15 #
3838 4685 14 15 *

3824 4699 13 14 »

3579 4730 42 21 For
3648 4736 78 21 pacing
3752 4728 38 22 the
3808 4727 100 22 classical
3926 4727 54 22 road
4001 4733 61 16 races
4083 4725 23 25 in

3558 4764 90 23 France,
3658 4764 37 19 the
3705 4769 38 14 use
3753 4762 22 20 of
3784 4762 102 20 autocars
3896 4761 43 21 and
3947 4761 71 21 motor
4034 4758 60 25 multi-

3554 4795 72 28 cycles
3636 4795 39 21 has
3684 4794 53 22 been
3752 4793 124 28 permitted.

3807 4833 42 31 V

3601 4884 70 22 When
3686 4883 96 25 meeting
3791 4889 24 14 or
3832 4882 131 26 overtaking
3980 4888 42 21 any
4040 4883 64 20 boras

3553 4925 24 16 or
3599 4917 62 23 other
3683 4917 62 21 beast
3767 4915 23 23 of
3812 4916 82 22 burden
3918 4915 69 22 which
4005 4915 98 22 becomes

3554 4952 89 25 restive,,
3664 4950 112 21 dismount
3796 4950 43 21 and
3857 4949 57 20 walk
3932 4948 59 21 until
4006 4955 43 19 yon
4068 4955 37 16 are

3554 4984 72 23 safe.'*

3811 5009 38 28 V

3581 5048 20 20 A
3609 5048 55 20 New
3671 5047 78 24 Jersey
3758 5044 67 27 youth
3836 5044 38 20 lies
3879 5044 23 24 in
3910 5043 37 20 tbs
3956 5042 151 26 Philadelphia

3561 5080 102 27 Hospital
3672 5079 34 22 for
3712 5078 38 23 the
3759 5078 85 24 Insane,
3850 5075 43 23 and
3902 5075 37 22 th~
3948 5075 86 21 doctors
4044 5075 53 23 attri-

3558 5114 52 21 bute
3624 5113 33 21 his
3673 5112 111 22 condition
3799 5109 91 27 directly
3904 5109 23 20 to
3943 5108 109 21 excessive
4061 5108 45 23 and

3556 5146 45 22 fast
3610 5146 80 26 riding.

3808 5171 37 27 V

3584 5214 48 23 The
3640 5214 97 26 grounds
3747 5212 23 22 of
3787 5211 150 27 Buckingham
3954 5211 78 22 Palace
4050 5210 56 22 form

3559 5256 26 14 an
3596 5247 107 22 excellent
3717 5247 75 26 racing
3808 5246 70 25 track,
3893 5245 42 22 and
3955 5245 36 21 the
4012 5244 94 27 Queen's

3559 5280 68 27 grand
3636 5280 97 21 children
3743 5280 42 21 and
3794 5281 59 25 great
3865 5278 169 27 grandchildren
4045 5277 62 22 make

3531 5313 1 28 1
3559 5314 59 27 daily
3630 5320 39 16 use
3679 5313 23 23 of
3710 5313 26 23 it.

3816 5341 13 18 t
3844 5341 14 18 •

3584 5390 87 25 During
3692 5396 13 13 a
3727 5387 133 26 twenty-five
3882 5386 112 21 kilometre
4017 5392 50 15 race
4085 5386 24 21 at

3561 5423 66 21 Rome
3638 5429 12 14 a
3667 5421 90 23 terrible
3773 5420 49 21 rain
3840 5420 66 20 storm
3924 5419 65 21 drove
4008 5418 102 22 andience

3561 5457 42 21 and
3612 5456 142 26 competitors
3774 5453 69 22 under
3860 5452 81 23 shelter
3959 5452 43 22 and
4019 5452 90 27 stopped

3531 5490 1 22 i
3561 5490 38 22 the
3608 5496 56 16 race.

3531 5516 1 28 1
3820 5516 38 27 V

3531 5553 1 26 I
3587 5559 19 20 A
3625 5557 68 21 rtriko
3711 5563 44 15 was
3774 5555 136 22 commenced
3919 5555 23 21 in
3957 5555 37 21 the
4013 5553 99 22 Scottish

3562 5590 178 26 manufacturing
3758 5588 45 26 Co.,
3822 5589 106 27 Glasgow,
3946 5588 93 22 becanse
4057 5586 55 28 girls

3563 5632 54 15 were
3627 5625 97 26 engaged
3733 5623 33 22 for
3776 5623 65 26 doing
3850 5623 85 21 certain
3952 5621 60 22 work
4031 5628 26 15 on
4075 5621 39 22 ths

3563 5660 79 20 frames
3653 5657 77 26 which,
3739 5656 74 23 before
3831 5657 56 25 that,
3902 5656 42 21 had
3954 5655 52 22 been
4017 5654 55 23 done
4082 5654 30 28 by

3531 5696 1 19 1
3563 5700 56 15 men.

3824 5717 36 27 V

3589 5759 33 22 An
3639 5759 54 21 East
3711 5757 49 23 End
3779 5757 89 21 London
3890 5755 92 28 Cycling
4000 5755 56 23 Club
4074 5755 39 22 has

3531 5788 1 28 1
3563 5793 53 21 been
3647 5792 83 21 formed
3760 5792 24 20 to
3815 5789 97 22 couibine
3944 5789 86 27 cycling
4061 5788 53 23 with

3564 5825 97 22 unionist
3679 5823 110 23 doctrines
3807 5824 42 21 and
3868 5824 24 21 to
3910 5823 48 26 help
3970 5823 36 21 the
4017 5823 64 26 party
4090 5822 24 22 at

3564 5859 63 21 times
3637 5859 23 20 of
3667 5856 99 27 political
3776 5856 100 26 activity.

3822 5884 38 25 V

3589 5936 22 21 In
3624 5936 55 21 hour
3689 5935 86 21 records
3785 5933 100 27 England
3897 5934 17 21 is
3926 5934 47 21 first
3983 5933 22 22 of
4014 5933 29 21 all
4053 5933 62 23 other

3566 5971 116 24 countries,
3693 5971 51 21 Tom
3756 5970 98 21 Linton's
3870 5977 39 13 run
3929 5970 63 25 being
4010 5968 23 22 31
4052 5968 63 22 mile*

3531 6005 1 27 !
3565 6006 37 21 552
3611 6005 72 27 yards.

3814 6032 10 12 #
3839 6032 11 13 #

3828 6046 10 9 *

3591 6070 81 21 France
3681 6070 18 21 is
3709 6069 78 22 second
3798 6076 26 13 od
3834 6069 38 21 the
3883 6068 43 23 list.
3963 6070 79 21 Linton
4052 6070 62 22 holds

3564 6103 53 23 tbii=.
3640 6105 43 21 too,
3706 6102 53 21 •with
3777 6102 25 22 30
3820 6102 59 21 mile*
3900 6103 34 20 197
3952 6102 65 26 yards
4035 6103 22 21 to
4079 6103 35 22 his

3561 6137 75 22 credit.

3819 6164 11 12 t
3845 6164 10 13 •

3832 6178 11 11 *

3587 6205 45 22 The
3649 6205 51 21 next
3722 6206 93 24 country
3834 6206 17 19 is
3876 6202 115 26 Denmark,
4012 6202 53 23 with
4088 6202 26 23 28

3531 6235 1 31 1
3563 6239 62 21 miles
3634 6237 50 22 1500
3691 6237 75 27 yards,
3784 6237 68 21 which
3872 6243 43 15 was
3933 6235 134 23 established
4075 6235 4 31 t
4085 6235 31 27 by

3531 6271 1 23 '
3560 6272 26 21 A.
3598 6272 26 22 A.
3635 6271 77 22 Chase.

3814 6298 41 29 •.*

3531 6338 1 26 1
3585 6341 46 21 The
3641 6341 51 21 next
3707 6340 63 21 three
3780 6340 148 21 hour-records
3938 6346 37 14 are
3984 6338 51 23 held
4045 6339 29 25 by
4088 6338 20 24 J\

3561 6375 93 23 Michael
3664 6374 23 24 in
3696 6373 63 25 throe
3768 6374 102 24 different
3879 6373 118 24 eoustriea.
4045 6371 16 24 C
4074 6369 13 25 8

4087 6410 13 10 V

1683 73 147 59 THE
1889 68 259 64 MOUNT
2199 67 294 65 JBNGEU
2552 76 198 56 .MAIL.
