4231 6487
87 164 147 154 The
283 164 440 154 CHEVALIER
772 164 98 154 DE
919 164 293 154 MAISON

87 318 1125 154 ROUGE.

194 773 144 25 CHAPTER
352 766 212 39 Tfl.—Coxxnvxß.

74 850 108 28 clasping
201 853 42 21 her
261 854 73 21 hands
355 855 25 21 in
400 860 31 15 an
451 852 105 23 attitude
601 851 24 21 of

75 885 92 21 prayer,
330 884 24 21 in
366 884 38 20 the
418 889 64 16 uame
497 882 22 22 oi
529 883 94 22 heaven,

75 908 59 21 tare
152 911 52 25 pity
221 917 29 16 on
268 917 25 15 us
311 911 88 22 both."'

295 940 52 22 said
361 941 117 24 Santerre;
583 938 40 21 the

73 971 87 21 names,
176 973 69 15 avow
260 969 38 21 the
317 969 88 26 project
421 969 23 21 of
460 974 59 20 your
533 973 75 15 accom-

75 994 77 26 plices;
172 997 95 25 explain
287 998 65 21 what
374 999 56 24 they
467 995 87 23 wished
596 995 27 20 to

73 1023 114 23 intimate
204 1027 30 24 by
249 1027 40 21 the
307 1027 67 22 knots
393 1025 65 23 made
476 1027 22 20 in
514 1027 40 20 the
571 1029 39 22 poc-

73 1052 217 25 ket-handkerchief
325 1056 102 26 brought
470 1056 59 20 with
564 1058 59 22 your

73 1080 63 24 linen
150 1083 31 25 by
194 1084 87 21 Tison's
296 1084 124 27 daughter,
435 1084 45 22 and
493 1086 39 19 the
545 1088 62 16 mean-

73 1110 42 25 ing
134 1112 24 20 of
176 1112 66 21 those
262 1114 48 20 tied
331 1115 22 20 in
387 1115 40 19 the
461 1110 162 24 handkerchief

73 1138 70 22 found
161 1140 23 22 in
199 1147 61 19 your
276 1142 90 26 pocket,
385 1141 45 22 and
445 1148 30 14 ou
490 1141 64 21 these
569 1145 53 14 con-

180 1169 10 22 I
210 1170 48 22 will
279 1171 67 21 leave'
362 1177 46 20 you
425 1177 60 20 your

99 1198 16 20 A
131 1198 54 22 look
201 1199 58 22 from
277 1200 64 21 Mine.
360 1201 120 21 Elizabeth
494 1197 88 23 seemed
597 1199 26 19 to

75 1226 97 25 implore
194 1229 39 19 the
253 1234 71 20 queen
345 1231 26 19 to
392 1229 87 20 submit
514 1230 27 18 to
576 1227 48 20 this

75 1253 105 24 dreadful
198 1258 114 21 sacrifice.
326 1253 3 26 •

100 1284 68 23 Then,
187 1287 90 25 quietly
296 1287 109 25 brushing
425 1288 57 20 from
502 1287 39 20 her
559 1290 40 21 eye
609 1289 16 15 a

75 1314 57 20 tear
148 1315 75 21 which
239 1315 107 26 sparkled
366 1317 45 20 like
430 1322 19 14 a
463 1314 107 22 diamond
581 1314 4 27 :

211 1350 38 19 my
343 1345 63 21 cried
422 1345 46 21 she.
578 1342 34 21 for-

77 1371 40 26 get
130 1377 59 20 your
200 1372 79 23 father
292 1375 51 20 who
357 1375 19 22 is
388 1374 23 23 in
423 1375 94 22 heaven,
531 1378 26 16 or
566 1376 58 22 your

75 1401 93 21 mother
180 1403 51 20 who
244 1403 47 21 will
305 1409 58 15 soon
376 1403 47 25 join
435 1408 47 20 you
493 1403 73 20 there,
580 1399 45 22 and

75 1434 71 16 never
160 1431 59 20 omit
235 1432 26 19 to
279 1434 81 24 repeat
376 1432 106 24 morning
498 1430 44 21 and
557 1434 53 15 even-

75 1457 42 25 ing
131 1458 38 21 the
183 1465 86 19 prayer
283 1461 10 19 I
307 1461 57 20 have
379 1461 86 24 taught
479 1465 52 20 you.
546 1457 77 24 Adieu,

75 1491 39 19 my
578 1487 4 25 ,

98 1514 43 23 She
160 1522 60 20 gave
238 1517 45 23 him
305 1524 11 14 a
338 1517 48 22 last
405 1517 53 23 kiss;
478 1517 54 22 then
551 1515 72 25 rising

61 1544 4 24 .
73 1544 63 22 calm
154 1545 45 22 and
216 1547 117 21 inflexible
344 1544 4 24 :

142 1573 66 22 know
226 1576 104 25 nothing,
510 1573 51 22 said
576 1573 47 23 she;

138 1608 26 14 as
181 1609 46 19 you

98 1630 47 21 Bnt
157 1632 39 20 the
210 1638 70 20 queen
296 1633 60 22 must
371 1634 57 20 have
444 1630 104 28 required
561 1634 63 17 more

73 1659 60 21 than
150 1661 38 20 the
205 1662 65 20 usual
288 1663 96 19 amount
401 1663 23 19 of
441 1660 114 22 fortitude
569 1665 41 15 con-

71 1688 84 21 tained
176 1689 23 21 in
221 1691 39 19 the
281 1691 67 20 heart
370 1690 24 21 of
414 1696 14 14 a
449 1695 98 17 woman,
569 1686 54 24 and,

73 1715 75 22 above
168 1717 41 23 all.
230 1717 23 21 of
274 1724 15 15 a
309 1719 99 21 mother.
443 1717 43 22 She
505 1717 38 21 fell
562 1714 63 22 back

74 1743 105 27 fainting
193 1752 60 21 upon
265 1753 16 15 a
294 1748 73 23 chair,
383 1747 67 23 while
463 1748 56 24 they
532 1742 93 24 carried

75 1779 70 20 away
164 1776 38 20 th»
220 1776 69 24 child,
309 1778 59 21 who,
387 1777 59 19 with
464 1776 47 20 fast
513 1777 9 12 L
525 1773 98 24 flowing

73 1802 74 23 teprs,
162 1803 51 20 held
227 1805 41 19 out
285 1805 33 20 his
334 1810 68 19 arms,
417 1804 41 19 but
474 1801 92 22 uttered
580 1801 43 21 not

73 1835 13 14 a
103 1830 74 26 single
194 1831 62 21 word
271 1838 27 15 or
311 1839 49 17 cry.

97 1858 46 21 The
160 1858 58 22 door
232 1860 76 21 closed
328 1860 80 22 behind
426 1861 40 20 the
483 1856 139 27 municipals

73 1886 51 21 who
134 1887 91 22 carried
237 1894 69 20 away
319 1889 40 20 the
371 1888 68 22 child,
451 1887 44 22 and
507 1888 38 21 the
555 1886 66 21 three

73 1920 87 16 women
178 1916 115 26 remained
308 1917 75 21 alone.
409 1917 70 20 There
497 1921 48 14 was
561 1914 36 21 for
606 1919 16 14 a

72 1945 101 20 moment
193 1945 38 21 the
250 1945 56 26 deep
324 1947 83 20 silence
427 1945 22 20 of
467 1943 101 26 despair,
586 1943 23 20 in-

72 1973 121 26 terrupted
214 1974 54 24 only
289 1974 30 26 by
341 1973 131 21 occasional
495 1972 59 21 sobs.

96 2001 46 21 The
159 2008 71 19 queen
247 2002 53 21 first
319 2003 68 20 broke
405 2003 91 20 silence.

324 2030 52 23 said
395 2032 47 24 she,
575 2027 34 23 let-

141 2087 84 23 burned
244 2089 27 25 it,
291 2095 26 15 as
335 2095 46 20 you
399 2087 89 23 desired
505 2093 42 19 me,
582 2090 39 17 ma

239 2145 96 25 reading
357 2146 18 19 it
387 2144 33 20 ?'"

235 2173 99 25 reading

205 2203 62 24 then,
282 2204 26 20 to
324 2204 39 21 the
380 2203 47 21 last
443 2208 43 20 ray
501 2201 23 21 of
540 2201 80 25 hope—

72 2229 76 24 divine
261 2231 129 22 murmured
408 2230 65 23 Mme.
492 2229 128 23 Elizabeth.

179 2266 40 15 are
239 2261 71 25 right,
331 2267 37 19 my
387 2261 78 24 sister,
500 2265 46 19 you
580 2263 41 14 are

72 2288 71 21 ritrht:
163 2288 20 22 it
203 2290 18 20 is
242 2290 85 20 almost
348 2288 87 26 beyond

73 2317 68 23 Then,
154 2319 95 22 turning
263 2317 92 21 toward
370 2319 39 20 her
422 2318 123 24 daughter.

70 2350 56 20 you.
147 2347 27 19 at
194 2346 71 26 least,
303 2352 49 16 saw
388 2347 40 21 the
450 2344 170 26 handwriting,

179 2407 38 19 Tna
236 2410 68 17 mere,
324 2404 36 22 for
378 2411 13 14 a

86 2433 55 20 •The
160 2439 72 20 queen
252 2440 56 16 rose,
330 2434 62 20 went
413 2435 26 18 to
458 2434 40 19 the
517 2431 58 21 door
593 2431 27 20 to

70 2461 68 20 make
157 2467 52 16 sure
229 2462 38 21 she
289 2467 48 15 was
359 2463 41 20 not
420 2460 117 22 observed,
557 2460 63 21 then,

72 2488 106 25 drawing
194 2497 12 14 a
222 2491 38 25 pin
275 2491 58 21 from
348 2492 39 19 her
401 2491 59 21 hair,
474 2486 147 30 approached

71 2519 40 20 the
127 2520 64 22 wall,
207 2519 44 21 and
268 2519 58 21 from
343 2526 13 14 a
372 2520 69 20 chink
455 2519 62 19 drew
533 2519 42 19 out
606 2522 16 14 a

71 2547 69 21 small
162 2553 72 20 paper
253 2547 74 21 folded
350 2549 45 20 like
416 2554 15 14 a
452 2547 79 23 letter,
568 2544 52 25 and,

71 2576 105 25 showing
196 2577 20 20 it
235 2577 26 20 to
281 2577 65 21 Mme.
367 2576 87 25 Royale
465 2576 4 25 :

217 2611 59 20 your
310 2606 113 23 thoughts
461 2604 76 21 before
576 2607 44 20 you

72 2633 73 25 reply,
158 2640 37 18 my
303 2633 52 23 said
368 2635 46 21 she;
503 2634 39 20 the
553 2632 53 20 writ-

71 2662 40 21 ins
129 2662 39 21 the
185 2668 63 15 same
267 2668 26 15 as
312 2664 47 20 this

181 2697 48 20 yes.
249 2697 36 15 ma
414 2689 63 23 cried
497 2691 39 20 the
557 2688 50 27 prin-

69 2724 57 16 cess:
188 2721 117 23 recognize

169 2750 27 21 be
208 2749 99 26 praised,
319 2749 55 23 then
493 2749 38 20 the
541 2752 79 21 queen,

71 2777 84 24 falling
172 2778 57 20 with
244 2778 77 20 fervor
337 2784 29 14 on
382 2778 40 20 her
436 2778 74 20 knees.
593 2776 27 18 he

70 2805 67 20 cotdd
152 2806 67 20 write
231 2806 61 21 since
307 2806 47 20 this
368 2806 113 23 morning,
495 2806 26 18 he
534 2805 18 19 is
562 2803 57 19 safe.

72 2834 97 23 Thanks,
186 2840 51 15 mon
253 2835 62 21 Dien.
332 2834 100 21 thanks!
464 2834 29 20 So
508 2832 67 21 noble
605 2836 15 15 a

71 2862 72 22 friend
160 2862 103 22 deserves
279 2864 48 24 Thy
343 2863 140 22 miraculous
500 2865 105 23 preserva-

158 2922 72 20 whom
252 2921 29 20 do
302 2927 45 18 you
366 2921 79 26 speak,
465 2926 36 14 ma
522 2925 60 15 mere

70 2947 126 23 demanded
218 2950 64 21 Mme.
303 2949 94 26 Royale.
533 2949 19 20 is
570 2947 49 21 this

70 2978 75 22 friend
154 2979 10 20 ?
204 2980 49 20 Tell
270 2985 35 15 me
323 2980 34 20 his
374 2985 74 16 name,
464 2979 57 20 that
537 2978 9 20 I
564 2982 55 19 may

71 3007 142 21 recommend
231 3009 44 20 him
293 3010 27 18 to
338 3008 48 20 God
404 3008 22 20 in
444 3013 37 19 my

180 3042 40 15 are
241 3036 72 24 right,
335 3042 38 18 my
394 3034 69 23 child:
484 3040 68 16 never
572 3033 33 21 for-

69 3066 42 24 get
126 3065 29 21 it.
184 3065 53 21 This
253 3071 73 16 nunc,
343 3065 36 21 for
392 3065 19 21 it
426 3065 18 21 is
595 3061 23 21 of

69 3099 13 15 a
104 3093 133 26 gentleman
258 3095 86 24 replete
380 3094 59 20 with
460 3094 72 20 honor
573 3090 49 25 and;

67 3127 109 17 courajre.
195 3128 42 15 one
254 3124 42 22 not.
314 3122 99 20 devoted
430 3123 27 19 to
475 3128 24 13 us
516 3120 104 21 throueh

67 3150 123 23 ambition,
209 3151 37 20 for
262 3151 25 20 he
307 3151 40 19 has
366 3150 54 24 only
438 3148 105 22 revealed
561 3148 43 20 him-

66 3179 44 20 self
124 3179 19 22 pi
148 3185 37 15 nee
199 3186 43 14 our
258 3179 154 20 misfortunes.
446 3178 33 21 He
493 3179 41 19 has
549 3182 68 16 never

65 3213 53 15 seen
133 3209 40 19 the
188 3208 73 19 Oueen
279 3208 23 19 of
317 3208 96 20 France,
428 3213 33 14 or.
478 3207 88 19 rather,
576 3206 40 19 the

66 3234 74 25 Queen
156 3235 23 21 of
194 3236 87 21 France
297 3236 41 20 has
354 3241 68 15 never
435 3241 52 14 seen
501 3234 54 21 him.
571 3231 45 22 and

64 3264 28 21 he
108 3270 63 15 rows
185 3265 35 21 his
235 3264 40 22 life
290 3266 27 19 to
331 3265 42 20 her
385 3264 98 21 defence.
514 3262 101 24 Perhaps

64 3293 27 21 he
112 3293 48 21 will
183 3293 25 21 be
231 3292 157 26 recompensed
409 3298 26 14 as
456 3292 31 20 all
509 3292 76 21 virtue
596 3290 19 20 is

65 3321 166 22 recompensed,
251 3321 30 25 by
298 3327 12 13 a
333 3321 103 20 dreadful
456 3320 79 20 death.
568 3318 46 21 But

63 3349 19 22 if
98 3350 27 20 he
137 3349 105 22 dies-Oh
291 3350 9 20 T
315 3349 59 22 shall
388 3349 52 21 still
455 3348 66 22 think
536 3347 22 20 of
568 3347 45 21 him

63 3379 24 23 in
108 3380 138 21 heaven.-he
267 3379 19 21 is

88 3408 46 21 The
148 3415 72 18 queen
233 3407 81 22 looked
331 3407 104 25 uneasily
450 3405 95 22 around,
559 3406 56 20 then

63 3436 115 25 lowering
195 3437 41 20 her
252 3436 64 21 voice
327 3436 4 25 :

157 3466 19 20 is
193 3464 75 21 called
287 3466 40 19 the
345 3464 120 20 Chevalier
482 3462 26 20 de
526 3462 92 20 Maison

66 3493 86 25 Rouge.
184 3492 63 26 Pray
263 3492 37 20 for

242 3553 132 22 CHAPTER
390 3553 48 21 VII.

134 3595 53 18 THE
201 3595 67 18 OATH
286 3594 31 18 OF
334 3594 51 18 THE
401 3593 142 18 GAMESTER.

89 3629 45 21 The
156 3627 133 28 attempted
310 3627 133 23 abduction,
464 3633 26 14 so
512 3626 91 21 contest-

65 3657 54 21 able
138 3664 47 14 was
204 3659 27 22 it,
252 3657 95 20 because
366 3657 19 19 it
404 3655 44 21 had
465 3655 44 21 had
529 3662 26 14 no
572 3660 44 16 ona

65 3689 28 18 to
104 3692 108 15 commein
229 3683 3 24 •
245 3690 37 16 tue
296 3690 122 16 extfUTiou
430 3686 22 18 ol
465 3685 28 22 it,
506 3683 44 21 and
578 3689 25 14 ex-

65 3714 64 22 cited
144 3716 39 20 the
199 3720 73 15 autrer
287 3714 22 20 of
325 3720 47 13 horn
376 3719 10 8 11
401 3713 45 21 and
461 3713 39 21 the
517 3713 98 20 interest

65 3744 24 21 of
106 3744 86 21 others.
233 3744 61 20 That
313 3743 72 20 which
404 3742 101 21 likewise
521 3741 79 20 corrob-

65 3774 85 20 orated
167 3774 48 19 ahis
232 3778 55 14 evcu
306 3772 86 19 almost
412 3773 25 17 to
455 3776 12 14 a
486 3771 129 23 certainty,

66 3807 50 14 was
134 3801 52 20 that
207 3801 37 20 the
263 3799 136 22 Committee
418 3799 36 20 for
471 3798 95 21 General
577 3797 24 20 Se-

65 3830 79 24 curity
166 3828 93 22 learned
281 3829 54 19 that
358 3829 63 19 three
444 3827 73 20 weeks
538 3832 26 14 or
601 3831 14 14 a

66 3859 81 19 month
162 3857 77 20 before
254 3862 14 14 a
287 3855 93 21 number
394 3857 22 17 ol
432 3856 127 22 emigrants
571 3854 44 20 had

66 3884 94 23 entered
174 3885 86 21 France
273 3883 57 22 from
344 3883 107 23 different
467 3884 64 25 parts
543 3882 23 21 of
575 3883 40 20 the

67 3915 106 21 frontier.
210 3915 23 20 It
254 3920 47 14 was
321 3913 93 22 evident
450 3913 64 21 these
536 3912 79 27 people

67 3945 53 20 who
134 3946 53 19 thus
204 3943 74 22 risked
294 3944 61 21 their
371 3943 56 21 lives
442 3941 38 22 did
495 3943 40 20 uot
550 3941 29 21 do
589 3946 25 15 so

67 3974 101 20 without
188 3972 87 26 design,
295 3972 45 21 aud
361 3972 45 20 this
427 3970 78 26 design
525 3976 55 19 was,
592 3971 21 20 in

67 4002 33 19 all
120 4001 153 26 probability,
293 4001 26 20 to
338 4001 135 25 co-operate
493 4006 23 15 in
535 4005 65 18 carry-

67 4031 40 25 ing
123 4029 32 21 off
171 4030 39 20 the
227 4029 66 26 royal
309 4029 89 25 family.
592 4029 3 27 1

91 4059 106 26 Already,
219 4064 58 21 upon
310 4059 39 20 the
370 4057 144 28 proposition
533 4056 22 22 of
575 4057 39 20 the

70 4098 200 22 Conventionalist
289 4099 101 19 Asselim.
408 4099 26 19 th
436 4105 10 8 n
465 4098 96 21 terrible
579 4097 24 20 de-

69 4132 52 16 cree
143 4127 44 21 had
208 4127 54 21 been
286 4126 160 26 promulgated
469 4127 72 19 which
562 4131 40 15 con-

70 4154 93 23 demned
178 4156 26 20 to
219 4155 70 21 death
305 4155 31 22 all
353 4155 128 26 emigrants
493 4153 123 22 convicted

70 4184 23 21 of
106 4186 86 24 having
204 4183 107 22 returned
324 4186 27 19 to
366 4184 93 24 France,
472 4184 30 19 nil
519 4184 82 20 French-

68 4219 52 16 men
131 4212 122 22 convicted
265 4213 22 19 of
303 4213 85 25 having
402 4212 106 21 intended
522 4214 25 18 to
561 4212 40 19 emi-

69 4243 78 23 grate,
164 4242 155 26 particularly
335 4242 31 19 all
384 4240 120 21 convicted
521 4240 22 21 of
559 4241 42 20 hav-

68 4271 42 25 ing
126 4269 101 22 assisted
242 4271 24 19 in
284 4270 61 20 their
362 4269 77 26 flight,
456 4276 26 13 or
499 4269 22 20 in
553 4269 63 20 their

68 4302 89 21 return,
169 4299 75 21 either
256 4304 15 15 a
286 4298 82 22 female
380 4304 26 14 or
418 4298 59 21 male
490 4297 126 26 emigrant,

68 4327 54 25 and,
138 4328 80 24 lastly,
232 4327 32 21 all
279 4328 95 20 citizens
388 4326 120 21 convicted
522 4327 23 19 of
560 4327 41 19 hav-

68 4356 40 25 ing
129 4355 104 22 afforded
253 4355 87 20 shelter
361 4356 26 19 to
423 4360 30 15 an
489 4354 127 25 emigrant.

68 4384 64 23 With
152 4384 47 23 this
218 4383 104 22 dreadful
345 4383 46 22 law
411 4382 144 23 commenced
575 4382 40 20 the

173 4413 22 21 of
352 4413 34 20 All
402 4414 55 19 that
474 4418 49 14 was
539 4412 60 19 want-

67 4442 41 24 ing
129 4447 48 14 was
195 4442 39 19 the
256 4441 46 20 law
322 4440 36 21 for
375 4440 120 26 suspected
515 4445 100 19 persons.

68 4469 47 21 The
133 4469 119 22 Chevalier
269 4468 26 21 de
315 4468 89 22 Maison
422 4469 77 25 Rouge
519 4473 48 14 was
585 4472 32 15 an

67 4503 81 21 enemy
165 4497 39 22 far
219 4499 42 20 too
279 4497 77 22 active
375 4496 45 22 and
437 4496 125 21 audacious
579 4495 36 21 for

67 4528 35 20 his
122 4527 80 21 return
221 4527 26 20 to
267 4525 74 24 Paris,
362 4525 45 21 and
425 4527 35 21 hie
478 4525 137 26 apparition

68 4556 23 20 in
105 4556 40 20 the
157 4555 94 25 temple,
266 4555 41 20 not
321 4556 26 18 to
359 4554 45 20 call
419 4553 63 21 forth
496 4555 38 19 the
545 4558 55 19 grav-

67 4584 37 20 est
125 4588 122 16 measures.
293 4582 61 21 More
376 4587 76 15 severe
475 4581 140 26 inspections

67 4612 60 21 than
147 4611 44 22 had
212 4610 129 27 previously
363 4610 71 21 taken
455 4610 64 25 place
555 4614 60 16 were

67 4640 67 22 made
152 4642 24 20 in
190 4640 38 21 the
245 4638 94 22 number
354 4638 23 21 of
391 4637 120 27 suspected
526 4639 88 22 houses,

68 4669 51 24 but,
137 4669 59 21 with
213 4668 40 21 the
271 4666 123 27 exception
413 4666 22 21 of
453 4672 61 15 some
533 4666 82 21 female

67 4698 130 26 emigrants
216 4697 51 21 who
285 4695 100 22 allowed
419 4695 135 22 themselves
588 4696 27 20 to

68 4727 26 20 be
111 4727 80 23 taken,
206 4725 46 21 and
267 4730 62 15 some
345 4725 39 20 old
399 4730 49 14 men
464 4725 76 19 whose
571 4723 44 21 few

68 4755 132 24 remaining,
218 4753 57 25 days
310 4753 56 24 they
387 4751 38 21 did
446 4753 40 19 not
522 4751 92 21 trouble

67 4783 138 22 themselves
224 4783 27 19 to
270 4780 91 27 dispute
381 4781 58 21 with
475 4781 40 20 the
534 4785 66 16 execu-

67 4813 85 25 tioner,
166 4811 62 23 their
239 4810 129 22 researches
383 4809 112 27 produced
509 4814 28 17 no
547 4809 67 21 other

67 4841 81 22 result.

90 4871 47 21 The
148 4870 109 22 sections,
270 4874 26 15 as
312 4873 53 21 may
381 4867 25 22 be
420 4866 123 28 imagined,
554 4871 67 17 were*

66 4899 66 22 after
148 4899 47 22 this
213 4899 68 20 event
301 4898 65 20 much
384 4896 108 26 occupied
510 4896 37 21 for
563 4901 36 15 sev-

65 4929 51 21 eral
138 4927 65 27 days,
225 4926 45 22 and
292 4925 164 26 consequently
479 4925 38 21 the
538 4929 61 16 secre-

65 4959 58 24 tary
140 4956 23 21 of
180 4957 39 20 the
236 4957 88 19 section
343 4954 146 26 Lepelletier,
522 4958 42 16 one
588 4952 23 21 of

64 4986 41 21 the
122 4986 59 21 most
200 4983 133 22 influential
352 4983 24 21 in
393 4982 74 21 Paris,
485 4981 46 22 had
547 4981 65 21 little

63 5016 60 21 time
141 5015 26 20 to
186 5013 67 22 think
271 5012 23 21 of
314 5012 34 21 his
366 5011 113 21 unknown
496 5010 48 21 fair
561 5015 50 16 one.

66 5044 28 20 At
113 5044 61 23 first,
192 5048 26 15 as
235 5043 27 19 he
280 5040 44 21 had
341 5039 103 23 resolved
460 5045 29 16 on
505 5040 106 25 quitting

65 5071 34 20 La
117 5071 47 20 Rue
181 5070 80 21 Yieilie
279 5069 35 19 St.
331 5068 105 24 Jacques,
453 5068 26 19 he
496 5067 44 19 had
550 5066 62 21 tried

65 5099 27 20 to
105 5098 76 25 forget
195 5098 47 21 her,
255 5096 49 20 but.
318 5101 26 14 as
356 5096 34 20 his
403 5093 74 23 friend
488 5094 69 21 Louis
567 5093 44 22 had

65 5125 111 23 observed
190 5127 26 19 to
230 5125 45 21 him
287 5125 4 23 :

192 5154 5 19 !
228 5152 155 26 endeavqring
397 5152 26 19 to
439 5151 76 25 forget

112 5183 46 22 But
174 5181 79 23 makes
267 5186 26 16 us
311 5180 108 22 recollect
435 5180 39 20 the

67 5212 108 24 Maurice,
194 5211 112 23 however,
324 5209 90 21 neither
432 5207 51 21 said
501 5214 41 15 nor
559 5213 39 15 con-

65 5239 73 22 fessed
155 5239 122 24 anything.
310 5237 33 20 He
361 5237 79 20 buried
456 5237 23 19 in
494 5237 35 19 his
544 5237 67 19 heart

66 5269 34 20 all
117 5269 40 20 the
174 5266 73 22 dtails
266 5265 23 20 of
307 5266 54 19 that
379 5265 126 19 aoventure
538 5264 73 20 which

65 5298 28 20 he
113 5296 44 21 had
176 5296 56 21 been
251 5294 52 21 able
322 5294 27 20 to
367 5292 93 21 conceal
479 5292 57 21 from
573 5292 38 20 the

65 5325 106 25 scrutiny
185 5323 23 22 of
221 5322 35 23 his
271 5320 81 24 frienl.
382 5320 46 22 But
442 5321 25 20 he
482 5321 51 19 who
548 5320 64 20 knew

67 5354 100 22 Maurice
184 5354 27 20 to
227 5352 26 21 be
271 5350 23 22 of
312 5356 14 15 a
343 5350 80 26 joyous
439 5348 45 22 and
500 5349 112 21 hilarious

65 5385 93 22 nature,
173 5381 45 22 and
232 5386 50 16 now
297 5385 50 14 saw
362 5380 45 20 him
420 5378 136 24 constantly
570 5377 41 20 sad

67 5411 46 22 and
127 5409 142 27 thoughtful,
284 5408 93 24 seeking
394 5405 107 23 solitude,
512 5405 100 21 doubted

67 5442 49 21 not,
133 5440 26 26 $0
174 5444 38 15 use
229 5439 34 19 his
280 5443 51 15 own
347 5435 139 26 expression,
501 5435 55 20 that
573 5435 38 19 the

67 5473 71 20 rogue
157 5465 69 28 Cupid
245 5465 46 22 had
312 5463 78 28 passed
411 5464 56 20 that
487 5468 60 20 way.

90 5498 22 20 It
129 5498 19 21 is
164 5494 143 24 remarkable
325 5494 62 20 that,
403 5491 84 22 during
503 5492 31 20 its
548 5491 51 24 eigh-

66 5527 54 20 teen
136 5524 115 21 centuries
268 5522 23 20 of
311 5520 132 25 monarchy.
463 5520 86 21 France
568 5518 44 21 had

65 5553 48 23 had
130 5553 44 22 few
193 5557 67 21 years
279 5556 26 13 so
324 5548 170 26 mythological
513 5553 26 14 as
573 5548 38 19 the

65 5590 61 19 year
138 5582 23 20 of
173 5587 42 14 our
229 5579 60 21 Lord
303 5578 65 21 1793.
397 5578 26 21 In
435 5578 39 20 the
488 5576 123 21 meantime

65 5612 41 21 the
120 5609 118 23 chevalier
250 5613 48 14 was
315 5607 40 21 not
370 5606 78 21 taken,
463 5603 45 23 and
522 5606 26 19 he
563 5609 49 16 was

66 5646 30 16 no
109 5644 62 16 more
184 5636 84 25 spoken
282 5635 30 21 of.
350 5634 46 20 The
409 5632 112 22 widowed
533 5637 78 21 queen,

65 5666 90 27 cruelly
167 5663 83 24 robbed
261 5663 23 21 of
296 5664 39 21 her
347 5661 67 23 child,
427 5660 123 22 contented
562 5661 36 20 her-

66 5696 44 23 self
129 5695 30 26 by
179 5693 110 26 weeping,
311 5693 23 19 in
353 5696 114 19 company
488 5690 57 20 with
573 5691 40 19 her

65 5726 73 21 sister
151 5721 44 22 and
209 5720 120 26 daughter.
361 5719 46 20 The
421 5723 77 20 youmr
512 5717 101 26 dauphin

66 5760 51 15 was
131 5748 123 26 consigned
267 5750 26 19 to
309 5749 38 20 the
362 5753 52 15 care
429 5746 23 20 of
573 5746 38 20 the

258 5778 48 20 this
336 5781 57 19 poor
408 5774 79 21 little
520 5775 92 22 martyr

67 5811 59 22 who,
143 5809 24 19 in
182 5807 39 19 the
237 5805 64 20 short
319 5808 66 20 space
401 5802 24 19 of
440 5802 64 20 three
535 5806 76 19 y»ars.

66 5843 51 15 ■was
136 5832 103 24 reunited
255 5833 26 19 to
299 5831 34 22 Lis
350 5831 85 20 father.
475 5830 70 19 There
562 5833 49 15 was

66 5873 16 16 a
96 5862 120 25 moment's
228 5861 67 19 calm.
334 5860 44 20 The
394 5856 154 24 Montagnard
563 5857 36 20 vol-

65 5901 61 17 cano
145 5896 76 21 rested
238 5897 75 22 before
333 5898 125 24 devouring
477 5896 39 21 the
534 5894 68 21 Giron-

65 5924 60 23 dins.

89 5953 103 24 Maurice
211 5955 43 22 felt
274 5956 47 22 the'
333 5957 86 26 weight
439 5954 23 22 of
480 5954 48 22 this
546 5951 69 25 calm,

65 5988 28 16 as
114 5984 40 21 the
175 5985 119 21 heaviness
316 5985 23 21 of
361 5987 38 19 the
420 5983 147 26 atmosphere
594 5980 21 21 is

65 6011 45 23 felt
124 6013 24 24 in
160 6014 90 26 stormy
267 6014 110 26 weather,
392 6013 45 22 and
450 6014 41 21 not
507 6009 108 26 knowing

65 6042 54 21 how
134 6043 26 20 to
176 6042 90 27 dispose
283 6044 24 21 of
322 6044 35 21 his
373 6044 89 23 leisure,
478 6037 137 25 abandoned

64 6071 93 22 himself
172 6072 101 26 entirely
289 6074 26 20 to
332 6073 39 21 the
388 6071 70 22 ardor
474 6070 23 21 of
512 6075 14 14 a
542 6067 62 22 senti-

64 6101 74 23 ment,
156 6101 81 25 which,
255 6101 17 21 if
291 6103 41 19 not
350 6101 107 24 actually
474 6099 51 21 love
542 6095 73 25 itself,

64 6128 112 22 bordered
191 6130 87 25 closely
293 6136 60 19 upon
369 6130 28 20 it.
436 6128 34 21 He
484 6125 81 23 reread
580 6125 35 20 his

63 6157 83 26 letter,
159 6159 75 24 again
245 6157 74 23 kissed
333 6159 35 21 his
381 6156 113 23 beautiful
507 6154 108 26 sapphire

64 6187 63 24 ring,
147 6185 45 23 aid
213 6186 110 26 resolved,
345 6183 213 24 notwithstanding
580 6181 35 21 his

62 6216 68 25 oath,
143 6216 28 21 to
183 6215 66 23 make
263 6221 42 16 one
319 6220 62 17 more
394 6214 111 25 attempt,
519 6210 81 27 promis-

61 6244 44 26 ing
119 6244 90 22 himself
221 6244 47 22 this
281 6243 81 22 should
376 6242 79 23 indeed
469 6237 78 25 be't'be
557 6239 57 21 la6t.

62 6274 48 21 The
129 6279 80 21 young
226 6279 54 17 man
300 6272 45 22 had
380 6272 54 21 first
468 6269 101 25 thought
587 6267 22 20 he-

61 6302 80 22 would
203 6308 31 20 go
287 6302 27 20 to
378 6301 38 20 the
463 6298 90 21 section
589 6294 26 22 of

61 6331 41 23 the
120 6330 84 23 Jardin
222 6331 39 21 des
280 6330 103 24 Plantes,
403 6328 43 21 and
466 6328 64 20 there
547 6324 68 22 makt

61 6359 96 28 Inquiry
169 6359 60 23 from
242 6360 39 21 the
294 6361 121 23 secretary
428 6356 44 26 ,his
485 6354 128 25 colleague.

61 6388 47 35 gut
129 6379 39 37 tb
186 6388 57 30 fiai
262 6388 53 26 idea
336 6386 55 26 (and
418 6391 34 17 wo
471 6388 53 24 may
559 6380 54 32 aSd,

687 581 483 89 ys^£iißß9fe

657 723 74 22 which
746 724 27 22 he
788 723 52 25 still
857 724 116 26 retained)
989 724 56 22 that
1060 723 39 20 the
1114 718 94 33 beauty

656 751 32 22 ful
702 753 113 23 unknown
826 760 49 16 was
887 753 77 23 mixed
976 760 30 20 up
1017 753 24 21 in
1051 753 61 20 some
1125 747 70 29 politi-

655 781 38 21 cal
714 781 59 26 plot,
792 784 51 21 etill
865 781 131 24 restrained
1015 783 54 23 him,
1105 784 26 15 as
1165 777 41 21 the

655 810 102 25 thought
776 812 57 20 that
869 816 45 21 any
936 810 151 22 indiscretion
1107 813 30 14 on
1171 805 35 20 hie

656 839 54 22 part
728 839 75 24 might
819 839 25 21 be
862 840 39 20 the
918 845 77 15 means
1010 838 23 20 of
1048 835 94 24 sending
1158 832 48 21 this

656 865 78 26 lovely
749 873 92 16 woman
853 868 28 20 to
897 868 32 20 La
946 867 69 21 Place
1028 863 27 23 de
1070 865 20 20 la
1107 860 84 24 Revolu-

655 894 60 24 tion,
734 894 45 21 and
798 896 33 21 his
851 896 58 21 head
928 897 26 19 to
971 896 40 20 the
1029 893 74 22 block,
1123 886 83 26 caused

656 922 33 21 lite
703 922 68 22 blood
782 925 27 20 to
822 924 78 22 curdle
914 923 45 22 and
971 923 71 21 freeze
1054 922 23 20 in
1091 920 33 21 his
1135 918 71 21 reins.

655 950 34 21 He
708 952 115 21 thercofre
841 952 141 22 determined
1001 957 29 14 on
1047 949 93 24 Beeking
1158 946 48 20 this

655 979 127 23 adventure
795 982 74 23 alone,
882 987 30 15 an
921 981 5 19 1
940 980 102 21 without
1054 983 46 19 any
1112 975 80 22 inform-

656 1009 74 21 ation.
770 1009 42 21 His
827 1010 62 26 plan,
906 1007 95 25 besides,
1018 1012 49 15 was
1081 1011 55 19 very
1151 1003 40 20 pim-

656 1037 43 26 ple.
743 1039 45 21 The
806 1039 127 26 catalogue
953 1038 23 20 of
996 1042 78 16 names
1092 1030 115 26 inscribed

656 1073 28 14 on
700 1068 57 21 each
773 1067 58 22 door
847 1067 77 22 would
940 1065 116 26 certainly
1074 1061 75 24 afford
1159 1061 47 21 him

655 1101 62 16 some
738 1095 64 26 clew,
825 1096 45 23 and
891 1097 64 24 theu,
977 1096 30 25 by
1028 1091 178 26 interrogating

655 1125 40 19 the
717 1126 87 24 porter,
827 1126 26 20 he
876 1126 76 24 might
973 1124 26 21 be
1020 1122 54 21 able
1094 1122 27 20 to
1141 1119 65 21 nolve

655 1153 40 20 the
714 1154 112 26 mystery.

679 1182 25 22 Iu
722 1184 33 20 his
769 1183 112 27 capacity
898 1183 23 21 of
936 1183 120 24 secretary
1072 1180 23 20 of
1111 1179 32 22 La
1160 1178 46 21 Hue

657 1210 140 27 Leptflletier
817 1213 25 21 he
864 1211 116 28 possessed
1002 1211 41 21 full
1065 1208 45 23 and
1131 1207 75 21 entire

658 1240 63 24 right
741 1242 26 19 to
785 1241 66 21 make
886 1239 33 22 all
940 1239 117 27 inquiries.
1107 1234 99 24 Besides,

647 1266 1 30 I
658 1267 108 28 Maurice,
781 1270 111 26 ignorant
905 1269 23 22 of
944 1270 39 21 the
998 1273 65 17 name
1077 1266 23 22 of
1114 1266 38 21 the
1166 1268 27 16 un-

658 1298 89 25 known,
764 1305 49 14 was
827 1298 52 23 able
895 1300 27 19 to
939 1297 68 28 judge
1022 1297 22 21 of
1060 1297 20 20 it
1094 1296 30 25 by
1140 1293 54 22 anal-

657 1332 54 20 ogy.
747 1327 22 20 It
782 1333 48 15 was
844 1328 132 26 impossible
989 1329 25 18 £0
1027 1324 76 26 lovely
1115 1328 15 15 a
1142 1326 52 16 crea-

657 1356 53 20 ture
728 1354 80 23 should
827 1357 41 22 not
889 1361 87 22 possess
996 1361 14 14 a
1028 1359 66 16 name
1112 1352 23 21 in
1154 1351 39 20 har-

658 1391 67 20 mony
745 1387 58 21 with
820 1387 40 21 her
878 1386 66 25 form,
962 1390 62 16 some
1041 1388 66 17 name
1125 1385 68 21 apper-

658 1415 94 25 taining
772 1416 26 19 to
816 1415 75 26 6ylph,
912 1415 63 24 fairy
996 1419 27 15 or
1042 1411 76 26 angel,
1145 1409 61 21 since

658 1442 40 21 her
710 1443 90 21 arrival
813 1449 29 16 on
854 1444 71 21 earth
937 1444 62 21 must
1012 1442 57 21 have
1084 1439 54 22 been
1147 1437 48 21 hail-

656 1470 28 20 ed
697 1477 27 14 as
735 1472 57 21 that
805 1472 23 21 of
841 1477 15 16 a
867 1472 106 26 superior
983 1468 46 25 and
1041 1465 166 31 supernatural

658 1498 74 27 being.
773 1501 52 21 This
840 1506 66 16 name
922 1499 77 22 would
1014 1500 61 20 most
1090 1494 117 25 infallibly

657 1528 68 26 guide
740 1530 54 21 him.

681 1557 101 23 Maurice
795 1560 55 21 then
862 1558 90 22 dressed
966 1557 90 23 himself
1070 1557 23 20 in
1105 1560 12 16 a
1130 1554 77 21 blouse

657 1585 24 21 of
696 1592 15 15 a
726 1586 58 22 dark
801 1588 80 20 brown
895 1588 72 21 cloth,
983 1584 101 22 adorned
1100 1584 33 20 his
1149 1580 58 22 head

658 1615 58 20 with
732 1616 39 20 the
1015 1619 64 15 worn
1093 1618 30 14 on
1138 1610 70 26 great

657 1644 126 25 occasions,
800 1644 45 22 and
858 1646 38 21 set
912 1647 42 18 out
969 1650 30 15 on
1012 1643 36 22 his
1062 1646 91 22 voyage
1184 1637 23 21 of

657 1671 121 27 discovery
792 1674 75 21 alone.
897 1672 34 23 He
947 1672 45 22 had
1006 1672 24 21 in
1043 1672 34 19 his
1091 1669 59 21 hand
1165 1673 42 16 one

657 1700 24 20 of
695 1694 177 29 those'knotted
885 1701 93 26 cudgels
993 1699 74 22 called
1152 1696 41 21 Con-

806 1731 81 24 which,
900 1728 96 23 wielded
1009 1727 30 27 by
1052 1728 34 21 his
1098 1727 110 24 vigorous

656 1757 68 26 hand,
745 1765 47 15 was
810 1759 111 26 powerful
940 1765 26 14 as
983 1759 40 20 the
1039 1756 54 21 club
1109 1755 22 21 of
1149 1754 43 21 Her-

655 1787 78 22 cules,,
752 1786 45 21 and
815 1787 77 20 in'his
912 1787 82 25 pocket
1011 1786 28 19 he
1058 1782 79 27 placed
1171 1782 35 19 his

655 1814 147 22 commission
823 1818 26 16 as
870 1815 119 24 secrrtary
1012 1812 23 21 of
1057 1813 38 19 the
1116 1809 90 23 section

655 1841 147 27 Lepelletier.
841 1842 69 21 These
948 1847 59 15 were
1046 1842 27 18 at
1095 1844 54 16 once
1170 1837 36 21 his

656 1870 103 25 physical
776 1871 105 25 security
897 1870 46 23 and
961 1871 35 20 his
1012 1869 74 22 moral
1103 1872 88 21 guaran-

655 1901 45 18 tee.

678 1927 35 21 He
733 1928 112 26 prepared
865 1928 91 21 himself
976 1929 27 20 to
1025 1926 83 21 review
1129 1923 77 21 afresh

655 1955 34 22 La
709 1956 47 22 Rue
773 1957 35 22 St.
829 1957 88 25 Victor,
936 1956 35 22 La
989 1957 47 20 Rue
1053 1954 35 21 St.
1106 1952 100 28 Jacques

656 1984 97 27 reading
767 1985 30 26 by
811 1985 63 27 light
889 1985 23 21 of
928 1985 39 21 the
982 1984 114 25 declining
1110 1982 47 25 day
1172 1980 32 21 all

655 2014 65 20 those
742 2020 86 19 names,
849 2013 113 23 inscribed
983 2013 25 22 in
1028 2019 14 15 a
1062 2010 62 23 hand
1143 2014 62 16 more

655 2048 27 15 or
717 2043 44 20 less
781 2043 126 26 practiced,
929 2048 60 21 upon
1025 2042 39 20 the
1084 2039 79 28 panels
1182 2037 23 21 of

655 2076 69 21 every
740 2071 64 22 door.

679 2100 101 22 Maurice
799 2101 45 22 had
863 2100 97 23 reached
1002 2100 39 21 the
1077 2096 127 24 hundredth

655 2129 76 23 house,
751 2128 53 25 and.
830 2129 166 25 consequently
1017 2127 55 22 read
1091 2128 40 19 the
1150 2126 40 19 hun-

655 2155 84 23 dredth
752 2150 52 32 list,'
814 2157 46 22 and
873 2156 98 26 nothing
987 2155 44 22 had
1044 2156 40 26 yet
1097 2150 108 25 occurred

655 2187 26 19 to
700 2185 80 23 induce
797 2187 52 28 him,
862 2188 27 20 to
906 2187 102 26 imagine
1024 2185 57 21 that
1097 2183 26 21 he
1157 2186 49 16 was

656 2214 23 22 in
695 2216 39 20 the
750 2216 61 20 least
827 2215 83 27 degree
926 2221 60 20 upon
1000 2216 40 19 the
1055 2213 58 21 trail
1130 2211 22 21 of
1164 2212 41 18 'the

656 2244 121 25 unknown,
793 2244 65 21 when
870 2250 16 15 a
901 2242 172 28 good-natured
1086 2239 105 23 shoemak-

655 2277 33 20 er,
707 2274 105 25 noticing
830 2274 39 20 the
888 2273 97 25 anxiety
1004 2270 45 23 and
1067 2270 139 27 impatience

656 2300 106 27 depicted
775 2308 28 16 on
815 2303 39 20 the
866 2305 79 25 young
957 2300 73 23 man's
1041 2301 165 20 countenance,

655 2335 66 15 came
738 2332 43 19 out
798 2331 60 21 with
876 2331 34 21 his
929 2331 67 25 strap
1013 2330 23 19 of
1053 2329 92 20 leather
1161 2325 46 22 and

656 2359 35 21 his
710 2360 79 25 punch,
809 2358 46 22 and
874 2359 94 25 looking
987 2359 27 20 at
1032 2357 102 22 Maurice
1151 2360 57 16 over

656 2388 34 21 his
709 2389 128 26 spectacles

750 2423 47 18 you
817 2417 59 21 wish
913 2423 46 20 any
982 2416 153 21 information
1171 2418 22 16 re-

655 2446 107 25 specting
780 2446 39 19 the
837 2447 96 20 tenants
952 2445 23 20 of
994 2445 47 20 this
1059 2446 76 20 house,
1152 2441 43 22 citi-

656 2472 82 24 sen?'"
755 2474 53 23 said
824 2474 34 26 he;
929 2479 33 21 so,
981 2474 9 21 I
1006 2473 61 22 shall
1085 2472 27 21 be
1126 2472 80 25 happy

655 2503 27 21 to
700 2504 51 25 give
768 2504 20 21 it
804 2504 27 22 to

938 2530 141 22 stammered
1098 2529 108 22 Maurice;

697 2566 37 14 am
749 2560 93 24 looking
859 2560 37 20 for
909 2560 40 20 the
962 2565 68 15 name
1043 2559 23 19 of
1081 2564 13 14 a

764 2594 34 16 me
816 2590 41 20 the
877 2594 73 19 name,
969 2588 92 21 citizen:
1097 2587 8 20 I
1140 2586 66 20 know

655 2617 132 26 everybody
809 2617 23 22 in
851 2618 49 20 this
921 2618 104 25 quarter.
1064 2616 78 21 Where
1153 2613 54 21 does

656 2646 47 21 this
720 2645 74 22 friend
809 2646 46 21 live
865 2645 32 21 ?'"

751 2674 65 25 lives,
838 2674 11 21 I
870 2674 75 23 think,
968 2674 24 21 in
1012 2674 39 21 the
1073 2672 42 21 Old
1160 2672 46 20 line

656 2703 105 27 Jacques,
782 2702 41 23 but
839 2703 15 22 1
874 2703 52 22 fear
945 2704 26 21 he
992 2704 40 21 has
1053 2699 130 24 removed.''

759 2733 50 21 how
827 2733 19 22 is
865 2733 26 21 he
910 2731 89 24 named.
1034 2732 9 20 I
1060 2732 61 21 must
1140 2730 67 21 know

680 2789 107 25 Maurice,
804 2789 72 21 taken
891 2790 53 20 thus
961 2794 128 16 unawares,
1106 2787 87 21 hesitat-

656 2815 28 23 ed
704 2817 37 22 for
760 2823 15 15 a
796 2818 109 25 moment,
928 2817 54 22 then
1003 2814 144 30 pronounced
1166 2815 40 21 the

657 2846 53 21 first
730 2851 66 17 name
815 2846 56 22 that
891 2845 119 28 presented
1044 2845 65 22 itself
1127 2845 26 20 to
1171 2843 37 21 his

656 2881 109 21 memory.

794 2904 52 22 said
862 2905 34 21 he.

762 2933 65 21 what
846 2933 68 21 trade

680 2961 101 23 Maurice
802 2967 47 16 was
869 2960 140 24 surrounded
1030 2961 30 26 by
1079 2959 127 23 tanneries.

733 2991 106 25 working
987 2990 52 22 6aid
1060 2991 34 20 he.

740 3020 56 21 that
912 3018 50 22 said
983 3025 14 14 a
1016 3019 103 25 burgess,
1155 3018 51 19 who

655 3047 97 27 stopped
774 3046 45 23 and
841 3047 112 27 regarded
975 3047 100 21 Maurice
1097 3046 59 21 with
1192 3050 16 14 a

655 3078 93 21 certain
766 3076 59 26 good
843 3078 83 21 nature
946 3078 41 20 not
1004 3076 92 26 totally
1113 3075 94 25 exempt

656 3106 58 20 from
735 3106 107 24 distrust,
922 3106 18 20 is
962 3111 121 17 necessary
1103 3107 26 18 to
1166 3103 26 20 ad-

656 3133 63 21 dress
738 3134 102 24 yourself
860 3135 26 19 to
908 3135 34 19 his

776 3163 20 21 is
912 3161 52 23 said
985 3162 54 27 .the
1058 3161 147 26 doorkeeper.

706 3191 95 27 is-quite
817 3191 72 25 right,
903 3192 40 20 the
956 3191 99 21 masters
1069 3191 67 21 know
1166 3189 39 21 the

654 3225 77 15 names
773 3219 24 20 of
814 3220 64 19 these
921 3219 123 24 workmen;
1087 3219 66 19 there
1187 3218 19 19 is

653 3248 40 20 the
767 3247 88 22 Citizen
874 3268 5 10 (
921 3247 101 22 Dixmer,
1075 3247 51 20 who
1186 3245 19 21 is

654 3281 113 19 manager
785 3276 23 20 of
827 3282 12 13 a
862 3277 107 24 tannery,
990 3276 41 20 has
1051 3281 62 14 more
1147 3275 59 20 than

653 3304 57 26 fifty
726 3305 116 20 workmen
858 3304 23 21 in
898 3305 33 20 his
947 3303 68 26 yard;
1030 3304 27 20 he
1073 3303 48 21 will
1154 3308 38 20 per-

653 3333 56 24 haps
728 3333 41 20 tell

676 3361 101 22 Maurice
794 3360 83 22 turned
894 3358 88 24 around
1000 3357 44 23 and
1060 3363 48 16 saw
1128 3363 11 15 a
1152 3357 39 20 bur-

653 3396 51 19 gess
721 3391 24 21 of
760 3389 162 24 commanding
941 3389 82 24 figur°.
1043 3388 57 20 with
1117 3393 14 14 a
1149 3386 55 22 mild

652 3420 164 20 countenance,
837 3419 39 19 the
896 3418 100 20 richness
1015 3416 23 20 of
1060 3417 74 19 whose
1166 3416 25 19 at-

653 3447 46 20 tire
718 3445 98 22 denoted
834 3445 115 27 opulence.

780 3480 26 14 as
825 3474 39 21 the
884 3474 84 20 citizen
990 3474 80 25 porter
1088 3473 114 21 observes,

654 3503 19 20 it
690 3503 18 20 is
725 3507 121 20 necesenry
865 3501 8 21 I
889 3500 79 22 should
984 3502 66 20 know
1067 3502 38 19 the
1121 3500 82 25 family

724 3561 57 19 have
801 3559 52 21 told

771 3589 18 21 is
806 3589 35 20 his
860 3588 126 26 baptismal
1006 3593 73 15 name:
1097 3588 19 20 it
1135 3588 19 19 is
1164 3588 38 19 the

654 3617 82 24 family
752 3622 65 16 nam**
834 3617 9 19 I
861 3617 95 25 require.
989 3617 32 20 All
1036 3623 37 18 my
1088 3616 115 20 workmen

653 3647 51 23 sign
725 3645 61 22 their
803 3645 81 23 family

749 3673 29 22 foi
827 3673 51 21 said
898 3673 106 22 Maurice,
1024 3672 104 25 growing
1161 3673 27 20 im-

655 3703 91 27 patient
768 3701 71 21 under
856 3702 47 20 this
924 3702 84 25 species
1029 3701 22 20 of
1071 3702 117 23 interroga-

655 3746 58 22 tion,
800 3743 80 24 family
899 3746 64 17 name
974 3741 9 21 7
1015 3741 9 20 1
1040 3741 28 19 do
1084 3741 40 20 not
1135 3741 65 19 know

799 3798 51 21 said
864 3799 38 20 the
918 3798 100 25 burgess,
1034 3798 57 19 with
1104 3802 15 15 a
1128 3796 73 25 smile,

655 3829 21 20 in
700 3829 71 20 which
794 3829 99 21 Maurice
916 3830 100 24 thought
1040 3825 24 24 he
1086 3826 115 23 uiscerneo

655 3862 62 15 more
738 3859 65 22 irony
825 3858 57 19 than
906 3858 25 19 he
954 3863 15 13 %s
978 3856 59 21 ished
1060 3857 26 19 to
1107 3862 93 19 appear,

765 3888 40 20 not
826 3885 66 21 know
915 3886 38 20 the
973 3890 106 17 surname
1101 3884 22 21 of
1142 3890 59 21 your

654 3913 72 23 friend

736 3974 54 19 that
809 3978 61 18 case,
889 3974 20 20 it
929 3972 19 21 ii
967 3974 40 19 not
1027 3972 108 26 probable
1154 3977 54 21 you,

654 4001 47 21 will
720 4001 46 22 find
869 4001 45 21 and
931 4002 38 20 the
986 4000 101 26 burgess,
1103 4001 96 24 gravely

653 4029 92 26 bowing
764 4031 25 21 to
806 4026 219 26 Maurice,'walked
1043 4035 14 15 a
1073 4029 65 21 short
1156 4028 33 22 dis-

651 4061 70 19 tance
737 4059 45 21 and
797 4057 94 23 entered
923 4063 14 15 a
954 4059 66 21 bouse
1036 4059 23 19 in
1104 4059 39 19 the
1159 4057 40 21 Old

653 4087 45 22 Kne
718 4087 33 22 St.
771 4087 106 26 .Jacques.

754 4116 48 19 fact
820 4117 26 22 is,
865 4116 55 19 that
937 4115 17 20 if
969 4120 46 20 you
1030 4114 29 21 do
1076 4116 40 20 not
1130 4115 69 21 know

653 4144 32 22 his
874 4142 52 21 said
940 4143 40 21 the
996 4144 86 25 porter.

778 4174 7 19 I
806 4172 29 20 do
856 4174 40 19 not
917 4172 66 21 know
1063 4171 51 22 said
1135 4171 63 21 Mau«

653 4202 54 22 rice,
724 4201 51 20 who
792 4199 76 21 would
886 4201 41 20 not
945 4201 58 19 have
1089 4206 67 19 norry
1173 4201 26 20 to

651 4229 48 21 find
712 4234 63 16 some
788 4228 107 21 occasion
909 4229 26 20 to
950 4229 53 20 vent
1016 4228 35 22 his
1065 4228 133 26 ill-temper,

652 4257 44 22 and
718 4262 48 15 was
787 4257 26 21 at
835 4257 39 21 th*
895 4258 100 19 moment
1016 4257 63 21 much
1100 4256 98 22 inclined

651 4288 27 18 to
693 4287 52 19 seek
761 4291 14 15 a
792 4285 100 26 quarrel.
1023 4285 58 21 have
1096 4291 45 20 yon
1172 4287 25 18 to

650 4320 43 20 say
713 4316 25 19 to
756 4315 55 21 that

817 4342 92 23 citizen;
928 4341 97 25 nothing
1046 4342 26 20 at
1093 4342 40 20 all;
1143 4342 53 23 only

650 4371 61 21 since
727 4376 46 20 you
786 4362 29 28 do
831 4370 41 21 not
888 4369 66 21 know
969 4370 39 19 the
1021 4374 66 17 uame
1103 4369 23 21 of
1137 4375 61 22 your

651 4398 80 23 friend,
746 4400 20 20 it
780 4400 26 23 is,
822 4404 25 15 a*
861 4397 84 23 Citizen
959 4398 92 21 Dixmer
1062 4397 59 23 said,
1136 4405 60 14 more

650 4429 58 21 than
729 4427 111 27 probable
860 4432 47 19 you
928 4426 48 21 will
997 4428 40 19 not
1060 4426 47 23 find

674 4456 47 21 And
742 4456 39 20 the
801 4454 94 21 citizen-
909 4455 79 24 porter
1008 4456 62 19 went
1091 4455 51 20 into
1163 4455 34 20 Li:i

650 4483 74 28 lodge,
742 4484 127 25 shrugging
886 4482 34 21 his
936 4482 125 21 shoulder*.
1096 4482 100 22 Maurice

650 4514 42 20 felt
712 4519 12 15 a
745 4513 68 25 great
835 4511 138 21 inclination
990 4513 27 19 to
1036 4512 78 20 thra*h
1150 4513 46 20 this

651 4543 85 24 porter,
753 4541 44 19 but
815 4540 26 20 he
861 4544 48 15 was
928 4544 29 15 an
975 4538 36 21 old
1030 4545 59 15 man.
1107 4540 43 20 and
1163 4541 32 19 his

651 4569 132 22 infirmities
801 4566 70 22 saved
889 4567 53 20 him.
977 4567 97 21 Besides,
1093 4569 38 19 the
1150 4568 44 25 day

650 4604 48 14 was
714 4597 106 23 drawing
834 4596 26 19 to
876 4600 14 15 a
903 4595 70 20 close,
987 4595 45 20 and
1047 4596 25 20 he
1088 4595 42 21 had
1142 4596 52 25 only

650 4632 14 15 a
686 4626 43 21 few
749 4624 111 21 moments
881 4623 24 20 of
940 4622 108 26 daylight
1069 4623 49 22 left.
1161 4624 34 21 He

649 4653 93 22 availed
759 4651 89 22 himself
863 4651 23 20 of
903 4652 20 19 it
940 4651 29 26 by
986 4652 119 24 returning
1120 4653 26 19 to
1156 4654 39 19 the

649 4683 54 21 first
717 4682 81 24 street,
813 4680 54 21 then
881 4680 26 19 to
921 4680 39 20 the
971 4679 91 24 second,
1075 4680 120 23 examined

649 4718 68 18 every
732 4709 63 25 door,
809 4707 108 22 searched
932 4708 24 21 in
969 4713 68 20 every
1051 4709 66 23 nook,
1132 4710 49 20 look-

648 4739 27 21 ed
696 4738 72 22 under
785 4741 69 20 every
877 4735 110 25 palisade,
1022 4736 98 21 climbed
1140 4738 56 20 each

649 4767 65 23 wall,
734 4766 75 20 threw
830 4769 12 15 a
865 4763 81 25 glance
967 4764 50 20 into
1037 4765 40 19 the
1096 4765 99 21 interior

649 4795 23 22 of
691 4800 69 19 every
779 4794 119 23 gateway,
920 4791 81 21 looked
1021 4793 100 24 through
1154 4794 40 20 the
1207 4791 1 32 j

649 4824 113 25 keyholes,
777 4819 100 23 knocked
890 4821 27 20 at
931 4826 61 15 some
1006 4819 104 23 deserted
1121 4827 71 15 ware-
1207 4816 1 34 J

648 4854 81 21 houses
749 4850 100 21 without
871 4849 114 25 receiving
1007 4854 45 20 any
1074 4849 71 27 reply,
1156 4850 36 21 till
1207 4849 1 31 ]

649 4882 27 21 at
694 4879 81 25 length
791 4877 80 26 nearly
889 4878 50 20 two
957 4878 68 20 hours
1042 4877 44 22 had
1101 4878 93 26 elapsed

648 4911 23 21 in
691 4908 47 21 this
759 4906 83 21 useless
863 4906 176 26 investigation.

670 4937 55 22 Nine
742 4935 86 22 o'clock
842 4934 86 25 struck;
945 4940 28 15 no
989 4939 62 16 more
1067 4934 62 21 noise
1144 4941 48 15 was

696 5665 33 19 DO
744 5666 51 19 YOU
811 5666 63 19 WISH
891 5668 51 18 ANY
957 5665 178 21 INFORMATION.

648 5697 78 20 neara,
744 5699 29 18 no
789 5696 130 19 movement
936 5699 53 16 seen
1005 5694 25 21 in
1044 5692 49 21 this
1109 5690 75 21 desert-

648 5720 27 21 ed
688 5724 104 23 quarter,
807 5723 74 20 whose
896 5722 39 22 life
949 5720 89 23 seemed
1050 5721 26 20 to
1090 5720 57 20 have
1162 5722 35 16 re-<

648 5751 63 20 tired
731 5752 59 20 with
809 5752 40 20 the
871 5752 60 25 light
954 5751 22 21 of
996 5750 54 26 day.
1086 5746 111 25 Maurice,

648 5779 24 20 in
686 5778 99 26 despair,
799 5779 66 21 made
880 5786 15 13 a
909 5779 137 25 retrograde
1058 5775 138 23 movement,

649 5807 66 20 when
731 5807 33 21 all
782 5809 27 19 at
827 5813 62 19 once,
907 5809 27 19 at
950 5809 40 19 the
1008 5805 101 25 winding
1127 5802 23 21 of
1182 5806 17 14 «

649 5840 94 16 narrow
761 5835 62 26 alley
840 5835 26 22 he
884 5834 117 24 discerned
1019 5840 15 15 a
1051 5834 61 26 light
1129 5832 53 20 burn-

649 5863 47 25 ing.
731 5863 33 22 He
782 5864 160 26 immediately
961 5862 111 23 ventured
1090 5862 50 21 into
1157 5860 41 19 tho

649 5891 59 22 dark
725 5898 97 20 passage
838 5894 101 19 without
957 5892 131 23 remarking
1105 5889 54 21 that
1170 5888 28 21 at

649 5920 39 21 the
709 5926 101 16 moment
830 5924 56 18 %ven
909 5922 74 20 where
1006 5922 26 19 he
1053 5918 46 22 had
1117 5917 80 21 thrust

650 5949 97 25 himself,
759 5955 13 16 a
784 5950 92 21 curious
889 5949 65 22 head,
968 5950 75 21 which
1053 5948 36 22 for
1100 5947 39 21 the
1149 5945 48 22 last

649 5980 97 24 quarter
761 5978 23 21 of
799 5985 31 15 an
845 5980 64 21 hour,
925 5978 58 22 from
998 5979 39 20 the
1053 5975 71 23 midst
1137 5974 24 21 of
1182 5978 17 15 a

648 6007 77 26 clump
744 6007 24 21 of
786 6008 62 21 trees
869 6007 72 26 rising
976 6007 59 21 from
1054 6004 70 23 under
1159 6002 38 21 the

650 6037 64 24 wall,
728 6036 43 21 had
783 6037 107 21 followed
903 6037 31 20 ail
949 6037 33 21 his
994 6034 148 23 movements,
1152 6030 47 23 and

649 6065 54 21 then
726 6065 151 26 disappeared
899 6064 109 25 suddenly
1031 6061 82 23 behind
1150 6060 49 20 this

650 6094 65 23 wal.l.
753 6094 16 21 A
782 6095 66 20 short
864 6095 57 20 time
936 6094 63 20 after
1011 6093 48 21 this
1074 6089 57 23 head
1154 6087 45 23 had

649 6121 160 27 disappeared,
827 6124 64 19 thrpe
907 6128 50 16 men
973 6126 63 15 came
1053 6121 41 19 out
1110 6119 58 21 from
1183 6122 16 15 a

649 6151 67 20 small
735 6150 58 23 door
808 6153 22 20 in
848 6152 47 21 this
910 6156 63 15 same
990 6149 63 25 wall,
1069 6149 61 20 went
1147 6147 50 20 into

649 6179 40 21 the
711 6180 70 25 alley,
804 6180 74 21 where
901 6180 100 21 Maurice
1024 6176 44 23 had
1090 6174 108 29 preceded

649 6208 71 20 thi-m.
739 6208 67 22 while
821 6214 14 14 a
852 6208 86 22 fourth,
955 6207 35 21 for
1005 6207 94 25 greater
1113 6204 72 21 securi-

649 6237 36 24 ty,
702 6236 79 21 locked
796 6238 39 20 the
851 6236 58 22 door
923 6237 23 20 of
959 6237 111 20 entrance
1084 6235 51 20 into
1150 6232 47 22 this

649 6265 73 25 alley.
761 6265 29 21 At
806 6266 39 20 the
860 6265 44 22 end
920 6265 22 21 of
956 6265 48 22 thi6
1019 6264 62 25 alley
1097 6260 100 25 Maurice

649 6292 133 23 discovered
800 6299 14 15 a
830 6295 75 24 court;
922 6294 21 21 it
961 6299 49 15 was
1026 6299 30 15 on
1071 6292 39 25 the
1126 6295 59 22 oppo-

648 6322 48 21 site
708 6321 49 22 side
768 6321 24 23 of
806 6322 46 21 this
864 6323 68 20 court
944 6322 39 21 the
997 6322 60 25 light
1071 6326 49 15 was
1130 6319 69 21 bum*

649 6350 48 32 ifi£.
729 6350 33 23 He
777 6351 100 22 knocked
893 6352 28 22 at
936 6351 39 23 the
989 6350 57 22 door
1060 6348 23 25 of
1098 6355 14 15 a
1139 6352 61 26 pooj

1236 182 2 24 ;
1252 186 62 16 nsrnt
1334 187 48 14 was
1401 182 171 24 extinguished.
1610 183 34 21 He
1681 183 123 21 redoubled

1236 208 1 25 •
1253 208 33 20 hi--
1304 208 90 23 efforts,
1412 210 41 20 but
1473 217 27 15 no
1519 217 41 14 one
1578 211 117 20 answered
1725 213 25 19 to
1768 212 37 21 hie

1235 237 2 27 •
1251 237 55 21 call:
1328 237 25 21 he
1372 244 50 14 saw
1443 240 56 24 they
1522 245 58 14 we
1600 238 141 23 determined
1777 242 26 19 to

1253 266 65 19 make
1340 272 28 15 no
1389 266 72 27 reply,
1482 273 33 15 so.
1536 267 191 27 comprehending
1747 270 58 20 that

1252 294 20 21 it
1290 299 49 16 was
1354 295 55 25 only
1427 301 13 14 a
1458 296 84 21 useless
1558 298 75 19 wa*te
1650 297 22 20 of
1688 297 64 25 time,
1775 298 27 20 he

1251 321 91 22 crossed
1364 325 39 20 the
1424 326 67 19 court
1529 324 46 22 and
1596 325 131 21 rOeatered
1762 327 42 19 the!

1252 350 72 26 alley.
1358 353 29 19 At
1405 353 47 21 this
1471 355 100 19 moment
1590 355 40 19 the
1648 353 58 21 door
1722 353 23 21 of
1763 355 40 19 the

1252 379 69 20 house
1337 380 83 22 turned
1435 381 74 25 softly
1526 388 28 14 on
1571 382 32 22 its
1619 382 86 25 hinges,
1736 383 67 19 three

1251 411 52 17 men
1316 413 65 16 came
1397 411 56 23 out,,
1464 409 45 21 and
1524 411 56 21 then
1593 411 39 21 the
1647 409 72 23 sound
1734 410 24 21 of
1787 416 17 16 at

1251 437 92 21 whistle
1361 444 48 14 was
1425 437 79 22 heard.

1275 465 100 22 Maurice
1394 466 83 23 turned
1495 467 78 23 round,
1593 466 44 23 and
1655 473 49 15 saw
1737 468 65 21 three

1250 494 107 20 shadows
1379 496 83 20 within
1485 501 12 14 a
1520 498 67 18 short
1610 496 112 20 distance.
1767 496 35 20 Ho

1250 527 51 14 saw
1315 522 22 21 in
1350 523 39 20 the
1405 523 109 22 darkness
1529 524 58 24 also,
1602 524 34 20 his
1649 529 52 14 eves
1716 524 85 24 having

1251 548 91 23 become
1357 551 147 21 accustomed
1518 553 27 19 to
1561 552 47 20 this
1624 552 127 25 obpeurity.
1762 553 41 19 tho

1251 577 122 22 reflection
1388 579 23 20 of
1426 580 64 19 three
1507 580 126 22 glittering
1650 579 86 21 blades.
1767 579 36 20 He

1250 605 64 21 knew
1328 606 26 21 he
1366 612 49 16 was
1429 607 102 21 hemmed
1544 608 29 21 in.
1610 607 34 21 He
1656 607 77 21 would
1743 607 58 21 have

1250 633 137 23 brandished
1410 637 33 20 his
1463 637 60 21 club,
1545 638 42 21 but
1609 638 39 20 the
1669 636 62 25 alley
1751 642 50 15 was

1248 668 26 14 so
1295 668 92 16 narrow
1406 665 54 20 that
1482 666 19 20 it
1521 665 99 21 touched
1639 666 39 18 the
1697 665 55 19 wall
1771 670 31 14 on

1248 691 78 21 either
1338 691 57 22 side.
1426 694 29 19 At
1471 694 40 19 the
1528 699 63 15 same
1605 694 101 19 moment
1721 698 14 14 a
1751 693 37 19 vio-

1249 719 49 21 lent
1314 719 63 22 blow
1390 727 30 16 on
1436 719 38 24 the
1492 721 58 22 head
1564 721 97 22 stunned
1677 722 53 20 him.
1746 721 55 21 This

1223 749 2 31 j
1250 754 48 15 was
1314 753 30 18 an
1360 750 119 23 unforaeen
1496 751 91 21 assault
1603 750 67 22 made
1685 756 60 21 upon
1754 749 47 22 him

1223 775 2 32 j
1250 776 28 26 by
1292 778 39 21 the
1345 778 52 22 four
1410 786 52 15 men
1476 781 50 19 who
1538 779 95 21 entered
1646 780 101 24 through
1759 780 42 19 the,

1222 804 3 34 j
1248 804 58 22 door
1319 807 23 19 in
1355 807 38 20 the
1408 809 64 19 wall.
1502 808 71 20 Seven
1585 813 50 15 men
1649 808 25 20 at
1688 808 40 20 the
1738 812 61 14 same

1223 833 2 29 1
1248 834 57 20 time
1323 834 74 22 threw
1413 837 136 19 themselves
1567 842 59 20 upon
1644 836 53 20 Man
1701 833 99 23 rice.and

1223 862 2 28 1
1250 862 214 28 notwithstanding
1485 870 12 14 a
1521 865 121 25 desperate
1665 865 134 19 resistance,

1223 891 1 26 '
1248 891 162 26 overpowered
1430 893 44 21 him
1493 893 45 21 and
1556 892 121 21 succeeded
1696 893 22 20 in
1735 891 52 21 bind-

1249 919 39 23 ing
1307 920 33 21 his
1358 920 72 22 hands
1450 921 43 22 and
1514 921 132 24 bandaging
1665 921 34 21 his
1715 926 61 20 eyes.

1271 948 102 22 Maurice
1390 950 45 20 had
1450 952 40 19 not
1506 956 56 15 even
1579 948 93 23 uttered
1688 955 12 15 a
1718 954 40 20 cry
1773 954 27 14 or

1222 976 3 26 !
1247 976 75 20 called
1341 976 36 22 for
1393 977 46 22 aid.
1474 978 112 24 Strength
1604 978 45 21 and
1665 979 53 19 true
1734 983 52 15 cour-

1222 1005 3 33 j
1248 1010 44 19 age
1310 1006 72 21 suffer
1400 1007 28 25 by
1549 1013 44 15 vcs.
1613 1006 43 22 and
1676 1012 40 15 are
1733 1007 55 19 tena-

1223 1026 2 37 '
1247 1034 64 20 rious
1326 1034 24 21 of
1364 1036 38 20 tho
1418 1037 6 19 ]
1427 1042 17 14 lP
1448 1036 22 25 ]p
1486 1042 12 15 0
1501 1035 7 23 |
1523 1043 10 13 a
1536 1026 2 37 ,
1551 1043 10 13 6
1564 1037 105 26 tranger.
1700 1034 99 23 Besides.

1223 1063 1 23 1
1250 1063 100 21 Maurice
1372 1063 44 23 had
1438 1065 63 21 often
1524 1065 70 21 heard
1632 1065 54 21 that
1707 1070 30 16 no
1758 1069 44 16 one*

1223 1092 2 28 •
1249 1092 75 21 would
1340 1094 68 20 enter
1422 1094 47 21 this
1486 1093 104 22 deserted
1607 1094 104 26 quarter.
1736 1092 47 21 Mau-

1223 1121 2 26 :
1249 1121 46 19 rice
1314 1127 48 14 was
1379 1122 61 25 thus,
1460 1128 26 13 as
1505 1128 33 14 we
1554 1122 59 21 have
1631 1121 57 24 said,
1707 1122 94 19 thrown

1223 1145 2 28 I
1248 1147 67 24 down
1333 1149 44 21 and
1395 1150 81 23 bound,
1497 1150 38 22 but
1556 1150 43 21 had
1617 1152 40 19 not
1675 1148 93 22 uttered
1785 1154 16 13 a

1223 1177 2 29 ;
1248 1178 75 26 single
1343 1180 136 26 complaint.
1512 1180 33 21 He
1567 1179 44 22 had
1656 1177 107 24 reflected
1773 1183 27 16 as

1223 1206 2 28 ;
1248 1207 26 21 to
1293 1208 64 20 wh'it
1375 1209 75 20 would
1469 1209 78 21 follow
1561 1210 66 20 -that
1647 1214 25 15 as
1690 1209 54 24 they
1756 1206 45 22 had

1223 1234 2 31 j
1249 1235 120 26 bandaged
1392 1237 33 22 his
1446 1243 52 19 eyes
1521 1238 54 23 they
1599 1236 39 22 did
1658 1237 40 20 not
1720 1234 79 22 inteud

1223 1264 3 28 j
1248 1265 26 20 to
1297 1265 40 21 kill
1359 1265 44 23 him
1426 1265 108 26 directly.
1564 1267 28 21 At
1615 1264 120 24 Maurice's
1754 1268 45 21 age

1223 1291 3 31 I
1250 1294 84 25 respite
1355 1294 102 23 becomes
1477 1296 65 26 hope.
1579 1294 33 22 He
1634 1291 119 25 recovered
1765 1293 36 21 his

1223 1322 3 30 j
1249 1327 105 21 presence
1373 1324 22 20 of
1413 1324 60 21 mind
1492 1324 45 21 and
1556 1323 98 22 listened
1672 1322 127 26 patiently.

1364 1358 40 16 are
1528 1351 125 23 demanded
1676 1358 10 13 a
1735 1350 64 21 voice

1248 1381 50 21 still
1321 1381 129 23 breathle.-s
1472 1382 58 21 from
1552 1383 40 20 the
1615 1382 48 20 late
1684 1379 114 25 strugerle.

1314 1416 38 15 am
1369 1416 11 14 a
1401 1417 52 15 man
1469 1412 55 25 they
1540 1417 40 15 are
1596 1409 139 26 murdering,
1739 1408 3 29 -
1744 1408 8 9 '
1763 1414 23 15 re-

1250 1437 59 26 plied
1326 1437 109 24 Maurice.

1377 1468 20 21 is
1416 1474 70 15 more,
1509 1474 45 19 you
1574 1473 40 15 are
1634 1473 14 15 a
1667 1466 58 21 dead
1745 1470 54 16 man

1250 1495 17 20 if
1284 1502 46 19 you
1345 1496 73 26 speak
1435 1503 25 15 so
1479 1496 60 22 loud,
1557 1503 28 16 or
1599 1496 47 23 call
1664 1496 36 21 for
1715 1495 71 21 assist-

1248 1530 66 19 ance,
1332 1531 29 15 or
1376 1531 55 16 even
1451 1527 66 20 utter
1535 1527 39 20 the
1594 1526 59 21 least

1327 1554 10 21 I
1354 1554 45 21 had
1419 1555 85 22 wished
1522 1556 27 21 to
1567 1555 28 21 do
1613 1561 25 14 so
1657 1554 10 21 I
1684 1553 55 22 need
1756 1552 43 21 not

1248 1582 58 20 have
1327 1582 86 22 waited
1432 1583 37 21 for
1487 1585 39 19 the
1547 1584 90 25 present

1350 1617 45 20 you
1415 1611 71 27 ready
1507 1613 26 20 to
1553 1617 90 16 answer
1662 1616 38 20 my
1733 1615 51 21 ques-

1247 1639 63 21 tions
1321 1639 32 21 ?"'

1351 1675 33 14 me
1402 1670 56 21 hear
1477 1671 61 20 them
1558 1669 60 27 first;
1638 1669 8 20 I
1664 1668 60 21 shall
1742 1668 57 21 then
1800 1668 1 28 1

1247 1702 36 13 see
1305 1697 104 20 whether
1429 1698 8 19 I
1459 1698 72 24 ought
1552 1699 27 19 to
1707 1696 4 26 '

1359 1727 51 20 sent
1427 1731 47 20 you
1492 1727 52 20 here
1555 1725 31 21 ?"'

1348 1788 73 19 came,
1434 1783 63 21 th°n.
1512 1782 23 21 of
1549 1788 59 20 your
1620 1788 52 14 own

1270 1865 100 21 Maurice
1391 1867 66 21 made
1476 1873 11 13 a
1511 1867 120 26 desperate
1666 1867 69 20 effort
1771 1866 25 20 to

1246 1893 125 27 disengage
1389 1896 33 20 his
1439 1896 78 21 hands,
1537 1896 40 22 but
1595 1897 19 20 it
1632 1901 47 15 was
1696 1896 22 21 in
1735 1895 61 21 vain.

1314 1929 68 15 never
1468 1924 51 21 said
1538 1926 33 19 he.

1331 1952 76 22 either
1425 1959 61 15 case,
1511 1954 102 20 whether
1634 1958 45 20 you
1699 1957 64 16 came
1773 1950 24 21 of

1245 1985 60 20 your
1321 1986 52 16 own
1389 1980 83 22 accord
1491 1988 25 15 or
1535 1988 59 14 were
1609 1982 61 24 sent,
1686 1987 45 20 you
1756 1983 41 19 are

1245 2014 12 14 a
1278 2009 74 25 spy."'

1352 2044 44 19 yon
1416 2044 40 16 are
1476 2038 106 21 cowards

1354 2102 39 17 are
1413 2102 67 15 seven
1501 2103 27 14 or
1547 2097 63 25 eight
1632 2096 95 27 against
1755 2100 41 16 one

1245 2129 53 15 man
1320 2124 81 24 bound,
1422 2124 45 21 and
1488 2130 45 19 you
1555 2125 70 21 insult
1663 2126 53 18 that
1736 2130 61 13 man.

1220 2145 7 33 \
1244 2151 108 22 Cowards
1364 2145 4 33 !
1397 2152 108 21 Cowards
1516 2145 4 33 !
1557 2152 106 21 cowards

1269 2180 53 22 This
1342 2180 101 23 violence
1463 2187 27 16 on
1511 2182 40 21 the
1572 2182 54 26 part
1646 2181 22 21 of
1688 2181 110 22 Maurice.

1224 2209 3 28 I
1246 2209 91 22 instead
1356 2210 22 20 of
1394 2211 113 26 enraging
1527 2211 34 20 his
1578 2210 153 21 adversaries,
1757 2215 26 21 ap-

1225 2237 2 28 !
1246 2244 40 20 pea
1293 2238 35 21 red
1347 2239 26 20 to
1392 2237 98 28 produce
1509 2245 11 14 a
1541 2241 113 23 contrary
1672 2239 76 21 effect.
1774 2237 22 23 It

1224 2261 3 33 !
1247 2272 50 15 was
1315 2273 56 16 even
1390 2273 13 15 a
1427 2267 66 27 proof
1513 2268 55 21 that
1588 2269 39 20 the
1647 2273 77 20 young
1745 2272 53 16 man

1225 2291 2 32 !
1246 2302 49 15 was
1314 2297 40 21 not
1374 2297 63 21 what
1457 2298 55 25 they
1532 2295 92 24 deemed
1641 2297 54 22 him;
1712 2297 86 20 o.true

1225 2318 2 40 J
1244 2330 44 20 spy
1305 2324 75 21 would
1396 2326 58 20 have
1470 2325 115 22 trembled
1602 2325 45 22 and
1663 2324 88 26 begged
1761 2324 37 21 for

1246 2359 84 19 mercy.

1378 2384 18 20 is
1417 2383 99 25 nothing
1538 2383 113 25 insulting
1673 2383 23 21 in

1225 2405 3 32 I
1244 2411 53 21 paid
1314 2417 12 15 a
1343 2411 72 23 voice,
1434 2411 82 22 milder
1531 2413 42 24 yet
1589 2412 78 21 firmer
1683 2412 57 21 than
1750 2417 46 19 any

1245 2440 57 20 that
1322 2440 44 21 had
1385 2441 131 25 previously
1537 2441 56 21 been
1613 2439 77 22 heard;
1758 2440 38 20 the

1225 2464 3 31 j
1245 2469 69 20 times
1337 2474 33 14 we
1392 2469 44 21 live
1474 2469 30 21 in.
1537 2475 40 15 one
1599 2474 53 21 may
1673 2469 26 20 be
1721 2474 11 14 a
1754 2473 42 21 spy

1246 2498 100 20 without
1368 2498 67 25 being
1457 2504 11 14 a
1492 2497 117 23 dishonest
1631 2503 60 17 man,
1712 2495 54 28 only
1777 2497 20 21 it

1246 2527 19 20 is
1284 2528 28 18 at
1330 2526 38 21 the
1389 2527 47 20 risk
1455 2527 23 20 of
1497 2527 60 21 one's
1659 2526 4 22 .

1321 2555 54 20 that
1394 2556 18 20 is
1429 2561 60 19 your
1505 2555 102 25 opinion,
1624 2560 45 19 you
1686 2559 38 16 are
1742 2552 39 23 wel-

1245 2588 64 16 come
1324 2584 26 19 to
1364 2584 107 24 question
1488 2589 42 15 me.
1563 2584 7 20 I
1587 2583 47 22 will
1651 2589 91 15 answer
1752 2588 45 15 von

1367 2641 100 23 brought
1480 2647 46 20 you
1540 2642 51 21 into
1604 2641 47 21 this
1663 2641 96 25 quarter

1335 2669 81 22 search
1436 2670 51 20 here
1507 2669 36 22 for
1562 2675 13 15 a

1269 2698 32 21 An
1321 2698 143 21 incredulous
1484 2704 100 15 murmur
1606 2697 106 22 followed
1749 2698 47 20 this

1226 2721 2 28 i
1246 2728 123 21 assertion.
1402 2727 44 22 The
1462 2727 76 22 breeze
1556 2726 117 23 increased
1704 2726 44 22 and
1758 2726 24 21 be-

1244 2762 65 14 came
1326 2763 15 13 a
1357 2758 129 20 hurricane.

1420 2784 52 21 said
1490 2785 38 20 the
1547 2790 62 15 same
1627 2785 70 20 voice;
1776 2783 20 20 is

1245 2818 29 14 no
1293 2817 90 17 woman
1385 2812 111 22 —there
1514 2813 19 21 is
1553 2818 28 16 no
1600 2817 91 17 woman
1707 2812 24 21 in
1749 2812 46 21 this

1244 2841 98 25 quarter
1354 2843 26 19 to
1393 2841 88 21 follow.
1513 2842 69 20 Avon-
1596 2846 58 21 your
1667 2841 128 22 intentions

1245 2877 27 13 or
1287 2875 46 20 you

1459 2899 50 22 said
1529 2899 109 22 Maurice,
1733 2903 48 16 sure-

1245 2927 24 25 ly
1285 2927 76 20 would
1376 2929 40 20 not
1434 2928 40 20 kill
1491 2934 33 14 me
1541 2928 36 20 for
1591 2929 38 19 the
1645 2933 60 16 mere
1717 2926 65 26 'picas-

1245 2961 38 16 lire
1298 2955 23 22 of
1333 2962 25 15 so
1373 2955 77 23 doing,
1466 2956 74 22 unless
1553 2962 46 20 you
1612 2961 40 16 are
1665 2957 53 20 true
1731 2955 49 25 brig-

1268 3013 47 21 And
1337 3014 100 21 Maurice
1458 3013 66 22 made
1547 3020 10 13 a
1597 3013 81 21 secoud
1715 3013 78 21 effort,

1244 3048 62 14 more
1324 3048 121 16 strenuous
1464 3043 57 21 than
1540 3043 38 21 the
1597 3042 62 22 first,
1678 3043 24 19 to
1720 3041 60 22 disen-

1244 3077 60 19 gage
1325 3071 33 22 his
1377 3077 61 15 arms
1459 3071 57 21 from
1537 3072 38 20 the
1594 3070 55 22 cord
1668 3071 72 21 '"inch
1759 3076 22 15 se-

1243 3099 68 22 cured
1328 3101 68 20 them.
1434 3100 22 21 It
1473 3106 48 15 was
1537 3100 92 21 useless,
1644 3099 43 22 and
1702 3100 26 19 at
1738 3100 54 20 that

1244 3130 99 19 moment
1364 3129 26 19 he
1408 3127 148 26 experienced
1577 3134 10 13 a
1610 3128 70 25 sharp
1698 3128 54 25 pain
1771 3128 22 19 in

1244 3157 33 20 his
1297 3156 77 21 breast
1393 3156 73 22 which
1485 3156 65 21 made
1568 3157 45 20 him
1631 3156 78 22 flinch.

1343 3191 46 19 you
1408 3186 42 20 feel
1472 3185 98 21 that?"'
1589 3184 52 22 said
1660 3191 42 15 one
1722 3184 22 22 of
1754 3185 39 20 the

1243 3219 57 14 men.
1440 3219 39 14 are
1498 3214 65 24 eight
1582 3218 61 16 more
1659 3213 92 20 similar
1767 3214 26 18 to

1242 3242 49 21 this
1304 3241 59 21 with
1378 3242 72 20 which
1465 3247 45 19 you
1525 3240 48 22 will
1587 3241 69 20 claim
1671 3241 108 25 acquaint-

1243 3269 87 22 ance.'"

1352 3305 42 18 me,
1516 3297 49 21 sni-1
1589 3297 109 24 Maurice,
1735 3297 57 19 with

1467 3325 47 20 will
1533 3325 26 19 at
1577 3323 59 21 least
1655 3324 24 20 be
1697 3323 96 21 finished

1242 3354 26 19 at
1745 3353 4 21 /

1350 3388 41 16 are
1405 3389 45 19 you
1499 3381 52 23 6aid
1566 3382 38 22 the
1618 3381 54 22 mild
1688 3382 39 21 but
1739 3382 51 22 firm

1241 3413 72 20 voice.

1400 3440 53 20 wi>b
1474 3440 26 19 to
1522 3440 66 20 know
1607 3445 38 18 my
1664 3444 66 15 name
1740 3439 29 20 ?'t

1350 3473 59 20 your

1307 3501 37 16 am
1361 3495 101 21 Maurice

1360 3524 28 20 !'"
1404 3523 63 23 cried
1483 3530 12 14 a
1516 3526 71 19 voice.
1738 3523 51 26 rj~-

1239 3553 51 27 dey,
1310 3556 40 19 the
1371 3556 143 21 revolu--the
1552 3557 98 24 patriot;
1688 3557 99 20 Maurice

1239 3583 94 24 Lindey,
1352 3584 38 19 the
1406 3586 120 23 secretary
1545 3584 23 21 of
1586 3586 38 19 tb*>
1641 3585 89 20 section
1746 3584 28 21 Le-

1239 3612 108 25 pelletier
1356 3612 9 21 ?
1377 3612 3 25 '

1262 3640 69 21 Th°se
1352 3639 73 23 words
1446 3647 57 14 were
1524 3640 141 27 pronounced
1686 3641 101 22 with.so

1237 3670 65 18 much
1324 3670 100 20 warmth
1444 3670 53 19 that
1519 3669 99 21 Maurice
1655 3669 41 21 felt
1731 3670 55 25 they

1239 3702 59 15 were
1312 3696 105 22 decisive.
1448 3698 51 21 This
1516 3704 5 13 1
1528 3704 9 7 a
1542 3698 37 25 pJy
1595 3703 47 15 was
1655 3697 131 21 calculated

1237 3725 26 21 to
1280 3725 77 22 decide
1373 3727 33 20 his
1424 3726 56 21 fate.
1514 3726 99 21 Maurice
1629 3732 48 15 was
1693 3727 79 26 incapa-

1238 3754 34 20 ble
1293 3754 23 21 of
1335 3754 55 22 f«ar:
1412 3755 25 20 he
1457 3754 61 21 drew
1538 3755 89 22 himself
1646 3761 28 21 np
1693 3756 44 22 like
1771 3761 12 14 a

1237 3783 52 20 tru°
1304 3782 102 26 Spartan
1421 3783 44 20 and
1481 3784 85 24 replied
1582 3785 23 19 in
1618 3789 16 14 a
1647 3784 51 21 firm
1715 3784 69 20 voice:

1349 3810 100 23 Maurice
1487 3810 92 26 Lindey;
1619 3817 43 16 *ec,
1685 3812 100 21 Maurice

1238 3838 92 25 Lindey.
1347 3841 120 22 secretary
1483 3841 26 19 to
1524 3841 39 19 the
1580 3841 87 20 section
1684 3840 89 25 Lejielle-

1236 3868 54 21 tier;
1310 3872 46 20 yes,
1377 3866 99 22 Maurice
1498 3866 93 23 Linde--.
1627 3869 38 19 the
1685 3869 99 25 patriot,

1236 3895 39 21 the
1297 3895 170 27 revolutionist,
1501 3897 39 21 the
1560 3896 104 22 Jacobin;
1684 3897 101 22 Maurice

1236 3923 94 28 Lindey,
1345 3924 22 23 in
1380 3925 73 22 short,
1469 3925 75 22 whose
1561 3926 104 27 happiest
1679 3925 46 26 day
1736 3926 46 21 will

1237 3953 25 21 be
1281 3955 56 19 that,
1352 3961 29 14 on
1401 3955 70 20 which
1490 3955 26 20 he
1533 3954 47 21 dies
1597 3958 36 18 tor
1650 3954 109 27 liberty.'*

1260 3982 52 21 This
1335 3982 61 25 reply
1421 3989 48 14 was
1492 3982 102 21 received
1615 3984 59 20 with
1694 3985 39 19 the
1752 3983 20 21 si-

1236 4010 61 21 lence
1316 4010 22 21 of
1354 4010 78 21 death.

1260 4039 99 21 Maurice
1380 4038 117 27 presented
1517 4040 33 21 his
1570 4040 86 25 breast,
1691 4041 80 26 expect-

1236 4068 38 24 ing
1294 4073 69 20 every
1384 4069 97 21 moment
1505 4069 38 20 the
1563 4068 83 24 sword,
1667 4069 23 21 of
1710 4070 74 20 which

1236 4096 25 20 he
1283 4096 43 20 had
1347 4097 52 24 only
1422 4097 40 20 felt
1485 4098 38 19 the
1544 4099 73 24 point,
1638 4098 74 20 would
1756 4098 28 20 be

1236 4123 97 26 plunged
1349 4125 50 20 into
1415 4125 33 19 his
1466 4125 74 20 heart.

1314 4152 47 22 this
1381 4152 93 22 true?"'
1494 4152 52 22 said
1566 4158 14 16 a
1601 4154 62 22 voice
1683 4153 40 23 full
1759 4153 23 22 of

1233 4181 110 21 emotion;
1436 4187 24 15 us
1482 4188 44 19 see,
1547 4188 77 20 young
1645 4188 60 16 man,
1726 4183 54 20 that

1233 4215 45 19 you
1295 4209 28 21 He
1735 4222 5 11 ,

1347 4240 20 19 in
1389 4244 35 18 my
1601 4238 52 21 paid
1672 4239 108 23 Maurice,

1309 4272 45 19 you
1370 4266 47 22 will
1434 4266 64 21 there
1515 4266 46 21 find
1576 4273 37 19 my
1627 4268 153 21 commission.

1232 4294 63 21 Look
1313 4300 59 20 upon
1387 4301 37 19 my
1441 4294 87 24 breast,
1545 4294 44 22 and
1605 4296 17 21 if
1637 4297 41 20 not
1692 4296 88 22 effaced

1233 4323 28 24 by
1277 4329 37 18 my
1328 4322 75 22 blood,
1419 4329 46 18 you
1479 4323 47 21 will
1539 4329 37 14 see
1589 4330 38 18 my
1641 4325 98 21 initials,
1751 4330 29 14 an

1233 4349 20 23 M
1269 4350 45 22 and
1329 4351 25 19 L.
1370 4349 156 22 embroidered
1542 4357 28 15 on
1586 4357 37 19 my

1255 4379 101 22 Maurice
1372 4379 41 21 felt
1430 4379 88 21 himself
1536 4379 157 26 immediately
1704 4380 76 22 raised

1232 4409 29 24 by
1276 4410 82 21 strong
1374 4413 62 16 arms
1451 4407 45 22 and
1511 4409 90 20 carried
1617 4411 26 18 to
1656 4416 62 13 some
1733 4409 34 22 dis-

1230 4438 77 19 tance.
1336 4436 34 20 He
1384 4436 52 20 first
1451 4435 70 21 heard
1535 4442 40 14 one
1589 4436 55 20 door
1657 4438 122 23 open,then

1231 4468 14 16 a
1263 4463 89 22 second,
1373 4464 72 20 which
1466 4464 25 20 he
1511 4464 65 20 knew
1594 4469 48 14 was
1660 4469 118 17 narrower

1230 4493 58 22 than
1306 4493 38 21 the
1361 4492 61 24 first,
1441 4491 57 22 from
1516 4492 39 21 the
1572 4492 91 22 trouble
1679 4494 39 21 the
1729 4499 48 16 men

1230 4521 69 21 found
1312 4522 22 20 in
1346 4521 111 24 carrying
1472 4521 43 20 him
1530 4522 108 22 through.
1660 4522 45 20 The
1718 4529 44 14 mur-

1230 4551 91 21 muring
1340 4548 44 21 and
1404 4549 136 24 whispering
1559 4549 131 20 continued.

1294 4583 36 15 am
1430 4575 50 22 said
1495 4576 101 20 Maurice
1627 4578 24 19 to
1681 4577 95 23 himself;

1316 4603 46 23 will
1377 4603 76 21 fasten
1467 4609 15 14 a
1495 4605 66 19 stone
1574 4604 87 21 around
1674 4612 37 17 my
1723 4607 54 21 neck

1230 4633 45 21 and
1291 4634 51 18 cast
1359 4635 33 18 ton
1411 4632 50 20 into
1477 4631 39 21 the

1255 4661 24 21 In
1294 4666 30 15 an
1338 4660 90 20 instant
1444 4659 26 20 he
1486 4658 42 22 felt
1542 4660 40 20 the
1596 4665 50 16 men
1661 4661 50 21 who
1721 4661 54 22 bore

1229 4690 46 21 him
1289 4694 58 15 were
1360 4687 119 24 mounting
1491 4693 62 15 some
1566 4689 70 25 steps.
1665 4689 15 22 A
1693 4696 66 17 warm-

1229 4724 26 14 er
1269 4718 37 21 air
1318 4716 81 21 fanned
1416 4717 33 20 his
1464 4717 57 22 face,
1535 4716 45 21 and
1594 4718 25 19 he
1634 4723 47 15 was
1692 4719 85 25 'placed

1230 4751 60 19 upon
1309 4750 15 15 a
1339 4744 60 20 seat.
1433 4743 36 20 He
1488 4743 70 21 heard
1576 4750 15 13 a
1608 4744 58 21 door
1682 4746 78 21 double-

1228 4771 79 24 locked
1326 4770 44 23 and
1386 4771 39 20 the
1443 4770 71 21 sound
1531 4770 23 21 of
1570 4770 125 28 departing
1704 4774 70 26 steps.

1230 4802 33 20 He
1284 4798 89 24 fancied
1392 4800 27 22 he
1441 4804 48 15 wa«
1511 4799 41 22 left
1572 4800 74 23 alone.
1683 4801 33 22 He
1736 4799 28 26 lis-

1227 4829 69 23 tened
1317 4829 58 20 with
1394 4834 26 13 as
1441 4828 64 20 much
1526 4829 120 21 attention
1680 4836 26 15 as
1725 4837 49 15 was

1229 4857 98 28 possible
1345 4857 24 21 in
1385 4862 14 14 a
1418 4862 52 15 man
1489 4857 75 20 whose
1581 4857 39 20 life
1637 4858 60 27 hung
1715 4865 58 21 upon

1228 4893 15 15 a
1258 4885 80 22 word.,
1353 4884 44 22 and
1412 4885 101 23 thought
1530 4885 25 20 he
1569 4887 70 21 again
1655 4887 69 22 heard
1734 4889 39 21 the

1228 4915 63 21 voice
1308 4914 74 21 wTrich
1396 4912 46 22 had
1458 4913 97 25 already
1570 4914 80 21 struck
1665 4920 59 21 upon
1738 4917 35 21 his

1230 4982 44 16 ear
1290 4983 51 20 say,
1359 4977 58 22 with
1436 4982 16 15 a
1469 4977 101 22 mixture
1587 4975 23 22 of
1627 4974 101 23 decision
1737 4971 45 23 and

1230 5005 108 23 mildness
1350 5005 3 23 :

1330 5035 47 22 will

1410 5094 132 23 CHAPTER
1559 5093 61 22 VIII.

1426 5141 161 19 GENEVIEVE.

1255 5173 17 22 'A
1291 5176 98 26 quarter
1405 5174 23 21 of
1447 5180 29 17 an
1495 5175 56 20 hour
1570 5172 80 28 passed
1667 5176 76 21 away;
1761 5169 22 21 it

1232 5204 131 26 appeareed
1376 5210 30 15 an
1419 5209 44 20 age
1478 5204 26 20 to
1519 5203 108 21 Maurice.
1657 5200 47 21 And
1718 5199 65 20 what

1232 5237 64 15 mure
1315 5232 95 21 natural
1421 5231 9 21 ?
1473 5232 87 25 Young,
1581 5229 121 22 handsome
1737 5226 46 21 and

1234 5261 116 23 vigorous,
1371 5260 80 25 highly
1471 5259 95 21 beloved
1603 5258 45 22 and
1668 5254 115 23 esteemed

1233 5287 29 26 by
1278 5293 14 15 a
1306 5288 100 22 hundred
1420 5288 98 21 devoted
1533 5286 92 24 friends,
1639 5285 58 21 with
1707 5285 75 20 whom

1233 5316 26 20 he
1279 5318 132 20 sometimes
1431 5316 107 22 dreamed
1558 5315 24 21 of
1602 5313 180 26 accomplishing

1233 5347 71 24 great
1324 5347 86 25 things,
1430 5345 27 21 he
1478 5345 41 22 felt
1542 5343 88 24 himself
1664 5341 119 25 suddenly,

1235 5374 101 21 without
1357 5376 160 24 preparation,
1540 5374 70 21 liable
1631 5374 27 19 to
1681 5372 46 19 lose
1749 5369 34 22 his

1234 5402 103 22 life—the
1359 5404 80 20 victim
1458 5403 22 20 of
1516 5408 14 15 a
1550 5402 53 20 base
1638 5397 145 24 ambuscade.

1235 5430 33 21 He
1286 5431 66 21 knew
1369 5437 28 15 no
1415 5437 42 15 one
1475 5437 49 14 was
1540 5432 54 20 shut
1611 5430 23 22 in
1651 5430 39 19 the
1703 5428 81 20 tham-«

1234 5459 48 25 ber,
1298 5460 42 20 but
1354 5465 48 15 was
1418 5460 26 20 he
1460 5458 125 22 watched?
1616 5457 33 22 He
1663 5457 72 26 again
1744 5461 27 16 ex-

1233 5487 65 22 erted
1316 5486 31 23 rfll
1363 5489 34 21 his
1412 5489 108 25 strength
1535 5490 26 19 to
1576 5487 70 21 break
1660 5486 33 20 his
1704 5484 79 25 bonds,

1234 5517 40 20 till
1297 5517 33 20 his
1352 5517 51 22 iron
1425 5517 94 21 muscles
1540 5515 101 23 swelled,
1662 5513 45 22 aud
1744 5513 40 20 the

1234 5545 67 21 cords
1318 5545 93 21 entered
1428 5546 33 20 his
1479 5546 63 23 flesh;
1561 5545 40 21 but
1618 5544 54 24 this,
1689 5543 44 21 like
1751 5541 31 21 all

1234 5574 35 21 his
1288 5574 85 21 former
1390 5574 89 25 efforts,
1500 5580 49 14 was
1568 5573 90 20 useless.

1258 5602 24 20 It
1299 5607 50 16 was
1365 5602 39 21 the
1422 5608 62 15 more
1502 5602 95 21 terrible
1614 5602 34 20 his
1665 5599 71 23 hands
1745 5599 25 21 be-

1236 5630 38 25 ing
1290 5630 48 21 tied
1352 5630 88 21 behind.
1472 5631 33 20 He
1521 5636 48 15 was
1583 5630 82 21 unable
1678 5630 27 20 to
1718 5628 66 21 draw

1235 5663 30 22 up
1281 5659 34 20 his
1330 5658 113 27 bandage.
1476 5659 19 21 If
1511 5659 26 21 he
1552 5664 59 15 were
1626 5658 53 25 only
1695 5657 52 21 able
1758 5659 26 16 to

1234 5693 45 19 see,
1297 5688 26 20 he
1338 5689 75 24 might
1432 5689 96 25 perhaps
1545 5688 26 20 be
1587 5687 51 21 able
1653 5689 26 19 to
1695 5691 88 21 escape.

1236 5715 121 25 However,
1371 5722 26 14 ue
1410 5717 63 20 these
1489 5716 93 21 various
1596 5716 116 25 attempts
1724 5719 60 15 were

1236 5743 66 21 made
1317 5745 100 22 without
1431 5745 140 27 opposition,
1586 5744 45 22 and
1646 5745 95 24 hearing
1755 5748 28 16 no

1236 5778 42 15 one
1296 5774 106 25 stirring,
1422 5774 25 20 he
1466 5773 123 22 concluded
1608 5774 26 20 he
1653 5779 49 14 was
1719 5773 65 25 quite

1236 5800 74 21 alone.

1260 5828 41 21 His
1323 5829 46 21 feet
1392 5830 89 26 pressed
1505 5836 58 21 upon
1585 5830 129 26 something
1735 5828 48 22 soft

1236 5856 45 22 and
1296 5858 80 26 heavy;
1390 5860 20 20 it
1425 5860 74 26 might
1515 5860 25 20 be
1554 5860 80 25 gravel
1647 5865 27 15 or
1688 5860 95 25 perhaps

1234 5886 49 20 soft
1298 5887 62 26 clay.
1392 5888 33 21 An
1441 5887 72 23 acrid,
1532 5890 100 25 pungent
1648 5888 64 21 smell
1742 5893 27 15 an-

1236 5915 100 20 nounced
1349 5917 38 20 the
1399 5922 105 21 presence
1517 5917 23 21 of
1553 5917 121 26 vegetable
1687 5917 96 21 matter.

1237 5942 100 24 Maurice
1354 5944 89 24 fancied
1460 5946 26 21 he
1504 5952 47 15 wa3
1568 5947 24 22 in
1606 5952 15 15 a
1636 5947 146 26 greenhouse,

1236 5978 26 15 or
1277 5978 63 17 some
1356 5974 64 26 place
1437 5980 56 21 very
1511 5976 44 21 like
1570 5976 29 21 it.
1631 5976 34 21 He
1681 5975 57 22 took
1768 5980 16 15 a

1234 6001 55 27 step
1305 6007 28 18 or
1350 6006 56 22 two,
1427 6004 35 22 hit
1481 6005 39 22 the
1539 6005 63 25 wall,
1620 6004 90 26 turned,
1730 6002 52 25 and,

1236 6032 99 26 groping
1350 6033 57 21 with
1422 6034 33 20 his
1471 6033 78 28 bauds,
1564 6035 43 22 felt
1620 6041 62 15 some
1697 6032 87 28 garden

1235 6055 70 26 tools.
1343 6061 34 21 He
1398 6063 93 21 uttered
1513 6070 31 16 an
1564 6064 159 21 exclamation
1759 6061 24 21 of

1236 6087 47 27 joy.
1323 6089 62 23 With
1402 6093 157 25 unparalleled
1578 6094 107 21 exertion
1702 6093 27 21 he
1745 6091 25 21 be-

1235 6122 47 20 gan
1301 6119 27 20 to
1345 6121 105 21 examiue
1472 6122 62 21 these
1554 6123 70 24 tools,
1643 6127 43 16 one
1720 6120 64 22 after

1235 6147 105 22 another.
1359 6148 42 23 His
1418 6149 71 27 flight
1508 6157 51 16 now
1577 6151 94 23 became,
1686 6155 16 16 a
1718 6154 52 22 ques-

1234 6175 52 22 tion
1305 6176 23 21 of
1347 6178 64 21 time.
1456 6179 18 22 If
1493 6180 85 21 chance
1597 6186 28 15 or
1643 6177 140 24 Providence

1234 6205 100 23 granted
1352 6207 44 21 him
1414 6207 45 21 five
1477 6209 107 21 minutes,
1603 6207 44 23 and
1664 6207 17 22 if
1697 6211 85 20 among

1234 6233 64 21 these
1314 6235 61 21 tools
1392 6237 25 20 he
1435 6237 68 22 found
1519 6244 14 14 a
1548 6239 72 24 sharp
1634 6235 148 24 instrument,

1234 6261 26 21 he
1276 6268 49 16 was
1340 6264 76 22 saved.
1450 6266 33 21 He
1500 6265 68 24 found
1584 6272 14 14 a
1611 6265 79 27 6pade.
1713 6263 69 23 Prom

1234 6290 39 21 the
1290 6297 53 20 way
1359 6294 23 21 in
1399 6294 73 22 which
1490 6295 101 21 Maurice
1607 6300 48 14 was
1671 6291 74 23 bound
1761 6291 23 21 it

1234 6320 103 25 required
1357 6328 13 15 a
1389 6326 68 23 great
1477 6324 107 25 struggle
1603 6324 26 20 to
1649 6322 60 21 raise
1742 6320 41 21 the

1232 6348 72 27 ipade
1318 6355 16 18 a
1347 6351 117 22 sufficient
1481 6353 80 20 height
1578 6352 35 21 for
1628 6351 34 21 his
1677 6353 104 21 uuxnojfc

1400 6380 30 21 10
1444 6383 28 18 US,
1488 6384 131 18 CC'MI.NVEB.

1835 302 69 16 THE
1927 302 207 16 CEEVALIER
2157 302 46 16 DE
2226 302 139 16 MAISON

1835 318 553 2 ROUGH.

1934 345 145 27 CHAPTER
2092 339 100 28 Till.—
2193 343 139 24 OONTtNTTET).

1840 425 35 25 He
1894 432 28 20 at
2041 423 127 28 succeeded,
2205 418 45 26 and
2269 426 59 21 upon
2347 414 41 24 th*

1839 458 53 22 iron
1911 459 24 21 of
1952 461 40 20 the
2011 457 77 29 spade,
2108 454 75 22 which
2201 453 26 20 he
2262 447 126 28 supported

1840 487 97 25 against
1949 489 38 20 the
2000 487 53 21 wall
2067 485 59 21 with
2138 484 34 20 his
2184 480 65 24 back,
2262 480 26 20 he
2302 479 26 19 at
2338 479 50 17 last

1839 516 48 22 cut,
1901 521 27 15 or
1939 518 81 18 rath?r
2034 519 59 16 wore
2107 516 78 20 away,
2196 510 41 20 the
2249 506 55 21 cord
2314 506 73 19 which

1839 541 105 23 confined
1961 545 35 21 bis
2015 543 84 22 wrists.
2133 539 46 21 The
2197 536 124 28 operation
2339 537 49 15 was

1839 570 108 27 tedious;,
1966 572 37 21 the
2023 573 16 18 ;
2039 573 34 18 on
2090 569 40 19 cut
2149 566 91 24 slowly.
2275 564 44 19 The
2339 566 36 20 per-

1839 598 118 25 spiration
1977 595 115 26 streamed
2126 595 58 21 from
2206 593 34 21 his
2261 592 57 20 face:
2361 588 27 19 he

1839 625 72 24 heard
1923 633 14 16 a
1949 636 14 14 n
2042 633 6 16 1
2062 626 22 21 of
2093 630 63 16 some
2168 628 42 16 one
2222 618 167 30 approaching;

1840 656 59 20 with
1912 662 16 15 a
1938 655 145 24 tiemoadous
2095 653 73 20 effort
2180 653 40 19 the
2231 649 63 24 cord,
2308 647 80 21 rather

1840 687 73 21 worn,
1930 683 78 25 broke.
2039 684 53 21 This
2108 682 57 21 time
2182 680 21 21 it
2219 684 49 14 was
2285 681 14 17 a
2314 680 41 19 cry
2366 673 23 20 of

1840 709 39 28 joy
1896 712 27 21 he
1938 718 60 21 gave
2014 713 121 20 utterance
2151 710 34 20 to:
2200 712 60 19 now,
2277 706 26 20 at
2319 703 69 22 least,

1839 738 28 22 he
1885 746 50 16 was
1950 748 53 16 sure
2019 744 25 18 to
2062 739 35 23 die
2113 740 25 20 in
2153 735 121 26 defending
2292 731 95 24 himself.

1840 767 102 25 Maurice
1958 773 52 19 tore
2025 771 39 21 the
2081 767 105 26 bandage
2204 766 58 20 from
2278 764 35 20 his
2328 766 60 20 eyes.

1840 795 36 22 He
1889 804 49 15 was
1950 802 39 18 not
2006 797 110 24 deceived,
2131 797 42 20 but
2186 793 68 23 found
2267 790 89 23 himself
2366 795 23 14 in

1839 830 16 15 a
1874 825 54 23 kind
1945 827 30 22 of,
1995 826 37 23 nil
2053 825 146 26 greenhouse,
2217 821 41 21 but
2276 818 112 28 pavilion,

1840 852 56 22 used
1908 860 26 15 as
1947 861 14 15 a
1972 853 130 29 'receptacle
2116 853 36 20 for
2163 852 38 21 the
2214 854 62 18 more
2289 846 99 22 delicate

1841 881 80 26 plants
1938 884 82 21 unable
2038 885 26 18 to
2083 881 89 22 outlive
2191 880 38 20 the
2248 877 85 21 winter
2365 873 23 20 in

1840 910 40 21 the
1895 915 58 23 open
1968 919 44 15 air.
2043 912 26 20 In
2083 916 14 15 a
2110 915 81 15 corner
2206 908 39 19 the
2260 903 129 27 gardening

1840 938 144 26 implements
1998 945 59 17 were
2066 936 90 24 stowed
2170 941 77 19 away,
2262 933 73 20 which
2345 929 44 22 had

1841 966 56 22 been
1912 969 40 21 the
1969 975 75 15 means
2061 967 23 21 of
2102 966 118 22 rendering
2236 963 45 20 him
2298 966 25 15 so
2347 959 27 21 im-

1841 996 99 24 portant
1956 1003 12 15 a
1986 996 102 22 se.'Hrice.
2121 994 88 24 Facing
2226 992 45 20 him
2288 994 47 14 was
2375 990 14 16 a

1841 1023 107 23 window:
1966 1027 25 20 he
2010 1033 10 14 *■
2025 1023 79 23 lanced
2121 1021 95 23 toward
2234 1020 28 21 it.
2279 1016 44 23 and
2339 1020 49 16 saw

1840 1053 22 21 it
1882 1059 49 16 was
1949 1053 91 29 grated,
2063 1053 42 22 and
2127 1058 12 14 a
2160 1056 53 17 man
2232 1046 77 23 armed
2330 1044 59 21 with

1839 1081 95 23 carbine
1956 1083 78 27 placed
2054 1081 97 22 sentinel
2174 1079 76 21 before
2272 1077 27 19 it.

1864 1110 34 22 On
1912 1112 40 21 the
1968 1114 66 19 other
2049 1110 48 22 side
2113 1109 23 20 of
2150 1109 39 20 the
2205 1104 94 28 garden,
2316 1102 71 20 about

1840 1138 79 26 thirty
1935 1146 66 20 pac»s
2015 1139 97 21 distant,
2131 1136 95 27 perhaps
2243 1133 80 21 rather
2337 1131 52 20 less,

1842 1173 50 15 rose
1906 1173 20 16 -a
1944 1167 65 25 small
2030 1167 84 23 turret,
2135 1165 75 22 fellow
2229 1163 26 20 to
2289 1160 39 21 the
2347 1163 42 17 one

1841 1197 75 21 where
1936 1197 98 22 Maur.ce
2054 1193 114 25 remained
2191 1192 108 26 prisoner.
2344 1188 45 21 The

1841 1224 63 22 blind
1924 1231 49 15 was
1992 1226 73 20 down,
2086 1224 42 20 but
2148 1221 100 25 through
2267 1220 39 19 the
2326 1217 63 23 blind

1841 1258 15 16 a
1872 1253 61 27 light
1951 1260 48 14 was
2016 1252 88 22 visible.

1864 1282 36 22 He
1919 1282 144 27 approached
2081 1282 40 20 the.
2142 1279 57 21 door
2219 1277 43 23 and
2283 1274 105 24 listened:

1840 1312 101 21 another
1958 1311 97 22 sentinel
2076 1315 48 14 was
2146 1306 78 28 placed
2246 1305 75 21 before
2341 1304 48 20 this

1841 1338 65 24 door.
1941 1340 68 22 These
2029 1344 58 15 were
2106 1338 41 21 the
2166 1336 115 25 footsteps
2300 1334 25 20 he
2344 1331 44 22 had

1840 1368 81 24 heard.
1951 1369 42 23 But
2010 1369 55 21 from
2083 1368 39 21 the
2137 1365 42 23 end
2194 1364 22 22 of
2230 1364 39 22 the
2283 1360 106 23 corridor

1841 1404 12 14 a
1868 1398 117 22 confusion
1999 1398 24 20 of
2037 1397 75 21 voices
2128 1393 131 24 resounded.
2293 1390 47 23 The
2351 1390 26 21 de-

1840 1427 126 21 liberation
1987 1426 42 20 had
2046 1425 119 24 evidently
2183 1419 154 29 degenerated
2356 1420 22 20 in-

1839 1456 28 19 to
1883 1453 155 28 disputation.

1864 1483 102 22 Maurice
1980 1480 66 23 could
2062 1482 40 21 not
2119 1482 56 20 hear
2190 1477 122 25 distinctly
2323 1477 66 20 what

1841 1518 49 15 was
1907 1511 58 24 said;
1980 1517 62 16 some
2060 1510 84 23 words,
2163 1510 112 21 however,
2293 1503 96 25 reached

1839 1542 55 24 him,
1906 1540 45 24 and
1962 1541 62 22 amid
2036 1541 64 21 these
2114 1538 125 24 words-as
2250 1536 17 24 if
2278 1536 37 23 lor
2326 1536 63 21 them

1903 2208 35 19 HE
1953 2208 109 18 RETIRED
2079 2206 93 19 BEHIND
2189 2206 50 18 THE
2258 2205 74 18 DOOR.

1842 2248 56 25 only
1918 2248 38 21 the
1977 2256 6 11 '.
1984 2242 3 31 ;
1987 2248 92 21 .i?tance
2101 2251 48 14 was
2169 2244 118 21 short—he
2307 2242 73 22 distin-

1841 2268 96 35 guished
1947 2276 96 28 plainly.
2156 2272 115 23 Poniard!

1843 2305 101 23 Maurice
1963 2304 121 22 redoubled
2102 2304 33 21 his
2155 2302 128 24 attention;
2302 2307 15 15 a
2334 2300 58 21 door

1843 2334 94 26 opened,
1956 2335 43 19 an')
2021 2333 24 22 he
2066 2331 69 23 heard
2155 2337 62 15 more
2236 2330 131 25 distinctly.

1966 2361 51 23 said
2033 2368 41 15 one
2093 2361 71 23 voice,
2236 2360 19 20 is
2271 2357 121 26 assuredly

1842 2398 15 15 a
1874 2397 50 22 spy;
1940 2391 27 22 he
1986 2392 39 20 has
2043 2389 131 23 discovered
2190 2388 140 26 something,
2346 2385 47 24 and

1843 2422 18 21 is
1878 2421 118 25 certainly
2013 2423 49 18 sent
2081 2421 26 19 to
2124 2419 56 20 take
2197 2424 25 14 us
2238 2417 45 21 and
2300 2423 43 14 our
2355 2415 24 28 Se-

1841 2450 52 21 cret
1913 2453 128 18 unawares.
2078 2448 25 21 In
2123 2447 87 25 freeing
2231 2447 45 20 him
2297 2451 33 14 we
2351 2451 42 14 run

1842 2479 39 20 the
1902 2479 45 21 risk
1965 2477 22 22 of
2008 2479 33 19 his
2060 2476 140 25 denouncing

1945 2507 32 21 hib
2099 2504 51 22 said
2167 2510 15 15 a
2198 2505 71 21 voice.

1942 2534 114 22 word—he
2073 2534 50 21 will
2141 2534 51 25 give
2211 2533 20 20 it
2247 2533 55 25 only
2318 2533 26 20 to
2354 2531 25 21 be-

1843 2565 58 24 tray
1923 2564 28 21 it.
1989 2564 20 20 Is
2034 2564 24 19 he
2081 2568 12 14 a
2118 2562 140 25 gentleman,
2279 2561 56 21 that
2357 2566 36 14 we

1842 2592 81 21 6hould
1940 2594 63 19 trust
2020 2592 34 20 his
2071 2591 64 20 word

1867 2622 102 21 Maurice
1987 2619 87 27 ground
2093 2620 33 21 his
2145 2620 66 20 teeth
2231 2620 26 20 at
2275 2620 39 20 the
2340 2617 54 22 idea

1845 2651 73 21 which
1931 2655 61 16 some
2007 2650 57 19 folks
2078 2649 50 21 etill
2145 2647 113 22 retained,
2271 2649 55 19 that
2337 2647 56 25 only

1843 2685 14 15 a
1878 2678 132 27 gentleman
2027 2676 68 22 could
2114 2678 56 26 keep
2189 2678 33 20 his
2240 2677 66 20 oath.

1944 2708 26 21 he
1985 2707 53 20 does
2054 2707 41 22 not
2111 2706 67 22 know
2193 2712 33 18 us;
2241 2706 52 21 how
2307 2711 44 15 can
2366 2705 27 21 he

1843 2737 115 22 denouuee
1974 2742 24 15 U3

1945 2766 24 19 he
1991 2765 52 20 does
2064 2766 41 19 not
2126 2765 67 20 know
2214 2770 32 19 us,
2265 2764 127 24 certainly,

1843 2799 43 16 nor
1903 2799 44 14 our
1962 2792 157 27 occupations;
2139 2792 41 20 but
2199 2792 25 20 he
2242 2792 79 20 knows
2353 2792 40 20 the

1844 2820 101 28 address,
1966 2820 45 23 and
2030 2820 49 22 will
2101 2821 86 24 return;
2223 2820 48 22 this
2290 2820 57 22 time
2366 2820 27 21 he

1844 2851 48 22 will
1914 2851 26 21 be
1960 2850 52 21 well

1868 2880 53 22 This
1940 2879 123 27 argument
2082 2876 116 31 appeared
2216 2878 138 22 conclusive.

1989 2907 50 22 said
2061 2914 13 14 a
2097 2908 73 21 voice,
2207 2908 74 21 which
2302 2907 90 21 several

1843 2939 70 20 times
1931 2932 94 30 already
2044 2936 44 20 had
2105 2937 79 20 struck
2202 2936 100 21 Maurice
2319 2942 26 13 as
2356 2936 24 20 be-

1845 2966 97 26 longing
1962 2970 26 17 to
2010 2966 36 21 the
2067 2965 68 26 chief,
2213 2965 19 22 is
2252 2966 55 21 then
2328 2964 65 28 quite

1956 3029 12 15 a
1989 3022 99 23 hundred
2108 3023 77 23 times,
2205 3028 47 20 yes;
2274 3022 9 21 I
2302 3022 29 20 do
2351 3022 43 21 not

1843 3051 151 29 comprehend
2009 3057 44 22 you
2066 3052 59 22 with
2140 3057 59 21 your
2212 3051 181 27 magnanimity.

1845 3082 53 23 Mon
1909 3082 60 21 cher.
1984 3081 15 22 if
2014 3081 36 21 the
2064 3080 137 22 Committee
2213 3081 36 20 for
2260 3081 40 21 the
2313 3079 80 24 Public

1844 3111 83 24 Safety
1942 3111 88 24 caught
2048 3115 31 19 us,
2097 3115 45 19 you
2159 3109 78 21 would
2252 3115 35 15 see
2304 3109 17 21 if
2337 3110 56 23 they

1845 3138 69 21 acted
1934 3138 64 21 after
2017 3139 45 19 this

1953 3166 90 27 persist,
2065 3166 61 25 then,
2147 3165 24 22 in
2190 3171 60 20 your
2284 3164 109 26 decision,

2009 3222 76 25 >bubt;
2104 3222 45 21 and
2167 3227 48 20 you
2233 3227 40 16 are
2292 3222 49 23 not,
2359 3226 34 15 we

1845 3252 64 28 hope,
1929 3252 70 26 going
2018 3252 23 19 to
2062 3255 84 21 oppose
2164 3250 63 21 it?'"

1914 3281 54 22 bav-
1969 3278 3 28 ;
2063 3284 41 15 ':.'"
2125 3280 71 19 voice,
2217 3280 136 22 gentlemen.
2373 3278 5 15 ?
2384 3279 10 18 t.

1844 3314 41 15 naa
1905 3309 54 21 been
1978 3312 20 19 ia
2103 3307 22 19 of
2143 3307 35 20 his
2195 3306 133 24 liberation;
2347 3312 47 18 you

1844 3342 88 21 possess
1951 3337 43 21 six,
2018 3333 44 23 and
2083 3335 55 25 they
2159 3333 33 22 all
2213 3335 54 19 vote
2302 3333 37 21 for
2358 3333 35 21 his

1844 3364 71 23 dfco-th
1957 3359 83 34 Let\;t
2057 3363 56 23 then
2131 3363 25 21 be

1864 3397 101 22 Maurice
1987 3397 44 23 i-V-
2052 3396 37 19 tin
2110 3393 68 22 blood
2198 3393 71 21 freeze
2289 3400 24 14 in
2356 3393 34 21 his

1841 3427 70 20 veins.
2019 3426 8 29 \

1921 3459 86 18 course,
2022 3447 27 37 \'-'
2067 3450 47 22 will
2130 3450 60 21 howl
2205 3448 44 23 and
2339 3447 52 22 said

1840 3482 39 22 the
1901 3483 69 21 voice:
2072 3480 58 20 have
2149 3483 46 21 you
2215 3476 106 23 removed
2342 3476 32 21 Ma-

1840 3510 66 22 dame
1925 3511 74 22 Dixnu
2006 3517 11 13 r
2025 3509 9 12 ?
2045 3507 34 27 *\

2142 3534 127 23 murmured
2281 3534 109 24 Maurice;

1887 3569 66 24 begin
1977 3571 46 20 upw
2047 3568 24 18 to
2088 3561 155 29 /omprehend
2263 3565 66 19 Tarn
2367 3563 23 21 in

1840 3597 39 20 the
1904 3596 65 19 house
1991 3592 22 22 b!
2038 3593 151 21 the*master
2208 3594 92 21 tanner,
2338 3591 52 20 who

1839 3624 72 26 spoke
1925 3623 27 20 to
1968 3621 34 22 m*
2020 3628 22 15 in
2058 3622 41 20 tye
2115 3620 41 21 Old
2172 3620 45 21 Rue
2233 3619 34 22 St.
2281 3619 108 26 Jacques,

1840 3652 46 21 and
1902 3652 51 20 who
1969 3651 60 20 went
2047 3649 69 26 sAvay
2135 3649 111 25 laughing
2261 3648 96 21 because
2381 3648 8 20 I

1841 3687 51 14 was.
1908 3679 82 22 unable
2008 3679 24 20 to
2055 3678 38 21 t'ell
2112 3678 44 21 him
2174 3678 39 19 the
2231 3682 65 16 name
2313 3676 23 21 of
2349 3678 40 23 'my

1841 3708 82 23 friend.
1960 3707 43 23 But
2020 3713 19 24 ,•>
2057 3712 19 15 w
2099 3707 39 20 the
2161 3705 59 21 devil
2241 3711 44 15 can
2306 3705 20 21 it
2363 3704 26 21 be

1840 3740 27 20 to
1887 3739 34 21 his
1940 3737 98 23 interest
2059 3737 26 19 to
2105 3735 133 21 assasinate
2257 3740 34 16 me

1865 3767 103 24 Looking
1985 3763 70 24 round
2070 3764 72 20 about
2159 3765 53 20 him,
2340 3768 36 21 per-

1840 3794 79 21 ceived
1937 3800 31 15 an
1985 3794 50 20 iron
2054 3793 68 20 stake
2142 3792 59 20 with
2219 3797 12 14 a
2251 3791 81 21 handle
2366 3789 24 22 of

1841 3824 104 20 ash-tree
1964 3820 74 23 w*od.

1926 3855 47 19 any
2008 3855 25 13 <<s
2036 3854 9 9 a
2091 3847 51 22 said
2163 3848 35 22 he,
2333 3848 56 23 they

1842 3879 143 22 assassinate
2001 3883 42 19 m<s
2059 3876 9 22 I
2084 3876 49 23 will
2149 3876 40 21 kill
2205 3881 61 16 more
2282 3876 56 21 than
2348 3880 42 16 one

1841 3909 23 22 of
2348 3921 5 9 ,

1866 3937 45 24 And
1930 3938 26 22 he
1972 3940 85 23 sprung
2075 3935 27 21 to
2119 3939 77 17 secure
2214 3935 47 21 this
2279 3934 111 21 harmless

1841 3966 147 23 instrument,
2008 3965 80 20 which,
2105 3964 23 21 in
2146 3964 33 21 his
2198 3963 67 25 hand,
2283 3969 48 14 was
2363 3964 28 20 to

1841 3996 91 20 become
1952 4000 12 13 a
1986 3991 137 23 formidable
2144 3997 103 20 weapon.
2292 3991 33 21 He
2335 3992 54 20 then

1842 4022 86 24 retired
1949 4021 81 22 behind
2052 4021 38 20 the
2111 4019 64 22 door,
2197 4019 44 21 and
2262 4026 26 14 so
2309 4018 79 27 placed

1841 4051 91 25 himself
1948 4052 53 19 that
2023 4050 22 20 be
2064 4048 67 22 could
2149 4054 36 15 see
2203 4048 99 22 without
2321 4048 69 25 being

1840 4087 60 16 seeD.
1939 4079 41 22 His
2003 4078 64 23 heart
2092 4076 55 23 beat
2168 4083 26 15 so
2216 4077 173 25 tumultuously

1841 4111 56 21 that
1915 4109 23 21 in
1954 4108 40 20 the
2012 4107 54 24 deep
2083 4106 83 21 silence
2184 4106 31 20 itp
2232 4106 158 25 palpitations

1841 4137 75 25 might
1932 4136 26 20 be
1972 4134 78 21 heard.
2081 4133 114 25 Suddenly
2212 4134 99 20 Maurice

1841 4165 68 23 dered
1929 4164 58 22 from
2006 4161 57 23 head
2083 4163 27 20 to
2130 4162 58 21 foot.
2224 4163 15 19 A
2260 4163 63 21 voice
2343 4161 45 22 had

1840 4193 52 22 uaid
1904 4193 3 22 :

1921 4226 45 20 you
1987 4219 40 21 act.
2049 4217 123 27 according
2194 4219 26 19 to
2241 4224 37 19 my
2299 4217 88 24 advice,

1841 4255 46 21 you
1907 4249 47 22 will
1975 4247 70 21 break
2065 4252 14 15 a
2098 4245 107 24 window,
2224 4245 45 22 and
2287 4247 102 26 through

1842 4280 39 20 the
1901 4277 54 22 bars
1973 4276 39 21 kili
2036 4275 44 21 him
2100 4275 58 20 with
2177 4279 13 16 a
2209 4275 53 21 ahot
2281 4275 59 21 from
2374 4280 16 15 a

1941 4338 36 17 no,
1995 4337 37 15 no,
2053 4332 40 19 not
2114 4336 29 14 an
2338 4330 51 21 said

1843 4362 99 21 another
1961 4356 159 24 voice.'"that
2157 4358 74 26 might
2253 4357 83 26 betray
2355 4364 33 15 us.

1843 4388 97 25 Besides,
1960 4388 92 21 Dixmer
2077 4386 64 22 there
2161 4386 19 21 is
2198 4391 58 19 your

1907 4419 58 19 have
1980 4416 44 25 just
2042 4414 81 21 looked
2138 4416 27 18 at
2179 4416 41 19 her
2232 4416 102 24 through
2348 4416 40 20 the

1843 4445 70 21 blind;
1930 4444 38 20 she
1986 4444 101 24 suspects
2107 4442 160 25 nothing—she
2285 4443 19 20 is
2322 4442 52 21 read-

2002 4511 46 21 you
2066 4506 60 21 shall
2147 4504 77 23 decide
2244 4504 36 21 for
2299 4509 32 16 us.
2358 4501 35 22 Do

1842 4541 46 20 you
1903 4536 116 20 advocate
2033 4541 13 14 a
2061 4535 54 21 shot
2130 4534 59 22 from
2201 4535 39 20 the
2255 4533 100 23 carbine,
2365 4537 28 16 or

1843 4569 12 15 a
1874 4563 81 21 stroke
1972 4563 57 21 from
2049 4563 38 20 the

1973 4591 106 22 firearms
2097 4596 26 16 as
2142 4591 66 21 much
2226 4595 26 15 as
2270 4589 121 27 possible—

1963 4649 32 20 let
2013 4649 19 21 it
2052 4648 26 21 be
2096 4649 38 21 the
2153 4647 104 28 poniard.

2014 4676 110 27 repeated
2144 4677 45 22 five
2211 4682 27 15 or
2259 4676 36 21 six
2316 4675 77 22 voices

1843 4706 118 26 together.

1867 4735 103 22 Maurice
1985 4740 47 14 was
2048 4739 12 14 a
2078 4734 61 22 child
2154 4734 23 22 of
2191 4736 39 20 the
2245 4733 147 23 Revolution,

1845 4763 59 21 with
1921 4768 14 15 a
1953 4763 67 21 heart
2040 4762 22 21 of
2079 4763 62 24 flint,
2159 4762 46 22 and
2220 4763 24 20 in
2260 4760 70 26 mind,
2343 4760 49 26 (like

1844 4797 70 20 many
1933 4792 86 20 others*
2030 4792 26 19 at
2076 4792 54 20 that
2150 4791 78 26 epoch,
2248 4796 30 15 an
2295 4789 97 21 atheist.

1845 4819 45 22 But
1902 4821 26 20 at
1942 4821 38 21 the
1994 4819 64 22 word
2201 4817 143 28 pronounced
2356 4817 24 20 be-

1844 4848 54 23 hind
1911 4850 40 21 the
1965 4848 63 25 door,
2044 4849 74 21 wtich
2132 4848 67 20 alone
2212 4845 124 28 separated
2347 4845 46 21 him

1845 4877 57 22 from
1923 4877 78 24 death,
2022 4878 26 21 be
2070 4868 151 36 Remembered
2241 4876 39 20 the
2299 4875 53 24 sign
2370 4872 23 21 of

1843 4907 41 22 the
1901 4911 71 21 cross,
1991 4906 71 21 which
2083 4906 33 21 Hs
2135 4905 92 22 mother
2244 4901 45 23 had
2306 4902 87 25 taught

1845 4935 44 21 him
1911 4936 64 21 when
1996 4940 29 15 an
2048 4933 76 29 ir,!{tnt
2144 4934 27 20 he
2207 4930 109 28 repeated
2358 4929 35 22 his

1845 4969 95 21 prayers
1957 4965 25 18 at
1999 4964 39 19 her
2053 4962 62 22 kn;-°.

1867 4991 68 26 Steps
1954 4991 151 26 approachefr.
2125 4988 104 28 stopped;
2264 4988 56 21 then
2353 4986 40 21 the

1844 5020 43 25 key
1899 5019 83 23 turned
1991 5021 26 21 in
2029 5020 40 21 the
2081 5019 58 26 lock,
2152 5017 45 24 and
2206 5019 40 21 the
2259 5016 58 23 door
2325 5016 55 22 slow-

1844 5049 25 25 ly
1885 5048 92 26 opened.

1869 5077 86 24 During
1989 5076 47 20 this
2056 5076 95 25 fleeting
2172 5075 101 21 moment
2292 5073 101 21 Maurice

1845 5103 45 23 had
1904 5104 51 23 said
1970 5106 26 19 to
2013 5104 104 22 himself:

1918 5133 11 20 I
1940 5133 48 20 lose
2003 5133 47 21 this
2065 5133 154 25 opportunity
2231 5133 27 20 to
2271 5131 73 22 strike
2354 5130 39 21 the

1845 5160 53 22 first
1914 5161 86 22 blowll
2017 5165 40 17 aim
2072 5167 13 14 a
2100 5160 59 21 dead
2173 5166 60 16 man.
2264 5159 20 22 If
2294 5158 13 22 1
2317 5159 77 21 throw

1844 5189 83 26 myself
1948 5196 59 20 upon
2025 5190 39 21 tin
2086 5190 120 24 assassins,
2227 5189 10 21 I
2257 5188 55 22 take
2331 5188 62 21 them

1845 5219 203 25 unawares—gain
2067 5218 53 21 first
2140 5219 39 20 the
2217 5216 93 28 garden,
2338 5217 55 20 then

1845 5247 39 20 the
1900 5248 82 23 street,
1998 5245 46 24 and
2060 5252 37 15 am

1869 5275 169 26 Immediately,
2053 5276 60 22 with
2125 5275 40 21 the
2179 5275 80 26 spring
2273 5273 24 22 of
2309 5278 16 16 a
2336 5273 57 24 lion,

1846 5303 46 21 and
1904 5305 106 24 uttering
2022 5310 16 14 a
2049 5309 88 20 savage
2149 5309 49 19 cry,
2210 5303 75 21 which
2296 5301 98 23 savored

1845 5338 63 15 more
1930 5332 22 21 of
1973 5338 91 17 menace
2087 5332 57 21 than
2166 5334 84 23 terror,
2272 5332 27 21 he
2318 5332 76 21 threw

1846 5360 66 23 down
1930 5362 39 21 the
1987 5362 53 22 first
2060 5363 48 20 two
2127 5367 57 18 men,
2203 5362 59 23 who,
2279 5360 115 25 believing

1845 5391 46 21 him
1913 5390 74 22 bound
2009 5389 45 22 and
2077 5389 149 25 blindfolded,
2248 5395 60 16 were
2330 5389 64 27 quite

1847 5419 142 26 unprepared
2004 5419 34 21 for
2050 5419 54 20 such
2119 5424 28 16 an
2163 5418 98 26 assault,
2274 5417 121 22 scattered

1845 5449 40 19 the
1902 5449 85 22 others,
2005 5447 57 22 took
2079 5453 14 14 a
2111 5447 146 22 tremendous
2271 5447 55 26 leap
2340 5451 54 16 over

1845 5478 71 20 them,
1938 5477 85 21 thanks
2043 5477 27 19 to
2093 5477 34 20 his
2148 5477 53 21 iron
2220 5476 104 22 muscles,
2344 5480 50 16 saw

1846 5507 27 18 at
1888 5506 39 21 the
1939 5505 43 22 end
1997 5505 23 20 of
2033 5505 39 20 the
2085 5503 106 22 corridor
2203 5510 15 14 a
2231 5504 57 21 door
2300 5504 94 25 leading

1846 5534 51 21 into
1915 5534 38 21 the
1971 5532 88 27 garden
2077 5532 58 21 wide
2153 5537 66 21 open,
2236 5532 80 21 rushed
2355 5532 26 21 to-

1846 5561 66 23 ward
1932 5563 27 23 it,
1977 5560 91 24 cleared
2088 5563 26 19 at
2134 5566 14 16 a
2166 5559 75 24 bound
2257 5560 36 23 six
2323 5561 71 27 steps,

1847 5591 45 22 and
1905 5592 68 20 found
1985 5590 88 23 h'mself
2088 5590 22 21 in
2123 5591 40 20 the
2175 5589 95 26 garden,
2283 5590 111 24 debating

1846 5619 18 23 if
1883 5621 20 21 it
1921 5626 59 16 were
2070 5620 25 20 to
2114 5617 115 23 endeavor
2245 5619 28 20 to
2291 5624 42 16 run
2347 5617 47 22 and

1847 5666 57 26 gain
1914 5666 38 23 the
1965 5667 64 26 gate.
2066 5665 53 22 This
2133 5665 56 26 gate
2199 5668 50 17 was
2259 5662 94 24 secured
2365 5663 29 26 by

1847 5701 14 14 a
1881 5696 51 21 lock
1949 5696 45 21 and
2012 5700 16 15 a
2045 5694 80 26 couple
2142 5693 23 21 of
2182 5693 70 21 bolts.
2293 5692 101 21 Maurice

1846 5723 64 22 drew
1926 5725 59 21 back
2001 5724 39 22 the
2058 5722 69 26 bolts,
2146 5721 61 23 tried
2222 5722 28 21 to
2266 5727 57 21 open
2356 5722 38 19 the

1846 5753 59 26 bjjk,
1920 5753 43 21 but
1978 5754 20 21 it
2015 5752 45 22 had
2074 5757 29 17 no
2117 5752 52 24 key.

1871 5782 25 21 In
1911 5783 39 19 the
1966 5781 124 21 meantime
2106 5780 34 20 his
2156 5785 113 21 pursuers,
2285 5779 50 20 who
2351 5777 45 22 had

1848 5810 96 21 reached
1965 5811 38 20 the
2022 5810 71 24 steps,
2116 5807 117 25 perceived
2254 5805 53 23 him.

1978 5840 27 20 he
2093 5835 64 23 cried
2175 5837 64 26 they;
2337 5840 59 21 upon

1848 5868 54 25 him,
1918 5868 101 25 Dixmer,
2034 5865 57 22 fire!
2125 5865 48 22 Kill
2191 5864 113 23 him—kill
2319 5863 44 21 him

1871 5896 101 23 MaurJte
1985 5893 94 24 uttered
2090 5899 14 14 a
2118 5899 80 20 groan;
2207 5894 31 23 .he
2249 5899 49 14 was
2309 5892 73 21 enclos-

1846 5926 28 20 ed
1892 5928 23 19 in
1930 5927 38 20 the
1985 5923 96 29 garden;
2098 5923 25 20 he
2139 5922 119 21 measured
2273 5922 39 21 the
2329 5920 67 21 walls

1849 5955 57 21 with
1928 5955 34 21 his
1983 5952 122 28 eye-they
2126 5956 60 18 were
2198 5948 50 26 'ten
2283 5949 47 24 feet
2373 5950 22 21 in

1847 5985 89 25 height.

1872 6013 35 22 All
1927 6013 48 22 this
1996 6008 80 31 passed
2097 6009 22 21 in
2141 6014 13 16 a.
2189 6009 110 23 moment.
2351 6007 45 21 The

1848 6043 114 21 assassins
1982 6038 80 24 rushed
2081 6037 102 23 forward
2204 6039 23 21 in
2248 6037 91 28 pursuit
2373 6036 23 20 of

1847 6072 55 22 him.

1872 6100 101 22 Maurice
1988 6103 49 15 was
2050 6096 71 22 about
2138 6096 75 26 thirty
2229 6096 47 21 feet
2304 6096 24 21 in
2356 6093 26 22 ad-

1849 6134 79 20 vance,
1944 6134 28 14 or
1984 6126 81 24 nearly
2080 6129 32 16 so.
2129 6125 25 19 he
2169 6124 55 22 look
2237 6123 71 23 round
2323 6124 73 21 about

1847 6158 47 21 him
1916 6157 59 20 with
1994 6155 40 21 the
2054 6154 38 21 air
2112 6151 19 22 of
2154 6157 14 15 a
2186 6152 137 23 condemned
2344 6157 52 16 man

1848 6188 52 21 who
1916 6187 64 21 seeks
1996 6183 157 24 concealment
2172 6188 26 16 as
2217 6185 38 21 the
2272 6190 77 16 means
2373 6183 23 23 of

1847 6218 84 23 saving
1947 6213 89 24 himself
2051 6213 56 21 from
2125 6213 38 18 the
2179 6213 95 26 reality.
2299 6213 32 22 He
2347 6218 36 22 per-

1846 6246 79 21 ceived
1944 6245 40 19 the
2002 6241 126 22 turret'-th
2133 6246 9 7 n
2163 6241 133 23 blind—and
2315 6241 81 24 behind

1848 6275 40 19 the
1910 6271 62 22 blind
1992 6272 40 19 the
2055 6270 59 24 light
2138 6268 104 26 burning.

1872 6301 34 21 He
1920 6299 66 22 made
2000 6299 42 20 but
2057 6303 40 15 oue
2113 6296 13 21 b
2138 6295 89 22 .und—a
2240 6298 74 21 bound
2328 6298 23 22 of
2359 6300 37 21 six

1848 6326 144 26 feet—seized
2006 6326 39 21 the
2059 6325 70 21 bhuu.
2144 6327 41 19 tor
2210 6325 21 20 it
2244 6324 74 28 down,
2333 6333 50 19 pass-

1847 6357 28 25 id
1890 6356 103 26 through,
2005 6355 39 27 tjp
2060 6354 106 27 wiqduw,
2313 6355 28 28 it,
2351 6355 45 23 and

2425 196 106 26 alighted
2552 202 24 15 in
2598 201 14 15 a
2632 195 110 21 chambor
2763 195 75 19 where
2859 199 12 15 a
2894 193 83 21 female

2424 228 40 19 eat
2484 224 104 25 reading.

2449 255 46 20 The
2516 253 82 21 female
2620 258 58 18 rose,
2699 250 114 22 terrified,
2833 251 88 23 calling
2942 249 35 20 for

2425 283 138 22 assistance.

2556 308 71 24 aside,
2645 306 219 24 Genevieve—stand
2882 305 63 22 aside

2424 339 65 23 cried
2505 339 40 21 the
2562 338 64 21 voice
2645 337 23 20 of
2686 336 99 25 Dixmer;
2905 334 72 23 aside,

2425 369 58 21 that
2501 366 10 22 I
2528 372 54 20 may
2600 365 41 21 kill

2450 395 48 24 And
2519 394 102 23 Maurice
2642 399 50 15 saw
2714 393 39 20 the
2776 392 93 21 carbine
2891 390 88 21 leveled

2426 428 28 19 at.
2475 426 53 21 him.
2557 423 45 21 But
2622 421 104 24 scarcely
2748 419 44 22 had
2812 421 39 19 the
2887 424 92 16 woman

2427 454 82 23 looked
2524 454 27 20 at
2564 452 54 21 him.
2635 451 55 20 then
2704 451 38 19 she
2758 447 93 23 uttered
2865 453 11 14 a
2893 447 72 25 fright-

2427 486 32 20 ful
2474 490 49 18 cry.
2538 480 46 23 and
2600 478 91 23 instead
2708 478 22 21 of
2744 477 111 25 standing:
2871 476 70 21 aside,
2952 482 27 14 as

2427 511 88 22 desired
2533 510 31 20 l>v
2584 508 40 20 her
2644 506 110 21 husband,
2775 505 80 20 rushed
2876 506 104 21 between,

2427 541 46 21 him
2488 538 45 22 and
2547 538 38 20 the
2603 535 76 21 barrel
2695 534 23 20 of
2732 534 38 21 the
2785 539 53 20 gun.

2451 569 53 19 This
2524 565 128 21 movement
2672 564 96 18 concent
2774 560 66 22 rated
2862 561 32 20 all
2916 561 44 20 Mau-

2428 597 65 21 rice's
2511 592 121 22 attention
2649 592 27 19 to
2752 594 111 20 generous
2881 593 98 16 woman,

2428 627 76 19 whoee
2523 623 53 21 first
2595 619 95 27 impulse
2711 624 49 15 was
2779 619 26 19 to
2824 618 91 26 protect
2933 618 47 20 him

2428 654 59 21 from
2505 650 89 25 danger
2610 648 45 21 and
2674 647 78 21 death.
2787 647 26 20 In
2830 647 34 20 his
2881 648 61 19 turn,
2953 647 26 20 he

2429 679 92 24 uttered
2541 684 14 15 a
2573 682 41 20 cry
2634 675 23 21 of
2676 675 177 21 astonishment.

2451 710 23 21 It
2491 713 49 15 was
2556 707 39 20 the
2611 705 56 25 long
2683 704 87 25 sought
2783 703 39 21 for
2836 703 120 21 unknown.

2564 733 64 24 cried
2644 734 34 25 he;

2605 762 62 23 cried
2683 762 46 21 she.

2452 796 69 22 Then,
2540 794 97 23 turning
2672 789 93 22 toward
2785 790 39 21 the
2860 790 119 21 assassins,

2429 825 58 20 who.
2510 820 120 26 variously
2651 818 86 22 armed,
2760 818 145 26 approached
2941 820 39 19 the

2430 851 99 23 window
2540 851 3 23 :

2532 884 46 21 you
2593 877 48 22 will
2658 878 42 21 not
2716 876 40 22 kill
2773 876 44 20 him
2864 874 115 22 cri^dshe.

2518 908 19 21 is
2551 914 12 14 a
2580 906 58 27 spy.'
2643 903 3 30 1
2660 905 53 21 said
2726 905 100 21 Dixmer.
2841 903 75 21 whose
2931 910 36 14 usu-

2430 938 49 24 ally
2499 936 76 27 placid
2592 936 156 20 countenance
2766 932 46 22 had
2831 932 102 20 assumed
2952 938 29 15 an

2429 966 134 26 expression
2581 963 24 21 of
2621 964 65 20 stern
2707 961 136 22 resolution;
2923 961 18 20 is
2967 967 8 14 a-

2428 1001 51 20 «pv,
2499 993 53 22 and.
2571 991 123 23 therefore,
2716 991 61 20 must

2504 1021 95 28 spy—he
2610 1018 26 24 ?'•*
2674 1019 54 23 said
2748 1018 133 23 Genevieve;
2968 1023 15 16 a,

2429 1060 42 20 spy
2483 1051 5 21 I
2520 1051 66 22 Come
2602 1051 61 20 here.
2683 1049 99 21 Dixmer.
2815 1047 9 20 I
2858 1046 53 21 need
2928 1047 54 25 only

2429 1088 45 20 say
2495 1087 42 15 one
2559 1078 64 22 word
2645 1079 26 19 to
2694 1082 70 21 prove
2785 1076 54 20 that
2860 1082 46 18 you
2942 1082 40 14 are

2429 1110 125 25 strangely

2455 1139 94 21 Dixmer
2567 1135 46 23 and
2632 1133 126 24 Genevieve
2779 1131 144 28 approached
2944 1133 38 21 the

2431 1166 107 24 window,
2557 1164 45 23 ancl
2618 1164 24 22 in
2659 1170 13 15 a
2691 1163 45 22 low
2754 1162 64 21 voice
2834 1161 38 22 efop
2890 1161 92 22 uttered

2431 1204 11 14 a
2462 1197 43 21 few
2523 1194 83 23 words'.
2641 1194 45 21 The
2703 1193 89 21 master
2808 1192 84 21 tanner
2908 1190 74 22 raised

2431 1227 34 21 his
2484 1224 60 22 head
2561 1223 101 27 quickly.

2555 1251 51 23 said
2627 1252 33 20 he.

2657 1277 50 23 said
2730 1277 132 23 Genevieve.

2538 1316 40 15 are
2594 1307 182 26 certain-quite
2796 1306 90 21 certain
2897 1305 8 12 9

2455 1340 53 22 This
2529 1337 57 24 time
2609 1337 39 21 the
2671 1341 77 21 young
2772 1340 90 16 woman
2884 1333 37 22 did

2432 1369 73 28 reply,
2522 1368 41 22 but
2580 1366 101 26 smiling,
2699 1363 51 24 hftld
2768 1365 40 21 out
2825 1365 41 21 her
2881 1361 61 24 hand
2958 1363 26 21 to

2432 1399 109 22 Maurice.

2455 1428 45 20 The
2516 1427 102 21 features
2632 1423 23 21 of
2671 1424 93 21 Dixmer
2778 1428 51 16 now
2843 1420 104 21 assumed
2971 1426 14 15 a

2431 1456 107 25 singular
2553 1453 134 27 expression
2702 1451 23 22 of
2744 1451 130 26 gentleness
2891 1448 44 21 and
2952 1449 21 20 in-

2432 1484 130 23 difference.
2601 1482 34 21 He
2658 1479 79 29 placed
2761 1480 40 21 the
2823 1479 55 21 butt
2897 1476 44 23 end
2962 1476 23 22 of

2432 1514 34 22 his
2484 1513 90 22 musket
2593 1518 29 16 on
2641 1511 39 22 the
2700 1507 96 28 ground.

2542 1542 19 22 is
2577 1541 64 27 quite
2660 1540 100 22 another
2883 1535 50 22 said
2951 1536 33 21 he.

2455 1571 69 25 Then,
2539 1570 97 26 making
2650 1575 14 14 a
2679 1569 53 27 sign
2746 1569 27 20 to
2787 1567 35 20 his
2835 1565 150 26 companions

2431 1601 27 21 to
2477 1599 88 23 follow,
2583 1599 28 21 he
2628 1596 97 28 stepped
2756 1594 64 22 aside
2838 1594 60 21 with
2914 1594 70 20 them.

2432 1629 54 25 and,
2502 1628 64 22 after
2579 1624 85 28 saying
2681 1632 14 14 a
2711 1625 43 21 few
2770 1622 83 26 words,
2869 1623 55 25 they
2940 1621 33 21 dis-

2432 1656 125 29 appeared.

2580 1684 56 21 that
2738 1680 51 23 said
2804 1680 133 24 Genevieve;
2958 1679 28 21 'it

2433 1716 18 22 is
2469 1715 83 22 known
2566 1713 30 26 by
2613 1716 69 22 every
2700 1716 42 16 one

2456 1743 102 24 Manrice
2573 1740 94 30 quickly
2681 1738 63 23 drew
2759 1739 40 22 the
2817 1738 51 26 ring
2883 1736 57 23 from
2951 1736 35 22 his

2433 1775 83 24 finger,
2534 1771 45 22 and
2594 1768 90 28 slipped
2701 1770 20 20 it
2739 1769 51 20 into
2806 1768 33 21 his
2856 1766 136 26 waistcoat,

2434 1803 90 26 pocket.
2561 1800 16 21 A
2598 1798 101 22 moment
2720 1794 128 23 afterward
2870 1796 39 19 the
2928 1794 57 21 door

2434 1831 24 21 of
2474 1830 42 23 the
2531 1828 104 28 pavilion
2653 1824 94 29 opened,
2766 1823 44 23 aud
2828 1823 100 25 Dixmer,
2944 1829 27 15 un-

2434 1858 87 26 armed,
2540 1855 117 24 advanced
2676 1853 93 23 toward
2789 1853 110 22 Maurice.

2584 1891 43 16 me,
2645 1882 106 24 citizen.''
2771 1881 51 22 said
2838 1883 30 20 -he
2886 1883 26 20 to
2931 1880 53 23 him,

2521 1917 8 20 1
2541 1914 46 23 had
2600 1914 42 23 not
2654 1913 83 22 knoAvn
2748 1916 84 16 sooner
2842 1911 39 22 the
2895 1910 77 26 obliga-

2433 1947 55 21 tion
2502 1945 8 21 I
2526 1950 37 16 atn
2580 1942 71 22 under
2664 1942 27 20 to
2705 1945 54 21 you.
2789 1939 38 25 My
2842 1938 61 23 wife,
2916 1938 68 21 while

2434 1973 120 26 retainiug
2570 1978 15 14 a
2601 1970 102 26 grateful
2723 1968 169 22 remembrance
2909 1967 22 20 of
2945 1968 40 20 the

2432 2003 88 22 service
2539 2006 45 16 vou
2602 1997 107 25 rendered
2727 1996 41 23 her
2786 2003 29 15 on
2832 1997 40 21 the
2890 1996 55 21 10th
2963 1994 23 21 of

2434 2032 85 21 March,
2539 2029 46 22 had
2604 2028 122 26 forgotten
2745 2032 59 19 your
2822 2030 75 16 name.
2948 2024 38 20 We

2434 2065 68 17 were,
2519 2057 124 24 therefore,
2659 2055 140 27 completely
2818 2055 24 20 in
2860 2054 124 25 ignorance

2434 2090 58 21 with
2510 2090 73 20 whom
2601 2092 33 14 we
2653 2091 60 16 were
2730 2081 133 25 concerned:
2880 2081 106 28 indepen*

2433 2118 54 21 dent
2509 2117 22 21 of
2551 2117 54 23 this,
2734 2119 42 14 me,
2796 2118 34 13 we
2849 2112 74 24 might
2944 2112 42 19 not

2433 2145 38 22 for
2486 2151 14 14 a
2516 2143 101 22 moment
2634 2143 57 20 have
2707 2138 149 23 entertained
2870 2139 117 25 suspicion

2432 2175 77 22 either
2521 2173 23 22 of
2557 2178 60 21 your
2629 2171 72 22 honor
2715 2175 26 16 or
2754 2168 136 23 intentions.
2905 2167 81 26 Again,

2435 2204 8 21 I
2458 2210 51 19 say.
2525 2201 89 28 pardon

2457 2232 102 22 Maurice
2596 2236 50 15 waa
2666 2227 146 24 bewildered:
2851 2227 58 21 with
2947 2226 39 21 the

2434 2262 107 26 greatest
2576 2258 118 25 difficulty
2728 2258 26 20 he
2791 2255 119 28 preserved
2952 2255 35 20 hie

2432 2290 156 28 equilibrium:
2606 2289 26 20 he
2648 2288 43 21 felt
2709 2287 35 21 his
2761 2284 59 23 head
2836 2286 56 20 turn
2907 2282 79 23 round,

2434 2319 46 22 and
2493 2324 49 15 was
2555 2324 56 15 near
2625 2316 91 25 falling.
2744 2315 37 21 He
2794 2312 125 28 supported
2930 2313 42 21 him-

2432 2348 43 22 self
2526 2346 98 27 against
2658 2345 39 21 the
2733 2342 172 27 mautel-piece.
2959 2341 28 20 At

2433 2377 81 26 length
2526 2377 4 26 :

2546 2404 39 24 did
2599 2409 47 22 you
2661 2402 60 25 wieh
2735 2403 27 21 to
2777 2401 41 22 kill
2834 2406 35 17 me
2935 2399 52 22 said

2432 2435 39 27 he,

2834 2464 5 48 I
2872 2467 60 52 p
2954 2495 19 5 ~

2435 3126 103 18 RUSHED
2554 3127 126 18 BETWEEN
2696 3127 48 17 HLM
2763 3126 51 18 AND
2826 3126 50 17 THE
2889 3125 101 18 BARREL

2624 3157 31 18 OF
2671 3156 52 18 THE
2739 3156 61 20 GUN.

2462 3187 9 2 -
2480 3186 8 15 i
2497 3185 41 16 nat
2559 3185 19 16 is
2613 3184 40 16 tee
2675 3182 82 21 secret,
2936 3179 53 22 eaid

2436 3208 101 23 Dixmer;
2593 3206 90 22 confide
2700 3208 18 19 it
2736 3208 26 21 to
2777 3213 59 19 jour
2850 3209 103 24 keeping.
2979 3209 9 18 T

2436 3241 45 17 am,
2499 3241 25 15 as
2539 3241 47 20 you
2601 3234 97 26 already
2715 3235 74 22 know,
2805 3241 15 14 a.
2834 3237 91 20 tanner,
2942 3235 44 21 and

2436 3264 114 26 principal
2572 3264 23 21 in
2615 3264 47 21 this
2684 3269 102 16 roncern.
2825 3264 45 20 The
2892 3265 94 24 grpot»r

2437 3294 55 23 part
2509 3292 23 20 of
2549 3293 38 19 the
2607 3290 64 22 acids
2690 3292 7 19 1
2714 3292 92 25 employ
2825 3292 23 20 in
2865 3292 38 20 the
2937 3298 36 18 pre-

2435 3320 111 24 paration
2566 3319 23 20 of
2623 3324 37 18 my
2680 3319 62 20 skins
2794 3324 39 14 are
2854 3318 130 26 prohibited

2434 3347 79 26 goods.
2552 3347 63 21 Now,
2629 3347 25 20 th
2657 3352 10 9 a
2683 3346 129 26 smugglers
2827 3347 57 21 have
2900 3347 70 21 recoit

2433 3376 26 21 ed
2481 3376 148 26 intelligence
2650 3374 23 22 of
2695 3382 29 14 an
2747 3377 150 21 information
2936 3376 46 22 laid

2433 3406 76 20 before
2526 3406 38 19 the
2579 3403 206 26 counsel-general.
2820 3405 6 19 1
2845 3405 76 20 feared
2937 3412 46 18 you

2432 3438 61 15 were
2513 3438 31 15 an
2563 3431 115 22 informer.
2717 3431 36 24 My
2774 3432 128 25 smugglers
2923 3439 59 14 wpre

2431 3466 63 16 more
2510 3458 103 23 alarmed
2627 3460 58 21 than
2717 3459 81 26 myself
2814 3462 26 20 at
2855 3466 57 19 your
2927 3461 39 21 bon-

2432 3490 122 24 net-rouge
2591 3486 45 23 and
2655 3487 137 21 formidable
2829 3494 151 21 appearance,

2431 3517 71 23 audLl
2516 3516 28 21 do
2560 3517 40 21 not
2614 3516 94 21 conceal
2723 3516 57 21 from
2794 3522 46 20 you
2855 3518 54 21 that
2922 3523 59 21 your

2431 3546 71 21 death
2520 3551 48 14 was
2588 3544 101 22 resolved

2580 3571 4 26 I
2606 3571 45 23 and
2671 3572 52 22 well
2747 3573 9 20 I
2778 3573 66 21 kno-w
2927 3575 52 21 said

2431 3602 107 24 Maurice;
2632 3600 42 21 tell
2692 3606 35 16 nm
2745 3607 28 16 no
2789 3608 68 15 news.
2883 3604 7 20 I
2908 3603 70 21 heard

2429 3636 59 21 your
2502 3628 169 26 consultation,
2689 3628 46 23 and
2752 3630 9 20 T
2779 3630 57 21 hare
2852 3636 50 16 seen
2920 3638 59 19 your

2493 3688 58 19 have
2567 3684 97 27 already
2855 3694 24 13 M
2923 3689 24 21 pj
2952 3697 25 14 JV

2427 3721 56 18 mer,
2500 3716 23 20 in
2538 3720 12 15 a
2568 3713 79 26 kindly
2662 3714 62 21 tone.
2820 3718 59 19 must
2896 3717 65 22 under-

2426 3743 70 24 stand
2518 3744 61 21 that,
2615 3743 84 22 thanks
2737 3745 26 20 to
2800 3745 38 21 the
2860 3747 114 21 unsettled

2426 3775 66 19 ■tate
2511 3772 23 21 of
2552 3773 39 20 the
2611 3772 76 20 times,
2707 3772 81 21 mveelf
2807 3772 44 22 and
2872 3776 95 19 uartner

2435 3805 114 24 Monsieur
2563 3807 103 25 Moraud,
2680 3812 39 16 are
2735 3807 70 25 likely
2820 3808 26 19 to
2861 3809 82 16 realize
2956 3808 30 14 an

2434 3836 108 21 immense
2554 3836 100 22 fortune.
2683 3836 37 19 We
2735 3837 58 19 have
2807 3836 38 19 the
2859 3833 127 22 furnishine

2434 3864 23 19 of
2479 3865 39 20 the
2539 3866 108 23 military
2669 3865 66 22 bass
2758 3862 44 22 and
2839 3862 67 21 finish
2928 3861 57 20 from

2434 3892 80 22 fifteen
2533 3893 101 22 hundred
2653 3895 26 19 to
2698 3895 49 20 two
2765 3890 116 23 thousand
2900 3896 11 14 a
2931 3889 53 26 day.

2435 3922 81 27 Owing
2535 3927 26 17 to
2579 3924 47 21 this
2645 3922 88 23 blessed
2751 3923 64 21 state
2834 3921 23 21 of
2874 3921 79 25 things
2963 3920 23 20 in

2434 3953 75 21 which
2523 3958 33 15 we
2569 3953 53 23 live,
2637 3953 39 21 the
2691 3951 164 26 municipality
2868 3956 40 15 are
2921 3949 65 21 much

2434 3982 116 25 occupied,
2570 3983 45 21 and
2634 3982 56 20 bavo
2711 3982 40 20 not
2772 3981 42 20 tini
2817 3986 10 10 p
2845 3978 96 25 strictly
2959 3978 27 20 to

2433 4011 107 23 examine
2561 4016 42 15 our
2623 4012 118 22 accounts,
2763 4015 25 14 so
2810 4009 54 20 that
2885 4008 19 21 it
2925 4006 61 21 must

2434 4038 26 21 be
2478 4039 117 22 confessed
2612 4045 33 14 we
2665 4040 42 21 fish
2726 4045 11 14 a
2757 4038 65 22 little
2840 4038 22 21 in
2879 4033 107 24 troubled

2435 4069 95 25 waters,
2549 4069 39 21 the
2605 4074 61 15 more
2685 4074 24 14 so
2728 4073 28 17 aft
2773 4068 7 20 I
2798 4068 57 19 have
2874 4064 49 23 told
2935 4069 52 22 gou

2433 4097 40 20 the
2490 4100 156 23 preparatory
2660 4097 122 22 materials
2798 4102 33 14 we
2848 4099 94 22 procure
2956 4093 30 25 by

2433 4125 134 26 smuggling
2582 4126 71 20 allow
2669 4132 24 14 us
2709 4127 26 19 to
2751 4125 57 24 gain
2822 4125 49 19 two
2886 4120 101 24 hundred

2434 4159 40 22 per

2603 4183 50 21 said
2672 4184 108 21 Maurice,
2887 4185 98 22 appears

2433 4212 27 19 to
2474 4217 36 16 me
2524 4217 30 17 an
2570 4213 80 21 honest
2666 4212 73 25 living
2751 4211 99 25 enough,
2864 4208 45 22 and
2923 4209 9 20 1
2942 4213 44 15 can

2434 4246 52 16 now
2509 4240 139 22 understand
2669 4246 59 20 your
2749 4240 70 21 dread
2841 4240 44 19 lest
2906 4243 15 14 a.
2948 4236 24 20 de-

2434 4269 136 22 nunciation
2586 4276 29 14 on
2629 4276 37 19 my
2685 4270 52 25 part
2753 4267 80 23 should
2849 4268 40 26 put
2904 4273 29 13 an
2943 4264 41 21 end

2433 4299 27 19 to
2474 4299 28 24 it;
2516 4298 42 22 but
2572 4304 51 16 now
2638 4304 46 20 you
2697 4298 67 22 know
2777 4303 42 19 me,
2834 4302 45 20 you
2892 4295 50 21 fear
2951 4299 34 16 me

2434 4333 28 15 no
2481 4327 89 25 longer.
2603 4327 21 21 Is
2643 4328 20 20 it
2683 4328 40 20 not

2573 4354 53 24 said
2648 4355 99 23 Dixmer,
2820 4353 54 26 only
2897 4351 88 26 require

2433 4388 61 22 your
2670 4384 67 23 Then,
2760 4383 92 27 placinu
2873 4382 33 21 his
2926 4378 60 24 hand

2434 4418 28 16 on
2483 4413 35 22 his
2537 4413 115 22 ehoulder.
2674 4413 44 22 and
2739 4413 102 24 smiling,
2926 4410 18 21 it
2967 4410 18 19 is

2433 4441 55 25 only
2507 4442 105 20 between
2758 4440 50 21 said
2827 4441 34 21 he,
2880 4442 69 19 'may
2977 4437 7 19 1

2434 4468 88 27 inquire
2542 4470 65 21 what
2627 4469 101 26 brought
2748 4475 45 19 you
2829 4468 59 21 here,
2906 4469 78 23 young

2433 4503 55 17 man
2497 4497 10 22 ?
2544 4498 44 22 But
2610 4497 131 25 remember,
2763 4497 17 22 if
2801 4502 45 20 you
2882 4495 57 21 wish
2959 4494 25 20 to

2434 4526 57 27 keep
2507 4527 21 21 it
2544 4533 14 15 a
2574 4529 84 22 secret,
2675 4532 46 21 you
2737 4532 39 16 are
2793 4527 26 20 at
2836 4524 86 27 perfect
2941 4522 45 23 l%b-»

2432 4556 55 25 erty
2503 4556 26 20 to
2544 4555 28 21 do

2502 4583 59 22 have
2580 4582 52 24 told
2652 4589 52 21 you,
2727 4584 9 19 I
2923 4585 63 17 mun

2433 4611 79 22 mured
2529 4612 109 23 Maurice.

2543 4647 16 15 a
2711 4639 51 23 said
2780 4640 39 21 the
2838 4639 101 25 burgess:

2433 4669 67 23 know
2518 4669 65 23 there
2601 4675 48 16 was
2667 4669 131 25 something
2816 4668 74 21 about
2906 4672 14 15 a
2937 4671 31 15 wo-

2938 4697 4 25 v

2544 4728 57 21 Dieu
2612 4724 3 25 '
2635 4732 81 16 excuse
2737 4732 42 16 me.
2800 4726 90 20 citizen,
2911 4724 9 20 t
2947 4729 37 14 am

2433 4758 80 18 aware
2532 4760 62 16 eome
2615 4756 49 19 eort
2687 4755 22 19 of
2730 4754 153 26 explanation
2903 4752 18 20 if
2942 4751 41 19 due

2433 4784 26 19 to
2478 4789 52 18 you.
2565 4783 64 21 Well,
2650 4783 61 20 th2n.
2731 4783 7 19 1
2756 4782 87 24 eouyrht
2861 4786 10 13 a
2893 4777 89 25 female,

2433 4811 51 22 who
2505 4812 40 20 th»
2566 4812 68 21 other
2653 4811 105 24 evening,
2780 4807 123 26 disguised,
2933 4805 51 23 told

2433 4844 34 16 me
2534 4838 88 23 resided
2638 4840 22 21 in
2674 4840 47 20 this
2735 4839 104 25 quarter.
2869 4836 9 20 I
2894 4835 88 21 neither

2434 4868 65 21 know
2523 4868 39 21 her
2582 4873 74 16 name,
2680 4867 109 27 position,
2812 4871 42 15 nor
2875 4864 64 27 place
2960 4862 23 21 of

2433 4895 81 22 abode,
2546 4895 9 23 t
2568 4896 54 26 only
2637 4896 70 21 know
2721 4896 9 19 I
2744 4901 38 15 am
2796 4893 78 25 madly
2889 4894 23 21 iu
2927 4892 57 21 lore

2433 4924 58 21 with
2512 4925 46 25 her,
2579 4925 56 21 that
2653 4925 39 21 she
2712 4925 20 21 is

2456 4953 125 21 Genevieve
2598 4958 49 15 was
2660 4953 56 21 tall.

2549 4983 39 20 she
2603 4983 19 21 is
2640 4981 54 25 fair,
2710 4979 46 26 and
2770 4979 23 23 of
2808 4986 14 15 a
2838 4979 71 26 lively
2921 4979 45 21 tem-

2456 5039 126 23 Genevieve
2600 5045 49 16 was
2667 5045 13 16 a
2699 5040 116 24 brunette,
2834 5039 59 22 with
2909 5037 73 26 large,

2434 5070 90 24 pensive
2539 5074 61 19 eyes.

2506 5097 109 27 grisette.
2631 5096 24 22 in
2778 5092 125 25 continued
2919 5092 47 23 Mau-

2433 5126 53 22 rice;
2562 5127 28 20 to
2610 5126 76 27 please
2706 5127 45 23 her,
2770 5125 10 21 I
2798 5122 104 23 assumed
2944 5123 39 20 the

2433 5154 99 27 popular

2546 5183 107 28 explains
2675 5184 19 21 it
2794 5181 52 23 said
2883 5181 99 23 Dixmer.

2433 5212 59 23 with
2511 5218 29 17 an
2559 5214 141 21 affectation
2720 5212 22 21 of
2762 5212 75 22 belief,
2856 5211 81 21 which,
2956 5210 26 20 at

2433 5241 69 26 least,
2520 5242 38 22 did
2574 5242 41 22 not
2631 5241 135 22 contradict
2784 5242 33 20 his
2833 5240 73 21 eullen
2921 5238 61 21 look.

2456 5270 125 22 Genevieve
2600 5270 100 23 colored,
2719 5270 45 22 and
2784 5270 83 24 fe°ling
2902 5266 81 23 herself

2433 5299 72 25 blush,
2521 5298 85 24 turned
2622 5305 77 19 away.

2554 5328 86 23 Citizen
2794 5326 52 23 said
2884 5326 98 22 Dixmer,

2550 5364 13 15 a
2598 5358 123 22 miserable
2740 5358 96 25 evening
2857 5362 33 14 we
2926 5356 58 20 have

2431 5385 85 22 caused
2535 5393 45 19 you
2598 5388 27 19 to
2646 5392 59 22 pass:
2725 5385 45 24 and
2788 5391 46 20 you
2851 5390 39 16 are
2910 5384 72 21 about

2432 5416 42 21 the
2488 5415 49 22 last
2551 5416 9 21 I
2576 5415 76 21 would
2669 5416 56 21 wish
2737 5417 26 19 to
2777 5414 81 26 injure,
2871 5419 26 16 so
2907 5412 63 22 excel-

2433 5444 50 22 lent
2500 5450 14 15 a
2533 5445 100 25 patriot,
2652 5450 11 14 a
2684 5444 102 21 brother,
2803 5444 49 20 but.
2870 5444 22 19 in
2908 5442 75 23 abort,

2434 5473 9 20 I
2465 5473 102 21 believed
2579 5479 61 15 eome
2663 5472 142 23 disinfected'
2819 5471 97 27 usurped
2927 5477 58 19 your

2536 5537 23 14 us
2576 5536 43 20 say
2637 5531 98 26 nothing
2751 5536 64 15 more
2831 5535 28 15 on
2876 5529 39 21 the
2932 5527 38 21 sub-

2523 5558 52 25 said
2594 5560 109 24 Maurice,
2725 5560 50 21 who
2796 5559 65 22 knew
2880 5558 20 22 it
2935 5562 49 16 was

2433 5589 58 22 time
2508 5588 36 23 for
2559 5590 45 21 him
2624 5590 25 20 to
2668 5588 132 23 withdraw,
2909 5592 35 15 me
2961 5586 24 21 in

2433 5618 40 19 the
2490 5617 64 27 road,
2570 5617 44 22 and
2631 5618 33 20 let
2681 5624 24 14 us
2720 5618 78 25 forget
2812 5618 55 19 that
2883 5616 47 20 this
2941 5615 43 20 has

2434 5645 108 21 occurred

2539 5682 45 19 you
2603 5676 24 22 in
2648 5675 38 21 the
2707 5673 56 24 road
2814 5672 50 23 said
2885 5673 99 23 Dixmer,

2512 5703 65 21 leave
2593 5710 25 15 us
2636 5705 41 20 not
2694 5705 48 24 yet,
2758 5704 44 20 not
2817 5704 48 25 yeit;
2883 5703 8 18 T
2904 5699 79 28 igive—

2434 5737 26 16 or
2479 5733 80 21 rather
2577 5738 37 21 my
2634 5733 96 26 partner
2749 5731 44 22 and
2811 5730 81 25 myself
2909 5731 75 22 give—

2434 5766 12 15 a
2464 5767 85 20 supper
2563 5762 104 24 to-night
2686 5763 25 20 to
2727 5762 67 20 those
2809 5761 70 19 hrav«
2895 5759 90 20 fallows

2507 5789 85 22 wished
2614 5796 25 13 so
2662 5791 65 20 much
2749 5790 26 19 to
2796 5788 123 24 slaughter
2939 5792 44 19 you

2433 5822 15 14 a
2467 5817 64 21 little
2549 5818 67 21 while
2635 5823 53 21 ago.
2724 5818 8 19 T
2751 5816 80 23 reckon
2849 5821 58 19 upon
2926 5819 59 21 your

2433 5846 98 26 supping
2551 5847 59 21 with
2629 5847 70 20 thorn,
2721 5847 54 20 that
2796 5851 44 19 you
2860 5850 54 17 may
2947 5848 37 15 see

2434 5874 56 26 th«»y
2507 5881 40 15 are
2565 5877 40 21 not
2622 5878 54 18 such
2694 5874 73 22 devils
2783 5880 26 14 ar,
2825 5874 55 24 they
2897 5877 88 22 appear

2434 5906 25 17 to

2560 5932 51 22 said
2630 5933 108 22 Mauii<*p,
2758 5929 122 28 overjoyed
2901 5931 24 18 at
2945 5929 38 19 the

2434 5962 100 26 thought
2556 5964 23 21 of
2599 5964 67 22 beine
2688 5963 35 21 for
2744 5969 10 13 a
2778 5962 42 21 few
2841 5963 67 19 hours
2929 5966 55 15 near

2434 5990 132 27 Genevieve,
2630 5992 28 21 do
2678 5993 40 21 not
2737 5992 75 22 know,
2831 5990 82 24 really,
2932 5988 15 21 if
2975 5988 7 19 I

2434 6021 72 26 ought
2523 6023 25 19 to

2506 6056 46 19 you
2565 6051 71 26 ought
2653 6052 25 19 to
2693 6050 82 25 accept
2819 6047 50 23 said
2885 6047 97 21 Pixmer;

2480 6077 67 23 know
2566 6086 45 19 you
2633 6079 80 26 ought:
2765 6079 62 19 these
2863 6082 29 15 ar
2893 6082 9 9 a
2923 6073 59 26 jrood

2433 6108 99 21 staunch
2553 6109 103 25 patriots
2677 6113 25 15 as
2723 6106 109 27 yourself.
2885 6103 97 23 Besides.

2434 6135 9 21 I
2468 6136 60 21 shall
2547 6135 40 23 n6*t
2605 6135 106 23 consider
2728 6136 54 21 that
2801 6140 44 19 you
2862 6134 57 20 have
2937 6132 36 20 for

2433 6165 69 26 given
2521 6166 75 21 unless
2615 6171 34 14 we
2670 6164 71 22 break
2760 6162 69 23 bread
2849 6160 123 28 together.'
2977 6160 4 31 1

2457 6193 125 23 Genevieve
2603 6192 91 23 uttered
2715 6194 41 20 not
2777 6198 11 14 a
2812 6190 70 22 word.
2919 6189 47 22 Mau-

2434 6223 46 21 rice
2497 6228 50 16 was
2562 6223 24 21 in
2602 6222 111 22 torment.

2539 6251 51 21 fact
2610 6251 10 23 i
2620 6251 42 23 6,-
2685 6249 50 23 said
2758 6249 108 21 Maurice,
2933 6245 49 23 fear

2434 6279 9 22 I
2462 6285 56 21 may
2537 6280 28 21 be
2585 6285 14 15 a
2618 6279 131 22 constraint
2772 6283 57 21 upon
2849 6282 52 18 you,
2921 6275 48 21 cito-

2433 6312 79 22 yenna;
2528 6308 48 22 this
2592 6307 124 26 dress—my
2736 6305 188 27 ungentlemanly
2941 6308 26 20 ap-

2455 6363 127 35 gggjfgj
2601 6363 82 29 Ipofed
2701 6362 94 33 tinUddy
2815 6360 93 25 toward
2927 6359 54 24 him.

3105 190 80 26 accept
3208 194 59 20 your
3288 188 136 25 invitation,

3018 218 51 21 eaill
3086 218 34 21 he.
3137 217 101 26 bowing.

3086 247 45 20 will
3147 253 28 19 go
3191 253 29 14 an
3228 246 8 19 1
3250 252 78 15 eccu.e
3342 252 40 14 our

3018 275 52 21 sari
3091 274 99 26 Dixmer;
3269 275 40 20 the
3330 275 131 21 meantime,
3497 281 71 14 worm

3020 303 110 26 yourself,
3149 310 53 15 mon

3044 333 33 19 lie
3100 333 61 20 -wont
3184 333 48 20 out.
3256 332 100 21 Maurice
3378 331 45 22 and
3444 332 124 21 Genevieve

3022 359 115 21 remained
3156 360 75 20 alone.

3278 387 50 22 said
3350 389 39 20 th°
3411 394 75 19 young
3523 394 35 14 wo

3020 423 62 17 man,
3100 417 24 21 in
3141 423 30 15 on
3188 418 81 19 accent
3288 418 26 20 to
3331 417 74 21 which
3421 418 37 19 she
3478 418 20 19 in
3516 416 52 21 rain

3020 445 62 21 tried
3098 446 26 20 to
3137 451 87 20 convey
3241 451 13 15 a
3271 447 53 20 tone
3338 446 23 19 of
3377 446 116 26 reproach,

3021 474 58 21 hare
3094 473 72 23 failed
3180 474 24 22 in
3219 480 59 20 your
3291 474 74 24 word,
3380 481 45 18 you
3441 474 56 22 have
3516 473 52 22 been

3020 503 150 25 exceedingly

3208 531 50 21 6aid
3279 531 107 22 Maurice,
3504 531 7 19 I
3530 535 24 16 ex-

3022 565 51 20 pose
3090 566 45 18 yon
3145 560 9 20 ?
3185 561 32 19 Ah
3227 559 4 26 !
3248 561 24 20 in
3286 561 54 19 that
3354 566 61 15 case,
3431 559 86 26 pardon
3528 565 41 15 me.

3022 587 8 21 I
3049 587 48 21 will
3116 587 79 25 retire,
3215 587 45 22 and

3181 615 52 23 eaid
3252 617 45 21 she.
3335 617 79 26 rising.
3531 622 39 15 are

3021 645 110 22 wounded
3152 646 23 21 in
3197 646 39 21 the
3258 646 89 22 breast,
3368 652 59 20 your
3447 646 58 20 shirt
3552 646 17 19 is

3019 674 93 22 stained
3133 674 60 21 with

3044 702 89 27 Indeed,
3155 709 60 21 upon
3233 704 40 20 the
3295 703 44 21 fine
3377 703 71 21 white
3467 703 59 21 shirt
3547 701 23 22 of

3020 731 139 23 Maurice—a
3178 732 60 22 shirt
3255 732 99 26 forming
3374 738 11 15 a
3405 733 95 24 strange
3518 738 37 14 con-

3019 762 65 20 trast
3102 762 25 20 to
3144 762 33 21 his
3194 768 94 15 coarser
3305 762 126 21 clothes—a
3446 762 68 23 large
3531 759 38 23 red

3019 791 54 25 spot
3090 790 22 21 of
3129 790 69 21 blood
3215 790 45 21 had
3277 790 82 26 spread
3375 791 71 21 itself,
3464 790 42 21 ami
3525 789 43 22 had

3020 817 64 23 dried
3102 819 71 21 there.

3109 848 39 21 not
3165 848 26 21 be
3208 846 71 23 under
3295 853 44 19 any
3469 846 86 23 saidUUni
3559 853 9 7 n

3019 881 78 20 young
3112 882 61 17 man,
3262 876 22 20 of
3299 877 39 21 the
3352 877 128 25 smugglers
3496 876 60 26 prick-

3019 903 29 22 ed
3067 910 34 16 me
3122 905 58 21 with
3201 905 34 20 his

3044 933 124 23 Genevieve
3187 933 84 22 turned
3290 934 59 26 pale,
3370 933 52 23 and.
3442 935 83 22 taking
3536 934 32 20 his

3019 962 27 21 ha
3052 961 28 22 nd
3091 961 4 22 :

3257 990 51 23 said
3330 992 45 21 she,
3488 996 80 17 wrong

3020 1020 54 21 that
3093 1020 41 21 has
3151 1020 55 23 been
3224 1018 57 23 done
3298 1026 53 19 you;
3368 1025 45 19 you
3429 1019 69 22 saved
3532 1025 36 19 my

3020 1048 48 24 life,
3104 1048 46 22 and
3170 1049 8 21 I
3215 1049 58 20 have
3295 1049 80 26 nearly
3409 1048 82 22 caused
3512 1055 57 19 yum*

3120 1107 8 20 I
3147 1108 40 20 not
3207 1106 144 25 sufficiently
3371 1105 155 27 recompensed
3546 1107 22 19 in

3020 1134 89 26 finding
3123 1141 45 19 you
3178 1135 10 20 ?
3217 1135 49 21 You
3279 1141 44 15 can
3337 1136 40 20 not
3392 1135 36 21 for
3440 1140 13 16 a
3468 1135 98 21 moment

3020 1164 102 24 imagine
3158 1164 20 22 it
3213 1170 49 15 was
3283 1163 36 22 (or
3338 1164 99 21 another
3470 1163 54 24 that
3561 1163 6 20 I

3140 1222 58 21 with
3284 1221 51 21 said
3351 1222 132 21 Genevieve,
3497 1222 59 20 inter-

3022 1250 95 26 rupting
3133 1251 52 22 him;
3243 1250 47 21 will
3309 1250 45 21 find
3370 1257 45 19 you
3428 1256 61 15 some
3503 1250 65 20 clean

3020 1280 68 21 linen.
3133 1280 46 20 Our
3198 1281 78 22 guests
3314 1281 59 19 must
3395 1281 38 19 not
3470 1285 35 13 see
3525 1284 43 20 you

3020 1309 53 20 thus
3091 1309 26 20 -it
3138 1307 77 23 would
3233 1309 26 20 be
3279 1309 41 20 too
3340 1310 68 23 great
3427 1314 11 14 a
3460 1308 108 25 reproach

3021 1337 26 21 to

3093 1372 36 16 am
3154 1372 14 15 a
3191 1367 68 24 great
3284 1366 91 23 trouble
3396 1366 27 22 to
3445 1371 52 20 yon.
3521 1370 49 17 ma*

3021 1395 75 25 dame,
3116 1396 7 20 1
3234 1395 51 21 said
3305 1396 108 22 Maurice,
3432 1395 98 25 sighing.

3123 1425 26 20 at
3167 1425 41 21 all;
3227 1425 9 19 I
3254 1425 54 24 only
3325 1423 28 21 do
3370 1430 38 19 my
3425 1424 64 24 duty;
3500 1422 72 22 and.'*

3020 1453 38 21 she
3075 1451 80 23 abided,
3211 1452 28 20 do
3256 1453 18 21 it
3290 1453 57 19 with
3363 1453 62 19 much
3442 1450 130 27 pleasure.''

3045 1481 125 22 Genevieve
3187 1481 55 21 then
3257 1480 127 22 conducted
3403 1480 100 22 Maurice
3521 1481 50 19 ton.

3022 1510 66 25 large
3111 1509 188 24 dressincr-room.
3323 1508 113 29 arranged
3461 1508 57 22 with
3541 1514 29 16 an

3023 1540 38 21 air
3079 1538 23 21 of
3120 1539 107 26 elegance
3248 1540 25 20 he
3294 1538 43 22 had
3358 1540 40 20 not
3416 1537 110 28 expected
3544 1538 27 21 to

3022 1568 46 23 find
3086 1569 22 20 in
3123 1570 40 20 the
3180 1570 68 19 house
3264 1567 23 21 of
3302 1573 16 15 a.
3331 1568 90 21 master
3434 1568 91 20 tanner.
3548 1566 24 21 Tt

3022 1597 19 20 is
3058 1598 61 23 true,
3137 1597 46 21 this
3203 1597 87 20 master
3306 1597 84 20 tanner
3406 1594 114 28 appeared
3545 1596 27 19 to

3022 1625 27 21 be
3067 1631 13 15 a
3097 1625 149 21 millionaire..
3287 1620 41 28 She'
3353 1625 55 21 then
3424 1623 86 28 opened
3533 1624 38 19 the

3023 1653 140 23 wardrobes.

3283 1680 51 24 said
3351 1683 47 22 she;
3496 1686 39 15 are
3544 1681 28 20 at

3045 1740 42 23 She
3105 1740 131 23 withdrew.

3046 1771 70 21 When
3132 1770 102 22 Maurice
3248 1775 64 16 came
3330 1770 50 21 out,
3398 1769 25 20 he
3440 1766 68 23 found
3518 1766 41 21 Dix-

3022 1805 55 17 mer.
3097 1799 51 21 who
3166 1798 45 21 had
3230 1797 115 22 returned.

3166 1827 105 21 nllone!''
3288 1825 52 25 said
3359 1826 34 25 he,
3472 1824 70 26 table;
3552 1823 20 22 it

3022 1857 54 25 only
3095 1857 71 22 waits
3182 1856 36 22 for

3203 1923 132 22 CHAPTER
3351 1923 42 22 IX.

3209 1971 51 17 THE
3278 1970 102 19 SUPPER.

3050 2001 66 21 When
3133 2000 100 22 Maurice
3246 1997 96 25 entered
3358 1999 58 21 with
3431 1998 91 21 Dixmer
3532 1996 45 22 and

3025 2029 127 23 Genevieve
3171 2030 51 20 into
3239 2030 39 20 the
3297 2028 203 24 salla,-a-manger.
3519 2026 46 20 situ-

3025 2059 58 21 ated
3099 2060 24 20 in
3138 2059 39 21 the
3194 2057 59 26 body
3271 2057 22 21 of
3310 2058 38 19 the
3365 2056 126 25 basemeut,
3504 2056 73 20 where

3025 2088 57 26 they
3098 2088 47 22 had
3159 2088 52 21 first
3229 2084 127 25 conducted
3373 2085 52 24 him,
3441 2086 39 21 the
3495 2090 84 21 supper

3026 2123 50 13 -was
3097 2116 79 25 ready,
3196 2116 41 19 but
3257 2116 40 20 the
3316 2121 64 14 room
3400 2116 93 19 vacant.
3546 2114 32 19 He

3025 2150 50 15 saw
3098 2144 33 20 all
3152 2145 40 19 the
3215 2145 79 25 guests
3315 2144 68 19 enter
3418 2141 159 24 successively.

3027 2174 63 26 They
3107 2178 59 17 were
3182 2173 36 21 fix
3237 2172 23 22 in
3276 2171 100 23 number;
3393 2176 49 16 meu
3458 2170 23 21 of
3497 2175 67 21 agree-

3026 2203 53 21 able
3099 2203 112 21 exterior,
3231 2201 36 22 for
3288 2202 38 20 tb°
3346 2199 62 23 mast
3427 2199 54 28 part
3500 2204 78 21 young

3027 2232 47 22 and
3094 2231 145 26 fashionably
3262 2229 97 26 dressed;
3381 2231 50 20 two
3453 2235 26 15 or
3515 2229 64 21 three

3026 2267 58 16 even
3102 2267 61 15 wore
3180 2261 40 21 the
3240 2258 78 23 Momc
3337 2257 45 23 and
3400 2258 179 25 bonnet-rouge.

3051 2290 94 22 Dixmer
3162 2288 135 23 introduced
3314 2288 110 21 Maurice,
3443 2286 136 26 uaraiughis

3027 2320 69 21 titles
3112 2318 45 22 and
3172 2317 185 28 qualifications.
3399 2317 68 22 Th°n,
3483 2316 96 24 turuing

3027 2347 95 23 toward
3141 2348 101 21 Maurice
3253 2347 4 23 :

3205 2375 51 22 said
3271 2376 34 22 he.
3438 2372 94 28 Lindey,
3546 2372 33 21 all

3028 2408 67 21 those
3108 2409 51 18 who
3171 2406 72 21 assist
3257 2410 34 16 me
3306 2404 23 21 in
3341 2410 37 19 my
3391 2403 76 22 trade.
3486 2402 94 23 Thanks

3027 2438 28 19 to
3076 2436 40 21 the
3136 2436 69 20 times
3225 2434 24 21 in
3271 2433 74 21 which
3366 2438 33 15 we
3420 2432 52 21 live,
3495 2431 85 21 thanks

3028 2466 26 20 to
3075 2464 39 21 the
3150 2463 176 25 revolutionary
3349 2460 121 28 principles
3506 2459 74 21 which

3028 2495 60 21 have
3105 2492 88 22 effaced
3213 2492 32 20 all
3266 2491 146 25 distinction,
3433 2495 32 14 we
3485 2490 30 20 all
3535 2489 44 20 live

3029 2530 59 19 upon
3102 2523 40 19 the
3153 2520 170 24 same.footing
3338 2519 23 20 of
3373 2518 80 22 sacred
3466 2518 113 26 equality.

3029 2552 76 24 Every
3115 2551 46 24 day
3171 2555 35 15 we
3220 2548 112 21 assemble
3347 2549 26 19 at
3390 2548 39 20 the
3442 2553 63 15 same
3516 2546 63 20 table

3029 2579 45 23 and
3095 2579 9 22 I
3123 2584 36 15 am
3180 2578 76 26 happy
3276 2582 44 20 you
3337 2577 57 20 have
3413 2575 54 21 been
3486 2573 92 25 induced

3029 2610 26 20 to
3072 2608 98 27 partake
3185 2606 24 22 of
3224 2612 43 15 our
3281 2605 81 26 family
3378 2605 86 26 repast.
3495 2601 83 26 Allons!

3029 2640 26 19 to
3072 2637 73 25 table,
3161 2635 146 22 citizens-to

3426 2661 50 22 said
3511 2661 53 22 Gene-

3030 2697 72 24 vieve,
3116 2693 103 26 timidly,
3286 2698 33 13 we
3330 2692 40 21 not
3387 2692 57 20 wait
3459 2690 36 21 for
3508 2690 56 22 him?
3566 2688 13 16 M

3225 2721 52 23 eaid
3300 2721 99 21 Dixmer.
3525 2719 43 22 citi-

3030 2761 46 17 zen,
3090 2753 23 21 of
3124 2754 75 19 whom
3202 2749 4 29 l
3217 2752 8 20 l
3240 2752 58 20 have
3311 2749 96 26 already
3419 2750 92 25 spoken,
3523 2749 44 21 Citi-

3031 2789 38 15 ecii
3084 2780 94 26 Lindey,
3194 2781 18 20 is
3228 2784 38 21 my
3282 2779 102 25 partner.
3415 2777 33 21 He
3462 2777 117 21 conducts,

3030 2811 18 23 if
3067 2811 10 21 I
3095 2815 56 20 may
3170 2814 26 15 so
3214 2812 93 21 express
3325 2805 89 26 myself,
3447 2805 39 21 the
3505 2805 73 20 mural

3031 2840 55 27 part
3102 2838 22 21 of
3139 2838 38 21 the
3192 2836 186 21 establishment.
3402 2834 33 22 He
3450 2833 94 22 attends
3554 2835 26 19 to

3030 2871 39 19 the
3086 2867 105 26 writing,
3206 2866 67 25 keeps
3290 2865 38 20 the
3344 2864 62 21 cash,
3420 2861 159 27 superintends

3030 2900 39 20 the
3090 2897 119 22 factories,
3230 2900 57 22 pays
3308 2892 44 22 and
3373 2892 98 21 receives
3490 2898 89 19 money,

3030 2928 54 23 and,
3102 2927 24 20 in
3140 2926 73 20 short,
3231 2924 77 20 wnrtt
3324 2924 83 19 harder
3423 2924 58 20 than
3495 2929 45 18 any
3557 2923 23 21 of

3030 2962 34 16 u«.
3099 2955 45 22 The
3164 2952 72 24 result
3257 2953 18 22 is
3295 2952 55 21 that
3368 2952 25 20 he
3412 2951 19 21 is
3448 2952 133 21 sometime**

3032 2986 81 22 rather
3130 2984 57 21 late.
3221 2983 8 20 I
3249 2981 48 22 will
3316 2987 29 19 go
3362 2979 45 24 and
3424 2980 41 21 tell
3483 2981 45 21 him
3544 2987 35 19 >ve

3031 3019 40 16 are

3054 3043 28 20 At
3103 3041 47 21 this
3168 3039 100 22 moment
3290 3039 38 20 the
3348 3036 57 23 door
3424 3036 92 27 opened,
3535 3037 44 22 and

3029 3073 40 20 the
3090 3069 85 23 Citizen
3198 3066 94 24 Moraud
3314 3066 100 21 entered.
3453 3066 33 22 H«
3507 3072 47 14 was
3565 3073 15 13 a.

3028 3100 66 21 short
3115 3105 60 16 man,
3196 3097 65 23 dark,
3283 3097 58 20 with
3361 3096 71 24 bushy
3452 3094 126 25 eyebrows,

3037 3133 46 18 anl
3105 3133 61 20 Wore
3189 3139 69 19 green
3279 3130 198 29 spectacles—like
3499 3135 12 14 a
3534 3133 52 16 man

3037 3160 75 20 whose
3132 3166 53 21 eyes
3205 3167 40 16 are
3267 3160 105 27 fatigued
3393 3160 57 21 from
3470 3163 75 17 excess
3564 3155 22 22 of

3037 3190 225 25 work—concealing
3280 3191 33 21 his
3330 3190 67 21 black
3415 3194 60 19 eyes,
3493 3187 42 21 but
3545 3186 41 20 not

3036 3220 25 16 e*o
3080 3217 137 27 effectually
3234 3220 63 20 their
3314 3218 158 23 scintillating
3492 3215 94 25 gleams.

3037 3245 28 20 At
3088 3246 39 20 the
3147 3246 53 23 fftst
3222 3247 75 20 words
3318 3248 25 20 he
3364 3244 100 22 ottered.
3485 3241 101 23 Maurice

3037 3275 131 24 recoguizei]
3191 3277 54 18 -that
3269 3275 54 20 mild
3347 3276 37 22 yet
3425 3270 3 29 >
3438 3278 72 15 omnia
3516 3270 70 22 ndiug

3037 3303 64 19 voice
3119 3303 105 25 engaged
3245 3304 22 19 in
3287 3304 34 19 his
3342 3301 83 22 behalf,
3446 3300 67 21 while
3547 3304 26 13 en-

3036 3328 127 28 deavoring
3177 3333 26 19 to
3215 3337 54 14 sav<>
3285 3332 44 20 him
3345 3330 56 21 fronj
3417 3328 116 24 becoming
3545 3326 40 21 the.

3036 3358 80 22 victim
3138 3364 25 16 to
3183 3361 50 20 that
3273 3359 95 22 terrible
3389 3356 132 24 discussion.
3549 3354 35 21 He

3035 3393 48 14 was
3100 3389 94 22 habited
3210 3391 22 20 in
3248 3396 12 14 a
3278 3389 79 21 brown
3370 3389 63 20 coat,
3450 3386 57 21 with
3518 3385 65 25 large,

3035 3415 103 24 buttons,
3156 3424 12 12 a
3187 3419 70 20 white
3276 3418 134 21 waistcoat;
3427 3415 45 21 and
3489 3415 34 19 his
3537 3412 46 22 line

3032 3446 103 20 cambric
3152 3447 119 20 shirt-frill
3289 3452 49 14 was
3355 3445 64 21 often
3436 3443 82 25 during
3535 3441 36 21 din-

3034 3478 41 16 ner
3090 3474 119 21 smoothed
3228 3475 29 25 by
3276 3481 12 14 a
3308 3473 58 22 band
3384 3473 73 21 which
3474 3469 109 23 Maurice,

3034 3507 28 14 no
3076 3501 71 22 doubt
3162 3502 57 23 from
3235 3504 32 21 its
3281 3503 67 26 being
3361 3503 55 20 that
3429 3501 23 20 of
3465 3506 12 14 a
3490 3497 82 23 trades

3034 3536 62 20 man,
3116 3531 103 24 admired
3239 3532 65 22 much
3324 3532 37 22 for
3380 3532 32 21 its
3431 3530 87 25 beauty
3538 3525 44 24 aud

3033 3558 104 28 deliency
3153 3562 22 20 of
3191 3568 151 20 appearand.

3057 3592 62 27 They
3140 3593 33 22 all
3194 3594 56 21 took
3272 3594 63 21 their
3370 3593 70 20 seats,
3486 3587 97 24 Morand

3034 3626 48 15 was
3104 3622 78 25 placed
3202 3629 29 14 on
3251 3622 144 21 Genevieve's
3432 3621 61 25 right
3514 3617 68 26 hand,

3034 3649 100 22 Maujicp
3148 3658 29 14 on
3189 3652 39 19 her
3242 3651 49 21 left.
3322 3651 91 21 Dixmer
3424 3652 38 17 sat
3476 3647 106 27 opposite

3034 3678 33 21 his
3086 3679 59 22 wife.
3180 3680 45 21 The
3246 3681 45 20 rest
3311 3679 21 21 of
3351 3680 37 20 the
3405 3678 79 26 guests
3500 3673 83 23 seated

3032 3708 137 21 themselves
3189 3708 179 27 promiscuously
3387 3705 92 24 around,
3495 3711 29 16 an
3542 3704 26 21 ob-

3033 3735 54 28 long
3109 3737 72 23 table.
3220 3739 44 20 The
3286 3744 84 21 supper
3391 3742 48 16 was
3460 3734 120 22 excellent.

3034 3766 94 22 Dixmer
3145 3767 42 21 had
3207 3773 11 13 a
3239 3768 91 25 capital
3349 3767 114 25 appetite,
3481 3763 45 23 and
3544 3761 36 22 did

3032 3795 39 19 the
3093 3796 82 19 honors
3194 3796 23 19 nf
3238 3796 38 19 the
3297 3795 64 20 table
3382 3795 56 20 with
3457 3793 65 21 much
3542 3796 26 20 po-

3173 3825 43 20 The
3237 3824 122 22 workmen,
3382 3829 26 14 or
3429 3823 65 19 those
3530 3819 51 21 who

3033 3852 124 24 pretended
3178 3854 24 19 to
3222 3853 25 19 be
3267 3854 61 22 such,
3349 3851 71 22 under
3437 3851 48 20 this
3503 3854 79 15 exam*

3032 3880 44 26 pie,
3097 3880 91 22 became
3206 3880 113 22 excellent
3338 3879 155 27 companions.
3536 3876 46 21 The

3032 3908 86 24 Citizen
3136 3910 95 23 Morand
3245 3911 69 27 spoke
3332 3909 73 23 little,
3422 3908 43 23 and
3481 3908 40 21 ate
3531 3905 49 23 still

3032 3939 52 24 less,
3099 3940 74 22 drank
3186 3941 104 25 scarcely
3307 3940 121 25 anything,
3444 3937 44 23 and
3504 3935 76 26 rarely

3031 3968 88 22 smiled.
3158 3969 108 22 Maurice,
3289 3970 96 25 perhaps
3408 3968 56 20 from
3486 3967 40 21 the.
3547 3970 22 16 re-

3032 3997 146 21 miniscences
3199 3998 34 21 his
3254 3998 62 22 voice
3338 3995 133 22 awakened,
3493 3995 42 20 felt
3545 3993 37 21 for

3032 4024 44 23 him
3115 4026 159 27 immediately
3311 4032 14 15 a
3355 4026 70 25 lively
3446 4023 134 27 sympathy,

3032 4055 53 25 only
3103 4055 27 21 he
3147 4061 47 16 was
3213 4057 21 20 in
3251 4055 71 21 doubt
3340 4061 26 14 as
3382 4056 26 20 to
3424 4054 35 21 hie
3471 4058 55 20 Age,
3537 4050 43 23 and

3031 4085 47 20 thi«
3101 4085 81 21 rather
3201 4083 104 27 annoyed
3329 4085 51 22 him,
3403 4089 26 15 a*
3448 4082 132 22 sometimes

3031 4113 26 19 he
3079 4113 115 25 imagined
3214 4115 43 19 him
3279 4115 26 17 to
3325 4113 25 19 he
3370 4118 14 14 a
3403 4117 52 15 roan
3475 4111 22 20 of
3515 4110 66 24 forty

3031 4146 27 16 or
3072 4141 56 26 fifty
3141 4147 75 21 years,
3292 4142 26 20 at
3332 4141 78 22 others
3420 4140 65 27 quite
3495 4142 85 23 young.

3055 4170 99 26 Dixmer,
3175 4178 29 15 on
3224 4171 91 26 placing
3337 4170 88 21 himself
3446 4170 26 19 at
3508 4167 71 22 table,

3031 4198 41 21 felt
3090 4199 90 25 obliged
3198 4202 25 18 to
3240 4199 58 21 offer
3312 4204 62 15 some
3390 4196 154 27 explanation
3552 4196 28 19 to

3031 4227 33 21 his
3079 4231 78 21 guests
3171 4228 35 21 for
3220 4228 38 21 the
3273 4226 127 23 admission
3412 4226 22 21 of
3448 4231 11 16 a
3471 4226 109 24 stranger

3031 4256 50 20 into
3103 4257 62 21 their
3187 4257 62 21 little
3271 4257 77 21 circle.
3386 4256 34 20 He
3457 4251 124 29 acquitted!

3031 4284 88 22 himself
3135 4285 43 21 like
3194 4292 29 15 an
3239 4285 84 21 artless
3340 4290 59 18 man,
3414 4289 40 18 on*
3470 4287 96 17 unaccus-

3029 4315 78 19 tomed
3126 4315 25 19 tn
3170 4315 81 21 deceit,
3271 4315 39 20 but
3331 4315 37 19 the
3387 4314 85 25 guests,
3491 4318 26 14 as
3556 4310 24 22 it

3028 4341 97 24 seemed,
3143 4347 60 15 were
3219 4343 40 20 not
3278 4342 101 21 difficult
3397 4348 28 14 on
3441 4341 48 21 this
3505 4339 74 26 point;

3030 4369 41 23 for,
3095 4370 213 26 notwithstanding
3329 4372 39 19 the
3406 4367 173 25 awkwardnejw

3029 4398 120 28 displayed
3170 4401 29 25 by
3221 4401 46 20 this
3288 4400 175 23 manufacturer
3483 4397 22 22 of
3516 4396 63 23 hidee

3029 4429 22 20 in
3074 4429 37 20 the
3133 4429 158 21 introduction
3314 4429 23 20 of
3358 4430 40 19 the
3418 4432 77 21 young
3516 4428 61 21 man,

3028 4457 56 24 they
3104 4456 33 21 all
3156 4456 115 27 appeared
3294 4456 111 27 perfectly
3423 4454 115 22 satisfied.

3052 4489 100 21 Maurice
3173 4489 111 26 regarded
3303 4489 46 22 him
3368 4489 59 21 with
3461 4486 114 23 astouish-

3027 4524 22 14 m
3052 4523 10 8 n
3065 4519 33 19 ut.

3150 4553 38 20 my
3320 4546 51 22 said
3390 4547 26 19 he
3435 4547 26 19 to
3479 4543 96 25 himself,

3070 4576 60 21 shall
3149 4575 73 26 really
3240 4581 55 16 soon
3314 4575 66 22 think
3396 4575 55 20 tha.t
3468 4573 8 21 I
3494 4570 82 27 mysell

3028 4609 37 16 am
3080 4603 113 23 deceived.
3224 4605 20 20 Is
3259 4605 47 20 this
3322 4605 38 19 the
3372 4608 63 16 same
3449 4608 53 15 man
3515 4601 59 24 who,

3028 4633 59 20 with
3107 4634 97 24 flaming
3224 4638 53 20 eyes
3315 4631 45 23 and
3396 4631 86 22 furious
3503 4629 73 24 voice,

3028 4661 95 26 pursued
3141 4668 33 15 me
3192 4661 56 23 with
3266 4667 45 21 gun
3327 4662 22 20 in
3365 4659 67 23 hand,
3448 4658 44 22 and
3508 4656 53 21 abso-

3028 4690 71 27 lutely
3122 4691 83 22 wished
3226 4692 25 21 to
3272 4691 39 21 kill
3332 4695 33 17 me
3384 4689 65 21 three
3466 4688 110 26 quarters

3026 4719 23 20 nf
3068 4725 29 15 an
3115 4721 57 19 hour
3189 4720 60 20 since
3260 4719 10 20 ?
3304 4720 28 19 At
3350 4719 47 19 this
3414 4717 101 21 moment
3531 4720 43 16 one

3026 4748 74 23 mighr
3121 4748 55 18 take
3194 4748 45 20 him
3259 4747 37 20 for
3313 4751 16 14 a
3346 4747 54 19 hero
3418 4745 79 19 rather
3515 4743 59 20 than

3026 4780 29 15 an
3072 4775 107 21 assassin.
3212 4775 50 20 Mon
3280 4774 54 21 Dieu
3344 4768 4 28 !
3365 4773 52 23 how.
3430 4772 40 20 the
3484 4771 50 21 love
3550 4768 22 22 o!

3025 4802 62 21 hides
3108 4803 138 21 transforms
3267 4807 12 17 a

3049 4833 70 22 While
3135 4834 93 26 making
3242 4834 64 20 these
3322 4832 168 23 observations,
3506 4829 65 24 Mau>

3026 4862 45 21 rice
3086 4860 149 28 experienced
3251 4867 15 15 a
3282 4862 96 24 strange
3395 4860 84 26 feeling
3495 4858 23 21 of
3532 4858 39 26 [by

3024 4890 45 22 and
3086 4891 67 25 grief,
3169 4890 45 21 and
3230 4890 42 21 felt
3289 4890 82 22 unable
3386 4890 26 20 to
3427 4889 96 25 analyze
3537 4887 34 22 his

3024 4925 52 16 own
3091 4921 123 27 t-motjgns.
3245 4919 33 22 He
3296 4920 27 20 at
3339 4919 81 25 length
3435 4916 68 23 found
3513 4916 58 22 him*

3023 4948 43 22 self
3080 4954 57 16 near
3149 4945 34 25 his
3197 4947 114 22 beautiful
3327 4947 120 23 unknown,
3461 4947 74 21 whom
3545 4945 26 21 he

3024 4976 45 23 had
3090 4983 25 15 eo
3137 4976 110 27 ardently
3268 4977 92 26 sought.
3415 4976 28 22 As
3464 4975 27 21 he
3527 4973 44 23 had

3023 5005 116 27 dreamed,,
3156 5007 39 20 she
3213 5006 53 23 bore
3286 5011 14 15 a
3317 5005 120 26 charming
3456 5009 73 20 name;
3545 5003 26 22 he

3023 5042 50 15 was
3092 5035 147 23 intoxicated
3257 5036 60 22 with
3350 5037 40 20 the
3410 5035 121 27 happiness
3548 5032 23 22 of

3024 5064 89 25 finding
3132 5065 89 19 himself
3238 5065 26 19 at
3285 5065 40 19 her
3342 5063 55 24 side,
3415 5064 25 19 he
3458 5062 73 20 drank
3548 5062 23 19 in

3023 5098 69 20 every
3113 5091 70 24 word,
3203 5091 46 22 and
3269 5093 25 19 at
3328 5091 56 22 each
3401 5090 72 22 eound
3491 5090 22 20 of
3532 5090 39 20 her

3024 5122 63 22 voice
3105 5122 39 22 the
3160 5123 59 21 most
3238 5123 75 20 secret
3329 5119 70 23 chord
3414 5120 23 21 of
3453 5120 34 21 hie
3503 5119 68 22 heart'

3024 5150 114 23 vibrated;
3155 5150 42 21 but
3212 5151 26 20 he
3255 5156 49 15 was
3320 5150 80 27 deeply
3417 5148 110 23 wounded
3541 5150 30 22 by

3023 5180 33 21 all
3071 5180 26 22 he
3110 5185 56 16 saw.
3197 5179 125 24 Genevieve
3336 5184 49 16 was
3398 5178 94 25 exactly
3506 5177 64 21 what

3023 5210 26 21 he
3066 5209 45 22 had
3127 5208 103 28 pictured
3247 5210 46 24 her;
3325 5209 39 20 the
3395 5208 94 24 dreamy
3504 5205 23 22 of
3557 5211 14 15 a

3022 5239 91 25 stormy
3131 5239 66 25 night
3215 5238 87 25 reality
3320 5237 45 21 had
3382 5238 41 19 not
3440 5234 130 26 destroyed.

3024 5267 59 21 Here
3103 5272 47 15 was
3168 5272 30 16 an
3216 5267 94 24 elegant
3329 5271 98 15 woman,
3445 5264 23 20 of
3486 5262 85 22 reiuned

3023 5295 61 22 miud
3104 5295 44 22 and
3165 5296 105 25 superior
3289 5294 129 22 education,
3454 5291 116 25 affording

3023 5324 99 22 another
3134 5325 103 21 instance
3249 5323 23 22 of
3285 5324 65 21 what
3364 5322 44 23 had
3419 5328 24 16 eo
3456 5321 101 27 frequent-

3023 5354 22 26 ly
3063 5353 108 23 occurred
3185 5354 83 26 during
3283 5354 39 21 the
3339 5353 75 21 latter
3430 5356 66 22 years
3519 5354 50 23 pre*

3020 5383 83 27 ceding
3123 5384 39 20 the
3183 5384 92 26 present
3296 5381 131 22 celebrated
3447 5385 57 21 year
3528 5378 42 21 '93.

3023 5412 59 22 Here
3101 5418 47 14 was
3164 5418 15 14 a
3196 5418 75 19 young
3289 5416 90 16 woman
3395 5410 22 21 of
3432 5408 139 23 distinction

3021 5441 133 26 compelled,
3168 5441 59 21 from
3240 5441 38 21 the
3294 5441 66 20 utter
3373 5439 50 22 ruin
3436 5439 49 20 into
3496 5436 72 21 -which

3022 5471 40 20 the
3083 5471 102 25 nobility
3205 5469 45 22 had
3273 5469 76 21 fallen,
3371 5468 26 22 to
3418 5467 48 25 ally
3487 5464 80 22 berseK

3021 5500 26 19 to
3066 5505 13 14 a.
3095 5504 131 15 commoner
3243 5497 44 22 and
3304 5504 16 14 a
3335 5498 79 24 trusty
3430 5501 58 15 man.
3513 5493 41 21 Dix-

3022 5533 49 16 mer
3085 5526 115 28 appeared
3216 5532 14 15 a
3247 5527 68 20 brave
3332 5531 60 16 man.
3423 5524 33 21 He
3471 5528 47 15 waa
3534 5522 24 21 iui-

3021 5556 149 28 conteetably
3192 5556 53 22 rich,
3283 5554 44 23 ami
3349 5554 33 22 hie
3418 5556 104 19 manners
3541 5551 26 19 to

3021 5586 125 22 Genevieve
3167 5591 59 15 were
3245 5585 64 20 those
3330 5584 23 20 of
3373 5589 13 14 a
3405 5588 52 15 man
3476 5580 90 23 uniting

3020 5620 70 20 every
3123 5613 116 23 endeavor
3270 5614 27 19 to
3330 5612 66 21 make
3430 5616 14 14 a
3477 5613 88 16 woman

3021 5644 85 21 happy.
3513 5662 14 8 ~

3050 5667 43 21 But
3110 5665 67 24 could
3195 5665 111 24 kindness,
3327 5665 71 23 riches
3416 5670 26 15 or
3457 5663 112 22 excellent

3026 5697 126 21 intentions
3171 5697 147 24 compensate
3337 5696 39 19 her
3395 5693 36 21 for
3450 5693 63 20 what
3531 5692 38 19 she

3026 5725 44 22 b-id
3088 5724 128 23 sacrificed,
3282 5728 89 17 remove
3406 5723 38 20 the
3464 5721 105 21 immense

3024 5754 104 21 distance
3162 5754 103 21 existing
3283 5753 103 20 between
3405 5749 101 24 husband
3524 5747 44 21 and

3026 5783 59 23 wife,
3108 5784 101 18 between
3230 5787 15 15 a
3266 5781 108 26 poetical,
3395 5775 172 28 distinguished,

3023 5811 120 21 charming
3165 5809 44 27 girl
3247 5808 43 22 and
3328 5814 11 14 a
3380 5805 187 27 vulgar-looking

3023 5839 154 21 tradesman'.'
3214 5838 61 21 With
3311 5837 64 22 what
3395 5834 67 23 could
3497 5833 70 21 Geuee

3024 5869 63 20 vieve
3104 5867 35 21 fill
3154 5872 29 21 up
3197 5867 48 21 this
3260 5867 69 25 abys6
3350 5866 10 20 ?
3379 5864 65 22 Alas!
3468 5862 99 23 Mauric*

3023 5902 52 15 now
3090 5895 94 26 guessed
3198 5897 42 19 too
3257 5895 60 21 well.
3350 5894 60 21 With
3426 5893 48 20 love
3485 5889 4 32 !
3522 5889 44 22 And

3024 5926 32 24 hp,
3073 5925 124 23 therefore,
3214 5923 80 22 turned
3313 5925 25 19 to
3357 5923 32 20 his
3405 5922 53 20 first
3474 5919 93 27 opinion

3023 5954 22 20 nf
3063 5954 37 21 the
3115 5960 77 19 young
3210 5959 98 15 woman,
3326 5949 124 24 influenced
3464 5949 30 25 by
3525 5948 30 25 apt-

3024 5988 122 20 pparajices
3164 5989 27 14 on
3209 5982 39 21 the.
3266 5981 95 25 evening
3379 5980 23 20 of
3417 5979 62 21 their
3494 5977 56 21 meet-

3021 6013 40 25 ing
3082 6012 52 21 that
3155 6012 38 21 she
3216 6017 48 15 was
3286 6008 119 27 returning
3425 6007 59 22 from
3505 6010 60 16 some

3022 6041 134 21 rendezvous
3176 6040 111 20 d'ainour.

3044 6074 45 21 The
3106 6073 50 22 idea
3173 6072 22 21 of
3213 6072 123 23 Genevieve
3354 6071 77 24 ioviag
3447 6074 45 20 any
3522 6072 40 16 one

3021 6108 47 15 was
3085 6104 92 20 torture
3193 6104 25 19 to
3236 6100 107 23 Maurice.
3369 6100 32 21 He
3417 6097 86 26 sighed,
3520 6095 44 22 and

3020 6131 81 26 deeply
3121 6131 117 25 regretted
3257 6130 83 23 having
3360 6126 96 27 exposed
3475 6124 88 23 himself

3020 6161 25 19 to
3066 6160 38 20 the
3123 6160 144 25 temptation
3287 6157 23 21 of
3329 6156 109 24 imbibing
3457 6160 15 15 a
3511 6153 50 21 still

3019 6189 81 24 larger
3117 6187 52 21 dose
3187 6187 23 20 of
3230 6187 53 20 that
3303 6186 79 26 poison
3399 6182 87 23 termed
3504 6182 58 21 love.

3020 6218 28 20 At
3064 6217 67 21 other
3144 6215 117 22 moments,
3278 6213 67 22 while
3362 6213 108 25 listening
3484 6212 25 19 to
3523 6211 38 20 the

3017 6245 87 21 ductile
3118 6245 70 22 voice,
3201 6249 25 14 so
3240 6243 46 19 soft
3301 6241 43 21 and
3358 6241 152 21 harmonious,
3520 6245 40 14 ex»

3018 6274 103 24 amining
3134 6273 54 20 that
3203 6277 53 20 pure
3271 6269 44 21 and
3329 6275 56 20 open
3398 6270 162 22 countenancs,

3016 6301 107 26 evincing
3143 6306 27 15 no
3190 6300 50 20 f*ar
3274 6299 53 19 that
3349 6299 25 19 he
3392 6296 80 22 should
3506 6295 55 22 read

3016 6335 70 23 every
3097 6329 75 21 secret
3183 6328 24 20 of
3219 6328 38 20 her
3270 6327 56 21 soul,
3339 6327 26 20 he
3377 6324 94 29 arrived
3482 6325 78 24 atjthe

3162 6361 33 30 %9
3209 6368 28 19 SB
3252 6365 131 24 OQKTOiWB.

3720 213 151 47 Writing
3892 214 48 46 by
3963 213 102 37 Wire.

3623 312 62 22 THE
3706 312 113 22 LATEST
3839 313 131 23 MARVEL
3996 313 38 23 OF
4059 311 99 23 INVEN

3854 340 80 22 TION.

3651 377 60 21 After
3722 378 36 20 the
3768 378 141 26 phonograph,
3928 378 37 22 the
3982 381 54 20 most
4053 378 105 22 extraordi

3625 409 53 21 nary
3699 405 86 20 modern
3806 406 108 20 invention
3934 412 17 14 is
3968 406 145 26 undoubtedly
4132 407 32 20 th«

3625 432 153 25 telautograph.
3808 432 99 21 Hitherto
3918 439 30 14 we
3962 432 52 22 have
4033 435 49 19 been
4099 439 61 15 accus

3625 458 70 21 tomed
3707 461 21 18 to
3738 458 83 27 writing
3832 461 36 19 out
3878 459 127 27 telegraphic
4020 467 103 19 messages
4142 467 23 14 or

3625 493 12 12 a
3648 486 59 22 form,
3719 486 94 25 handing
3830 487 15 20 it
3860 493 48 14 over
3926 486 37 21 the
3972 491 86 16 counter
4067 488 20 18 of
4097 494 10 13 a
4119 489 37 18 tele-

3625 512 66 24 graph
3702 512 59 20 office
3779 514 22 18 to
3823 519 25 13 an
3865 515 101 22 operator,
3979 513 46 21 wl'iu
4034 514 108 19 transmit*
4153 515 12 18 it

3627 541 21 18 to
3666 539 26 20 it?
3711 538 136 26 destination,
3867 539 68 21 where
3953 541 15 19 it
3987 541 18 19 is
4019 540 73 24 copied
4111 547 25 13 on
4147 543 19 17 tr

3626 565 88 20 another
3726 566 59 19 form.
3815 566 24 19 In
3850 573 10 12 a
3873 567 39 19 few
3928 567 113 24 years—by
4060 573 70 12 means
4149 566 18 19 of

3625 591 37 20 the
3671 592 204 26 telautograph—we
3884 592 52 21 shall
3946 599 26 18 go
3980 594 22 19 to
4012 588 35 25 the
4054 592 102 26 telegraph-

3626 618 64 23 office,
3702 622 85 24 operate
3796 619 36 22 the
3842 619 95 22 machine
3947 620 109 24 ourselves,
4073 620 40 21 and
4132 627 35 14 our

3625 653 46 14 own
3691 646 150 26 hand-writing
3859 648 43 19 will
3919 648 27 20 be
3967 647 97 21 recorded
4088 649 26 24 by
4133 648 34 19 th*

3627 672 94 22 machine
3730 675 22 19 at
3762 673 36 21 the
3807 674 60 21 other
3876 674 39 21 end
3926 674 21 21 of
3956 674 37 21 the
4001 674 49 22 wire
4057 674 9 21 ?

3650 701 94 25 Suppose
3754 707 25 14 an
3791 702 68 20 editor
3867 703 23 18 to
3900 701 25 21 be
3935 702 21 20 in
3970 701 129 27 telegraphic
4114 707 39 15 com-

3624 728 130 21 munication
3760 728 52 22 with
3822 728 94 22 business
3922 728 73 22 houses
4005 730 19 20 in
4036 728 137 28 Edinburgh,'

3625 755 118 27 Liverpool,
3756 755 141 24 Manchester,
3909 764 23 13 or
3943 757 84 21 Dublin.
4055 756 78 27 Sitting
4146 760 19 18 at

3624 790 12 14 a.
3646 782 63 24 table,
3720 783 68 21 which
3799 783 17 21 is
3834 784 123 26 plentifully
3974 784 92 21 adorned
4083 784 50 20 with
4153 792 10 13 a-

3623 816 56 14 ma.su
3688 810 21 20 of
3718 810 99 22 intricate
3826 811 127 26 machinery,
3965 811 26 21 he
4005 811 41 21 will
4062 812 59 20 writs
4135 811 20 21 hi-

3624 844 93 18 message
3735 844 25 14 on
3777 845 11 13 a
3807 838 58 25 piece
3880 838 21 20 of
3912 844 69 20 paper.
4010 839 18 20 A
4040 838 45 21 lead
4097 838 68 26 pencil

3623 864 98 31 attached
3732 866 22 19 to
3763 864 36 21 the
3808 867 132 19 transmitter
3951 865 26 26 by
3987 867 42 19 two
4043 864 60 22 small
4120 865 45 23 rocU

3624 891 16 21 is
3649 891 65 26 ready
3723 894 23 19 at
3754 892 64 22 hand.

3648 919 31 21 As
3698 919 24 21 he
3741 919 71 25 begin*
3833 921 21 20 to
3874 919 66 24 write,
3965 918 35 23 the
4015 919 87 27 upward
4125 919 40 21 and

3622 945 122 21 downward
3758 948 87 21 strokes,
3862 947 37 21 the
3916 954 80 19 curves,
4013 947 36 21 the
4066 949 91 24 punctua
4170 945 2 28 ■

3623 972 44 22 U»n
3678 973 128 24 marks,'and
3819 975 34 19 the
3864 974 109 21 flourishes
3986 977 34 17 act
4034 981 26 13 on
4076 974 36 20 the
4126 977 39 17 two

3623 1000 50 20 steel
3686 1000 54 21 rods.
3768 1001 31 20 At
3808 1001 37 21 the
3853 1001 40 21 end
3905 1002 19 19 of
3939 1001 50 21 each
4000 1001 36 21 rod
4051 1008 12 13 a
4079 1001 57 26 piece
4146 1001 19 19 of

3622 1027 46 21 thin
3679 1027 47 21 cord
3739 1035 16 14 is
3763 1028 106 25 attached,
3884 1027 73 29 giving
3966 1028 16 21 it
3992 1028 36 21 the
4038 1032 129 26 appearance

3622 1055 21 20 of
3653 1062 12 14 a
3676 1055 64 21 violin
3750 1055 53 22 bow.
3830 1055 46 22 The
3890 1056 49 21 cord
3955 1056 17 21 is
3988 1056 96 21 fastened
4099 1055 66 21 round

3622 1082 37 21 the
3676 1083 68 24 drum,
3763 1083 68 21 which
3850 1083 104 26 regulates
3976 1083 36 21 the
4038 1083 127 26 interrupter

3622 1109 64 21 wheel
3706 1110 72 24 below,
3805 1110 46 21 The
3867 1114 130 17 movements
4012 1110 21 20 of
4046 1109 37 21 the
4098 1111 68 24 penc.l

3622 1143 35 13 are
3667 1135 49 22 thus
3730 1136 125 25 chronicled,
3867 1137 41 20 and
3918 1136 37 21 the
3964 1136 104 22 electrical
4078 1135 87 26 impulse

3622 1163 17 20 is
3649 1166 47 18 sent
3709 1163 63 28 along
3786 1164 37 21 the
3837 1163 60 22 wires
3912 1164 92 27 running
4019 1166 22 19 to
4057 1163 37 22 the
4111 1164 54 21 Irish

3621 1190 79 26 capital
3710 1199 22 14 or
3741 1190 36 22 the
3787 1191 129 22 Lancashire
3925 1192 50 26 city,
3986 1199 23 14 as
4018 1191 37 22 the
4061 1199 47 14 case
4118 1198 47 20 may

3622 1217 32 21 be.

3650 1244 57 21 Even
3717 1244 60 22 when
3787 1244 36 23 the
3833 1244 67 28 pencil
3911 1244 17 22 is
3937 1245 73 22 drawn
4026 1244 53 23 back
4094 1246 22 20 to
4129 1244 36 22 dot

3622 1279 26 14 an
3711 1279 24 14 or
3744 1279 57 14 cross
3810 1280 12 14 a
3934 1276 119 19 movement
4069 1280 17 14 is
4099 1277 59 17 trans
4169 1269 2 26 !

3622 1299 76 21 mitted
3707 1300 42 21 and
3759 1300 99 26 repeated
3868 1300 28 26 by
3906 1300 36 21 the
3951 1301 105 22 receiving
4069 1301 96 20 machine

3622 1328 22 19 at
3651 1326 36 21 the
3696 1326 60 21 other
3765 1327 40 21 end
3815 1327 22 21 of
3846 1326 36 22 the
3892 1326 55 26 wire,
3958 1328 36 20 the
4005 1329 44 20 bow
4059 1328 85 25 making
4155 1333 10 14 a

3622 1353 96 26 pleasant
3726 1361 95 14 murmur
3829 1361 24 15 as
3862 1354 17 22 it
3889 1354 50 23 rub*
3947 1354 83 28 against
4044 1354 37 23 the
4095 1356 70 21 drum.

3622 1382 69 21 When
3705 1382 37 21 the
3751 1382 69 21 editor
3827 1384 47 25 gets
3883 1385 22 18 to
3918 1382 36 22 the
3967 1383 40 21 end
4022 1383 22 21 of
4056 1390 12 13 a
4084 1382 43 22 line
4140 1388 32 26 yej

3622 1408 77 26 simply
3706 1411 60 18 turns
3776 1417 13 12 a
3801 1410 64 20 crank
3879 1409 53 21 with
3945 1410 33 20 his
3991 1410 38 21 left
4044 1409 63 26 hand,
4123 1410 48 26 and,

3620 1435 37 21 the
3665 1442 66 20 paper
3740 1435 70 22 shoots
3819 1436 87 26 upward
3916 1437 40 21 and
3966 1437 86 21 onward
4060 1438 65 20 about
4139 1443 26 15 an

3620 1462 57 22 inch.

3646 1489 54 22 Now
3714 1497 34 14 see
3765 1489 57 23 what
3843 1489 94 28 happens
3958 1492 23 20 at
4003 1490 36 22 the
4060 1490 103 27 receiving

3621 1516 130 23 instrument
3759 1520 23 19 at
3791 1517 37 23 the
3837 1517 60 23 other
3904 1518 42 22 end
3955 1519 22 21 of
3986 1519 37 21 the
4031 1520 57 20 wire.

3645 1544 52 22 Two
3706 1545 47 21 rods
3763 1545 79 22 similar
3851 1549 23 17 to
3883 1545 59 23 those
3951 1553 26 14 on
3987 1547 37 21 the
4032 1545 124 23 transmitter-

3621 1574 72 23 repeat
3702 1572 35 21 the
3747 1574 130 20 movements
3885 1573 21 21 of
3916 1573 36 21 the
3961 1573 66 26 pencil
4036 1573 21 21 in
4067 1573 96 26 L°hdon,

3621 1597 38 22 the
3667 1598 128 22 mechanism
3805 1599 62 25 being
3876 1599 106 22 identical.
4008 1599 47 23 The
4065 1601 97 22 receiver,

3622 1624 101 26 however,
3734 1626 70 20 writes
3819 1625 36 21 the
3872 1632 94 22 message
3981 1627 21 21 in
4018 1627 44 26 ink,
4077 1625 37 33 th/?
4124 1634 38 19 pen

3622 1652 61 26 being
3693 1660 13 13 a
3714 1651 77 23 hollow
3795 1652 55 26 glass
3859 1652 51 22 tube
3918 1653 51 21 with
3979 1660 12 14 a
4001 1653 40 22 6ne
4050 1658 66 22 point.

3647 1679 45 21 The
3701 1679 85 21 editor's
3794 1685 93 20 message
3900 1679 42 21 will
3952 1685 78 23 appear
4040 1681 20 21 in
4069 1681 97 22 brilliant

3622 1705 43 25 ink,
3676 1712 23 14 as
3709 1706 80 27 perfect
3798 1712 24 14 as
3834 1706 14 20 if
3859 1706 36 21 the
3904 1707 69 21 writer
3982 1708 42 20 nad
4033 1709 31 19 sat
4070 1707 61 23 down
4143 1712 22 18 inf

3622 1740 26 14 an
3657 1739 50 21 easy
3716 1732 58 22 chair
3782 1734 23 20 to
3812 1740 38 19 pen
3859 1733 37 21 the
3905 1733 74 23 words.

3646 1760 46 21 The
3702 1759 52 22 time
3763 1767 50 19 may
3827 1768 59 13 com»
3894 1761 60 20 when
3964 1761 37 21 the
4014 1760 74 27 editor,
4103 1768 59 21 away

3622 1786 32 22 for
3663 1786 33 21 his
3704 1786 97 27 holidays
3810 1786 22 21 in
3842 1787 99 21 America
3949 1794 24 14 or
3982 1787 78 26 Egypt,
4067 1793 45 21 say,
4120 1785 47 25 will

3622 1813 26 22 he
3657 1814 47 22 Able
3714 1816 23 19 to
3746 1813 50 23 send
3806 1812 62 23 home
3886 1814 48 26 long
3948 1813 85 23 articles
4045 1816 22 20 in
4081 1820 69 17 manus-

3622 1841 57 27 cript
3688 1842 29 25 by
3730 1841 44 21 this
3787 1846 80 16 means.
3901 1841 36 22 He
3951 1841 43 21 will
4008 1843 72 21 march
4093 1843 45 21 into
4151 1850 12 14 a

3622 1867 159 28 telegraph—or
3789 1868 79 24 rather,
3876 1869 238 26 telautograph—office,
4123 1876 40 20 pay

3622 1895 33 21 for
3664 1895 36 22 the
3710 1902 37 14 use
3756 1895 22 21 of
3787 1895 37 21 the
3833 1895 103 24 machine,
3953 1895 41 21 and
4009 1895 59 22 write

3623 1922 69 22 which
3701 1923 44 21 will
3754 1922 26 22 be
3789 1922 21 21 in
3820 1921 37 22 the
3867 1923 98 24 printer's
3979 1922 68 22 hands
4062 1919 36 25 the
4107 1930 58 14 same

3622 1949 50 27 day.
3699 1949 69 22 There
3784 1949 43 21 will
3846 1949 25 21 be
3886 1955 27 15 no
3929 1949 118 27 possibility
4060 1950 22 21 of

3623 1977 32 21 for
3664 1976 36 22 the
3711 1983 94 20 message
3818 1976 94 21 received
3922 1977 22 20 in
3958 1976 88 22 London
4055 1977 44 21 will
4109 1977 24 21 be
4142 1977 23 24 iu

3622 2003 37 21 the
3669 2003 85 22 editor's
3763 2010 47 14 own
3821 2003 158 27 handwriting.

3648 2031 45 21 The
3708 2031 147 26 telautograph
3874 2031 44 20 will
3932 2031 43 21 also
3984 2029 100 23 transmit
4099 2031 52 21 draw-

3623 2058 47 27 ings
3704 2057 45 22 The
3763 2058 63 21 artist
3836 2057 41 21 will
3892 2064 26 24 go
3926 2060 23 18 to
3966 2057 37 22 the
4017 2059 146 26 telautograph

3623 2086 65 25 office,
3707 2086 63 24 makjs
3786 2086 32 21 his
3833 2085 95 27 drawing
3946 2086 20 21 in
3979 2085 38 22 the
4031 2085 86 23 method
4130 2086 23 23 de-

3623 2112 81 21 scribed
3715 2115 73 18 above.

3649 2139 22 20 It
3686 2139 18 20 is
3714 2141 49 18 true
3776 2139 60 20 there
3851 2144 35 15 are
3900 2139 114 21 boundless
4029 2139 136 26 possibilities

3623 2173 21 14 in
3659 2168 56 19 store
3730 2166 31 21 for
3775 2166 38 21 the
3826 2166 154 26 telautograph.
4007 2165 46 24 The
4071 2167 93 22 business

3623 2201 49 14 man
3682 2194 42 21 will
3742 2194 24 21 be
3780 2196 48 19 able
3842 2196 23 19 to
3879 2194 50 22 send
3946 2194 138 24 instructions
4097 2196 21 21 to
4132 2194 33 22 his

3623 2221 83 26 factory
3721 2221 54 22 from
3791 2222 33 21 his
3841 2222 65 21 house
3919 2228 23 15 or
3956 2222 66 25 office,
4036 2222 79 28 having
4128 2222 36 22 the

3622 2256 58 14 same
3695 2250 108 20 delivered
3819 2250 21 20 in
3856 2250 32 20 his
3906 2255 46 15 own
3967 2250 149 26 handwriting.
4142 2250 22 21 A

3623 2276 81 21 banker
3717 2283 49 20 may
3776 2276 60 22 write
3846 2279 37 18 out
3899 2277 41 20 and
3958 2278 46 26 sign
4020 2283 12 14 a
4046 2278 82 26 cheque
4144 2278 24 20 in

3623 2303 129 27 Edinburgh
3761 2304 91 22 without
3862 2306 85 24 moving
3958 2304 53 22 from
4021 2304 32 22 his
4069 2304 59 23 office
4142 2306 32 22 in/

3624 2330 94 21 London.
4163 2332 7 10 '

3704 2415 88 31 LIFE
3814 2415 44 31 IN
3880 2415 197 31 MANITOBA.

3692 2514 21 21 A
3726 2514 188 23 SUGGESTION
3915 2513 3 24 7
3932 2514 59 23 FOR
4003 2513 97 24 GIRLS.
4115 2528 12 5 -
4162 2513 3 24 ■

3645 2567 84 28 During
3739 2575 12 14 a
3766 2568 147 22 five-hundred
3929 2567 50 24 mile
3996 2567 61 23 drive
4071 2566 103 26 through;

3620 2600 35 22 the
3669 2601 88 28 prairies
3775 2601 21 23 of
3810 2601 105 23 Southern
3935 2601 117 25 Manitoba,
4070 2601 104 26 sleeping!

3620 2634 20 21 in
3652 2634 138 26 farmhouses,
3800 2636 43 20 and
3862 2635 78 26 having
3956 2634 59 26 daily
4029 2634 66 21 meals
4112 2633 53 22 with
4172 2633 2 28 |

3620 2665 53 23 farm
3685 2666 81 29 people,
3777 2667 12 21 I
3799 2674 43 14 was
3852 2666 62 23 much
3923 2667 80 25 struck,
4013 2674 49 19 says
4071 2665 56 23 Miss
4137 2665 28 24 F»

3620 2698 119 28 Winstone,
3751 2700 52 22 with
3813 2700 37 22 the
3865 2700 55 28 good
3935 2700 89 27 healthy
4033 2700 36 21 life
4078 2700 60 21 there
4147 2699 18 23 is
4172 2698 2 34 j

3619 2733 20 23 in
3651 2733 49 23 that
3709 2733 100 28 province
3826 2734 32 22 for
3872 2733 131 28 respectable
4010 2733 58 28 girls.
4095 2732 70 24 There
4170 2728 4 40 j

3619 2767 17 20 is
3645 2768 111 20 abundant
3767 2774 55 14 coom
3834 2767 32 20 for
3874 2767 59 21 them
3942 2769 23 19 to
3978 2773 63 20 grow,
4052 2767 111 25 mentally,
4170 2759 4 34 i

3620 2799 95 26 morally,
3739 2799 41 21 and
3803 2798 125 27 physically,
3953 2798 45 23 into
4019 2798 48 26 fine,
4092 2800 72 25 strong
4170 2793 4 38 j

3619 2839 87 19 women,
3718 2832 81 21 instead
3818 2832 22 21 of
3857 2832 36 21 the
3911 2839 76 21 weary,
4007 2831 88 22 anaemic
4112 2834 61 25 typai

3619 2865 47 21 that
3674 2866 59 26 daily
3743 2866 72 21 makes
3829 2865 56 21 one's
3902 2865 61 21 heart
3975 2864 52 22 ache
4043 2864 20 22 in
4074 2860 100 32 English'

3618 2901 67 22 cities.
3713 2901 22 22 It
3753 2902 17 21 is
3787 2904 47 19 true
3852 2902 48 21 that
3910 2902 36 20 the
3956 2900 95 23 Colonial
4062 2900 112 28 openings,

3619 2943 34 14 are
3662 2936 51 27 only
3723 2936 31 22 for
3772 2936 102 21 domestic
3891 2935 86 26 service,
3993 2936 38 21 but
4047 2934 17 22 it
4082 2935 18 21 is
4113 2940 51 21 very
4171 2929 2 34 j

3619 2970 99 21 different
3743 2970 52 21 from
3822 2971 37 20 the
3881 2977 57 14 same
3960 2968 80 25 service
4062 2968 22 22 in
4107 2967 66 29 Eog*j

3619 3005 56 21 land.
3716 3005 33 21 On
3776 3006 37 19 the
3843 3005 64 20 farms
3926 3004 22 20 of
3978 3004 38 22 the
4037 3003 126 22 north-west
4169 3001 3 37 j

3618 3039 21 21 of
3665 3039 88 22 Canada
3785 3046 13 14 a
3827 3038 40 28 girl
3899 3045 63 21 going
3994 3039 37 20 out
4064 3045 23 15 as
4113 3037 49 27 help
4169 3037 3 29 ;

3619 3073 16 21 is
3662 3074 82 21 treated
3770 3079 23 16 as
3820 3080 12 13 a
3863 3072 112 28 daughter.
4027 3071 44 22 She
4096 3071 17 22 is
4139 3074 22 19 at
4168 3071 4 29 j

3619 3113 50 14 once
3701 3106 62 21 made
3793 3113 13 13 a
3838 3107 93 20 member
3961 3106 22 20 of
4016 3105 37 21 the
4079 3102 93 29 family,!

3627 3138 75 27 baring
3711 3138 56 22 their
3777 3138 105 27 pleasures
3892 3138 41 21 and
3949 3137 55 22 their
4015 3144 93 19 Borrows,
4120 3137 40 21 and
4169 3133 3 32 |

3618 3171 95 27 working
3722 3171 44 22 side
3786 3173 27 25 by
3831 3172 45 20 side
3893 3171 52 21 with
3958 3173 36 18 h«r
4012 3172 99 22 mistress,
4125 3171 36 20 she

3618 3205 67 19 learns
3695 3204 127 25 thoroughly
3832 3206 36 18 the
3877 3203 90 21 internal
3984 3206 147 23 management

3618 3242 9 15 l
3638 3236 59 21 farm,
3709 3237 40 20 and
3761 3238 94 19 becomes
3865 3236 60 20 fitted
3935 3238 22 19 to
4064 3236 36 19 the
4114 3233 47 21 wife
4170 3228 2 35 |

3616 3268 21 20 of
3646 3276 39 13 one
3695 3269 21 19 of
3723 3269 37 20 the
3770 3275 70 18 young
3850 3268 93 20 fanners.
3970 3267 53 21 This
4033 3266 16 21 is
4055 3268 37 20 the
4102 3266 70 27 usual:

3617 3301 64 20 result
3690 3302 22 19 of
3721 3301 125 26 emigration
3857 3301 31 20 for
3905 3300 56 25 girls,
3973 3303 30 18 as'
4012 3307 64 18 many
4090 3306 82 20 young,

3616 3340 46 14 men
3672 3340 35 14 are
3718 3333 66 25 living
3793 3333 97 21 enforced
3903 3333 97 21 bachelor
4013 3333 51 21 lues
4074 3335 88 19 because
4170 3333 2 25 ■

3615 3366 59 21 there
3686 3374 36 14 are
3739 3368 38 20 not
3794 3365 82 29 enough
3895 3365 51 29 girls
3963 3368 23 21 to
4005 3373 70 20 marry
4090 3366 21 22 in
4125 3367 48 26 the;

3615 3400 162 26 neighborhood.
3818 3400 79 27 Wages
3914 3401 32 20 for
3963 3401 51 25 girls
4029 3407 37 14 are
4088 3400 75 26 higher
4172 3394 2 37 j

3615 3432 51 22 than
3676 3433 21 21 in
3709 3432 104 26 England.
3843 3433 19 21 A
3872 3433 53 26 good
3941 3432 39 27 girl
3991 3433 21 21 of
4022 3434 24 21 17
4057 3440 16 13 is
4083 3434 47 20 able
4139 3427 38 39 fccij

3615 3467 33 23 tjet
3658 3464 65 23 about
3733 3465 61 22 L2ia
3805 3467 109 25 year.net*,
3928 3464 72 27 board,
4015 3465 92 27 lodging,
4118 3465 42 22 and

3615 3497 99 27 washing,
3735 3497 21 22 of
3773 3505 79 18 course,
3880 3497 64 27 being
3970 3497 64 23 found
4062 3499 32 19 for
4116 3497 45 23 her.

3616 3530 130 28 Emigration
3757 3530 81 27 should,
3855 3530 102 28 however,
3977 3531 21 23 in
4017 3531 28 22 all
4060 3538 58 16 cases
4136 3534 25 20 be

3615 3564 155 26 ►ystematised.
3799 3565 23 21 It
3834 3565 72 21 would
3923 3565 26 21 be
3963 3572 51 19 very
4032 3565 80 22 unwise
4130 3565 31 22 for

3615 3603 42 19 any
3666 3596 39 27 girl
3715 3599 22 19 to
3746 3599 55 20 start
3810 3597 28 22 off
3854 3599 22 20 to
3886 3597 86 23 Canada
3982 3597 91 22 without
4090 3598 56 21 know-

3615 3630 35 26 ing
3660 3637 97 15 someone
3766 3638 21 14 in
3798 3631 36 21 the
3844 3632 89 25 country
3944 3630 47 22 who
4000 3631 62 21 could
4073 3630 41 23 find
4125 3631 36 21 her

3615 3670 12 13 a
3637 3663 89 21 suitable
3746 3663 41 22 and
3806 3664 130 26 respectable
3951 3664 66 26 place.
4044 3663 69 23 There
4126 3671 35 14 are

3616 3696 52 26 good
3678 3696 41 20 and
3738 3695 39 21 bad
3797 3695 117 23 mistresses
3930 3696 60 22 there
4004 3703 23 15 as
4041 3696 118 22 elsewhere.

3617 3728 42 23 But
3669 3728 57 23 there
3737 3737 34 14 are
3781 3736 64 20 many
3863 3729 96 23 societies
3977 3729 69 23 which
4062 3730 49 22 take
4124 3732 37 20 out

3629 3763 27 20 nd
3690 3763 58 25 place
3782 3763 57 25 girls.
3874 3763 47 21 The
3943 3763 80 26 Young
4050 3759 111 26 Colonists'

3617 3796 50 26 Aid,
3699 3796 158 27 Incorporated,
3886 3797 73 22 assists
3989 3797 51 27 girls
4062 3805 23 14 or
4111 3800 51 23 boys

3617 3830 21 20 of
3655 3830 52 25 good
3734 3830 115 25 character,
3877 3830 42 21 ami
3946 3831 133 25 apprentices
4102 3831 57 21 them

3624 3868 23 15 or
3664 3868 13 14 a
3694 3861 59 22 short
3778 3864 55 18 term
3859 3864 22 19 to
3908 3862 129 27 responsible
4067 3862 93 22 farmers'

3618 3897 69 24 wives,
3716 3895 47 23 who
3788 3903 36 15 Rre
3853 3897 91 22 selected
3976 3899 29 26 by
4034 3902 74 23 agents
4140 3897 20 22 in

3619 3930 118 21 Manitoba.
3773 3930 65 22 After
3860 3938 11 13 a
3891 3930 59 23 short
3975 3931 50 22 trial
4051 3935 22 18 to
4095 3939 33 14 see
4146 3930 15 22 if

3617 3964 40 26 girl
3667 3963 40 21 and
3718 3963 93 21 mistress
3824 3970 67 21 agree,
3909 3964 36 22 the
3960 3965 38 26 girl
4015 3965 18 21 is
4050 3963 69 23 bound
4135 3963 35 28 by,

3619 3996 111 21 indenture
3744 3995 54 22 until
3817 3996 97 26 eighteen
3932 4003 61 19 years
4010 3997 41 22 old.
4080 3996 81 26 During

3619 4029 37 21 her
3676 4028 169 27 apprenticeship
3863 4029 120 23 two-thirds
3998 4030 22 21 of
4040 4029 38 22 her
4095 4037 67 20 wag's

3620 4069 34 15 »re
3663 4062 50 28 paid
3722 4065 22 18 to
3753 4062 36 21 the
3805 4062 90 21 bankers
3909 4062 21 21 of
3949 4063 37 21 the
4003 4062 93 26 Y.C.A.,
4107 4064 55 20 until

3620 4095 36 21 the.
3665 4102 99 20 expenses
3774 4095 22 21 of
3809 4096 87 26 sending
3906 4095 37 22 her
3958 4099 38 19 out
4010 4096 52 21 have
4072 4098 51 20 been
4133 4104 20 13 re-

3620 4129 56 25 paid.
3703 4127 46 21 The
3759 4128 124 21 indentures
3897 4129 74 20 enable
3987 4129 37 20 the
4038 4128 124 21 association

3620 4163 22 19 to
3650 4160 54 22 have
3714 4160 52 27 legal
3776 4162 79 20 control
3866 4169 49 13 over
3924 4162 36 20 the
3970 4161 50 27 girls
4035 4161 62 21 while
4112 4162 51 25 they

3620 4201 36 14 are
3664 4201 71 19 young
3744 4194 42 20 and
3798 4195 83 25 strange
3891 4196 22 18 to
3923 4194 35 22 the
3965 4196 94 24 country.
4086 4194 75 26 Going,

3621 4233 22 14 as
3653 4228 54 19 most
3717 4226 20 21 of
3749 4226 58 21 them
3817 4226 33 25 do,
3862 4226 53 22 from
3929 4226 37 23 the
3980 4232 47 17 care
4036 4226 20 22 of
4070 4228 91 24 parents,

3648 4259 68 21 would
3726 4261 37 19 not
3772 4259 25 21 be
3805 4259 55 25 right
3867 4262 23 18 to
3897 4260 78 27 merely
3981 4259 43 22 find
4031 4261 56 20 them
4095 4259 69 27 places

3622 4293 41 20 and
3672 4292 51 21 then
3733 4292 59 21 leave
3801 4293 58 20 them
3873 4294 22 19 to
3913 4292 53 22 shift
3982 4292 33 22 for
4029 4292 133 23 themselves.

3622 4325 45 21 The
3689 4325 133 20 Association
3844 4325 37 20 has
3907 4325 127 26 responsible
4051 4328 74 23 agents
4142 4326 21 20 in

3622 4363 63 21 every
3693 4356 85 22 district
3788 4357 68 21 where
3869 4356 51 28 girls
3935 4363 35 16 are
3985 4359 54 20 Bent.
4066 4356 68 23 There
4146 4358 9 23 i
4155 4359 10 15 s

3624 4390 42 22 also
3675 4397 12 15 a
3704 4390 122 21 committee,
3841 4390 22 21 of
3882 4390 66 22 ladies
3965 4390 21 23 in
4003 4390 36 23 the
4055 4391 107 26 province,

3622 4424 51 20 •>ach
3691 4423 94 20 member
3802 4425 20 18 ot
3845 4423 68 20 which
3932 4424 127 21 undertakes
4076 4425 23 20 to
4116 4424 47 21 look

3623 4454 55 21 after
3686 4454 42 21 and
3738 4454 24 21 be
3772 4454 92 26 friendly
3873 4454 50 21 with
3933 4462 12 13 a
3954 4455 79 21 certain
4043 4456 88 22 number
4144 4456 19 20 of

3622 4487 56 28 girls,
3690 4490 21 18 to
3722 4491 123 22 correspond
3857 4487 50 21 with
3918 4487 64 27 them,
3993 4488 41 22 and
4050 4488 47 28 help
4106 4488 57 22 them

3624 4520 20 21 in
3654 4527 41 18 any
3705 4527 46 13 case
3763 4520 22 19 of
3803 4520 111 26 difficulty.
3942 4521 63 21 Some
4021 4522 22 20 of
4063 4520 37 23 the
4114 4521 49 27 girh

3624 4551 83 26 already
3723 4553 47 19 sent
3787 4558 37 14 out
3841 4559 35 13 are
3890 4555 94 23 proteges
4001 4553 28 24 of,
4048 4553 41 21 and
4112 4554 50 20 have

3624 4584 49 21 been
3684 4584 101 26 carefully
3796 4584 89 26 brought
3895 4591 28 19 up
3933 4585 33 25 by.
3977 4584 59 27 Lady
4045 4585 111 22 Aberdeen

3624 4616 45 21 who
3678 4616 51 21 with
3739 4616 36 21 the
3787 4616 47 21 Earl
3841 4616 22 21 of
3876 4617 118 25 Aberdeen,
4002 4617 37 21 the
4048 4618 108 22 Governor

3624 4649 95 24 General,
3730 4649 60 21 takes
3799 4655 13 15 a
3820 4649 54 26 deep
3884 4649 86 22 interest
3980 4650 23 21 in
4015 4649 37 22 the
4060 4651 101 26 organise

3624 4682 49 21 Lion.

3731 4749 90 29 Little
3841 4750 74 30 Ears
3941 4752 103 35 Again.

3644 4796 20 22 A
3681 4797 119 31 gentlem|n
3819 4798 94 27 recently
3936 4799 75 23 visited
4030 4806 12 16 a
4059 4807 47 16 new
4122 4801 33 22 dis

3618 4825 52 21 trjct
3687 4825 66 26 police
3867 4826 41 21 and
3926 4833 44 15 was
3986 4827 72 25 shown
4069 4836 49 15 over
4126 4829 34 22 the

3620 4851 95 27 building
3727 4850 27 27 by
3769 4851 36 22 the
3814 4853 70 21 orhcer
3893 4853 21 21 in
3924 4853 82 28 charge.
4035 4855 35 22 He
4082 4856 78 22 related

3613 4878 42 24 ;the
3664 4878 163 22 circumstances
3836 4880 21 20 of
3866 4880 32 21 his
3917 4881 49 21 visit
3983 4884 22 19 at
4019 4882 61 22 home
4093 4883 22 21 in
4127 4883 34 22 the

3619 4905 87 26 bearing
3712 4908 20 19 ot
3742 4907 32 20 his
3783 4910 103 24 youngest,
3896 4915 43 18 son,
3955 4915 12 15 a
3976 4909 56 22 little
4041 4910 69 22 fellow
4117 4910 43 22 foui

3619 4940 60 20 years
3687 4940 12 14 o
3708 4933 53 28 fage.

3644 4961 21 21 A
3683 4960 41 23 few
3744 4961 68 21 weeks
3827 4961 53 21 later
3901 4962 68 22 father
3992 4964 41 21 and
4051 4971 36 15 son
4109 4971 51 16 were

3614 4987 118 26 ■travelling
3742 4987 28 26 by
3777 4988 38 21 rail
3825 4990 22 19 to
3856 4996 12 14 a
3875 4991 56 20 town
3941 4997 57 15 some
4005 4992 60 21 miles
4073 4992 87 26 distent,

3620 5014 67 23 when,
3702 5016 44 25 just
3762 5015 71 22 before
3842 5017 99 27 reaching
3958 5018 56 23 their
4023 5019 136 24 destination,

3619 5042 36 21 the
3664 5043 56 20 train
3730 5049 42 14 was
3782 5043 69 26 pulled
3861 5050 29 20 up
3900 5045 74 22 within
3983 5046 56 25 sight
4054 5047 22 21 of
4084 5054 13 14 a
4106 5047 53 27 large

3619 5068 178 27 gloomy-locfking
3811 5070 104 25 building.
3941 5071 45 21 The
4005 5078 36 15 son
4065 5073 95 27 inquired

3620 5095 57 21 what
3684 5095 57 26 place
3751 5096 17 21 it
3775 5095 55 28 was;
3844 5097 41 21 and
3892 5104 26 15 on
3929 5097 62 26 being
4000 5098 104 24 informed
4113 5100 46 22 that

3621 5122 16 22 ifc
3651 5130 42 14 was
3711 5123 37 21 the
3764 5128 78 21 county
3859 5126 53 23 gaol,
3924 5126 25 20 he
3967 5127 141 22 embarrassed
4125 5128 34 21 the

3620 5149 69 21 father
3703 5150 42 21 and
3762 5150 61 21 mads
3838 5151 35 21 the
3889 5150 61 25 other
3964 5156 114 24 occupants
4092 5154 23 22 of
4124 5154 35 23 the

3620 5177 90 24 carriage
3718 5177 115 26 suspicious
3844 5177 28 27 by
3883 5180 86 26 asking:

3666 5204 21 21 Is
3698 5203 46 22 that
3754 5204 36 21 the
3798 5206 46 25 gaol
3856 5212 39 18 you
3906 5213 53 15 were
3969 5214 27 17 m.

3643 5280 94 27 ostique:
3759 5281 117 26 'Sosorry!
3898 5283 45 21 Tell
3960 5284 36 23 her
4014 5284 12 23 I
4039 5293 64 16 never
4118 5295 40 14 Baw

3621 5307 30 21 Kr
3661 5307 84 28 looking
3755 5314 21 15 so
3786 5309 46 20 well
3842 5316 23 14 as
3875 5309 35 21 she
3920 5311 37 20 dfd
3969 5312 60 23 when
4039 5314 36 21 she
4085 5314 74 23 looked

3620 5337 34 19 net
3664 5335 20 20 of
3694 5335 35 21 the
3739 5334 88 23 window
3837 5344 11 14 a
3858 5340 81 19 minute
3948 5344 54 23 ago.'

3620 5367 131 27 •iuProbably
3769 5370 34 20 the
3819 5370 77 26 largest
3914 5373 87 21 number
4010 5374 20 21 of
4045 5381 47 15 men
4111 5382 47 16 ever

3612 5396 116 27 employed
3740 5396 19 21 in
3771 5397 34 21 the
3816 5398 95 26 building
3920 5398 21 20 of
3955 5405 11 15 a
3977 5402 65 27 single
4061 5403 47 24 ship
4123 5410 36 14 are

3612 5429 52 18 lOOW
3681 5426 22 18 at
3720 5424 57 20 work
3803 5431 55 19 upon
3877 5425 36 21 the
3935 5425 79 23 British
4031 5429 127 26 batteleship

3620 5450 134 27 Magnificent
3785 5451 19 21 in
3839 5451 37 22 the
3910 5451 104 25 Chatham
4040 5455 116 26 dockyard.

3612 5479 71 22 There
3692 5485 35 15 are
3736 5480 49 20 2000
3795 5479 117 22 mechanics
3922 5487 26 15 on
3959 5481 35 22 the
4004 5485 97 19 uav-roll.

3774 5579 88 41 Gold
3885 5581 99 38 Dust.

3635 5661 70 27 Every
3715 5667 48 18 man
3772 5660 77 25 carries
3859 5668 26 17 an
3901 5662 142 30 atmospherio
4054 5670 98 23 pressure

3614 5688 17 22 if
3641 5690 23 20 15
3672 5692 55 19 tons.

3635 5746 69 24 When
3715 5747 94 28 reading,
3820 5758 9 11 a
3847 5756 49 16 man
3909 5750 84 28 usually
4004 5752 47 27 gets
4065 5752 93 29 through

3614 5776 32 20 100
3656 5775 67 21 words
3735 5784 12 12 iv
3757 5777 88 20 minute.

3634 5827 56 22 Over
3699 5829 50 21 7000
3758 5827 98 25 varieties
3870 5831 21 21 of
3906 5830 181 32 microseopically
4096 5832 61 27 small

3739 5858 54 20 ha\o
3808 5857 52 22 been
3871 5860 138 21 enumerated
4025 5860 29 28 by
4063 5862 83 22 natural-

3611 5882 43 22 ists.

3635 5937 68 23 There
3711 5946 99 17 aremore
3819 5940 69 23 word*
3898 5940 20 23 in
3927 5938 88 32 Ensjliifa
4026 5942 53 23 than
4090 5942 21 24 in
4122 5943 36 23 the

3614 5965 86 24 French.
3723 5967 76 22 Italian
3814 5968 43 22 and
3875 5968 94 27 Spanish
3987 5970 116 29 languages
4119 5974 39 25 put

3612 5993 102 28 Icgslher.

3637 6050 24 22 Tr>
3675 6051 78 22 France
3764 6052 87 27 nilwny
3866 6061 122 20 companies
4005 6062 36 15 are
4057 6057 56 21 6ned
4130 6058 27 26 by

3611 6077 36 22 the
3655 6077 145 24 Government
3809 6080 70 24 where
3887 6079 58 26 their
3959 6083 69 21 trains
4044 6090 36 16 are
4098 6092 60 16 mure

3611 6104 50 23 than
3671 6109 35 18 ten
3718 6107 91 22 minutes
3818 6108 50 22 late.

3637 6162 52 22 L.rd
3711 6163 89 22 Robert?
3820 6164 93 23 declares
3935 6166 49 22 tint
4004 6167 38 22 the
4059 6168 98 28 shooting

3611 6189 97 23 tUndard
3728 6192 94 25 attained
3834 6193 25 26 by
3871 6193 35 20 the
3923 6193 77 22 fitdian
4011 6199 71 23 troops
4092 6203 17 14 is
4119 6194 27 24 tin-

3609 6216 96 28 equalled
3714 6218 29 26 by
3751 6226 42 19 any
3799 6221 71 25 troops
3880 6220 19 21 in
3911 6220 36 21 the
3957 6221 73 22 world.

3634 6273 111 27 Scientist!
3754 6282 37 14 sav
3801 6276 48 21 that
3858 6276 36 22 the
3903 6284 78 20 orr.nge
3990 6285 43 15 was
4042 6280 111 27 original!?

3609 6308 11 12 ■i
3630 6300 68 28 berry,
3708 6302 42 22 arid
3760 6302 48 22 that
3821 6304 27 21 its
3856 6304 108 22 evolution
3974 6305 38 21 has
4030 6306 52 22 been
4091 6308 64 29 going

3609 6335 26 15 on
3643 6329 31 21 fur
3684 6336 56 16 more
3749 6329 52 23 than
3811 6338 12 15 a
3832 6330 106 25 thousand
3948 6337 68 21 years.
4153 6340 6 10 >

1385 65 143 57 THE
1588 51 391 72 MOUMTIfc
2006 60 189 60 XGER
2259 55 187 57 MAIL
