3360 6197
105 1376 149 10 The
304 1376 248 10 Lyell
602 1376 297 10 Times.

157 1442 251 40 SATURDAY,
456 1439 117 35 JULY
623 1440 30 35 4,
706 1437 90 32 1885.

145 1580 68 34 The
237 1578 163 42 following
422 1587 53 23 are
493 1576 52 32 the
569 1575 136 33 lleefton
729 1572 128 42 battery
875 1572 2 59 j

103 1641 131 30 returns
270 1636 48 31 for
353 1634 63 31 last
452 1632 110 32 week;
569 1628 289 43 —Keep-it-Dark,
876 1628 1 43 j

101 1695 120 34 7130zs
234 1691 182 44 amalgam;
429 1689 190 35 Inkerman,
635 1685 222 34 looozsamal-
875 1678 2 57 |

104 1763 77 33 gam
197 1760 7 31 ;
221 1747 199 46 Inglewood,
439 1748 116 32 looozs
571 1744 175 40 amalgam.
792 1744 19 31 I
821 1743 39 32 be
875 1743 2 53 j

104 1806 241 46 Keep-it-Dark
390 1806 173 41 Company
605 1803 58 31 lias
712 1800 148 34 declared
876 1800 1 52 j

103 1864 169 41 dividend,
310 1864 62 33 No.
402 1864 51 38 65,
483 1860 36 35 of
543 1872 61 22 one
634 1858 134 43 shilling
804 1867 57 33 per

102 1922 115 41 20,000
217 1922 39 41 th
274 1921 106 35 share.

148 1992 59 33 We
223 1991 133 33 observe
373 2001 18 21 a
406 1999 78 32 very
503 1985 135 35 marked
660 1984 198 33 diminution

107 2050 36 33 in
166 2050 55 33 the
244 2047 139 34 number
404 2046 35 33 of
458 2044 141 34 licensed
623 2044 104 32 hotels
750 2043 33 31 in
807 2042 52 32 the

106 2108 103 43 place.
262 2105 68 34 The
677 2100 64 33 and
806 2100 35 32 Al-

303 2160 108 35 closed
427 2159 85 34 their
528 2159 93 33 doers
639 2168 44 23 on
700 2157 158 42 Tuesday,

105 2222 57 33 the
185 2221 64 40 day
272 2230 86 31 upon
385 2217 102 33 which
512 2217 40 31 all
576 2217 136 31 licenses
728 2215 48 31 for
799 2215 62 31 Jast
873 2215 2 46 !

105 2289 92 30 year,
214 2274 141 45 expired.
399 2273 69 33 The
484 2273 64 33 fact
572 2272 150 33 becomes
738 2271 42 33 all
804 2270 54 34 the

105 2343 92 23 more
213 2329 214 39 remarkable,
443 2329 94 31 when
555 2328 24 31 it
597 2328 26 31 is
639 2326 221 32 remembered

107 2391 71 33 that
208 2390 55 32 the
295 2387 106 34 closed
430 2387 117 32 houses
577 2397 52 20 are
660 2385 53 32 the
744 2384 100 32 oldest-

105 2445 200 36 established
333 2445 34 32 in
397 2443 56 33 the
486 2442 101 33 ola'je.
633 2442 172 36 However,
842 2451 19 21 a

105 2502 209 35 dissertation
330 2512 34 21 as
380 2504 33 29 to
430 2500 54 32 the
498 2509 97 22 eause
611 2499 33 31 of
659 2498 25 31 it
700 2497 54 36 all,
768 2498 26 30 is
806 2504 56 23 not

107 2572 123 31 among
246 2572 57 21 our
318 2561 128 42 present
461 2557 188 34 intentions.
698 2555 56 34 We
778 2554 83 43 hope

108 2617 73 34 that
210 2616 55 34 the
294 2619 87 35 turn,
411 2614 108 33 which
541 2614 56 31 the
628 2618 96 27 event
755 2612 105 31 would

110 2687 89 22 seem
213 2678 33 30 to
269 2673 152 40 indicate,
437 2672 28 34 is
477 2671 80 43 only
577 2676 197 38 temporary,
799 2669 63 33 and

109 2732 72 35 that
196 2736 118 30 vacant
329 2730 148 33 business
493 2729 156 44 premises
672 2728 63 32 will
751 2732 56 28 not
824 2726 39 33 be

110 2789 105 35 added
230 2798 31 24 to
276 2788 55 33 the
347 2786 127 33 limited
491 2786 139 33 number
649 2786 39 32 of
705 2784 156 42 occupied
875 2784 2 42 j

108 2847 130 40 houses,
254 2845 107 35 which
377 2844 55 34 the
448 2844 93 44 place
558 2843 112 33 allows
684 2842 45 33 of.

151 2927 70 33 The
243 2925 105 40 usual,
371 2923 125 44 weekly
515 2923 119 44 partial
657 2923 207 41 cleaning-up

108 2988 36 31 at
167 2984 55 35 the
237 2983 117 43 Alpine
369 2982 139 43 battery,
527 2980 54 34 did
597 2983 58 31 not
678 2979 74 35 take
775 2980 90 43 place

108 3041 188 44 yesterday,
327 3050 35 23 as
390 3039 56 33 the
475 3038 131 43 general
637 3049 60 20 one
728 3038 49 31 for
811 3037 54 32 the

112 3099 130 38 month,
271 3097 67 33 will
357 3097 38 32 be
420 3097 96 31 made
539 3108 44 20 on
613 3095 144 42 Monday
778 3099 87 29 next.

113 3154 69 36 The
198 3153 164 36 Directors
376 3155 87 32 meet
477 3163 44 23 m
538 3151 160 45 Tuesday.
877 3144 3 52 i

623 3188 257 45 I
881 3188 3 45 1

154 3224 144 34 Tenders
320 3224 49 32 for
391 3222 175 40 extending
580 3222 57 33 the
658 3222 66 42 Lye
730 3221 19 32 11
765 3220 116 44 Creekj

113 3283 99 34 Extd.
230 3283 198 42 Company's
443 3282 83 33 level
542 3283 60 32 f>oo
617 3280 74 39 feet,
703 3280 67 33 will
780 3280 87 34 close
878 3280 3 48 j

113 3346 34 28 at
183 3340 56 33 the
270 3339 101 40 office,
402 3341 33 31 at
463 3338 149 38 Reefton,
643 3349 41 21 on
722 3337 146 41 Monday
879 3337 2 44 j

110 3401 88 30 next.

151 3468 29 31 A
196 3478 78 21 man
291 3468 119 30 named
425 3464 88 35 Wm.
530 3464 136 38 Tucker,
679 3475 38 21 an
733 3464 132 33 alluvial

108 3523 120 42 miner,
246 3522 72 35 died
331 3527 36 29 .at
383 3522 51 34 his
449 3521 91 45 place
563 3527 33 28 at
614 3520 194 35 Matakitaki
825 3532 40 23 on

110 3581 167 42 Saturday
293 3581 171 32 afternoon
479 3580 73 32 last.
598 3579 63 31 His
684 3583 63 28 two
763 3584 105 26 mates

213 3638 80 34 with
308 3637 72 34 linn
404 3640 34 31 at
452 3636 56 35 the
531 3637 80 33 time
629 3636 34 34 of
683 3635 50 35 his
757 3636 110 39 death,

112 3695 66 34 and
194 3707 34 22 as
244 3696 40 33 he
301 3695 65 33 had
380 3694 81 34 been
477 3694 111 42 ailing,
609 3694 47 33 off
668 3694 66 33 and
750 3705 52 27 on,
822 3694 59 35 fori

108 3765 23 22 •a
166 3753 113 44 length
308 3753 35 33 of
369 3752 79 33 time
477 3757 84 38 past,
593 3751 67 33 and
689 3750 66 34 bad
793 3745 89 48 only!

113 3810 146 44 recently
275 3810 56 33 left
348 3809 54 34 the
427 3809 137 34 Reefton
582 3809 164 43 Hospital,
763 3809 25 32 it
803 3820 79 32 was;

109 3872 62 31 not
185 3867 211 43 unexpected.
441 3866 53 35 He
512 3878 66 22 was
595 3867 68 32 also
684 3866 187 43 previously

108 3924 39 34 In
162 3924 55 34 the
234 3924 121 34 Nelson
373 3922 163 46 Hospital.
578 3922 177 34 Constable
773 3922 70 33 Bow-

112 3983 64 33 den
212 3982 179 44 proceeded
421 3993 145 33 up-coma
569 3986 51 37 toy
646 3993 47 21 oaa
725 3982 144 42 Monday

112 4039 74 41 last,
208 4039 50 34 for
280 4039 54 33 tbe
350 4051 139 32 purpose
513 4039 35 34 of
568 4039 135 42 holding
726 4051 17 21 a
769 4039 101 43 police

108 4097 145 44 'enquiry
268 4096 198 44 concerning
481 4096 54 34 the
553 4096 108 41 death,
679 4096 64 34 and
757 4097 127 41 taking!

111 4156 188 44 possession
322 4155 36 33 of
376 4154 57 34 tke
451 4154 110 33 effects
577 4165 41 22 on
635 4154 114 33 behalf
761 4154 35 33 of
816 4154 54 32 the

115 4214 113 33 Public
244 4214 148 32 Trustee.
437 4213 68 32 The
523 4212 104 33 burial
637 4224 67 21 was
722 4212 94 32 made
831 4212 53 42 on;

115 4270 162 45 Tuesday.
323 4270 167 34 Deceased
507 4281 66 22 was
587 4269 101 44 single
701 4280 10 21 :
730 4281 17 20 a
764 4268 110 33 native

112 4329 40 34 •of
164 4329 163 43 Tosquay,
345 4326 226 41 Devonshire;
589 4328 39 31 04
646 4338 94 31 yea.rs
756 4327 36 32 of
805 4338 69 30 age,
883 4326 1 46 i

111 4386 71 33 ■and
195 4385 68 33 had
279 4396 42 22 no
337 4385 151 32 relatives
504 4384 35 32 in
556 4385 53 30 the
627 4384 127 37 colony.

883 4423 1 14 i

158 4453 121 42 Quartz
305 4452 129 44 mining
463 4456 138 29 matters
630 4451 36 34 in
690 4452 55 33 the
775 4452 99 33 Owen
883 4451 1 45 i

119 4509 125 36 district
261 4522 53 21 are
329 4510 189 43 improving
535 4520 7 30 ;
567 4510 63 33 and
647 4510 82 33 from
746 4517 129 36 present

118 4567 208 37 indications,
343 4567 26 30 it
393 4577 136 30 appears
548 4577 79 30 very
646 4567 99 41 likely
763 4567 113 31 indeed

119 4624 74 34 that
209 4624 55 34 the
282 4624 100 33 Owen
397 4623 68 33 will
489 4635 80 21 soon
590 4624 81 34 rank
696 4636 35 22 as
754 4637 18 21 a
794 4625 83 33 wide

121 4680 66 35 and
231 4680 183 44 promising
460 4679 76 33 field
590 4692 121 32 among
754 4682 127 39 /reefing

122 4741 136 28 centres.
304 4736 131 32 Certain
458 4743 25 25 it
505 4738 38 36 is,
560 4738 72 31 that
653 4749 75 29 very
749 4739 81 31 little
854 4740 26 30 is

123 4792 122 36 known
261 4791 86 35 ©fits
363 4802 176 31 resources,
557 4792 48 34 for
626 4793 76 45 only
716 4806 22 22 ,a
752 4794 127 35 limited

117 4856 119 26 •extent
251 4858 31 23 ol
297 4852 205 39 prospecting
512 4851 59 31 has
588 4863 34 19 as
635 4858 53 35 yet
702 4853 78 31 been
798 4854 82 31 done

125 4906 102 35 there.
273 4906 87 32 Here
376 4905 28 33 is
421 4905 54 34 the
490 4906 108 34 latest.
644 4908 68 33 The
737 4908 144 35 Colonist

122 4964 42 34 of
176 4964 54 33 the
248 4964 75 33 18th
634 4966 90 34 three
748 4969 134 33 months

128 5033 60 30 ago
213 5021 54 33 tke
291 5032 126 22 owners
434 5021 34 33 of
482 5022 53 32 the
558 5023 70 33 Uno
646 5023 97 35 claim
770 5027 32 31 in
828 5027 53 33 the

130 5078 118 34 Mount
265 5078 99 34 Owen
382 5078 125 35 district
522 5080 96 34 made
635 5089 246 37 arrangements

129 5136 81 32 with
227 5136 53 31 Mr
297 5137 44 30 M.
359 5138 121 40 Byrne,
497 5150 18 20 a
536 5140 129 31 well-kn
672 5153 72 20 own
769 5150 112 33 quartz

131 5191 114 42 reefer,
269 5195 32 30 to
322 5193 138 41 proceed
482 5199 34 28 .to
541 5195 54 33 the
619 5199 136 40 ground,
773 5199 34 32 in
832 5199 52 34 the

133 5251 84 42 hope
238 5250 74 34 that
335 5251 39 31 he
399 5252 106 42 might
529 5253 146 34 discover
698 5269 17 20 a
748 5260 136 41 payable

128 5308 79 32 reef.
254 5308 53 32 Mr
328 5308 109 42 Byrne
456 5310 58 33 has
534 5323 75 23 mow
632 5316 163 41 returned,
820 5319 64 32 and

135 5375 46 22 we
204 5364 90 33 learn
317 5364 82 34 from
416 5366 68 33 him
507 5367 70 35 that
594 5370 49 34 his
668 5374 133 33 mission
829 5376 55 34 has

132 5422 82 33 been
230 5434 78 31 very
326 5425 173 34 successful
516 5437 6 29 ;
554 5428 73 33 that
643 5430 39 33 he
703 5432 59 33 has
780 5437 104 31 traced

135 5490 19 22 a
170 5479 69 32 reef
251 5479 48 33 for
315 5479 98 35 about
431 5482 89 34 throe
538 5483 147 37 hundred
702 5488 62 35 feet
777 5501 40 23 on
834 5492 50 34 tbe

136 5537 136 39 surface,
289 5538 63 32 and
369 5538 59 33 has
445 5547 53 27 cut
517 5541 68 35 into
600 5551 21 26 it
637 5553 32 26 at
682 5549 47 32 six
742 5549 142 35 different

135 5593 119 44 places.
300 5594 67 35 The
395 5597 75 40 reef,
503 5611 46 22 we
578 5613 58 22 .aire
658 5604 174 37 informed,
864 5610 20 32 i?

136 5651 100 34 about
251 5653 71 33 four
345 5653 63 35 feet
423 5656 33 32 in
481 5658 112 42 width,
618 5663 64 32 and
708 5663 51 33 Mr
783 5666 101 44 Byrne

132 5711 172 32 -estimates
320 5712 73 33 that
409 5715 23 31 it
450 5716 63 31 wil'i
532 5719 86 41 yield
642 5733 40 19 an
708 5733 136 30 average
863 5733 21 26 oi

140 5777 60 21 one
224 5777 102 22 ounce
351 5769 34 32 of
404 5771 75 41 gold
502 5776 32 29 to
552 5774 54 33 the
631 5780 56 29 ton
712 5778 33 32 of
766 5785 113 29 stone.'

139 5822 69 33 The
221 5834 164 35 company
397 5826 26 33 is
437 5827 96 45 being
545 5832 185 43 registered.
776 5839 28 31 A
818 5839 66 33 tria]

137 5880 156 44 crushing
330 5882 34 34 of
398 5886 164 43 unpicked
597 5895 90 29 stone
719 5893 82 35 from
840 5897 44 34 the

138 5937 134 33 Lulmei
301 5939 101 33 Cieek
426 5953 162 34 company
602 5957 14 20 s
639 5947 85 35 lease
749 5950 59 34 has
831 5954 53 40 jusi

131 5994 86 38 feeen
234 5997 206 42 made,—the
460 6002 99 34 result
578 6004 111 47 giving
705 6020 40 23 an
759 6022 92 24 avera
859 6026 25 32 g*

886 217 35 35 of
950 218 32 34 1.1
990 230 35 22 oz
1051 228 56 34 per
1133 222 67 34 ton,
1226 217 138 34 without
1388 219 168 44 including
1585 221 53 34 the
1672 230 9 25 t

888 276 141 41 tailings.
1075 276 67 31 The
1172 276 69 32 reef
1267 277 25 30 is
1323 274 47 34 sft
1399 275 91 35 thick
1520 279 33 31 in
1585 280 53 31 the
1655 274 2 59 j
1674 287 7 24 t

888 332 91 38 solid,
1011 332 64 33 and
1105 332 106 33 where
1237 332 130 44 proved,
1398 334 65 31 will
1495 336 71 41 give
1598 347 40 21 an
1655 332 2 45 \

888 400 173 19 enormous
1077 389 152 40 quantity
1246 390 35 29 of

929 442 68 34 The
1028 442 157 45 proposed
1215 454 70 23 new
1316 443 95 41 tariff,
1443 444 26 33 is
1498 445 144 42 meeting
1657 442 1 45 j

889 500 77 33 with
984 501 118 33 almost
1118 501 196 32 unanimous
1337 501 216 43 disapproval,
1578 506 62 31 ami
1657 489 1 56 |

890 557 88 32 there
996 568 102 22 seems
1116 557 79 33 little
1213 557 97 33 doubt
1329 558 54 32 but
1402 558 69 33 that
1489 560 53 32 the
1562 560 75 33 free-
1657 557 2 47 j

891 615 122 32 traders
1038 615 64 31 will
1129 626 20 28 g
1170 622 10 25 t
1199 615 52 32 the
1270 616 65 31 best
1359 616 35 31 of
1413 618 33 29 it.
1493 618 87 34 This
1612 607 69 44 ofU

891 682 122 27 course,
1038 672 64 31 will
1119 672 88 41 place
1225 672 52 32 the
1297 676 224 29 Government
1545 675 30 31 in
1602 688 40 20 an
1677 672 4 43 ]

891 725 181 42 extremity,
1105 737 33 20 as
1171 736 87 23 more
1293 738 137 21 revenue
1470 726 94 42 being
1595 740 44 22 re-
1678 725 3 49 £

892 783 121 40 quired,
1032 792 85 22 extra
1136 786 153 37 taxation,
1308 786 31 30 in
1357 797 89 21 some
1464 786 97 43 shape
1578 788 61 31 will
1660 783 1 46 ,

893 840 80 32 have
990 848 32 24 to
1041 840 35 32 be
1090 842 142 31 resorted
1244 851 41 24 to.
1340 844 59 31 I'he
1412 845 163 36 tollo\cm_f
1590 858 51 20 are
1660 840 2 48 j

893 895 53 32 the
977 896 193 33 resolution*
1199 898 104 33 which
1330 910 81 22 were
1435 901 139 38 adopted
1603 901 39 34 by
1660 895 2 49 j

893 953 53 32 the
975 954 171 33 Ireetra.de
1171 958 194 32 Committee
1390 963 30 27 ol
1445 969 53 22 toe
1533 961 108 31 House
1661 953 1 44 j

893 1009 63 33 and
973 1011 172 33 circulated
1163 1024 118 29 among
1301 1015 158 32 members
1474 1025 59 22 :'
1540 1021 6 11 k
1561 1017 83 33 Tli.it
1662 1009 1 44 ;

893 1068 64 32 this
974 1077 185 25 committee
1176 1072 103 40 object
1298 1080 29 23 to
1345 1073 53 32 the
1417 1074 156 41 proposed
1594 1076 45 30 in-
1662 1068 2 47 I

891 1136 106 21 crease
1013 1124 33 33 in
1065 1125 54 32 the
1136 1133 143 27 customs
1293 1127 152 34 dutiesen
1458 1130 53 32 the
1523 1131 119 33 follow-
1662 1119 2 63 j
1679 1119 2 63 1

893 1182 55 36 in?
963 1182 203 41 grounds;—
1662 1177 2 46 i
1680 1177 1 46 (

935 1240 41 42 (1)
1002 1240 85 33 That
1124 1240 78 34 such
1244 1242 103 34 duties
1383 1256 118 32 appear
1538 1251 31 28 to
1607 1246 37 33 be
1664 1240 1 48 !
1680 1240 1 48 ?

891 1296 155 44 designed
1063 1302 32 27 to
1112 1298 142 34 increase
1272 1300 54 33 the
1350 1309 141 26 customs
1508 1304 136 43 receipts
1664 1291 17 56 !'

894 1355 62 32 and
973 1354 94 33 make
1084 1355 89 32 them
1191 1367 88 32 press
1297 1369 86 21 more
1402 1360 129 35 heavily
1557 1373 84 31 upon
1664 1354 1 50 !

893 1412 54 32 the
964 1423 78 31 poor
1058 1412 78 33 than
1151 1426 41 20 on
1213 1414 50 33 the
1279 1415 78 32 rich.
1528 1435 5 7 •
1680 1409 1 45 *

936 1473 41 39 (2)
1008 1470 80 33 lhat
1135 1471 80 34 such
1260 1472 105 35 duties
1411 1475 70 34 that
1528 1488 118 33 appear
1664 1470 2 51 I

892 1528 154 42 designed
1069 1534 31 26 to
1124 1534 123 37 protect
1271 1531 54 32 the
1348 1533 218 41 agriculturist
1591 1548 52 21 are

893 1585 204 42 misleading,
1116 1598 34 20 as
1174 1588 54 32 the
1246 1588 94 33 items
1361 1595 191 40 apparently
1573 1606 71 31 pro-
1665 1585 2 52 i

893 1642 106 31 tected
1016 1653 52 20 are
1084 1651 94 23 items
1197 1645 34 30 of
1245 1653 119 34 export.

937 1706 39 30 (o)
1003 1700 85 32 That
1111 1701 79 32 such
1209 1702 103 33 dut.es
1335 1715 25 20 a.
1361 1717 9 11 c
1394 1716 54 21 are
1472 1707 176 41 protective
1680 1697 1 51 '

893 1755 33 33 in
958 1757 83 33 their
1072 1762 114 30 nature
1210 1771 53 21 are
1288 1762 33 31 in
1347 1773 101 33 many
1476 1776 88 22 cases
1594 1773 57 27 not
1665 1755 2 51 1
1680 1755 1 51 1

894 1815 126 31 wanted
1037 1815 40 41 by
1102 1816 81 32 local
1210 1818 182 42 producers,
1412 1822 64 31 and
1500 1824 32 29 in
1555 1823 94 33 other
1666 1815 15 53 j'

892 1882 90 23 eases
1004 1879 124 37 protect
1151 1886 89 21 some
1263 1876 174 35 industries
1460 1886 31 26 to
1516 1881 54 32 the
1595 1881 51 33 de-
1666 1876 1 44 |
1680 1876 1 44 <

894 1930 133 33 triment
1043 1930 36 32 of
1089 1930 121 34 others.

896 2036 256 48 LATEST
1220 2039 424 54 TELEGRAMS.

916 2169 58 34 NO
998 2170 141 34 LOCAL
1157 2171 260 37 INSURANCE
1443 2175 186 37 BOAEDS.

1197 2257 31 32 W
1241 2267 198 30 ELLINGTON,
1454 2260 88 33 June
1558 2264 52 31 27.

945 2313 9 30 I
968 2313 40 30 he
1023 2314 101 30 result
1133 2325 43 19 on
1194 2315 52 30 the
1262 2316 122 40 subject
1397 2320 32 27 of
1440 2319 81 30 local
1535 2319 117 32 boards

895 2380 66 22 was
978 2368 149 35 declared
1145 2369 41 44 by
1203 2370 53 34 the
1275 2371 189 42 Chairman,
1481 2374 53 34 Sir
1545 2375 106 35 Julius

894 2427 114 42 Yog-el,
1032 2427 65 33 this
1121 2429 169 33 afternoon
1314 2438 33 25 at
1370 2431 54 31 the
1450 2432 83 33 Drill
1555 2434 95 33 Shed.

895 2484 68 30 The
980 2484 165 41 following
1160 2497 53 19 are
1229 2486 56 31 the
1302 2489 176 41 respective
1496 2491 154 32 numbers
1668 2484 2 49 j

895 2540 48 34 for
959 2540 63 34 and
1040 2542 127 40 against
1184 2542 90 35 them
1290 2553 53 23 :

937 2598 40 31 In
994 2599 90 31 favor
1101 2601 35 29 of
1149 2600 117 32 boards
1669 2596 2 47 j

935 2643 134 43 Against
1088 2645 89 33 them
1223 2672 33 7 ...
1531 2651 80 33 4003

939 2735 155 46 Majority
1110 2738 129 42 against
1471 2769 34 7 ...
1531 2745 80 33 30tf,3
1671 2735 1 51 j

938 2795 52 32 Sir
1020 2796 109 31 Julius
1155 2798 112 39 Vogel,
1295 2800 32 30 in
1359 2803 211 39 announcing
1599 2803 73 31 the;

893 2851 117 40 result,
1027 2852 69 33 said
1115 2853 72 33 that
1380 2857 38 32 he
1437 2871 27 18 \r
1477 2871 25 19 is
1518 2859 31 32 ha
1565 2861 92 30 favor

895 2909 35 31 ot
959 2910 56 32 the
1046 2912 184 32 institution
1262 2917 31 28 ol
1321 2916 81 31 local
1431 2918 125 37 Ix&ards.,
1588 2919 86 31 and!

896 2965 144 35 doubted
1060 2969 143 33 whether
1221 2970 77 45 they
1316 2972 61 33 had
1395 2973 82 33 done
1496 2976 110 43 wisely
1624 2989 31 21 m

898 3025 115 41 voting
1042 3038 16 19 a
1063 3028 74 37 gain
1142 3034 28 24 sit
1197 3028 101 37 them,
1323 3037 54 33 yet
1403 3043 73 19 umw
1501 3033 69 31 that
1606 3034 52 31 the
1673 3025 3 54 j

900 3083 65 40 poll
982 3095 65 21 was
1064 3084 106 33 dosed
1189 3085 38 33 he
1247 3087 104 32 would
1369 3100 53 23 siy
1446 3090 72 32 that
1545 3092 22 31 it
1592 3104 63 20 \v.»s
1674 3083 2 44 !

898 3138 56 32 the
971 3140 161 33 nut-ention
1153 3144 30 30 of
1201 3142 52 32 the
1273 3144 105 32 Board
1392 3152 30 25 to
1439 3146 84 33 work
1538 3146 119 36 iovilU-
1674 3138 3 54 j

900 3198 33 31 in
948 3198 52 32 the
1013 3199 132 33 interest
1156 3204 31 28 of
1199 3203 52 31 the
1265 3205 261 38 policy-holders.
1559 3208 98 33 Votes
1674 3191 3 54 |

897 3253 39 34 of
957 3254 118 34 thanks
1098 3262 32 28 to
1156 3259 53 33 the
1234 3260 52 33 ofH
1301 3273 56 20 -ers
1382 3263 33 31 of
1438 3264 52 33 the
1521 3265 69 44 Dep
1604 3273 34 27 ig-

900 3321 92 25 ment
1016 3315 64 31 and
1108 3316 51 31 the
1193 3319 92 31 usual
1312 3321 212 35 compliment
1551 3334 29 22 to
1603 3326 55 32 the

901 3369 91 34 chair
1009 3370 105 35 closed
1134 3372 53 33 the
1205 3377 217 36 nro:;ee.lin^>v.

1282 3439 3 1 -

885 3474 763 33 LATEST

944 3529 290 49 CABLE
1332 3535 282 51 NEWS.

924 3670 266 34 GLADSTONE
1232 3674 223 36 SUPPORTS
1500 3679 115 35 SALIS-

1215 3730 133 35 BURY.

885 3790 1 41 1
1298 3790 150 41 London',
1466 3794 84 32 Jnias
1569 3798 49 29 *26».

943 3841 42 33 11l
1017 3842 54 33 tlae
1097 3843 112 34 House
1241 3848 31 30 ot
1301 3846 112 43 Lords,
1442 3852 52 32 the
1524 3853 75 32 Earl
1632 3857 29 29 of

906 3898 165 43 S&lisfeury
1091 3902 103 31 stated
1218 3904 71 30 that
1317 3906 38 29 he
1381 3906 61 31 had
1467 3915 31 23 at
1522 3910 70 30 first
1615 3921 30 20 re-

905 3954 91 35 fused
1019 3961 32 28 to
1077 3959 182 33 reconsider
1284 3961 50 33 his
1357 3965 157 41 proposed
1539 3968 101 40 resign-

906 4020 99 30 ation,
1030 4013 57 33 but
1111 4015 71 33 that
1206 4017 70 32 Her
1294 4019 32 31 M
1340 4026 92 36 ijesty
1458 4023 153 41 anpeiled
1631 4032 29 25 to

885 4069 1 56 j
907 4069 69 33 him
1004 4072 76 32 with
1110 4072 52 33 Mr
1189 4074 206 36 Gladstone's
1428 4090 171 25 assurance
1634 4085 27 31 of.

885 4135 1 35 '
908 4135 144 35 support.

910 4231 132 33 WHAT
1067 4234 266 37 ONLOOKERS
1359 4241 146 34 THINK
1530 4245 54 32 OF
1608 4246 53 32 IT.

886 4311 1 43 I
1469 4311 88 35 June
1575 4316 48 31 '27.

886 4356 3 61 |
952 4356 141 35 Germain
1094 4372 25 29 j
1135 4361 64 32 and
1216 4363 131 33 Austria
1370 4377 52 22 are
1447 4379 37 22 en
1499 4373 162 40 :ouraging

886 4418 3 51 I
1086 4422 31 26 to
1141 4418 98 43 adopt
1263 4432 16 20 a
1296 4421 111 34 firmer
1430 4426 106 43 policy
1552 4429 35 32 in
1610 4429 51 35 the

887 4469 9 67 jj
1190 4477 35 32 of
1238 4478 164 45 Egyptian
1420 4483 116 35 affairs.

966 4575 28 31 A
1019 4576 158 35 RISING
1203 4581 48 31 IN
1277 4584 331 40 AFGHANISTAN..

959 4643 98 33 Iheic
1069 4657 25 19 is
1108 4657 87 22 news
1209 4655 30 25 to
1251 4649 87 33 hand
1353 4652 79 33 from
1447 4657 214 40 Afghanistan

914 4704 31 27 ot
960 4710 18 22 a
997 4701 123 34 serious
1136 4702 101 45 rising
1254 4705 124 46 having
1402 4711 94 36 taken
1522 4716 89 42 place
1635 4720 26 33 in

891 4756 2 63 ,
915 4756 71 31 that
1023 4767 147 34 country.
1236 4763 55 32 Isa
1336 4767 108 41 Khan,
1489 4773 94 33 aided
1628 4777 33 42 by

917 4812 140 37 Russian
1082 4816 104 41 allies,
1200 4819 22 33 Ik
1229 4833 34 21 as
1417 4834 55 28 <smt
1493 4842 35 22 he.
1534 4838 30 27 to
1587 4847 74 29 open

916 4873 101 29 revolt
1047 4875 127 38 against
1202 4878 165 34 Abdullah
1401 4883 108 42 Khan,
1541 4890 120 41 Afghan

918 4928 168 35 Governor
1102 4932 34 32 of
1148 4932 54 34 the
1220 4935 157 37 Province
1395 4942 34 33 of
1445 4943 174 45 Klmndm,
1637 4950 24 32 in

917 4985 54 32 the
1003 4988 183 36 north-east
1216 4994 34 31 of
1274 4995 227 40 Afghanistan.
1562 5005 52 35 He
1646 5020 15 21 u

918 5044 105 32 stated
1038 5049 33 28 to
1088 5046 79 34 have
1186 5048 97 35 taken
1298 5052 133 37 forcible
1445 5063 181 38 possession
1640 5068 21 30 of

920 5100 52 34 the
997 5106 85 30 town
1110 5106 35 31 of
1169 5106 172 43 Khanbad,
1370 5125 17 21 a
1409 5115 94 36 short
1528 5119 133 37 distance

920 5158 82 32 from
1013 5160 176 41 Klnmduz,
1199 5165 54 31 the
1268 5168 167 42 capitals
1445 5174 53 33 the
1510 5180 151 38 province

921 5216 62 33 and
1001 5216 59 35 has
1077 5219 88 35 there
1183 5222 106 36 sealed
1306 5226 53 35 the
1383 5233 145 34 treasure
1545 5235 100 45 belong-

885 5278 1 58 '
922 5286 54 30 mg
988 5280 35 28 ito
1039 5278 105 32 Abdul
1162 5280 181 43 Rahaman,
1355 5287 119 35 Ameer
1487 5292 34 31 of
1530 5295 129 41 Afghan

922 5337 93 33 istan,
1035 5339 32 26 to
1086 5334 53 34 the
1151 5343 114 29 .extent
1282 5342 35 32 of
1329 5355 59 22 one
1406 5347 125 37 million

885 5389 2 44 5
923 5390 142 43 sterling..

885 5431 2 37 1

885 5506 5 21 *
1042 5494 221 40 •oiiDEEKj.)
1289 5504 53 35 to
1370 5508 184 43 errurs.

1481 5583 90 36 June
1588 5590 47 33 29.

967 5618 68 34 The
1060 5620 206 40 detachment
1291 5632 33 31 of
1340 5633 127 37 Guards
1492 5642 103 35 which
1621 5647 40 35 ha

885 5697 5 6 '
927 5673 7 32 :
935 5689 6 12 '
948 5686 58 23 een
1031 5677 151 38 tlet,lineJ
1210 5695 90 27 some
1324 5690 79 37 time
1431 5701 33 28 at
1486 5700 175 42 Alexandri,

908 5733 4 66 j
928 5733 64 32 and
1004 5746 64 21 was
1079 5748 41 22 on
1133 5747 40 25 its
1185 5753 71 33 way
1267 5744 107 42 home,
1387 5751 58 35 has
1458 5755 76 36 been
1547 5763 114 36 orderei

928 5794 31 28 to
977 5790 135 45 Cyprus.

885 5840 9 32 1
1265 5867 81 8 _____

885 5908 10 23 e
1006 5894 279 45 OCCUPATION
1310 5907 55 36 OF
1388 5911 223 48 DONGOLA.

885 5958 11 30 *
971 5962 69 35 The
1068 5969 19 14 «
1102 5965 163 42 Standard
1277 5976 18 14 »
1318 5976 66 38 this
1407 5986 151 51 morning
1580 5991 34 38 in
1641 6007 17 26 a
1660 5958 1 79 ,

885 6028 11 20 9
932 6024 109 33 artlc!s
1219 6031 162 47 Egyptian
1409 6048 159 38 question,
1596 6053 65 37 hint

1672 221 70 34 that
1759 221 54 34 the
1831 223 190 42 occupation
2038 223 34 34 of
2086 225 147 42 Dongola
2250 225 42 43 by
2304 227 120 33 British
2441 220 4 48 !

1674 286 106 35 troops
1798 280 24 30 is
1839 280 148 42 possible.

1777 393 91 30 THE
1897 394 198 31 LIBERAL
2125 396 195 31 LEADER.

2236 460 85 35 June
2339 462 47 33 30.
2445 460 1 47 j

1717 515 51 31 Mr
1806 515 179 33 Gladstone
2022 517 58 31 lias
2104 518 107 32 issued
2243 531 16 20 a
2299 522 127 31 written

1676 570 129 34 address
1829 580 31 24 to
1883 571 54 33 the
1954 573 136 33 electors
2113 574 34 32 of
2162 574 206 37 Midlothian,
2393 578 33 32 in

1676 628 104 32 which
1810 628 39 32 Lie
1873 630 146 42 explains
2043 631 70 33 that
2141 632 49 33 his
2214 633 79 32 dntv
2318 643 31 24 to
2374 635 53 32 the

1677 684 124 32 Liberal
1822 693 92 35 party
1932 688 119 40 oblige-;
2069 688 68 32 him
2156 698 32 24 to
2213 691 71 31 seek
2304 693 108 31 re-elec-

1678 748 65 25 tion
1761 751 31 24 lit
1809 742 53 34 the
1882 743 102 34 hands
2001 747 34 30 of
2049 745 49 33 his
2120 748 224 34 constituents.

1727 857 103 32 NEW
1855 859 186 39 GUINEA,
2067 863 27 30 A
2119 864 117 31 GOLD
2245 866 40 30 EI
2294 866 86 30 ELD

2023 941 55 33 Ml-:
2084 952 37 22 LI)
2137 954 109 27 )URXE,
2264 945 78 42 July
2364 947 26 33 1.
2449 935 2 52 !

1718 994 27 31 A
1770 994 185 41 Syndicate,
1981 998 53 32 the
2055 999 111 33 shares
2190 1002 31 31 in
2246 1002 105 33 which
2376 1015 52 21 are

1680 1051 71 35 full\
1776 1051 194 42 subscribed,
1989 1067 57 21 nas
2064 1056 78 33 been
2164 1058 122 33 formed
2305 1061 48 31 for
2375 1062 53 32 the
2450 1051 2 54 j

1680 1118 134 31 purpose
1831 1110 34 31 of
1878 1111 175 43 equipping
2070 1114 62 31 and
2157 1114 215 43 despatching
2390 1130 41 19 an

1680 1165 180 41 expedition
1885 1173 29 27 to
1940 1168 78 33 New
2043 1171 126 33 Guinea
2192 1173 33 31 in
2249 1174 111 32 search
2387 1174 47 33 for
2452 1165 1 46 j

1680 1220 84 42 gold,
1782 1222 34 32 of
1829 1222 104 34 which
1947 1227 122 32 several
2083 1228 155 34 excellent
2252 1229 181 43 specimens
2452 1220 1 57 j

1681 1290 80 21 were
1792 1279 140 42 brought
1961 1283 81 33 from
2072 1285 71 32 that
2174 1286 105 33 island
2309 1288 41 42 by
2383 1289 50 31 Mr
2453 1279 1 51 ;

1683 1336 103 42 Judly,
1817 1338 36 32 of
1879 1340 54 32 the
1963 1349 109 25 recent
2097 1345 67 40 Age
2196 1345 79 33 New
2307 1346 126 32 Guinea
2453 1336 2 49 i

1680 1394 195 43 expedition.

1779 1510 123 34 RUSH
1926 1512 53 33 TO
2006 1515 156 33 SNOWY
2187 1517 152 32 RIVER.

1999 1583 226 37 Melbourne,
2241 1586 87 34 June
2346 1589 50 31 2G.

1724 1636 136 41 Reports
1874 1637 82 32 have
1970 1639 78 32 been
2062 1642 144 31 received
2222 1643 80 31 from
2321 1645 114 41 Gipps-

1670 1690 1 55 I
1683 1690 75 35 land
1777 1693 69 33 that
1870 1706 17 21 a
1905 1697 178 41 promising
2102 1698 154 44 goldfield
2273 1700 57 33 has
2358 1701 80 34 been
2456 1690 1 55 I

1683 1749 186 34 discovered
1897 1763 40 21 011
1963 1754 119 43 Snowy
2109 1756 92 39 liver,
2226 1757 64 32 and
2318 1770 16 21 a
2361 1760 76 31 rush

1670 1806 1 51 I
1683 1806 57 33 has
1771 1811 213 31 commenced
2015 1812 32 31 in
2076 1824 222 32 consequence
2328 1817 35 31 of
2385 1817 52 33 the

1681 1863 142 45 glowing
1839 1874 153 27 accounts
2008 1870 35 31 of
2058 1870 53 33 the
2129 1881 211 33 prospectors.

1814 1980 221 34 ANOTHER
2060 1985 89 31 ONE
2176 1987 134 32 GONE.

2085 2053 144 42 Sybxey,
2245 2057 87 33 June
2349 2053 3 42 k
2353 2060 45 30 29.

1670 2100 1 58 I
1723 2105 69 32 One
1810 2107 34 31 of
1863 2107 55 33 the
1942 2109 164 34 members
2119 2113 36 31 of
2175 2112 54 34 the
2255 2116 191 42 contingent

1670 2162 1 44 !
1685 2162 71 32 who
1794 2163 58 33 has
1884 2165 81 33 been
2003 2179 40 20 an
2085 2170 122 32 invalid
2237 2172 86 33 since
2363 2173 83 33 their

1684 2219 74 37 <l</;n
1822 2244 5 6 •
1973 2225 121 42 Egypt,
2112 2227 72 31 died
2200 2230 187 42 yesterday.

1739 2338 17 18 n
1763 2351 17 8 -
1794 2328 2 51 ;
1924 2337 8 42 I
1949 2335 89 31 FOll
2075 2338 105 33 NEW
2213 2340 213 33 ZEALAND

1912 2382 18 31 *'
1961 2392 190 37 HORSES.

2252 2465 87 34 June
2355 2469 51 31 30.

1670 2511 1 50 |
1725 2513 68 31 T*jc
1814 2511 166 46 following
1996 2528 52 22 are
2067 2518 55 33 the
2140 2521 135 40 weights
2299 2523 148 35 declared

1670 2573 2 53 I
1690 2573 46 30 for
1761 2573 78 32 New
1864 2574 142 34 Zealand
2029 2577 114 35 horses
2166 2582 132 31 entered
2323 2584 47 31 for
2394 2584 53 33 the

1670 2628 2 59 |
1689 2636 88 29 great
1808 2629 231 44 Metropolitan
2079 2635 114 33 Stakes
2208 2646 62 23 :-
2283 2638 165 35 Welcome

1671 2676 2 63 j
1688 2686 89 39 Jack,
1796 2695 53 35 top
1868 2689 129 39 weight,
2015 2693 51 31 9st
2090 2693 50 32 31b
2159 2704 7 28 ;
2191 2695 187 44 Vanguard,
2397 2700 50 32 Bst

1671 2744 2 53 |
1690 2744 68 33 101b
1774 2754 6 30 ;
1799 2745 129 41 Oudies,
1947 2749 50 32 Bst
2012 2749 70 40 41b;
2108 2751 184 45 Liverpool,
2311 2756 49 33 7st
2377 2755 73 42 41b;

1695 2802 12 29 1
1718 2801 202 40 liunderbolt,
1941 2809 50 28 Ust
2009 2807 81 31 J'ilb.
2134 2809 67 32 I*'or
2220 2811 56 32 the
2292 2813 136 32 Hawkes-

1689 2857 80 34 biii'v
1801 2860 110 33 Grand
1948 2861 385 47 Handicap—-Welcome
2364 2870 82 33 Jack

1673 2918 1 50 !
1691 2927 62 20 was
1791 2918 134 31 ahotted
1962 2920 55 32 .the
2056 2922 128 39 highest
2229 2927 131 41 weight,
2399 2918 2 50 (
2402 2930 47 30 Js£

1691 2973 60 33 ittu

1670 3081 521 35 PARLIAMENTARY
2231 3081 240 35 ITEMS.

1675 3168 3 32 I

1676 3199 1 47 |
1734 3199 37 32 L.i
1791 3200 52 32 the
1862 3201 112 33 House
1991 3203 66 31 .this
2075 3204 168 34 afternoon
2264 3207 88 33 Pvke
2370 3221 81 25 £av,e

1692 3264 104 26 .notice
1822 3266 31 24 to
1877 3258 56 33 ask
1960 3260 146 33 wnethtr
2129 3269 23 25 it
2182 3262 27 33 is
2234 3266 161 42 proposed
2420 3273 31 27 to

1694 3327 104 20 renew
1830 3316 55 32 th«e
1917 3326 122 33 sysknn
2062 3320 37 31 of
2120 3321 194 34 nominated
2343 3324 91 32 imini-

1676 3373 2 37 j
1694 3373 135 37 pillion.

1676 3433 3 49 j
1889 3433 117 33 mored
2036 3434 54 33 the
2116 3436 118 33 second
2265 3438 134 44 reading
2424 3442 35 32 of

1672 3487 73 47 jiij/j
1776 3490 103 30 Mines
1905 3492 59 29 Act
1990 3494 103 40 (J877)
2125 3495 224 34 Amendment
2375 3499 77 31 Bill.

1677 3546 2 43 i
1694 3546 50 31 lie
1773 3547 167 42 explained
1968 3548 72 34 .that
2067 3551 54 33 the
2149 3552 56 32 bill
2232 3554 139 34 reduced
2400 3556 53 33 the

1678 3607 149 29 tijdjur'i
1844 3605 83 40 nghL
1943 3608 50 30 lee
2013 3615 30 24 to
2063 3615 51 25 ten
2137 3609 75 33 shill
2226 3622 71 31 ngs,
2316 3613 63 32 and
2398 3614 54 32 tlio

1678 3663 2 59 j
1698 3673 141 21 easiness
1857 3663 116 33 license
1992 3672 30 25 to
2041 3671 61 28 two
2116 3668 137 41 pounds.
2300 3670 39 31 In
2355 3683 97 28 every

1678 3717 110 51 |/oiher
1805 3720 114 42 colony
1938 3721 53 31 the
2008 3723 47 31 lea
2074 3721 63 34 had
2154 3724 80 33 been
2252 3727 137 33 reduced
2405 3728 48 33 for

1678 3772 3 61 j
1697 3774 103 33 miner
1815 3788 14 19 s
1855 3777 111 39 rjjjjts,,
1994 3791 34 19 as
2058 3781 11 29 \
2084 3782 70 39 ogel
2178 3782 66 33 saiJ
2274 3784 53 33 the
2359 3786 94 33 other
2470 3772 1 61 j

1679 3830 52 48 idi
1742 3843 27 20 v.
1816 3835 22 29 Ci
1848 3845 128 21 11.nness
1990 3840 145 40 s;rongiy
2147 3843 177 37 supported
2339 3843 36 33 it.
2422 3845 31 33 It
2470 3830 1 50 !

1679 3873 2 24 i
2115 3873 4 24 •
2187 3873 30 10 »i

1679 3899 21 21 ■
1700 3899 22 21 w
1736 3901 23 17 LS
1777 3901 6 18 ]
1786 3890 64 30 'ea.l
1868 3902 17 20 a
1902 3893 117 31 second
2037 3894 98 33 time:
2161 3897 150 33 Larnaeh
2330 3901 68 31 s.vid
2412 3902 40 32 he
2470 3890 1 44 !

1679 3944 2 48 !
1839 3956 55 24 not
1932 3958 118 34 oppose
2090 3951 53 34 tho
2182 3953 66 35 bill.
2295 3956 52 35 He
2386 3957 66 35 had
2470 3944 1 48 !

1679 4003 2 46 !
1696 4003 196 41 anticipated
1923 4006 40 31 its
1998 4008 183 41 provisions
2213 4017 32 28 to
2276 4025 18 20 a
2328 4016 124 33 certain

1670 4062 1 42 ~
1696 4066 110 24 extent
1821 4071 32 21 111
1871 4073 15 20 a
1907 4062 52 33 bill
1978 4064 39 32 he
2034 4068 154 33 intended
2205 4069 69 33 brin
2281 4083 18 12 ,r
2302 4083 31 20 in
2340 4084 17 13 Qr
2372 4084 33 20 in

1951 4122 127 41 Mining
2093 4125 202 44 Companies'
2309 4132 119 31 Amend-

1695 4184 91 23 ment
1807 4176 60 33 UiJl
1885 4189 64 21 was
1972 4179 179 44 adjourned
2169 4192 30 27 to
2218 4186 75 33 I,sth
2311 4187 90 45 July,
2420 4197 33 27 at

1697 4231 200 37 Manteath's
1914 4245 139 33 reqii3,t.

1738 4290 110 33 Hatch
1871 4294 174 40 presented
2076 4308 17 20 a
2117 4297 137 42 petition
2279 4301 84 34 from
2391 4305 61 32 203

1695 4346 203 36 inhabitants
1929 4354 30 29 ol
1990 4351 212 47 Invercargill
2233 4359 138 44 praying
2400 4362 49 33 for

1699 4405 264 35 discontinuance
1973 4410 31 30 of
2012 4411 224 43 employment
2246 4419 28 28 oi
2287 4416 166 34 barmaids

1700 4474 30 21 in
1745 4463 110 43 public
1871 4464 126 35 houses.

1677 4520 2 48 ,
1740 4520 47 33 Dr
1811 4521 143 36 Menzies
1975 4526 171 42 presented
2171 4539 18 22 a
2206 4529 125 35 similar
2355 4532 76 34 docu-

1700 4584 89 24 ment
1806 4584 31 25 to
1855 4579 53 31 the
1929 4580 109 42 Upper
2055 4583 122 38 House,
2194 4586 112 41 signed
2331 4588 41 43 by
2394 4591 58 30 211

1702 4647 73 21 men
1792 4636 62 32 and
1869 4637 57 33 195
1944 4649 138 23 women.

1742 4693 67 31 The
1826 4693 139 33 Pefence
1983 4696 149 33 Minister
2145 4697 136 45 thought
2295 4701 23 31 it
2332 4703 122 33 unwise
2468 4693 3 49 :!

1670 4760 16 33 J
1702 4756 30 24 to
1757 4750 209 41 periodically
1989 4764 94 20 move
2099 4756 103 39 police
2225 4756 178 42 inspectors
2419 4760 35 31 in
2468 4748 3 53 'j

1679 4805 3 49 i
1702 4805 167 45 goklQalds
1886 4807 64 33 and
1967 4814 137 40 country
2120 4810 154 37 districts.

1744 4866 19 29 '1
1772 4866 39 30 he
1832 4866 143 31 Premier
1991 4868 118 30 moved
2119 4870 56 30 the
2191 4872 119 31 second
2323 4874 110 30 readin
2439 4886 16 12 (r
2469 4866 2 41 ■]

1670 4899 1 27 1
1681 4899 2 27 ■
1923 4921 5 5 .
2437 4899 34 27 °'

1681 4923 8 35 i,
1704 4922 33 33 of
1747 4922 52 33 the
1812 4922 153 33 Counties
1979 4924 60 33 Act
2053 4925 222 37 Amendment
2288 4929 77 35 Bill.
2404 4931 52 33 He

1670 4983 20 40 J
1705 4981 138 43 thought
1867 4981 26 32 it
1923 4981 108 33 would
2053 4982 38 34 be
2115 4983 104 35 better
2238 4986 30 33 if
2288 4988 79 43 they
2393 4990 78 37 had;

1670 5040 14 43 [»1
1705 5040 76 41 only
1805 5044 62 28 two
1888 5040 85 32 local
1990 5040 119 42 bodies,
2134 5043 93 34 lioad
2244 5045 125 35 Boards
2393 5051 64 32 and

1683 5097 3 40 !
1705 5097 152 40 Borough
1872 5098 163 34 Councils.
2470 5097 1 40 '

1670 5136 2 10 1

1747 5155 178 32 Bradshaw
1942 5157 117 31 moved
2075 5158 55 31 the
2147 5162 117 30 second
2281 5164 135 41 reading
2429 5167 35 30 of

1707 5212 53 34 the
1778 5212 237 44 Employment
2032 5214 34 32 of
2086 5215 149 36 Females
2259 5219 64 34 and
2342 5221 118 36 Others
2470 5212 1 45 1

1670 5261 2 43 *
1707 5261 70 38 Act,
1810 5262 88 37 1881,
1923 5261 223 34 Amendment
2175 5265 76 39 Bill,
2281 5269 64 32 and
2365 5270 34 32 J.
2426 5272 34 31 C.

1670 5306 1 44 ■
1684 5306 2 44 i
1709 5306 169 33 Buctkland
1904 5306 171 34 intimated
2100 5310 71 32 that
2194 5312 94 33 when
2313 5314 54 33 the
2397 5316 65 34 Bill

1670 5369 5 21 j
1685 5353 2 43 1
1709 5366 64 21 was
1786 5353 36 33 in
1841 5355 190 31 Committee
2045 5353 43 34 ,be
2109 5357 103 33 would
2231 5370 92 23 move
2348 5362 34 32 in
2406 5364 55 32 the

1709 5400 154 33 direction
1890 5400 34 33 of
1947 5400 96 44 doing
2069 5412 93 35 away
2193 5405 77 34 with
2294 5406 168 38 barmaids

1686 5447 1 33 1
1703 5448 37 32 ad
1745 5447 153 33 together..

1777 5477 16 12 CT-

2680 233 128 37 NEWS
2826 237 58 34 BY
2900 239 93 35 THE

2504 287 108 47 SAN
2647 291 325 53 FRANCISCO
3006 298 165 50 MAIL.

2503 419 134 33 Ilanlan
2653 424 126 31 arrived
2795 426 75 32 here
2887 439 40 20 on
2944 430 79 41 May
3036 432 80 31 21st.
3163 433 52 31 He

2462 486 74 32 says
2550 475 39 35 he
2602 478 94 34 made
2709 479 88 36 three
2809 482 161 38 thousand
2983 487 129 35 dollars.
3152 491 62 33 His

2463 533 131 40 opinion
2611 534 26 33 is
2655 536 69 33 that
2741 538 109 34 Beach
2867 541 25 32 is
2907 544 52 32 the
2973 555 82 23 most
3071 548 120 32 wonder-

2463 587 46 34 ful
2525 600 151 25 oarsman
2693 593 38 34 he
2747 594 59 34 has
2822 609 75 22 ever
2912 606 76 27 met.

2505 647 49 31 On
2571 647 85 34 June
2674 651 66 39 3rd,
2766 653 53 33 the
2838 655 83 34 Lord
2940 658 116 43 Mayor
3072 662 35 32 of
3130 664 63 32 Lon-

2465 702 62 32 don
2552 717 78 28 gave
2655 719 17 20 a
2696 708 141 44 banquet
2862 722 31 24 to
2917 716 49 32 Mr
2992 719 145 43 Phillips,
3163 724 52 30 the

2465 760 107 44 newly
2595 764 174 42 appointed
2794 769 119 35 United
2932 774 114 35 States'
3069 778 148 36 Minister

2467 827 29 23 to
2516 820 161 34 En-land.
2723 825 52 33 He
2792 828 68 33 said
2878 830 71 35 that
2961 833 52 34 the
3026 836 191 36 Americans

2467 887 81 21 were
2576 880 124 41 greatly
2726 883 129 40 pleased
2885 887 72 33 thai
2987 903 41 19 an
3059 895 157 33 amicable

2467 933 186 36 settlement
2670 939 35 32 of
2724 939 53 34 the
2802 940 83 36 issue
2903 944 143 37 between
3065 951 151 36 En-land

2468 990 63 31 and
2573 993 113 33 Russia
2716 996 64 32 had
2806 998 79 34 been
2917 1004 126 33 arrived
3081 1014 42 26 at.
3171 1012 51 32 Mr

2469 1046 135 45 Phillips
2636 1051 66 33 also
2733 1054 164 42 eulogised
2928 1060 120 35 British
3084 1067 136 40 judicial

2467 1104 276 44 administration,
2775 1113 63 30 and
2869 1116 69 31 said
2969 1119 138 42 English
3138 1124 84 43 legal

2469 1159 158 35 decisions
2643 1175 81 22 were
2741 1169 132 32 revered
2890 1171 32 32 in
2939 1173 158 37 America.

2516 1218 15 31 I
2540 1218 38 32 he
2594 1221 115 34 Crown
2724 1223 147 37 Princess
2884 1228 31 32 of
2927 1230 168 43 Germany
3104 1235 121 45 having

2469 1277 214 42 disapproved
2700 1281 35 33 of
2754 1283 54 33 the
2826 1288 159 40 marriage
3004 1292 37 31 of
3052 1293 57 32 her
3132 1296 92 33 sister

2473 1333 147 35 Princess
2643 1338 147 35 Beatrice
2813 1344 78 32 with
2917 1347 114 35 Prince
3056 1352 115 45 Henry
3196 1357 33 31 of

2471 1390 209 45 Battenberg,
2698 1396 64 33 will
2782 1406 56 28 not
2851 1405 111 33 attend
2977 1407 53 34 the
3045 1411 159 42 wedding.

2514 1449 68 33 The
2605 1452 80 34 fund
2709 1467 73 22 now
2804 1458 96 45 being
2923 1465 104 34 raised
3047 1469 31 31 in
3097 1469 130 36 Ireland

2474 1505 47 33 for
2536 1507 54 33 the
2608 1509 119 36 benefit
2745 1515 34 32 of
2790 1517 67 33 Jas.
2877 1520 153 44 Stephen,
3045 1528 181 36 ex-Fenian

2473 1561 83 36 head
2599 1573 120 36 centre,
2763 1577 145 43 recently
2951 1583 146 43 expelled
3142 1587 85 36 from

2473 1622 135 39 France,
2625 1635 153 27 amounts
2796 1637 31 27 to
2847 1636 117 34 17000.

2461 1672 1 70 |
2519 1679 64 34 Jhe
2601 1681 153 46 despatch
2772 1688 76 36 boat
2870 1693 193 39 Pomerania
3088 1702 105 34 seized
3211 1717 17 21 a

2461 1735 1 77 |
2475 1735 179 37 larmouth
2686 1742 120 43 lighter
2836 1760 41 22 on
2905 1752 86 35 June
3021 1757 56 32 4th
3109 1759 32 33 in
3173 1762 55 33 the

2475 1792 104 36 North
2613 1797 70 39 Sea,
2715 1803 65 33 and
2810 1809 105 32 towed
2945 1811 54 33 the
3027 1818 103 32 vessel
3161 1820 67 32 into

2477 1850 298 51 Welhelmshaven,
2791 1863 107 35 where
2914 1867 57 35 she
2982 1869 27 34 is
3026 1871 151 38 detained
3189 1890 41 20 on

2475 1908 54 32 the
2547 1916 149 36 pretence
2719 1917 73 35 that
2809 1921 54 33 the
2886 1923 120 45 lighter
3021 1940 66 23 was
3110 1931 121 47 fishing

2475 1964 34 34 in
2526 1970 182 40 prohibited
2724 1982 127 29 waters.

2521 2025 50 33 Mr
2595 2029 188 45 Gladstone,
2800 2037 149 46 replying
2971 2046 32 30 to
3027 2056 42 21 an
3095 2050 137 41 enquiry

2477 2081 96 35 made
2599 2084 42 44 by
2669 2087 52 33 Mr
2745 2090 160 46 Maclean,
2933 2098 55 33 the
3014 2100 109 37 Home
3149 2105 83 35 Rule

2461 2141 2 56 i
2479 2141 144 33 member
2639 2144 49 33 for
2706 2147 166 44 WickW,
2890 2156 69 31 said
2975 2157 25 32 it
3023 2170 66 22 was
3105 2167 57 28 not
3178 2164 54 33 the

2479 2194 162 39 intention
2656 2206 33 30 of
2707 2204 54 34 the
2779 2207 224 40 Government
3022 2220 31 29 to
3077 2220 153 34 establish

2479 2255 129 40 legular
2644 2258 188 44 diplomatic
2868 2268 155 36 relations
3060 2276 78 32 with
3178 2277 55 35 the

2482 2309 16 31 A
2510 2312 120 33 atican.

2525 2366 45 34 Sii
2592 2369 129 38 Charles
2744 2374 107 44 Dilke,
2876 2381 94 36 while
2987 2384 34 34 in
3041 2385 134 46 Dublin,
3193 2404 39 23 on

2479 2435 21 20 a
2517 2432 74 25 visit
2609 2432 31 27 to
2657 2430 78 34 Earl
2760 2434 150 44 Spencer,
2930 2442 127 35 refused
3075 2451 30 28 to
3123 2450 113 33 attend

2479 2493 43 21 an
2540 2484 118 35 official
2676 2488 160 37 breakfast
2852 2496 96 39 given
2963 2499 40 42 by
3017 2502 86 32 Lord
3121 2505 116 43 Mayor

2484 2538 24 34 0
2526 2540 135 43 Cornier,
2676 2556 43 23 on
2738 2547 77 46 Xfay
2832 2552 49 40 25,
2900 2565 41 23 oil
2966 2565 138 29 account
3120 2563 36 33 of
3168 2564 71 35 that

2481 2598 148 34 official's
2644 2602 101 35 insult
2756 2611 31 27 to
2803 2609 53 32 the
2869 2612 114 33 Prince
2996 2617 30 29 of
3044 2618 114 40 Wales,
3173 2623 63 32 and

2482 2653 34 33 in
2540 2655 137 47 inciting
2698 2661 61 33 riot
2790 2667 32 30 at
2850 2665 123 38 Malow
3002 2673 64 32 and
3098 2680 33 29 at
3153 2677 86 36 Cork

2485 2711 116 45 during
2617 2716 50 33 his
2683 2721 91 41 royal
2790 2722 86 35 visit.

2527 2771 3 58 r
2531 2771 63 33 llie
2611 2773 87 44 Pope
2721 2777 65 34 had
2808 2792 19 20 a
2843 2786 62 29 two
2927 2784 100 35 hours
3048 2791 192 38 conference

2484 2829 78 31 with
2580 2829 54 33 the
2651 2832 85 35 Irish
2753 2835 140 47 Bishops
2909 2845 34 29 at
2964 2843 55 34 the
3043 2846 138 37 Vatican
3198 2864 42 21 on

2467 2879 3 70 I
2488 2883 76 45 May
2587 2890 49 38 25,
2661 2890 117 47 during
2792 2895 106 37 which
2918 2900 40 33 he
2982 2902 142 37 lectured
3149 2908 91 35 them

2485 2944 147 44 strongly
2648 2947 79 35 with
2743 2954 116 41 regard
2875 2959 32 30 to
2921 2958 85 35 their
3019 2963 178 46 animosity
3207 2972 32 28 to

2485 2999 163 44 England.

2531 3058 64 34 lhe
2618 3060 125 37 British
2764 3069 145 35 steamer
2930 3071 166 49 Waverly,
3120 3080 79 34 with
3225 3094 16 22 a

2485 3126 95 31 cargo
2609 3120 39 31 of
2673 3122 162 41 saltpetre,
2873 3139 67 21 was
2973 3133 106 32 seized
3111 3136 42 41 by
3189 3139 54 32 the

2486 3170 127 37 French
2630 3175 34 33 in
2681 3176 139 39 Chinese
2838 3189 128 38 waters,
2983 3200 42 22 on
3044 3190 53 34 the
3117 3196 127 40 ground

2488 3230 70 32 that
2575 3232 58 32 her
2649 3245 96 33 cargo
2761 3248 68 23 was
2843 3244 203 35 contraband
3064 3249 34 32 of
3110 3261 77 23 war.

2528 3289 28 32 A
2573 3289 197 39 Committee
2787 3297 36 33 of
2838 3299 54 34 the
2917 3302 163 37 Chamber
3095 3309 36 32 of
3150 3311 71 34 Com-

2486 3356 118 31 merce,
2622 3349 149 42 London,
2788 3354 182 38 forwarded
2986 3366 32 28 to
3031 3363 55 34 the
3102 3367 123 35 Govern-

2485 3407 91 30 ment
2604 3417 18 21 a
2648 3409 179 36 resolution
2851 3414 34 33 in
2911 3415 93 37 favor
3027 3421 35 33 of
3084 3422 164 47 diverting

2484 3464 200 41 emigration
2729 3471 32 31 to
2805 3471 55 34 the
2907 3474 125 37 British
3085 3457 162 69 Colonies]

2484 3521 179 45 -especially
2678 3523 177 46 Australia,
2872 3530 107 38 where
3001 3535 55 35 the
3073 3549 150 39 consump-

2487 3577 69 33 tion
2573 3582 29 29 of
2620 3581 122 34 British
2759 3587 100 38 goods
2872 3593 134 32 exceeds
3021 3595 44 32 £8
3081 3608 57 31 per
3151 3599 95 41 head,

2488 3634 127 36 instead
2639 3640 35 31 of
2685 3641 164 45 America,
2866 3647 108 36 where
2994 3651 54 36 the
3072 3666 150 36 consump-

2488 3692 65 33 tion
2571 3695 26 32 is
2615 3697 79 42 only
2711 3701 55 32 10s
2783 3713 19 21 a
2818 3703 94 35 head.

2531 3753 131 33 Goidon
2677 3767 14 21 s
2714 3756 118 37 diaries
2855 3761 84 35 have
2967 3765 79 35 been
3072 3770 174 43 published

2470 3807 3 58 |
2489 3808 65 32 and
2576 3810 83 34 have
2684 3816 117 33 caused
2816 3829 43 23 an
2881 3821 161 37 immense
3067 3831 177 34 sensation.

2471 3864 70 59 |He
2580 3880 167 34 compares
2791 3875 137 37 himself
2961 3885 31 30 to
3036 3883 115 44 Uriah,
3191 3890 53 33 the

2471 3923 3 70 |
2490 3923 131 42 Hittite,
2638 3928 110 34 whom
2765 3931 87 45 King
2867 3934 106 35 David
2990 3939 137 36 ordered
3151 3949 31 30 to
3208 3946 36 35 be

2487 3981 115 41 placed
2616 3984 37 33 in
2670 3987 54 33 the
2740 3989 156 38 foremost
2911 3997 142 40 position
3074 4002 34 32 in
3133 4003 111 43 battle,

2489 4037 232 50 subsequently
2736 4047 136 45 causing
2887 4050 50 34 his
2954 4053 106 36 death.

2533 4095 29 34 It
2579 4097 59 35 has
2655 4099 80 35 been
2751 4108 180 34 reasserted
2947 4110 72 36 that
3037 4113 119 38 Eussia
3179 4121 67 33 will

2489 4151 143 37 demand
2648 4169 41 21 an
2706 4161 209 42 explanation
2937 4167 50 34 for
3008 4170 238 40 Anti-Russian

2467 4212 2 62 i
2489 4212 155 40 speeches
2682 4216 162 38 delivered
2873 4223 43 43 by
2943 4226 56 33 the
3031 4229 147 45 Marquis
3215 4237 34 31 of

2487 4266 173 47 Salisbury
2675 4275 63 32 and
2752 4275 87 35 Lord
2855 4279 173 48 Randolph
3044 4285 180 40 Churchill.

2535 4327 17 30 1
2561 4326 38 33 he
2616 4329 147 45 Marquis
2779 4334 36 32 of
2828 4336 168 48 Salisbury
3007 4343 67 34 will
3087 4349 159 42 complete

2491 4381 52 33 Mr
2560 4384 206 39 Gladstone's
2788 4393 131 42 Afghan
2943 4399 117 43 policy,
3085 4405 79 32 with
3186 4407 57 33 the

2467 4445 2 54 :
2490 4445 168 38 exception
2688 4445 35 33 of
2741 4446 155 50 allowing
2918 4454 55 35 the
2997 4464 122 30 matter
3145 4469 32 27 to
3209 4464 37 35 be

2472 4499 3 45 |
2491 4499 115 33 settled
2624 4501 41 43 by
2681 4504 202 39 arbitration..

2472 4545 3 15 1

772 77 138 47 THE
976 77 221 47 LYELL
1260 77 221 55 TIMES,
1551 81 365 53 SATURDAY,
1987 86 163 53 JULY
2215 103 40 44 4,
2329 90 126 57 1885.

94 215 94 36 TIIE
225 215 232 36 NATIONAL
494 216 123 34 BANK
656 217 55 33 OF
746 217 105 34 NEW
886 229 12 22 o

243 307 221 42 ZEALAND,
496 308 210 34 LIMITED.
888 281 9 26 1

457 339 7 10 7
888 343 10 10 c

102 496 145 34 millS
284 496 124 33 BANK
437 495 65 32 will
534 494 37 32 bo
603 490 182 35 OPENED
822 494 32 28 to
871 490 2 40 i

239 568 92 35 BUY
369 566 119 35 GOLD
527 566 62 34 and
628 562 227 35 TRANSACT
890 563 8 25 t

890 621 8 23 i

101 661 217 34 GENERAL
375 657 207 35 BANKING
635 654 221 35 BUSINESS
891 684 7 18 t

101 760 35 29 at
164 753 94 45 Lyell
281 764 42 22 on
351 748 246 38 SATURDAY,
626 745 75 34 11th
732 742 124 35 JLIA.

101 842 105 34 under
218 841 54 33 the
287 840 115 37 charge
419 846 31 23 oi
467 835 54 33 the
535 832 137 34 Keefton
687 830 169 41 Manager,
892 839 6 30 }

103 933 27 34 I.
149 933 122 33 Lewis.

497 1014 51 35 \V.
572 1010 200 39 DYMOCK,

633 1103 183 35 Inspector.

1752 5543 67 33 Tke
1855 5543 64 33 will
1958 5542 34 32 of
2027 5543 260 43 Major-General
2331 5551 133 35 Charles
2470 5542 1 46 i

1712 5591 124 40 George
1868 5589 142 39 Gordon,
2042 5590 88 39 C.ll,
2159 5594 33 32 of
2219 5598 28 37 5,
2282 5597 182 37 Keckstone

1670 5662 9 20 g
1715 5638 102 36 Place,
1843 5637 250 41 Southampton,
2118 5639 71 33 who
2207 5641 72 34 died
2304 5651 31 25 at
2358 5645 84 33 Khar-

1695 5673 2 63 |
1712 5691 54 26 ton
1772 5695 42 27 111,
1852 5682 106 44 Upper
1987 5683 120 44 Egypt,
2140 5697 39 21 on
2208 5687 148 47 January
2387 5693 75 32 2Gth

1671 5722 9 20 1
1710 5732 72 37 last,
1815 5741 64 20 was
1909 5730 119 41 proved
2057 5742 35 20 in
2127 5732 137 35 London
2295 5748 42 21 on
2374 5739 90 42 April

1670 5768 7 31 ■1
1713 5776 44 37 '23
1757 5776 44 37 rd,
1826 5775 41 41 by
1885 5775 48 32 his
1961 5775 128 32 brother
2107 5776 51 33 Sir
2180 5779 116 44 Henry
2319 5782 146 35 William

1714 5821 143 40 Gordon,
1888 5821 133 38 K.C.8.,
2050 5821 54 33 the
2128 5825 94 33 value
2253 5827 37 32 of
2311 5828 54 33 the
2396 5841 51 32 per-

1714 5868 129 42 sonalty
1876 5866 96 44 being
2008 5869 103 32 under
2149 5872 117 33 i,'23QO.
2327 5875 52 34 He
2415 5877 33 33 be-

1714 5914 137 45 queaths
1869 5915 52 32 the
1940 5915 103 33 whole
2061 5917 34 32 of
2106 5917 57 34 .the
2184 5926 151 37 property
2360 5931 31 25 to
2417 5924 49 33 his

1715 5964 102 35 sister,
1837 5960 93 44 Mary
1945 5962 37 31 A.
2002 5962 143 40 Gordon,
2162 5964 49 33 for
2232 5966 58 33 her
2312 5969 65 39 life,
2402 5971 64 31 and

1670 6008 14 51 L
1698 6008 14 51 1
1726 6008 28 51 on
1785 6008 56 34 her
1874 6008 95 35 death
1996 6021 120 35 among
2144 6012 49 34 his
2221 6014 152 45 nephews
2403 6018 62 34 and

1670 6070 11 19 s
1713 6068 118 22 nieces

2531 4595 28 31 A
2588 4598 189 41 gentleman
2808 4605 34 33 in
2871 4606 137 38 London
3044 4612 58 37 has
3133 4616 34 36 in
3195 4620 53 37 his

2490 4652 182 32 possession
2697 4653 33 29 at
2753 4651 66 34 this
2841 4664 149 27 moment
3010 4672 17 20 a
3051 4662 87 34 bank
3161 4676 75 25 note

2467 4703 9 30 ;i
2490 4689 108 31 issued
2615 4690 41 43 by
2673 4692 55 33 the
2748 4695 96 34 Bank
2861 4699 36 33 of
2909 4700 81 36 N«w
3007 4704 103 37 South
3129 4695 118 52 Wales'

2467 4742 9 62 jj
2490 4736 50 29 ter
2555 4736 54 33 the
2626 4750 175 26 enormous
2816 4756 74 23 sum
2907 4748 35 32 of
2955 4751 46 32 ss.
3046 4753 33 32 It
3101 4756 27 32 is
3151 4758 99 35 dated

2468 4799 7 12 I
2555 4801 7 9 «
2576 4803 6 7 •

2533 4823 168 51 Germany
2730 4835 113 35 stands
2875 4842 34 31 at
2937 4841 55 36 the
3022 4844 85 36 head
3137 4850 34 33 of
3206 4854 44 33 all

2469 4882 8 47 j|
2492 4877 174 38 European
2684 4884 129 29 nations
2829 4894 33 20 m
2879 4885 56 32 the
2959 4895 120 27 matter
3095 4894 35 30 of
3144 4895 102 34 Roval

2475 4916 2 67 |
2493 4918 221 41 expenditure.
2739 4924 85 35 That
2837 4927 147 47 Empire,
2994 4935 79 34 with
3084 4949 18 22 a
3116 4944 114 39 popula-

2493 4968 67 29 tion
2578 4968 30 31 oi
2625 4974 58 27 not
2705 4981 89 25 more
2819 4976 79 34 than
2921 4979 190 44 45,000,000
3135 4988 59 36 has
3217 4997 33 29 to

2469 5010 10 55 |!
2493 5019 134 35 support
2658 5018 39 30 22
2720 5018 104 44 lioyal
2865 5023 159 47 Princely,
3053 5033 64 33 and
3144 5034 108 39 Ducal

2475 5059 3 58 ,
2493 5059 150 34 ianjiiies.
2661 5063 65 33 and
2743 5065 54 34 tLie
2815 5068 101 36 direct
2932 5080 69 28 cost
3024 5077 35 33 of
3073 5079 53 34 the
3144 5085 90 32 main

2495 5108 134 32 tenar.ce
2643 5107 29 34 is
2688 5112 196 43 J;3,06G>,006

2461 5199 12 45 j
2523 5192 247 44 [Continuation
2793 5202 36 32 of
2848 5203 107 44 News,
2973 5219 50 24 see
3039 5213 58 34 4th
3113 5216 111 50 Page.J

2461 5318 13 44 I;
2674 5317 185 39 BULLER
2883 5325 191 42 COUNTY.

2461 5428 1 70 '
2471 5428 3 70 ;
2499 5428 279 70 IJIENDERS
2816 5449 54 23 are
2905 5442 125 38 invite!
3067 5449 50 36 for

3153 5454 77 37 CON-

2607 5495 251 39 STRUCTION
2895 5505 37 33 of
2965 5509 62 43 (11)
3068 5513 188 43 ELEVEN

2498 5555 167 38 CHAINS
2696 5560 40 33 Ei
2739 5572 20 31 S
2762 5561 35 34 ht
2828 5565 80 37 Mile
2941 5569 93 38 Road
3063 5576 194 46 Extension.

2461 5614 3 48 *
2500 5619 101 43 Lyell.

2461 5705 2 80 j
2540 5712 142 37 Tenders
2698 5718 136 37 cleseon
2848 5722 203 51 MONDAY,
3065 5736 77 35 13th
3158 5740 101 45 July,,

2461 5776 4 52 I
2501 5776 88 40 1885,
2609 5785 33 26 at
2660 5780 18 32 4
2695 5781 132 43 o'clock,
2844 5796 80 32 p.m.

2542 5879 97 36 Plans
2679 5884 65 35 and
2782 5890 238 42 specifications
3057 5906 33 30 at
3128 5906 128 42 Count*

2461 5944 5 58 j
2501 5943 108 39 Oflice,
2627 5948 64 32 and
2709 5953 31 29 at
2759 5951 51 33 Mr
2826 5953 164 39 Fennell's
3007 5962 105 45 LyelL

2461 6018 3 55 1
2875 6019 39 35 E.
2939 6023 201 50 O'COXOR,

2884 6086 15 33 C
2912 6097 102 36 ouiity
3031 6092 13 34 (.
3057 6093 157 42 iiairiuay.
