3360 6197
191 190 59 34 AN
278 193 221 38 AMATEUR
530 199 249 38 SURVEYOR.

154 303 52 33 TIo
230 317 66 22 was
320 319 17 20 a
359 320 73 23 new
455 311 108 41 chum,
592 314 64 34 and
683 315 39 35 lie
748 318 117 44 sought

111 361 89 33 work
231 364 63 33 and
326 366 97 34 found
456 370 22 31 it
510 377 66 28 not.
636 373 46 34 To
713 374 70 34 him
812 388 36 33 ap-

111 419 160 41 proached
301 435 17 20 a
341 435 165 33 surveyor,
535 429 61 31 and
623 431 79 34 said,

113 484 56 24 use
187 487 17 22 a
224 477 173 38 theodolite
473 484 62 34 and
555 486 38 33 lie
613 488 116 43 replied
755 494 17 13 u
790 491 76 35 Yea.

113 535 114 39 \enlv,
279 537 121 41 though
427 541 53 32 the
508 553 88 21 same
621 546 38 30 lie
685 546 60 32 li.id
772 559 96 22 never

113 601 89 29 seen,
233 594 63 32 and
324 595 91 34 knew
440 604 55 27 not
523 600 88 33 what
633 603 23 31 it
684 605 105 37 might
819 606 47 32 he.

121 648 86 34 Ihen
226 651 52 33 did
297 653 53 33 the
368 666 154 32 surveyor
539 660 133 40 provide
697 661 65 32 him
789 663 75 33 with

115 718 19 21 a
150 707 174 36 theodolite
343 711 61 34 *nd
421 713 92 34 other
527 716 110 41 things
650 719 138 33 needful,
805 722 62 31 and

117 771 71 24 sent
212 766 69 31 him
304 774 56 25 out
383 769 68 31 into
475 771 53 31 the
554 772 105 34 desert
685 781 30 25 to
741 787 126 24 survey.

117 821 76 33 And
217 822 39 33 he
282 831 95 29 went,
404 827 60 31 and
490 829 76 32 with
595 830 66 33 him
689 845 17 19 a
731 845 84 27 gang
840 837 33 28 of

117 877 151 34 laborers.
313 881 71 32 And
405 882 37 32 he
459 883 50 32 did
529 887 109 40 squint
657 888 137 39 through
814 891 54 32 the

115 934 186 41 theodolite,
320 939 63 32 and
400 939 54 34 did
471 941 87 34 drive
576 955 33 21 111
626 956 76 32 pegs
718 947 73 33 here
807 949 61 32 and

118 992 100 40 theru,
243 994 63 33 and
330 995 53 33 the
402 1008 74 22 men
501 999 54 33 did
579 1001 87 33 work
692 1003 96 39 aloiuj
816 1006 54 32 the

118 1049 65 33 line
199 1051 36 33 of
247 1052 53 32 the
317 1065 86 31 pegs,
421 1055 105 33 which
546 1058 52 31 the
624 1071 88 21 same
735 1072 65 21 was
824 1062 30 32 in-

116 1113 133 29 correct.
308 1112 73 31 And
412 1113 80 32 after
519 1115 45 30 six
597 1116 104 32 weeks
732 1119 18 30 d
767 1119 18 31 d
818 1120 52 31 the

117 1176 157 34 surveyor
296 1179 101 30 come,
423 1171 62 33 and
510 1184 57 32 say
593 1179 18 11 4k
629 1174 102 34 These
755 1176 37 33 he
816 1184 56 26 not

117 1223 97 40 right.
260 1225 185 35 Wherefore
473 1230 25 30 is
530 1230 64 31 this
626 1232 73 31 thus
799 1235 72 32 And

117 1279 56 34 the
189 1281 100 43 youth
306 1282 134 45 replied,
500 1284 13 34 I
532 1285 94 34 know
781 1291 89 33 Then

117 1336 56 33 did
189 1339 53 32 the
257 1350 154 32 surveyor
424 1342 167 41 discharge
607 1345 53 32 the
672 1347 113 39 youth,
801 1348 71 31 who

118 1399 89 29 went
242 1408 93 31 away
379 1398 110 43 gladly
530 1402 73 31 With
649 1405 223 32 Government

120 1439 129 33 shekels
265 1442 32 30 in
317 1443 46 29 his
381 1444 112 38 pocket
510 1453 221 33 representing
749 1449 47 30 his
809 1460 61 30 pay

116 1484 50 33 lor
181 1485 48 33 six
252 1486 116 38 weeks,
387 1489 63 32 and
475 1491 116 41 sought
609 1493 137 31 another
772 1494 96 35 oillet,

118 1529 58 33 but
193 1531 54 31 the
266 1533 124 41 Survey
412 1535 212 41 Department
642 1538 92 31 knew
749 1540 68 30 him
831 1552 38 19 no

117 1576 348 44 more.—Wellington
485 1580 102 34 Press.

122 2019 172 36 MINING
348 2024 318 36 REGULATIONS
717 2030 156 33 UNDER

382 2070 142 35 MINES
548 2073 94 39 ACT,

162 2150 76 35 Any
253 2154 116 32 person
387 2150 205 39 discovering
602 2161 70 21 new
688 2152 74 40 gold
774 2153 81 32 work-

121 2188 67 43 ing,
213 2189 63 32 and
300 2189 96 45 being
419 2191 144 35 desirous
587 2195 35 32 of
642 2196 169 45 obtaining
835 2211 39 20 an

119 2234 169 34 increased
312 2248 73 22 area
408 2238 133 34 thereon
573 2241 83 33 shall
681 2244 90 32 mark
794 2245 45 32 off
859 2258 17 20 a

118 2282 210 41 prospecting
345 2283 106 38 claim,
469 2297 34 20 as
521 2288 154 41 provided
692 2290 32 32 in
743 2290 114 42 Regula-

119 2327 70 32 tion
206 2328 48 39 11,
271 2330 64 31 and
349 2330 81 33 shall
442 2330 224 38 immediately
678 2344 106 34 report
797 2338 77 32 snch

119 2372 170 45 discovery
325 2375 78 32 with
435 2376 58 34 lull
522 2379 192 41 particulars
752 2390 31 25 to
821 2384 54 32 the

119 2417 155 42 Warden,
298 2420 64 33 and
390 2421 54 33 the
467 2425 125 39 ground
618 2438 33 21 s©
675 2428 134 34 marked
834 2431 45 31 off

118 2464 85 35 shall
218 2464 38 35 be
274 2468 164 41 protected
454 2471 83 32 until
554 2471 55 34 the
634 2473 141 34 Warden
793 2477 82 32 shall

117 2509 83 35 kave
216 2511 115 43 finally
347 2514 127 33 refused
490 2526 36 21 or
540 2519 136 40 granted
688 2520 54 32 the
757 2521 96 33 claim
867 2533 7 28 ;

115 2554 60 37 but
206 2556 54 36 the
291 2558 142 36 Warden
458 2573 88 33 may,
577 2565 26 33 if
632 2568 37 31 he
702 2567 93 34 think
827 2570 47 38 fit,

117 2605 118 32 refrain
265 2606 83 32 from
373 2609 153 40 granting
555 2622 36 20 or
619 2612 147 40 refusing
796 2616 78 30 such

115 2649 99 33 claim
242 2652 85 31 until
351 2652 54 33 the
428 2654 126 42 ground
578 2656 84 34 shall
685 2658 83 34 have
795 2660 80 34 been

116 2695 118 36 visited
249 2697 43 45 by
308 2699 135 34 himself
454 2713 37 21 or
500 2701 42 45 by
555 2714 126 33 anyone
698 2709 176 41 appointed

113 2740 46 46 by
174 2744 82 33 him.

160 2790 131 36 Notices
301 2792 36 34 of
344 2793 43 34 all
397 2796 206 44 prospecting
614 2798 115 35 claims
740 2801 135 43 granted

117 2836 79 34 with
221 2839 59 32 lull
303 2842 193 40 particulars
513 2844 35 32 of
568 2847 142 41 locality,
735 2848 85 33 yield
842 2849 37 32 of

117 2883 87 44 gold,
221 2885 65 33 and
296 2885 197 47 description
504 2890 36 33 of
552 2892 174 45 workings,
741 2895 84 33 shall
837 2895 38 33 be

117 2931 115 42 posted
254 2932 43 42 by
320 2933 54 34 the
392 2935 141 35 Warden
549 2950 42 21 on
615 2940 53 33 the
693 2942 126 33 outside
842 2944 33 31 of

117 2977 52 32 his
185 2978 92 32 office
293 2980 50 32 for
358 2981 107 41 public
486 2984 223 34 information.

159 3023 33 34 It
207 3023 84 35 shall
307 3031 58 29 not
381 3026 37 34 be
434 3027 111 35 lawful
555 3030 49 34 for
616 3031 56 35 the
686 3033 144 34 Warden
843 3038 32 30 to

116 3075 98 38 grant
243 3083 18 22 a
286 3076 204 44 prospecting
512 3076 97 36 claim
635 3079 50 34 for
709 3093 65 31 any
804 3094 70 20 new

117 3117 170 44 discovery
317 3125 33 27 at
380 3133 19 20 a
428 3122 63 32 less
526 3123 144 35 distance
700 3128 80 32 than
813 3134 62 26 two

117 3162 96 33 miles
228 3163 84 33 from
329 3176 65 32 any
409 3168 185 44 previously
617 3171 140 43 existing
772 3174 82 32 work-

117 3207 74 43 ings
220 3208 33 33 in
280 3210 133 35 alluvial
435 3215 137 40 ground,
589 3227 60 23 nor
672 3224 29 24 V
731 3226 95 32 grant
858 3233 16 20 a

117 3255 207 43 prospecting
347 3259 95 33 claim
459 3260 49 33 for
529 3272 66 32 any
611 3274 71 22 new
710 3265 165 43 Jiscovery

117 3300 37 32 of
176 3311 19 21 a
219 3307 112 36 quarts
356 3305 70 32 reef
439 3309 32 28 at
495 3318 18 20 a
535 3307 62 32 less
622 3309 146 33 distance
794 3311 80 33 than

117 3344 68 35 half
208 3358 19 21 a
246 3348 76 33 mile
339 3355 82 29 trorn
438 3362 65 33 any
524 3353 188 46 previously
735 3357 140 41 existing

115 3398 114 36 quartz
246 3395 174 44 workings.

159 3439 110 45 Ivery
298 3445 207 42 prospecting
533 3445 96 36 claim
660 3448 95 42 shall,
794 3450 81 35 after

115 3485 98 44 being
239 3488 145 39 marked,
409 3491 38 32 be
471 3492 76 33 held
570 3494 43 42 by
636 3507 60 21 one
720 3508 79 22 man
827 3509 30 21 re-

113 3531 153 44 maining
286 3546 43 21 on
354 3535 55 33 the
435 3539 126 40 ground
585 3540 119 42 during
727 3543 147 41 working

113 3577 101 35 hours
237 3581 84 33 until
338 3581 53 34 the
412 3583 199 44 application
628 3588 27 32 is
672 3588 86 33 dealt
781 3590 92 32 with*

112 3624 79 39 and,
207 3626 28 31 if
247 3628 147 40 granted,
410 3629 56 33 the
483 3631 97 33 olaim
596 3639 99 34 must,
708 3635 109 32 unless
830 3636 42 42 by

113 3671 122 43 special
250 3673 194 42 permission
461 3675 35 33 of
508 3676 55 34 the
578 3678 153 42 Warden,
742 3680 38 34 be
794 3682 78 40 fully

113 3718 157 42 occupied
286 3720 116 33 within
418 3733 96 22 seven
531 3723 80 44 days
627 3725 83 34 from
728 3727 54 33 the
799 3729 73 32 date

114 3762 38 33 of
164 3767 107 36 grant.

157 3808 68 32 The
241 3809 143 34 Warden
399 3821 89 34 may,
505 3813 27 32 if
544 3814 40 33 he
602 3814 93 34 think
711 3816 48 40 At,
778 3823 95 37 grant

113 3862 21 24 a
144 3854 206 43 prospecting
359 3855 96 35 claim
468 3863 33 29 to
511 3859 55 35 the
574 3862 105 32 actual
692 3862 181 35 discoverer

113 3899 38 33 •f
173 3911 73 23 new
275 3902 75 41 gold
380 3904 163 42 workings
574 3909 181 42 conjointly
794 3911 77 32 with

113 3956 134 33 persons
274 3948 72 33 who
369 3949 83 34 have
470 3952 136 33 assisted
630 3955 89 32 them
743 3956 34 32 in
801 3969 52 30 pro-

112 3993 149 42 specting
298 3995 104 33 either
437 3996 79 34 with
555 4000 238 35 contributions
837 4014 35 21 or

111 4038 186 42 otherwise,
314 4053 36 20 or
366 4042 77 33 with
457 4044 94 33 other
562 4056 134 33 persons
712 4048 71 33 who
797 4060 75 32 may

113 4084 40 35 be
178 4088 190 34 nominated
390 4089 43 43 by
449 4090 54 34 the
528 4094 108 32 actual
661 4094 210 42 discoverers,

113 4132 159 42 although
296 4134 55 33 the
367 4136 70 31 said
460 4148 132 31 person*
610 4151 75 30 may
709 4146 57 27 not
790 4142 82 32 have

113 4176 82 34 been
219 4190 42 22 on
277 4179 54 34 the
347 4188 127 36 ground
489 4184 87 43 prior
594 4190 31 28 to
642 4186 54 33 the
721 4189 151 41 granting

113 4223 136 35 thereof.

156 4271 69 32 The
244 4271 143 35 Warden
404 4285 88 33 may,
508 4287 88 33 upon
608 4277 54 33 the
674 4278 196 44 application

113 4317 38 32 of
164 4329 63 31 any
244 4330 132 31 persons
391 4321 144 42 ferming
554 4336 17 19 a
590 4331 92 34 party
698 4328 34 30 of
744 4333 54 25 not
810 4329 62 31 Uss

114 4362 81 33 than
218 4364 81 39 four,
324 4369 94 37 grant
434 4370 179 39 protection
632 4370 48 32 for
703 4378 56 27 not
782 4385 88 22 more

115 4407 83 35 than
213 4408 90 34 three
327 4412 133 33 months
477 4414 47 32 for
541 4426 18 21 a
576 4417 206 43 prospecting
798 4432 73 22 area

115 4459 36 30 at
173 4468 19 21 a
214 4456 142 35 distance
380 4465 31 26 ot
427 4465 57 27 not
504 4461 61 33 less
589 4463 78 33 than
693 4471 62 27 two
778 4468 94 32 miles

116 4501 85 33 from
228 4513 65 33 any
317 4504 138 44 existing
482 4507 162 43 workings
674 4510 34 33 in
738 4513 133 35 alluvial

101 4548 153 43 •.♦ground,
272 4561 35 20 or
322 4551 35 32 in
373 4551 54 33 the
444 4564 71 21 case
532 4555 35 31 of
580 4562 111 35 quartz
709 4559 162 42 working*

101 4593 53 40 ,4>f
178 4598 58 30 not
267 4594 62 36 less
352 4597 81 34 than
458 4598 71 34 half
549 4613 17 20 a
592 4602 75 35 mile
693 4605 82 33 from
807 4620 64 27 any

101 4642 157 40 i-existing
273 4647 112 37 quartz
403 4645 161 42 workings
611 4650 158 34 Provided
784 4665 32 20 in
830 4666 41 20 no

103 4687 4 54 ,
118 4698 72 23 case
214 4687 83 35 shall
321 4701 64 34 any
402 4691 79 34 such
508 4697 203 44 prospecting
736 4711 75 24 area,
835 4701 36 35 be

103 4736 150 43 .granted
275 4738 116 34 within
414 4739 67 34 hall
497 4753 18 21 a
540 4744 74 33 mile
639 4746 35 32 of
692 4758 65 32 any
780 4750 92 34 other

119 4783 78 33 such
214 4785 206 43 prospecting
442 4799 84 22 area.
573 4785 300 46 Provided'further

105 4829 3 49 i
119 4829 71 34 that
213 4830 77 35 such
315 4834 180 41 protection
513 4836 83 34 shall
619 4839 77 38 only
719 4843 153 35 continue

104 4877 56 34 iitfL
169 4877 84 33 force
268 4879 84 32 until
368 4881 74 41 gold
458 4882 26 31 is
500 4884 120 40 struck,
634 4886 31 32 in
681 4888 106 33 which
798 4902 74 22 case

108 4922 66 38 'the
198 4922 169 47 discovery
390 4926 82 35 shall
491 4928 37 34 be
553 4934 159 41 reported,
731 4947 35 22 or
790 4938 84 34 until

106 4970 67 36 sthe
190 4971 128 34 holders
334 4985 53 20 are
404 4977 148 41 required
568 4978 42 43 by
622 4980 54 33 the
688 4982 142 34 Warden
842 4990 32 29 to

107 5016 107 36 imark
244 5029 18 21 a
287 5020 207 45 prospecting
517 5023 108 42 claim,
651 5027 30 33 in
711 5030 102 33 either
843 5032 36 33 of

108 5062 117 37 \which
242 5077 89 21 cases
347 5079 18 20 a
381 5079 85 33 prosj
481 5072 107 42 acting
611 5073 97 35 claim
731 5077 83 33 shall
837 5079 37 33 he

120 5110 134 35 marked
282 5113 63 33 and
370 5116 127 42 applied
522 5117 49 34 for
597 5132 34 20 as
659 5123 155 41 provided
841 5127 34 32 in

115 5155 201 42 •Regulation
347 5160 46 31 IT,
425 5162 64 31 and
517 5164 51 39 V.,
599 5167 64 32 and.
696 5171 178 40 protection

119 5200 85 35 shall
220 5202 179 47 thereupon
416 5219 90 23 cease
524 5222 34 20 as
574 5216 32 29 to
624 5213 53 34 the
691 5218 185 33 remainder

111 5249 46 35 ,<?f
170 5249 77 35 such
265 5254 204 40 prospecting
485 5267 84 22 area.

169 5294 28 33 It
222 5295 81 34 shall
332 5298 36 33 be
393 5299 108 35 lawful
524 5303 47 33 for
593 5305 55 34 the
674 5307 142 35 Warden
845 5315 31 28 to

113 5351 115 22 iieuew
251 5345 85 31 Ironi
361 5348 78 31 time
462 5352 32 28 to
516 5351 79 32 time
618 5352 54 33 the
696 5357 180 39 protection

124 5385 49 34 for
202 5399 18 21 a
250 5393 206 42 prospecting
489 5406 85 23 area.
621 5399 154 36 Prrvided
808 5402 70 35 that

124 5433 78 33 such
240 5438 147 33 renewed
419 5445 180 37 protection
631 5447 83 32 shall
745 5455 57 27 not
841 5450 36 33 be

124 5482 134 38 gianted
286 5484 47 33 for
356 5496 88 23 more
461 5489 79 33 titan
564 5491 91 34 three
684 5496 136 32 months
845 5502 32 27 to

125 5536 63 30 any
205 5527 87 35 time.

856 71 137 50 THE
1061 75 220 51 LYELL
1343 80 218 61 TIMES,
1628 88 364 59 SATURDAY,
2283 114 44 45 4,
2396 102 122 57 1885.

2559 5977 22 59 •f
2594 6013 6 10 ,
2680 6017 18 19 T
2751 5984 19 52 l'l
2783 6019 34 17 m-
2825 5986 18 22 a
2949 5981 191 45 Registered
3159 5994 100 36 Offiee

2539 6018 30 27 ol
2580 6013 53 33 the
2679 6016 95 41 Lyell
2937 6026 78 35 Cliff
3025 6031 117 40 Street,
3152 6038 107 36 LrelL

2538 6057 133 47 County
2688 6063 34 33 of
2733 6064 122 44 Bailer,
2874 6069 127 47 Coloaj
3018 6078 115 38 efNZ

162 1684 67 34 The
252 1685 119 46 largest
394 1699 89 23 room
509 1691 31 32 in
564 1691 55 33 the
647 1693 99 33 world
772 1695 103 33 under

118 1742 63 20 one
205 1733 71 30 roof
295 1734 67 30 ami
384 1735 167 33 unbroken
579 1738 39 40 l»y
645 1739 110 41 piil.-irs
786 1742 26 29 is
843 1749 33 24 at

119 1776 48 33 tat.
201 1776 201 44 Petersburg.
464 1782 30 32 It
532 1784 25 30 is
590 1787 59 30 (»*2O
667 1794 19 24 t.
721 1786 73 34 1oul»
834 1787 41 42 by

121 1823 48 32 120
169 1823 48 32 ft.
235 1824 33 31 iu
286 1824 145 34 breadth.
476 1828 51 39 Jiy
549 1829 148 42 daylight
714 1832 21 31 it
754 1833 25 29 is
796 1834 78 30 used

118 1867 50 33 for
184 1868 144 44 military
344 1869 153 47 displays,
515 1874 64 33 and
598 1888 18 19 a
633 1876 156 34 battalion
815 1891 57 21 can

116 1914 200 44 completely
332 1928 190 24 manoeuvre
540 1922 30 30 in
590 1921 34 33 it.

165 5632 197 37 TOWS
382 5637 298 40 PENNYROYAL
693 5646 23 32 k
731 5647 148 35 STEEL

124 5677 129 36 PILLS
272 5681 83 34 lOK
374 5684 209 38 FEMALES
604 5692 130 43 quickly
758 5703 120 26 correct

125 5724 43 52 fH
184 5724 14 52 i
212 5724 14 52 1
240 5724 180 52 regularities,
437 5734 66 33 and
520 5734 116 37 relieve
660 5738 54 34 the
731 5740 130 35 distress-

123 5770 58 41 ing
196 5780 180 36 symptoms
391 5790 35 20 so
444 5782 167 40 prevalent
631 5785 76 32 with
734 5787 54 33 the
812 5800 65 22 sex.

125 5816 105 36 Boxes
247 5820 33 32 Is
297 5821 60 42 l|d
372 5825 64 33 and
452 5828 35 31 2s
503 5828 62 40 9d.,
590 5830 35 32 of
644 5831 42 32 all
705 5832 173 42 Chemists,

123 5863 19 30 I
154 5866 131 39 lepaied
301 5868 78 40 only
396 5870 41 42 by
460 5872 39 31 E.
518 5874 35 31 T.
574 5875 120 39 Towle,
718 5878 161 35 Chemistl

127 5908 227 45 Nottingham,
379 5915 163 43 England.
590 5921 182 36 Wholesale
790 5926 35 33 of
837 5928 42 31 all

117 5954 62 33 tfhe
204 5955 181 40 Wholesale
410 5962 140 37 Houses.
595 5968 133 36 Beware
753 5971 34 35 of
812 5972 66 34 Lr»-

121 6001 147 38 iMioos.

1050 548 224 49 SANDER
1300 554 31 45 &
1359 554 147 47 SDN3'

900 599 398 50 eucalypti
1347 608 304 50 Exritnr.

945 701 175 42 (Deutsche
1154 705 83 33 M>d.
1272 707 35 33 \V
1322 707 206 36 »c*lioiise!ir*ft
1562 714 55 33 IST
1632 719 17 28 ))

908 747 124 35 Ho-Itv,
1056 750 39 31 M.
1107 752 46 33 1).,
1176 753 159 32 Professor
1352 763 28 23 ;tt
1399 755 52 32 the
1468 759 58 29 Ini
1535 768 120 27 versify

903 793 202 38 (.rreilswald,
1151 800 26 28 (}
1262 812 63 22 tiw.
1374 813 52 31 rep
1441 811 55 24 >rts
1514 813 6 22 :
1539 823 25 5 ~
1588 806 65 33 Tlio
1667 793 1 51 '

948 842 54 29 iv-.il
1014 843 61 40 qui
1105 844 130 32 jj\.,raet
1268 859 17 29 [»
1357 860 5 9 *
1376 848 9 31 I
1409 859 30 20 m
1455 851 175 35 igiirieenrd
1638 865 16 20 y

903 888 174 31 succes-itnl
1117 890 30 31 in
1188 901 75 32 very
1308 904 108 20 severe
1455 907 58 19 con
1546 897 107 35 isious,

906 931 129 40 bruises,
1047 935 138 42 sprains,
1198 938 142 39 wound-*,
1350 940 123 33 scaldiu
1484 954 38 26 js,
1535 943 117 34 broken

905 977 72 36 ribs,
989 990 40 21 an
1045 981 6 31 1
1068 982 104 33 limits.
1214 984 29 33 It
1255 985 184 43 effectually
1453 994 88 36 stays
1552 990 43 32 all
1607 991 30 33 in-

906 1023 17 33 li
937 1027 171 33 imiiiatioii
1125 1028 63 33 and
1206 1032 155 38 swelling.
1409 1034 85 38 Also,
1520 1037 53 31 tliu
1592 1049 46 20 ser-

907 1070 81 32 vices
1006 1071 64 34 den
1077 1074 58 33 veil
1152 1076 83 33 from
1248 1078 22 32 it
1283 1079 30 31 in
1331 1079 42 32 all
1383 1079 160 34 disorders
1556 1083 36 31 of
1602 1084 51 32 the

907 1117 189 44 respiratory
1110 1133 127 27 organs,
1251 1135 35 20 as
1296 1135 108 32 croup,
1420 1126 171 40 diptiieria,
1608 1130 44 31 in-

906 1161 18 32 H
939 1166 169 33 immation
1140 1170 31 30 ot
1196 1168 53 33 the
1277 1169 167 35 bronchial
1471 1173 91 34 tubes
1592 1176 63 32 and

906 1207 104 41 lungs,
1028 1212 130 33 chronic
1183 1217 141 36 catirrii,
1344 1218 187 35 bronchitis,
1555 1222 99 36 colds,

906 1256 64 37 &c.,
988 1267 52 22 are
1058 1264 56 27 not
1138 1265 30 28 to
1187 1260 35 34 be
1240 1263 148 42 equalled
1413 1264 40 45 by
1476 1277 64 33 any
1564 1268 92 34 other

908 1303 229 35 medicament.

941 1360 155 45 Sander
1129 1364 81 43 and
1248 1364 114 46 Son's
1403 1368 217 57 Eucalypti

1197 1417 181 43 Extract.

948 1463 115 40 Lister,
1089 1465 101 39 M.1).,
1215 1469 174 38 Professor,
1514 1472 142 40 London,

908 1509 54 32 the
981 1510 144 40 Leading
1148 1523 137 29 surgeon
1303 1517 30 30 ot
1352 1517 52 31 the
1423 1526 128 33 present
1569 1526 87 31 time,

908 1554 105 32 stated
1029 1563 32 24 at
1078 1556 53 32 the
1148 1557 60 33 last
1232 1561 144 40 meeting
1391 1568 30 26 ot
1446 1563 52 33 the
1522 1564 136 35 Clinical

910 1601 136 42 Society,
1058 1603 146 40 London,
1214 1617 35 20 as
1265 1606 169 42 published
1446 1622 29 19 .n
1488 1615 27 27 (r
1527 1612 133 32 iillard\s

911 1648 50 31 Me
976 1648 71 31 lic.il
1070 1649 104 32 Journ
1187 1651 31 33 il,
1236 1651 34 32 th
1284 1659 23 25 it
1323 1653 53 33 the
1402 1655 171 45 Eucalypti
1600 1658 38 33 Ex-

910 1699 81 27 tract
1007 1694 25 31 is
1049 1694 53 32 the
1122 1696 66 32 best
1204 1697 118 33 known
1347 1702 170 40 antiseptic
1536 1712 124 32 (means

909 1740 31 30 ot
957 1741 190 41 preventing
1163 1745 239 40 p:itretaction).

933 1794 155 45 Sander
1127 1798 82 42 and
1256 1794 96 68 Son'
1376 1794 24 68 3
1424 1794 214 68 Eucalypti

1191 1850 182 48 Extract.

951 1900 184 43 (American
1155 1902 138 36 Me.;ical
1305 1906 148 42 Journal,
1468 1911 193 41 November,

912 1948 97 34 ISBII.
1061 1948 37 32 11l
1115 1948 141 36 diseases
1271 1954 32 31 ot
1327 1953 53 33 the
1403 1954 132 44 kuluev,
1559 1959 104 33 either

909 1993 103 33 active
1029 1997 187 39 congestion
1230 2010 36 19 or
1275 2003 208 38 suppression
1502 2006 157 39 (uraemia)

909 2039 42 31 all
967 2038 228 43 albuminuria,
1213 2042 129 44 dropsy,
1360 2045 150 41 lithiasis,
1529 2051 134 40 nothing

910 2085 63 33 will
990 2086 94 44 equal
1101 2098 32 22 in
1152 2088 40 33 its
1204 2090 106 35 action
1330 2091 175 49 Eucalypti
1519 2081 142 52 Extract!

912 2133 111 37 Doses,
1054 2134 62 32 live
1146 2140 32 26 to
1209 2137 89 38 eight
1331 2138 97 44 drops
1456 2144 33 31 in
1528 2156 17 20 a
1582 2145 80 33 little

909 2179 182 32 sweetened
1121 2186 99 28 water
1250 2185 91 32 twice
1375 2198 36 21 or
1440 2188 90 35 three
1569 2190 94 35 times

909 2224 98 42 daily.

934 2281 155 45 Sander
1130 2284 81 44 and
1266 2286 114 47 Son's
1421 2290 219 59 Eucalypti

1198 2339 182 46 Extract.

952 2387 109 42 (From
1076 2389 172 35 American
1263 2394 139 33 Medical
1413 2396 149 40 Journal,
1576 2400 19 32 J
1600 2413 39 20 ;m
1645 2427 18 11 .,

912 2434 102 40 1882).
1060 2434 15 32 1
1087 2435 91 41 itzer,
1214 2438 101 41 M.1).,
1343 2441 164 35 Professor
1536 2446 127 37 'lheorv

908 2479 66 32 and
992 2481 145 33 Practice
1150 2486 31 29 ot
1202 2485 168 36 Medicine,
1385 2490 174 33 American
1576 2494 65 31 Med-

909 2525 62 32 ical
988 2526 141 41 College,
1147 2539 95 33 says:
1249 2532 70 33 —lt
1337 2532 25 33 is
1377 2534 53 34 the
1448 2533 69 36 best
1531 2539 132 36 remedy

910 2571 118 34 known
1051 2573 32 33 in
1110 2577 267 41 tvphomalarial,
1402 2584 136 40 typhoid
1567 2586 96 38 fever,

908 2619 186 41 erysipelas,
1107 2621 163 43 diphtlieri
1283 2637 18 26 i,
1316 2627 114 32 scarlet
1448 2629 93 38 fever,
1555 2631 90 33 small-

908 2673 73 34 pox,
998 2665 66 40 &c.|
1089 2667 25 33 it
1136 2668 186 39 effectually
1340 2673 123 34 retards
1487 2675 55 33 th«
1568 2676 79 35 disin-

907 2711 162 41 tegration
1106 2717 31 29 ot
1167 2717 55 30 the
1253 2719 122 32 animal
1413 2720 107 35 fluids,
1559 2725 105 33 which

908 2767 32 21 m
945 2758 69 40 inht
1030 2760 101 33 lesult
1147 2761 33 34 in
1201 2775 17 21 a
1242 2766 127 38 general
1395 2766 216 49 breaking-up
1635 2774 32 32 of

907 2804 55 33 the
981 2806 94 33 blood
1092 2809 65 32 and
1173 2810 32 31 in
1223 2810 110 34 death.

932 2860 156 49 Sander
1136 2866 82 46 and
1261 2867 114 47 Sdu's
1425 2871 218 60 E'.icaly.)ti

1188 2921 181 47 Extract.

951 2970 111 35 (From
1105 2973 45 32 St.
1199 2977 97 30 Louis
1341 2979 138 33 electric
1527 2980 135 35 M-dicaJ

907 3014 148 41 Journal,
1094 3017 90 38 J)ec.,
1224 3022 104 41 1881).
1342 3043 36 4 —
1390 3027 123 33 Cancer
1542 3030 34 30 of
1612 3029 52 34 the

909 3062 318 43 Tongue—Patient,,
1249 3071 75 32 Mrs.
1497 3101 5 5 .
1578 3088 32 21 /P
1637 3089 27 20 r>

908 3109 64 33 old.
1031 3111 165 35 Evidence
1287 3118 137 32 scrot':do
1431 3132 34 19 us
1498 3121 165 34 liiatuesis.

909 3155 15 30 1
936 3157 136 31 lesciibe
1088 3158 6 30 1
1119 3161 71 29 tour
1218 3161 96 42 drop-;
1333 3172 29 22 to
1388 3164 35 32 be
1449 3174 10 22 t
1472 3167 72 32 ikeu
1574 3169 89 33 three

908 3201 95 32 times
1031 3203 87 41 daily
1136 3214 7 27 ;
1169 3206 77 39 also,
1276 3215 118 32 tongue
1428 3214 114 31 wetted
1575 3215 88 33 three

908 3247 95 33 times
1055 3250 78 32 with
1183 3254 55 30 the
1289 3255 174 44 Eucalypti
1521 3261 140 33 'vvtraci.

908 3292 136 33 Treated
1068 3307 35 19 as
1127 3296 100 34 nbove
1258 3300 48 31 for
1336 3302 72 32 four
1439 3305 115 39 w.-eks
1585 3308 77 32 ti.teii

907 3337 190 42 discharged
1114 3344 106 32 cured.

951 3395 41 38 (J.
1036 3396 39 34 If.
1115 3399 145 46 liiittley,
1308 3405 100 38 M.1).,
1456 3408 94 41 Prof.,

907 3443 405 45 Philadelphia).—Since,
1329 3453 31 31 in
1388 3454 51 32 the
1462 3468 69 21 case
1555 3459 35 31 of
1614 3461 49 29 Mr

908 3490 134 38 Mercer,
1059 3494 35 29 of
1112 3494 138 38 Keran;,
1270 3497 70 31 who
1358 3499 19 31 h
1392 3500 120 34 idb-en
1530 3503 131 34 advised

906 3535 40 40 by
975 3536 54 33 the
1065 3538 137 34 Medical
1227 3554 17 18 o
1261 3543 88 32 liccrs
1376 3549 31 28 <>t
1430 3548 53 32 the
1518 3550 67 32 Den
1601 3551 60 39 lij'o

907 3581 149 44 Hospital
1076 3590 31 27 to
1126 3586 81 33 have
1226 3588 49 32 his
1293 3597 117 31 tongue
1424 3597 162 34 re.-it>ved,
1597 3598 63 31 like

905 3628 149 41 splendid
1071 3632 117 32 results
1206 3633 81 33 have
1298 3638 143 32 attained
1451 3640 139 43 through
1606 3645 54 31 the

905 3673 196 43 application
1119 3678 34 31 of
1166 3678 54 33 the
1237 3679 174 47 Eucalypti
1432 3685 144 36 Extract.

930 3730 81 44 San
1018 3732 67 44 dor
1258 3737 113 45 Son's
1420 3742 217 56 Eucalvpii

1187 3791 181 42 jjxtraci..

976 3846 68 22 iout
1068 3836 55 33 the
1148 3838 136 36 Clinical
1308 3843 134 39 liecord,
1467 3849 35 31 of
1522 3849 135 40 August.

907 3881 103 41 1881).
1085 3885 145 40 Surgical
1268 3888 103 34 Clinic
1415 3894 34 29 of
1493 3896 62 31 Pro
1572 3908 86 20 essor

907 3926 33 32 M
944 3930 6 13 4
959 3926 121 43 lntyre,
1118 3931 128 41 College
1283 3935 35 31 of
1359 3936 192 42 Physicians
1595 3954 41 20 an
1652 3943 5 31 1

906 3973 172 41 Surgeons,
1094 3976 46 32 St.
1159 3977 290 39 Lou;s—Scirrhus
1460 3986 34 31 of
1504 3986 114 34 Breast

905 4018 174 34 Excision:
1099 4022 173 45 Eucalypti
1289 4026 135 36 Extract
1440 4033 173 41 employed
1626 4047 33 19 as

905 4076 107 32 spray,
1043 4068 64 33 and
1136 4068 156 47 dressing.
1339 4075 100 39 Eight
1467 4078 80 42 days
1579 4082 81 31 after

904 4113 167 40 operation
1091 4115 179 35 Protessors
1287 4121 25 29 iJ
1326 4132 68 21 uier
1409 4123 63 32 and
1495 4125 163 37 M'tntyru

905 4158 96 32 noted
1046 4160 53 33 the
1143 4162 165 43 following
1352 4168 165 35 condition
1612 4174 46 31 No

905 4204 154 41 swelling,
1077 4207 75 33 heat
1168 4221 35 20 or
1219 4210 238 40 discoloration,
1477 4228 77 22 near
1574 4230 35 21 or
1627 4222 32 30 in

905 4250 54 32 the
982 4252 129 40 wound,
1136 4254 102 34 which
1265 4257 59 33 ha-;
1341 4260 111 34 united
1477 4263 80 38 tully
1572 4274 6 30 ;
1605 4266 53 33 tin

903 4296 124 43 patient
1042 4299 135 36 allowed
1194 4309 31 27 to
1242 4307 112 31 attend
1368 4317 29 22 to
1411 4308 58 33 her
1479 4311 40 30 ho
1535 4313 101 31 iseiiol
1651 4315 7 29 I

904 4343 104 31 duties
1026 4346 105 38 again.

927 4386 155 49 Sandsr
1131 4393 80 45 and
1254 4396 115 47 Son's
1418 4399 220 57 Eucalypti

1181 4448 183 47 Extract.

946 4508 147 41 (Clinical
1124 4511 136 39 Record,
1293 4517 88 41 Sept.
1415 4520 104 35 1880).
1540 4524 120 32 —The

903 4553 172 35 American
1112 4557 104 34 medic
1228 4560 21 32 tl
1288 4564 179 40 protessiou
1506 4578 83 27 uses,
1630 4571 29 33 in

903 4612 138 30 gouoriM
1057 4616 17 19 e
1086 4615 20 24 i,
1131 4616 35 21 as
1181 4617 42 20 an
1248 4607 165 42 injection,
1432 4624 42 21 an
1498 4616 162 33 emulsion

903 4647 34 30 ot'
964 4656 60 23 one
1047 4659 105 23 ounce
1174 4661 77 33 gum
1281 4654 126 41 Arabic,
1435 4658 33 33 in
1496 4661 40 32 30
1564 4673 35 22 or
1622 4664 38 32 40

903 4703 120 26 ounces
1038 4695 36 34 of
1087 4703 108 33 water,
1214 4699 128 45 appliel
1361 4703 69 35 four
1448 4707 96 35 times
1561 4710 101 45 daily.

905 4741 99 42 Eight
1028 4743 96 43 drops
1147 4745 71 41 give
1234 4759 8 20 i
1261 4749 169 42 iuwarlly,
1455 4765 80 23 once
1561 4757 99 41 daily,

906 4797 150 33 prevents
1072 4791 185 44 effectually
1274 4799 259 36 contamination
1551 4804 37 33 of
1608 4805 54 35 the

905 4834 97 34 blood
1018 4836 33 33 in
1069 4838 67 32 foul
1154 4839 135 35 disease.

1112 4930 349 42 CAUTION.

931 4986 156 46 Sander
1135 4990 81 44 and
1260 4991 113 48 Son's
1423 4996 221 61 Eucalypti

1202 5043 183 49 Extract,

950 5094 60 37 (St.
1035 5094 87 33 Lous
1145 5095 137 36 Clinical
1300 5100 135 39 liecord,
1459 5105 76 34 Jan.
1562 5110 103 34 1882).

907 5140 187 38 —Hazard,
1121 5142 88 31 M.D.
1235 5144 75 32 Prof
1343 5146 37 32 of
1400 5149 181 43 Pathology
1604 5155 64 33 and

908 5184 152 35 Diseases
1082 5187 37 33 of
1138 5187 54 34 the
1218 5189 103 39 Mind,
1354 5200 119 30 states:
1501 5181 68 52 w7
1585 5200 81 35 have

909 5232 172 33 examined
1103 5234 71 32 half
1192 5247 19 20 a
1227 5237 101 33 dozen
1347 5242 182 40 specimens
1545 5247 35 32 of
1601 5249 42 32 Eu-

909 5277 120 44 calypti
1041 5279 146 34 Extract.
1218 5282 151 35 Sander's
1381 5298 117 34 prepar
1508 5291 81 35 ition
1603 5306 65 22 was

910 5324 54 32 the
1007 5327 79 40 only
1129 5339 61 21 one
1227 5329 108 35 which
1378 5340 214 40 corresponds
1635 5346 32 28 to

910 5371 157 33 scientific
1084 5376 89 30 tests.

952 5428 185 36 Directions
1152 5438 48 27 tor
1215 5444 55 23 use
1287 5435 79 33 with
1384 5439 77 33 each
1480 5440 110 37 bottle.

933 5522 285 33 SANDER
1269 5527 136 33 AND
1456 5532 171 39 SONS
1639 5542 7 10 1

1106 5569 194 42 Sandhurst,
1348 5574 123 38 ictoria.

967 5659 289 37 DUNCAN
1324 5666 153 39 MLE
1362 5666 38 39 4
1502 5674 80 36 AN
1599 5704 8 13 ,

1117 5721 117 44 Agent,
1249 5724 86 44 Grey
1340 5727 123 36 mouth.

2023 245 93 32 THE

1690 331 366 78 LYELL
2104 338 340 76 TIMES

1828 472 120 35 NEWSP
1950 485 39 22 AP
1993 485 17 22 E
2016 486 19 22 R
2058 488 41 22 AX
2104 489 19 21 D
2149 478 95 33 GENE
2250 489 39 23 RA
2293 490 17 21 L

1710 563 98 46 JOB
1865 565 281 49 PRINTING
2207 571 212 55 OFFICS,

1830 667 117 38 Cliff
1985 667 153 51 Stiieet,
2170 671 135 39 Lri.i.i..

1694 855 437 55 LSTr3LI-PUESS
2156 863 288 50 PRINIINGr

2051 984 38 23 OF

1815 1062 153 37 EV2IIY
2020 1067 304 37 DESCRIPTION

2052 1171 35 22 IN

1691 1244 249 43 N3ATSST
1964 1250 168 41 STYLE
2160 1253 32 39 &
2216 1254 231 42 NEWEST

1945 1336 253 41 D3SIGNS.

1695 1510 205 36 IHLA.NCE
1926 1515 174 35 SHEETS

1776 1604 113 35 CALL
1912 1608 254 37 CIRCULARS

1859 1698 222 37 BUSINESS
2105 1703 254 36 CIRCULARS

1942 1792 174 35 MINING
2140 1797 128 32 SCUIP

2027 1886 195 37 RECEIPT
2247 1891 143 35 HOOKS

2179 1983 276 36 BILL-HEADS

1780 2066 229 46 Prospectuses

1863 2161 176 36 Handbills

1945 2256 157 35 Business
2119 2260 100 35 Cards

2155 2354 98 33 Show
2270 2356 101 33 Cards

1802 2438 73 34 And
1891 2451 98 30 every
2004 2442 94 35 other
2114 2444 198 46 description
2328 2451 35 31 of

1695 2525 28 76 J
1756 2525 109 74 0.8
1972 2530 485 76 PRINTING

2009 2656 40 24 ON
2080 2657 66 26 THI

1865 2737 234 38 SHORTEST
2124 2742 164 38 NOTICE

2008 2844 64 24 AND
2108 2846 39 24 AT

1731 2923 367 52 WESTPORT
2176 2931 247 53 PRICES.

1912 3133 47 32 To
1988 3135 246 37 Advsktlssrs.

1700 3211 40 30 A**
1771 3221 40 22 an
1844 3212 208 43 Advertising
2080 3216 145 34 Medium
2256 3219 52 33 the
2341 3220 114 34 Lyell

1702 3272 100 32 limss
1820 3274 24 30 i«
1862 3286 60 20 one
1939 3276 34 31 <»£
1989 3276 52 32 tha
2054 3276 68 33 best
2141 3280 28 29 in
2184 3279 53 32 the
2258 3292 197 34 up-country

1697 3333 152 42 districts,
1868 3337 40 31 its
1921 3337 191 36 «irciil,itioii
2130 3340 95 43 being
2246 3343 86 41 large
2349 3344 34 34 in
2402 3346 53 33 the

1697 3398 163 35 loilo»Tiiii*
1898 3400 31 44 pi
1942 3403 304 47 ice-,Township
2280 3408 36 33 of
2350 3408 105 45 Lyell,

1695 3462 21 30 L
1731 3463 141 34 iL'iiDUM,
1889 3464 92 42 Lyell
1996 3473 12 24 l
2022 3467 86 39 reolc,
2125 3468 79 32 Xevr
2216 3471 112 35 Creek,
2344 3472 112 43 Upper

1837 3526 84 32 Fjr.t
1940 3528 17 31 L
1969 3528 54 38 Lit,
2042 3530 133 33 Central
2194 3532 123 41 Duller,
2347 3535 85 41 Long-

1695 3587 47 32 for
1757 3587 18 37 I,
1796 3589 198 40 iUurchisou,
2029 3592 69 33 Mit
2110 3593 126 40 ikitaki,
2255 3596 198 42 InangihuA

1693 3648 18 32 J
1724 3649 137 36 motion,
1893 3652 172 45 NVestport,
2095 3655 149 41 lieefton,
2274 3659 66 34 and
2362 3661 95 35 other

1694 3723 122 28 cenire.i
1831 3716 58 34 _of
1929 3717 192 43 population
2169 3733 43 21 on
2258 3722 56 33 the
2364 3725 92 35 West

2019 3779 107 34 Coast.

1809 3864 52 30 f■
1871 3864 4 30 *

1914 3934 47 32 T*
1989 3936 241 38 Subscrijsrs.

1702 4008 60 33 The
1780 4009 111 35 Lizll
1907 4014 108 33 Timss
2039 4018 149 34 contains
2204 4021 55 34 the
2277 4022 96 36 latest
2390 4026 65 33 atul

1735 4084 85 23 inosu
1849 4076 133 35 tollable
2014 4091 88 22 Mews
2131 4085 32 31 of
2203 4086 43 32 all
2285 4090 128 32 imnins*

1777 4142 134 28 matter*
1933 4139 36 34 in
1986 4141 53 34 the
2069 4143 92 45 Lyell
2177 4147 64 34 and
2262 4148 109 45 Upper

1797 4200 112 34 liitller
1926 4203 152 37 Districts
2094 4209 65 32 and
2187 4210 54 33 the
2259 4211 91 34 West

1816 4262 99 35 Coast
1923 4268 168 45 generally
2100 4272 230 41 togetherwith

1838 4326 43 32 all
1905 4330 131 39 general
2055 4342 86 23 news
2157 4334 36 33 of
2222 4347 64 22 com-

1859 4391 133 33 mercial
2008 4393 198 45 imporauce,
2225 4398 65 35 and

1882 4453 27 31 is
1921 4454 157 35 therefor®
2088 4470 17 20 a
2116 4459 149 36 valuable

1900 4527 114 23 source
2039 4520 36 31 of
2098 4529 150 27 accurate

1915 4577 213 39 information
2137 4589 32 28 to
2179 4585 55 35 the

1944 4643 130 44 mining
2086 4647 23 32 k
2123 4657 61 25 mer-

1965 4710 118 33 cantile
2101 4723 63 23 com-

1993 4757 167 35 munities.

1700 4905 68 34 The
1784 4905 106 34 Timxs
1906 4906 27 35 is
1956 4908 173 44 published
2152 4925 99 33 every
2279 4917 176 47 Saturday,

1997 4986 35 29 at
2048 4983 17 33 7
2082 4995 77 23 a.m.

1703 5137 117 33 Orders
1832 5138 48 32 for
1892 5138 62 32 Job
1966 5139 150 45 Printing
2129 5154 35 22 or
2176 5144 283 42 Advertisements

1701 5200 42 44 by
1759 5206 72 39 post
1843 5212 38 22 or
1896 5201 166 46 telegraph
2091 5205 66 35 will
2183 5210 123 34 receive
2329 5222 132 36 prompt

1994 5267 174 36 attention.

1708 5435 161 73 The
1915 5436 232 89 Lyell
2196 5441 262 76 Times

2048 5600 68 23 AND

1742 5698 209 33 CENTRAL
1989 5698 184 34 DULLER
2212 5702 206 37 GAZETTE

1995 5819 174 27 general

1703 5913 103 47 JOP
1865 5913 290 50 PRINTING
2227 5919 231 62 OFFICE,

1868 6033 132 34 CLIFF
2032 6034 59 33 ST.
2137 6035 159 37 LYELL.

2589 264 99 38 THE
2716 261 164 38 STAMP
2907 261 105 47 ACT,
3041 263 103 38 1875.

2488 384 55 58 p
2556 381 201 40 AUTIOX.
2763 380 277 37 —Transferors
3057 381 69 37 and
3137 387 33 30 tr
3181 396 63 24 ans

2598 436 53 39 fer
2670 437 72 37 fees
2761 435 36 38 in
2811 432 79 53 gold
2913 432 137 50 mining
3062 433 68 39 and
3144 434 102 40 other

2485 490 201 49 companies
2717 488 70 38 and
2821 487 166 38 societies
3018 500 60 23 are
3107 490 140 36 warned

2485 544 134 44 against
2649 542 191 48 executing
2869 553 66 34 any
2977 540 217 38 instrument
3213 542 38 37 of

2485 598 69 34 sale
2575 610 37 22 or
2634 596 153 38 transfer
2808 599 118 33 unless
2944 594 59 36 the
3017 606 103 23 name
3135 598 33 32 of
3189 594 59 38 the

2488 649 188 47 purchaser
2712 663 38 23 or
2787 649 200 37 transferee
3028 645 29 38 is
3090 648 158 37 iuserted

2486 703 134 35 therein
2658 712 37 26 at
2733 717 39 21 or
2804 704 120 34 before
2959 700 61 36 the
3057 710 189 27 execution

2486 755 143 42 tbneof,
2654 768 20 24 a
2695 754 187 38 maximum
2918 752 144 45 penalty
3082 759 34 30 of
3147 755 26 34 £
3186 755 62 34 LOO

2487 811 106 32 under
2641 809 135 35 section
2823 809 75 39 10:],
2944 807 104 42 being
3083 806 162 36 incurred

2486 862 157 44 thereby.
2695 861 81 47 Anj
2792 861 84 34 such
2893 860 228 42 instrument,
3138 872 84 23 more-

2486 927 94 30 over,
2600 928 37 20 so
2655 912 120 47 siloed
2797 912 28 37 is
2857 912 201 46 absolutely
3079 912 79 36 void
3178 913 69 36 and

2486 966 229 47 inoperative,
2747 966 68 36 and
2844 966 83 35 does
2955 970 63 30 not
3038 964 118 37 divest
3189 964 59 37 the

2488 1023 193 32 trar.sfrror
2700 1019 38 36 of
2770 1019 52 36 his
2839 1019 150 36 interest
3009 1016 152 45 therein,
3179 1018 69 37 and

2488 1072 40 35 he
2549 1074 148 33 remains
2717 1072 104 35 liable
2842 1073 147 33 thereon
3010 1084 37 21 as
3067 1070 30 35 if
3123 1071 40 34 he
3184 1070 64 39 had

2489 1136 103 23 never
2612 1124 165 48 disposed
2797 1127 32 32 ol
2865 1122 60 37 the
2945 1136 107 23 same.
3121 1122 34 37 If
3190 1123 59 37 the

2488 1179 195 32 transferor
2717 1178 40 35 be
2778 1190 18 22 a
2830 1176 155 36 licensed
3013 1175 237 38 sharebroker

2490 1229 48 34 his
2559 1229 129 36 license
2723 1229 28 37 is
2784 1228 168 38 forfeited
2984 1241 45 24 on
3049 1228 201 39 conviction

2487 1285 64 32 and
2573 1283 191 36 thereafter
2795 1283 41 36 he
2856 1283 28 34 is
2913 1282 221 49 disqualified
3166 1283 89 38 from

2488 1335 117 43 actiug
2637 1349 37 22 as
2708 1349 18 22 a
2747 1335 129 36 broker
2895 1347 39 24 or
2965 1338 89 33 frout
3092 1334 125 44 having
3238 1350 19 23 a

2585 1370 126 13 C
2837 1370 127 13 5
3090 1370 126 13 o

2490 1387 90 34 iresh
2603 1387 130 35 iicensc
2747 1388 117 34 issued
2884 1395 37 26 to
2938 1389 30 32 hi
2975 1400 44 22 hi.

2582 1515 304 36 POSTAGE
2937 1515 224 39 KATES.

2715 1661 107 26 TOWJT
2852 1660 176 27 LETTERS.

2537 1700 132 37 Posted
2702 1708 37 30 at
2766 1714 68 35 any
2869 1702 85 36 Post
2989 1702 111 37 Office
3137 1703 122 39 witkia

2491 1763 58 36 the
2568 1764 123 49 colony
2712 1768 54 33 for
2785 1765 157 48 delivery
2959 1771 36 31 at
3014 1780 39 21 or
3066 1767 91 36 from
3172 1770 87 35 such

2493 1825 83 38 Post
2598 1827 111 38 Office
2730 1842 56 23 :

2495 1895 65 38 Not
2580 1898 193 47 exceeding
2792 1897 72 38 half
2883 1912 43 24 an
2945 1912 116 26 ounce
3126 1932 37 9 ...
3220 1904 42 37 Id

2496 1952 197 44 Exceeding
2713 1952 74 37 half
2802 1966 43 23 an
2865 1966 126 32 ounce,
3022 1956 64 35 but
3104 1962 65 29 not

2537 2004 193 43 rxeeeding
2749 2017 68 24 one
2836 2018 115 24 ounce
3126 2038 37 8 ...
3216 2010 47 36 2d

2495 2055 64 38 Vvr
2578 2069 105 38 every
2707 2057 73 38 half
2796 2071 114 25 ounce
2929 2073 82 24 over
3031 2074 67 24 oae
3128 2093 37 9 ...
3220 2064 44 37 Id

2686 2138 177 27 COUNTRY
2883 2140 176 28 LETTERS,

2543 2177 123 39 Posted
2688 2187 36 29 at
2742 2194 68 34 any
2841 2187 81 40 post
2940 2182 100 38 office
3060 2184 122 38 withiu
3204 2185 60 39 the

2491 2254 39 23 co
2548 2255 65 36 otiy
2653 2245 52 34 for
2743 2243 158 50 delivery
2932 2252 38 31 at
3003 2260 40 23 or
3074 2248 90 38 from
3197 2263 68 37 any

2491 2307 103 35 other
2608 2315 75 39 post
2700 2307 99 37 office
2821 2308 123 38 within
2965 2309 60 38 the
3041 2314 129 48 colony
3185 2329 57 22 :

2496 2373 70 36 Not
2585 2377 193 45 exceeding
2798 2376 71 37 half
2888 2392 43 23 an
2953 2394 115 24 ounce
3127 2413 34 11 ...
3217 2385 43 36 2d

2497 2427 196 49 Exceeding
2714 2429 73 38 half
2803 2443 42 24 an
2867 2445 124 34 ounce,
3011 2434 63 37 but
3105 2440 65 33 not

2538 2483 191 47 exceeding
2744 2495 67 23 one
2830 2496 115 25 ounce
3126 2519 37 9 ...
3217 2490 45 37 4d

2496 2530 66 38 For
2596 2548 103 34 every
2730 2535 76 38 half
2837 2550 115 26 ouace
2982 2553 86 24 over
3102 2556 68 24 one

2539 2599 18 21 ®
2563 2599 90 23 unce
2747 2618 36 9 ...
2937 2621 37 9 ...
3127 2624 37 10 ...
3218 2597 45 37 2d

2644 2681 239 28 i-USTEi.LtAX
2909 2684 200 30 COLONIES.

2496 2739 72 40 Not
2586 2744 192 49 exceeding
2798 2744 76 41 half
2896 2761 44 25 an
2959 2762 115 27 ounce
3127 2784 38 10 ...
3217 2756 47 37 2d

2496 2795 198 46 Exceeding
2712 2797 77 39 half
2814 2813 44 23 an
2878 2813 125 35 ounce,
3024 2804 65 37 but
3107 2811 64 32 not

2538 2852 193 45 exceeding
2750 2865 67 25 one
2836 2867 115 27 ounce
3128 2891 36 9 ...
3218 2863 47 39 H

2496 2900 67 37 For
2596 2917 103 36 every
2731 2904 75 39 half
2837 2920 115 26 ounce
2987 2922 85 26 ever
3102 2926 69 25 ©ne

2539 2968 18 22 ®
2563 2968 68 25 UDC
2634 2970 19 23 «
2746 2986 39 12 -
2935 2990 40 12 ...
3126 2996 38 11 ...
3217 2968 47 39 24

2519 3048 172 28 KNtiLJJTD
2718 3052 76 25 AND
2822 3052 169 29 FORHIGX
3009 3056 227 32 COUNTRIES.

2705 3125 69 38 Per
2792 3127 94 38 Half
2914 3128 141 40 Ounce.

2498 3175 129 37 United
2654 3177 190 47 Kingdom,
2876 3181 55 36 via
2959 3186 70 33 San
3057 3184 90 37 Fran-

2538 3239 94 25 cisco
2651 3228 70 37 and
2747 3231 90 36 Suez
3127 3261 41 10 ...
3220 3241 46 36 gj

2498 3278 129 36 United
2665 3281 120 37 States
2818 3282 40 37 of
2898 3283 179 49 America,
3119 3288 54 38 via

2540 3334 66 33 San
2631 3332 194 40 Francisco
3130 3371 39 10 ...

2493 3384 184 39 Sandwich
2697 3385 154 50 Islands,
2880 3388 55 41 via
2969 3390 71 40 San
3058 3391 91 42 Fran-

2540 3451 94 24 ceo
2937 3475 36 9 ...
3126 3479 39 10 ...
3218 3453 49 37 C
3269 3451 2 39 4

2495 3489 181 38 Canadian
2720 3492 227 50 Dominions,
2990 3497 56 38 via
3102 3499 72 40 San

2543 3542 193 40 Francisco
2938 3582 37 7 ...
3221 3558 46 37 $4

2499 3596 129 36 British
2650 3598 190 40 Columbia
2938 3633 37 10 ...
3130 3638 37 10 t##
3231 3610 15 37 ]
3251 3624 18 25 a

2499 3647 100 38 West
2620 3649 122 40 Jndies
2936 3687 36 9 ...
3229 3665 19 36 |
3252 3679 16 21 g

2495 3701 153 45 Mexico,
2668 3704 53 36 via
2737 3705 69 36 San
2828 3706 196 41 Fraacisce
3126 3743 38 10 ...
3228 3718 39 35 J»

2494 3754 147 35 Central
2666 3757 165 37 America
3126 3794 38 9 ...

2494 3805 111 45 South
2625 3807 176 48 America,
2818 3808 55 40 via
2888 3810 69 40 San
2975 3812 193 44 Francisc#
3228 3824 39 36 la

2750 3889 263 32 iiwsfapers.

2499 3943 125 38 Posted
2660 3958 20 23 a
2728 3958 69 33 any
2828 3948 100 38 office
2961 3950 124 40 within
3113 3953 62 40 the

2539 3997 125 50 colony
2684 4006 56 30 tor
2755 4000 159 52 delivery
2933 4009 38 31 at
2997 4003 61 40 the
3076 4019 96 28 same

2938 4088 36 8 ...
3126 4087 40 10 ...

2498 4102 126 37 Posted
2656 4113 37 26 at
2723 4117 71 36 any
2824 4106 100 38 office
2956 4108 126 40 within
3109 4113 63 38 the

2539 4155 125 49 colony
2683 4156 55 37 for
2757 4157 155 51 delivery
2931 4168 39 30 at
2983 4176 69 36 any
3068 4165 106 40 ether

2540 4207 97 37 office
2657 4209 120 36 within
2797 4210 61 38 the
2876 4213 130 49 colony
3130 4250 38 9 ...
3222 4224 45 46 j«[

2495 4259 205 39 Australian
2718 4262 170 40 Colonies

2497 4311 130 37 Uuited
2651 4313 184 46 Kingdom

2681 4391 68 40 Via
2769 4393 68 40 San
2865 4395 214 47 Francisco.

2495 4454 134 38 United
2650 4456 120 38 States
2789 4459 35 37 of
2842 4460 170 42 America
3130 4501 37 10 ...

2494 4507 184 36 Sandwich
2697 4509 142 39 Islands

2495 4559 178 38 Canadian
2695 4560 215 44 Dominions
3222 4582 42 35 24

2500 4610 129 36 British
2652 4614 189 40 Columbia
3221 4633 44 36 2d

2500 4662 97 40 West
2618 4663 124 43 Indies
3220 4691 19 23 9
3247 4692 15 14 j

2495 4716 39 11 ir
3126 4715 38 10 •••
3217 4701 48 25 Z(&

2496 4722 143 33 M.rjico
3220 4743 45 36 21

2495 4771 145 37 Central
2662 4773 163 43 America
3220 4796 46 37 24

2494 4823 113 36 South
2629 4828 186 40 Amerrica
3220 4847 46 39 2d

2730 4909 102 30 loot
2857 4915 169 31 PACKETS

2500 4967 127 39 Posted
2656 4974 38 33 at
2722 4985 70 39 auy
2821 4977 100 39 office
2953 4983 126 38 withm
3111 4986 62 40 the

2540 5023 126 50 colony
2686 5024 56 39 for
2760 5028 156 51 delivery
2934 5042 37 29 at
2989 5035 62 40 the
3064 5052 109 38 game,

2543 5075 122 39 witliin
2702 5079 62 36 the
2797 5081 141 51 colony,
2972 5087 62 37 the
3078 5093 72 38 Aus-

2542 5128 128 58 trian
2874 5148 40 26 or
2943 5138 62 41 the
3037 5141 137 45 United

2545 5180 70 37 Kin
2697 5197 30 24 oi
2826 5217 37 10 ...
3225 5207 39 24 ij

2590 5232 57 38 J>o
2825 5269 38 10 ...
2962 5246 66 38 2oi

2827 5322 36 11 -
2964 5297 61 46 in.
3127 5284 38 61 :::
3218 5259 49 89 li

2719 5394 7 8 .
2750 5395 7 8 .
2968 5351 57 39 lib
3220 5366 45 38 8^

2503 5390 109 50 Every
2648 5394 194 41 additional
2871 5406 132 44 poand,
3019 5421 43 25 er
3080 5411 77 41 frac-

2543 5444 111 39 tional
2669 5454 81 42 part
2768 5453 35 34 of
2822 5466 20 23 a
2862 5458 122 42 pouud
3133 5497 37 9 _

2697 5526 67 39 Via
2784 5529 69 39 San
2874 5530 205 50 Francisco.

2501 5595 131 40 United
2669 5601 130 47 States,
2830 5619 106 36 every
2973 5611 59 44 Jib
3225 5627 43 28 ij

2498 5652 182 38 Sandwich
2703 5655 134 39 Fslands
2984 5695 19 17 }j

2499 5703 177 41 Canadian
2699 5707 210 45 Dominions

2501 5755 129 38 British
2655 5760 187 42 Columbia
3222 5787 44 24 cj

2503 5808 100 38 West
2622 5811 125 39 Indies
3241 5841 19 9 „
