2540 4029
34 35 2431 2 THE

34 36 384 141 NEW
546 36 895 141 ZEALAND
1569 36 896 141 GAZETTE

34 177 2431 149 AND

34 326 973 150 WELLINGTON
1104 326 292 150 AND
1493 326 972 150 SPECTATOR.

583 503 221 38 PUBLISHED
849 501 133 39 EVERY
1024 498 261 39 WEDNESDAY
1329 497 87 39 AND
1461 499 230 37 SATURDAY
1735 496 206 40 MORHINC.

61 630 68 31 -No.
144 628 92 40 214.}

527 619 132 32 PORT
682 614 287 39 NICHOLSON,
994 610 318 37 WEDNESDAY
1334 612 238 40 MORNING,
1595 615 228 32 JANUARY
1846 618 51 34 25,
1921 619 89 28 1843:

2261 616 101 42 [Vol.
2382 614 69 37 111.

144 719 4 6 '
174 741 2 4 ,
188 722 55 20 For
257 718 107 22 Nelson
377 707 96 29 direct.

54 749 102 36 'Ish***
195 752 309 33 rpHEffinefast.saiUpg
518 750 110 22 schooner

176 792 5 5 '
188 785 5 4 '
202 776 31 31 X
252 797 4 5 •
269 781 121 27 Elizabeth;
402 781 39 29 '6,0;
449 780 93 31 tons^to
552 776 42 25 sail
603 783 25 16 in

46 802 143 38 Jm,
196 807 4 8 '
209 819 15 14 a
232 811 44 22 few
283 810 61 30 days,
352 814 41 16 sne
399 806 85 27 having
494 802 40 24 tffe
539 806 90 24 greater

36 828 153 40 ■^mSSjt
198 854 3 4 .
209 841 51 24 part
275 836 25 23 df
313 837 40 21 her
367 839 68 21 cargo
445 830 109 29 engaged.
584 830 46 22 For

35 856 156 40 9^^9S
209 864 85 27 freight
311 869 25 16 or
343 866 108 23 'passage,
470 859 66 27 apply
551 860 23 19 to
589 856 39 23 the

188 899 5 11 f.
211 893 106 24 Captain
322 886 125 28 .Qii'bbard.

63 928 104 25 January.
174 916 118 36 24^1843,,
309 927 13 21 /
343 916 3 6 '
369 939 3 6 ■
391 943 4 3 .
605 932 23 18 L_

115 987 5 4 .
132 985 3 5 .
155 976 36 14 iK-,
206 988 6 6 ,
219 971 55 21 For
284 959 161 31 Auckland.
630 980 9 6 .

91 1007 84 24 Calling
184 1006 24 20 at
216 1004 88 24 Nelson;
313 1000 118 25 Taranati,
442 998 41 22 and
492 998 71 27 Kafia.
569 1005 5 6 '
621 1000 20 20 S

76 1042 66 24 >1^
153 1045 11 13 -r
184 1037 101 21 -/TiIHE
310 1037 45 21 fast
385 1033 83 27 sailing
498 1031 130 28 brigantine
623 1030 2 6 1

64 1056 89 33 .djfejfa
188 1061 8 19 J
209 1056 10 28 |
265 1063 69 23 Ariel,
360 1060 106 27 Captain-.
478 1058 150 23 Cruikshank.

58 1080 130 39 ij|j!fej3j^
198 1087 52 25 'For
264 1082 96 34 freight;'
370 1094 26 14 or
409 1093 102 20 passage,
529 1085 68 27 apply
606 1089 24 17 to

205 1115 38 23 the
254 1113 94 30 Captain
358 1120 29 14 on
396 1112 77 27 board,
485 1119 25 14 or
520 1115 23 18 to
553 1115 3 4 '

36 1138 155 47 «Hjg§gP
220 1150 4 6 '
233 1167 3 14 ;
337 1169 3 4 .
393 1149 91 22 Willis
499 1155 49 14 and
562 1147 41 26 Cp.
609 1166 3 5 ,
625 1153 10 13 *-

62 1196 33 24 As
106 1194 38 22 the
153 1193 62 21 Ariel
222 1193 89 21 returns
321 1192 27 21 to.
353 1187 45 22 this
410 1188 55 25 ,p,ort
479 1185 58 22 from
553 1183 78 22 Auck-

36 1222 59 27 land,
113 1221 38 22 the
167 1222 90 27 present
273 1218 21 22 is
310 1223 28 17 an
354 1211 114 26 excellent
485 1213 146 27 opportunity

35 1250 33 21 for
87 1256 45 18 any
150 1255 43 15 one
208 1246 100 22 desirous
324 1242 25 22 of
365 1243 92 24 visiting
472 1238 38 22 the
527 1237 106 23 different

37 1264 140 37 settlements
193 1274 26 22 in
239 1271 81 23 Cook's
337 1268 81 23 Straits
437 1265 45 23 and
498 1265 77 22 round
593 1264 39 21 the

36 1302 113 24 Northern
160 1300 85 24 Island.
355 1312 2 8 <

57 1324 2 11 '
64 1333 146 28 Wellington,
222 1333 103 26 January
334 1330 35 27 23,
380 1329 62 21 1843.

148 1387 54 20 For
216 1385 111 26 Sydney
341 1381 47 21 via
407 1380 115 24 Nelson,

209 1420 33 25 To,
249 1418 42 21 sail
299 1418 23 20 in
332 1422 12 14 a
347 1415 49 26 few
405 1414 59 26 days,

82 1451 76 33 Jgtf§i
208 1455 93 29 TpHE
320 1453 49 23 fast,
382 1451 127 28 brigantine
530 1450 103 26 Hannah,

71 1475 104 42 J||W^.
215 1475 31 31 X
285 1482 63 27 Capt.
359 1478 104 28 R.Bell;
478 1477 41 23 has
534 1477 101 28 superior

68 1503 132 35 JjlpasSsig'
222 1507 214 25 accommodations.

58 1531 145 40 igpMPMp^
239 1536 46 23 For
288 1533 93 38 freight,
386 1540 25 15 or
419 1538 100 22 passage,
531 1531 102 27 applyito

326 1577 51 46 'St
395 1594 95 26 -Willis
506 1592 45 23 and
565 1592 42 21 Co.

69 1618 145 35 Wellington]
225 1624 104 27 January,
335 1623 34 26 23,
381 1622 77 27 18,43.;,

155 1672 54 21 For
223 1670 111 26 Freight
348 1674 32 15 or
395 1667 121 24 Charter,
555 1671 5 6 v

52 1698 94 33 J^T3Ui
195 1704 94 30 rpHE
308 1701 108 24 schooner
436 1699 123 27 Richmond,
584 1705 51 15 now

75 1726 95 33 Ja^jStL
202 1722 31 32 X
277 1730 62 29 lying
355 1729 24 21 in
398 1728 38 22 the
456 1726 112 27 Harbour,
590 1724 45 23 and

47 1749 143 39 jS^Pk
209 1757 71 23 ready
289 1758 36 22 for
334 1762 38 16 sea
373 1771 6 6 '
408 1755 53 27 A-W
461 1754 9 22 1
470 1761 15 21 ?
494 1757 23 18 t0
527 1753 38 22 the
577 1753 46 27 Cap
623 1764 12 4 ~

40 1780 153 39 «gjra|BK
209 1785 48 23 tain
266 1792 31 15 on
306 1782 77 27 board,
395 1788 25 16 or
429 1785 23 18 to

42 1809 151 39 t^ggS^P
285 1818 36 23 \Y.
336 1816 174 26 Fitzherbert,
519 1813 87 28 Agent.

70 1855 145 27 Wellington,
228 1854 101 27 January
337 1852 35 26 24,
384 1851 62 21 1843.

264 1899 55 21 For
337 1896 70 21 Sale.

198 1935 92 30 rpHE
299 1935 45 22 fine
354 1933 46 22 fast
411 1931 81 27 sailing
506 1928 129 24 Yarmouth

73 1955 98 37 4§?~3Sr
205 1955 30 30 X
271 1962 59 22 built
354 1959 126 28 brigantine
503 1957 130 25 Lowestofft,

43 1982 146 34 /«iPiak
211 1991 41 21 114
275 1992 61 28 tons,,
341 1987 101 29 register,
464 1984 110 29 coppered
589 1983 46 22 and

38 2011 153 34 -j/jgWWfg|Sb
209 2013 202 28 copper-fastened,
428 2025 3 7 .
443 2012 49 22 well
515 2011 71 21 found
609 2018 26 12 in

43 2035 150 33 SggpUgffiy,
213 2048 68 19 every
290 2042 94 23 respect,
401 2037 55 23 with,
470 2040 77 18 stores.
586 2035 49 21 Has

43 2069 122 22 handsome
189 2067 67 23 cabin
285 2063 209 26 accommodations,
523 2062 46 21 and
593 2061 43 21 has

40 2096 71 27 lately
120 2096 130 27 undergone
257 2100 14 15 a
281 2090 112 27 thorough
403 2088 113 24 overhaul.

72 2123 32 22 As
123 2126 23 18 to
162 2123 41 21 her
219 2121 81 26 sailing
314 2117 102 30 qualities
435 2116 18 22 it
466 2116 57 22 need
539 2120 53 22 only
609 2122 12 14 °
624 2121 12 14 c

42 2149 127 26 remarked,
178 2149 50 21 that
240 2147 39 22 she
294 2147 52 21 beat
356 2144 39 22 the
404 2143 74 22 famed
488 2142 69 28 yacht
567 2143 70 22 olown

44 2176 46 23 and
99 2176 38 22 the
148 2176 156 21 Government
316 2171 50 27 brig
381 2178 29 14 on
422 2171 41 21 her
475 2176 92 21 passage
577 2169 58 21 from

44 2203 118 22 Auckland
170 2206 24 18 to
205 2201 44 22 this
257 2203 58 27 port.
579 2208 4 3 •

70 2230 33 22 To
113 2230 28 21 be
156 2229 51 22 sold
216 2236 24 14 as
250 2230 39 19 she
300 2232 50 16 now
360 2225 43 21 lies
417 2224 25 22 in
459 2223 44 22 this
520 2223 115 26 Harbour,

43 2264 26 15 or
77 2257 98 27 delivery
190 2255 46 22 will
250 2255 28 21 be
293 2254 68 27 given
378 2259 30 15 on
427 2251 41 21 her
484 2253 76 19 return
577 2250 58 20 from

44 2284 91 22 Nelson:
164 2283 76 27 Apply
251 2285 23 18 to

400 2305 90 22 Willis
505 2311 46 15 and
566 2305 41 20 Co.

71 2343 145 28 Wellington,
228 2342 103 26 January
341 2341 33 25 13,
386 2340 62 21 1843.

217 2388 66 20 Just
302 2385 160 25 Published,

47 2423 90 49 THE
160 2418 217 26 WELLINGTON
400 2416 182 24 ALMANACK
599 2416 37 21 for

120 2451 67 21 1843:

275 2480 127 17 CONTENTS.

73 2504 106 22 Weather
198 2502 81 28 Table,
301 2500 78 28 Cycles
400 2498 45 23 and
469 2496 168 24 Astronomical

45 2531 118 26 Numbers,
177 2530 118 26 Calendar,
313 2527 137 30 gardener's
466 2525 44 22 and
525 2524 111 25 Farmer's

45 2558 115 27 Calendar,
170 2554 185 29 Meteorological
368 2553 70 23 Table
449 2552 34 23 for
499 2554 61 24 1840,
572 2552 63 32 1841^

46 2585 44 22 and
99 2587 60 25 1842,
170 2584 99 28 Eclipses
280 2584 26 21 of
313 2582 37 22 the
360 2582 49 21 Sun
419 2580 47 22 and
482 2580 79 26 Moon,
578 2578 58 23 New

46 2612 98 22 Zealand
160 2612 122 26 Company,
293 2608 55 24 Post
363 2608 71 22 Office
439 2606 152 28 -Regulations
598 2606 39 21 for

47 2639 55 22 New
112 2638 106 27 Zealandj
230 2637 58 23 Civil
304 2635 186 26 Establishment,
503 2634 57 21 Fees
570 2632 65 23 Land

48 2666 87 22 Claims'
160 2665 78 27 Office,
263 2665 55 22 Post
341 2660 203 33 Office-^Cqlonial
572 2660 63 26 Law,

47 2693 73 21 Police
146 2693 70 21 Office
217 2704 28 3 —
246 2693 68 26 Petty
337 2690 109 26 Sessions,
476 2687 114 28 Holidays
614 2689 23 20 at

48 2719 76 23 Public
134 2719 89 28 Offices,
233 2719 112 22 Discount
355 2717 71 27 Days.

34 2746 2 25 I
249 2754 82 26 Price,
346 2753 32 20 Is.
393 2750 37 23 6d.

78 2789 85 21 Gazette
172 2787 80 27 Office,
262 2787 102 24 January
374 2786 21 24 1,
405 2784 63 21 1843.

34 2818 1 37 i
217 2833 80 22 Meat
318 2831 150 24 Company.

52 2869 42 47 T
33 2856 2 11 1
97 2867 43 23 HE
159 2862 240 27 UNDERSIGNED,
417 2861 92 28 having,
520 2861 59 22 been
599 2867 39 21 ap-

122 2893 91 29 pointed
228 2893 110 25 Manager
348 2889 26 22 of
388 2889 37 22 the
439 2888 64 23 Meat
512 2888 125 26 Company,

50 2921 52 26 begs
111 2924 22 19 to
143 2926 118 18 announce
270 2919 50 21 that
334 2924 13 14 a
356 2916 91 26 regular
456 2914 78 28 supply
543 2914 26 22 of
577 2914 60 26 beef,

50 2950 93 23 mutton,
163 2947 45 21 and
223 2945 58 29 pork
297 2951 52 20 may
369 2944 83 26 always
470 2942 27 22 be
518 2942 121 27 depended

51 2980 61 20 upon
122 2977 23 17 at
153 2973 42 22 this
206 2972 173 23 establishment.
443 2989 8 5 
501 2996 6 5 _

80 2999 31 21 As
134 2999 42 22 this
198 3000 117 27 Company
332 3003 109 26 purposes
459 2995 80 27 selling
557 2998 25 19 at
598 2995 44 25 the,

52 3025 77 22 lowest
135 3026 70 27 prices
214 3030 23 18 at
250 3025 75 23 which
333 3028 18 18 it
365 3024 20 22 is
393 3023 73 22 found
474 3022 37 23 the
520 3024 63 21 meat
596 3029 42 15 can

52 3052 30 21 be
92 3052 101 28 afforded,
204 3053 37 22 the
250 3050 152 28 undersigned
410 3050 19 22 is
443 3050 53 28 only
506 3048 131 24 authorized

53 3082 23 18 to
86 3079 49 27 give
141 3087 51 20 very
196 3080 87 22 limited
292 3079 77 26 credit,
377 3078 47 22 and
430 3077 41 23 has
475 3077 58 22 been
542 3076 96 22 ordered

51 3108 24 19 to
91 3109 48 24 stop
153 3106 29 22 all
195 3110 103 20 accounts
313 3105 74 25 which
401 3112 37 14 are
454 3107 40 19 not
508 3103 57 28 paid,
575 3111 62 21 upon

52 3132 101 22 demand.

78 3159 47 22 The
134 3159 100 23 business
243 3160 25 22 of
275 3160 38 22 the
323 3159 116 26 Company
447 3157 21 22 is
477 3157 86 22 carried
572 3165 31 14 on
612 3156 25 23 in

50 3185 58 23 their
122 3194 50 14 new
185 3187 108 27 building,
304 3185 89 24 erected
410 3185 103 21 between
532 3184 105 22 France's

50 3212 68 23 Hotel
137 3213 44 24 and
199 3213 38 23 the
256 3213 57 23 head
329 3212 27 22 of
369 3212 40 22 the
424 3211 57 27 Bay,
498 3210 46 22 and
558 3211 80 27 nearly

50 3240 97 27 opposite
156 3243 24 20 to
189 3241 46 22 Mr.
245 3241 84 28 Lyon's
339 3239 71 22 Store.

320 3273 36 22 W.
370 3272 104 27 Flyger,
490 3271 119 27 Manager.

75 3301 129 22 November
212 3302 35 27 23,
259 3303 61 20 1842.

33 3365 2 10 ,
288 3352 110 20 Cheese.

64 3385 18 20 A
87 3402 3 5 .
109 3384 118 24 SUPPLY
236 3382 103 23 received
344 3382 88 28 weekly
440 3382 26 22 of
472 3382 57 23 New
534 3381 104 22 Zealand

47 3417 52 16 xjl
127 3410 66 23 made
203 3410 92 27 Cheese,
302 3410 59 23 from,
369 3410 38 21 the
415 3410 143 26 Cowpasture
564 3408 71 27 dairy,

46 3438 46 22 and
101 3438 34 22 for
144 3436 45 23 sale
200 3439 24 19 at
238 3436 38 23 the
285 3435 108 29 premises
403 3436 26 21 of
442 3436 38 22 the
495 3436 65 22 Meat
569 3436 68 21 Com-
644 3450 2 9 j

46 3472 67 21 pany.
159 3486 8 4 .
509 3478 9 8 *
644 3482 2 4 ,

328 3487 36 23 W.
375 3488 102 28 Flyger,
489 3488 120 28 Manager.

74 3518 159 25 Willis-street,
245 3514 127 25 December
379 3516 35 26 20,
426 3516 61 21 1842.
644 3514 2 32 \

237 3561 86 22 Fresh
337 3560 106 26 Butter,
634 3553 11 42 ',j

48 3596 161 50 ALWAYS
225 3603 30 16 on
269 3594 52 24 Sale
336 3596 24 19 at
376 3593 38 22 the
423 3593 66 22 Meat
501 3593 135 28 Company's
644 3597 2 31 j

125 3624 117 28 premises.
284 3624 63 26 '__
388 3641 7 7 »
417 3623 12 10 ''
510 3623 11 10 '"
538 3623 20 20 '>'

318 3648 37 22 W.
370 3647 105 27 FiSyger,
481 3652 2 5 '
489 3647 119 28 Manager.

73 3678 159 27 Willis-street,
243 3677 58 22 Dec.
311 3678 21 25 2,
344 3675 63 26 1842,
415 3692 2 6 ,

47 3722 137 49 BLANK
207 3720 141 26 PRINTED
370 3718 214 28 INDENTURES,
605 3727 30 15 on

120 3757 69 21 paper
207 3749 47 23 and
272 3747 142 30 parchment,
434 3746 36 22 for
485 3745 47 23 sale
551 3749 24 19 at
597 3747 45 22 the'

231 3823 66 22 Just
310 3819 134 24 received.

47 3853 125 48 PLANS
194 3854 27 22 of
240 3854 40 23 the
303 3854 71 22 Town
394 3851 27 23 of
437 3851 170 23 Wbl^inotok.

116 3880 58 22 Han
194 3881 27 21 of
226 3881 37 22 the
274 3880 109 23 Harbour
392 3879 25 23 of
431 3878 54 23 Port
499 3878 146 24 Nieholton.H

48 3925 68 47 ON
130 3926 86 25 SALE,
232 3929 24 19 at
264 3927 47 23 this
323 3925 73 26 office,
405 3923 73 23 blank
487 3921 149 32 Brat^Booxs

741 708 53 21 For
802 707 61 20 Sale
871 706 39 26 by
918 704 110 21 Private
1038 703 129 27 Bargain.

658 741 95 51 THE
763 741 70 22 Lease
844 739 26 22 of
880 737 157 27 Prelimenary
1047 736 89 24 Section
1148 734 103 25 bf/Land

735 767 45 23 No.
788 767 35 26 45,
837 764 98 24 situated
943 764 25 24 in
978 763 115 22 Robinson
1096 762 83 28 VBay;
1190 767 61 18 com-

659 795 79 28 monly
755 794 73 22 called
845 792 82 26 Okiwi,
944 791 54 21 Port
1012 790 130 27 Nicholson,
1162 797 26 14 as
1201 796 50 22 pre-

659 822 73 27 sently
748 819 115 30 possessed
881 819 32 26 by
926 817 100 22 William
1043 817 84 25 Deans,
1144 816 54 23 with
1213 816 38 22 the

659 849 99 26 Houses,
770 848 74 22 Crons.
855 847 49 24 &c,
920 851 28 15 on
960 844 38 21 the
1007 851 70 14 same.
1105 843 49 22 The
1162 843 61 22 lease
1233 842 18 22 is

656 876 38 22 for
703 875 40 22 the
753 869 124 27 termlwl4
884 876 73 24 years,
965 870 46 23 and
1019 870 147 22 commenced
1174 877 29 14 on
1213 870 48 21 the-

658 893 180 38 25thUJanu^:,
854 898 108 30 1841j|'at
977 897 37 22 the
1031 896 86 28 yearly
1127 900 52 19 rent
1198 896 27 22 of
1237 903 15 16 a

659 936 68 21 peper
737 927 143 24 corn«Br.the
889 924 119 24 firstthree
1017 931 74 21 years,
1101 922 46 23 and
1156 923 48 23 d£3o
1212 929 40 21 per

659 963 86 15 annum
749 952 88 28 ictiihe
847 952 127 26 remaining
983 952 81 21 eleven
1074 957 72 21 years.
1167 966 4 6 ,

652 977 15 29 %,
676 985 4 21 \
687 983 74 22 There
774 979 30 27 -hC
812 979 19 24 'a
838 995 5 5 .
854 977 151 26 considerable
1030 978 104 28 quantity
1152 977 26 22 of
1196 976 56 23 land

935 1005 24 21 in
974 1012 61 20 crop.
1071 1004 50 22 The
1137 1002 115 28 dw,elling-

652 1032 141 28 'hdufe^iiTa
805 1036 66 22 mos>
880 1031 152 26 comfortable,
1053 1030 138 27 substantial,
1202 1029 50 22 'and

656 1063 156 25 commodious
826 1061 98 24 erection
931 1066 5 20 ;
952 1057 46 23 and
1007 1058 38 22 the
1054 1057 64 29 place
1129 1056 122 28 altogether

656 1091 23 21 •is
694 1093 58 19 most
765 1088 124 27 admirably
896 1084 128 26 .calculated
1033 1085 36 22 for
1084 1084 38 23 the
1136 1084 116 22 residence

661 1117 27 21 of
699 1124 14 14 a
721 1115 138 28 respectable
868 1112 85 27 family,
971 1111 43 23 and
1023 1111 47 23 will
1085 1110 44 23 suit
1139 1110 50 22 well
1197 1109 55 24 both

661 1150 25 14 as
696 1150 14 14 a
717 1142 64 27 dairy
784 1141 46 22 and
838 1140 64 22 stock
908 1139 90 21 station.
1026 1136 50 23 The
1084 1137 122 27 purchaser
1211 1143 40 16 can

661 1169 57 21 have
729 1176 14 14 a
751 1168 61 25 large
823 1167 87 28 quatity
918 1165 26 21 of
950 1164 90 28 poultry
1050 1164 21 21 if
1076 1163 29 22 he
1116 1163 85 22 choses.

670 1211 1 7 ,
690 1195 45 22 For
744 1193 85 25 further
837 1191 132 29 particulars
974 1190 96 28 applyto
1080 1190 50 22 Mr.
1139 1190 112 22 William

663 1223 74 26 Lyon,
748 1220 125 26 Merchant,
884 1218 148 26 Wellington,
1044 1224 24 15 or
1077 1220 22 18 to
1108 1218 52 21 Mr.
1171 1218 81 21 Deans

663 1256 29 14 on
703 1248 40 22 the
752 1247 112 28 premises.

690 1279 127 22 December
827 1279 33 26 14,
873 1277 61 22 1842.

663 1326 54 20 For
727 1325 69 25 Sale,
807 1324 47 21 the
864 1327 84 21 cargo
960 1320 31 22 of
1003 1322 46 20 the

668 1360 104 26 QAA
790 1355 80 22 TONS
890 1353 75 23 BEST
985 1352 137 22 CHILIAN
1139 1351 112 27 FLOUR,

664 1374 71 35 Olf
738 1374 34 35 U
793 1381 66 23 -fresh
868 1380 89 29 ground
966 1379 73 24 direct
1047 1379 57 22 from
1112 1378 139 28 Valparaiso,

774 1412 22 19 at
863 1414 40 22 per
915 1410 47 24 ton,
974 1406 61 22 cash.

884 1449 3 4 •
910 1456 10 10 .£,
996 1459 7 8 v
1019 1439 83 22 Waitt
1113 1439 46 24 and
1167 1439 85 22 Tyser.

665 1470 145 28 Wellington,
821 1467 130 24 November

665 1517 54 20 For
731 1515 69 26 Sale,
811 1515 45 20 the
874 1518 82 21 cargo
974 1512 31 21 of
1016 1512 47 21 the

673 1548 16 30 1
708 1547 64 31 K(\
798 1545 81 23 TONS
904 1544 27 22 of
949 1543 39 23 the
1009 1543 52 23 best
1082 1543 61 25 fresji
1165 1542 90 28 ground

657 1588 4 7 ,
671 1568 24 27 X
788 1573 87 22 Chilian
891 1571 64 28 flour,
971 1578 51 14 now
1037 1569 92 28 landing
1143 1570 57 22 from
1217 1568 37 23 the

788 1601 103 26 Qheerful,
910 1598 70 22 direct
993 1597 59 22 from
1070 1597 132 28 Valparaiso
1203 1608 29 4 —
1232 1599 23 19 at

665 1628 49 22 £20
722 1634 42 21 per
774 1630 44 19 ton.

981 1651 85 22 Waitt
1081 1658 46 14 and
1141 1650 87 23 Tyser.

694 1681 50 23 Oct.
755 1682 33 26 23,
799 1682 61 23 1842.
1151 1701 3 4 .
1186 1681 2 9 '

774 1740 3 5 .

755 1759 78 23 TONS
847 1759 49 21 first
910 1755 61 23 fresh
984 1755 87 28 ground
1089 1755 92 28 Sydney
1191 1754 61 22 flour

769 1787 24 21 15
809 1786 73 22 chests
891 1783 72 28 hyson
973 1786 43 23 tea,

756 1815 39 20 100
809 1813 73 21 chests
891 1817 69 22 green
969 1812 43 24 tea,

770 1842 25 20 10
809 1840 54 26 bags
872 1837 77 26 coffev,

782 1867 11 21 5
808 1867 55 26 bags
871 1871 91 22 pepper,
1092 1879 3 4 .

952 1898 3 4 •
983 1890 84 22 Waitt
1082 1890 45 22 and
1141 1890 85 22 Tyser.

696 1920 96 22 October
802 1921 33 22 25,
848 1920 61 22 1842.

917 1963 90 21 Seeds.

666 1999 74 46 GN
751 1999 84 25 SALE,
847 2002 23 23 at
878 1999 39 22 the
927 1998 85 20 Gazette
1018 1996 78 27 Office,
1103 1996 153 27 in.g«antities

746 2029 23 17 to
776 2025 43 21 suit
828 2024 138 27 purchasers,
1024 2022 115 26 following
1148 2021 64 22 seeds
1219 2029 6 14 :
1227 2032 28 4 —

694 2051 78 21 Sword
780 2049 109 27 long-pod
897 2049 65 26 bean,

696 2076 120 27 Long-pod
825 2076 66 26 bean,

694 2102 110 27 Speckled
813 2102 74 22 dwarf
894 2100 84 29 kidney
985 2100 69 28 hean,

695 2129 75 23 Broad
779 2129 65 27 bean,

696 2156 73 22 Horse
779 2156 64 27 bean,

696 2183 86 22 Scarlet
790 2190 90 19 runner,

695 2209 69 28 Early
773 2209 109 22 Warwick
890 2215 49 21 pea,

695 2236 69 27 Early
772 2236 117 22 Mazarine
898 2241 49 21 pea,

695 2263 104 22 Prussian
810 2263 51 22 blue
870 2269 49 22 pea,
1148 2270 3 8 '
1162 2274 4 7 <

695 2290 107 22 Nonsuch
812 2296 49 21 pea.

695 2317 56 22 Blue
762 2317 99 27 imperial
870 2323 50 21 pea,

695 2343 95 28 Spanish
800 2343 72 23 dwarf
878 2350 49 21 pea,
1054 2363 3 4 .
1159 2360 5 8 t
1188 2360 3 4 .

666 2389 4 7 ,
695 2371 74 27 Large
779 2371 96 26 cabbage
885 2371 89 25 lettuce,

694 2397 133 23 Drumhead
836 2397 100 26 cabbage
943 2396 92 27 lettuce,

695 2425 115 21 Battersea
819 2421 107 30 cabbage,
983 2424 4 6 %
1101 2437 5 3 -
1131 2444 5 6 .
1215 2434 8 11 f

694 2451 132 23 Drumhead
835 2451 106 26 cabbage,
1127 2470 3 4 ,

695 2479 51 22 Red
756 2479 74 22 Dutch
840 2478 106 26 cabbage,
1124 2480 21 23 \i

670 2526 3 5 ,
696 2505 94 23 Puller's
799 2505 60 27 early
870 2504 106 27 cabb,age,
1059 2521 3 4 ,
1175 2512 3 5 '

695 2533 105 22 Prussian
809 2532 66 22 white
886 2531 81 30 turnip,
1099 2552 3 5 ,
1162 2546 2 4 .
1218 2546 3 3 •

695 2559 87 23 Yellow
792 2559 78 23 Swede
881 2558 82 27 turnip,
1130 2570 8 9 -,
1174 2577 2 5 ,
1195 2569 5 3 •

696 2587 83 28 Purple
788 2590 35 24 top
834 2585 78 23 Swede
921 2585 82 28 turnip,

695 2614 75 22 White
781 2617 63 19 stone
855 2611 82 28 turnip,

696 2641 74 22 White
781 2640 55 22 horn
847 2639 82 27 turnip,

696 2668 76 23 Silver,
776 2667 79 23 leaved
864 2667 58 25 beet,
1020 2675 5 8 •

695 2695 51 21 Red
755 2695 57 27 beet,

695 2721 111 27 Mangold
817 2719 96 27 wurtsel,

696 2748 142 26 Altringham
848 2751 81 22 carrot,

696 2775 68 27 Early
773 2775 56 22 horn
840 2777 80 23 carrot,

696 2801 66 28 Long
772 2808 81 21 orange
863 2803 80 24 carrot,

696 2828 76 22 White
783 2827 106 28 mustard,

697 2855 83 23 Curled
788 2862 65 19 cress,

697 2882 65 27 Long
772 2881 79 23 scarlet
858 2880 82 27 radish,

697 2909 75 22 White
781 2908 74 28 turnip
863 2906 81 27 radish,

696 2935 51 23 Red
755 2935 74 27 turnip
838 2933 82 28 radish,

697 2962 133 27 Strasburgh
838 2961 77 26 onion,

697 2990 81 22 Brown
788 2987 96 30 Spanish
894 2987 73 28 onion,

696 3017 98 28 Parsnip,

696 3044 85 22 Curled
788 3043 95 28 parsley,

697 3071 75 22 Green
783 3069 76 23 curled
871 3068 80 24 endive

659 3100 11 9 ''
695 3098 109 23 Batavian
814 3097 88 26 endive,

696 3125 69 27 Leek,
853 3140 4 4 .
1136 3125 3 10 '

696 3152 135 28 Asparagus,
856 3163 4 3 -

696 3174 105 32 Sea'kaiT,

696 3206 74 21 Globe
781 3213 85 20 savoys,
877 3212 6 5 s
890 3215 3 4 •

697 3232 84 23 Curled
788 3227 92 31 brocofi,
913 3245 9 12 <,

696 3259 51 22 Red
755 3259 57 22 solid
821 3259 75 27 celery
905 3257 46 24 and
960 3257 67 23 white
1038 3258 81 28 celery,

697 3286 103 28 Cabbage
812 3286 91 26 lettuce,
1055 3299 4 3 •
1073 3298 5 3 -

697 3314 103 21 Summer
810 3320 87 21 savory.

696 3340 89 23 Winter
793 3347 87 21 savory,

697 3367 65 27 Sage,

696 3393 76 23 White
781 3394 68 28 beet,.

696 3420 94 28 Thyme,

665 3460 2 5 .
696 3446 99 23 Brussels
805 3451 95 25 sprouts,

696 3473 94 28 Borage,

696 3500 116 28 Angelica,

696 3526 76 25 White
782 3528 77 23 selesia
867 3528 91 27 lettuce,

696 3553 83 23 Brown
788 3556 45 21 and
840 3556 67 22 white
916 3561 51 21 goss
976 3554 93 28 lettuce,

696 3580 95 28 Salsafy,'

696 3607 74 22 Vanal
780 3608 109 28 cabbage,.
1024 3621 2 7 .
1259 3610 2 14 J

696 3634 78 28 Sorell,

695 3660 93 28 Fennel,
824 3676 4 6 >
949 3684 4 6 ,
1097 3684 4 4 s
1142 3685 4 9 j
1146 3681 8 9 ,.
1153 3679 15 14 ?i

696 3687 121 30 Lavender,
1083 3690 2 3 '
1132 3685 31 34 '',*

696 3714 66 28 Long
770 3716 85 28 prickly
864 3715 128 27 cucumber,
1073 3717 17 20 *C

696 3741 73 24 Sweet
777 3742 54 23 basil
840 3743 47 24 and
894 3742 58 23 bush
958 3742 66 27 basil,

695 3767 97 30 Hyssop,
924 3778 14 18 \

696 3794 69 28 Early
774 3796 141 25 cauliflower,
1054 3814 2 1 .
1074 3814 4 3 .

696 3821 56 23 Also
762 3830 14 14 a
790 3823 87 28 variety
885 3821 27 24 of
917 3821 76 24 flower
1004 3822 72 28 seeds,
1086 3822 59 23 both
1154 3822 104 23 Colonial

668 3848 47 23 and
724 3848 101 28 English.
836 3846 4 10 ;
884 3846 8 25 ,'
928 3855 4 5 ■
1028 3861 5 3 -
1047 3868 5 5 ,
1141 3862 40 10 ...

696 3875 127 23 December
831 3877 22 25 8,
863 3871 62 31 1&2,.
937 3879 33 23 ';
1010 3894 4 8 ,
1089 3890 5 12 f
1141 3881 45 23 y.

668 3920 94 50 JUST
777 3910 317 45 OPE]||»^^n.Sa^at
1103 3919 39 27 ft*
1152 3920 72 23 Office
1235 3921 26 23 of

732 3946 45 22 this
786 3946 83 29 Paper,'
873 3939 44 30 ink
923 3944 77 24 steads
1009 3945 28 23 of
1041 3953 91 16 various
1141 3947 64 23 sizes.

1429 703 64 21 Sale
1507 703 39 26 by
1567 703 134 23 Auction,

1284 734 89 51 MR.
1390 736 84 23 JOHN
1495 736 96 22 WADE
1609 736 41 22 has
1743 735 124 22 instructed

1345 782 3 6 ,
1364 762 39 28 (by
1423 763 37 22 the
1479 762 148 28 mortgagee)'
1638 766 29 19 to'
1680 762 40 23 sell
1738 762 29 26 bj
1786 761 81 23 Public

1282 788 103 31 Aucjpbn,
1395 797 30 14 on
1433 789 117 27 Saturday,
1562 789 38 22 the
1615 789 41 22 4th
1672 788 119 27 February,
1802 788 63 27 18^3,

1282 818 24 19 at
1313 815 35 23 his
1357 819 76 24 stores,
1443 819 23 19 at
1478 818 14 21 1
1503 816 87 22 o'clock
1604 816 116 28 precisely,
1733 812 50 34 (us|
1781 821 35 16 es3
1826 815 19 25 tf
1845 822 21 15 16

1281 845 111 25 mortgage
1402 843 43 22 and
1454 844 92 21 interest
1554 843 29 22 be
1593 842 127 29 previously
1728 841 98 22 satisfied
1834 842 17 26 :)

1300 868 78 25 'Town
1388 870 59 22 Acre
1456 870 45 23 No.
1511 871 39 20 661
1563 877 30 14 on
1607 869 37 22 the
1661 868 132 28 Company's
1802 868 66 22 Prin-

1283 895 57 28 cipal
1343 897 2 13 l
1358 896 129 28 Surveypr's
1505 896 57 22 Plan
1581 896 27 22 of
1626 896 144 26 Wellington.
1813 894 55 23 This

1284 922 57 23 Acre
1352 922 44 23 will
1404 923 28 22 be
1442 923 134 22 subdivided
1587 926 24 19 to
1620 924 43 21 suit
1673 922 136 29 purchasers,
1820 922 48 21 and

1281 948 41 22 has
1331 953 42 18 two
1383 950 59 26 good
1445 950 86 22 'houses
1540 957 29 14 on
1578 950 26 22 it.

1310 975 60 29 Also,
1383 977 97 27 Country
1492 977 91 22 Section
1600 976 44 23 No.
1656 976 27 23 of
1693 975 74 24 choice
1781 976 49 26 919,
1840 974 40 25 in.

1283 1001 38 23 the
1336 1002 132 28 Company's
1483 1003 53 22 'first
1550 1003 45 22 and
1609 1002 110 29 principal
1734 1002 132 27 settlement,

1284 1029 141 27 (unchosen.)
1453 1029 48 22 The
1518 1030 71 21 above
1603 1030 45 22 will
1661 1030 30 22 be
1710 1028 47 23 sold
1773 1028 96 23 without

1282 1062 94 16 reserve.
1506 1060 5 10 '

1310 1082 94 22 Further
1411 1082 130 28 particulars
1548 1082 23 22 in
1581 1089 12 15 a
1599 1082 74 23 future
1683 1082 66 23 adver
1752 1081 115 22 tizement.
1873 1093 5 4 •

1407 1128 54 21 For
1477 1127 70 25 Sale,
1564 1133 66 20 very
1646 1127 98 25 Cheap.
1825 1126 12 19 ?
1853 1124 4 7 '

1286 1163 52 48 A
1351 1161 86 22 NEAT
1449 1160 140 23 WOODEN
1605 1159 151 28 COTTAGE,
1766 1159 63 22 fitted
1840 1167 32 20 up

1364 1188 53 22 with
1427 1195 67 20 every
1503 1186 250 23 attention-to-comfort
1762 1186 45 22 and
1817 1193 55 15 con-

1285 1215 107 22 venience
1404 1214 90 27 (within,
1499 1217 39 19 ten
1552 1214 96 22 minutes
1658 1214 57 22 walk
1724 1213 25 22 of
1762 1213 110 22 Barretts

1285 1242 88 26 Hotel),
1385 1242 54 21 with
1449 1243 12 24 £
1470 1241 27 22 of
1504 1248 28 15 an
1546 1248 53 15 acre
1610 1241 25 21 of
1641 1241 55 22 land
1706 1239 105 23 attached
1821 1244 23 17 to
1853 1240 20 22 it

1285 1268 54 22 welt
1348 1268 77 27 found,
1442 1268 45 22 and
1501 1268 25 21 in
1536 1275 14 14 a
1566 1267 53 27 high
1632 1270 58 20 state
1699 1267 26 22 of
1733 1266 137 28 cultivation,

1285 1294 55 23 with!
1348 1301 14 16 a
1374 1302 69 15 never
1452 1294 79 28 failing
1546 1297 82 19 stream
1645 1294 27 22 of
1684 1293 109 23 excellent
1797 1293 76 22 'water

1284 1322 97 26 running
1390 1322 96 26 through
1495 1322 25 21 it.
1549 1321 61 22 Both
1618 1320 38 23 the
1666 1320 52 23 land
1728 1320 44 21 and
1782 1323 90 24 cottage

1284 1356 38 15 are
1331 1348 23 23 in
1360 1356 18 15 -a
1385 1348 112 23 sheltered
1502 1348 114 27 situation,
1625 1348 46 22 and
1680 1348 58 22 have
1743 1347 37 22 the
1787 1347 86 22 benefit

1285 1376 26 21 of
1316 1375 38 22 thfe
1363 1382 41 16 sun
1412 1375 39 22 the
1460 1374 71 23 wliole
1541 1374 52 28 day.
1620 1375 3 3 '
1654 1390 3 5 .

1312 1402 47 23 The
1368 1402 71 22 above
1455 1409 43 15 can
1513 1402 29 21 be
1557 1401 135 28 confidently
1700 1401 173 23 recommended

1285 1437 25 14 as
1319 1436 13 15 a
1340 1429 114 22 residence
1463 1428 35 22 for
1506 1435 14 15 a
1529 1428 85 28 private
1629 1428 86 28 family.
1742 1428 48 22 The
1804 1431 69 19 terms

1285 1456 45 22 will
1348 1456 27 22 be
1393 1455 66 23 made
1472 1458 23 19 to
1510 1456 45 21 suit
1571 1455 38 22 the
1623 1456 133 26 purchaser;
1778 1461 14 15 a
1806 1455 67 22 small

1285 1483 84 27 deposit
1378 1483 45 22 will
1432 1483 27 22 be
1468 1482 110 28 required,
1585 1482 43 22 and
1641 1482 38 22 the
1685 1481 126 24 remainder
1818 1489 55 20 may

1285 1510 83 22 remain
1377 1517 29 14 on
1415 1513 116 23 mortgage
1535 1509 36 22 for
1577 1516 15 15 a
1600 1512 56 19 term
1664 1510 27 21 of
1695 1515 71 23 years.
1794 1508 79 28 Apply

1286 1540 24 19 to
1320 1537 94 22 Robert
1428 1536 74 27 Park,
1517 1536 62 28 Esq.,
1591 1543 24 15 or
1864 1541 6 20 ;
1875 1548 7 16 j

1454 1574 4 3 ■
1466 1572 8 8 ■»
1682 1563 64 22 John
1762 1561 82 23 Wade.

1286 1606 3 3 ■
1312 1590 33 22 Te
1354 1590 53 28 Aro,
1419 1588 100 29 January
1529 1591 40 26 13j.
1575 1591 62 22 1843.

1446 1627 23 36 ;'
1515 1627 126 29 dn'Sale.

1287 1667 136 50 SILVER
1435 1667 126 23 PLATED
1577 1667 114 28 GOODS,

1351 1695 72 27 Kings
1430 1710 2 5 ,
1440 1698 91 24 pattern
1551 1695 60 21 table
1630 1701 90 21 spoons,
1739 1693 70 28 forks,
1829 1693 44 22 fish

1285 1722 72 27 slices,
1365 1729 66 15 sauce
1440 1721 78 27 ladles,
1529 1724 62 19 meat
1605 1721 103 28 skewers,
1719 1720 83 22 dessert
1807 1721 67 21 'forks

1285 1748 46 23 and
1344 1755 87 23 spoons,
1442 1752 38 19 tea
1496 1755 89 21 spoons,
1600 1755 67 21 sugar
1680 1751 72 24 tongs,
1762 1750 37 19 tea
1814 1752 60 23 pots,

1284 1776 76 22 butter
1383 1776 90 26 coolers,
1499 1782 68 20 sugar
1589 1776 90 26 basons,
1698 1775 94 26 waiters,
1817 1775 56 20 cake

1284 1803 96 27 baskets,
1400 1802 138 27 christening
1561 1802 75 27 bowls,
1659 1802 106 22 decanter
1786 1801 87 27 stands,

1285 1834 63 18 cruet
1362 1829 45 23 and
1420 1829 90 28 liqueur
1522 1830 92 26 frames,
1630 1829 61 22 table
1706 1828 46 21 and
1767 1828 109 22 chamber

1285 1856 157 26 candlesticks,
1453 1856 81 27 lamps,
1546 1856 41 21 &c.

1313 1883 124 27 Rosewood
1445 1882 45 23 and
1495 1882 129 28 mahogany
1630 1882 62 23 work
1701 1882 75 26 boxes,
1784 1881 91 28 writing

1285 1911 73 27 desks,
1365 1910 102 27 dressing
1476 1917 70 19 cases,

1313 1938 87 22 Bronze
1409 1936 100 28 pedestal
1519 1936 47 22 and
1574 1936 132 28 suspension
1715 1935 78 27 lamps,
1802 1935 42 22 &c.
1851 1938 25 19 at

1346 1959 17 37 |
1544 1969 23 23 J.
1583 1970 34 22 M.
1633 1970 104 26 Taylor,

1284 2003 22 14 '.
1318 2013 4 3 .
1335 1998 102 25 ±jA»Htef%,
1445 2005 23 13 .-.-
1481 2013 31 9 _,
1522 2011 31 8 .-*-
1597 1996 128 24 Wholesale
1734 1996 69 25 Store,

1746 2022 32 22 Te
1792 2022 54 22 Aro.

1313 2049 128 23 December
1449 2051 33 25 26,
1494 2050 63 21 1842.

1420 2094 88 21 Town
1525 2094 31 21 of
1568 2095 170 20 Manewatu.

1287 2128 91 49 THE
1400 2127 214 22 PROPRIETORS
1640 2128 26 21 of
1690 2127 37 22 the
1749 2126 61 22 three
1825 2127 50 22 first

1374 2154 88 22 choices
1477 2157 24 18 at
1510 2154 38 22 the
1566 2154 44 22 last
1623 2154 107 22 selection
1741 2153 25 22 of
1780 2157 95 24 country

1285 2180 71 27 lands,
1369 2180 84 27 having
1471 2180 140 23 determined
1624 2188 62 18 upon
1702 2180 38 22 the
1757 2180 40 21 site
1811 2180 36 22 for
1861 2188 15 14 a

1299 2214 93 22 TOWN
1407 2213 44 22 ON
1465 2213 66 22 THE
1545 2212 190 24 MANEWATU
1748 2213 108 27 RIVER,

1286 2241 57 22 after
1347 2242 79 20 several
1433 2241 59 20 visits
1501 2244 23 18 to
1533 2240 38 22 the
1579 2239 187 33 neighbourhood,
1777 2239 48 22 and
1834 2240 39 22 the

1285 2271 60 19 most
1362 2267 85 23 careful
1465 2267 45 23 and
1529 2267 84 22 minute
1631 2266 150 23 examination
1797 2267 26 21 of
1836 2267 38 22 the

1287 2299 71 18 entire
1373 2295 92 27 district,
1480 2294 67 22 aided
1562 2294 31 27 by
1602 2294 38 22 the
1655 2293 144 29 professional
1814 2293 59 28 skill,

1287 2322 136 27 knowledge,
1443 2321 44 22 and
1501 2321 132 28 experience
1647 2321 28 22 of
1686 2321 37 22 the
1739 2324 59 18 most
1812 2328 63 14 com-

1287 2352 76 25 petent
1370 2349 88 28 judges,
1473 2355 95 21 propose
1583 2351 23 19 to
1622 2348 55 22 offer
1687 2349 33 21 for
1737 2347 103 28 disposal,
1851 2351 24 19 at

1436 2375 37 22 the
1487 2377 89 26 present
1585 2375 61 26 time,
1658 2375 68 22 about

1287 2406 219 24 TWENTY-.FIVE
1540 2406 107 27 ACRES,
1686 2405 36 23 IN
1759 2405 116 23 ALLOT-

1287 2435 113 27 MENTS,
1416 2433 85 24 EACH
1522 2433 41 22 OF
1587 2433 64 22 ONE
1672 2432 148 26 QUARTER
1835 2433 39 22 OF

1504 2458 46 24 AN
1565 2460 91 22 ACRE.

1314 2488 47 22 The
1370 2491 49 25 spot
1428 2488 51 21 thus
1488 2486 98 23 selected
1597 2494 111 21 possesses
1716 2485 37 22 the
1763 2490 58 18 most
1837 2494 38 15 ex-

1285 2516 87 21 tensive
1386 2516 101 26 frontage
1501 2517 25 18 to
1542 2514 57 28 deep
1611 2517 68 19 water
1694 2512 25 24 of
1731 2520 42 25 any
1788 2521 30 14 on
1837 2514 38 21 the

1288 2543 65 21 river.
1382 2542 21 21 It
1420 2542 19 21 is
1458 2541 97 22 situated
1569 2541 48 26 just
1629 2544 24 19 at
1668 2540 49 23 that
1734 2540 63 28 point
1816 2540 59 23 from

1352 2568 71 23 which
1432 2576 14 14 a
1454 2568 55 22 road
1520 2567 73 22 would
1603 2567 84 22 branch
1697 2566 34 23 off
1736 2570 23 19 to
1767 2566 39 23 the

1289 2603 93 15 WOODED
1405 2603 47 15 AND
1472 2602 99 15 FERTILE
1592 2602 116 15 DISTRICTS
1729 2601 75 17 ALON.Q
1828 2602 47 15 THE
1881 2591 2 13 '

1458 2629 55 15 BASE
1529 2629 26 14 OF
1570 2629 46 14 THE
1630 2629 75 19 HILLS,

1289 2649 44 23 and
1345 2650 70 22 above
1425 2648 73 23 which
1508 2648 37 23 the
1559 2648 129 26 navigation
1702 2647 34 22 for
1745 2647 81 22 vessels
1837 2648 39 21 be-

1289 2684 74 14 comes
1372 2677 87 25 tedious,
1468 2677 24 25 if
1497 2677 37 20 not
1543 2676 87 26 difficult
1669 2675 22 21 It
1698 2675 17 21 is
1722 2674 107 22 therefore
1837 2675 38 21 the

1486 2704 62 27 point
1557 2703 73 21 whore
1641 2702 38 21 tlie

1291 2737 87 22 LAND
1393 2737 67 22 AND
1474 2737 116 22 WATER
1604 2734 162 24 CARRIAGE
1780 2733 95 25 MEET,

1291 2768 45 23 and
1345 2769 71 22 where
1426 2777 14 14 a
1448 2769 71 22 Town
1535 2776 60 15 must
1611 2776 27 15 be
1653 2775 90 16 formed
1760 2766 65 26 wjnen
1836 2768 39 21 the

1291 2796 84 22 district
1389 2796 20 22 is
1418 2796 87 22 settled.
1534 2796 23 21 It
1566 2803 44 14 was
1619 2794 98 23 selected
1731 2794 30 27 by
1771 2793 38 22 the
1822 2794 54 22 Sur-

1291 2823 79 27 veying
1380 2824 59 21 Staff
1450 2831 23 14 as
1484 2823 37 22 the
1531 2822 137 23 rendezvous
1677 2822 36 22 for
1727 2820 56 22 their
1797 2820 61 28 body
1868 2829 6 19 ;

1291 2849 43 22 and
1345 2850 38 21 has
1392 2850 57 22 been
1459 2857 51 15 now
1522 2850 78 27 found,
1611 2850 57 21 after
1679 2848 85 23 several
1779 2848 96 21 months'

1289 2876 103 28 location,
1404 2881 22 17 to
1440 2877 27 22 be
1476 2876 38 22 the
1525 2880 58 18 most
1596 2876 165 27 advantageous
1770 2874 104 28 position,

1291 2903 57 22 from
1362 2904 28 21 its
1404 2904 98 27 peculiar
1522 2903 87 27 facility
1624 2903 26 22 of
1661 2901 115 30 approach,
1781 2901 56 22 both
1846 2902 30 27 by

1291 2930 54 22 land
1353 2931 44 21 and
1405 2935 74 18 water.
1766 2948 6 13 ,

1319 2957 29 21 In
1357 2958 152 21 confirmation
1519 2957 26 21 of
1551 2956 37 22 the
1599 2956 130 28 superiority
1739 2954 26 23 of
1772 2954 44 22 this
1826 2957 51 25 spot

1291 2991 54 17 over
1352 2991 44 21 any
1405 2984 63 22 other
1475 2984 138 28 yet-known,
1624 2983 38 22 the
1674 2983 88 21 Messrs.
1771 2979 104 29 Kebbell,'

1291 3011 58 21 after
1364 3011 38 22 the
1421 3011 151 22 examination
1588 3010 27 22 of
1629 3010 38 22 the
1686 3010 58 21 river
1759 3008 58 22 from
1836 3008 39 22 the

1292 3038 87 22 Paneiri
1388 3038 47 22 Pah
1445 3041 23 19 to
1476 3038 29 22 its
1515 3037 86 27 mouth,
1613 3034 137 26 determined
1764 3042 29 15 on
1803 3038 72 19 erect-

1527 3064 39 27 ing
1578 3063 59 22 their

1291 3097 66 23 SAW
1370 3098 81 23 MILL
1470 3096 232 23 IMMEDIATELY
1717 3095 159 23 OPPOSITE.

1290 3130 49 21 The
1355 3130 71 22 works
1443 3129 25 23 of
1483 3129 50 22 that
1550 3128 170 23 establishment
1737 3134 36 15 are
1792 3130 24 19 at
1832 3127 44 22 this

1291 3160 99 19 moment
1406 3158 24 21 in
1444 3156 64 28 rapid
1523 3163 107 21 progress,
1648 3155 45 22 and
1710 3154 38 22 the
1766 3154 109 28 proposed

1290 3184 68 22 Town
1367 3184 45 22 will
1420 3183 135 27 necessarily
1559 3183 93 27 partake
1658 3183 27 21 of
1691 3181 184 27 this*advantage.

1317 3211 47 21 The
1383 3210 92 24 nucleus
1490 3210 26 22 of
1532 3217 13 15 a
1561 3211 71 21 Town
1647 3210 27 26 is,
1684 3209 23 22 in
1721 3208 50 27 fact,
1782 3208 94 28 already

1291 3238 94 26 created,
1394 3238 31 28 by
1434 3237 37 23 the
1482 3236 167 23 concentration
1663 3236 27 22 of
1703 3234 37 23 the
1749 3235 126 27 Surveying

1291 3264 58 22 Staff
1354 3272 29 14 on
1393 3264 49 22 that
1450 3266 55 26 spot,
1517 3271 24 14 as
1550 3264 38 21 the
1599 3266 74 20 centre
1689 3262 26 22 of
1724 3262 151 21 communica-

1291 3292 47 20 tion
1347 3294 22 19 to
1379 3291 38 22 the
1424 3290 150 27 surrounding
1584 3289 98 28 district;
1697 3288 38 23 the
1745 3288 98 22 erection
1853 3289 26 21 of

1291 3318 89 23 Messrs.
1392 3317 116 23 KebbeU's
1522 3318 50 21 Saw
1588 3316 63 23 Mills
1668 3314 96 30 opposite
1771 3322 5 20 ;
1793 3315 31 27 by
1837 3314 38 23 the

1291 3348 163 25 arrangements
1466 3345 36 21 for
1516 3351 29 15 an
1562 3343 115 22 extensive
1688 3340 96 25 General
1797 3342 63 22 Store
1868 3349 6 21 ;

1291 3371 45 23 and
1345 3372 28 28 by
1381 3372 38 22 the
1427 3372 44 22 late
1481 3370 134 33 application
1621 3370 34 22 for
1663 3377 15 14 a
1684 3368 108 25 Licensed
1797 3368 78 23 House

1290 3406 28 14 on
1327 3398 37 22 the
1372 3402 51 25 part
1432 3399 26 21 of
1468 3405 30 15 an
1507 3396 124 23 individual
1644 3396 50 23 who
1708 3396 47 27 has,
1765 3395 61 22 since
1837 3396 38 22 the

1290 3426 117 22 formation
1425 3426 32 21 of-
1463 3425 39 22 the
1518 3424 93 27 Colony,
1625 3422 97 29 pursued
1738 3429 14 15 a
1769 3422 107 23 lucrative

1282 3461 5 12 ;
1291 3452 62 22 trade
1362 3453 54 22 with
1424 3452 39 22 die
1471 3452 95 26 natives,
1576 3450 47 23 and
1632 3450 74 22 whose
1717 3448 130 28 knowledge
1853 3450 27 21 of

1290 3479 38 23 the
1338 3479 134 27 advantages
1482 3479 26 21 of
1513 3478 40 22 the
1562 3477 103 29 position,
1671 3475 117 30 prompted
1796 3473 49 25 him
1854 3478 25 21 at

1291 3513 56 15 once
1356 3510 23 18 to
1386 3507 75 27 prefer
1468 3506 51 22 that
1531 3504 142 28 application.

1316 3532 48 23 The
1373 3533 93 23 Natives
1480 3533 32 27 by
1520 3532 75 22 whom
1610 3531 44 22 this
1663 3529 54 24 land
1727 3536 44 15 was
1781 3529 96 23 claimed

1278 3571 4 5 -
1289 3566 38 16 are
1338 3560 59 27 quite
1406 3559 109 29 prepared
1524 3561 22 19 to
1555 3558 52 28 give
1613 3565 30 21 up
1649 3556 131 30 possession,
1787 3556 46 23 and
1839 3564 38 15 are

1289 3587 145 27 exceedingly
1444 3583 94 34 anxious
1550 3589 23 18 to
1588 3585 58 22 have
1656 3592 14 14 a
1679 3584 118 28 European
1804 3591 73 21 popu-

1287 3613 70 23 lation
1366 3620 84 20 among
1458 3613 68 27 them,
1536 3612 85 29 having
1637 3611 58 22 been
1703 3617 59 21 upon
1771 3610 40 23 the
1818 3613 61 20 moat

1287 3640 97 28 friendly
1390 3641 87 26 footing
1486 3639 55 23 with
1548 3639 39 22 the
1599 3639 126 27 Surveying
1734 3637 58 23 Staff
1796 3638 83 29 during

1278 3667 47 23 -the
1334 3667 50 23 four
1393 3675 25 15 or
1426 3667 44 23 five
1479 3666 90 22 months
1577 3666 55 27 they
1651 3665 59 27 haye
1724 3664 63 28 been.
1790 3664 90 23 located

1286 3695 71 23 there.
1392 3693 3 7 '
1481 3692 75 27 MC'
1579 3704 30 15 .-..
1623 3711 7 5 -
1639 3696 9 15 s
1726 3714 3 4 .
1777 3706 9 16 .>•
1821 3694 5 23 .'
1874 3694 8 26 ';

1316 3721 79 22 Affthe
1402 3720 139 28 Proprietors
1550 3726 94 21 purpose
1653 3722 24 19 to
1686 3719 122 32 disposß<t>f
1813 3719 42 21 but
1865 3725 13 15 a

1286 3747 86 23 limited
1386 3747 89 27 portion
1492 3747 27 22 of
1529 3747 40 23 the
1581 3747 72 22 Town
1668 3749 25 19 at
1708 3747 95 26 present,
1823 3745 57 22 they

1286 3774 79 29 pledge
1375 3774 134 24 themselves
1517 3773 55 28 that,
1583 3777 25 18 at
1616 3780 30 16 no
1664 3772 74 25 future
1746 3771 64 27 sales,
1821 3771 59 23 shall

1287 3796 177 28 thWallotnaents
1472 3800 29 22 be
1510 3803 40 25 put
1556 3807 31 20 up
1597 3803 24 19 at
1630 3807 14 15 a
1653 3796 52 26 less-
1708 3797 48 23 siim
1758 3798 62 25 .than
1829 3806 51 15 now

1285 3827 94 23 offered;
1402 3836 3 7 '
1450 3833 2 5 '
1475 3845 14 11 »
1653 3826 3 5 '
1684 3836 10 8 *'

1315 3850 25 30 £
1355 3847 134 35 Prospectul
1506 3852 48 22 and
1572 3852 57 22 Plan
1649 3849 77 27 bflthe
1743 3850 70 23 Town

1285 3881 88 27 shortly
1380 3880 109 27 .bß«ready
1497 3880 35 21 for
1541 3879 130 27 inspection'
1675 3875 207 33 -at^he^Ofiices'of

1288 3909 92 24 Heaves.
1390 3907 71 27 -W^itt
1468 3906 48 22 and
1524 3906 76 27 Tyser,
1611 3906 31 21 Te
1651 3898 78 44 As%
1736 3923 26 7 _

1284 3932 178 37 fcjw'alilngton,
1473 3938 66 29 April
1547 3941 35 26 22,
1594 3939 60 22 1842.
1673 3934 23 24 -''
1740 3934 48 32 ,#
1804 3962 3 3 .
1826 3935 6 6 '

2135 705 107 26 Found,

1898 736 52 48 A
1971 729 172 31 Prismatic
2169 738 177 33 compass,^
2408 748 74 16 owner

1977 771 53 19 may
2039 764 55 21 have
2103 764 38 22 the
2150 772 61 14 same
2221 772 30 16 on
2261 766 131 28 application
2404 771 23 19 to
2436 769 45 22 Mr.

1900 788 83 28 Kettle,
1994 794 24 17 at
2027 790 38 22 the
2075 791 83 27 Survey
2169 791 78 23 Office.

1926 820 101 28 January
2035 823 35 25 20,
2082 823 60 21 1843.

1899 865 86 26 Land,
1995 866 56 21 and
2065 866 158 23 unselected
2237 868 77 22 Land
2329 870 98 21 Orders
2442 870 42 21 for

2021 893 68 26 Sale,
2105 899 36 16 on
2155 894 98 22 liberal
2268 897 92 20 terms.

1900 922 69 53 TO
1983 926 40 22 BE
2038 926 86 27 SOLD,
2141 927 30 28 by
2185 928 86 27 private
2288 933 107 24 contract,
2415 929 70 26 single

1962 953 96 22 sections
2066 960 28 14 on
2105 950 36 25 the
2150 955 110 26 principal
2265 955 57 22 lines
2329 956 24 21 in
2361 955 38 23 the
2409 956 77 22 vallies

1890 978 4 23 '.
1901 978 26 22 of
1938 979 38 21 the
1988 980 59 21 Hufc
2056 980 44 21 and
2108 980 38 22 the
2162 980 124 28 Horokiwi,
2297 982 46 22 and
2358 989 28 15 on
2395 982 38 23 the
2442 983 44 21 Po-

1901 1005 61 22 rirua
1970 1006 65 21 Road
2042 1014 7 19 ;
2065 1006 44 22 also
2124 1006 80 22 blocks
2219 1007 27 22 of
2255 1007 60 28 land,
2334 1009 27 21 of
2371 1012 42 19 two
2428 1009 58 22 hun-

1902 1031 69 22 dred.
1975 1032 47 22 and
2039 1032 62 22 three
2119 1033 104 22 hundred
2241 1041 63 15 acres
2323 1035 61 28 each,
2404 1036 24 22 in
2448 1035 45 23 the\

1901 1057 134 27 iminediat*e,
2036 1073 4 14 ;
2037 1059 92 28 vicinity
2140 1060 75 22 of-the
2225 1061 69 22 Town
2304 1061 27 23 of
2341 1062 146 28 Wellington.

1902 1082 64 30 Also,
2067 1086 33 22 for
2117 1090 96 25 country
2221 1087 54 23 land
2291 1088 45 22 still
2344 1088 140 28 junselected,

1891 1112 82 23 v-either
1983 1112 72 28 singly
2066 1120 25 14 or
2099 1113 23 21 in
2133 1113 49 28 lots,
2194 1113 46 23 and
2249 1115 52 21 with
2310 1122 27 15 or
2347 1115 93 23 without
2447 1115 39 23 the

1900 1138 71 22 Town
1976 1139 82 27 Acres,
2069 1142 22 19 to
2099 1140 49 21 suit
2150 1140 139 27 purchasers.

1929 1166 76 27 Apply
2014 1168 23 19 to
2046 1166 39 22 Dr.
2096 1166 83 28 Evans,
2192 1167 109 23 Lambton
2313 1168 72 28 Quay.

1899 1197 26 21 .A
1934 1196 79 23 liberal
2023 1197 70 23 credit
2100 1197 67 28 given
2178 1202 23 18 to
2209 1199 138 28 respectable
2357 1200 130 28 purchasers

1950 1230 5 4 '
1991 1224 114 27 intending
2115 1228 23 18 to
2147 1225 66 22 settle
2223 1233 59 20 upon
2293 1226 37 22 the
2339 1227 61 22 land.

2004 1268 180 28 Preliminary
2198 1270 77 21 Land
2291 1271 91 21 Order.

1905 1300 66 48 TO
1987 1300 38 22 BE
2040 1301 87 26 SOLD,
2145 1308 29 15 an
2194 1301 71 23 Order
2281 1302 35 22 for
2332 1302 39 22 the
2388 1303 101 28 Country

1978 1327 70 28 Land,
2059 1331 37 24 yet
2104 1327 130 23 unselected
2235 1340 27 4 —
2263 1333 67 18 terms
2339 1329 84 23 liberal.
2444 1330 45 22 For

1903 1354 138 27 particulars,
2053 1354 66 29 apply
2129 1357 23 19 to

2023 1388 90 23 Messrs.
2129 1389 102 23 Brewer
2246 1390 46 22 and
2304 1383 155 30 BlathwaytJ

1931 1414 101 28 January
2041 1417 33 25 11,
2086 1417 59 21 1843.

2013 1461 76 21 Land
2098 1461 43 21 for
2155 1462 61 21 Sale
2231 1464 29 20 at
2274 1463 105 21 Karori.

1906 1492 89 35 rpEN
2010 1492 96 22 ACRES
2121 1493 26 22 of
2160 1493 87 22 Yule's
2265 1494 111 22 favourite
2395 1494 93 27 section,

1912 1515 30 26 X
1981 1519 99 27 together
2094 1526 25 15 or
2134 1524 107 25 separate,
2258 1521 86 27 having
2357 1528 14 14 a
2388 1521 100 27 frontage

1904 1549 55 19 next
1973 1546 38 22 the
2026 1546 60 27 road,
2102 1546 72 23 which
2188 1547 21 22 is
2223 1547 92 27 already
2324 1547 66 22 made
2406 1551 49 24 past
2463 1548 26 22 it.

1904 1573 76 28 Apply
1990 1576 21 18 to

2279 1601 45 22 Mr.
2337 1601 123 22 'Brandon.

1931 1627 101 28 January
2042 1628 32 26 13,
2086 1628 60 21 1843.

1949 1672 39 20 To
2002 1672 34 20 be
2051 1672 49 21 Let
2114 1677 36 15 on
2165 1672 159 27 improving
2336 1672 109 26 Leases,

1905 1706 82 48 NO.
2000 1706 28 22 47
2043 1705 43 22 ON
2099 1705 65 22 THE
2179 1705 93 28 HUTT,
2290 1706 45 22 and
2352 1706 45 22 No.
2407 1707 40 21 312
2461 1714 30 14 on

1972 1733 38 21 the
2027 1733 146 26 Manawatu,
2191 1736 23 18 to
2228 1733 28 21 be
2271 1733 31 22 let
2322 1740 30 15 on
2366 1733 126 28 improving

1904 1759 78 28 leases,
1992 1760 25 21 in
2026 1759 68 22 farms
2105 1759 25 22 of
2141 1759 57 22 from
2207 1760 13 21 5
2231 1762 22 19 to
2262 1761 28 21 20
2299 1767 70 15 acres.

1932 1787 44 22 For
1985 1786 86 22 further
2079 1787 132 27 particulars
2222 1787 66 27 apply
2298 1789 23 19 to

2199 1818 111 23 William
2321 1819 170 22 Fitzherbert.

1905 1845 99 27 January
2014 1847 20 25 3,
2047 1846 59 21 1843.

2006 1891 106 27 SEEAR,
2127 1886 140 30 Carpenter
2281 1891 45 22 and
2339 1891 112 26 Builder,
2456 1898 37 14 re-

1918 1913 41 27 W
1977 1929 11 10 •
2018 1917 122 28 spectfully
2143 1914 131 33 anndunces
2281 1921 21 18 to
2308 1918 39 22 the
2356 1917 137 23 inhabitants

1906 1945 26 21 of
1948 1945 53 22 Port
2020 1944 134 28 Nicholsdn,i
2165 1941 93 25 tlfaiJ^he
2267 1945 41 21 has
2318 1944 126 27 completed
2458 1944 35 22 his

1905 1979 50 15 new
1973 1971 133 28 workshops,
2117 1970 46 23 and
2171 1969 21 24 is
2209 1978 51 19 now
2277 1971 70 28 ready
2363 1974 23 20 to
2401 1971 52 28 give
2468 1972 25 21 in

1903 1999 103 23 Tenders
2014 1999 36 21 for
2059 1997 37 23 the
2105 1997 99 26 erection
2210 1996 160 31 'qpßuildings.
2455 2002 21 14 a,
2487 2009 19 6 --

1933 2030 191 26 Manners-street,
2135 2029 31 22 Te
2176 2029 54 27 Aro,
2242 2029 58 22 Nov.
2311 2030 22 20 9.
2448 2058 41 5 __^

2091 2074 35 21 W.
2142 2074 34 22 M.
2192 2074 108 27 SMITH,

1906 2116 58 14 LATE
1974 2114 237 16 SURVEYOR-GENERAL
2221 2114 28 14 TO
2261 2114 46 15 THE
2322 2114 51 14 NEW
2387 2114 106 14 ZEALAND

2141 2140 114 16 COMPANY.

1933 2167 143 25 Surveyor,
2091 2166 212 26 Draughtsman,
2319 2165 56 22 and
2387 2165 76 21 Land

2149 2193 102 25 Agent.

1906 2223 176 27 Tinakori-road,
2094 2223 102 27 January
2208 2224 21 26 4,
2241 2224 60 21 1843.

1906 2270 64 26 Ship
1985 2269 85 21 Hotel
2084 2269 21 20 &
2119 2269 115 24 Tavern,
2249 2269 132 21 Manners
2397 2269 95 24 Street,

2056 2302 40 22 BY
2109 2302 88 22 JOHN
2211 2302 132 27 FULLER,

1907 2342 80 20 WINES,
1999 2342 95 20 SPIRITS,
2105 2341 46 15 AND
2160 2342 65 14 MALT
2234 2342 98 15 LIQUORS
2343 2342 27 14 OF
2380 2340 113 16 SUPERIOR

2145 2368 109 16 QUALITY.
2350 2380 8 7 ,

1980 2394 155 23 Commodious
2145 2401 75 15 rooms
2229 2394 53 22 with
2291 2394 58 27 good
2357 2393 63 23 beds.

1933 2428 93 20 Dinners
2042 2428 38 25 got
2099 2427 65 26 ready
2183 2432 28 15 on
2230 2427 35 20 the
2278 2427 93 21 shortest
2390 2426 75 20 notice.

1989 2467 31 15 AN
2030 2467 117 14 ORDINARY
2159 2466 71 15 DAILY
2241 2466 27 15 AT
2279 2460 14 20 2
2310 2458 103 22 O'CLOCK.

2080 2505 140 21 Lambton
2236 2505 84 26 Quay.

1907 2540 51 49 A
1973 2538 103 23 HOUSE
2089 2538 40 21 TO
2143 2538 40 21 BE
2197 2538 87 26 SOLD,
2294 2539 29 20 30
2336 2537 45 22 feet
2397 2537 59 27 long,
2468 2538 27 21 16

1987 2566 45 21 feet
2051 2564 63 27 wide,
2131 2564 64 23 brick
2214 2564 62 23 walls
2291 2564 45 23 and
2352 2564 70 22 slated
2440 2564 55 27 roof,

1907 2593 53 22 with
1969 2600 14 15 a
1999 2592 132 22 convenient
2148 2592 127 21 out-house.
2303 2591 46 22 For
2358 2591 135 28 particulars,

1908 2620 65 28 apply
1982 2622 22 19 to

2115 2645 26 22 T.
2152 2645 73 27 Poad,
2236 2644 72 23 Smith
2318 2644 46 23 and
2373 2644 94 22 Farrier.

1933 2679 55 22 Two
1999 2686 58 14 cows
2067 2677 43 23 and
2119 2677 52 22 half
2176 2685 14 15 a
2199 2680 39 19 ton
2248 2677 26 22 of
2279 2677 58 23 flour
2342 2677 44 23 will
2392 2677 29 22 be
2427 2676 69 22 taken

1907 2706 23 21 in
1941 2709 50 24 part
1999 2707 112 26 payment.

2011 2756 40 20 To
2067 2761 45 21 my
2126 2755 106 22 Fellow
2246 2754 149 21 Colonists.

1910 2790 133 32 npHREE
2057 2797 70 20 years,
2143 2797 25 14 or
2180 2789 63 23 there
2254 2789 74 26 about,
2344 2789 12 22 I
2371 2788 58 22 have
2438 2788 58 22 been

1915 2811 30 28 X
1969 2818 24 21 in
2011 2817 44 22 this
2072 2817 96 26 Colony;
2193 2817 53 21 with
2263 2824 37 19 my
2317 2815 73 23 hands
2409 2815 12 22 I
2439 2815 57 22 have

1908 2844 95 27 worked,
2016 2844 44 21 and
2069 2843 52 22 with
2131 2847 38 18 the
2183 2846 68 19 sweat
2261 2843 26 22 of
2297 2850 40 20 my
2346 2843 61 21 brow
2417 2842 12 22 I
2439 2842 57 22 have

1908 2870 89 23 erected
2012 2878 13 14 a
2039 2870 102 27 building
2155 2869 73 23 which
2245 2870 12 21 I
2266 2877 50 14 now
2330 2876 93 20 occupy.
2451 2869 47 21 For

1907 2897 44 22 this
1960 2897 104 28 building
2074 2897 11 22 I
2095 2897 57 22 have
2159 2897 54 28 paid
2222 2897 69 21 about
2299 2893 62 25 £150
2371 2897 22 21 of
2401 2903 40 20 my
2446 2902 50 15 own

1907 2926 87 26 mohey,
2013 2925 45 21 and
2075 2923 12 22 I
2104 2931 37 14 am
2155 2923 46 22 still
2214 2923 110 23 indebted
2337 2923 47 24 £35
2405 2923 51 26 135.,
2473 2922 27 22 of

1901 2949 80 24 'which
2000 2951 64 22 there
2085 2951 19 21 is
2121 2950 48 22 £14
2188 2950 44 22 due
2250 2953 24 19 to
2293 2949 36 22 W.
2349 2949 146 26 Fitzherbert,

1908 2978 81 28 squire.
2001 2997 4 4 .
2027 2978 40 22 Six
2084 2978 73 20 weeks
2175 2976 79 28 to-day
2273 2976 13 22 I
2303 2975 105 23 received
2424 2975 71 28 goods

1907 3005 59 22 ftoin
1973 3004 56 28 Kirn,
2040 3003 43 23 and
2096 3011 49 14 now
2161 3003 13 22 I
2191 3003 58 22 have
2260 3002 104 23 received
2373 3010 14 14 a
2394 3001 104 29 lawyer's

1907 3031 66 23 letter
1981 3028 40 25 %r
2030 3030 38 23 the
2079 3033 92 19 amount
2187 3030 26 22 of
2223 3030 49 22 that
2281 3029 48 23 bill.
2358 3029 11 22 I
2385 3029 57 22 have
2455 3028 43 22 left

1908 3062 40 19 out
1957 3058 31 23 all
1996 3065 39 20 my
2043 3065 82 20 money
2135 3057 50 22 that
2201 3057 11 22 I
2223 3057 65 22 have.
2319 3056 11 22 I
2340 3056 57 28 hope
2408 3055 47 23 that
2465 3055 31 23 all

1908 3085 26 22 of
1938 3093 47 20 you
1994 3085 48 22 that
2051 3092 37 15 are
2097 3084 109 22 indebted
2215 3087 22 18 to
2247 3091 36 14 me
2293 3083 45 22 will
2347 3083 43 22 call
2400 3083 46 22 and
2452 3090 44 20 pay

1906 3119 37 15 me
1952 3119 56 21 your
2016 3114 106 19 accounts
2131 3111 50 22 that
2189 3111 19 22 is
2221 3111 42 22 due
2274 3113 22 19 to
2307 3118 43 19 me,
2363 3110 48 22 that
2421 3110 11 22 I
2442 3116 53 21 may

1906 3142 39 24 get
1959 3142 38 19 out
2013 3139 26 22 of
2054 3139 38 21 the
2106 3138 74 22 hands
2197 3138 26 21 of
2244 3138 38 21 the
2300 3138 75 27 squire
2394 3137 45 22 and
2444 3137 2 6 1
2456 3136 38 22 the

2024 3166 66 21 From
2098 3172 57 20 your
2162 3164 94 23 humble
2266 3166 98 25 servant,

2161 3203 5 5 *
2190 3219 3 3 .
2284 3198 98 22 Thomas
2397 3197 71 22 Poad.

1907 3233 187 28 Lambton-quay,
2105 3232 102 27 January
2217 3233 33 26 14,
2262 3233 62 21 1843.

2034 3279 57 20 Ten
2105 3278 123 21 Guineas
2242 3277 126 22 Reward.

1908 3312 113 50 LOST,
2034 3314 23 19 at
2066 3319 24 14 or
2100 3311 104 22 between
2213 3311 121 24 Waikanai
2344 3310 45 22 and
2397 3310 99 26 Porirua,

1994 3347 14 14 a
2031 3339 65 22 small
2120 3338 145 22 Mackintosh
2289 3338 55 27 Bag,
2369 3337 129 26 containing

1908 3366 87 23 Letters
2025 3366 46 22 and
2098 3365 90 28 Papers,
2214 3365 38 22 the
2280 3367 105 25 property
2412 3365 27 21 of
2460 3363 36 22 W.

1908 3393 135 27 Searancke,
2060 3393 65 27 Esq.;
2141 3393 47 21 also
2203 3392 86 22 several
2305 3387 103 32 Cheques
2422 3391 76 21 drawn

1908 3427 29 18 on
1957 3420 38 22 the
2015 3420 77 22 Union
2110 3419 66 22 Bank
2195 3419 26 22 of
2237 3418 121 27 Australia,
2378 3418 31 27 by
2428 3417 21 22 J.
2469 3417 27 21 T.

1908 3446 137 23 Wicksteed.

1936 3481 55 27 Any
1999 3487 81 20 person
2089 3480 89 27 finding
2187 3480 38 22 the
2235 3486 68 20 same,
2312 3478 45 22 and
2368 3476 104 27 bringing
2478 3475 20 22 it

1908 3511 23 19 to
1941 3507 38 23 the
1990 3507 71 23 Office
2072 3507 25 22 of
2111 3507 71 22 either
2192 3507 38 22 the
2239 3507 54 20 New
2306 3505 96 21 Zealand
2411 3504 87 20 Gazette

1909 3542 25 15 or
1945 3535 97 26 Colonist,
2054 3534 49 22 will-
2107 3534 89 22 receive
2207 3533 37 22 the
2255 3533 71 21 above
2334 3530 92 24 reward.

1936 3568 102 27 January
2048 3569 33 25 10,
2092 3568 60 21 1843.
2170 3584 6 5 >
2201 3573 8 21 \
2251 3589 5 5 ,

1936 3614 41 20 To
1988 3607 479 33 Ship-builders*a£i<l.>Ship-owners.

1912 3645 73 50 ON
1999 3645 79 22 SALE
2091 3635 278 36 by.^undersigned:—
2418 3647 3 10 '
2456 3664 4 3 .

1975 3671 105 24 Anchors
2090 3677 26 16 or
2127 3669 30 23 all
2166 3670 64 27 sizes,
2418 3684 7 8 ,

1938 3699 73 22 Chain
2020 3698 73 23 cables
2103 3697 51 26 and.
2161 3696 63 22 short
2237 3693 78 24 linked
2330 3693 84 27 chains,
2425 3693 73 22 tested

1910 3727 31 27 by
1950 3734 14 14 a
1972 3725 135 28 hydrostatic
2117 3723 89 27 engine,
2213 3720 99 24 assorted
2321 3721 57 22 sizes
2387 3720 45 23 and
2442 3727 55 15 war-

1910 3753 85 27 ranted,
2014 3761 14 11 ••
2063 3759 33 14 ,i>
2111 3765 24 8 .••
2154 3761 3 6 <
2169 3758 7 12 t
2204 3751 33 19 z\--
2267 3752 12 16 *

1938 3779 108 23 Bitheads
2053 3777 45 26 and
2107 3782 64 19 spare
2180 3775 109 26 shackles*

1938 3805 113 23 Windlass
2060 3800 67 26 metal
2136 3803 24 23 in
2171 3801 111 28 complete
2291 3803 60 26 setts,

1902 3849 3 10 ,
1938 3832 113 23 Mariners
2061 3836 129 21 compasses,
2427 3829 37 25 •v;
2470 3840 5 2 -

1903 3862 5 18 1
1938 3859 48 22 Sail
1994 3864 92 16 canvass
2094 3857 51 21 and.
2148 3856 75 26 twine,
2368 3863 12 10 •<

1904 3890 4 7 4
1939 3883 72 29 Pitch,
2022 3888 41 23 tar,
2074 3884 40 22 &c.
2124 3883 40 22 &c.
2449 3885 42 14 •*'-*

2275 3908 89 23 Willis
2374 3916 46 15 and
2430 3908 38 22 Co.

1903 3932 108 30 October
2021 3939 33 25 11,
2065 3937 60 23 1842.
