2540 4029
1901 131 50 24 that
1961 132 37 24 his
2009 132 111 25 intention
2131 135 20 23 is
2162 139 24 20 to
2197 136 69 31 adopt
2276 144 115 18 measures
2407 139 77 25 which

1900 164 47 24 will
1966 165 84 25 relieve
2071 165 116 27 Israelites
2204 169 59 25 from
2281 170 40 23 the
2342 171 141 25 restrictions

1900 197 103 31 imposed
2013 206 30 16 on
2054 198 71 30 them,
2137 200 44 24 and
2191 201 46 24 will
2256 210 79 16 secure
2354 203 59 24 their
2423 205 60 23 rela-

1900 230 61 24 tions
1978 230 55 25 with
2051 231 116 25 Christian
2184 236 166 29 communities,
2362 235 31 32 by
2404 238 80 31 giving

1901 266 24 20 to
1943 263 59 24 their
2011 265 88 30 private
2110 265 106 27 interests
2233 275 63 17 more
2313 268 171 32 independence

1901 295 43 24 and
1956 296 120 32 authority,
2081 298 99 31 through
2200 298 38 24 the
2257 300 121 25 formation
2391 301 26 25 of
2431 309 52 17 cor-

1899 329 125 30 porations.
2059 330 84 25 Means
2153 331 47 24 will
2209 332 28 23 be
2245 332 54 25 thus
2310 334 100 25 afforded
2421 334 63 25 them

1899 365 24 19 to
1934 362 52 30 give
1998 362 59 24 their
2067 362 103 26 faculties
2182 373 14 15 a
2213 370 90 26 greater
2314 365 170 34 developement

1899 393 57 25 both
1965 395 26 23 in
2011 391 246 44 their^^uiinterest,
2270 398 45 24 and
2334 399 50 24 that
2404 400 26 23 of
2444 400 40 25 the

1900 426 118 25 Christian
2037 428 146 32 population;
2202 430 42 24 but
2261 430 40 24 the
2319 431 66 32 King
2403 432 81 25 thinka

1899 460 19 22 it
1936 466 120 26 necessary
2073 466 23 20 to
2116 463 75 23 attach
2209 463 31 24 all
2260 463 64 25 those
2344 465 140 31 advantages

1899 496 23 19 to
1934 493 127 24 conditions
2073 494 69 25 based
2150 503 30 16 on
2186 496 38 24 the
2233 504 95 17 essence
2336 497 27 24 of
2371 506 13 16 a
2393 498 91 24 Christ-

1899 525 38 26 ian
1948 531 68 25 state,
2028 527 122 32 according
2170 533 23 19 to
2212 529 74 24 which
2303 531 20 23 it
2342 531 21 23 is
2380 536 41 19 not
2431 539 53 23 per-

1899 559 80 23 mitted
1988 564 22 19 to
2022 564 68 26 grant
2100 560 39 24 the
2150 560 121 26 Israelites
2289 571 45 23 any
2344 571 77 24 power
2431 572 53 16 over

1899 590 38 24 the
1951 591 137 32 Christians,
2101 601 26 16 or
2137 601 45 24 any
2193 595 122 31 privileges
2325 596 73 24 which
2410 597 74 24 would

1899 623 28 24 be
1948 624 125 25 calculated
2092 630 23 19 to
2136 634 68 16 cause
2226 635 14 16 a
2261 628 116 32 prejudice
2399 635 24 19 to
2445 629 38 25 the

1900 656 116 26 Christian
2043 660 167 24 communities.
2256 660 52 26 The
2329 663 155 30 preservation

1899 689 30 25 of
1938 690 39 24 the
1989 690 74 32 rights
2074 692 95 31 enjoyed
2186 693 31 31 by
2229 693 39 24 the
2280 694 129 26 Christians
2421 700 63 20 must

1898 724 163 31 consequently
2073 726 186 24 counterbalance
2279 727 39 24 the
2336 729 148 31 suppression

1898 755 27 24 of
1939 756 64 24 these
2014 758 151 24 restrictions.
2167 771 35 4 —
2202 759 39 23 De
2252 759 107 24 Bochow.

1954 839 209 26 COLONIAL
2193 841 232 27 EXTRACTS.

707 178 60 25 The
785 179 158 27 Estimates.
944 193 34 6 —
978 182 40 24 An
1028 183 57 24 item
1095 190 28 17 or
1132 188 45 19 two
1188 185 24 23 in
1224 183 38 26 the

674 209 127 28 Gstimates
812 212 43 25 has
866 214 111 30 procured
986 214 37 25 for
1034 223 23 17 a.
1058 214 100 26 colonial
1174 216 90 33 subject

674 244 40 24 the
724 252 52 17 rare
789 245 89 25 honour
896 246 26 24 of
944 255 14 16 a
974 248 97 32 passing
1087 249 75 24 notice
1179 251 24 23 in
1224 249 38 24 the

674 277 82 24 House
768 278 26 24 of
803 279 134 25 Commons.
972 280 52 25 The
1034 282 108 31 proposal
1151 282 26 24 of
1185 291 15 15 a
1210 287 51 23 vote

673 309 25 24 of
707 312 72 23 £600
790 311 36 23 for
834 320 15 15 a
859 312 88 32 Bishop
958 313 24 23 in
989 313 59 24 New
1054 313 111 32 Zealand,
1172 315 89 24 elicited

673 339 72 28 some'
761 351 56 24 very
846 345 138 24 economical
1004 346 105 25 remarks
1129 348 60 24 from
1211 348 48 25 Mr.

675 375 86 31 Hume,
775 376 48 25 Mr.
834 377 97 25 Vernon
942 378 84 30 Smith,
1039 379 46 25 and
1097 380 77 25 others
1182 390 7 20 ;
1211 381 50 25 who

672 416 62 16 seem
744 414 23 18 to
779 409 28 24 be
819 410 127 32 impressed
956 411 30 31 by
996 415 44 20 two
1058 414 78 30 points
1137 425 33 6 —
1170 414 50 24 that
1236 419 24 20 to

671 449 46 24 pay
736 449 15 16 a
768 442 89 33 Bishop
871 444 21 23 is
907 451 14 16 a
939 444 82 24 breach
1036 446 28 23 of
1084 446 39 24 the
1141 446 119 32 voluntary

671 475 119 31 principle,
813 476 45 24 and
876 477 21 23 it
916 477 22 23 is
956 484 56 24 very
1028 477 138 32 unpleasant
1182 484 23 19 to
1210 488 51 24 -pay

672 507 113 33 anything
794 508 35 25 for
847 517 62 16 mere
925 508 107 26 colonies.
1079 510 52 26 The
1153 512 106 30 colonies,

671 540 54 32 they
737 548 49 25 say,
799 542 72 31 ought
880 546 24 20 to
915 550 46 24 pay
970 542 36 24 for
1017 543 66 28 their,
1088 552 51 17 own
1149 545 108 32 Bishops.

671 573 105 33 Perhaps
794 574 54 32 they
866 574 83 25 should
949 588 33 5 —
982 575 99 33 perhaps
1099 578 55 31 they
1175 579 82 25 would.

672 606 47 24 But
730 607 46 23 will
787 607 64 25 these
865 608 96 31 diligent
978 610 136 24 economists
1135 612 68 32 apply
1220 612 38 24 the

671 647 109 16 converse
792 640 26 24 of
831 640 39 24 the
881 641 58 29 rule,
956 641 45 24 and
1011 643 55 30 give
1076 647 23 20 to
1110 644 39 24 the
1160 645 98 23 colonies

671 672 40 24 the
728 672 45 24 full
790 673 85 25 benefit
892 673 106 26 thereof?
1051 675 27 25 If
1092 677 55 31 they
1168 677 90 25 enforce

671 705 176 33 Voluntaryism
864 708 25 23 in
907 707 169 31 ecclesiastical,
1098 710 48 24 will
1163 711 54 31 they
1233 711 24 23 in

671 739 53 23 civil
735 740 78 24 affairs
822 740 10 24 ?
877 740 58 24 Will
946 740 62 33 they,
1020 741 36 25 for
1074 743 110 30 instance,
1208 748 49 28 step

670 771 97 25 forward
787 777 24 20 to
828 773 83 24 relieve
929 773 88 25 British
1036 774 92 26 Guiana
1144 776 59 25 from
1219 776 38 25 the

670 805 100 24 burthen
782 806 25 24 of
822 814 14 16 a
846 807 54 23 civil
910 806 48 30 list,
970 807 52 32 paid
1037 807 32 32 by
1087 817 14 16 a
1119 811 139 30 community

671 838 142 32 undergoing
834 839 38 24 the
895 841 73 24 active
989 848 94 24 process
1106 843 26 24 of
1150 844 60 28 ruin,
1234 847 23 20 to

671 871 89 25 officers
772 873 121 31 appointed
905 873 30 32 by
953 874 38 24 the
1011 874 79 25 Home
1109 875 146 30 Goverment,

671 909 22 18 at
705 909 60 20 rates
777 906 94 23 exacted
881 907 32 30 by
928 906 38 25 the
984 907 78 24 Home
1083 908 155 25 Government
1247 910 8 24 ?

671 937 26 24 If
712 938 55 33 they
779 939 66 23 insist
857 947 30 16 on
897 939 119 25 Australia
1027 941 86 32 paying
1123 943 35 23 for
1168 943 31 23 its
1208 950 49 16 own

671 971 108 32 Bishops,
793 980 25 16 as
829 972 54 32 they
895 973 44 23 and
958 973 63 24 Lord
1041 974 96 32 Stanley
1156 976 35 29 do,
1212 976 45 23 will

671 1004 54 31 they
735 1005 49 23 also
796 1006 44 23 call
850 1014 62 24 upon
924 1006 37 24 the
973 1006 110 25 Minister
1093 1013 23 19 to
1134 1009 67 24 make
1219 1009 38 23 the

672 1037 88 25 United
770 1038 117 32 Kingdom
899 1047 45 24 pay
954 1041 35 23 for
1001 1041 39 23 the
1055 1041 59 32 keep
1127 1042 26 23 of
1165 1042 30 24 its
1208 1049 48 16 own

669 1070 75 25 felons
768 1072 119 31 quartered
909 1074 25 22 in
950 1073 57 24 New
1024 1074 75 24 South
1117 1075 78 24 Wales
1213 1075 44 24 and

669 1103 56 25 Van
736 1104 120 25 Diemen's
867 1105 76 30 Land,
960 1106 44 24 and
1021 1107 53 30 paid
1091 1108 36 23 for
1146 1108 29 32 by
1193 1108 64 24 those

671 1136 100 25 colonies
779 1138 10 23 ?
841 1138 65 24 Lord
936 1139 96 31 Stanley
1041 1158 4 4 .
1055 1140 87 32 objects
1170 1147 23 18 to
1218 1141 39 24 the

670 1171 141 30 proposition
822 1170 49 24 that
883 1171 46 23 this
938 1176 50 19 vast
1005 1173 86 31 empire
1110 1174 81 24 should
1213 1183 44 23 pay

669 1202 73 24 £600
753 1211 15 15 a
779 1211 54 23 year
841 1204 37 23 for
890 1211 14 16 a
919 1204 88 32 Bishop
1024 1206 24 22 in
1067 1206 53 24 Van
1139 1208 118 24 Diemen's

669 1234 68 24 Land
744 1245 6 20 ;
763 1236 42 24 but
815 1236 30 24 he
856 1237 20 23 is
888 1238 63 30 quite
960 1242 92 20 content
1059 1238 49 25 that
1116 1240 58 24 New
1184 1241 73 24 South

669 1267 79 25 Wales
760 1268 82 25 should
852 1277 45 25 pay
911 1271 115 29 £97,000
1045 1280 14 15 a
1074 1281 54 22 year
1139 1274 35 24 for
1184 1274 73 31 police

669 1301 44 24 and
725 1302 53 31 gaol
789 1310 112 24 expenses
913 1311 30 16 on
955 1310 97 18 account
1063 1306 25 23 of
1102 1307 39 23 the
1149 1307 72 24 felons
1233 1308 24 23 of

669 1334 39 24 the
718 1336 94 31 empire.
848 1336 67 31 They
924 1337 128 25 endeavour
1063 1343 23 19 to
1097 1339 91 32 deprive
1199 1340 58 24 New

791 1369 25 23 of
841 1369 73 25 £600
933 1378 14 16 a
966 1378 53 23 year
1038 1371 36 24 for
1093 1380 14 16 a
1125 1373 96 31 Bishop,
1235 1374 24 23 of

668 1401 75 24 which
760 1401 64 25 Lord
840 1402 95 32 Stanley
946 1402 146 33 disapproves
1101 1414 7 21 ;
1132 1406 42 24 but
1190 1408 66 23 when

667 1442 47 16 was
727 1442 13 16 a
757 1435 74 32 single
848 1436 63 24 word
929 1444 52 16 ever
998 1438 50 24 said
1069 1438 25 24 in
1116 1438 141 27 Parliament

668 1467 70 24 about
749 1469 98 31 Captain
862 1469 120 25 Hobson's
994 1472 157 24 uncontrolled
1169 1481 85 24 expen-

668 1500 74 24 diture
754 1502 27 23 of
794 1510 63 16 some
864 1503 115 30 £30,000
991 1512 14 16 a
1016 1511 55 24 year
1082 1505 36 24 for
1129 1514 29 15 an
1170 1507 83 24 official

669 1534 52 24 civil
733 1535 73 25 staff?
819 1556 12 11 v
847 1536 52 24 The
910 1536 58 25 New
978 1537 103 25 Zealand
1098 1539 108 24 colonists
1217 1549 38 15 are

667 1568 74 31 proud
752 1568 25 24 of
792 1569 59 24 their
861 1569 90 32 Bishop
959 1580 6 20 ;
979 1571 146 32 considering
1136 1572 39 25 the
1186 1573 67 24 insti-

667 1602 82 30 tution,
762 1606 65 28 apart
841 1602 59 25 from
914 1604 303 32 Church-of-Englandism,
1229 1615 25 15 as

667 1642 14 16 a
692 1635 69 24 mark
770 1636 44 24 and
826 1643 78 17 means
916 1637 26 23 of
955 1637 138 25 civilization
1109 1639 73 24 which
1201 1640 54 32 they

666 1668 76 24 would
750 1669 79 31 gladly
846 1677 45 24 pay
907 1669 37 24 for
955 1679 7 21 ;
984 1670 55 31 they
1060 1670 56 25 look
1134 1679 62 24 upon
1215 1673 39 24 the

666 1701 199 32 Downing-street
877 1702 125 31 Governor,
1015 1703 56 25 with
1081 1704 37 24 his
1130 1706 122 24 establish-

665 1738 75 20 ments
762 1735 81 31 placed
859 1740 24 19 at
899 1736 114 25 hundreds
1024 1736 27 24 of
1064 1737 67 24 miles
1144 1739 59 24 from
1214 1740 40 24 the

666 1768 111 32 principal
788 1770 149 29 settlements,
951 1770 44 24 and
1010 1771 142 25 maintained
1171 1773 31 31 by
1214 1774 38 23 the

665 1802 103 23 taxation
791 1802 27 23 of
843 1802 59 24 their
924 1811 77 25 young
1023 1810 133 25 commerce,
1180 1814 26 16 as
1224 1815 28 15 an

664 1834 78 31 iujury
760 1836 90 24 affront.
897 1836 51 24 The
965 1836 90 33 worthy
1073 1839 137 24 economists
1230 1841 25 22 of

664 1867 38 24 the
716 1868 82 25 House
817 1869 25 24 of
854 1879 3 7 '
864 1869 125 25 Commons
1007 1870 73 24 strain
1099 1875 24 20 at
1141 1872 39 25 the
1198 1878 55 26 gnat

664 1901 44 24 and
717 1902 99 24 swallow
827 1902 38 24 the
876 1903 80 25 camel.
958 1915 35 6 —
994 1902 105 26 Colonial
1110 1903 103 28 Gazette.

697 1935 67 24 New
780 1936 136 24 Zealand.
918 1949 34 5 —
953 1937 66 24 Your
1037 1937 138 26 Committee
1194 1938 58 26 have

662 1967 105 25 followed
777 1968 56 24 with
850 1969 57 32 deep
925 1970 96 24 interest
1039 1971 45 23 and
1102 1972 94 32 anxiety
1214 1973 38 24 the

662 2006 119 24 prospects
798 2002 27 22 of
838 2002 39 22 the
894 2003 58 22 New
970 2003 148 28 Zealanders,
1139 2004 25 22 of
1178 2006 74 24 ,rthom

662 2039 70 23 many
754 2034 202 23 communications
975 2034 59 23 have
1062 2034 59 24 been
1140 2037 110 30 received,

663 2072 63 16 some
737 2065 31 30 by
777 2065 117 30 colonists,
906 2066 76 24 whose
991 2067 97 24 number
1099 2076 52 15 now
1158 2075 94 20 amount

664 2102 22 18 to
695 2098 70 23 about
777 2101 98 27 10,000,
888 2100 46 23 and
945 2100 77 24 others
1033 2100 31 31 by
1075 2103 177 32 corresponding

662 2131 114 23 members
788 2131 26 24 of
827 2132 39 24 the
885 2133 95 31 society.
1024 2133 94 24 Almost
1137 2135 31 24 all
1187 2136 64 25 these

662 2165 203 24 communications
876 2173 77 24 agree.
956 2166 54 24 with
1024 2166 39 24 the
1074 2174 109 18 accounts
1197 2177 53 24 pre-

661 2197 89 32 viously
761 2198 103 24 received
873 2206 26 16 as
911 2203 23 19 to
946 2199 38 24 the
995 2199 114 25 excellent
1116 2201 134 31 disposition

662 2230 26 23 of
702 2230 38 24 the
751 2232 95 28 natives,
859 2239 26 16 as
904 2236 23 19 to
945 2232 59 24 their
1022 2233 105 31 aptitude
1144 2239 24 19 to
1187 2241 63 19 enter

660 2264 49 24 into
718 2265 71 23 social
798 2265 165 30 communities,
971 2265 44 25 and
1022 2270 25 20 to
1055 2265 93 26 become
1156 2269 94 24 citizens

662 2297 26 23 of
701 2305 44 16 one
757 2297 44 24 and
813 2298 37 24 the
859 2306 63 17 same
934 2303 66 20 state.
1045 2299 67 25 Your
1121 2302 129 25 committee

661 2330 44 24 feel
716 2331 124 24 convinced
850 2331 60 25 from
921 2331 38 25 the
970 2333 115 32 impartial
1093 2334 44 24 and
1145 2341 105 19 accurate

660 2364 146 25 information
819 2365 53 31 they
883 2366 57 23 have
951 2366 112 30 received,
1076 2366 49 25 that
1136 2368 19 23 if
1171 2377 53 17 ever
1235 2378 14 16 a

660 2398 78 24 nation
755 2398 25 23 of
795 2398 132 25 barbarians
949 2399 67 25 could
1033 2399 29 25 be
1078 2402 96 23 rescued
1190 2403 58 24 from

660 2430 59 25 their
740 2438 51 17 own
813 2431 101 33 helpless
932 2433 118 30 situation,
1071 2434 46 24 and
1134 2435 59 24 from
1210 2436 38 25 the

659 2464 94 24 baneful
773 2465 114 25 influence
913 2466 26 24 of
962 2466 159 31 colonization,
1147 2469 45 24 and
1219 2470 28 23 be

659 2497 104 25 destined
773 2503 24 19 to
808 2498 124 25 contradict
942 2499 40 24 the
992 2500 121 25 fallacious
1125 2501 82 32 dogma
1224 2504 26 23 of

659 2530 38 25 the
709 2538 122 26 necessary
841 2533 176 24 extermination
1028 2534 27 24 of
1069 2534 106 25 coloured
1194 2544 53 17 men

658 2564 30 31 by
699 2564 125 32 European
837 2566 137 30 settlement,
984 2566 39 25 the
1039 2567 58 24 New
1109 2568 137 25 Zealanders

658 2605 38 16 are
720 2598 49 24 that
791 2599 78 24 nation
878 2608 7 19 ;
915 2608 15 16 a
949 2600 74 24 result
1041 2609 58 23 your
1119 2603 127 24 committee

658 2631 122 32 especially
791 2632 129 32 anticipate,
933 2633 58 24 from
1009 2634 40 24 the
1067 2634 54 31 fact,
1140 2634 49 25 that
1207 2636 38 24 the

658 2664 57 24 New
727 2665 138 25 Zealanders
883 2674 38 16 are
942 2674 30 16 an
989 2667 150 32 agricultural
1156 2670 88 31 people,

658 2697 44 24 and
721 2699 144 24 accustomed
883 2703 24 20 to
928 2700 62 25 fixed
1012 2700 134 28 habitation.
1198 2703 47 24 But

657 2730 55 31 they
723 2739 38 16 are
773 2736 24 20 at
813 2732 39 24 the
871 2740 63 17 same
950 2734 57 24 time
1028 2735 113 32 perfectly
1163 2743 81 23 aware,

659 2763 48 24 that
719 2764 38 24 the
767 2765 125 32 advantage
904 2774 52 16 over
967 2767 66 24 other
1045 2768 125 25 barbarous
1181 2777 64 17 races

658 2796 20 23 is
689 2797 27 23 of
729 2805 29 15 no
770 2799 66 28 avail,
845 2799 22 24 if
881 2808 14 15 a
906 2801 133 32 sufficiency
1051 2802 27 24 of
1091 2802 55 24 land
1163 2803 21 24 is
1202 2808 40 19 not

658 2830 95 23 secured
764 2835 23 20 to
798 2831 69 31 them,
887 2840 30 17 on
935 2841 13 16 a
971 2834 100 25 uniform
1090 2836 112 32 principle
1222 2837 26 23 of

657 2869 110 23 reserves,
784 2864 59 24 alike
862 2866 125 31 applicable
1007 2871 24 20 to
1042 2868 39 25 the
1092 2869 66 24 lands
1167 2870 26 23 of
1207 2870 38 24 the

658 2895 164 31 Government,
831 2898 26 23 of
871 2899 39 24 the
921 2899 58 24 New
994 2900 104 26 Zealand
1118 2903 125 32 Company,

657 2929 44 24 and
719 2930 27 23 of
765 2931 87 31 private
874 2931 145 32 purchasers.
1065 2935 37 25 As
1124 2936 39 24 the
1185 2941 60 20 most

655 2962 55 24 vital
737 2965 85 29 point/
831 2964 129 25 therefore^
963 2966 27 24 in
1010 2966 78 26 future
1106 2969 136 32 legislation,

654 3000 63 20 must
727 2996 29 24 be
767 2998 118 30 regarded,
898 2999 49 24 that
956 3000 26 22 of
991 3000 40 24 the
1038 3002 75 23 native
1121 3003 121 25 territorial

654 3029 82 31 rights.
783 3031 38 24 No
843 3036 38 20 act
899 3032 26 24 of
946 3032 39 25 the
1002 3033 133 32 legislature
1152 3035 43 25 has
1206 3040 37 28 yet

653 3064 120 31 appeared,
786 3065 85 32 setting
887 3064 62 26 forth
960 3066 40 25 the
1014 3067 126 26 intentions
1152 3070 26 24 of
1194 3071 48 23 Go-

652 3097 120 24 vernment
789 3099 124 31 regarding
934 3100 84 24 native,
1031 3108 104 22 reserves
1157 3104 25 23 in
1205 3104 37 24 the

653 3129 101 25 districts
765 3132 129 31 purchased
906 3133 31 30 by
946 3133 38 25 the
993 3133 74 25 Local
1086 3135 156 25 Government

653 3163 26 23 of
692 3163 59 24 New
762 3164 110 39 Zealand^
914 3166 39 24 No
972 3167 147 26 information
1128 3169 44 24 has
1182 3170 59 24 been

651 3197 111 29 received,
774 3198 51 24 how
835 3198 39 25 the
886 3200 105 24 eleventh
998 3206 54 27 part
1070 3203 27 23 of
1112 3203 37 24 the
1168 3203 72 29 lands,

652 3234 36 20 set
699 3230 62 24 aside
770 3231 37 24 for
818 3231 37 24 the
866 3234 88 23 natives
963 3234 31 31 by
1006 3234 43 32 the,
1062 3235 59 25 New
1138 3236 102 24 Zealand

652 3262 127 33 Company,
790 3265 21 23 is
820 3265 152 25 adminstered
978 3276 7 19 ;
997 3267 103 27 whether
1108 3269 39 25 the
1153 3271 87 23 natives

651 3303 37 17 are
707 3298 101 23 satisfied
827 3303 23 18 to
869 3306 86 25 occupy
962 3296 49 28 'the
1022 3301 96 25 allotted
1127 3311 111 21 reserves,

650 3328 89 26 instead
751 3331 26 24 of
790 3331 59 24 their
862 3332 85 25 former
964 3334 81 24 homes
1054 3343 6 22 ;
1083 3335 101 25 whether
1201 3336 39 24 the

650 3363 111 24 remaider
776 3364 46 25 had
842 3365 59 24 been
920 3367 96 31 granted
1031 3375 30 17 on
1080 3368 62 25 lease
1155 3370 36 24 for
1201 3369 38 24 the

650 3394 84 27 benefit
745 3397 26 24 of
785 3398 44 26 the.
834 3400 105 29 natives;
958 3401 46 24 and
1024 3402 24 24 in
1066 3401 61 25 what
1144 3410 95 17 manner

650 3427 38 25 the
699 3429 89 26 income
799 3431 93 25 derived
900 3433 61 24 from
972 3433 51 25 that
1034 3443 82 17 source
1127 3436 21 24 is
1157 3443 81 25 appro-

649 3462 96 30 priated.
787 3464 51 25 The
857 3466 59 24 New
935 3468 102 24 Zealand
1052 3468 119 33 Company
1181 3469 58 24 have

649 3497 125 30 expressed
795 3497 60 25 their
874 3499 144 33 willingness
1034 3504 25 21 to
1081 3502 100 25 advance
1201 3502 37 25 the

649 3534 51 19 Bum
718 3530 26 24 of
758 3532 97 28 £5,000
874 3539 30 17 on
921 3538 119 28 mortgage
1056 3534 27 25 of
1103 3535 38 25 the
1162 3537 77 23 native

649 3568 102 19 reserves
761 3568 25 24 to.
796 3564 29 25 be
838 3565 92 32 applied
947 3567 37 24 for
1000 3567 40 24 the
1057 3567 85 26 benefit
1159 3568 27 25 of
1199 3568 39 25 the
1248 3569 2 21 i

649 3595 86 25 natives
745 3596 26 25 in
788 3597 39 25 the
845 3598 123 26 formation
986 3600 28 24 of
1027 3600 93 26 schools
1127 3610 7 21 ;
1155 3602 44 24 but
1218 3602 21 24 it

649 3627 51 25 iocs
711 3633 45 21 not
762 3638 85 25 appear
866 3631 51 25 that
934 3637 101 21 trustees
1054 3634 26 24 of
1101 3635 50 24 that
1170 3639 68 28 grant

649 3668 55 18 aave
725 3671 26 16 as
773 3668 40 27 yet
832 3664 62 25 been
914 3666 124 32 appointed
1038 3680 33 5 —
1071 3675 31 17 an
1128 3669 108 23 omission

649 3694 71 25 which
730 3701 49 20 rest
789 3697 55 25 with
855 3698 40 24 the
904 3699 166 31 Government,
1078 3701 46 25 and
1129 3705 43 20 not
1181 3701 55 24 with

649 3726 34 26 the
707 3728 127 35 Company.
881 3732 53 25 The
956 3734 162 32 appointment
1136 3734 28 25 of
1184 3734 51 25 Mr.

649 3760 110 27 Halswell
771 3772 25 16 as
815 3772 14 16 a
847 3767 173 24 commissioner
1036 3767 26 24 of
1075 3768 78 24 native
1169 3766 67 26 lands

649 3795 25 29 by
686 3795 41 24 the
737 3796 58 25 New
807 3797 101 25 Zealand
928 3799 127 33 Company,
1074 3800 43 24 has
1127 3804 43 20 not
1177 3808 66 25 pro-,

649 3828 68 24 luced
727 3829 40 25 the
777 3830 111 32 expected
906 3828 121 28 beneficial
1045 3833 92 28 results,
1153 3833 36 24 for
1205 3841 29 16 on

649 3861 32 24 :he
693 3863 84 24 arrival
788 3864 27 23 of
822 3863 50 25 that
883 3865 130 31 gentleman
1020 3866 25 23 in
1054 3865 61 24 New
1124 3866 109 29 Zealand,

649 3902 23 16 le
681 3902 48 17 was
739 3890 431 37 r'estru^d'jtojTbrt'-Niebokdn^wd
1186 3902 24 21 to
1221 3908 14 15 a

649 3928 97 23 lominal
768 3927 117 31 situation,
892 3930 7 14 ?
904 3937 26 17 as
948 3930 172 33 sub-protector
1137 3932 28 23 of
1184 3932 54 25 that'

59 120 76 35 Cape^.
150 120 51 21 that
219 120 40 22 the
278 120 97 22 Thomas
394 120 92 31 Sparks
507 127 47 17 was
574 120 71 25 under

59 150 94 31 repairs,
155 150 82 26 as>late
248 158 26 16 as
286 150 39 24 the
337 153 57 23 21st
403 153 26 23 of
439 153 110 25 October.

92 202 52 28 The
160 206 47 24 late
225 206 79 32 period
325 211 25 19 at
367 207 73 25 which
458 216 34 17 we
511 209 103 24 received
633 218 15 15 a

58 239 74 29 letter,
145 239 75 26 which
231 239 90 29 will.b&
326 240 72 25 found
411 242 25 23 in
447 241 96 25 another
560 246 51 27 part
622 242 26 24 of

57 278 42 18 oar
107 271 112 30 columns,
225 272 82 31 signed
314 272 39 25 W.
360 274 37 24 M.
406 274 85 30 Smith,
499 279 106 26 prevents
617 283 28 16 us

56 305 60 24 from
125 305 102 31 trusting
236 305 116 24 ourselves
370 312 22 19 to
410 307 57 25 offer
484 315 46 23 any
540 307 105 25 remarks

58 345 61 24 upon
135 338 32 23 its
179 341 121 22 contents.-
327 339 67 33 They
405 341 92 23 contain
513 339 95 32 charges
619 349 26 16 so

58 369 111 32 seriously
181 371 108 31 affecting
299 371 39 28 the
352 373 148 31 professional
514 373 96 24 conduct
622 374 26 24 of

58 404 37 24 the
114 403 94 32 leading
224 404 98 24 Judicial
334 405 126 25 characters
471 406 62 29 here,
551 406 49 24 that
610 415 35 16 we

58 444 39 17 are
107 436 73 25 afraid
191 442 24 19 to
227 441 60 20 trust
298 439 114 24 ourselves
425 443 23 20 at
466 439 39 23 the
516 446 67 17 space
596 439 26 24 of
630 447 15 16 a

56 473 101 21 moment
168 473 24 20 to
209 470 53 32 give
279 470 133 33 expression
431 475 24 21 to
466 472 104 31 opinions
580 480 63 24 upon

55 503 39 24 the
113 501 92 33 subject
221 507 83 21 matter
319 505 119 24 contained
448 505 25 24 in
483 506 27 28 it,
523 505 43 24 but
584 506 60 23 shall

56 535 58 24 refer
125 540 25 19 to
161 537 19 23 it
191 537 24 23 in
227 545 41 16 our
277 541 63 25 next,
351 538 31 31 by
390 537 75 25 which
473 538 54 23 time
539 546 33 16 we
583 539 60 23 shall

54 568 99 32 perhaps
172 569 57 24 have
246 570 46 23 had
309 578 30 15 an
356 572 146 30 opportunity
513 575 24 20 to
579 571 65 24 Audi

55 601 97 24 alterum

56 658 30 20 To
95 658 35 21 the
139 658 80 21 Editor
227 658 28 26 qf
267 660 36 19 the
339 660 53 20 New
401 660 96 20 Zealand
506 659 87 21 Oazette
601 660 44 21 and

213 686 128 26 Wellington

88 719 91 29 Sir,—
180 719 12 24 l
216 727 38 17 am
285 722 160 32 experiencing
471 720 40 25 the
540 727 103 26 grossest

57 756 97 28 outrage
162 752 75 24 which
247 753 43 25 has
300 759 39 26 yet
349 755 57 23 been
417 755 134 23 committed
561 755 25 25 in
603 755 39 25 the

53 793 66 16 name
132 785 26 24 of
171 785 39 24 the
221 786 43 24 law
272 795 7 21 ;
293 787 38 24 the
340 787 59 24 facts
410 787 26 24 of
450 787 76 25 which
543 788 14 24 I
577 788 64 25 deem

55 820 17 22 it
85 826 121 24 necessary
216 824 23 19 to
249 820 63 31 place
325 820 74 24 before
412 820 39 24 the
463 821 86 31 public.

88 858 52 24 The
158 859 109 24 chickens
289 860 26 23 of
335 868 13 15 a
371 860 60 25 Mrs.
455 861 131 25 Wakefield
604 870 37 16 re-

53 892 106 32 peatedly
170 893 91 31 injured
270 893 76 32 plants
358 894 24 23 in
392 902 39 24 my
439 894 94 32 garden.
570 895 72 24 Find-

52 926 42 30 ing
104 926 125 31 complaint
247 926 24 24 of
291 934 30 16 no
339 927 65 29 avail,
429 927 13 24 I
461 927 53 25 shot
536 936 63 16 some
618 929 25 23 of

53 958 72 25 them.
161 959 59 24 This
230 959 38 24 led
278 960 42 23 her
331 964 23 19 to
365 961 67 31 apply
443 965 25 20 to
479 961 42 24 her
533 962 108 30 solicitor,

54 992 57 28 who,
124 999 63 24 upon
204 1001 41 22 my
261 994 103 31 refusing
381 998 23 20 to
420 1002 46 23 pay
484 1003 13 15 a
518 1000 61 19 most
598 1003 43 16 un-

52 1025 133 23 reasonable
202 1025 104 29 demand,-
323 1026 92 25 advised
433 1027 62 24 Mrs.
514 1027 127 26 Wakefield

55 1061 22 20 to
90 1063 136 18 commence-
229 1065 30 16 an
267 1059 84 23 action.

88 1096 38 24 On
149 1096 38 24 the
211 1097 60 24 trial,
281 1098 19 23 it
319 1106 45 15 was
375 1099 92 23 evident
478 1100 50 24 that
538 1106 41 18 not
589 1102 51 29 only

52 1138 45 17 was
115 1129 39 24 the
173 1131 75 23 action
265 1131 109 23 frivolous
392 1131 46 24 and
455 1133 126 30 vexatious,
600 1135 42 23 but

53 1164 48 24 that
118 1162 15 25 I
148 1170 46 17 was
213 1162 73 32 really
304 1163 39 24 the
361 1164 91 31 injured
471 1170 75 27 party.
591 1166 51 24 The

54 1198 72 24 action
138 1203 46 17 was
195 1196 102 31 brought
307 1197 35 23 for
352 1198 65 29 £10,
427 1198 46 23 and
485 1199 36 23 his
542 1199 100 24 Honour

56 1231 37 24 the
105 1229 73 31 Judge
188 1237 59 23 gave
261 1229 121 32 judgment
392 1231 37 23 for
446 1232 39 24 £2
514 1234 61 28 10s.,
596 1233 44 23 and

55 1263 89 25 refused
152 1267 72 24 «osts,
238 1263 114 31 evidently
368 1268 21 19 to
407 1264 69 24 mark
493 1265 38 24 his
550 1266 91 31 opinion

54 1298 26 23 of
95 1296 37 25 the
143 1300 80 19 nature
236 1296 26 24 of
276 1296 40 24 the
326 1297 145 32 proceeding.

86 1336 67 24 Since
172 1335 39 25 the
225 1335 122 33 judgment
366 1336 40 25 has
424 1337 59 24 been
498 1338 75 31 given,
591 1338 47 24 Mr.

52 1369 97 25 Hanson
158 1369 42 23 has
220 1369 125 25 demanded
363 1370 25 24 of
402 1378 44 22 me,
467 1376 42 18 not
532 1371 53 33 only
603 1371 38 24 the

52 1404 37 24 £2
116 1404 52 27 10s,
208 1402 42 24 but
285 1402 37 25 his
355 1408 69 25 costs,
455 1406 134 30 amounting
617 1411 23 18 to

51 1436 53 25 £10
134 1437 36 23 Is.
193 1435 41 25 6d.

84 1475 59 25 This
154 1476 98 24 demand
267 1476 70 31 being
352 1477 153 25 inconsistent
521 1478 56 24 with
598 1479 41 24 the

48 1508 122 33 judgment
184 1510 69 30 given
263 1509 25 24 in
302 1517 59 25 open
372 1510 81 30 Court,
473 1510 48 26 Mr.
542 1511 98 25 Hanson

50 1549 46 17 was
104 1542 113 24 informed
228 1543 20 23 it
253 1543 75 24 would
340 1547 39 20 not
389 1543 30 25 be
429 1544 63 31 paid.

85 1582 40 24 On
137 1583 115 32 Saturday
261 1583 53 30 last,
333 1583 38 25 the
383 1584 90 24 Sheriff
481 1585 55 24 took
547 1594 93 23 posses-

51 1616 56 32 sion^
113 1616 26 23 of
157 1624 39 24 my
206 1616 80 30 house,
299 1625 60 23 upon
378 1625 13 16 a
408 1618 58 29 writ,
486 1619 105 25 obtained
609 1620 31 31 by

43 1648 56 25 'Mr.
114 1648 108 31 Hanson,
234 1649 36 25 for
278 1650 54 24 £12
361 1652 51 24 11s.
437 1651 39 25 6d.
511 1652 101 32 Though
625 1653 13 24 I

50 1681 57 25 have
125 1683 116 31 protested
260 1684 89 30 against
366 1683 39 25 the
423 1686 121 24 execution
558 1687 26 23 of
592 1686 46 24 this

51 1716 58 29 writ,
132 1716 19 24 it
172 1716 42 24 has
235 1716 57 24 been
314 1717 99 27 without,
426 1725 100 23 success,
547 1719 44 24 and
613 1728 25 15 as

51 1748 14 24 I
77 1749 51 30 will,
133 1753 42 20 not
191 1749 61 31 yield
269 1754 23 19 to
304 1750 37 24 the
357 1751 121 30 extortion,
497 1752 74 24 which
589 1754 19 22 it
618 1754 20 23 is

50 1782 125 32 attempted
192 1787 23 19 to
227 1783 136 32 accomplish
380 1784 25 24 in
423 1783 39 25 the
479 1792 67 18 name
557 1786 27 24 of
599 1787 39 24 the

48 1814 50 30 law,
112 1815 14 24 I
137 1823 106 24 presume
255 1824 13 17 a
278 1816 96 25 Sheriffs
385 1817 47 24 sale
444 1818 46 24 will
502 1826 78 18 ensue.

84 1855 90 32 Things
194 1857 85 31 having
290 1857 87 24 arrived
388 1862 24 19 at
427 1858 47 24 this
488 1863 65 26 state,
573 1860 13 24 I
596 1860 40 24 de-

50 1889 132 24 xnandedof
191 1890 48 24 Mr.
250 1890 93 31 Strang,
352 1891 37 24 the
396 1891 73 25 Clerk
478 1893 26 23 of
507 1892 39 25 the
556 1893 78 30 Court,

50 1926 24 19 to
85 1930 39 16 see
135 1922 38 24 the
184 1923 79 24 record
276 1924 24 23 of
314 1924 38 23 the
361 1924 129 32 judgment,
509 1926 44 24 and
563 1927 72 24 found

45 1955 23 27 4t
83 1959 25 20 to
125 1955 31 27 be.
163 1956 26 24 in
206 1956 136 25 accordance
352 1957 54 25 with
425 1958 40 24 the
482 1959 99 25 decision
593 1968 41 16 an-

38 1989 118 29 ..™WJgpd.
159 2006 7 9 v
164 1989 33 27 ,in
217 1990 78 23 Court.
339 1990 50 24 The
407 1992 83 23 record
508 1997 70 20 states
596 1994 42 24 the

43 2018 123 32 judgment
175 2024 23 19 to
209 2020 29 23 be
248 2021 35 23 for
295 2023 37 22 £2
356 2024 61 26 10s.,
430 2023 45 23 and
488 2030 34 16 no
537 2029 69 19 costs.

80 2058 31 24 In
123 2058 101 24 defiance
236 2059 26 23 of
270 2059 45 24 this
326 2061 85 28 record,
420 2061 49 23 Mr.
479 2062 99 23 Hanson
591 2071 43 24 ap-

45 2091 63 32 plied
128 2096 23 19 to
165 2091 47 25 Mr.
233 2092 85 32 Strang
328 2093 35 24 for
373 2101 13 15 a
398 2093 51 24 writ
467 2094 35 23 for
514 2095 37 23 the
565 2102 68 24 costs,

45 2132 27 16 as
83 2124 52 24 well
145 2132 25 16 as
184 2125 33 24 for
229 2125 38 24 the
272 2123 7 17 3
281 2126 132 31 judgment,'
422 2127 45 24 and
479 2127 48 25 Mr.
541 2129 92 32 Strang,

45 2165 26 16 as
84 2157 72 25 Clerk
167 2158 25 24 of
201 2153 36 29 the*
252 2158 78 30 Court;
343 2159 47 24 also
401 2161 25 22 in
438 2160 101 25 defiance
550 2163 25 22 of
594 2163 39 24 the

46 2191 87 29 record,
154 2191 31 31 by
202 2191 74 24 which
296 2192 63 25 alone
379 2192 29 25 he
429 2193 21 24 is
470 2194 74 24 bound
564 2199 22 19 to
605 2196 28 24 be

46 2224 91 31 guided,
150 2224 100 32 actually
259 2225 94 32 granted
370 2234 15 15 a
395 2227 52 23 writ
458 2227 74 24 which
546 2228 38 24 the
596 2237 37 16 re-

48 2257 53 24 cord
189 2257 81 24 'which
280 2258 30 24 he
325 2258 88 25 obtains
430 2259 37 24 his
486 2260 147 26 information

47 2290 44 24 and
107 2291 125 30 authority,
252 2291 73 25 shows
342 2296 23 20 to
378 2291 29 25 be
425 2293 120 27 incorrect.
556 2310 3 14 ;
581 2295 52 24 The

46 2324 58 29 writ,
112 2324 72 24 under
196 2324 73 24 which
281 2326 118 24 execution
408 2326 67 24 takes
486 2327 72 32 plage,
570 2334 63 19 must

46 2356 29 24 be
93 2358 25 22 in
138 2358 65 23 strict
225 2358 136 24 accordance
380 2359 55 25 with
453 2359 133 27 the'record
607 2363 28 23 of

48 2389 38 24 the
102 2390 131 32 judgment,
257 2399 26 16 or
305 2392 117 24 otherwise
445 2395 66 22 writs'
529 2403 53 24 may
603 2396 29 24 be

45 2423 78 24 issued
134 2429 25 19 at
167 2432 3 4 •
177 2424 39 24 the
229 2424 46 25 will
285 2425 45 24 and
347 2425 105 33 pleasure
464 2427 25 24 of
504 2427 38 24 the
561 2429 71 24 Clerk

48 2456 26 24 of
83 2457 39 23 the
134 2457 80 25 Court.
225 2465 11 4 -

80 2493 15 25 I
112 2495 97 31 entirely
223 2501 121 20 exonerate
360 2497 39 25 the
417 2498 90 25 Sheriff
524 2500 58 25 from
600 2501 32 25 all

46 2526 75 25 blame
142 2529 24 23 in
186 2529 47 23 this
248 2530 144 32 proceeding.
428 2531 48 30 He,
496 2533 26 23 of
542 2541 87 24 course,

46 2565 84 20 cannot
145 2561 30 24 be
190 2563 110 31 expected
311 2568 22 19 to
351 2564 68 25 know
430 2565 51 24 that
491 2566 39 25 the
543 2568 51 23 writ
610 2569 21 23 is

45 2598 41 19 not
96 2602 15 16 a
121 2602 57 24 copy
191 2596 26 23 of
224 2596 39 23 the
272 2597 79 26 record
358 2598 24 23 of
391 2598 39 24 the
443 2598 128 33 judgment.
607 2601 26 24 If

45 2625 48 27 Mr.
107 2627 87 33 Strang
203 2628 46 25 had
260 2629 84 25 chosen
354 2635 24 19 to
389 2639 69 23 grant
469 2632 49 25 Mr.
531 2633 100 26 Hanson

44 2667 15 16 a
74 2661 52 23 writ
143 2661 37 24 for
196 2662 98 30 £1000,
304 2664 50 24 :ihe
375 2664 87 24 Sheriff
477 2666 79 24 would
572 2667 57 25 have

43 2692 57 25 been
111 2694 90 32 equally
212 2695 77 24 bound
307 2700 23 20 to
342 2702 93 19 execute
448 2699 27 23 it.
511 2699 52 24 The
579 2702 52 23 writ

42 2726 22 23 is
74 2726 38 24 his
122 2732 128 27 warrantry
267 2726 45 27 and
326 2731 128 31 protection
471 2736 24 19 at
511 2732 40 24 the
568 2740 63 18 same

44 2759 65 24 time.
333 2772 4 3 •

78 2796 52 24 The
153 2798 149 31 punishment
304 2798 58 24 'due
379 2799 36 24 for
437 2800 46 25 this
500 2807 131 20 monstrous

46 2833 94 27 outrage
152 2830 82 23 should
251 2830 41 24 fall
302 2832 89 31 equally
403 2840 61 24 upon
483 2834 49 25 Mr.
544 2835 87 33 Strang

45 2862 45 24 and
101 2863 50 24 Mr.
158 2862 108 26 Hanson.
302 2864 50 25 The
363 2873 50 22 one,
424 2867 39 23 the
473 2867 71 25 Clerk
556 2869 26 24 of
591 2870 39 23 the

45 2895 80 30 Court,
136 2896 77 31 places
224 2897 24 23 in
259 2897 38 24 the
312 2897 72 24 hands
402 2899 27 24 of
445 2900 38 24 the
500 2902 72 30 other,
585 2904 43 23 and

41 2927 37 29 he,
90 2932 46 26 too,
146 2928 38 25 the
196 2929 82 25 Crown
290 2930 144 32 Prosecutor,
446 2941 14 16 a
467 2933 122 27 document
598 2937 29 24 he

40 2960 81 25 knows
133 2966 40 20 not
184 2966 23 20 to
223 2963 29 24 Be
262 2968 58 25 true,
336 2965 50 24 who
406 2966 109 25 misleads
532 2970 95 24 another

39 2994 78 32 public
135 2995 84 31 qfficer,
237 2996 39 24 the
292 2996 90 32 Sheriff,
401 3000 33 31 by
446 3001 107 32 ordering
569 3003 56 31 him,

39 3027 56 25 with
114 3028 26 30 it,
154 3033 30 20 .to
201 3029 61 25 seize
279 3030 39 25 the
337 3036 108 30 property
462 3034 26 24 of
503 3043 15 16 a
537 3036 90 25 British

39 3060 98 33 subject,

72 3099 63 24 lam
155 3101 134 29 convinced.
296 3102 38 23 the
352 3104 80 30 public
449 3106 47 24 will
516 3107 44 24 feel
575 3108 51 25 that

38 3132 38 24 the
88 3132 73 24 Clerk
173 3133 25 24 of
212 3133 38 25 the
268 3134 95 33 County,
372 3136 80 31 Court,
469 3140 25 23 in
511 3140 90 33 issuing
611 3151 14 16 a

38 3166 51 23 writ
100 3165 81 25 which-
185 3166 31 24 he
227 3167 67 24 knew
305 3176 46 16 was
361 3168 66 31 false,
446 3171 42 24 has
505 3173 77 27 called,
594 3184 30 16 on

36 3198 38 24 the
98 3198 159 26 Government
279 3205 24 19 to
326 3201 98 25 dismiss'
441 3203 48 25 him
509 3206 59 25 from
586 3208 38 25 his

36 3232 109 25 situation
156 3241 7 21 ;
189 3233 45 24 and
255 3234 49 25 thai
322 3234 54 30 Mr..
383 3236 107 31 Hanson,
497 3239 31 25 .in
543 3241 81 32 taking

36 3265 134 33 advantage,
177 3267 36 23 for
224 3267 36 27 his
271 3269 87 30 private
370 3269 92 31 benefit,
475 3271 25 24 of
509 3280 15 15 a
533 3274 51 23 writ
592 3274 29 25 he

36 3297 68 25 knew
114 3304 71 23 not.to
196 3300 29 24 be
238 3306 57 24 true*
312 3301 42 25 has
372 3302 79 26 shewn
462 3303 95 27 himself
565 3309 59 23 unfit

38 3335 24 19 to
72 3331 36 24 fill
121 3331 39 25 the
172 3334 64 23 office
248 3335 25 23 of
282 3335 83 25 Crown'
373 3335 149 28 Prosecutor.

70 3368 26 25 A
115 3370 82 24 double
214 3379 104 19 memure
338 3375 25 23 of
376 3376 150 31 punishment
542 3378 21 24 is
579 3379 44 25 due

37 3407 23 20 to
71 3409 62 23 men,
146 3403 95 33 holding
252 3407 76 31 public
342 3408 78 25 offices
433 3410 124 26 connected
567 3412 55 24 with

36 3435 38 25 the
97 3436 181 27 administration
300 3440 25 24 of
349 3441 51 30 law,
424 3443 22 24 if
471 3443 54 33 they
546 3445 76 24 offend

36 3469 90 32 against
136 3470 31 24 its
178 3471 112 33 majesty;
305 3474 47 23 and
365 3474 14 25 I
389 3475 47 25 feel
447 3478 114 24 confident
572 3478 50 25 that

36 3502 24 24 in
71 3502 98 33 seeking
179 3504 14 23 I
205 3504 60 24 shall
276 3506 75 25 obtain
358 3506 86 34 justice
454 3509 37 26 for
502 3511 38 24 the
549 3512 72 24 insult

36 3535 73 25 which
121 3535 42 26 has
174 3537 59 26 been
253 3537 84 26 offered
354 3549 37 17 me
401 3542 33 32 by
445 3542 40 26 the
500 3546 120 24 execution

36 3568 25 25 of
74 3569 47 24 this
132 3571 60 24 writ.

65 3606 16 25 I
92 3615 37 18 am
141 3616 27 16 so
178 3608 81 33 deeply
269 3610 126 33 impressed
404 3614 56 25 with
469 3615 40 26 the
516 3616 104 25 destruc-

36 3640 45 24 tion
92 3641 26 24 of
132 3642 132 26 confidence
282 3644 31 24 mi
325 3653 41 16 our
387 3645 88 28 Courts'
489 3650 27 24 of
529 3650 89 26 Justice

36 3673 71 26 which
118 3676 75 24 would
212 3684 78 24 ensue,
300 3678 23 24 if
335 3678 16 25 I
367 3680 95 26 allowed
480 3683 46 25 this
544 3688 25 20 to
589 3683 29 25 be

36 3705 89 27 deemed
138 3716 14 17 a
162 3709 76 25 venial
255 3711 93 31 offence,
360 3713 50 24 that
431 3715 14 24 I
463 3716 68 25 think
549 3718 19 24 it
579 3725 40 24 my

36 3737 51 33 duty
98 3746 25 19 to
134 3742 78 25 obtain
222 3743 36 25 for
269 3744 64 25 these
346 3746 109 26 violators
475 3749 25 25 of
516 3750 38 24 the
573 3751 46 24 law

36 3770 29 24 all
83 3773 36 25 the
136 3775 148 32 punishment
300 3778 75 25 which
392 3781 20 23 it
428 3782 106 29 provides
553 3784 36 24 for
603 3792 14 16 a

36 3810 50 19 case
100 3807 24 23 of
132 3809 38 24 the
180 3809 66 26 kind.

230 3844 15 24 I
256 3852 45 23 am,
314 3846 47 30 Sir,

262 3883 67 26 Your
340 3885 108 26 obedient
459 3891 99 27 servant,

183 3922 25 23 -"'
255 3939 5 10 »
301 3922 4 3 '
392 3936 6 5 -
415 3922 99 28 W.HAH.'
519 3927 87 25 Smith

1931 904 127 26 Meeting
2093 914 32 17 or
2154 907 65 24 New
2249 908 129 25 Zealand
2405 909 79 25 Land

1898 938 161 25 Claimants.
2061 952 30 5 —
2095 940 24 24 A
2125 941 96 23 number
2229 941 25 23 of
2263 942 131 31 gentlemen
2400 942 85 32 having

1896 971 80 23 claims
1988 976 23 19 to
2026 972 54 23 land
2092 974 25 22 in
2128 973 57 24 New
2197 974 102 24 Zealand
2313 974 54 25 held
2384 984 14 16 a
2415 977 70 29 preli-

1897 1004 89 30 minary
2012 1006 102 30 meeting
2133 1010 24 19 at
2178 1006 39 24 the
2237 1006 77 32 Royal
2344 1008 80 30 Hotel,
2455 1018 31 16 on

1897 1037 117 31 Saturday
2030 1038 52 30 last,
2106 1039 35 23 for
2160 1039 40 23 the
2221 1047 99 25 purpose
2341 1041 26 24 of
2391 1042 95 32 making

1896 1075 173 25 arrangements
2080 1072 37 23 for
2127 1080 14 15 a
2151 1073 93 30 general
2260 1075 102 31 meeting
2383 1080 24 19 to
2431 1083 54 17 con-

1897 1102 59 25 sider
1969 1103 38 24 the
2017 1105 117 31 propriety
2145 1105 24 23 of
2184 1106 140 32 forwarding
2339 1115 14 16 a
2368 1109 118 24 memorial

1897 1140 25 19 to
1935 1136 39 24 the
1986 1136 120 32 Secretary
2118 1138 25 23 of
2157 1139 65 23 State
2238 1140 36 22 for
2287 1140 38 24 the
2336 1141 106 29 colonies,
2454 1142 31 31 by

1896 1177 15 15 a
1922 1169 48 25 Mr.
1991 1169 121 30 Cormack,
2124 1171 50 24 who
2184 1173 19 22 is
2217 1172 70 24 about
2305 1178 23 19 to
2345 1175 97 30 proceed
2459 1180 24 19 to

1897 1202 117 32 England.
2061 1203 50 24 The
2130 1204 62 24 chair
2207 1213 46 16 was
2264 1206 63 24 filled
2338 1208 32 30 by
2381 1207 24 24 J.
2420 1208 64 24 Hos-

1897 1234 65 32 king,
1974 1235 69 32 Esq.,
2055 1237 84 31 Mayor
2147 1246 7 20 ;
2165 1239 45 23 and
2221 1239 57 23 after
2290 1248 63 15 some
2365 1241 119 31 unimpor-

1897 1273 49 19 tant
1964 1269 127 25 discussion
2110 1272 18 23 it
2146 1278 47 17 was
2211 1272 84 30 agreed
2305 1272 50 24 that
2366 1281 14 16 a
2390 1275 94 30 general

1897 1303 100 30 meeting
2014 1303 26 23 of
2054 1303 52 24 land
2124 1303 118 25 claimants
2263 1305 81 24 should
2365 1307 27 23 be
2412 1307 72 24 called

1897 1342 29 16 on
1938 1343 13 15 a
1962 1335 77 24 future
2051 1336 51 31 day,
2120 1337 43 24 and
2180 1337 49 24 that
2238 1346 14 15 a
2261 1340 129 23 committee
2400 1340 83 24 should

1897 1369 24 22 in
1932 1368 39 24 the
1981 1369 120 24 meantime
2113 1370 28 24 be
2158 1370 96 30 formed,
2273 1371 36 24 for
2327 1372 38 23 the
2384 1381 100 23 purpose

1897 1401 25 23 of
1936 1403 124 30 preparing
2070 1402 39 24 the
2120 1404 117 23 memorial
2249 1404 44 25 and
2301 1406 96 31 making
2403 1407 32 23 all
2442 1404 39 28 the

1897 1441 120 25 necessary
2030 1441 177 25 arrangements.
2249 1437 24 24 A
2291 1444 50 18 vote
2358 1439 26 24 of
2398 1440 86 24 thanks

1896 1475 47 16 was
1962 1467 55 24 then
2038 1469 69 30 given
2129 1474 21 19 to
2172 1469 38 25 the
2233 1471 124 30 chairman,
2377 1472 46 24 and
2441 1473 39 24 the

1897 1502 102 29 meeting
2011 1502 109 24 disolved.

1929 1550 66 24 Loss
2017 1557 31 18 cop
2071 1559 51 16 the
2336 1566 33 5 —
2442 1563 38 17 are

1896 1591 65 24 sorry
1972 1589 23 19 to
2007 1585 101 29 observe,
2118 1585 58 24 from
2188 1585 37 24 the
2237 1587 104 24 annexed
2353 1592 129 26 statement,

1896 1616 49 24 that
1956 1616 38 25 the
2007 1617 105 31 Clifford,
2124 1618 59 24 from
2200 1618 59 25 New
2278 1620 73 24 South
2363 1620 79 25 Wales
2458 1626 25 20 to

1896 1650 135 32 Singapore,
2043 1658 47 17 was
2109 1651 45 24 lost
2174 1651 30 32 by
2215 1653 129 31 grounding
2356 1662 29 15 on
2397 1662 14 15 a
2422 1655 61 23 coral

1895 1684 50 23 reef
1959 1684 24 23 in
2000 1683 85 24 Torres
2104 1685 91 28 Straits,
2208 1693 30 16 on
2256 1686 38 24 the
2315 1686 56 25 16th
2388 1687 95 32 August

1894 1717 53 23 last.
1983 1716 76 24 There
2071 1725 58 16 were
2144 1725 30 16 no
2191 1718 57 24 lives
2266 1719 54 24 lost.
2380 1721 51 29 We,
2444 1722 38 23 the

1894 1749 162 32 undersigned,
2068 1750 28 23 do
2115 1750 84 32 hereby
2218 1753 88 31 certify,
2324 1754 50 23 that
2391 1761 30 17 on
2443 1755 39 23 the

1897 1783 57 23 16th
1965 1783 88 23 instant
2063 1791 33 16 we
2108 1792 57 16 were
2174 1785 80 23 within
2266 1785 38 25 the
2312 1787 93 24 Barrier
2414 1787 68 30 Reef,

1895 1816 23 23 in
1933 1815 84 24 Torres
2030 1816 91 30 Straits,
2134 1818 24 23 in
2176 1825 111 25 company
2298 1820 55 23 with
2369 1820 38 24 the
2421 1820 60 31 Clif-

1887 1848 69 31 ford,
1970 1850 76 23 bound
2057 1854 23 20 to
2092 1850 75 24 India.
2205 1851 51 24 The
2266 1851 101 25 Isabella
2385 1862 46 15 was
2443 1854 39 23 the

1895 1882 91 31 leading
1995 1883 60 31 ship,
2063 1891 26 16 as
2096 1883 40 24 her
2145 1885 146 24 commander
2299 1886 45 24 had
2353 1888 130 31 previously

1894 1915 58 24 been
1964 1916 62 24 three
2039 1917 67 23 times
2125 1917 98 32 through
2242 1918 38 24 the
2299 1919 85 24 Straits
2400 1920 33 32 by
2443 1921 39 23 the

1896 1954 64 19 outer
1979 1957 106 24 passage,
2097 1950 66 24 while
2185 1951 38 24 the
2242 1952 64 23 other
2326 1953 157 24 commanders

1895 1989 59 17 were
1965 1983 70 30 going
2045 1983 35 23 for
2092 1983 37 23 the
2139 1984 51 23 first
2202 1985 62 23 time.
2289 1985 38 24 On
2339 1985 50 25 that
2404 1995 77 15 morn-

1894 2015 42 31 ing
1956 2022 34 16 we
2012 2023 59 16 were
2092 2017 122 30 prevented
2237 2018 96 32 making
2356 2019 44 24 sail
2421 2020 61 23 until

1895 2048 68 23 about
1976 2050 15 22 3
2003 2048 89 25 o'clock
2109 2057 63 22 p.m.,
2184 2050 25 23 in
2227 2058 155 25 consequence
2403 2053 25 23 of
2443 2053 39 24 the

1894 2080 101 25 Isabella
2003 2086 40 19 not
2052 2082 68 32 being
2127 2083 49 24 able
2186 2087 23 20 to
2218 2084 112 31 purchase
2339 2085 41 24 her
2388 2086 92 25 anchor.

1896 2114 50 24 The
1963 2114 101 24 Isabella
2083 2114 86 33 having
2188 2116 89 33 slipped
2294 2117 43 25 her
2359 2119 68 24 chain
2448 2128 34 16 we

1895 2147 65 24 made
1973 2147 43 24 sail
2028 2148 33 23 for
2080 2149 38 23 the
2139 2149 127 33 anchorage
2277 2151 72 24 under
2366 2152 40 23 the
2424 2152 58 25 Bird

1895 2181 87 29 Island,
1999 2181 46 23 and
2063 2186 24 19 at
2107 2187 86 24 sunset,
2214 2184 89 31 finding
2322 2185 116 24 ourselves
2456 2187 26 23 in

1894 2214 57 23 from
1965 2215 37 22 six
2012 2217 23 20 to
2048 2222 69 16 seven
2127 2215 99 24 fathoms
2244 2222 78 24 water,
2334 2225 33 16 we
2386 2218 94 25 deemed

1894 2247 17 23 it
1935 2247 115 24 advisable
2079 2251 23 20 to
2130 2248 84 25 anchor
2236 2250 162 32 immediately.
2451 2253 31 23 In

1894 2281 90 30 coming
2004 2284 24 20 to
2044 2281 85 24 anchor
2147 2282 32 23 all
2200 2283 38 23 the
2256 2284 64 31 ships
2339 2290 82 26 except
2440 2286 39 23 the

1896 2313 86 31 Gipsey
1994 2314 103 24 rounded
2107 2315 79 23 within
2197 2324 13 15 a
2222 2316 84 25 cable's
2317 2318 80 31 length
2409 2318 25 24 of
2442 2319 40 23 the

1892 2346 122 24 Isabella's
2024 2349 63 22 stern
2087 2360 33 5 —
2121 2347 38 25 the
2177 2347 176 27 Somersetshire
2370 2351 58 30 first,
2440 2352 40 23 the

1893 2379 105 24 Tomatin
2007 2381 92 29 second,
2111 2382 46 24 and
2175 2382 38 24 the
2235 2382 100 32 Clifford
2344 2384 61 24 third
2414 2394 6 21 ;
2438 2385 40 23 the

1894 2412 85 32 Gipsey
1989 2413 93 30 a-head,
2095 2415 43 24 and
2159 2415 38 24 the
2217 2415 72 25 whole
2310 2425 26 16 as
2356 2425 53 16 near
2423 2418 56 24 each

1892 2446 66 24 other
1969 2454 26 16 as
2012 2448 115 31 prudence
2144 2449 76 23 would
2238 2450 79 24 admit.
2353 2450 52 24 The
2426 2451 54 24 Isa-

1892 2478 59 25 bella
1962 2479 114 26 anchored
2087 2482 25 23 in
2128 2483 15 22 6
2155 2482 100 25 fathoms
2264 2492 7 20 ;
2290 2483 39 25 the
2342 2483 102 25 Tomatin
2455 2486 26 23 in

1891 2511 41 33 6|,
1944 2521 30 15 on
1986 2513 39 24 the
2035 2513 120 25 Isabella's
2165 2516 51 24 bow
2226 2525 6 20 ;
2252 2516 39 24 the
2303 2514 177 28 Somersetshire

1890 2546 23 24 in
1929 2545 40 33 6|,
1982 2554 30 16 on
2030 2547 39 24 the
2089 2547 110 25 Tomatin'
2199 2556 13 16 s
2233 2550 117 24 starboard
2369 2556 91 26 qua.ter
2468 2560 7 20 ;

1890 2579 44 24 and
1946 2580 38 23 the
1998 2579 92 33 Gipsey,
2103 2581 84 24 a-head
2199 2582 26 24 of
2240 2583 38 24 the
2287 2582 110 31 Isabella,
2409 2585 24 23 in
2445 2587 33 23 23

1889 2612 108 25 fathoms.
2033 2613 51 24 The
2098 2613 99 32 Clifford
2214 2624 30 15 on
2255 2617 84 31 letting
2348 2625 31 23 go
2394 2618 85 24 anchor

1890 2647 23 23 in
1925 2648 16 22 6
1959 2646 106 30 fathoms,
2078 2655 30 16 on
2125 2647 39 24 the
2186 2649 118 24 starboard
2325 2650 155 32 side-quarter

1889 2680 26 23 of
1929 2679 38 25 the
1978 2679 111 30 Isabella,
2096 2680 86 26 distant
2189 2682 70 24 about
2269 2691 14 15 a
2294 2683 84 24 cable's
2390 2684 88 31 length,

1889 2712 43 25 and
1941 2713 95 31 tending
2042 2713 40 24 her
2089 2713 85 25 anchor
2184 2715 54 24 with
2245 2717 33 23 60
2287 2716 108 24 fathom's
2402 2718 78 29 chain,

1889 2746 40 24 fell
1934 2754 33 16 on
1971 2755 14 15 a
1990 2747 67 23 small
2061 2747 70 32 patch
2136 2748 26 24 of
2171 2749 62 24 coral
2237 2749 56 30 reef,
2299 2754 40 19 not
2346 2750 94 25 marked
2449 2759 29 16 on

1889 2779 38 24 the
1937 2780 84 29 charts,
2032 2780 43 24 but
2086 2780 93 33 bearing
2190 2782 32 32 by
2233 2790 104 24 compass
2355 2784 27 23 S.
2394 2784 31 31 by
2436 2784 40 25 W.

1889 2812 15 33 \
1916 2813 39 25 W.
1976 2814 61 23 from
2056 2814 39 24 the
2115 2820 142 19 westermost
2277 2816 24 23 of
2320 2817 38 23 Sir
2383 2817 95 24 Charles

1889 2846 102 32 Hardy's
2003 2846 101 31 Islands,
2117 2847 85 25 distant
2219 2850 69 23 about
2300 2848 32 34 3|
2344 2850 74 30 miles,
2433 2850 44 24 and

1887 2879 32 25 N.
1932 2880 33 24 E.
1978 2878 17 34 §
2007 2879 32 25 E.
2050 2881 60 23 from
2129 2880 173 33 Haggestone's
2320 2883 89 30 Island,
2428 2884 50 24 dis-

1887 2918 50 19 tant
1950 2913 70 24 about
2037 2914 54 23 nine
2102 2914 74 24 miles.
2212 2915 40 24 On
2263 2915 40 24 the
2313 2915 52 32 ship
2376 2918 103 29 ground-

1886 2947 41 30 ing
1937 2946 41 24 she
1989 2946 155 31 immediately
2155 2948 66 24 made
2243 2949 87 31 signals
2341 2950 26 23 of
2382 2950 95 25 distress

1886 2980 43 23 and
1948 2980 65 23 boats
2024 2980 61 23 from
2103 2979 45 24 the'
2154 2980 65 25 other
2237 2981 64 32 ships
2320 2987 24 19 at
2361 2990 57 16 once
2438 2991 38 17 re-

1885 3013 79 31 paired
1977 3020 30 16 on
2024 3012 79 30 board,
2120 3013 45 24 and
2177 3021 68 25 every
2256 3015 99 30 possible
2373 3017 103 24 exertion

1885 3053 46 17 was
1943 3046 65 24 made
2020 3050 24 19 to
2063 3050 40 28 get
2118 3046 41 25 her
2170 3047 39 30 off,
2229 3048 88 32 though
2334 3049 25 24 in
2370 3050 60 29 vain,
2451 3058 26 16 as

1885 3080 38 24 the
1941 3087 39 16 sea
1991 3087 46 16 was
2048 3080 105 31 washing
2169 3088 54 16 over
2240 3081 42 25 her
2293 3082 99 24 weather
2409 3083 68 24 beam

1884 3113 88 31 forcing
1983 3113 42 24 her
2037 3121 29 16 on
2077 3113 38 24 the
2126 3113 71 30 bank,
2217 3114 46 24 and
2274 3115 41 24 she
2327 3120 23 19 at
2361 3116 39 24 the
2411 3124 64 16 same

1884 3147 55 23 time
1962 3146 101 33 striking
2078 3146 99 33 heavily.
2212 3147 36 25 At
2267 3149 104 31 daylight
2390 3158 29 15 on
2437 3150 39 23 the

1883 3179 117 32 following
2016 3180 112 32 morning,
2148 3180 40 25 the
2199 3189 41 16 sea
2257 3181 86 33 having
2355 3191 45 16 run
2416 3182 57 33 high
2485 3182 4 4 '

1883 3213 84 31 during
1978 3214 39 22 the
2029 3213 74 32 night,
2115 3221 33 17 we
2159 3214 72 24 found
2241 3215 37 24 the
2291 3215 52 32 ship
2349 3215 46 25 had
2407 3217 65 23 made

1883 3254 13 15 a
1907 3247 45 23 bed
1963 3247 36 23 for
2010 3247 89 24 herself
2116 3255 30 16 on
2157 3255 14 16 a
2183 3248 61 24 coral
2256 3248 70 30 bank,
2345 3249 45 24 and
2401 3250 72 23 under

1882 3280 32 23 all
1924 3279 39 24 the
1976 3280 184 29 circumstances,
2172 3288 33 17 we
2216 3282 132 24 considered
2358 3283 19 23 it
2387 3283 85 31 utterly

1882 3313 170 31 impracticable
2064 3318 23 19 to
2097 3318 40 28 get
2148 3314 42 24 her
2201 3314 39 30 off,
2259 3315 44 24 and
2315 3323 33 16 we
2361 3316 112 24 therefore

1882 3346 93 24 advised
1986 3346 99 32 Captain
2106 3347 96 32 Sharpe,
2221 3347 41 25 her
2278 3349 152 29 commander,
2450 3353 23 21 to

1882 3379 103 25 abandon
2003 3379 42 24 her
2057 3388 26 16 as
2101 3389 14 15 a
2125 3381 58 24 total
2193 3382 56 29 loss,
2261 3382 74 24 which
2353 3382 77 25 advice
2441 3382 30 25 he

1880 3412 95 25 deemed
1985 3414 19 23 it
2014 3421 121 22 necessary
2143 3419 24 19 to
2179 3415 77 32 adopt,
2267 3415 88 32 though
2366 3415 54 25 with
2431 3415 39 25 the

1880 3450 87 20 utmost
1985 3452 85 26 regret.
2116 3447 31 24 In
2165 3455 42 16 our
2224 3449 101 31 opinion,
2345 3457 31 16 no
2396 3448 74 25 blame

1880 3480 120 29 whatever,
2004 3488 42 16 can
2057 3481 30 23 be
2096 3481 122 24 attributed
2231 3486 23 19 to
2264 3481 98 32 Captain
2371 3481 97 32 Sharpe,

1880 3521 31 16 on
1930 3513 39 24 the
1992 3518 113 27 contrary,
2127 3521 35 16 we
2184 3514 68 24 think
2278 3514 31 25 he
2335 3514 43 24 has
2406 3514 66 24 acted

1880 3546 140 31 throughout
2026 3546 56 24 with
2092 3552 65 26 great
2168 3548 98 28 caution,
2278 3548 44 24 and
2332 3547 58 24 done
2402 3555 69 24 every

1878 3579 68 32 thing
1960 3581 26 23 in
1997 3579 36 25 his
2044 3588 76 24 power
2131 3581 35 24 for
2184 3581 38 24 the
2234 3581 72 29 safety
2318 3580 75 24 o£,his
2406 3581 60 31 ship.

1878 3614 23 24 J.
1924 3613 74 30 Giles,
2029 3613 144 24 commander
2200 3614 53 31 ship
2280 3612 187 26 Somersetshire.

1880 3647 31 24 G.
1925 3646 120 30 Thebaud,
2057 3647 36 24 Le
2105 3646 119 32 Capitaine
2237 3646 29 23 dv
2275 3646 92 32 barque,
2372 3646 94 33 Gipsey.

1879 3680 60 24 Geo.
1967 3680 151 29 M'Pherson,
2137 3680 51 31 ship
2212 3678 111 26 Tomatin.
2360 3680 32 24 G.
2412 3680 57 25 Sin-

1878 3713 64 29 clair,
1955 3712 144 25 commander
2115 3713 85 31 barque
2207 3734 3 4 .
2217 3711 111 26 Isabella.
2364 3713 52 29 We,
2428 3714 43 24 the

1878 3747 71 24 cabia
1956 3749 174 29 passengerdton
2141 3744 70 25 board
2218 3744 39 24 the
2263 3744 109 31 Isabella,
2379 3744 89 28 believe

1878 3780 38 23 the
1929 3780 70 24 above
2017 3781 122 22 statement
2156 3782 23 20 to
2195 3777 30 24 be
2238 3784 94 20 correct.
2335 3793 4 2 -
2348 3779 3 3 '
2370 3779 97 26 Charles
2483 3799 4 8 ,

1878 3812 61 24 John
1950 3812 79 24 Baker
2030 3829 17 19 v
2048 3812 116 28 barrister,
2177 3810 72 26 Inner
2257 3811 98 34 Temple
2362 3812 106 33 ;/Henry

1878 3845 32 24 D.
1924 3845 107 31 Shapter,'
2042 3845 109 28 solicitor,
2162 3843 59 25 New
2233 3845 97 32 Square,
2345 3842 125 29 Lincoln's

1877 3878 46 24 Inn
1931 3887 6 20 ;
1952 3877 95 25 Charles
2057 3876 93 33 Hughs,
2160 3884 100 25 surgeon
2269 3878 114 32 Clifford;
2395 3878 71 38 D^anl.

1877 3911 125 24 Primrose.
2004 3922 33 6 —
2037 3911 94 30 August
2139 3912 74 29 21st.,
2228 3913 109 24 1842.—
2338 3910 131 35 Singapore

1876 3942 60 26 Free
1947 3942 79 31 Press,
2037 3941 65 33 Sept.
2115 3945 42 24 29.

1290 126 98 31 district,
1399 129 72 26 under
1481 129 39 24 the
1532 130 77 23 orders
1621 130 26 23 of
1660 131 39 24 the
1716 130 158 26 Government

1290 164 120 27 protector,
1421 161 50 25 Mr.
1484 161 93 27 Clarke.
1612 162 120 33 Although
1737 171 59 24 your
1803 164 69 24 Com-

1288 193 79 25 mittee
1379 195 51 30 give
1440 193 44 25 full
1495 195 71 24 credit
1574 199 24 20 to
1607 195 40 24 the
1656 197 125 24 intentions
1792 196 27 24 of
1833 197 39 24 the

1289 231 92 25 present
1392 226 105 25 Colonial
1507 227 128 32 Secretary,
1653 228 61 25 Lord
1727 229 103 31 Stanley,
1849 231 23 23 in

1289 259 82 30 regard
1382 263 23 21 to
1415 259 39 25 the
1464 260 97 29 natives,
1573 259 56 33 they
1647 266 82 20 cannot
1749 262 43 24 but
1813 267 60 20 most

1289 291 115 33 earnestly
1412 292 76 24 solicit
1497 292 60 25 from
1567 293 50 24 him
1633 294 96 30 positive
1743 294 73 31 rules,
1833 301 39 19 not

1288 324 54 31 only
1360 325 26 23 in
1407 325 82 32 regard
1504 329 25 20 to
1551 326 46 24 the.
1600 327 77 25 native
1692 326 64 26 lands
1765 336 7 21 ;
1795 332 23 20 to
1833 328 39 25 the

1288 356 74 32 rights
1372 358 27 23 of
1411 359 39 24 the
1465 358 147 31 Aborigines,
1636 367 25 16 so
1679 359 69 33 lately
1766 361 39 23 the
1824 362 47 23 sole

1287 395 129 24 possessors
1428 391 26 23 of
1468 390 40 24 the
1520 392 51 29 soil,
1589 392 45 24 and
1650 400 51 16 now
1718 401 42 15 our
1776 393 95 32 adopted

1287 421 182 26 fellow-citizens
1477 433 6 20 ;
1502 423 46 24 and
1565 430 23 18 to
1600 425 38 24 the
1650 433 120 25 necessary
1781 427 89 24 modifi-

1287 456 87 24 cations
1389 457 24 23 in
1424 456 40 24 the
1471 456 174 26 adminstration
1657 458 25 24 of
1694 459 87 32 justice
1788 468 7 21 ;
1796 472 34 5 —
1830 460 41 24 but

1285 487 50 25 Also
1346 490 25 23 in
1381 489 81 31 regard
1473 494 24 20 to
1508 491 39 23 the
1557 491 139 31 application
1712 493 27 23 of
1751 501 15 14 a
1785 494 86 23 certain

1286 526 51 26 part
1349 522 26 24 of
1389 522 37 24 the
1437 531 106 22 revenue,
1558 524 38 24 for
1605 524 129 32 improving
1743 525 38 25 the
1792 534 79 17 means

1287 553 26 24 of
1327 555 135 24 instruction
1473 556 26 24 of
1513 564 15 16 a
1542 557 134 31 population
1694 558 27 24 of
1734 566 64 17 more
1816 559 54 24 than

1288 587 115 29 120,000.
1438 588 120 32 Although
1563 597 58 24 your
1627 590 136 26 Committee
1769 592 56 24 seek
1831 597 40 19 not

1286 623 23 20 to
1320 621 76 24 retard
1410 621 40 25 the
1469 621 150 26 colonization
1636 624 26 23 of
1684 624 57 24 New
1760 625 110 30 Zealand,

1285 657 39 25 yet
1334 653 55 32 they
1400 658 82 21 cannot
1493 655 81 31 regard
1589 657 55 22 wita
1655 657 165 32 complaisance
1833 658 44 24 the

1285 691 106 26 progress
1402 687 26 23 of
1441 688 162 31 immigration,
1616 689 78 25 unless
1705 690 39 25 the
1755 691 74 31 rights
1848 692 25 23 of

1286 717 38 25 the
1357 720 89 25 natives
1477 728 39 17 are
1544 722 139 32 sufficiently
1709 723 89 25 defined
1826 725 45 23 and

1285 751 108 30 guarded.
1395 766 33 4 —
1428 752 69 32 Fifth
1505 753 90 33 Report
1617 755 30 30 of
1666 755 38 25 the
1725 756 144 32 Aborigines'

1284 782 133 27 Protection
1427 785 101 32 Society.

1318 822 52 25 The
1382 823 59 26 Rev.
1454 825 22 24 J.
1490 825 23 24 J.
1525 826 30 24 P.
1570 826 118 32 O'Reilly,
1701 827 48 25 who
1762 828 41 24 has
1812 828 57 25 been

1284 854 71 33 lately
1365 858 24 23 in
1401 858 75 29 Paris,
1501 859 45 23 and
1558 860 37 23 for
1613 868 62 16 some
1695 861 54 31 days
1766 861 60 25 back
1845 863 24 23 in

1285 887 106 32 London,
1400 891 26 23 is.
1433 893 109 30 expected
1552 897 24 20 to
1588 893 43 24 sail
1642 894 58 24 from
1720 895 149 24 Portsmouth

1285 922 78 24 within
1375 924 37 23 the
1424 929 56 19 next
1490 926 63 23 week
1573 926 36 24 for
1627 926 40 25 the
1685 928 72 31 rising
1774 929 94 24 mission

1285 954 26 24 of
1325 955 58 25 New
1393 957 109 26 Zealand.
1504 971 34 5 —
1538 958 131 26 Freeman's
1678 960 105 30 Journal,

1318 993 177 27 Shipwrecks.
1497 1009 34 5 —
1531 997 44 24 We
1586 997 58 24 have
1652 998 57 25 been
1718 999 109 25 favoured
1838 1001 31 31 by

1285 1032 14 17 a
1318 1027 130 30 gentlemen
1466 1029 24 24 in
1511 1030 101 31 Sydney,
1633 1031 53 24 with
1704 1032 39 24 the
1752 1032 117 33 following

1285 1063 87 20 extract
1382 1060 24 24 of
1415 1068 14 16 a
1439 1061 74 30 letter,
1526 1063 72 23 which
1611 1064 41 24 has
1659 1065 57 23 been
1727 1067 105 23 received
1838 1067 30 31 by

1285 1091 47 24 him
1342 1093 59 24 from
1412 1101 14 16 a
1436 1094 93 25 relative
1541 1100 23 19 at
1574 1096 40 23 the
1622 1096 62 32 Cape
1690 1106 6 15 :
1697 1110 35 5 —
1758 1098 44 24 We
1811 1099 57 25 have

1284 1124 45 25 had
1341 1134 14 15 a
1365 1126 60 24 third
1436 1128 45 23 and
1498 1136 61 16 more
1571 1136 78 17 severe
1661 1130 50 31 gale
1722 1131 62 24 since
1798 1131 13 24 I
1824 1133 45 23 last

1285 1162 68 21 wrote
1361 1168 7 20 ;
1381 1160 17 23 it
1410 1168 45 16 was
1468 1168 29 16 on
1509 1161 113 32 Saturday
1634 1163 72 31 night,
1719 1171 28 16 on
1761 1165 37 23 the
1810 1166 58 23 28th

1284 1191 102 32 August,
1403 1193 73 30 when,
1495 1195 24 23 in
1539 1202 13 16 a
1572 1195 74 32 squall
1665 1197 24 23 of
1706 1197 96 24 thunder
1826 1199 44 23 and

1284 1223 121 34 lightning,
1424 1227 55 24 with
1496 1228 145 24 tremendous
1659 1230 57 29 rain,
1737 1230 39 24 the
1795 1231 73 24 Aber-

1284 1258 97 24 crombie
1390 1258 123 32 Robinson,
1530 1269 14 15 a
1555 1261 62 32 large
1628 1262 52 31 ship
1690 1263 27 24 of
1732 1265 74 28 1,500
1818 1268 51 21 tons

1283 1289 105 32 burthen,
1407 1293 55 23 with
1482 1298 77 27 troops
1577 1303 30 16 on
1624 1296 78 30 board,
1722 1305 42 16 ran
1781 1305 30 16 on
1831 1298 38 24 the

1284 1322 71 26 beach
1365 1333 54 16 near
1430 1326 51 24 Salt
1498 1326 81 31 River,
1591 1328 74 25 where
1677 1329 40 24 she
1728 1331 42 23 lies
1781 1339 15 15 a
1807 1339 62 16 com-

1285 1357 59 30 plete
1361 1359 75 24 wreck
1447 1368 7 21 ;
1471 1360 42 23 she
1523 1361 83 24 landed
1622 1362 34 24 all
1673 1362 41 25 her
1730 1368 78 27 troops
1825 1365 45 24 and

1283 1397 58 17 crew
1362 1392 78 31 safely.
1477 1393 48 25 Far
1545 1394 106 25 different
1669 1395 39 25 the
1725 1397 47 23 fate
1790 1397 26 24 of
1830 1397 39 25 the

1283 1423 77 25 others
1366 1433 6 20 ;
1391 1425 38 24 the
1444 1425 124 32 Waterloo,
1580 1428 56 24 with
1647 1430 108 28 convicts,
1767 1430 36 24 for
1815 1431 53 24 Van

1283 1455 118 27 Diemen's
1412 1458 76 31 Land,
1501 1460 90 31 drifted,
1607 1462 44 24 and
1662 1467 24 19 at
1703 1463 103 32 daylight
1823 1472 46 16 was

1283 1490 75 32 riding
1378 1491 63 26 cable
1461 1493 79 31 length
1551 1495 59 23 from
1622 1495 39 24 the
1678 1496 71 24 beach
1767 1498 102 30 opposite

1283 1522 143 34 Papendorp,
1446 1526 55 24 with
1512 1526 38 24 the
1562 1529 82 30 ensign
1662 1529 23 24 in
1697 1529 38 25 the
1746 1531 63 23 main
1821 1532 47 30 rig-

1281 1557 65 31 ging.
1398 1559 47 24 She
1463 1559 66 33 hung
1546 1568 31 16 on
1595 1562 60 23 until
1675 1562 78 25 eleven
1771 1564 95 30 o'clock,

1281 1590 66 24 when
1358 1590 40 25 her
1409 1592 64 24 cable
1483 1594 87 31 parted,
1589 1595 45 23 and
1645 1595 42 25 she
1702 1596 100 24 beached
1814 1599 54 23 with

1281 1622 42 25 her
1333 1623 104 26 larboard
1448 1630 91 27 quarter
1548 1636 6 20 ;
1574 1627 45 24 and
1630 1629 57 24 after
1696 1630 81 32 giving
1788 1634 43 20 two
1842 1639 26 16 or

1281 1656 64 25 three
1363 1657 72 32 heavy
1446 1660 64 29 rolls,
1531 1660 41 24 her
1589 1667 73 19 masts
1680 1667 61 19 went
1760 1671 54 17 over
1828 1664 39 25 the

1281 1689 56 30 side,
1349 1691 43 24 and
1403 1692 42 24 she
1457 1693 53 24 then
1520 1698 60 19 went
1589 1698 23 21 to
1623 1696 84 30 pieces.
1742 1696 32 24 In
1783 1702 84 28 twenty

1283 1724 96 24 minutes
1401 1724 39 25 the
1455 1733 69 17 scene
1541 1735 47 16 was
1605 1728 179 31 indescribable;
1803 1731 63 24 three

1281 1755 102 27 hundred
1393 1759 81 31 people
1483 1759 112 33 buffeting
1602 1762 54 23 with
1666 1762 39 24 the
1715 1770 83 17 waves.
1833 1764 35 25 At

1281 1790 77 24 eleven
1377 1792 87 23 o'clock
1485 1793 14 23 I
1518 1801 56 16 went
1595 1796 48 22 into
1662 1796 92 29 church,
1774 1797 46 23 and
1837 1805 31 17 on

1280 1823 91 32 coming
1388 1830 40 19 out
1445 1827 68 30 again
1530 1830 23 20 at
1565 1835 51 21 one,
1633 1828 97 32 nothing
1739 1837 47 16 was
1803 1835 24 19 to
1837 1830 29 25 be

1280 1863 57 21 seen,
1345 1857 41 24 but
1395 1863 53 26 part
1458 1859 26 23 of
1492 1859 41 24 her
1544 1860 95 30 bottom,
1652 1861 54 24 with
1713 1866 43 20 two
1766 1870 26 16 or
1803 1863 63 25 three

1280 1897 94 24 persons
1385 1891 102 32 clinging
1504 1897 23 19 to
1537 1893 28 24 it.
1602 1893 51 25 The
1669 1894 77 25 bodies
1758 1903 56 17 soon
1825 1897 41 24 be-

1280 1930 44 23 gan
1335 1928 24 19 to
1370 1924 63 24 wash
1444 1933 39 24 up,
1503 1930 44 20 two
1559 1926 26 24 of
1600 1927 73 27 which
1683 1928 91 25 washed
1786 1935 23 18 to
1828 1938 40 24 my

1279 1956 46 24 feet
1333 1966 6 19 ;
1358 1964 31 16 we
1402 1957 154 26 endeavoured
1567 1964 24 20 to
1602 1966 85 19 restore
1700 1963 124 24 animation
1835 1963 32 32 by

1277 1989 101 31 .Tubbing
1389 1990 63 25 them
1462 1992 56 24 with
1530 1993 86 31 brandy
1626 2003 7 19 ;
1654 1994 42 24 but
1706 1995 96 24 without
1814 2004 52 16 suc-

1279 2029 58 17 cess.
1374 2022 76 25 There
1464 2032 59 17 were
1540 2025 71 33 thirty
1622 2027 78 24 bodies
1716 2027 67 33 lying
1793 2029 24 23 in
1828 2029 38 24 the

1279 2053 79 32 Negro
1369 2055 123 32 Barracks,
1511 2067 84 24 among
1606 2060 73 25 whom
1690 2069 46 15 was
1753 2070 15 15 a
1778 2063 89 23 mother

1280 2087 43 24 and
1335 2096 67 16 seven
1415 2090 26 23 of
1454 2090 41 24 her
1506 2091 101 25 children
1617 2102 7 20 ;
1643 2094 41 23 but
1697 2094 38 24 the
1746 2096 88 30 picture
1845 2097 21 23 is

1278 2124 37 20 too
1328 2121 100 25 dreadful
1440 2127 22 20 to
1475 2124 65 25 dwell
1551 2133 70 24 upon.
1657 2127 51 24 The
1718 2128 56 30 loss,
1790 2130 26 22 in
1826 2130 38 29 all,

1278 2156 121 24 amounted
1417 2161 23 19 to
1459 2165 43 16 one
1522 2157 103 27 hundred
1642 2161 44 23 and
1704 2162 162 31 ninety-seven

1279 2187 70 29 souls,
1371 2189 50 23 who
1438 2197 59 16 were
1508 2191 81 24 buried
1601 2197 23 18 at
1643 2194 145 31 Papendorp.
1825 2196 39 23 On

1279 2219 37 24 the
1334 2220 116 33 following
1470 2223 86 32 Friday
1575 2232 34 16 we
1627 2225 45 25 had
1689 2226 95 25 another
1804 2228 60 31 gale,

1278 2253 66 25 when
1354 2254 38 24 the
1403 2254 62 25 John
1472 2255 121 33 Bagshav,
1602 2258 120 32 Fairfield,
1734 2268 29 16 an
1772 2262 92 24 Ameri-

1279 2294 41 17 can
1331 2288 58 31 brig,
1402 2287 104 32 Reform,
1520 2289 86 33 Henry
1617 2291 85 32 Hoyle,
1715 2293 45 24 and
1772 2293 91 32 Ghilka,

1278 2320 99 25 beached
1386 2323 26 22 in
1421 2322 38 24 the
1467 2323 65 24 usual
1543 2324 71 31 place,
1626 2326 103 32 opposite
1737 2327 39 24 the
1784 2328 79 25 castle.

1278 2353 50 25 The
1339 2353 62 25 John
1411 2354 121 33 Bagshato,
1544 2358 70 32 being
1623 2358 64 33 deep,
1698 2361 81 23 struck
1790 2361 75 33 along

1278 2394 47 24 way
1344 2392 47 25 out,
1412 2389 45 24 and
1476 2390 68 29 sunk,
1564 2391 92 33 leaving
1673 2393 53 31 only
1744 2393 43 25 her
1805 2403 58 24 poop

1276 2420 71 25 above
1358 2427 76 24 water,
1447 2431 30 16 on
1483 2424 75 24 which
1567 2424 32 25 all
1605 2425 72 25 hands
1689 2426 43 24 had
1740 2427 108 31 gathered
1855 2438 6 20 ;

1276 2454 45 24 and
1331 2455 19 24 it
1368 2463 44 16 was
1425 2457 80 24 twelve
1522 2457 71 25 hours
1610 2459 76 25 before
1706 2468 14 16 a
1731 2468 55 25 rope
1797 2462 67 24 could

1275 2486 28 25 be
1324 2492 41 27 got
1386 2497 30 15 on
1438 2490 71 24 board
1530 2495 25 20 to
1582 2492 70 25 them.
1697 2493 25 25 A
1743 2493 53 25 boat
1817 2503 46 16 was

1275 2519 112 27 launched
1398 2522 59 25 from
1468 2524 49 29 her,
1528 2525 75 24 \frhich
1615 2530 67 27 upset
1689 2535 62 16 some
1761 2528 101 25 distance

1275 2554 57 24 from
1351 2556 38 24 the
1408 2556 67 25 shore
1494 2557 45 24 and
1555 2558 45 24 five
1617 2566 95 24 persons
1729 2568 60 17 were
1808 2570 54 24 very

1275 2588 77 32 nearly

1306 2621 65 25 Bill
1382 2630 112 18 against
1506 2624 46 24 Sir
1564 2624 109 26 Robert
1691 2627 83 25 Peel.
1776 2641 34 4 —
1811 2628 50 25 The

1274 2653 115 34 following
1401 2657 129 25 Christmas
1541 2658 41 25 bill
1595 2659 43 24 has
1649 2659 58 25 been
1719 2666 52 19 sent
1788 2666 23 19 to
1823 2662 38 24 the

1274 2687 103 26 Premier
1389 2698 6 16 :—:
1396 2702 35 5 —

1274 2728 29 17 TO
1316 2730 41 17 SIR
1374 2731 101 17 ROBERT
1494 2732 73 22 PEEL,
1581 2733 86 23 BART.,
1680 2735 21 16 M
1711 2735 33 22 P.,
1757 2728 45 24 &C.
1816 2729 42 25 &C.

1306 2755 54 30 Sir,
1362 2769 33 4 —
1395 2756 37 25 As
1443 2758 19 23 it
1481 2758 21 23 is
1522 2766 39 24 my
1573 2765 89 19 custom
1680 2765 22 19 to
1722 2762 68 24 settle
1807 2763 52 23 with

1273 2796 38 24 my
1323 2794 125 20 customers
1461 2791 58 24 after
1530 2791 136 31 Christmas,
1679 2794 13 23 I
1704 2794 46 32 beg
1760 2795 64 24 leave
1836 2800 23 20 to

1274 2824 103 23 transmit
1386 2832 38 24 my
1436 2825 68 23 small
1516 2831 104 24 account,
1632 2834 25 16 as
1669 2827 86 24 follows
1765 2836 6 16 :—:
1772 2839 36 6 —

1274 2859 33 22 Sir
1314 2860 28 22 R.
1353 2860 53 23 Peel
1413 2864 22 19 to
1445 2861 71 27 John,
1525 2862 115 28 Andrew,
1647 2864 45 22 and
1699 2864 80 22 Paddy
1786 2865 71 23 Bull.

1299 2891 52 23 Due
1360 2892 35 22 for
1405 2892 60 24 Corn
1475 2893 63 28 Duty
1720 2896 111 27 £700,000

1297 2918 65 22 Ditto
1371 2920 72 26 Sugar
1739 2924 92 26 200,000

1297 2945 65 23 Ditto
1371 2947 81 22 timber
1472 2948 52 22 ..,,*
1741 2951 90 26 100,000

1696 3003 135 28 £1,000,000

1297 3027 96 27 Deduct,
1421 3027 51 28 less,
1501 3028 45 23 Mr.
1575 3029 136 23 Goulburn's

1350 3053 92 28 pension
1768 3059 61 26 1,000

1389 3107 100 24 Balance
1499 3108 43 23 due
1716 3111 112 28 £999,000

1303 3140 50 25 The
1364 3142 73 24 which
1448 3150 53 17 sum
1519 3143 76 24 would
1613 3143 56 24 have
1689 3144 57 24 been
1766 3146 53 31 paid
1831 3149 23 20 to

1270 3180 36 17 me
1320 3175 71 25 under
1402 3183 30 17 an
1443 3180 132 27 agreement
1591 3177 54 24 with
1663 3177 99 26 Messrs.
1776 3179 78 24 Lamb

1269 3207 44 24 and
1326 3208 51 30 Co.,
1398 3209 24 24 in
1433 3210 77 23 whose
1529 3210 65 31 place
1614 3210 15 24 I
1641 3211 138 25 understand
1798 3220 56 24 your

1270 3243 21 21 to
1303 3241 37 25 be.

1301 3273 144 34 Requesting
1461 3284 26 15 as
1498 3276 63 31 early
1572 3284 14 16 a
1595 3282 109 27 payment
1714 3285 27 17 as
1762 3284 52 26 may
1824 3279 29 24 be

1268 3307 62 31 quite
1341 3309 141 29 convenient,

1410 3342 14 24 I
1435 3350 46 22 am,
1492 3351 59 23 your
1562 3351 54 23 very
1628 3344 113 30 obedient,

1648 3377 69 24 John
1736 3378 80 25 Bull.

1299 3407 130 26 December
1442 3410 40 28 31,
1497 3411 73 23 1841.

1301 3440 57 25 The
1370 3441 70 25 Jews
1452 3450 31 16 of
1501 3443 119 24 Prussia.
1621 3455 35 6 —
1657 3443 50 25 The
1722 3443 130 33 Frankfort

1269 3471 93 27 Gazette
1372 3474 26 25 of
1412 3475 40 24 the
1464 3476 58 25 17th
1539 3477 65 29 inst.,
1615 3476 119 32 publishes
1753 3478 41 24 the
1805 3478 45 24 fol-

1265 3506 84 32 lowing
1358 3508 85 24 refusal
1454 3509 68 32 given
1536 3513 24 20 to
1577 3509 39 25 the
1634 3511 128 31 consistory
1772 3511 24 24 of
1812 3511 38 24 the

1266 3538 124 32 Israelites,
1409 3541 50 25 who
1478 3543 122 31 presented
1621 3552 14 15 a
1651 3544 97 31 petition
1769 3548 23 20 to
1810 3544 40 25 the

1266 3572 66 33 King
1349 3575 26 23 of
1398 3575 104 30 Prussia,
1522 3577 98 30 praying
1638 3577 50 24 that
1708 3577 61 25 their
1791 3577 59 33 body

1265 3606 74 32 might
1349 3612 40 20 not
1405 3609 90 24 receive
1511 3617 30 16 an
1562 3610 156 31 organization
1738 3619 27 16 as
1776 3619 15 16 a
1802 3612 47 31 pri-

1265 3643 51 20 vate
1326 3641 150 32 corporation,
1488 3649 42 17 nor
1551 3643 28 23 be
1591 3643 117 32 subjected
1727 3648 24 20 to
1765 3645 85 31 special

1252 3694 3 5 .
1264 3671 143 33 obligations,
1419 3683 26 16 as
1457 3683 14 16 a
1491 3678 169 30 compensation
1678 3669 124 44 for^ffeing
1811 3686 38 16 re-

1255 3723 2 6 ,
1263 3704 73 29 lieyed
1346 3707 59 25 from
1423 3709 101 32 military
1535 3711 95 24 service.
1664 3699 186 45 Thiffellowing

1263 3739 20 23 is
1295 3739 39 26 the
1344 3744 49 21 text
1404 3741 27 25 of
1444 3741 38 25 his
1502 3742 124 33 Majesty's
1643 3732 100 44 repl^o
1758 3744 39 25 the
1807 3752 42 25 pe-

1264 3771 66 25 tition
1402 3775 134 32 According
1545 3781 24 19 to
1576 3777 39 24 the
1621 3777 95 31 petition
1727 3777 122 25 addressed

1263 3809 23 20 to
1297 3805 40 25 the
1354 3806 67 34 King
1431 3815 30 18 on
1480 3808 39 25 the
1538 3808 43 25 4th
1601 3810 25 24 of
1642 3809 90 30 March,
1744 3810 39 25 his
1795 3811 53 24 Ma-

1253 3837 69 33 jesty
1337 3838 43 26 has
1395 3841 122 31 perceived
1534 3841 51 25 that
1602 3842 38 24 the
1657 3842 56 31 plan
1731 3843 27 25 of
1772 3851 16 15 a
1805 3843 43 25 law

1255 3868 105 34 'relating
1376 3876 23 20 to
1419 3873 39 24 tlifc
1477 3873 120 26 Israelites
1602 3866 55 34 %s
1678 3875 85 24 banged
1783 3875 66 29 .them

1252 3904 98 39 -Serious
1366 3905 81 25 alarm;
1482 3906 48 26 His
1549 3906 101 33 Majesty
1661 3907 50 30 has,
1723 3908 26 24 in
1767 3915 81 18 conse-

1261 3944 95 25 quence,
1367 3938 186 34 commissioned^
1562 3947 37 16 me
1612 3934 35 33 %.
1659 3940 91 25 declare
1761 3945 32 22 to,
1795 3949 52 25 you,

561 29 101 48 gft»
667 29 148 44 -ism
828 32 212 43 gcatatto
1064 34 196 50 <fra?mir
1281 38 93 41 anft
1397 38 301 49 mtlltngton
1722 38 257 52 &p«tat«\

732 119 199 27 ENGLISH
959 119 246 29 EXTRACTS.
