2540 4029
1898 126 220 26 WHOLESALE
2146 127 126 24 PRICES
2306 126 179 25 CURRENT.

1997 163 133 18 CORRECTED
2144 166 31 15 UP
2189 166 28 15 TO
2231 166 55 15 LAST
2302 165 82 16 NIGHT.

2140 3067 121 20 DUTIES.

1904 3089 99 22 British
2014 3090 93 23 Spirits
2119 3106 7 9 ,
2320 3094 33 21 4s.
2363 3100 40 21 per
2410 3093 81 28 gallon.

1904 3116 106 23 Foreign
2021 3117 56 22 ditto
2296 3118 6 22 1
2320 3121 33 21 ss.
2362 3128 40 20 per
2409 3121 82 27 gallon.

1903 3143 105 23 Tobacco
2018 3145 178 29 manufactured,
2321 3149 32 21 Is.
2362 3155 40 20 per
2410 3149 31 21 lb.

2017 3172 207 28 Unmanufactured
2295 3188 7 9 ,
2320 3174 36 23 9d.
2366 3175 79 27 perlb.

1904 3197 75 23 Snuff
2171 3198 10 25 '.
2320 3203 33 24 25,.
2361 3201 79 27 perlb.

1905 3225 86 22 Cigars
2073 3242 13 13 
2321 3226 83 30 2s^/per
2410 3229 31 22 lb.

1904 3251 83 24 Wines
2179 3258 19 18 .'.
2296 3255 43 21 *.15
2352 3262 40 21 per
2400 3259 59 19 cent.

1903 3278 57 28 Tea,
1975 3281 85 28 Sugar,
2076 3282 87 27 Flour,
2332 3288 20 10 '•"

1921 3307 48 21 and
1977 3307 64 23 other
2052 3309 87 28 Grain,
2148 3310 14 20 5
2171 3316 41 21 per
2220 3313 59 19 cent.
2292 3304 5 27 I
2306 3320 3 6 >
2312 3328 5 5 r
2320 3323 4 6 .
2342 3324 7 6 ,
2389 3325 8 6 ,
2422 3312 4 4 '

1904 3333 40 23 All
1952 3334 63 23 other
2024 3325 139 39 FoßEiVp!
2163 3323 117 36 eductions
2291 3335 14 24 f
2323 3324 30 23 ad
2361 3325 107 26 yalo^m.

1917 3361 46 22 and
1968 3363 166 21 manufactures
2142 3364 26 21 10
2173 3370 41 20 per
2220 3368 58 18 cent.
2283 3358 15 32 J

2053 3394 28 21 \P,
2107 3390 187 25 EXCHANGE.
2311 3389 5 16 ;

1905 3428 127 24 BANKbffls
2042 3430 135 24 onLondon
2208 3419 18 41 j30j
2232 3420 28 21 30
2275 3420 30 22 da
2304 3428 16 20 y
2321 3428 10 15 s
2345 3421 18 22 si
2363 3429 16 20 SS
2379 3422 16 22 h
2396 3425 16 24 *»
2429 3423 13 21 2
2455 3430 15 20 P
2472 3430 19 15 er

1908 3469 15 3 _
1951 3470 14 4 _
1987 3470 7 6 ,
2216 3450 11 23 L
2266 3452 59 19 cent,
2336 3455 117 21 premium.

1905 3469 135 30 OnSydney
2327 3475 73 24 Ditto.

1905 3496 88 24 Private
2003 3497 50 23 bills
2304 3502 114 20 Nominal.

1926 3555 40 17 The
1976 3556 49 17 Nbtt
2035 3556 100 18 Zealand
2145 3553 93 24 Ga'zeotb
2244 3561 37 17 and
2292 3561 136 19 Wellington
2440 3563 57 17 Spec-

1904 3580 66 13 tatob
1975 3577 15 16 is
1996 3577 99 20 published
2100 3582 55 19 every
2161 3580 114 23 Wednesday
2285 3583 38 17 and
2333 3583 94 20 Saturday.
2448 3584 47 17 Sub-

1902 3597 64 21 joined
1972 3602 31 12 are
2009 3598 32 16 the
2047 3600 66 16 tenni:
2113 3608 24 4 —
2332 3609 3 3 .
2410 3596 9 9 *

1926 3618 64 17 Price
1996 3622 25 14 op
2027 3624 43 14 tbje
2076 3620 97 19 Pase*.—
2173 3622 56 22 Forty
2233 3623 86 22 shillings
2324 3629 33 16 per
2367 3629 76 14 annum,
2453 3629 35 16 pay

1904 3639 41 17 able
1951 3640 21 16 in
1978 3640 90 20 advance;
2078 3646 22 13 or
2106 3647 34 12 one
2147 3643 76 22 shilling
2228 3644 29 18 for
2262 3645 61 21 single
2328 3647 93 17 numbers.

1926 3660 157 20 Advertisements
2088 3663 40 18 -will
2133 3665 33 16 not
2170 3669 69 17 appear
2247 3666 21 16 in
2278 3666 33 17 the
2320 3671 80 17 ensuing
2410 3668 77 17 number

1905 3682 18 16 if
1930 3682 83 18 received
2019 3682 47 18 later
2071 3683 47 17 than
2129 3685 20 18 10
2156 3682 73 26 o'clock,
2236 3691 49 16 a.m.,
2292 3692 25 12 on
2323 3688 32 17 the
2361 3689 93 20 mornings
2461 3689 32 17 be-

1904 3703 39 17 fore
1956 3702 119 21 publication.
2096 3704 158 20 Advertisements
2267 3707 39 18 will
2316 3709 22 17 be
2349 3709 99 18 continued
2454 3709 36 17 and

1905 3724 79 20 charged
1993 3724 50 17 until
2051 3727 168 21 counter-ordered;
2229 3728 47 18 such
2281 3729 54 17 order
2340 3731 53 16 must
2396 3731 24 16 be
2426 3731 41 16 sent
2473 3730 19 16 to
2502 3734 2 5 '

1897 3750 2 22 ;
1905 3745 33 16 the
1947 3745 54 17 Office
2013 3746 36 17 two
2068 3747 45 21 days
2130 3748 61 18 before
2201 3749 119 21 publication,
2331 3751 37 17 and
2377 3753 54 16 must
2437 3753 23 15 be
2469 3751 20 16 In

1905 3766 79 21 writing.
2007 3767 158 19 Advertisements
2177 3770 83 17 received
2278 3771 54 22 after
2347 3773 22 16 10
2384 3770 73 19 o'clock-
2466 3775 23 13 on

1905 3787 84 21 Tuesday
2001 3787 39 18 and
2048 3788 68 22 Friday
2125 3791 94 22 mornings
2223 3791 46 17 -will
2277 3793 23 16 be
2311 3791 82 23 charged;
2399 3793 53 18 twice
2459 3793 31 16 the

1905 3807 56 17 usual
1965 3808 54 17 rates.
2306 3809 3 4 '

1927 3829 32 16 All
1965 3829 66 20 orders,
2041 3829 158 23 advertisements,
2210 3833 39 17 and
2257 3834 165 18 communications
2433 3837 19 14 to
2462 3834 31 16 the

1906 3850 70 20 Editor,
1981 3854 32 13 are
2019 3852 98 18 requested
2121 3854 20 15 to
2147 3854 23 16 be
2176 3854 98 16 addressed
2280 3855 19 15 to
2305 3855 39 15 this
2350 3855 62 15 Office.

1906 3897 77 17 Printed
1990 3897 42 23 ,^nd
2045 3898 99 23 pushed
2159 3904 55 17 oyery
2229 3900 115 22 Wednesday
2360 3902 36 17 and
2406 3901 86 19 Saturday

1927 3918 91 21 morning,
2032 3918 23 21 By
2074 3920 84 17 Samuel
2173 3921 29 17 Re
2203 3925 59 16 van*,
2278 3923 20 16 at
2312 3923 32 16 the
2360 3923 54 17 Office
2429 3923 20 15 of
2460 3922 30 15 tue

1928 3939 49 17 Nsw
1991 3939 99 22 ZrnA.iu.vp
2100 3939 93 20 Gazette
2203 3946 43 14 at»o
2259 3942 135 19 Wbhington
2410 3943 82 18 Specta-

1928 3964 44 15 tor,
1982 3960 158 23 Manneri-itreet,
2149 3963 115 21 Wellington,
2276 3964 45 18 Port
2333 3964 103 20 Nioh«lson,
2450 3963 41 17 New

1928 3981 85 17 Zealand.

564 45 106 47 ttPfrE
671 40 138 54 >Ws&
834 43 209 49 gfcqfeflft
1054 43 202 46 ma&ttt
1279 44 89 38 m*
1387 41 304 46 WitUxngtm
1716 38 253 49 frptttHtov.

2236 192 18 18 £
2275 197 16 12 i.
2316 192 19 17 d.
2352 207 4 2 .
2389 191 54 22 *•.
2467 192 22 16 d.

1898 218 64 24 Ats:
1975 227 42 21 per
2025 218 47 24 hhd
2238 221 14 23 7
2278 223 15 20 0
2320 222 15 21 o
2340 221 30 20 ''..
2431 220 57 23 7.0

2067 248 151 26 ■perbarrel..
2236 248 14 21 5
2351 260 19 7 ..
2388 248 14 20 0
2430 247 14 20 0
2471 248 16 20 0

2072 281 39 19 per
2121 274 40 22 doz
2237 275 68 26 013,
2316 276 19 20 .0
2351 281 22 22 ty
2379 290 3 5 .
2387 274 56 29 0,0
2471 275 16 20 0

1898 300 113 22 Arrack:
2026 299 43 22 Per
2076 300 45 24 gal.
2131 301 25 21 in
2164 300 61 23 bond
2238 303 15 20 0
2277 302 15 26 ,1
2321 298 50 30 9,/.
2389 301 59 25 Q\2,
2471 304 15 20 0

1897 324 94 24 Bread:
2007 326 43 22 Per
2057 325 45 23 2lb.
2114 326 50 23 loaf
2177 323 45 25 ...'.
2240 330 15 20 0
2281 330 14 19 0
2322 328 15 21 6
2353 324 19 24 .'.
2391 328 14 20 0
2432 328 14 20 0
2472 328 16 20 0

1897 352 74 23 Beef:
1987 352 77 28 Fresh,
2083 359 90 16 carcase
2187 361 40 19 per
2274 353 7 3 ~
2402 356 3 4 '
2439 363 2 4 •

1923 377 31 22 &.
2015 379 24 21 lb
2236 381 54 22 oo
2306 379 27 23 10
2351 381 19 20 .:.
2388 380 56 28 po
2471 381 14 20 o

2006 404 53 28 Salt,
2069 412 40 21 per
2120 406 71 21 tierce
2204 420 18 6 ..
2236 415 3 4 -
2260 414 60 16 none
2351 404 53 25 ..6
2429 408 15 19 0
2472 408 16 19 0

2006 432 44 21 Do.
2059 439 41 19 per
2112 432 75 22 barrel
2203 446 19 7 ..
2260 440 59 15 none
2342 447 28 8 ...
2387 435 18 22 0,
2423 434 30 25 -<X,
2471 434 16 19 0

1897 459 95 22 Buttek
1999 465 7 15 :
2023 458 65 27 Irish,
2098 465 40 21 per
2145 458 32 23 lb.
2201 473 6 6 .
2213 472 6 7 .
2239 461 15 20 0
2281 462 11 20 I
2321 462 14 19 9
2352 474 6 7 .
2364 474 6 8 .
2389 462 14 20 0
2427 460 17 21 2
2472 461 16 20 0

2020 484 68 23 Fresh
2242 488 14 19 0
2282 488 15 20 2
2323 488 14 20 6
2353 500 20 7 ..
2391 488 14 21 0
2432 488 14 20 0
2473 487 16 20 0

1898 517 110 17 Brandy:
2024 511 59 22 First
2085 511 96 28 quality,
2189 518 40 20 per
2317 512 4 3 '
2355 512 8 21 '.
2388 512 3 9 '
2445 523 7 11 /

2046 538 77 27 gallon
2131 539 25 21 in
2165 538 62 22 bond
2240 540 14 20 0
2274 540 22 20 .6
2309 545 2 6 ■
2323 537 49 23 o'..
2390 542 15 19 0
2431 541 29 20 8r
2472 542 16 19 0

1897 565 87 22 Brown
2001 565 77 22 Stout
2084 573 7 14 :
2111 572 44 20 j?er
2169 564 53 23 hhd.
2237 565 56 22 610
2319 567 14 20 0
2351 579 5 6 .
2363 579 6 6 .
2390 566 13 23 7
2410 581 2 7 ,
2429 567 14 21 0
2471 568 15 20 0

1898 592 101 22 Cigars:
2011 591 101 28 Manilla,
2120 599 41 19 per
2165 592 60 27 1000,
2240 593 14 20 3
2281 592 15 21 0
2323 593 48 20 0..
2391 594 13 19 0
2431 594 14 20 0
2472 594 14 20 0

2007 618 97 22 Inferior
2241 618 55 23 11$
2323 620 13 20 0
2354 632 18 7 ..
2391 620 14 20 2
2431 620 14 21 0
2472 622 16 19 0

2008 644 136 28 fiavannah,
2149 645 77 27 per.lb.
2260 652 61 17 none
2352 646 133 21 ..000

1999 671 178 27 Xhinsurahper
2182 672 53 23 1000
2241 673 54 24 1,10
2323 674 12 20 0
2353 686 19 7 ..
2390 673 14 20 0
2431 673 13 19 0
2471 674 17 19 0

2007 698 156 22 Alexandrian
2239 700 12 20 1
2267 701 27 20 10
2321 700 13 21 0
2351 712 20 8 ..
2389 700 15 20 0
2430 699 15 20 0
2471 700 17 20 0

1898 725 101 22 Coffee:
2010 724 64 28 Java,
2084 732 41 20 per
2131 725 32 22 lb.
2176 723 46 24 .A.
2239 729 14 20 0
2278 726 167 22 010..-00
2472 727 16 20 0

1899 752 90 23 Cheese
1996 759 6 14 :
2018 751 106 23 Cheshire
2241 755 13 20 0
2281 754 12 20 1
2316 754 19 21 ,6
2353 767 6 6 .
2366 767 6 6 .
2391 754 14 20 0
2431 753 14 20 0
2472 754 16 19 0

1885 789 1 15 i
1917 791 17 13 ,i
1968 789 6 15 i
2017 778 54 22 Pine
2081 778 75 28 Apple
2177 793 45 7 ....
2241 782 13 20 0
2281 782 14 20 0
2323 782 49 19 0..
2391 781 13 20 0
2432 779 12 20 1
2472 780 16 21 2

1903 804 6 4 '
1965 807 8 5 '
2016 804 76 23 Dutch
2241 809 14 20 0
2281 809 14 20 0
2323 808 49 20 0..
2391 808 14 20 0
2432 807 12 19 1

1899 832 106 22 Candles
2013 839 5 14 :
2025 831 94 27 English
2125 839 57 21 wax,
2189 840 40 20 per

2041 858 25 22 lb
2241 862 14 19 0
2276 861 19 20 .3
2323 861 50 20 Oj.*.
2391 862 14 19 0
2432 861 14 20 0
2473 862 14 19 U

2029 885 82 22 Mould
2240 888 13 20 0
2282 887 12 20 1
2354 888 51 20 ..'0
2432 888 14 19 0
2473 888 14 19 0

2030 911 58 28 Dips
2241 914 13 21 0
2282 914 54 22 10
2353 914 51 20 ..0
2428 914 17 22 .0
2473 914 14 20 0

1900 939 92 22 Flour:
2002 940 34 20 Ist
2040 938 93 28 quality,
2144 946 40 20 per
2188 942 39 19 ton
2315 937 3 8 '

2022 965 26 21 of
2057 966 55 21 2000
2121 965 35 22 lbs
2225 966 26 21 15
2279 968 15 20 0
2321 968 14 19 0
2352 966 52 21 ..20
2431 967 14 20 0
2471 968 17 20 0

1998 992 46 22 2nd
2053 992 56 22 ditto
2241 994 14 21 0
2281 995 14 20 0
2323 994 14 20 0
2353 994 52 20 ..12
2432 994 14 21 0
2473 994 17 20 O

1900 1019 60 22 Gin:
1980 1018 54 23 Pale
2050 1019 25 22 in
2085 1018 61 23 bond
2241 1022 13 19 0
2280 1022 15 20 3
2322 1021 13 20 0
2352 1034 19 7 ..
2389 1022 14 19 0
2429 1020 16 21 4
2463 1021 24 22 ,0

1949 1046 64 26 Case,
2020 1046 14 21 4
2039 1046 38 26 gal
2086 1046 37 22 4-5
2131 1046 25 22 in
2165 1046 64 23 bond
2241 1048 10 20 1
2281 1049 13 20 8
2321 1049 14 20 0
2353 1061 19 11 .
2391 1048 11 20 1
2418 1047 27 21 10
2472 1048 14 19 0

1900 1072 82 23 Hams:
1997 1072 129 28 Yorkshire,
2140 1073 86 28 perlb.
2241 1076 13 19 0
2276 1076 20 19 .0
2323 1076 14 19 0
2354 1073 21 22 .'-."
2391 1076 14 20 0
2432 1075 14 20 0
2474 1074 16 21 O

1899 1099 116 23 Mustard
2022 1107 5 14 :
2042 1100 44 22 Per
2093 1100 73 23 dozen
2241 1102 13 21 0
2269 1102 27 20 18
2324 1102 14 20 0
2354 1114 7 7 .
2367 1115 7 6 .
2392 1103 14 20 0
2432 1101 14 20 0
2474 1102 15 19 0

1885 1122 1 36 [
1899 1126 103 23 Mutton
2009 1135 6 14 :
2035 1126 94 23 Carcase
2138 1134 40 20 per
2186 1127 24 22 lb
2216 1143 11 9 ..
2241 1129 14 20 0
2274 1129 27 20 <0,
2316 1128 8 21 i
2324 1128 16 21 9.
2354 1142 6 5 .
2366 1142 7 7 .
2391 1129 14 20 0
2432 1127 55 22 011

1899 1153 124 22 Muskets:
2036 1152 95 23 Walnut
2137 1153 93 22 stocked
2243 1156 13 20 0
2283 1155 14 20 0
2324 1156 14 20 0
2354 1168 20 7 ..
2392 1156 14 21 0
2421 1154 25 21 15
2476 1156 16 19 O

1900 1180 78 22 Milk:
1994 1179 42 23 Per
2042 1180 50 27 pint
2241 1182 14 20 0
2283 1182 14 20 0
2323 1182 14 20 3
2355 1195 19 7 ..
2392 1184 13 19 0
2432 1182 14 21 0
2473 1182 15 20 4

1900 1207 44 22 Oil
1950 1215 6 14 :
1972 1206 104 26 Linseed,
2086 1213 40 20 per
2134 1206 76 27 gallon
2220 1209 35 20 .0
2283 1209 14 19 0
2324 1210 51 19 0..
2405 1214 67 15 none.

1973 1232 285 28 Black,incask,pertonl7
2284 1235 14 20 0
2325 1236 14 20 0
2356 1248 19 7 ..
2394 1237 13 20 0
2434 1236 14 20 0
2475 1236 16 20 0

2010 1260 87 27 Sperm.
2224 1262 28 21 60
2279 1262 12 19 0
2321 1262 12 19 0
2351 1262 50 21 ..65
2430 1262 13 19 0
2472 1263 13 19 0

1899 1287 77 22 Pork:
1992 1286 77 28 Fresh,
2086 1293 90 16 carcase
2190 1294 42 21 per

2017 1313 29 22 lb.
2067 1310 33 24 ..'.
2241 1316 13 20 0
2282 1316 14 20 0
2322 1315 14 21 5
2354 1329 19 7 ..
2391 1317 14 20 0
2432 1317 13 20 0
2473 1318 14 19 0

1899 1340 66 22 Pork
1971 1347 13 14 :-
1993 1340 65 26 Irish,
2069 1347 40 21 per
2117 1340 75 23 barrel
2204 1342 93 22 ..00
2323 1344 14 19 0
2355 1356 5 6 .
2368 1357 5 6 .
2391 1342 14 21 5
2432 1343 13 21 5
2474 1344 16 21 0

1899 1367 131 22 Potatoes:
2050 1366 57 23 New
2120 1367 109 28 Zealand,

2074 1401 42 20 per
2124 1398 39 19 ton
2176 1395 77 21 ....5
2281 1397 15 20 0
2323 1398 82 21 0..8
2431 1398 15 20 0
2473 1398 15 20 0

1900 1421 108 22 Porter:
2036 1420 104 28 Dunbar,
2150 1422 25 21 in
2181 1422 47 22 hot.
2300 1436 11 13 (
2312 1440 12 12 .
2418 1443 13 9 
2453 1420 7 20 -'

2066 1455 41 20 per
2116 1448 43 22 doz
2241 1451 13 20 0
2269 1450 27 21 13
2322 1452 15 19 0
2354 1453 6 17 :
2366 1464 7 7 .
2391 1452 14 20 0
2432 1452 14 20 0
2474 1452 16 20 0

2008 1474 86 28 Bryant
2103 1475 46 22 and
2157 1476 70 21 Davis
2241 1478 13 20 0
2269 1478 26 19 13
2304 1476 38 23 utf
2354 1490 19 7 ..
2392 1479 14 20 0
2425 1475 22 24 10
2474 1479 14 20 0

1900 1501 99 22 Pickles
2010 1509 5 14 :
2045 1501 117 28 Assorted,
2190 1510 41 20 per

2071 1528 58 27 doz.,
2154 1533 75 24 quarts
2243 1532 12 19 1
2284 1532 12 20 1
2325 1532 14 21 0
2356 1545 19 7 ..
2394 1533 14 20 0
2434 1533 15 20 0
2470 1532 22 19 'O

1900 1555 74 22 Pitch
1986 1562 6 13 :
2024 1551 137 32 Stockholm,
2191 1563 40 21 per

2048 1582 74 23 barrel
2243 1586 15 20 0
2284 1587 14 20 0
2325 1586 14 20 0
2356 1598 20 8 ..
2394 1586 12 19 1
2434 1586 14 20 5
2479 1587 14 19 0

1900 1608 95 24 Plank:
2022 1608 55 23 Port
2098 1609 132 30 Nicholson,

2048 1643 40 20 pec
2097 1638 41 21 100
2147 1637 46 22 feet
2205 1640 52 20 ..0
2283 1640 14 20 0
2324 1641 14 19 0
2356 1653 19 7 ..
2394 1640 11 20 1
2434 1640 12 20 1
2475 1641 14 20 0

1900 1662 70 22 Rice:
1982 1662 109 23 Common
2101 1671 41 21 per
2147 1667 48 20 cwt.
2206 1680 19 5 ..
2243 1667 14 20 0
2284 1668 14 19 0
2325 1667 14 20 0
2356 1680 19 7 ..
2392 1669 15 19 0
2433 1668 15 20 0
2475 1669 14 19 0

1982 1690 66 21 Good
2243 1693 12 20 1
2283 1694 15 20 4
2325 1695 15 19 0
2356 1707 19 7 ..
2392 1696 15 19 0
2433 1695 15 20 0
2476 1695 13 19 0

1900 1716 56 22 Rum
1963 1724 5 14 :
1985 1716 25 23 P.
2019 1717 28 21 B.
2058 1717 33 26 P.,
2105 1725 41 17 per
2154 1718 76 27 gallon

2020 1744 25 21 in
2058 1744 63 23 bond
2242 1747 14 21 0
2283 1748 14 20 4
2325 1747 12 20 0
2356 1761 19 7 ..
2392 1749 14 20 0
2432 1747 14 21 5
2475 1749 14 19 0

1900 1770 90 23 Sugar:
2006 1770 120 23 Mauritius
2135 1779 40 20 per
2182 1776 49 19 cwt.
2244 1775 14 20 0
2286 1775 14 20 0
2327 1776 50 20 0..
2409 1780 58 16 none

2009 1798 81 22 Brown
2104 1798 55 22 ditto
2177 1814 45 6 ....
2241 1796 12 25 i
2280 1801 15 21 2
2322 1802 81 20 0..1
2431 1802 14 21 8
2472 1803 15 20 0

2009 1824 97 23 Refined
2120 1826 53 28 loaf,
2191 1834 40 21 per
2297 1831 4 9 '

2034 1852 24 21 lb
2244 1856 13 20 0
2285 1857 14 20 0
2326 1857 14 19 9
2358 1869 18 7 ..
2394 1857 14 20 0
2434 1857 14 19 0
2476 1857 14 19 0

2010 1878 97 23 Manilla
2124 1887 40 20 per
2178 1884 48 20 cwt.
2235 1883 20 21 .0
2283 1883 14 20 0
2324 1884 14 20 0
2356 1897 5 6 .
2368 1895 7 8 .
2393 1881 67 23 None

1900 1905 60 22 Salt
1968 1913 5 14 :
1989 1905 127 29 Liverpool,
2126 1914 40 19 per
2175 1911 39 19 ton
2222 1925 5 5 .
2242 1909 14 21 3
2284 1911 13 19 0
2325 1911 13 20 0
2357 1923 6 7 .
2369 1923 6 7 .
2392 1910 16 20 4
2433 1911 14 20 0
2475 1911 15 20 0

1900 1932 60 22 Soap
1968 1940 6 14 :
2001 1932 103 22 Hawes's
2126 1934 103 29 London,

2027 1967 40 20 per
2073 1963 38 19 ton
2227 1963 28 21 35
2283 1964 14 20 0
2325 1965 13 20 0
2356 1977 18 7 ..
2393 1964 13 19 0
2432 1965 59 20 0-0

2018 1986 120 28 Liverpool
2227 1991 28 19 26
2283 1991 23 19 0'
2325 1992 14 18 0
2356 1991 100 24 .^StejJ}~
2462 1992 29 18 -0

1900 2012 104 20 Starch:
2020 2013 74 20 Perlb
2244 2016 14 18 0
2285 2017 14 18 0
2326 2017 13 17 9
2358 2028 18 6 ..
2394 2014 55 22 0-0
2477 2016 15 20 0

1900 2037 143 21 Scantling:
2059 2038 43 21 Per
2109 2040 41 20 100
2159 2039 66 22 feet..
2244 2041 14 19 0
2272 2041 28 20 18
2328 2042 12 20 0
2359 2055 18 6 ..
2397 2042 11 19 1
2436 2043 14 19 0
2478 2043 14 19 0

1900 2063 128 22 Shingles:
2044 2063 43 22 Per
2094 2065 62 27 1000,
2164 2065 29 22 N.
2202 2066 25 22 Z.
2243 2067 12 20 1
2286 2068 11 19 1
2325 2069 15 19 0
2357 2081 18 7 ..
2396 2069 10 20 1
2435 2069 13 19 5
2476 2070 14 20 0

2030 2090 71 28 Ditto,
2123 2091 28 23 V.
2162 2092 29 22 D.
2201 2092 27 22 L.
2242 2095 15 19 2
2285 2095 14 21 0
2326 2095 14 21 0
2356 2108 19 7 ..
2394 2097 14 19 0
2435 2097 14 19 0
2476 2097 15 19 0

1899 2116 64 23 Tar:
1979 2117 55 22 Coal
2215 2134 10 8 
2237 2121 19 20 ,1
2275 2121 22 25 ,1
2309 2123 68 19 -0..
2395 2124 14 20 0
2436 2124 14 20 0
2477 2124 14 19 0

2218 2153 13 22 ;..
2245 2148 14 21 I
2286 2149 14 20 1
2326 2149 14 21 0
2358 2162 18 7 ..
2394 2151 14 19 0
2435 2151 13 19 0
2476 2152 14 18 0

1899 2171 63 22 Tea:
1971 2171 82 27 Hyson
2057 2172 57 27 skin,
2119 2179 41 21 per
2168 2172 63 23 chest
2243 2176 15 21 4
2284 2177 14 20 0
2326 2177 13 19 0
2356 2189 19 7 ..
2394 2176 13 22 7
2435 2175 13 23 7
2476 2178 14 19 0

1976 2198 93 28 Congou
2206 2203 52 21 ..10
2284 2204 15 20 0
2326 2203 14 21 0
2356 2217 19 6 ..
2394 2205 12 20 0
2434 2205 14 19 0
2475 2205 14 19 0

1899 2224 107 23 Tobacco
2013 2233 6 14 :
2032 2225 143 29 Negrohead,
2192 2235 41 20 per
2244 2240 13 7 -

2058 2252 32 23 lb.
2103 2253 25 22 in
2144 2253 59 23 bond
2222 2257 74 24 vO'-J
2326 2257 14 21 0
2357 2270 18 7 ..
2394 2259 14 19 0
2435 2258 14 20 0
2476 2259 16 19 0

1900 2278 151 23 Turpentine
2059 2288 6 13 :t.:
2067 2302 5 7 t
2072 2302 3 4 .
2079 2280 45 22 Per
2128 2280 98 28 gallon..
2244 2284 14 20 0
2286 2285 13 19 8
2327 2284 14 20 0
2358 2297 19 7 ..
2396 2285 13 20 0
2431 2285 19 26 ,Q
2476 2286 16 20 0

1900 2306 151 22 Whalebone
2057 2314 6 14 :
2062 2304 10 17 >!
2072 2306 51 23 CPer
2125 2308 4 8 J
2130 2305 40 30 tb?i
2180 2311 79 21 ....90
2285 2312 15 20 0
2326 2311 14 20 0
2358 2311 50 21 ..95
2435 2312 15 20 0
2477 2313 14 19 0

1901 2332 83 23 Wine:
1998 2332 90 30 Sherry,
2097 2334 100 30 jfei£pipe
2207 2338 51 20 ..28
2285 2339 13 20 0
2326 2339 14 19 0
2357 2339 51 20 ..49
2434 2340 14 20 0
2476 2339 15 21 0

2005 2360 132 29 •Dittojtaper
2149 2362 80 23 dozen.
2244 2365 11 21 1
2283 2365 15 21 4
2325 2365 14 20 0
2356 2379 6 6 .
2368 2378 7 6 .
2393 2366 13 20 2
2434 2367 15 19 0
2476 2367 15 20 0

2010 2387 111 29 Port,.per
2130 2389 50 28 pipe
2205 2405 6 5 .
2218 2405 6 6 .
2229 2392 27 21 28
2283 2393 15 20 0
2306 2399 3 6 -
2315 2410 3 4 
2323 2393 15 24 0
2352 2405 23 10 ...
2379 2393 28 21 60
2434 2393 14 21 0
2475 2394 15 20 0

2076 2422 41 21 per
2128 2416 47 22 doz.
2205 2419 50 21 ..1
2283 2419 14 21 8
2325 2419 50 21 0...
2392 2420 96 21 2.80

2010 2441 150 29 Champagne,
2174 2443 55 23 ditto
2242 2446 15 21 2
2284 2446 13 20 5
2325 2447 15 20 0
2356 2459 19 7 ..
2393 2447 13 20 3
2421 2447 27 21 10
2475 2448 15 20 0

1901 2468 121 23 Poultry:
2038 2469 80 28 Fowls,
2125 2478 39 19 per
2170 2471 61 27 pair.
2246 2475 14 19 0
2287 2474 13 20 8
2328 2474 14 20 0
2358 2487 19 7 ..
2396 2475 13 19 0
2424 2475 26 19 16
2478 2475 14 20 0

2036 2495 85 30 Ducks,
2132 2497 55 22 ditto
2208 2513 21 6 •►
2244 2501 14 21 0
2273 2500 26 21 16
2326 2501 14 20 0
2358 2513 18 7 ..
2394 2501 14 20 0
2436 2502 14 20 0
2477 2502 16 20 0

2037 2523 80 28 Geese,
2129 2524 56 22 each
2207 2528 49 20 ..1
2284 2528 14 20 0
2326 2528 14 20 0
2356 2541 19 7 ..
2394 2529 13 19 0
2435 2529 14 19 0
2477 2529 15 20 0

2035 2549 110 29 Turieys,
2156 2551 57 23 each
2246 2554 11 20 1
2286 2555 14 20 0
2326 2555 14 20 0
2358 2567 18 7 ..
2395 2555 14 21 0
2436 2556 14 20 0
2477 2556 15 20 0

2037 2577 104 28 Pigeons,
2151 2578 78 28 (wild,)

2062 2611 42 20 per
2112 2605 49 27 pair
2180 2620 46 7 ....
2244 2609 55 20 C-O
2327 2608 15 20 0
2358 2621 6 7 .
2371 2621 6 7 .
2395 2609 14 20 0
2435 2609 15 20 2
2478 2610 14 20 0

2035 2630 86 29 Ducks,
2130 2631 35 23 do.
2176 2632 39 24 do.
2221 2647 6 7 .
2245 2635 54 21 0-5
2328 2635 37 21 0.
2371 2648 6 7 .
2395 2636 15 21 0
2436 2636 15 21 0
2478 2637 15 20 0

1900 2657 75 23 Eggs:
1992 2658 43 22 Per
2044 2657 73 23 dozen
2128 2664 100 19 .....;.;>
2246 2663 35 22 o,■
2286 2663 16 20 2
2328 2663 15 20 0
2359 2675 18 7 ..
2396 2664 14 19 0
2438 2664 14 19 0
2479 2664 14 20 0

1902 2711 78 22 Cows:
1994 2711 72 22 Milch
2234 2707 35 29 15'
2288 2716 13 20 0
2328 2716 15 20 0
2359 2716 51 21 ..25

1902 2738 97 23 Mares:
2014 2738 76 23 Brood
2166 2742 93 22 ..,..50
2286 2743 14 21 0
2327 2743 14 21 0
2358 2744 52 20 ..80

1902 2764 117 23 Working
2036 2766 132 23 Bullocks:
2189 2768 45 22 Per

1928 2792 52 28 pair
2210 2796 53 24 40
2289 2798 14 20 0
2330 2797 14 21 0
2360 2797 52 21 ..60

1903 2818 65 23 Hire
1979 2827 25 14 of
2015 2827 68 15 ditto
2090 2828 6 14 :
2111 2820 44 23 Per
2161 2821 51 29 day,
2221 2829 14 15 a

1929 2849 62 20 team
1999 2846 47 22 and
2053 2846 75 24 driver
2211 2851 19 19 ,i
2248 2851 12 20 1
2289 2852 14 20 o
2330 2851 14 21 0
2361 2864 6 8 .
2373 2864 7 6 .
2397 2851 14 21 2

1903 2872 89 23 Sheep:
2006 2873 86 23 Each..
2100 2882 116 14 ;........
2222 2873 7 23 J
2247 2878 24 20 l.
2286 2879 16 20 o
2328 2879 15 20 0
2359 2891 19 7 ..
2397 2879 11 20 1

1903 2900 64 22 Boat
1978 2900 73 22 Hire:
2065 2900 45 22 Per
2114 2901 50 27 day,
2169 2902 65 24 yrith-
2345 2913 12 12 c
2359 2919 3 6 ,

2072 2949 3 5 .
2094 2931 41 18 out
2142 2928 88 22 hands.
2245 2930 14 20 0
2274 2930 27 21 10
2328 2931 14 19 0
2358 2942 20 8 ..
2397 2931 9 19 1

2437 2717 14 19 0

2437 2744 14 20 0

2439 2798 14 23 0

2438 2852 15 20 0

2437 2879 14 20 8

2437 2931 14 21 0

2479 2718 15 20 0

2478 2745 16 20 0

2480 2798 15 20 0

2480 2853 15 20 0

2478 2880 16 20 o

2479 2932 16 20 0

1904 2980 87 22 Wages
1996 2987 5 15 :

2031 2979 139 31 Mechanics;
2184 2985 52 25 'pe*

2057 3008 63 22 week
2130 3006 33 24 ..'l
2248 3011 14 20 2

2039 3034 127 26 labourers
2182 3051 47 8 ....
2248 3038 11 21 1
2276 3038 3 21 j

2289 3012 14 20 0

2276 3038 26 21 10

2330 3012 14 20 0
2361 3024 19 8 ..
2398 3013 13 19 3

2329 3039 15 21 o
2360 3052 20 7 ..
2399 3039 30 21 i<:

2439 3013 14 21 o

2426 3040 27 21 16

2480 3014 16 20 0

2480 3041 15 20 0

169 142 195 25 SUFFOLK
389 140 148 27 HOTEL,

340 176 34 15 BY.

181 195 6 9 '
192 191 2 4 '
213 191 15 37 ','
271 196 34 22 H.
319 218 10 8 r
324 195 113 25 Garrod,

120 235 123 17 THORNDON
262 222 146 34 QUJiyJsNEAR
427 231 93 16 PIPITEA
538 231 54 14 PAH.

63 284 80 26 •Wines,
164 282 85 28 Spirits,
270 282 37 26 Bfc.
326 281 28 26 of
367 281 35 20 the
414 280 55 26 first
488 278 86 28 quality,
592 284 54 20 upon

119 327 4 7 ,
157 329 3 4 ,
233 320 9 5 -
256 309 119 22 reasonable
381 310 75 20 term*.

200 372 3 12 ,
255 361 27 20 J.
296 360 40 21 M;
348 358 109 27 Taylor,

81 395 150 23 LICENSED
255 391 238 28 CUSTOM-HQUSE
515 389 114 27 AGENT,

309 426 29 14 TE
346 419 100 27 AfßO.;<^'
607 430 6 3 -
623 428 4 14 ;

431 463 45 22 sde
486 465 24 19 at
514 461 37 23 the
560 461 86 21 Gazette

66 494 42 23 \y
121 493 79 24 .Office.
207 515 2 5 ,
362 515 2 6 ,

291 541 42 21 On
347 539 59 25 Sa|e
408 553 8 11 f
455 557 4 5 ,
477 559 4 4 .

62 576 92 49 THE
183 574 71 23 NEW
278 572 151 23 ZEALAND
439 570 203 30 ,cBORTFOL|.O,

136 600 126 24 conducted
279 601 30 26 by
328 600 31 21 H.
373 600 23 22 S.
415 599 121 25 Chapman,
558 597 36 26 (of
606 596 38 23 the

61 628 87 24 Middle
155 627 110 29 Temple,)
277 625 212 24 Barrister-at-Law.

89 656 44 22 No.
146 657 19 20 1.
166 666 28 5 —
194 656 22 21 A
231 654 77 22 Letter
322 655 23 19 to
363 652 37 22 the
417 651 71 28 Right
504 651 61 22 Hon.
585 651 60 21 Lord

62 682 99 27 Stanley,
180 682 116 25 Secretary
315 679 27 22 of
355 679 61 26 Sjtete
435 678 37 22 for
488 677 38 22 the
545 676 100 23 Colonial

53 709 161 27 -Department,
225 714 29 15 on
264 706 38 23 the
318 705 188 23 Administration
521 704 26 22 of
559 703 86 22 Justice

61 736 37 21 for
106 735 56 23 New
170 732 110 25 Zealand;
308 732 70 28 Price,
388 732 39 25 64.

93 768 85 21 Gazette
191 766 79 27 Gffice,
281 765 108 27 January,
394 766 68 22 ,1843.

254 811 72 21 Flax
339 809 106 22 School.
582 816 10 15 .-
594 814 14 19 7

63 847 51 49 A
129 845 119 23 SCHOOL
259 844 34 22 for
301 843 103 24 teaching
413 842 38 23 the
462 841 97 23 children
568 840 26 23 of
601 847 45 21 any

141 873 26 21 of
177 872 37 22 the
228 870 95 27 settlers,
333 870 36 21 the
383 868 84 23 Native
481 868 64 22 mode
560 868 26 22 of
595 874 50 21 pre-

61 899 80 29 paring
150 898 38 22 the
197 898 56 22 New
261 896 100 23 Zealand
369 895 65 27 Flax,
444 896 20 21 is
474 894 86 28 opened
567 894 24 22 in
602 901 42 14 one

63 926 28 22 of
100 926 38 22 the
148 924 131 28 emigration
288 923 85 27 houses,
383 922 122 22 Thorndon
515 921 57 22 Flat.

62 957 139 26 Hoursfrom
209 958 35 19 ten
254 957 21 19 to
285 955 76 26 twelve,
371 955 43 20 and
421 954 61 26 from
496 955 39 19 two
545 953 36 20 till
581 952 63 26 four.

90 988 123 23 December
223 988 35 25 31,
270 988 61 20 1842.

62 1035 40 21 To
119 1034 44 20 the
179 1032 138 22 Creditors
329 1031 29 21 of
369 1023 110 34 Wright
488 1030 55 21 and
553 1028 91 21 Clark.

80 1068 18 21 A
128 1065 160 25 DIVIDEND
297 1065 26 22 of
328 1065 42 22 five
380 1063 102 28 shillings
487 1063 23 22 in
520 1063 39 21 the
568 1061 78 27 pound

63 1086 52 31 J\.
141 1093 46 22 will
203 1093 27 22 be
246 1091 53 29 paid
313 1094 23 19 to
350 1091 37 22 the
401 1090 106 23 creditors
520 1089 26 22 of
557 1087 89 28 Wright

62 1121 46 22 and
127 1120 71 27 Clark,
218 1126 29 15 on
266 1119 44 21 and
329 1118 55 22 after
402 1117 108 27 Monday,
531 1115 38 23 the
591 1114 55 22 28th

59 1148 94 26 instant,
164 1149 23 20 at
197 1146 36 22 the
249 1145 75 22 offices
340 1145 26 22 of
385 1144 91 22 Messrs.
496 1141 82 24 Waitt
597 1148 47 16 and

61 1175 78 20 Tyser

90 1206 144 27 Wellington,
251 1204 50 22 Oct.
310 1205 35 25 92,
356 1203 62 22 1842.

117 1251 66 21 Port
196 1249 152 22 Nicholson
361 1248 56 21 and
427 1246 162 28 Wanganui.

65 1282 163 52 SEVERAL
241 1282 71 23 Town
328 1281 43 22 and
387 1281 99 33 Country
505 1279 99 23 Sections
621 1279 25 22 in

129 1311 61 23 these
200 1310 94 23 districts
304 1313 23 18 to
336 1308 27 22 be
373 1307 49 22 sold
432 1314 24 15 or
470 1307 39 22 let.
537 1307 45 22 For
594 1313 50 21 par-

62 1338 92 23 ticulars
162 1337 46 24 and
217 1340 74 24 terms,
302 1335 65 29 apply
376 1338 23 19 to
497 1352 6 12 3

327 1380 8 13 i
364 1370 97 22 Robert
474 1369 29 22 R.
517 1368 101 22 Strang.

91 1399 89 26 August
187 1399 21 26 4,
219 1399 62 21 1842.
314 1395 29 31 J),

61 1443 89 22 Town
174 1443 53 22 and
251 1444 122 24 Country
490 1442 29 20 to
540 1441 51 21 Let
610 1446 37 15 on

251 1470 80 26 Long
350 1470 108 20 Leases.

63 1504 99 50 NOS.
180 1503 24 22 of
220 1503 38 22 the
277 1505 59 19 town
354 1510 62 14 acres
435 1510 28 14 on
480 1501 37 23 the
536 1502 110 27 Surveyor

263 1529 113 22 General's
387 1529 65 27 Plan,

172 1558 41 20 224
336 1556 40 22 510
498 1557 40 20 263

63 1583 46 23 For
117 1583 137 28 particulars,
266 1582 65 29 apply
341 1585 21 19 to

224 1616 123 28 Wallace,
358 1615 94 28 White,
463 1615 45 22 and
521 1615 123 22 Wallace.

91 1651 56 27 May
155 1652 35 25 31,
201 1651 61 22 1842.

64 1696 76 49 TO.
150 1695 39 23 BE
209 1695 95 26 SOLD,.
310 1695 24 22 in
347 1695 43 22 lots
404 1698 24 19 to
448 1695 44 22 suit
507 1694 136 28 purchasers,

129 1722 39 23 the
181 1722 72 23 whole
270 1722 26 23 of
305 1725 59 19 town
380 1730 50 15 acre
446 1722 45 22 No:
500 1722 47 26 134,
564 1728 28 15 on
607 1719 37 23 the

61 1749 54 28 plan
126 1749 25 22 of
154 1749 36 22 the
194 1750 68 21 Town
269 1749 26 22 of
298 1748 142 28 Wellington,
446 1749 82 27 having
533 1748 111 27 frontages

61 1780 23 18 to
94 1776 190 23 Taranaki-street
293 1775 45 23 and
347 1776 194 27 Ingestrie-street.
569 1776 76 23 Terms

58 1802 88 23 liberal.
173 1802 76 30 Apply
259 1806 23 19 to

396 1830 37 22 W.
445 1830 27 21 V.
484 1829 106 28 Brewer,

453 1857 190 23 Manners-street.

91 1884 57 23 June
159 1884 32 26 17,
202 1884 61 23 1842.

63 1929 171 27 Wellington
254 1929 54 21 and
326 1929 156 26 Wanganui
482 1940 26 5 —
509 1929 91 21 Lands
614 1930 28 20 to

300 1956 33 21 be
347 1957 59 20 Let.

63 1989 121 33 rpOWN
207 1989 211 22 ALLOTMENTS
441 1989 24 22 in
488 1989 30 22 all
540 1992 60 25 parts
623 1989 25 22 of

69 2011 32 26 JL
137 2015 135 27 Wellington
291 2016 44 21 and
343 2015 132 27 Wangamu,
488 2016 44 21 and
547 2017 98 25 Country

52 2041 107 23 'Sections
172 2041 24 23 in
212 2042 55 22 both
282 2042 101 27 districts,
401 2045 23 19 to
439 2042 27 22 be
480 2041 31 23 let
521 2044 33 20 on'
565 2042 77 23 leases.

62 2069 45 22 For
115 2069 63 27 plans
187 2069 46 22 and
241 2069 137 27 pnrticutars,
389 2069 67 27 apply
466 2072 22 19 to

390 2103 89 22 Henry
494 2103 37 22 St.
546 2102 71 23 Hill.

91 2129 54 27 July
155 2130 18 25 1,
185 2130 61 21 1842.

227 2175 90 21 Beach
333 2175 145 27 Frontage.

63 2208 66 48 TO
143 2208 40 22 BE
197 2208 65 27 LET,
277 2208 71 22 beach
356 2208 103 26 frontage
472 2208 43 22 lots
525 2209 25 21 in
559 2213 85 17 section

134 2236 42 20 490
185 2241 30 15 on
230 2234 38 22 the
278 2234 57 22 Plan
344 2234 26 22 of
377 2234 39 22 the
425 2234 66 23 Town
507 2236 26 20 of
538 2235 106 28 Welling-

59 2264 48 25 ton,
118 2261 115 27 adjoining
242 2262 45 21 Mr.
294 2261 87 22 Taine's
389 2263 69 25 store;
473 2262 45 22 and
526 2262 25 22 in
560 2262 84 22 section

60 2290 48 26 616,
116 2289 100 22 between
224 2288 76 28 Major
307 2288 92 22 Baker's
408 2288 45 22 and
460 2288 43 22 Mr.
512 2289 132 23 Swainson's

60 2314 89 23 houses.

89 2342 55 22 Also
154 2341 37 22 the
199 2341 115 28 following
322 2342 96 22 sections
428 2349 30 15 on
467 2341 37 23 the
511 2342 57 23 Plan
575 2343 27 22 of
608 2343 36 23 the

60 2368 78 29 Town,
149 2368 46 22 viz:
197 2379 28 5 —
293 2371 3 3 '
483 2376 3 9 '

164 2394 27 23 65
251 2394 4 8 '
327 2397 54 20 319-
487 2409 5 6 .
515 2397 41 21 922

152 2423 41 21 240
327 2422 41 22 718
489 2428 6 17 ;
503 2423 53 23 1079

88 2448 75 29 Apply
177 2451 23 19 to

238 2476 26 21 E.
281 2476 22 21 J.
317 2476 149 28 Wakefield,
481 2484 26 15 or

236 2502 36 21 W.
288 2502 27 22 V.
331 2502 107 28 Brewer,
453 2504 191 22 Manners-street.

275 2548 40 21 To
329 2548 33 21 be
376 2549 60 24 Let,
464 2564 2 5 .

62 2581 175 50 SUITABLE
250 2580 58 30 plots
324 2581 26 22 of
361 2582 87 26 ground
458 2582 33 22 for
500 2582 108 29 Building
617 2591 27 14 on

126 2608 135 27 Wellington
281 2608 99 28 Terrace,
401 2608 77 23 within
492 2616 41 15 one
547 2610 96 22 minutes

60 2634 58 23 walk
125 2634 26 22 of
157 2634 37 23 the
201 2635 83 22 Beach.
312 2635 54 23 Also
372 2642 15 15 a
391 2636 58 26 good
456 2643 188 17 wooden-house.

42 2662 4 12 1
61 2661 46 22 For
115 2665 74 24 terms,
202 2662 65 28 apply
277 2665 23 19 to
315 2662 44 22 Mr.
369 2662 107 22 Brandon
486 2670 24 14 or
521 2664 45 22 Mr.
578 2664 66 22 Park.

89 2695 128 22 November
226 2697 33 26 11,
272 2697 59 21 1842.

209 2739 41 20 To
264 2739 34 22 be
312 2740 66 21 Sold
397 2745 31 16 or
441 2740 57 21 Let.

60 2770 12 14 r
73 2770 81 22 FWO
167 2770 102 22 Wooden
279 2770 94 28 Houses,
385 2778 33 15 on-
421 2771 38 23 the
464 2771 181 30 Tinakore-road,

70 2793 26 25 A
138 2796 38 23 the
195 2796 86 23 second
298 2804 49 16 acre
365 2798 60 22 from
444 2799 93 28 Captain
554 2799 92 23 Smith's

106 2824 131 27 containing
249 2824 51 22 four
307 2831 76 15 rooms
392 2825 45 22 and
451 2833 14 15 a
476 2832 100 23 passage,
592 2827 54 23 each

61 2850 54 22 with
132 2850 51 23 zinc
200 2850 74 26 roofs,'
294 2851 44 22 and
360 2851 25 22 in
408 2860 73 20 every-
491 2857 89 24 respect
597 2855 49 22 well

61 2876 102 24 finished.
190 2877 78 22 Terms
272 2878 50 22 —If
328 2878 55 28 sold,
394 2878 61 24 j6150
465 2879 35 23 for
504 2881 55 22 each
564 2881 69 23 house
638 2890 6 19 ;

60 2904 22 21 if
92 2904 37 27 let,
141 2905 31 22 &\
182 2911 42 21 per
234 2905 61 25 week
303 2905 35 23 for
347 2905 56 23 each
411 2906 78 24 house.
602 2911 22 20 to

272 2960 4 3 .
284 2947 4 18 II
288 2947 3 18 11I
294 2950 4 6 1
451 2942 75 22 James
540 2942 80 23 Watt.

72 2965 144 27 Wellington,
225 2965 64 23 N0v.'
294 2966 33 27 27,
336 2967 62 22 1841.

288 3017 52 21 For
354 3017 71 25 Sale,

61 3048 93 23 fTtHE
168 3049 144 23 COTTAGE
326 3050 97 23 situated
432 3052 24 22 in
472 3053 101 24 Oriental
589 3055 55 28 Bay,

68 3074 30 24 _L
137 3075 44 22 and
194 3075 71 29 lately
273 3077 107 27 occupied
392 3078 33 27 by
434 3079 37 21 the
487 3080 157 29 undersigned.

60 3102 24 22 A
97 3101 54 28 long
167 3102 62 22 lease
246 3102 26 22 of
287 3102 37 23 the
338 3104 87 23 section
430 3112 66 21 -upon
515 3107 73 24 which
608 3109 36 23 the

60 3128 71 23 house
141 3128 75 23 stands
225 3129 46 22 will
279 3130 28 21 be

87 3156 71 21 Town
166 3155 56 23 land
230 3156 45 22 will
283 3157 28 21 be
319 3157 69 23 taken
396 3158 26 22 in
430 3159 121 30 exchange.

89 3182 44 23 For
141 3182 85 23 further
234 3184 134 28 particulars,
380 3185 67 28 apply
455 3189 23 19 to

381 3217 97 24 George
491 3219 90 29 Duppa,
596 3228 24 15 or

380 3243 36 23 W.
432 3244 29 23 V.
475 3246 102 23 Brewer

249 3286 92 21 House
357 3288 30 21 to
397 3288 60 23 Let.

60 3318 161 50 AGrOQD
241 3318 130 27 substantial
388 3321 76 29 house,
483 3323 54 23 with
555 3325 91 24 kitchen

140 3346 45 22 and
194 3346 135 29 outhouses,
341 3351 23 18 to
374 3347 32 23 let
413 3349 24 22 in
447 3350 198 26 Manners-street.

60 3372 47 22 For
114 3371 137 28 particulars,
263 3373 65 28 apply
340 3377 22 19 to
373 3375 45 23 Mr.
428 3376 120 24 Brewer's
568 3380 77 22 Office.

281 3420 4 4 ■
311 3417 90 21 Seeds.

60 3448 164 49 ALWAYS
244 3448 108 25 READY
366 3453 24 20 to
407 3452 108 28 purchase
535 3455 69 23 Seeds
623 3457 26 23 of

140 3476 30 21 all
181 3476 150 31 descriptions,
340 3484 78 21 grown
428 3479 25 22 in
462 3480 106 29 England
573 3490 27 15 or
609 3485 36 22 the

60 3502 102 23 Colonies
167 3510 9 20 j
188 3502 167 24 butamarked
370 3506 128 27 preference
508 3508 46 22 will
563 3510 83 27 always

58 3528 29 23 be
94 3530 70 27 given
173 3529 36 22 for
217 3529 48 22 lots'
269 3530 25 22 of
301 3531 52 22 seed
368 3532 114 28 produced
490 3534 24 22 in
522 3535 39 23 the
571 3538 75 22 settle-

42 3577 7 5 „
58 3560 64 20 ment
132 3556 25 23 of
162 3556 58 23 New
230 3556 106 23 Zealand.

74 3584 5 4 *
110 3589 96 25 Gazette
328 3590 60 23 Nov.
399 3593 34 23 19,
445 3593 60 23 1842.

138 3652 5 5 -
154 3659 2 4 .
176 3631 16 14 *'-
201 3640 3 3 '
235 3631 108 31 XXeiifers
357 3641 31 22 in
402 3643 68 22 Calf.
498 3653 4 5 ■

63 3669 89 26 TG\OR
164 3671 87 26 SALE,
262 3672 68 23 about
344 3673 29 22 50
381 3675 101 27 superior
489 3675 57 24 bred
557 3677 80 25 heifers

62 3696 40 22 dL-
121 3700 59 20 most
195 3699 28 21 of
232 3696 62 25 them
307 3699 75 29 heavy
395 3701 23 22 in
436 3702 50 28 calf,
503 3704 46 23 and
564 3705 83 27 having

26 3747 6 6 .
63 3730 135 16 oeen.«ome
213 3724 144 25 time^in-the
377 3728 91 28 Colony,
485 3734 42 19 not
539 3732 67 23 liable
622 3737 24 20 to

61 3750 180 29 auftej.from.the
249 3752 77 25 .effects
335 3754 27 23 of
372 3754 44 23 the.
427 3755 62 24 Toot.
515 3758 50 23 The
577 3760 69 24 above

62 3777 68 23 cattle
145 3784 42 16 can
202 3777 29 23 be
233 3795 8 18 ;
246 3780 99 29 strongly
357 3783 181 29 recommended,
555 3793 24 16 as
592 3787 57 26 they

209 3803 96 26 elected
318 3806 58 27 from
393 3808 38 23 the
447 3817 118 18 numerous
580 3815 66 24 cattle

61 3830 63 29 ships
132 3830 71 24 which
209 3831 61 23 -have
287 3835 86 25 arrived
380 3836 68 23 'here.
456 3856 2 8 ,
475 3835 76 32 Apply
565 3843 23 20 to
600 3840 44 26 Mr.

61 3857 98 28 Revans,
172 3859 88 21 Gazette
268 3859 73 29 office,'
348 3869 26 16 or
382 3852 174 43 fo'Mr;;Hufke,
564 3852 81 40 Evan?

70 3909 4 5 '
87 3911 69 28 Also,.
161 3911 63 24 three
235 3913 113 25 well-bred
356 3904 166 45 maregin'foal,
533 3924 22 21 to
564 3923 80 26 impor-

61 3942 37 18 ted
108 3942 82 19 horses.
320 3944 2 5 '
401 3962 5 6 t
481 3954 6 11 ,
563 3954 3 6 .
595 3942 13 10 c
638 3954 3 4 ■

665 148 5 13 ?
673 131 92 22 nnHE
787 132 79 20 Nelson
886 131 118 20 Examiner
1027 131 114 20 and-New
1147 138 7 6 -
1163 130 94 21 Zealand

665 154 4 7 '
747 158 109 22 Chronicle
871 157 127 30 (published
1006 159 24 19 at
1153 155 21 23 is
1190 163 67 21 regu-

672 184 57 28 larly
747 184 149 22 transmitted'
902 187 22 18 to
940 182 159 32 Wellington^
1103 182 112 28 and«Hnay
1228 183 33 22 be,

672 211 45 22 had
726 213 24 20 at
757 210 39 23 the
878 210 27 22 of
913 207 46 24 this
966 216 76 21 paper.

696 237 52 23 The
756 233 208 35 NeUdh^Examiner^
973 236 47 22 -mW.
1027 235 29 23 be
1064 235 70 23 found
1143 242 30 15 an
1182 235 75 24 excelv

663 264 58 21 .lent
728 264 143 23 mediumafor
881 263 139 23 advertisers.
1053 273 3 5 •
1197 264 10 24 (

698 291 79 22 Terms
786 286 81 27 for*the
876 297 74 21 paper,
961 292 37 19 ten
1007 287 100 28 shillings
1119 295 40 20 per
1167 291 91 24 quarter
1260 299 2 11 <

672 317 94 28 payable
773 317 26 22 in
809 316 106 23 advance;
971 318 3 4 '
1156 331 3 2 ■
1260 324 2 13 :

700 343 82 22 Orders
804 344 34 21 for
857 343 38 22 the
913 349 72 22 paper
1008 341 44 23 and
1074 340 184 23 advertisements

672 370 104 21 received
785 372 24 19 at
817 370 37 21 the
864 369 71 22 Office
945 368 26 22 of
982 368 45 22 this
1036 374 75 21 paper.
1177 371 5 13 :

881 433 3 10 t
908 414 41 21 To
963 415 59 23 Let,

673 448 89 50 FOR
776 449 55 21 such
841 455 14 16 a
863 450 56 20 term
929 447 28 22 of
961 454 64 21 years
1034 454 24 14 as
1074 453 52 20 may
1134 445 28 22 be
1175 446 82 26 agreed

746 482 37 19 on,
794 477 33 21 six
836 481 62 16 acres
914 474 66 28 along
997 473 39 25 the
1045 472 45 27 K,ai
1105 472 151 29 Warra-road,

673 509 29 14 on
711 502 89 23 Section
809 502 44 23 No.
862 503 22 25 4,'
895 501 85 26 intone
996 507 26 17 or
1038 507 60 15 more
1105 501 58 23 .lots.
1192 501 64 27 Also,

671 530 90 22 wanted
779 537 14 14 a
811 532 124 20 contractor
950 528 37 23 for
989 538 13 14 y
1004 527 101 26 building
1123 535 14 15 a
1150 527 111 23 weather-

671 555 100 23 boavdfcd
785 556 75 27 house,
877 554 54 24 with
947 555 64 23 brick
1030 552 115 30 chimniea,
1160 561 30 15 on
1209 555 49 22 said

672 583 93 22 section.
795 583 75 27 Apply
879 585 23 19 to
1063 586 44 21 ,*«%.
1130 598 3 7 ,

860 614 50 23 Mr.
924 614 155 26 Macdonald,
1090 612 45 23 Kai
1143 613 86 26 Warra.

700 640 45 22 Kai
754 640 86 28 Wayra,
851 640 55 27 July
917 642 20 26 8,
948 642 62 21 1842.

673 685 122 27 Country
808 685 125 31 Sections
942 685 54 24 ..for
1014 685 77 22 Sale*'
1094 691 46 18 on.
1148 685 109 23 Liberal

893 733 3 6 ,
908 712 110 22 rTerxns.
1039 708 2 4 '

674 743 163 49 SEVERAL
872 735 107 31 SecticTns'
988 743 52 32 ;«f\
1056 743 100 28 Country
1170 757 4 5 ■
1183 743 72 29 Land,

737 769 91 29 already
837 769 83 23 chosen
928 770 26 22 in
963 769 143 23 the'Torirua
1120 769 91 32 district;
1222 770 35 23 for
1260 769 2 5 '

673 797 58 27 Sale,
742 804 75 15 terms
826 804 105 15 liberal.
961 797 76 28 Apply
1044 799 24 19 to

767 830 25 21 F.
807 830 30 23 A.
849 830 173 26 W[olb3Worth,
1037 829 185 29 Murphy-street,
1232 838 25 15 or

768 856 35 23 W.
818 853 150 30 V.'BiiEWER,
978 856 193 23 Manners-street.

796 907 39 21 To
850 907 86 21 Cover
950 906 56 22 this
1025 906 115 21 Season.'

673 941 43 23 XI
725 939 233 23 IDDLESWORTH
966 940 32 27 by
1008 939 100 28 Emilius,
1122 943 39 19 out
1169 941 26 21 of
1201 941 56 23 Bee-

673 962 52 28 XV
750 967 149 22 in-a-Bonnet
907 967 31 27 by
943 966 128 27 Blacklock,
1079 970 39 20 out
1125 967 25 22 of
1156 967 99 28 Maniac,

672 994 42 21 &c.
725 994 40 22 &c.

698 1020 49 22 Ten
757 1020 93 27 guineas
858 1027 15 15 a
881 1027 69 20 mare,
961 1020 44 22 five
1016 1019 98 28 shillings
1124 1020 37 22 the
1170 1028 85 19 groom.

699 1046 163 23 Riddlesworth
871 1047 18 21 is
899 1054 14 15 a
922 1046 56 22 dark
986 1047 84 27 brown,
1078 1049 26 21 16
1112 1047 73 22 hands
1193 1047 62 28 high,

672 1073 54 22 with
734 1077 65 23 great
806 1080 73 20 power
888 1073 46 23 and
943 1073 81 27 beauty
1032 1082 5 13 :
1052 1080 46 16 was
1106 1073 55 23 bred
1170 1074 30 26 by
1210 1075 45 23 Mr.

672 1100 221 23 Thornhillinlß37.
1022 1102 10 15 <
1133 1099 37 22 ■>-'*•

699 1126 96 23 Emilius
816 1130 40 25 got
874 1127 82 26 Priam,
973 1126 101 28 Plenipo,
1092 1127 101 28 Oxygen,
1211 1129 46 22 and

672 1153 94 28 Mango.
796 1154 43 22 His
852 1161 51 15 sons
923 1153 43 23 and
981 1153 123 27 grandsons
1121 1155 58 21 have
1197 1162 57 21 won,

672 1180 80 27 during
762 1180 39 22 the
808 1180 43 22 last
859 1181 50 21 four
916 1187 73 20 years,
999 1180 103 27 £66,330.

698 1207 165 22 Riddlesworth
869 1207 19 22 is
894 1214 51 14 now
950 1214 29 14 on
983 1206 35 22 his
1029 1214 47 20 way
1081 1207 58 22 from
1146 1207 109 28 England,

671 1233 69 28 being
749 1234 97 26 brought
854 1237 39 19 out
901 1234 31 26 by
942 1234 45 22 Mr.
999 1234 72 27 Petre,
1078 1234 45 22 and
1131 1234 47 22 will
1185 1236 72 22 arrive

672 1260 63 33 early
743 1261 25 21 in
778 1260 37 22 the
825 1267 87 15 season.

699 1287 48 22 The
765 1288 52 20 New
837 1288 102 26 Sporting
956 1288 117 26 Magazine,
1094 1287 25 22 of
1134 1287 121 30 February,

673 1314 60 26 1842,
751 1314 46 22 will
812 1314 106 23 convince
936 1321 46 21 any
996 1322 43 15 one
1055 1314 27 22 of
1096 1314 38 22 the
1149 1315 71 23 worth
1234 1316 26 22 of

672 1340 115 23 Emilius's
796 1341 69 23 stock.

728 1393 40 21 To
784 1393 83 21 stand
880 1394 30 20 to
926 1399 81 16 cover
1025 1393 55 21 this
1093 1399 109 21 season,

832 1428 31 20 At
872 1428 141 26 Berhampore
1024 1428 69 26 Farm,

675 1453 92 49 THE
793 1454 51 22 well
870 1454 80 23 known
978 1454 110 28 thorough
1109 1454 56 23 bred
1191 1454 66 24 horse

737 1481 98 27 Figaro,
846 1481 38 22 the
893 1484 106 25 property
1008 1482 25 21 of
1039 1481 77 22 James
1125 1481 68 28 Watt,
1203 1482 51 28 Esq.

700 1511 82 29 Figaro
791 1519 43 16 was
843 1513 75 23 foaled
926 1514 25 21 in
961 1514 130 26 December,
1107 1512 61 28 1837,
1178 1517 40 24 got
1227 1515 31 27 by

674 1539 117 27 Operator,
802 1540 53 22 dam
866 1540 109 22 Adelaide
983 1540 32 27 by
1023 1541 102 21 Teorum.

702 1566 111 28 Operator
820 1573 45 16 was
875 1566 75 23 foaled
959 1567 25 21 in
997 1569 59 25 1832,
1067 1571 38 23 got
1114 1568 31 26 by
1154 1567 101 28 Emilius,

674 1592 52 22 dam
735 1592 123 23 Worthless
867 1594 30 27 by
908 1594 98 27 Walton,
1017 1596 38 20 out
1063 1594 27 22 of
1096 1594 122 22 Altisidora
1228 1596 29 27 by

674 1619 60 22 Dick
743 1619 117 23 Andrews.

701 1651 75 28 Every
783 1651 105 23 attention
898 1652 47 22 will
957 1652 30 22 be
1002 1652 51 29 paid
1063 1655 22 19 to
1093 1659 73 15 mares
1175 1656 51 19 sent
1234 1656 23 19 to

672 1677 55 23 him.

702 1704 123 27 Charges,*
831 1705 53 22 with
907 1709 128 24 guarantee,
1061 1713 66 17 seven
1150 1706 105 29 guineas;

674 1731 94 23 without
782 1735 128 27 guarantee;
928 1733 43 22 five
986 1733 100 28 guineas,
1096 1740 118 21 groomage
1224 1735 31 22 in-

674 1759 88 22 cluded.

699 1793 145 30 Wellington,
856 1794 97 21 October
961 1795 35 27 25,
1007 1795 60 21 1832.

857 1846 123 24 Gazette.
987 1847 89 21 Office.

673 1879 200 23 STATIONERY
886 1879 197 23 WHOLESALE
1097 1881 20 22 &
1131 1881 125 24 RETAIL.

671 1913 90 49 WE
784 1914 43 26 beg
848 1916 24 20 to
894 1921 117 15 announce
1029 1914 38 22 the
1087 1915 88 28 arrival,
1199 1916 58 22 from

768 1940 104 28 England
872 1958 6 15 ;
890 1941 26 22 of
923 1941 38 22 the
976 1941 47 22 first
1032 1945 50 24 part
1090 1942 24 22 of
1123 1950 42 24 pur
1180 1946 77 19 exten-

672 1966 47 23 sive
728 1968 75 21 orders
811 1968 25 21 in
845 1968 44 22 this
898 1968 143 28 department
1050 1969 26 21 of
1082 1968 107 23 business.
1211 1970 46 22 Our

672 1994 63 22 stock
745 1994 90 28 already
845 1996 93 21 consists
952 1996 26 21 of
990 2002 66 25 every
1065 1996 75 22 article
1154 1997 103 26 required

672 2021 35 21 for
721 2020 97 28 Schools,
835 2021 81 27 Banks,
933 2022 85 26 Courts,
1036 2021 54 22 Law
1105 2022 89 25 Offices,
1212 2022 45 22 and

672 2046 90 29 Artists,
773 2048 40 22 &c.
822 2055 5 20 ;
843 2048 74 22 whilst
925 2048 38 22 the
979 2048 137 22 ornamental
1126 2048 44 22 and
1187 2049 70 22 draw-

672 2075 38 26 ing
722 2081 64 15 room
800 2074 122 28 stationery
938 2075 40 21 has
991 2078 40 18 not
1042 2075 59 21 been
1116 2075 139 23 overlooked.

671 2101 48 23 The
729 2101 127 23 difficulties
867 2102 115 26 attending
990 2100 38 23 the
1037 2101 48 22 first
1092 2102 165 23 establishment

671 2128 83 27 having
763 2129 57 21 been
836 2135 122 21 overcome,
970 2128 45 22 and
1024 2135 67 22 every
1105 2129 81 23 arrival
1200 2130 57 22 from

672 2155 106 27 England
795 2155 83 28 adding
884 2156 70 29 Jresh
970 2155 109 23 additions
1093 2159 23 19 to
1131 2163 40 15 our
1186 2157 69 26 stock,

672 2182 45 24 will
733 2182 79 22 enable
826 2190 26 14 us
862 2185 22 19 to
999 2190 40 14 our
1053 2183 91 27 charges
1155 2191 28 14 on
1199 2187 58 19 most

671 2210 90 22 articles
769 2213 24 17 at
799 2209 59 21 least
866 2210 27 20 50
901 2216 41 19 per
950 2213 59 17 cent.

700 2236 155 26 Storekeepers
872 2235 44 22 and
934 2235 117 22 wholesale
1070 2235 85 23 dealers
1173 2244 43 15 can
1229 2238 27 22 be

672 2262 103 29 supplied
789 2265 22 18 to
826 2269 44 21 any
880 2265 84 24 extent,
982 2262 43 22 and
1041 2269 29 15 on
1086 2267 68 17 terms
1164 2265 93 27 .equally

672 2290 165 26 advantageous
845 2291 24 19 to
879 2296 44 21 any
931 2289 105 23 obtained
1044 2289 25 23 in
1077 2290 97 28 Sydney,

699 2312 96 31 Writing
802 2323 74 20 paper,

700 2343 113 28 Imperial,

700 2369 80 29 Royal,

700 2397 114 27 Foolscap,
825 2396 89 23 various
923 2397 108 28 qualities,

700 2424 73 27 Large
780 2423 61 22 thick
849 2427 56 24 post,
916 2431 64 15 wove
989 2425 45 22 and
1044 2424 51 28 laid,

699 2451 59 21 Thin
768 2453 55 24 post,
833 2450 63 28 ditto,
912 2476 5 6 <

700 2477 57 22 Fine
766 2476 54 22 bath
829 2481 55 23 post,
895 2476 49 28 gilt.

700 2504 89 22 Double
804 2504 112 27 elephant,
931 2505 148 28 antiquarian,
1094 2505 108 30 imperial,
1213 2507 44 23 and

673 2531 64 27 royal
746 2531 98 27 drawing
851 2538 76 21 paper,

702 2557 90 29 Oblong
801 2557 90 28 clasped
900 2559 169 23 memorandum
1078 2559 77 29 books,

700 2585 87 23 French
796 2585 85 27 tracing
889 2592 75 21 paper,

701 2612 88 22 Ladies'
798 2611 45 23 and
852 2611 149 28 gentlemen's
1010 2613 53 22 card
1071 2621 67 20 cases,

702 2639 64 22 Ditto
833 2638 35 23 do.
894 2665 5 6 <
925 2639 73 23 tinted
1006 2639 46 23 and
1063 2641 115 23 embossed
1185 2643 70 28 cards,

702 2666 93 28 Sponge,
806 2665 78 23 wafers
893 2665 23 23 in
926 2668 13 20 2
949 2674 34 15 oz.
992 2667 76 26 boxes,

700 2693 71 22 Black
785 2693 56 28 edge
860 2693 45 22 and
924 2693 115 28 bordered,
1058 2694 65 24 letter
1141 2695 47 23 and
1206 2700 50 20 note

674 2727 75 21 paper.

702 2746 91 23 Invoice
802 2745 75 28 books,
888 2747 54 22 with
951 2747 99 28 indexes,
1062 2749 87 22 various
1159 2749 63 29 sizes,

703 2773 58 23 Cash
766 2773 78 28 books,
853 2773 65 23 ruled
928 2773 87 29 double,
1026 2775 88 23 various
1123 2777 63 27 sizes,

702 2801 130 26 Envelopes,

702 2827 85 23 Pewter
792 2827 125 28 inkstands,

701 2854 82 34 Ebony
789 2853 125 28 inkstands,
924 2854 54 23 with
987 2855 100 28 drawers,

692 2881 84 23 -Broad
786 2881 44 22 and
838 2888 87 16 narrow
933 2889 70 20 green
1011 2882 42 23 silk
1065 2883 84 28 ribbon,

702 2908 66 22 Brief
775 2908 44 22 and
829 2907 57 23 deed
894 2916 76 20 paper,

702 2935 74 22 Ruled
785 2942 68 21 paper
861 2935 34 22 for
903 2935 42 23 bill
953 2935 76 28 heads;

701 2962 74 27 Royal
786 2962 71 27 hand,
869 2961 81 24 double
957 2971 4 3 •
968 2963 61 22 hand
1044 2963 83 29 brown,
1144 2966 46 21 and
1198 2967 60 27 royal

674 2989 76 23 brown
760 2989 114 28 wrapping
881 2996 76 22 paper,

702 3015 99 28 Ledgers
810 3016 45 22 and
863 3019 98 20 account
969 3016 76 28 books,
1056 3018 88 22 various
1154 3019 63 28 sizes,

701 3042 84 22 Pocket
792 3043 89 27 ledgers
890 3043 45 22 and
940 3044 172 23 'memorandum
1121 3046 78 28 books,

701 3069 121 28 Engraved
831 3077 57 20 copy
894 3070 54 28 slips
957 3070 46 22 and
1011 3071 77 28 books,

702 3096 54 22 Best
764 3096 79 22 Welch
852 3099 67 20 slate*
933 3097 64 28 large
1004 3097 44 23 and
1057 3098 71 29 small,

702 3123 74 21 Blank
785 3122 70 23 music
864 3123 60 23 bock
967 3131 9 19 -;

701 3150 105 27 Message
815 3149 71 29 cards,

702 3176 110 23 Coloured
823 3184 80 21 papers

702 3203 72 28 Sugar
782 3210 85 21 papers,

702 3230 61 22 Note
772 3237 85 22 papers.

701 3257 94 31 Playing
804 3257 70 28 cards,
884 3259 107 23 coloured
999 3259 44 23 and
1049 3260 54 28 gold
1110 3261 75 30 backs,

701 3285 63 27 Copy
772 3284 77 28 books,
1087 3285 40 22 Xy.

700 3311 72 22 Black
780 3311 51 22 lead
839 3311 91 28 pencils,

702 3337 66 23 India
775 3338 89 27 rubber,
875 3338 72 23 bottle
956 3340 45 22 and
1012 3344 85 26 patent,

701 3365 69 28 Ivory
778 3365 82 22 folders
870 3365 46 23 and
924 3366 86 28 knives,

702 3391 48 22 Pen
761 3392 84 27 knives,

701 3418 88 27 Rulers,
799 3419 82 31 pocket
889 3419 78 29 books,

701 3445 74 22 Blank
783 3445 53 22 bills
846 3446 24 21 of
877 3447 124 29 exchange,

663 3480 6 3 -
702 3472 76 23 Letter
787 3472 46 23 and
841 3473 41 22 bill
892 3474 57 28 files,

701 3499 45 22 Ink
755 3499 43 22 and
806 3499 41 22 ink
854 3501 108 28 powders,

701 3525 76 24 Bibles
786 3526 44 22 and
839 3530 136 25 testaments,

701 3553 99 27 Spelling
808 3554 76 28 books,
894 3554 95 30 various,

701 3579 101 29 Primers,

702 3605 125 24 Children's
835 3607 72 22 books
914 3608 25 23 in
948 3613 64 24 great
1019 3610 99 30 variety^

701 3633 74 22 Blank
785 3634 170 24 Custom-house
969 3637 76 27 forms,
1060 3638 38 22 for
1112 3640 138 26 auctioneers

674 3660 47 21 and
729 3660 31 22 all
768 3660 47 23 the>
822 3661 64 22 other
895 3660 170 27 Custom-house
1074 3666 69 23 forms
1152 3667 35 23 for
1197 3669 60 23 Mer-

674 3687 156 31 cb.ants.-*3^^
844 3700 3 6 j

702 3709 223 36 Seameri!j|i»dvance
935 3719 71 20 notes.

702 3740 212 34 SeamenJs'iarticles
923 3744 26 22 of
956 3749 135 22 agreement.

665 3786 2 7 ,
702 3767 139 27 Log-books.

683 3805 3 3 •
702 3794 74 23 Blank
785 3795 66 27 writs',
872 3798 15 10 '*

701 3820 145 25 Parchments
855 3822 36 23 for
917 3822 75 25 deeds.
1091 3826 4 10 ;

663 3843 4 31 I
692 3848 90 25 .Quills.
1161 3855 39 17 -
1236 3865 3 6 .
1259 3872 1 5 ,

663 3880 4 14 1
700 3874 60 25 Ever
768 3876 90 28 pointed
867 3877 75 29 pencil
950 3886 61 16 cases
1019 3880 24 23 in
1050 3883 99 28 superior
1159 3883 102 28 Gerjnan,

664 3904 89 23 .Silver.
798 3927 5 3 ,
1257 3911 4 14 \

698 3928 91 24 Luciiei
798 3927 76 26 boxes.
1092 3938 2 5 •
1153 3928 3 6 '
1253 3925 8 39 j

663 3973 4 6 ,
699 3956 77 23 Water
785 3961 90 25 stamps.
1173 3975 4 5 ,
1183 3972 4 3 •
1244 3953 17 28 J

1280 129 71 47 TO
1371 127 141 27 BE.SOLD,
1520 129 5 4 '
1533 127 39 21 the
1589 127 104 22 valuable
1716 127 72 22 Lease
1812 125 27 23 of
1859 131 18 17 a'

1357 155 67 21 Brick
1435 154 62 22 Store
1504 153 43 23 and
1559 153 112 28 Dwelling
1681 153 86 26 House,
1775 153 97 21 situated

1284 181 23 22 in
1330 181 160 27 Willis-street,
1509 180 90 27 already
1620 180 74 27 doing,
1707 184 30 18 an
1759 179 113 23 excellent

1276 206 3 6 '
1284 207 105 23 business.
1408 207 68 23 Term
1486 208 30 28 14,
1526 211 74 24 years,'
1607 206 55 23 held
1669 210 26 19 at
1703 214 14 15 a
1726 205 91 28 ground,
1820 209 52 19 rent

1286 234 24 22 of
1316 230 82 31 j&ipet
1407 240 62 21 year.
1476 230 46 26 \''
1763 258 4 6 ,
1808 258 4 4 .
1831 249 2 3 '

1423 259 237 28 W.,WaririgTaylor,
1668 266 30 16 on
1707 259 38 22 the
1754 259 116 27 premises.

1276 289 154 31 -Wellington,
1439 292 131 23 November
1578 294 33 24 29,
1624 294 61 21 1842.
1721 287 24 37 J'

1281 344 35 32 ■^p-
1335 360 7 7 ,
1384 345 40 24 Tp
1443 345 172 26 Proprietors
1630 345 31 22 of
1672 346 93 22 Stock.

1286 379 38 21 CA.
1334 369 13 32 ,'
1359 378 199 22 GENTLEMAN
1576 378 49 22 who
1642 378 43 25 has
1704 379 62 23 been,
1782 377 89 23 several

1285 402 55 25 XX.'-
1361 402 96 30 yeWsin
1467 405 80 26 charge
1558 405 25 21 of
1594 405 64 21 stock
1666 405 25 23 in
1702 404 112 28 England,
1825 404 46 21 and

1276 443 3 3 •
1286 428 52 26 wHo.
1347 431 41 22 has
1396 431 60 22 been
1474 438 62 15 more
1556 431 54 22 than
1629 431 80 22 twelve
1728 430 97 23 months'
1845 431 24 21 in

1284 458 79 27 charge
1375 458 26 21 of
1417 465 43 15 one
1476 458 26 21 of
1519 458 39 22 the
1575 458 83 27 largest
1676 458 81 22 dairies
1772 458 24 21 in
1815 456 56 22 Port

1281 484 132 28 -Nicholson,
1424 484 41 22 has
1474 484 138 23 determined
1622 487 23 19 to
1655 484 104 22 establish
1774 491 13 14 a
1802 483 69 28 sheep

1285 511 42 29 anjj
1337 511 66 22 cattle
1413 511 87 27 station,
1511 511 100 22 between
1622 512 96 22 Porirua
1722 510 44 23 and
1772 510 99 28 Wanga-

1284 545 46 20 nui,
1350 537 54 25 with
1418 537 39 23 the
1471 538 112 22 intention
1600 538 26 22 of
1642 538 79 27 taking
1738 537 68 27 sheep
1824 536 47 22 and

1277 564 73 22 'cattle
1359 571 32 14 on
1399 564 82 28 shares,
1493 571 25 15 or
1524 564 124 28 otherwise,
1658 571 25 15 as
1690 571 52 21 may
1749 564 28 22 be
1787 563 85 28 agreed

1284 598 66 25 upon.
1378 590 48 23 The
1440 597 51 15 new
1500 590 73 23 North
1583 592 72 26 Road,
1666 598 52 14 now
1726 598 25 14 in
1760 597 109 21 progress,

1284 618 46 22 will
1338 617 52 27 give
1399 617 38 22 the
1447 620 58 19 most
1512 618 87 27 perfect
1607 618 96 27 facility,
1711 617 25 22 of
1747 617 124 22 communi-

1284 644 178 29 qatingby,land
1469 644 54 22 with
1533 644 38 22 the
1584 644 94 28 grazing
1685 644 101 22 .districts
1799 644 25 21 in
1832 644 38 21 the
1876 663 2 6 ,

1284 671 70 24 above
1375 669 123 23 indicated'
1511 671 116 23 direction.
1674 671 45 22 For
1740 670 131 28 particulars

1284 696 65 30 apply
1356 700 23 19 to
1389 697 38 22 the
1439 698 91 30 Gg.zette\
1535 698 71 22 office.

1310 729 128 22 November
1447 730 34 27 25,
1492 730 62 22 1842
1716 729 161 28 L

1276 764 101 40 !.TUST
1391 778 162 24 RECEIVED
1562 778 26 23 at'
1592 779 38 22 the
1639 779 70 23 Office
1715 779 25 21 of
1747 778 37 22 the

1283 802 27 26 *l
1346 805 100 23 Zealand
1584 813 14 15 a
1606 806 44 22 few
1664 806 74 32 copies
1748 806 25 21 of
1780 806 91 23 theifol-

1283 832 81 24 lowing
1377 833 79 26 works,
1467 832 25 24 of
1499 833 47 22 last
1553 833 73 27 year's
1636 833 147 27 publication,.
1787 833 45 22 and
1846 835 24 21 in

1281 857 115 24 Excellent
1404 859 113 24 condition
1523 867 6 14 :
1531 870 28 6 —

1309 884 48 22 The
1372 886 99 24 Poetical
1485 887 81 22 Works
1582 886 26 22 of
1622 886 90 27 Milton,
1723 886 54 22 with
1792 894 13 14 a
1824 894 47 16 me-

1284 912 63 27 moir,
1368 914 43 22 and
1432 920 68 17 seven
1524 912 193 24 embellishments
1737 914 33 27 by
1787 913 83 28 Fuseli,

1284 938 99 29 Westall,
1408 941 45 22 and
1475 940 95 22 Martin.
1616 941 63 26 Also,
1704 947 29 15 an
1761 941 111 22 excellent

1283 965 92 29 portrait
1394 967 27 22 of
1436 967 89 26 Milton,
1548 967 114 28 engraved
1675 967 30 26 by
1719 966 23 23 J.
1762 967 107 28 Cochran,

1283 993 57 22 from
1345 999 19 16 .a
1371 994 127 26 miniature,
1509 993 118 28 originally
1636 994 24 22 in
1671 993 38 23 the
1716 995 123 26 possession
1849 995 26 21 of

1284 1020 76 23 Oliver
1366 1021 124 21 Cromwell.
1519 1020 12 22 I
1542 1021 44 21 vol.
1593 1023 57 23 Bvo.,
1658 1020 77 22 bound
1744 1021 24 21 in
1775 1020 68 22 cloth.

1310 1046 49 24 Life
1376 1048 27 21 of
1418 1047 38 22 the
1472 1047 68 23 Duke
1558 1047 25 22 of
1594 1047 147 28 Wellington,
1762 1047 110 27 compiled

1283 1073 57 23 from
1364 1074 35 22 his
1423 1075 92 21 Grace's
1538 1073 146 28 Despatches,
1708 1073 118 28 published
1848 1074 24 22 in

1284 1101 59 27 1840,
1354 1101 33 28 by
1397 1101 87 28 George
1493 1102 80 26 Soane,
1585 1101 58 22 A.B.
1671 1103 15 20 2
1695 1101 53 23 vols.
1759 1101 60 22 cloth
1826 1101 45 23 and

1284 1127 100 23 lettered.

1274 1156 3 6 '
1310 1153 47 23 The
1367 1153 63 28 Holy
1439 1154 72 29 Bible,
1521 1154 129 28 containing
1659 1155 38 21 the
1706 1154 44 22 Old
1760 1155 45 22 and
1815 1155 56 23 New

1284 1180 145 27 Testaments,
1453 1181 54 23 with
1530 1186 71 23 notes,
1620 1181 32 28 by
1676 1182 38 22 the
1732 1182 57 22 Rev.
1809 1181 62 23 John

1285 1207 86 24 Hobart
1386 1209 105 26 Caunter,
1508 1209 61 28 8.C.,
1584 1209 80 22 author
1678 1209 25 21 of
1711 1208 36 22 the

1285 1234 25 22 of
1319 1235 38 22 the
1545 1236 46 22 and
1599 1235 148 23 embellished
1755 1235 55 23 with
1820 1235 51 22 four

1284 1268 61 21 maps
1360 1262 46 22 and
1420 1263 40 21 144
1474 1263 139 27 engravings,
1633 1263 59 21 from
1710 1262 112 28 paintings
1841 1263 30 27 by

1284 1288 93 24 Westall
1386 1288 46 23 and
1443 1289 90 28 Martin,
1545 1292 48 20 Bvo.
1604 1289 68 23 cloth.

1310 1316 49 22 The
1367 1315 133 28 Beginner's
1510 1316 88 22 French
1613 1316 73 27 Book,
1697 1316 44 22 and
1754 1316 38 22 the
1803 1315 68 23 Scho-

1284 1341 51 24 lar's
1354 1342 88 23 French
1457 1343 71 27 Book,
1544 1344 30 27 by
1584 1343 63 22 Rene
1665 1343 75 27 Aliva,
1751 1342 80 23 author
1850 1343 24 22 of

1284 1369 37 23 the
1356 1369 167 28 Anti-Spelling

1310 1396 133 23 Montacute
1449 1404 6 14 :
1471 1404 24 14 or
1504 1404 14 14 a
1528 1397 56 22 New
1600 1396 67 23 horne
1667 1407 28 6 —
1696 1395 74 24 who'll
1783 1396 74 23 follow
1862 1397 9 22 ?

1284 1423 35 27 By
1327 1423 56 22 Mrs.
1394 1423 66 28 Mary
1470 1423 96 23 Clavers.
1595 1425 15 21 2
1615 1423 54 23 vols.
1681 1426 49 20 Bvo.

1311 1449 111 32 Scripture
1437 1450 134 28 Biography,
1585 1451 37 21 for
1632 1450 39 22 the
1686 1451 89 27 Young,
1787 1450 84 22 embel-

1284 1476 72 23 lished
1364 1477 53 21 with
1425 1477 80 28 plates.

1310 1503 112 28 Voyages,
1434 1504 148 26 Adventures,
1599 1503 46 22 and
1659 1504 97 26 Escapes
1770 1504 26 22 of
1808 1505 62 27 Capt.

1284 1529 98 24 Richard
1392 1531 115 26 Falconer,
1518 1531 88 22 written
1615 1531 31 27 by
1655 1530 97 27 himself,
1763 1533 12 19 1
1785 1531 45 24 vol.

1310 1557 97 23 Fisher's
1416 1557 107 23 Juvenile
1533 1558 68 24 Scrap
1611 1557 72 27 Book,
1692 1557 36 22 for
1736 1558 60 22 1842.

1310 1584 51 23 Life
1380 1584 46 23 and
1444 1584 72 27 Reign
1537 1584 25 22 of
1573 1579 99 27 William
1688 1583 37 23 the
1741 1584 91 29 Fourth,
1842 1585 30 28 by

1275 1625 4 3 •
1284 1610 37 22 the
1331 1612 56 22 Rev.
1399 1611 30 23 G.
1439 1611 30 22 N.
1478 1610 97 29 Wright,
1586 1611 74 26 M.A.,
1671 1612 15 20 2
1694 1610 55 23 vols.

1312 1639 49 21 Life
1370 1638 43 22 and
1425 1638 134 27 Campaigns
1570 1637 26 23 of
1606 1637 39 23 the
1655 1637 67 23 Duke
1732 1637 25 22 of
1764 1637 108 28 Welling-

1284 1668 43 23 ton,
1337 1666 32 27 by
1378 1664 37 23 the
1426 1672 60 16 same
1496 1664 96 24 Author.
1620 1666 15 21 4
1643 1665 57 21 vols.

1311 1692 49 22 Life
1375 1692 45 22 and
1434 1693 95 21 services
1547 1692 25 22 of
1585 1691 95 23 Horatio
1693 1691 109 23 Viscount
1818 1691 54 23 Nel-

1284 1726 47 20 son,
1351 1719 56 22 from
1420 1719 35 22 his
1473 1718 119 29 lordship's
1610 1718 155 29 manuscripts,
1784 1719 33 27 by
1834 1719 38 23 the

1284 1746 55 22 Rev.
1351 1746 22 22 J.
1385 1747 22 21 S.
1418 1746 86 27 Clarke,
1516 1745 88 27 F.R.S.,
1617 1745 45 23 and
1672 1745 60 23 John
1742 1745 129 28 M'Arthur,

1284 1773 60 27 Esq.,
1356 1773 87 22 L.L.D.
1470 1774 13 20 3
1493 1772 57 23 vols.

1310 1799 49 23 The
1377 1800 80 27 Rhine,
1468 1799 67 28 Italy,
1546 1799 46 22 and
1608 1799 87 30 Greece
1704 1799 133 28 illustrated,
1848 1799 23 23 in

1284 1834 14 14 a
1307 1827 68 22 series
1384 1827 26 21 of
1417 1826 111 27 drawings
1544 1826 57 22 from
1614 1829 90 26 nature,
1714 1825 54 24 with
1782 1826 90 22 histori-

1285 1853 34 22 cal
1328 1853 47 22 and
1384 1853 122 28 legendary
1516 1853 152 28 descriptions.
1676 1858 3 4 '

1311 1880 157 28 Shakspeare's
1476 1880 118 22 Dramatic
1602 1879 154 28 Works,^with
1764 1879 81 29 plates.
1859 1882 12 20 1

1285 1906 43 23 vol.
1344 1928 6 3 _
1472 1919 14 10 -i-

1312 1933 143 23 Buchanan's
1463 1933 87 28 history
1559 1933 26 22 of
1592 1933 114 22 Scotland.
1735 1936 11 20 1
1756 1933 45 24 vol.

1312 1960 100 29 History^
1415 1961 31 25 of,
1452 1960 109 28 England,
1568 1963 27 23 ,to
1611 1960 37 23 the
1665 1961 67 22 death
1746 1961 26 21 of
1784 1961 87 27 George

1286 1986 35 23 the
1333 1988 95 27 Second,
1437 1988 31 27 by
1477 1987 78 22 Oliver
1564 1987 127 22 Goldsmith
1698 1996 6 19 ;
1719 1988 123 21 continued
1850 1991 21 18 to

1285 2013 36 21 the
1331 2015 129 19 coronation
1469 2015 27 19 of
1509 2015 79 22 Queen
1598 2014 107 25 Victoria,
1721 2015 30 24 by
1761 2013 37 21 the
1814 2014 57 20 Rev.

1286 2039 28 22 G.
1326 2039 30 22 N.
1367 2039 98 28 Wright,
1474 2039 66 22 M.A.

1310 2065 111 28 Wesley's
1444 2067 110 24 Sermons,
1572 2064 54 24 with
1645 2071 13 15 a
1676 2064 100 27 memoir,
1799 2065 31 27 by
1848 2065 23 22 S.

1285 2092 72 27 Drew,
1372 2093 65 21 M.A.

1310 2119 99 23 Memoir
1418 2119 26 22 of
1450 2119 57 22 Rev.
1518 2118 108 23 Rowland
1640 2117 57 29 HilJ,
1706 2118 31 27 by
1747 2118 35 22 W.
1794 2118 77 27 Jones,

1285 2146 88 22 Author
1398 2146 26 21 of
1467 2145 171 28 Testamentary
1662 2144 113 28 Counsels,
1827 2145 46 22 2nd

1285 2173 90 21 edition.
1404 2174 10 20 1
1427 2172 43 22 vol.

1311 2199 122 28 Magnall's
1443 2199 120 24 Questions
1569 2206 6 20 ;
1590 2199 103 28 pictorial
1703 2199 90 21 edition.

1310 2226 106 22 Barton's
1427 2225 83 28 Gospel
1518 2226 85 27 history
1610 2225 27 23 of
1643 2225 80 23 Christ.
1752 2225 66 23 Ivol.

1310 2253 49 22 The
1368 2253 80 22 Easter
1458 2253 55 25 Gift,
1524 2253 29 26 by
1563 2253 84 21 L.E.L.
1677 2253 11 21 1
1699 2252 44 22 vol.

1310 2280 49 22 The
1370 2280 99 22 Parents'
1480 2279 89 27 Friend,
1577 2279 31 28 by
1616 2279 61 23 John
1688 2279 106 26 Morison,
1802 2279 69 27 D.D.,

1284 2307 89 22 Author
1382 2307 24 22 of
1554 2310 24 18 to
1588 2314 14 14 a
1613 2306 178 27 newly-wedded

1311 2334 113 28 Scripture
1439 2333 94 28 History
1545 2333 36 22 for
1598 2333 85 23 Youth.
1710 2335 15 20 2
1740 2333 62 28 vols.,
1820 2333 53 23 with

1284 2368 63 20 maps
1357 2361 45 21 and
1410 2360 78 29 plates.

1311 2387 48 23 The
1380 2387 94 22 Women
1493 2387 26 22 of
1537 2387 108 26 England,
1665 2386 58 22 their
1742 2387 74 22 Social
1830 2387 42 23 and

1285 2414 114 23 Domestic
1413 2415 88 26 Duties,
1517 2414 30 27 by
1558 2414 56 22 Mrs.
1629 2413 57 23 Ellis
1693 2422 5 19 ;
1714 2414 53 22 15th
1782 2414 90 22 edition.

1286 2441 66 22 Ivol.

1310 2469 103 22 Summer
1427 2468 45 23 and
1480 2467 87 23 Winter
1582 2467 25 23 in
1620 2467 39 23 the
1670 2467 117 28 Pyrenees,
1798 2468 30 27 by
1834 2467 39 23 the

1284 2502 61 15 same
1354 2495 96 23 Author.
1479 2497 11 20 1
1501 2495 44 22 vol.

1311 2522 139 23 Goldsmiths
1458 2522 84 27 history
1551 2521 26 22 of
1584 2521 37 22 the
1631 2521 70 22 earth.
1730 2523 14 20 4
1754 2521 54 23 vols.

1310 2549 108 22 Burder's
1426 2549 89 26 Village
1526 2549 110 21 Sermons.
1666 2548 12 22 I
1688 2548 45 22 vol.
1767 2556 3 5 '

1310 2576 91 22 Wood's
1411 2576 131 27 Dictionary
1552 2575 26 22 of
1584 2575 38 22 the
1632 2575 72 22 Bible.
1732 2577 14 20 2
1755 2576 57 21 vols.

1310 2603 93 22 Smith's
1413 2603 127 26 Mechanic,
1549 2604 15 21 2
1572 2602 55 22 vols.

1310 2630 49 22 The
1369 2631 64 21 Book
1443 2631 24 21 of
1480 2631 109 20 Common
1599 2629 92 28 Prayer}
1699 2629 131 23 illustrated.

1310 2657 147 24 Fleetw.ood's
1465 2657 40 22 life
1516 2657 24 21 of
1547 2657 80 22 Christ.

1311 2681 73 26 Fox's*
1389 2684 111 22 Christain
1511 2683 161 28 Martyrology.
1712 2681 14 10 '"

1310 2711 49 22 The
1368 2711 73 22 whole
1450 2711 55 27 duty
1516 2710 24 22 of
1547 2711 64 27 Man,
1625 2711 33 27 by
1666 2709 38 24 the
1714 2708 56 25 Rev.
1782 2710 91 23 Charles

1286 2739 101 25 Atmore,

1312 2764 131 23 Morrison's
1451 2764 89 28 Family
1549 2764 103 28 Prayers.
1664 2776 4 7 •

1311 2792 118 27 Bunyan's
1446 2791 113 28 Pilgrim's
1573 2791 113 28 Progress,
1701 2791 133 29 beautifully
1846 2791 18 22 il

1284 2819 114 23 lustrated.

1312 2845 112 24 Sermon's
1432 2845 30 27 by
1471 2845 62 22 Blair
1541 2845 46 22 and
1596 2845 137 22 Whitefield.

1312 2872 114 25 Buchan's
1436 2872 114 23 Domestic
1560 2872 123 23 Medicine.

1312 2899 112 23 Walker's
1434 2899 155 28 Pronouncing
1599 2899 138 33 Dictionary.

1293 2930 2 2 '
1312 2926 136 23 Jamieson's
1453 2926 132 26 Dictionary
1591 2927 26 22 of
1620 2926 143 23 Mechanical
1773 2926 99 27 Science,

1286 2955 54 22 Arts
1338 2970 8 15 ?
1357 2953 176 27 Manufactures,
1544 2954 40 21 &c.
1613 2955 14 20 2
1636 2954 63 26 vols.,
1710 2955 45 20 4to.

1312 2980 174 28 Encyclopaedia
1495 2980 128 23 Edinensis.
1651 2982 14 20 6
1674 2980 55 22 vols,

1312 3007 193 28 Drawing-Room
1514 3008 68 26 Scrap
1592 3006 65 23 Book
1663 3006 35 22 for
1709 3008 60 21 1842.

1314 3034 100 23 Mathew
1424 3034 74 22 Wald.

1312 3061 84 22 Close's
1405 3060 89 25 Family
1502 3060 92 28 Prayer.

1314 3088 71 28 Guy's
1394 3087 96 29 spelling
1498 3087 64 27 book,
1561 3087 7 13 1
1573 3087 49 28 &c,
1634 3086 47 25 &c.
1697 3086 40 23 &c.

1413 3132 14 17 **
1475 3139 69 22 Bees
1558 3138 43 21 for
1608 3149 3 10 1
1615 3139 71 21 Sale.

1498 3170 59 24 from
1566 3165 143 38 Sydney^by
1718 3170 50 22 first
1783 3170 91 28 arrival,

1366 3205 13 15 a
1392 3198 44 22 few
1451 3197 100 25 hiyesof
1557 3197 63 28 bees;
1638 3197 76 23 orders
1725 3198 47 22 will
1786 3197 46 23 also
1846 3199 28 21 be

1287 3226 67 26 taken
1364 3224 36 23 for
1410 3225 36 22 the
1460 3224 145 28 importation
1615 3224 27 22 of
1716 3228 22 18 to
1749 3225 38 22 the
1798 3228 78 19 extent

1289 3253 44 21 offr
1338 3259 38 15 om
1385 3254 84 25 twenty
1476 3254 24 19 to
1504 3251 148 28 thirtynives.
1680 3252 44 22 For
1732 3252 69 27 price,
1808 3252 67 28 apply

1287 3283 23 19 at
1318 3279 39 23 the
1517 3278 81 23 Office.
1598 3276 2 11 1
1772 3277 10 16 ?
1780 3288 4 4 -

1314 3312 131 30 September
1453 3314 36 26 20,
1500 3313 61 22 1842.

1286 3366 40 21 To
1344 3365 163 22 Gentlemen
1521 3365 148 28 intending
1681 3367 29 19 to
1726 3368 77 19 enter
1815 3368 59 21 into

1312 3393 47 20 the
1387 3391 144 28 profitable
1559 3393 117 24 pursuit,
1698 3393 30 21 of
1754 3394 123 28 Grazing

1314 3419 56 22 and
1378 3423 3 6 '
1389 3419 138 26 Breeding
1545 3419 94 25 Stock,
1660 3419 43 22 for
1721 3420 92 23 which
1831 3423 44 20 the

1313 3445 91 23 fertile
1423 3445 111 22 Islands
1556 3446 31 21 of
1603 3446 70 22 New
1689 3447 124 23 Zealand
1830 3454 45 17 are

1312 3479 33 16 so
1360 3473 153 27 peculiarly
1525 3473 129 27 adapted.

1287 3507 93 50 THE
1390 3506 154 27 undersigned
1552 3507 44 28 beg
1606 3511 23 19 to
1636 3508 83 23 inform
1728 3509 148 26 theirfriends

1358 3534 46 22 and
1419 3533 128 29 the^public
1563 3535 123 28 generally,
1702 3537 49 24 that
1767 3537 55 29 they
1831 3539 45 22 will

1286 3564 102 20 contract
1410 3561 36 22 for
1464 3561 40 22 the
1527 3561 102 29 delivery
1653 3563 33 23 of,
1699 3563 39 25 the
1761 3563 116 31 following

1286 3588 137 29 description
1435 3587 27 23 of
1468 3587 74 28 Stock,
1549 3589 26 22 in
1583 3596 46 21 any
1638 3589 54 23 Port
1700 3591 28 22 of
1739 3591 39 22 the
1787 3591 90 25 Islands

1287 3616 27 22 of
1318 3615 59 23 New
1385 3614 145 24 Zealand:—
1760 3622 3 6 '
1776 3619 4 11 •

1310 3642 100 23 •Horned
1425 3641 68 24 cattle
1511 3643 127 28 (improved
1650 3644 90 28 breeds)
1755 3646 27 22 of
1794 3646 30 22 all
1838 3647 39 22 de-

1286 3669 126 28 scriptions,

1275 3706 6 7 •
1313 3697 93 27 Horses,
1427 3696 60 23 from
1508 3696 38 24 the
1568 3697 52 23 best
1639 3697 96 29 English,
1752 3699 47 26 and
1815 3700 62 23 Arab

1286 3723 71 28 stu4s,
1374 3723 95 23 suitable
1485 3723 35 23 for
1538 3724 86 28 racing,
1639 3725 84 28 saddle,
1734 3734 26 14 or
1770 3726 107 31 harness;,

1285 3751 164 28 ana-breeding
1457 3758 82 20 mares,
1711 3754 11 16 -'
1860 3749 4 12 '

1314 3778 59 23 Pure
1382 3779 76 21 Saxon
1469 3778 47 22 and
1523 3778 88 23 merino
1621 3786 65 21 ewes,

1277 3817 2 10 1
1294 3827 4 3 .
1314 3805 122 23 Half-bred
1451 3805 119 23 Leicester,
1580 3805 46 23 and
1641 3806 87 23 merino
1747 3815 65 19 ewes,
1827 3816 50 20 par-

1276 3841 2 7 1
1284 3831 107 30 ticularly
1401 3832 97 29 adapted
1511 3832 34 23 for
1554 3832 45 23 this
1608 3836 103 26 country,
1721 3841 24 16 as
1754 3834 55 30 they
1815 3836 62 25 unite

1275 3865 4 23 f
1286 3859 84 27 weight
1378 3859 28 23 of
1411 3866 89 16 carcass
1510 3859 52 23 with
1571 3859 99 24 fineness
1679 3861 27 22 of
1712 3861 65 24 wool.

1314 3887 49 22 The
1385 3887 153 27 undersigned
1561 3894 42 15 can
1615 3911 4 3 ,
1631 3889 169 22 accommodate
1826 3897 51 21 pur-

1287 3913 91 23 chasers
1394 3914 27 22 of
1432 3914 59 23 their
1502 3914 66 23 Stock
1585 3914 56 23 with
1657 3916 115 23 extensive
1786 3918 91 28 grazing

1286 3947 63 21 runs,
1360 3941 78 23 within
1447 3942 43 23 100
1498 3941 66 24 miles
1573 3942 26 23 of
1605 3942 45 24 this
1659 3942 61 23 Port;

1550 3975 37 23 W.
1602 3975 27 23 B.
1645 3976 95 24 Rhodes
1754 3978 45 22 and
1813 3979 39 22 Co.
