4140 5940
98 5151 246 33 CALENDAR
360 5151 91 33 FOR
468 5150 92 32 THE
585 5151 144 35 WEEK.

777 1021 248 119 Lyell
1075 1021 297 119 Times.

777 1140 66 119 AND
865 1140 154 119 CENTEAL
1041 1140 132 119 BULLER
1195 1140 177 119 GAZETTE.

793 1321 82 28 Mails
899 1320 42 30 for
964 1321 47 28 tbe
1039 1318 101 31 United
1164 1318 139 38 Kingdom
1335 1321 57 36 (per

759 1359 177 35 DirectijMail
950 1358 118 37 Service)
1083 1359 70 29 close
1166 1358 95 37 to-day
1284 1362 28 26 at
1333 1360 59 27 1.30

759 1408 56 26 pm.
835 1398 43 27 All
888 1398 229 35 correspondence
1128 1402 75 23 must
1218 1399 31 25 be
1262 1397 128 36 specially

759 1436 144 29 addressed
950 1447 48 28 per
1010 1437 85 29 direct
1104 1438 66 28 mail
1183 1439 100 29 service
1330 1434 61 29 Due

759 1474 27 29 in
800 1475 117 29 London
931 1475 149 29 December
1098 1477 64 27 2nd.

793 1521 82 29 Mails
887 1522 42 29 for
941 1523 103 29 United
1068 1524 149 35 Kingdom,
1242 1525 150 30 Continent

759 1559 30 29 of
798 1560 118 37 Europe,
931 1562 54 28 and
999 1562 102 30 United
1115 1564 89 28 States
1215 1563 28 29 of
1254 1564 136 35 America,

759 1598 52 29 Via
833 1599 55 29 San
912 1600 156 35 Francisco,
1089 1602 72 29 close
1183 1612 33 18 on
1237 1602 153 38 Thursday,

758 1638 49 27 4th
818 1637 163 36 November,
990 1645 29 23 at
1028 1641 60 27 1.30
1094 1650 54 27 pm.
1187 1641 101 38 Money
1298 1642 92 28 orders

759 1679 29 24 to
806 1675 80 29 catch
901 1677 59 28 this
979 1679 68 27 mail
1067 1679 55 27 will
1142 1679 32 29 be
1187 1680 91 30 issued
1301 1689 38 28 up
1362 1685 28 25 to

759 1713 17 27 4
785 1722 66 26 p.m.
865 1722 36 20 on
914 1715 134 37 Tuesday.
1062 1716 55 28 2nd
1136 1717 163 33 November.

792 1760 38 28 At
841 1769 17 19 a
872 1761 121 38 meeting
1004 1762 64 29 held
1080 1764 30 28 in
1126 1764 101 31 Nelson
1239 1767 54 31 last
1314 1771 76 29 week

758 1797 23 30 it
792 1807 55 20 was
857 1798 111 30 decided
981 1805 28 24 to
1021 1800 71 30 form
1112 1812 17 19 a
1146 1813 136 31 company
1294 1809 66 28 with
1374 1819 16 19 a

759 1837 99 36 capital
882 1836 31 29 of
934 1839 91 28 £6OOO
1047 1839 30 28 in
1103 1840 37 29 £1
1166 1842 103 37 shares,
1299 1850 28 25 to
1357 1847 33 29 be

759 1875 84 28 called
852 1875 46 29 the
908 1875 83 30 Owen
1001 1877 137 38 Crushing
1146 1879 154 41 Company.
1331 1886 59 29 The

758 1912 138 37 following
907 1915 156 35 gentlemen
1077 1926 69 20 were
1160 1923 132 34 proposed
1304 1927 29 25 at
1343 1925 46 28 the

757 1952 165 34 provisional
934 1954 148 30 directors:
1102 1957 100 29 Messrs
1214 1960 33 27 B.
1262 1961 27 28 S.
1312 1962 61 28 Chis-

757 1988 87 37 holm,
879 1990 102 38 Byrne,
1025 1993 71 35 Wix,
1141 1995 110 37 Park?r,
1287 1999 101 37 Miller,

758 2028 111 35 Saxton,
884 2030 137 37 Moutray,
1035 2033 124 38 Phillips,
1171 2035 28 29 J.
1220 2037 34 29 A.
1274 2039 114 37 Harley,

758 2065 138 36 Marsden,
903 2068 132 38 Whiting,
1042 2071 96 34 Noble,
1146 2073 127 35 Merrick,
1280 2077 108 34 Tatton,

757 2104 53 29 and
840 2105 145 31 M'Galfin.
1033 2108 45 30 Mr
1102 2110 27 29 S.
1151 2110 28 30 J.
1203 2112 105 32 Reeves
1333 2125 56 20 was

755 2141 103 31 elected
870 2142 56 32 hon
944 2150 144 34 secretary.

790 2191 87 29 There
889 2192 56 29 will
959 2194 104 36 shortly
1076 2196 32 29 be
1120 2197 91 30 issued
1234 2201 88 29 under
1341 2202 47 29 the

756 2228 140 38 authority
915 2231 31 28 of
964 2232 47 28 the
1032 2234 77 29 Hon-
1132 2235 58 29 The
1213 2237 127 31 Minister
1362 2240 30 28 of

757 2266 99 34 Mines,
881 2277 17 19 a
920 2268 158 32 Handbook
1102 2282 37 19 on
1170 2274 67 30 New
1267 2277 121 30 Zealand

756 2305 116 36 Mining.
909 2307 58 29 The
979 2310 178 36 compilation
1170 2313 30 28 of
1211 2313 177 33 information

755 2343 166 39 concerning
933 2345 47 30 the
992 2347 96 30 Buller
1099 2349 107 31 district
1225 2352 24 30 is
1270 2354 29 28 in
1319 2356 69 34 good

755 2380 98 30 hands.

790 2430 43 27 On
846 2430 123 39 Monday
981 2432 54 30 last
1047 2434 47 30 the
1106 2435 79 38 Lyell
1200 2438 75 30 State
1289 2440 99 30 School

755 2466 160 32 underwent
927 2471 47 29 the
985 2472 79 29 Usual
1084 2475 102 29 annual
1199 2479 188 30 examination

754 2505 55 28 and
819 2506 104 35 though
938 2510 47 27 the
997 2511 130 28 numbers
1140 2522 35 18 on
1189 2515 46 28 the
1260 2517 52 27 roll
1333 2518 54 28 had

754 2540 69 32 been
846 2545 189 40 considerably
1063 2548 118 32 reduced
1211 2552 100 40 during
1341 2555 47 30 the

755 2582 52 31 last
823 2583 99 31 month
946 2586 92 37 owing
1060 2590 29 27 to
1113 2598 17 20 a
1153 2590 235 33 denominational

753 2621 94 28 school
859 2622 102 33 having
974 2624 68 29 been
1054 2628 105 27 started
1170 2629 30 27 in
1213 2630 46 29 the
1272 2632 113 35 locality

753 2662 49 34 yet
813 2659 47 30 the
873 2661 32 28 31
919 2662 100 30 scolars
1028 2663 63 30 who
1103 2670 50 33 put
1164 2667 29 29 in
1215 2677 36 21 an
1275 2679 96 29 appear-

754 2708 67 18 ance
833 2703 49 25 out
894 2700 30 28 of
933 2710 17 19 a
962 2703 117 35 possible
1091 2705 35 28 32
1137 2707 140 36 acquitted
1298 2710 70 29 them-

755 2737 86 31 selves
853 2738 29 30 in
901 2748 18 21 a
939 2750 116 21 manner
1073 2743 91 32 which
1185 2755 68 27 gave
1275 2748 45 30 Mr
1341 2750 30 29 In-

755 2782 106 29 spector
870 2778 134 36 Hodgson
1016 2790 82 27 every
1110 2783 178 30 satisfaction.
1326 2789 57 27 The

755 2822 113 28 average
891 2816 118 30 number
1030 2818 31 28 of
1079 2828 92 28 passes
1195 2823 146 39 according
1358 2829 30 26 to

755 2851 47 30 the
814 2862 61 20 new
898 2858 103 33 system
1023 2856 31 30 of
1070 2858 164 31 calculation
1256 2862 81 38 being
1357 2874 31 20 as

755 2891 69 37 good
836 2901 30 20 as
879 2892 128 32 obtained
1026 2896 30 29 in
1075 2896 102 32 former
1197 2910 80 28 years
1299 2903 88 30 under

756 2929 46 29 the
813 2930 46 29 old
868 2933 122 27 method.

791 2976 44 28 Mr
846 2977 36 29 E.
894 2978 117 37 Teague,
1024 2980 197 41 photographic
1240 2987 87 35 artist,
1348 2989 26 29 in-

755 3016 80 29 tends
864 3016 110 39 visiting
1003 3020 74 30 Fern
1106 3022 63 30 Flat
1198 3034 35 20 on
1260 3027 127 36 Tuesday

755 3058 73 27 next,
847 3055 91 28 where
960 3057 34 27 he
1017 3059 56 26 will
1093 3060 81 28 make
1195 3071 16 18 a
1231 3063 76 28 short
1328 3070 60 30 stay

754 3089 42 28 for
805 3090 47 28 the
859 3099 115 30 purpose
980 3093 30 30 of
1021 3094 95 39 taking
1122 3096 155 34 likenesses.
1314 3101 50 30 Dur-

755 3127 47 38 ing
819 3128 56 29 this
892 3131 183 35 gentleman's
1093 3136 179 36 professional
1284 3141 64 29 visit
1360 3146 28 24 to

755 3166 77 36 Lyell
856 3167 36 29 he
917 3168 50 30 has
990 3171 82 37 given
1095 3183 83 28 every
1208 3178 179 35 satisfaction,

752 3206 57 27 and
821 3215 42 19 we
875 3215 52 21 can
939 3212 176 29 recommend
1127 3213 45 30 his
1193 3216 75 29 work
1289 3221 28 27 to
1338 3227 49 21 our

755 3248 154 32 upcountry
921 3245 111 31 friends.

788 3292 59 32 The
859 3295 80 30 usual
959 3297 127 40 scraping
1106 3298 32 32 of
1154 3300 46 31 the
1221 3302 89 38 plates
1326 3306 64 31 took

755 3332 76 36 place
853 3335 147 36 yesterday
1026 3340 30 25 at
1083 3338 48 28 the
1153 3340 100 35 Alpine
1284 3343 106 37 battery

755 3369 89 34 when,
857 3369 42 29 for
908 3372 34 36 6£
954 3371 68 38 days
1034 3375 131 37 crushing
1177 3377 32 29 of
1217 3378 51 30 234
1280 3383 63 28 tons
1364 3382 30 29 of

755 3411 87 32 stone,
856 3417 16 20 a
884 3410 73 36 yield
969 3411 31 30 of
1017 3413 107 30 3940z5.
1138 3415 31 29 of
1184 3418 138 37 amalgam
1335 3431 55 19 was

756 3446 136 29 obtained.
927 3450 26 27 A
965 3450 82 33 slight
1066 3451 80 38 delay
1159 3458 128 26 occurred
1304 3462 27 24 at
1344 3459 46 29 the

755 3483 108 40 battery
886 3484 99 40 during
1000 3488 47 29 the
1067 3490 76 29 week
1155 3491 30 30 in
1206 3502 185 31 consequence

756 3523 29 28 of
793 3523 98 38 taking
902 3524 80 30 down
995 3535 17 19 a
1024 3536 61 20 cam
1098 3528 74 30 shaft
1187 3534 29 26 to
1235 3532 89 31 fasten
1345 3536 46 28 the

757 3561 127 40 coupling
896 3563 53 30 and
957 3563 93 40 fitting
1061 3575 17 20 a
1089 3576 61 21 new
1162 3568 89 33 shank
1267 3572 29 30 in
1311 3574 51 30 No.
1376 3576 14 28 1

759 3600 60 29 box.
855 3603 37 28 At
903 3603 48 28 the
963 3604 76 28 mine
1051 3607 164 37 everything
1225 3609 24 29 is
1261 3612 84 37 going
1355 3623 35 18 on

754 3646 32 19 as
798 3639 88 31 usual,
899 3640 54 28 and
966 3641 47 29 the
1021 3650 132 29 manager
1162 3644 64 30 does
1235 3653 49 23 not
1297 3654 94 33 expect

757 3679 27 26 to
795 3677 81 30 reach
889 3678 47 30 the
948 3678 84 40 lately
1051 3679 87 32 found
1158 3684 82 30 north
1254 3686 88 37 block,
1356 3688 36 39 by

756 3715 47 29 the
814 3717 191 30 intermediate
1017 3719 68 29 level
1099 3730 63 21 now
1183 3722 81 39 being
1285 3726 104 36 driven,

757 3752 89 32 before
860 3757 46 27 the
919 3756 102 29 middle
1032 3764 62 30 part
1103 3759 31 28 of
1139 3765 65 24 next
1212 3764 85 29 week.
1333 3766 59 29 The

755 3795 168 27 contractors
934 3794 30 28 in
978 3795 52 29 No.
1042 3797 18 28 7
1072 3796 70 29 level
1157 3808 45 19 are
1215 3802 114 36 making
1341 3805 51 27 fair

757 3839 123 28 progress
898 3832 170 39 considering
1087 3834 48 31 the
1151 3836 140 34 increased
1312 3841 64 31 hard-

757 3879 62 19 ness
832 3870 31 28 of
871 3871 48 29 the
938 3872 106 37 ground
1065 3873 81 38 being
1158 3877 115 35 pierced.
1320 3881 30 30 It
1369 3883 24 27 is

756 3908 128 28 intended
902 3913 29 24 to
955 3911 82 27 make
1055 3913 166 35 application
1244 3918 41 27 lor
1309 3922 85 25 water

755 3945 74 37 right
840 3945 70 30 from
923 3946 164 32 Irishman's
1105 3950 85 30 Creek
1210 3952 43 30 for
1269 3954 48 30 the
1330 3965 45 28 pur-

757 3993 63 27 pose
833 3984 30 28 of
872 3984 125 38 bringing
1008 3987 30 28 in
1051 3997 16 18 a
1079 3989 82 28 small
1180 3995 85 25 water
1277 4003 62 20 race
1364 3999 28 25 to

755 4022 111 37 provide
879 4024 101 28 motive
993 4034 92 27 power
1096 4026 42 29 for
1159 4029 122 38 working
1292 4041 37 19 an
1348 4032 42 30 air

755 4059 71 30 blast
844 4064 28 25 to
885 4059 68 31 send
971 4072 17 18 a
1011 4062 89 30 better
1117 4065 100 37 supply
1235 4069 30 28 of
1280 4071 42 27 air
1333 4071 59 29 into

755 4097 47 29 the
826 4098 57 28 face
902 4100 31 28 of
947 4100 52 28 No.
1017 4102 18 28 7
1053 4101 77 35 level,
1148 4112 32 20 as
1196 4104 24 29 it
1235 4105 25 30 is
1277 4111 49 25 not
1347 4118 29 20 ex-

755 4137 94 36 pected
863 4137 60 29 that
941 4140 154 35 operations
1115 4151 50 19 can
1179 4142 32 29 be
1232 4146 104 29 carried
1356 4158 35 18 on

756 4175 83 28 much
852 4175 94 35 longer
959 4179 70 26 until
1038 4187 76 19 some
1126 4182 139 34 provision
1275 4184 23 28 is
1310 4186 80 28 made

755 4213 30 28 in
795 4212 55 29 this
862 4213 140 29 direction.

790 4260 58 29 The
861 4264 153 27 contractor
1026 4262 41 30 for
1087 4263 109 39 driving
1216 4272 122 27 crosscut
1357 4271 30 29 in

756 4298 47 28 the
846 4299 103 29 United
985 4300 75 36 Italy
1101 4302 167 40 Company's
1303 4309 83 29 claim

758 4336 129 37 (Richard
899 4337 125 38 Morgan)
1035 4339 24 29 is
1068 4340 113 37 making
1190 4345 70 32 good
1266 4354 123 29 progress

757 4374 66 28 with
836 4375 48 28 the
895 4375 76 29 drive
983 4376 71 29 from
1067 4379 117 29 Potter's
1196 4382 77 35 level,
1283 4384 103 29 having

757 4412 94 29 driven
862 4414 36 28 20
909 4413 55 30 feet
985 4414 75 30 Bince
1080 4420 193 37 commencing
1295 4432 78 27 opera-

759 4452 78 25 tions.

790 4497 51 30 We
854 4497 71 31 refer
937 4508 51 20 onr
998 4500 109 31 readers
1125 4505 29 27 to
1175 4504 48 30 the
1243 4507 131 30 advertise-

757 4539 78 24 ment
863 4538 149 35 appearing
1040 4542 30 24 at
1099 4541 48 28 the
1178 4542 71 29 head
1278 4545 31 28 of
1333 4547 55 27 this

757 4572 119 35 column,
907 4574 90 29 which
1040 4585 157 23 announces
1238 4582 61 29 that
1339 4584 49 29 the

757 4611 118 29 General
889 4612 133 38 Manager
1039 4616 31 27 of
1089 4617 47 28 the
1157 4618 129 31 National
1310 4622 79 29 Bank

757 4648 33 30 of
798 4650 68 29 New
878 4650 130 36 Zealand,
1021 4653 130 37 Limited,
1164 4656 50 30 has
1235 4658 113 31 decided
1361 4665 28 25 to

757 4697 71 27 open
840 4690 124 29 business
976 4696 190 35 permanently
1177 4697 29 26 in
1219 4697 36 36 L)
1263 4699 45 27 ell.
1345 4700 44 27 Mi-

758 4728 97 34 Lewis,
868 4729 47 29 the
929 4730 113 29 Reefton
1057 4732 139 36 Manager,
1209 4733 23 29 is
1245 4735 64 29 here
1317 4745 70 25 now,

757 4766 55 30 and
832 4768 57 28 will
909 4771 122 27 transact
1050 4769 125 30 business
1195 4773 105 37 to-day,
1320 4775 69 29 after

758 4805 87 27 which
876 4806 46 26 the
952 4815 103 28 agency
1084 4808 56 28 will
1169 4808 34 29 be
1226 4812 89 27 under
1339 4813 47 28 the

757 4842 98 38 charge
867 4842 30 30 of
908 4843 44 29 Mr
964 4844 100 30 Oliver.
1100 4846 59 29 The
1180 4847 208 32 establishment

757 4881 30 28 of
812 4891 17 19 a
842 4881 80 29 Bank
934 4883 112 36 Agency
1069 4883 30 29 in
1124 4885 80 36 Lyell
1226 4887 24 29 is
1273 4898 17 18 a
1313 4894 76 24 want

757 4919 89 30 which
859 4919 51 30 has
923 4920 67 30 been
1009 4922 49 29 felt
1080 4923 42 29 for
1143 4933 75 20 some
1240 4926 68 30 time
1328 4934 60 31 past

756 4958 55 27 and
823 4959 55 27 this
892 4962 60 34 step
965 4968 35 19 on
1011 4961 47 28 the
1068 4965 62 33 part
1141 4963 31 26 of
1188 4963 46 28 the
1257 4966 129 29 National

757 4996 80 28 Bank
849 4997 56 28 will
918 5007 40 18 we
976 4999 69 28 have
1066 5009 37 19 no
1125 4999 84 30 doubt
1228 5008 73 24 meet
1321 5005 65 28 with

756 5034 47 28 the
844 5041 229 31 encouragement
1119 5038 55 28 and
1214 5045 113 33 support
1366 5044 22 27 it

756 5071 133 29 deserves.

791 5121 111 28 Several
913 5121 109 30 holders
1034 5122 31 29 of
1069 5122 127 30 interests
1207 5124 29 29 in
1247 5126 46 28 the
1303 5127 83 29 Owen

755 5158 70 29 reefs
837 5158 70 29 from
921 5160 79 37 Lyell
1011 5160 70 29 have
1094 5162 98 29 visited
1205 5163 60 30 that
1277 5165 110 38 locality

757 5197 97 35 during
873 5198 47 29 the
936 5199 79 28 week
1037 5199 55 29 and
1112 5200 71 29 have
1204 5202 36 29 all
1259 5205 128 28 returned

758 5245 63 27 very
833 5236 159 38 favourably
1004 5239 149 35 impressed
1166 5241 66 27 with
1246 5242 46 27 the
1313 5252 59 27 pros-

757 5278 73 31 pects
842 5274 54 27 and
909 5275 126 29 ultimate
1049 5278 150 35 prosperity
1211 5279 31 27 of
1263 5279 48 32 the
1335 5281 39 28 dis-

756 5312 61 28 trict
842 5311 139 38 following
1005 5314 48 28 the
1077 5315 103 30 advent
1202 5316 31 29 of
1259 5318 128 38 crushing

756 5359 99 27 power.

790 5398 43 28 Mr
856 5398 76 29 Scott
952 5398 50 30 has
1014 5400 128 29 returned
1155 5405 27 25 to
1193 5402 195 31 Christchurch

756 5435 68 30 after
837 5446 15 19 a
865 5437 116 30 number
990 5438 29 29 of
1028 5438 117 38 lengthy
1153 5441 153 30 interviews
1320 5443 66 28 with

757 5474 45 30 the
815 5476 161 29 authorities
988 5486 36 20 on
1035 5478 47 28 the
1095 5478 103 38 subject
1211 5482 26 25 of
1249 5481 47 28 the
1318 5481 52 28 Mid-

758 5514 63 29 land
833 5515 120 38 railway,
967 5516 28 28 in
1009 5516 79 30 order
1101 5521 27 26 to
1140 5523 45 33 get
1197 5519 47 29 the
1267 5524 122 27 contract

756 5554 93 30 drawn
862 5565 36 27 up
910 5556 29 28 in
952 5556 166 31 accordance
1131 5558 67 29 with
1223 5559 47 29 the
1288 5561 51 28 Act
1360 5561 29 28 of

756 5593 53 27 last
833 5594 112 27 session.
981 5595 172 38 Everything
1185 5597 55 27 will
1265 5598 67 28 then
1356 5599 33 27 be

755 5629 83 39 ready
853 5630 41 31 for
907 5641 16 21 a
935 5636 77 27 start.

1460 206 184 29 AMATEUR
1663 207 339 33 ENTERTAINMENT.

1451 301 59 28 The
1534 302 215 30 entertainment
1771 302 63 30 hell
1858 304 29 29 iu
1913 304 136 33 Fennell's

1418 341 66 29 Hull
1509 341 52 29 last
1585 342 137 37 Saturday
1747 343 77 36 night
1841 344 29 29 in
1891 345 44 30 aid
1957 348 30 28 of
2004 348 45 29 the

1418 380 131 34 Building
1562 381 81 28 Fund
1655 382 90 34 ofJSt.
1763 382 156 30 Matthew's
1932 385 117 34 Church,

1418 418 87 37 Lyell,
1527 428 56 20 was
1604 419 30 28 in
1655 429 81 25 every
1755 425 105 32 respect
1882 431 51 20 one
1954 424 31 28 of
2005 424 45 28 the

1418 461 73 24 most
1502 457 145 28 successful
1668 462 47 31 j'et
1736 458 63 27 held
1821 460 28 25 in
1872 459 46 29 the
1938 461 111 29 district.

1418 495 81 29 From
1512 494 45 29 the
1568 496 125 29 crowded
1703 500 69 25 state
1785 496 30 29 of
1824 497 46 30 the
1880 497 56 30 hall
1947 499 102 38 shortly

1418 536 68 27 after
1500 534 47 29 the
1559 534 80 29 doors
1660 544 69 20 were
1750 536 104 35 opened
1876 539 22 26 it
1917 539 134 35 appeared

1419 572 58 27 that
1486 571 45 28 the
1538 573 235 28 accommodation
1780 578 26 23 ot
1819 574 46 28 the
1875 584 77 19 room
1962 577 89 28 would

1419 610 30 28 be
1462 610 81 28 taxed
1559 615 28 24 to
1608 611 36 28 its
1665 617 112 30 utmost,
1791 613 53 28 and
1865 613 98 30 indeed
1985 616 66 27 such

1418 649 102 38 proved
1531 652 28 26 te
1572 649 32 29 be
1618 650 46 30 the
1676 659 69 24 case,
1757 660 30 20 as
1795 651 70 29 later
1877 661 35 20 on
1924 654 128 29 numbers

1418 697 68 19 were
1496 689 99 28 unable
1618 694 27 24 to
1658 690 63 34 gain
1735 690 159 34 admission,
1907 691 55 30 and
1983 703 68 19 were

1417 726 151 36 compelled
1585 732 28 23 to
1632 727 33 28 be
1682 732 113 25 content
1815 729 66 29 with
1903 732 150 36 occupying

1418 765 130 35 positions
1561 765 28 28 in
1602 765 48 30 the
1663 775 126 28 passages
1801 767 54 30 and
1868 777 68 21 even
1946 770 105 29 outside

1416 804 49 28 the
1481 802 140 31 windows.
1666 805 81 29 Since
1766 806 48 29 the
1834 807 55 28 last
1906 810 132 28 entertain-

1419 845 75 23 ment
1508 850 56 18 was
1576 842 62 28 held
1648 842 64 28 here
1723 843 185 30 considerable
1920 846 115 36 improve-

1420 882 88 24 ments
1521 878 69 30 have
1611 879 67 29 been
1700 880 80 30 made
1799 882 29 28 in
1848 882 47 29 the
1914 887 75 31 stage
2010 894 28 19 ac-

1421 917 202 27 commodation
1642 918 55 26 and
1719 927 120 28 scenery,
1860 920 102 35 having
1987 923 66 27 been

1419 953 114 37 entirely
1546 955 107 29 refitted
1665 955 55 29 and
1733 957 120 37 painted,
1867 958 54 30 and
1941 968 62 22 now
2015 960 25 30 af-

1419 993 73 28 fords
1504 993 132 34 facilities,
1648 996 66 27 such
1726 1005 30 18 as
1769 997 56 27 side
1836 998 94 35 wings,
1939 1000 114 33 curtain,

1420 1032 54 32 &c,
1488 1031 41 28 for
1542 1031 108 38 placing
1661 1033 81 28 smalt
1755 1035 87 36 pieces
1855 1044 35 19 on
1908 1037 47 28 the
1969 1042 82 33 stage.

1453 1070 37 29 At
1503 1070 74 38 eight
1590 1071 101 30 o'clotk
1715 1072 47 30 the
1775 1073 184 37 performance
1980 1085 54 21 com-

1421 1109 110 27 menced
1556 1110 66 28 with
1652 1120 15 17 a
1696 1112 203 28 well-executed
1929 1120 123 23 overture

1421 1145 100 37 (piano)
1536 1145 35 38 by
1586 1147 56 27 Mrs
1657 1147 116 35 Waters,
1783 1149 123 30 followed
1917 1150 36 37 by
1962 1161 16 19 a
1989 1162 63 28 very

1419 1185 149 36 creditably
1588 1186 131 30 rendered
1741 1187 72 29 buffo
1827 1199 68 27 song
1916 1190 37 36 by
1966 1191 43 29 Mr
2022 1193 29 28 C.

1419 1222 130 34 Bowden,
1573 1225 113 27 entitled
1746 1226 55 28 I'm
1828 1237 16 17 a
1875 1228 178 36 Nobleman,s

1541 1262 67 30 Miss
1620 1265 33 27 A.
1662 1264 151 30 Dollimore
1826 1275 56 20 was
1891 1271 48 25 not
1952 1277 30 20 as
1994 1278 43 20 suc-

1418 1301 99 27 cessful
1527 1302 30 27 in
1569 1302 49 29 her
1630 1312 68 27 song
1748 1305 93 28 Won't
1860 1314 54 27 you
1928 1306 55 37 buy
2005 1317 48 26 my

1418 1342 90 34 pretty
1677 1351 30 20 as
1728 1351 34 20 on
1783 1342 101 30 former
1905 1345 146 34 occasions,

1418 1378 91 33 owing
1530 1383 27 24 to
1571 1388 15 19 a
1599 1379 83 35 slight
1701 1390 191 21 nervousness.
1967 1384 52 28 Put
2031 1385 21 27 it

1418 1414 80 28 down
1512 1419 26 25 to
1644 1426 16 19 a
1670 1418 88 28 comic
1768 1428 69 25 song
1844 1419 37 35 by
1893 1420 43 28 Mr
1944 1421 90 37 Young-

1420 1462 74 25 man,
1517 1463 56 19 was
1592 1455 165 37 elaborately
1778 1457 119 36 dressed,
1910 1459 55 29 and
1989 1459 63 30 took

1418 1491 46 28 the
1476 1491 81 36 fancy
1570 1494 31 26 of
1619 1496 46 26 the
1679 1492 131 31 audience
1821 1499 28 25 to
1862 1496 46 28 the
1920 1501 93 24 extent
2025 1498 30 27 of

1418 1528 81 37 being
1524 1531 193 29 redemanded.
1754 1533 58 29 Mrs
1833 1534 121 30 Bowden
1972 1535 80 36 fairly

1417 1567 131 30 rendered
1554 1569 47 30 the
1609 1581 68 27 song
1919 1574 131 38 although

1418 1608 27 26 in
1460 1607 128 37 previons
1601 1612 122 26 concerts
1744 1619 41 20 we
1807 1611 69 29 have
1898 1612 85 29 heard
2004 1613 49 29 her

1417 1645 74 29 voice
1509 1649 29 26 to
1559 1648 82 27 much
1663 1652 106 29 greater
1788 1648 162 38 advantage.
1995 1651 56 33 The

1417 1683 67 28 Rev.
1510 1684 183 29 Innes-Jones
1717 1696 70 26 sang
1806 1687 120 29 "Jack's

1416 1720 30 28 in
1479 1730 17 19 a
1525 1721 118 31 finished
1674 1732 125 27 manner,
1828 1725 56 28 and
1920 1735 56 20 was
2006 1736 29 19 en-

1416 1758 201 39 thusiastically
1630 1760 125 30 encored.
1803 1763 59 28 The
1883 1773 62 26 gem
1959 1764 30 29 of
2007 1765 46 28 the

1416 1798 118 35 evening
1546 1807 55 21 was
1613 1797 141 40 decidedly
1768 1800 48 29 the
1828 1800 77 30 duett
1950 1801 39 30 As
2000 1813 52 19 one

1417 1835 35 36 by
1463 1844 52 20 one
1528 1845 50 20 our
1588 1837 103 29 friends
1846 1839 80 36 given
1938 1840 38 37 by
1996 1841 58 29 Mrs

1417 1873 106 28 Watera
1547 1875 55 28 and
1627 1875 45 29 Mr
1696 1877 127 33 Corfield,
1844 1878 54 28 and
1921 1879 104 29 evoked
2037 1889 16 19 a

1416 1912 190 31 well-merited
1630 1925 106 19 encore.
1792 1915 45 29 Mr
1860 1916 32 29 F.
1917 1917 135 30 Harrison

1415 1959 57 19 was
1480 1955 49 23 not
1540 1952 29 26 in
1582 1952 44 29 his
1637 1953 80 28 usual
1735 1954 80 33 form,
1827 1953 133 38 although
1973 1956 81 37 fairly

1415 1989 147 29 successful
1579 1990 30 30 in
1632 1990 43 30 his
1695 2000 76 29 song.
1818 1991 57 29 Mrs
1894 1992 34 30 R.
1950 1986 103 39 Carroll

1415 2028 125 29 followed
1554 2029 66 29 with
1639 2034 17 12 '•
1670 2030 78 33 Erin,
1768 2040 48 27 my
1829 2031 123 39 Country
1998 2035 55 28 and

1415 2065 133 35 although
1562 2067 239 36 singing'.without
1821 2078 35 19 an
1880 2072 153 35 accompani-

1415 2107 86 31 ment,
1515 2106 147 28 succeeded
1675 2107 30 27 in
1717 2107 123 36 pleasing
1853 2107 46 29 the
1913 2108 139 36 audience,

1415 2141 55 30 and
1482 2152 57 20 was
1551 2145 152 37 compelled
1715 2149 28 25 to
1754 2155 139 29 reappear.
1931 2147 45 29 Mr
1989 2148 47 29 Cor-

1414 2180 65 29 field
1492 2191 57 20 was
1562 2188 47 23 not
1621 2194 30 17 as
1664 2184 147 29 successful
1827 2194 30 19 as
1869 2186 80 28 usual
1961 2186 91 30 in'-the

1416 2224 65 24 next
1503 2230 70 28 song
1625 2221 95 30 We've
1744 2221 37 30 all
1802 2223 95 36 joined
1917 2224 48 29 the
1983 2225 69 29 Blue

1416 2258 107 28 Ribbon
1688 2260 134 37 probably
1843 2261 91 38 owing
1954 2266 28 25 to
2004 2263 47 29 the

1414 2296 56 29 fact
1484 2296 62 30 that
1557 2298 47 29 the
1618 2298 82 29 views
1717 2298 165 32 enunciated
1895 2300 45 29 did
1954 2304 48 26 net
2021 2301 30 30 fit

1414 2336 30 28 in
1463 2336 66 29 with
1559 2338 47 28 the
1635 2338 117 36 popular
1786 2340 78 26 taste.
1914 2339 137 30 "Jessie's

1576 2375 37 36 by
1637 2376 58 30 Mrs
1720 2376 115 35 Waters,
1858 2375 115 39 playing
2001 2378 50 30 her

1415 2421 62 20 own
1512 2415 245 35 accompaniment,
1781 2423 66 24 was,
1872 2425 31 18 as
1926 2416 24 28 is
1973 2415 78 29 usual

1414 2450 68 29 with
1501 2451 56 29 this
1580 2451 74 37 lady,
1675 2451 141 38 tastefully
1840 2452 54 29 and
1919 2454 132 37 correctly

1414 2489 140 30 rendered.
1574 2489 4 39 .
1602 2491 45 28 Mr
1666 2491 76 28 John
1764 2491 94 29 O'Dea
1881 2491 81 37 fairly
1983 2493 54 28 elec-

1414 2527 91 28 trified
1529 2529 47 27 the
1601 2528 130 29 audience
1755 2529 29 27 in
1809 2529 47 28 the
1881 2538 68 28 song

1562 2567 55 29 and
1637 2577 56 19 was
1715 2566 182 38 vociferously
1917 2568 133 36 encored;

1414 2615 76 18 some
1503 2606 30 27 of
1541 2606 45 28 his
1596 2606 104 28 friends
1711 2616 50 25 say
1769 2604 73 30 little
1855 2606 85 29 credit
1951 2611 29 24 to
1992 2608 59 27 him

1414 2651 30 20 as
1468 2642 35 30 he
1526 2643 97 29 knows
1647 2644 157 35 something
1825 2643 84 31 about
1935 2644 114 38 bridges,

1414 2681 135 35 however,
1562 2682 84 30 that's
1658 2693 73 19 mere
1744 2693 81 26 envy.
1870 2683 59 30 Oue
1952 2684 31 28 of
2002 2686 46 28 the

1414 2721 133 38 surprises
1554 2722 30 29 of
1596 2721 46 30 the
1653 2721 116 37 evening
1780 2731 56 20 was
1846 2723 206 38 supplemented

1414 2760 37 36 by
1473 2760 58 29 Mrs
1551 2762 76 32 Best,
1646 2761 63 29 who
1730 2771 71 26 sung
1857 2761 53 29 I'm
1931 2762 122 35 Waiting

1416 2797 48 37 My
1477 2799 115 35 Darling
1604 2800 42 27 for
1656 2799 64 28 thee
1764 2799 29 27 in
1804 2808 18 19 a
1831 2808 118 19 manner
1961 2800 90 28 which

1414 2839 28 25 at
1454 2845 67 20 once
1533 2836 127 38 stamped
1680 2837 49 28 her
1745 2846 30 19 as
1788 2846 16 19 a
1818 2836 88 29 useful
1927 2837 123 30 addition

1415 2879 27 25 to
1454 2875 48 29 the
1512 2881 125 24 amateur
1656 2875 88 30 talent
1760 2875 29 30 of
1808 2875 47 30 the
1867 2875 115 35 district,
1996 2877 55 30 and

1415 2923 34 20 on
1461 2914 83 35 being
1555 2915 116 29 encored
1684 2924 55 19 was
1757 2924 68 19 even
1837 2924 77 21 more
1933 2925 103 20 success-

1414 2952 40 27 ful
1466 2961 37 18 on
1524 2953 50 27 her
1586 2962 44 18 sec
1632 2953 54 27 and
1706 2961 169 28 appearance
1894 2954 29 27 in
1936 2963 16 19 a
1964 2962 89 20 comic

1414 2998 70 29 song
1537 2989 96 38 Jenny
1655 2989 62 30 Jink
1813 2990 67 29 This
1903 2990 67 30 item
1990 2999 45 22 con-

1414 3029 98 29 cluded
1524 3029 48 29 the
1584 3029 60 29 first
1657 3032 60 33 part
1729 3030 31 28 of
1767 3029 48 29 the
1827 3039 183 26 programme.

1449 3067 59 26 The
1533 3067 67 27 Rev.
1625 3067 182 27 Innes-Jones
1833 3076 78 19 came
1937 3068 115 27 forward

1415 3102 55 30 and
1482 3102 30 30 in
1521 3112 16 21 a
1548 3104 49 30 few
1605 3103 62 30 well
1677 3103 101 30 chosen
1789 3103 133 33 remarks,
1931 3104 121 31 thanked

1415 3142 47 29 the
1475 3142 132 29 audience
1619 3143 41 28 for
1672 3143 72 28 their
1763 3143 95 28 liberal
1880 3143 171 32 attendance,

1416 3180 54 30 and
1491 3180 47 30 the
1557 3184 148 31 amateurs,
1719 3181 125 35 together
1864 3182 65 28 with
1950 3182 102 34 others,

1417 3219 62 29 who
1491 3219 56 29 had
1557 3220 114 28 assisted
1681 3230 29 18 so
1719 3220 155 36 materially
1885 3220 30 28 in
1927 3220 126 38 bringing

1416 3258 47 29 the
1484 3262 208 31 arrangements
1710 3258 42 28 for
1771 3258 47 28 the
1839 3260 214 29 entertainment

1416 3302 28 25 to
1457 3305 30 21 so
1500 3297 146 30 successful
1660 3306 36 20 an
1713 3297 82 30 issue.

1451 3337 72 27 Next
1536 3345 35 18 on
1584 3337 47 27 the
1644 3345 171 26 programme
1825 3345 56 19 was
1891 3337 124 34 portions
2026 3338 30 27 of

1416 3375 55 27 two
1492 3382 94 19 scenes
1610 3373 71 29 from
1700 3373 110 28 Bulwer
1828 3373 127 37 Lytton's
1980 3375 73 36 play,

1417 3415 16 16 '•
1447 3411 58 30 The
1535 3411 79 38 Lady
1643 3411 31 30 of
1846 3412 47 29 the
1923 3417 75 33 parts
2027 3414 31 29 of

1417 3451 115 27 Pauline
1543 3451 56 26 and
1620 3450 102 28 Claude
1743 3451 133 27 Melnotte
1894 3450 84 36 being
1996 3462 42 17 sus-

1418 3488 92 29 tained
1528 3488 36 36 by
1585 3488 56 29 Mrs
1658 3488 35 28 E.
1717 3488 122 29 Bowden
1860 3489 55 29 and
1940 3490 45 28 Mr
2009 3490 42 30 W.

1417 3527 84 28 Atkin
1513 3526 187 38 respectively.
1736 3526 59 29 The
1807 3527 155 29 characters
1983 3538 70 20 were

1418 3564 131 39 correctly
1572 3565 110 29 dressed
1708 3564 147 37 according
1883 3568 29 28 to
1936 3566 47 30 the
2013 3577 26 20 re-

1418 3605 169 36 quirements
1598 3605 30 27 of
1636 3604 48 28 the
1696 3604 66 36 play
1775 3604 54 28 and
1842 3605 102 36 proved
1961 3615 17 19 a
1996 3615 43 19 sur-

1418 3643 70 35 prise
1501 3645 28 26 to
1543 3650 84 28 many
1640 3641 30 30 of
1684 3642 47 28 the
1752 3650 123 28 younger
1894 3644 109 35 portion
2026 3644 30 28 of

1418 3680 47 30 the
1488 3679 132 31 audience
1647 3680 62 31 who
1733 3679 132 39 probably
1892 3680 55 31 had
1970 3691 83 22 never

1418 3719 89 30 before
1519 3719 57 28 had
1587 3719 47 29 the
1652 3719 179 37 opportunity
1848 3719 32 29 of
1897 3721 158 37 witnessing

1417 3758 48 28 the
1477 3758 130 37 spectacle
1620 3758 31 27 of
1661 3762 75 32 stage
1752 3757 124 29 dresses..
1920 3759 60 29 The
2001 3765 41 24 act-

1418 3797 48 35 ing
1476 3796 170 35 throughout
1658 3796 48 28 the
1718 3800 54 24 two
1792 3805 94 19 scenes
1907 3796 112 31 showed
2039 3810 17 17 a

1418 3834 102 30 careful
1532 3834 55 28 and
1599 3834 71 29 close
1691 3833 83 39 study
1794 3833 30 29 of
1833 3834 48 29 the
1902 3834 154 33 characters

1420 3873 173 38 pourtrayed,
1623 3873 146 37 especially
1804 3883 31 20 so
1869 3874 31 28 in
1929 3875 62 30 that
2025 3877 31 28 of

1420 3912 122 31 Pauline,
1566 3911 47 28 the
1632 3911 66 35 lady
1722 3911 185 34 undertaking
1929 3913 47 27 the
1999 3914 56 28 role

1419 3949 103 36 having
1533 3948 41 29 for
1586 3948 46 29 the
1644 3947 59 30 first
1717 3947 67 30 time
1796 3948 115 37 essayed
1923 3959 17 20 a
1952 3954 63 33 part
2027 3952 30 28 of

1418 3987 57 28 this
1487 3987 175 37 descriprion,
1677 3986 55 29 and
1753 3987 145 36 agreeably
1918 3989 137 37 surprised

1418 4024 50 29 her
1479 4027 72 26 most
1562 4025 128 28 intimate
1703 4024 101 29 friends
1821 4024 38 37 by
1871 4026 48 29 the
1940 4035 116 22 manner

1418 4063 30 29 in
1460 4063 90 29 which
1564 4063 49 29 she
1626 4062 140 30 sustained
1777 4062 48 30 the
1837 4063 148 30 character.

1453 4101 59 29 The
1541 4100 139 37 evening's
1710 4105 172 26 amusement
1906 4103 149 29 concluded

1418 4139 68 29 with
1498 4149 17 19 a
1536 4139 112 37 Christy
1668 4139 223 34 entertainment,
1905 4141 47 29 the
1974 4151 81 27 songs

1418 4178 55 27 and
1480 4178 129 27 choruses
1618 4178 30 27 in
1653 4177 91 28 which
1752 4186 70 19 were
1828 4177 82 36 fairly
1915 4180 139 28 rendered.

1418 4215 58 28 The
1486 4214 78 38 jokes
1576 4215 55 28 and
1644 4215 186 28 conundrums
1849 4216 82 36 given
1951 4217 37 36 by
2008 4217 47 29 the

1418 4257 54 25 two
1485 4262 96 20 corner
1593 4263 65 20 men
1674 4253 66 37 kept
1760 4253 47 28 the
1827 4253 132 31 audience
1979 4255 60 30 thor-

1417 4292 104 36 oughly
1533 4292 115 29 amused
1661 4292 177 34 throughout,
1852 4293 81 28 while
1943 4303 77 19 some
2028 4295 30 28 of

1418 4330 46 29 the
1476 4330 69 28 local
1558 4330 56 28 hits
1626 4330 70 29 from
1712 4329 43 29 Mr
1766 4330 146 30 Bowden's
1921 4332 53 28 end
1985 4342 68 19 were

1416 4368 106 36 greatly
1540 4368 163 37 applauded.
1739 4368 59 28 The
1818 4370 237 35 accompaniment

1417 4409 28 25 to
1474 4406 48 29 the
1552 4407 108 36 singing
1688 4415 57 19 was
1773 4406 133 37 provided
1936 4407 35 37 by
1997 4408 58 29 Mrs

1417 4444 107 27 Waters
1536 4453 35 18 on
1584 4445 47 26 the
1644 4444 89 36 piano,
1749 4443 55 28 and
1824 4453 57 19 was
1894 4446 161 37 everything

1416 4481 61 29 that
1489 4480 81 30 could
1582 4481 32 29 be
1634 4480 115 30 desired.

1453 4521 47 28 We
1512 4524 100 24 cannot
1624 4520 131 29 conclude
1767 4520 57 28 this
1835 4521 90 28 notice
1938 4522 116 29 without

1414 4557 173 37 mentioning
1598 4558 48 28 the
1659 4556 136 30 attention
1807 4557 55 29 and
1871 4558 130 29 kindness
2010 4568 30 21 ex-

1416 4596 98 28 tended
1527 4596 36 36 by
1584 4596 57 29 Mrs
1661 4595 108 29 Waters
1788 4596 30 28 in
1838 4595 52 31 tha
1904 4602 102 25 matter
2028 4600 27 27 of

1414 4634 144 35 attending
1569 4634 159 34 rehearsals,
1742 4634 112 37 coming
1865 4644 17 20 a
1893 4635 122 31 distance
2025 4637 31 29 of

1415 4672 76 30 three
1503 4673 79 29 miles
1595 4678 28 24 to
1633 4673 54 29 and
1700 4673 69 29 from
1781 4673 80 37 Lyell
1871 4683 67 21 once
1952 4684 16 20 a
1978 4676 76 29 week

1414 4711 42 28 for
1477 4711 61 28 that
1559 4721 125 26 purpose,
1698 4711 54 28 and
1764 4715 36 24 to
1821 4712 45 27 Mr
1886 4712 166 36 Youngman

1414 4748 42 30 for
1467 4749 48 29 the
1527 4758 49 19 use
1588 4749 30 29 of
1632 4748 43 29 his
1688 4748 81 38 piano
1783 4748 54 29 and
1859 4749 138 31 residence
2011 4751 44 29 for

1414 4788 151 27 rehearsals
1578 4796 7 25 ;
1605 4788 55 27 and
1681 4788 62 31 last,
1765 4786 49 29 but
1835 4791 48 24 not
1904 4788 79 34 least,
2008 4789 45 28 Mr

1414 4824 75 30 John
1513 4824 125 34 Fennell,
1651 4823 63 29 who
1734 4824 162 29 underwent
1916 4826 120 29 consider-

1415 4863 59 29 able
1487 4873 115 27 expense
1615 4862 31 29 in
1657 4862 123 36 refitting
1790 4862 42 28 his
1841 4869 74 32 stage
1926 4864 55 28 and
1990 4874 45 27 pro-

1414 4901 94 38 viding
1538 4911 122 26 scenery,
1684 4901 55 29 and
1769 4910 56 19 was
1853 4906 29 24 at
1905 4902 38 29 all
1968 4903 81 29 times

1414 4944 143 25 courteous
1569 4940 55 28 and
1637 4940 120 36 obliging
1769 4939 80 29 when
1871 4942 133 36 appealed
2023 4945 28 26 to

1413 4978 43 29 for
1477 4979 46 28 the
1548 4987 85 27 many
1655 4978 93 36 things
1769 4981 140 26 amateurs
1931 4979 122 37 imagine

1413 5017 67 36 they
1491 5017 106 35 require
1609 5026 35 18 on
1656 5016 76 29 these
1745 5016 148 34 occasions,
1907 5018 54 28 and
1983 5028 68 25 gave

1413 5055 47 28 the
1484 5063 48 19 use
1553 5054 31 29 of
1607 5054 44 29 his
1675 5054 57 28 hall
1755 5054 55 28 and
1833 5054 82 36 piano
1937 5055 117 30 without

1413 5092 108 36 charge.

1447 5131 58 28 The
1518 5130 86 29 entire
1616 5130 129 37 proceeds
1757 5129 31 29 of
1797 5130 46 28 the
1865 5135 110 26 concert
1996 5141 57 20 was

1415 5170 56 29 £24
1495 5167 45 40 18/
1560 5168 56 29 and
1636 5168 48 29 the
1703 5177 131 28 expenses
1854 5170 150 29 amounted
2023 5175 28 24 to

1415 5210 38 27 £3
1474 5207 42 38 6/,*
1525 5207 167 38 leavingjthe
1705 5216 61 19 sum
1787 5207 31 28 of
1836 5208 55 28 £2l
1914 5208 45 38 12/
1971 5213 29 24 to
2019 5209 33 29 be

1415 5245 109 29 handed
1547 5255 64 18 over
1630 5250 29 23 to
1673 5245 46 28 the
1743 5245 67 28 fund
1832 5245 41 28 for
1893 5247 92 28 which
2005 5249 47 27 the

1414 5287 108 26 concert
1536 5292 56 19 was
1601 5283 190 34 inaugurated.

1565 5373 154 27 FERN
1774 5373 167 28 FLAT.

1486 5460 85 36 (from
1583 5468 56 20 our
1651 5467 63 22 own
1726 5461 254 36 correspondent).

1449 5547 105 36 Things
1579 5546 83 30 much
1688 5557 30 19 as
1742 5546 81 30 usual
1847 5546 65 31 here
1926 5557 6 21 :
1951 5548 25 30 A
1999 5548 51 31 few

1415 5587 119 27 familiar
1547 5586 73 27 faces
1632 5587 71 26 have
1716 5595 76 18 come
1805 5586 55 27 and
1877 5596 79 25 gone.

1450 5624 28 30 It
1490 5625 23 28 is
1527 5628 49 25 not
1589 5623 74 30 often
1679 5623 61 30 that
1752 5623 77 30 three
1842 5625 152 36 inspectors
2006 5635 28 20 ex-

1415 5664 106 33 change
1542 5663 163 28 salutations
1725 5664 29 26 in
1776 5663 73 28 Fern
1872 5665 63 27 Flat
1947 5666 29 27 in
1998 5675 52 19 one

1417 5701 62 36 day,
1488 5700 64 34 this,
1560 5701 135 33 however,
1706 5710 56 19 was
1774 5700 44 29 the
1830 5710 60 20 case
1901 5701 53 30 last
1964 5703 84 29 week.

1450 5739 146 29 Constable
1621 5740 122 27 Bowden
1768 5748 55 19 was
1848 5740 57 29 also
1929 5741 121 35 through

1416 5778 47 28 but
1477 5788 28 18 as
1519 5787 40 19 we
1573 5778 69 28 have
1655 5777 83 29 heard
1752 5787 36 19 no
1802 5778 164 37 complaints
1987 5780 62 29 that

1417 5816 89 30 reflect
1520 5816 45 28 the
1578 5816 125 37 slightest
1716 5816 126 28 discredit
1855 5826 36 18 on
1902 5827 31 19 us
1944 5828 39 19 we
1994 5828 53 19 can

2077 209 79 28 claim
2180 213 26 23 lo
2230 209 30 28 bo
2286 210 27 28 in
2336 215 90 31 pretty
2451 213 116 34 straight
2594 213 96 29 circum-

2076 251 114 29 btaiiccs,
2205 249 144 34 especially
2364 250 21 25 if
2397 250 74 27 throe
2486 252 148 34 inspectors
2653 252 53 28 and

2077 294 15 19 a
2106 285 145 28 Constable
2264 286 48 27 fail
2325 290 27 24 to
2364 287 89 28 detect
2462 289 136 34 anything
2608 299 99 27 wrong.

2078 323 34 30 In
2124 323 135 38 objection
2272 328 27 27 to
2314 325 55 30 this
2384 324 44 32 Mr
2442 325 121 33 Bowden
2577 326 76 33 could
2669 339 26 20 re-

2077 365 39 26 fer
2135 368 28 23 to
2176 363 47 28 the
2244 364 124 29 business
2382 365 88 29 which
2493 369 87 27 called
2603 369 58 27 him
2683 373 26 23 to

2079 402 72 28 Eern
2176 402 68 27 Flat.
2281 402 87 29 There
2389 403 33 33 is,
2436 403 134 37 however,
2584 416 36 19 no
2634 406 79 38 proof

2077 450 30 18 as
2119 444 47 31 yet
2178 440 61 28 that
2251 441 47 27 the
2310 441 213 37 disappearance
2535 445 31 27 of
2575 446 46 27 the
2642 454 63 19 man

2079 477 132 29 Smithers
2225 487 55 19 was
2294 483 49 24 not
2354 480 96 37 purely
2459 482 160 30 accidental.
2657 483 54 28 His

2078 516 210 38 disappearance
2301 528 88 20 seems
2402 520 122 36 peculiar
2537 522 27 29 in
2577 533 31 18 as
2625 523 84 28 much

2078 565 30 18 as
2120 556 22 27 it
2154 556 23 27 is
2199 555 115 29 difficult
2339 562 28 22 to
2380 558 87 33 digest
2479 560 47 27 the
2545 562 164 34 probability

2079 592 30 29 of
2123 602 15 18 a
2152 601 65 20 man
2239 594 148 36 venturing
2407 598 29 26 to
2450 597 78 28 swim
2549 598 45 29 the
2616 598 96 30 Buller

2080 630 86 29 under
2177 631 129 38 ordinary
2316 639 219 25 circumstances.
2572 637 29 29 If
2611 638 20 28 it
2641 647 70 19 were

2079 680 16 19 a
2109 675 100 24 matter
2221 671 30 28 of
2262 681 64 28 very
2339 677 77 30 great
2427 673 170 38 importance
2612 677 57 36 (life
2681 686 30 19 or

2079 708 92 34 death,
2184 718 32 19 or
2234 710 47 27 the
2302 711 88 28 honor
2403 712 30 27 of
2449 713 96 37 saving
2563 715 47 28 life
2623 721 29 22 at
2665 715 45 28 the

2079 756 116 27 expense
2213 747 31 28 of
2262 748 151 38 sacrificing
2425 750 56 38 life)
2504 761 40 19 we
2564 762 66 28 may
2650 752 62 30 look

2080 795 73 28 upon
2164 786 22 28 it
2197 795 31 19 as
2241 796 16 20 a
2270 787 68 29 deed
2359 790 108 36 worthy
2488 791 31 28 of
2535 791 175 31 admiration.

2079 824 59 26 The
2150 824 65 35 only
2232 826 78 27 other
2328 835 96 19 reason
2446 828 16 26 I
2483 837 51 19 can
2556 830 104 27 adduce
2682 839 30 18 as

2081 860 80 36 being
2183 862 110 29 feasible
2319 872 56 20 was
2530 866 31 29 of
2587 867 47 29 the
2656 867 55 29 free

2081 899 151 36 possession
2256 901 32 28 of
2314 901 47 28 the
2390 903 130 36 ordinary
2543 906 169 27 intellectual

2081 945 104 28 powers
2204 937 31 28 of
2252 937 106 30 human
2549 941 28 30 It
2594 943 24 28 is
2630 947 28 25 to
2681 943 31 29 be

2081 975 88 37 hoped
2182 976 61 29 that
2255 976 88 31 either
2355 977 46 30 the
2419 989 93 27 corpse
2525 990 31 19 or
2568 981 46 30 the
2627 982 86 35 living

2081 1023 65 18 man
2161 1023 64 26 may
2237 1014 33 28 be
2284 1014 85 30 found
2382 1026 29 19 so
2434 1027 30 18 as
2476 1022 28 24 to
2517 1019 60 35 give
2590 1020 107 28 satisfac-

2079 1056 63 33 tory
2156 1052 128 30 evidence
2298 1054 164 38 concerning
2474 1056 47 29 the
2538 1056 87 31 affair.

2114 1092 24 26 A
2159 1091 49 29 hat
2229 1101 56 19 was
2305 1093 86 29 found
2413 1104 37 19 on
2472 1096 114 36 Sunday
2606 1108 37 17 on
2664 1098 47 28 the

2079 1129 93 27 Buller
2184 1129 85 28 beach
2290 1132 123 35 opposite
2435 1133 116 27 Smith's
2565 1134 81 33 hotel,
2661 1136 50 28 but

2078 1167 22 29 it
2112 1167 23 28 is
2152 1166 102 31 known
2275 1171 49 27 not
2345 1172 27 26 to
2384 1169 33 30 be
2437 1171 49 29 the
2507 1171 49 31 hat
2578 1172 135 31 Smithers

2079 1215 71 19 wore
2161 1214 7 19 :
2189 1207 40 26 Its
2241 1216 128 27 presence
2382 1209 29 27 in
2421 1209 46 28 the
2479 1211 80 31 river,
2570 1211 135 33 however,

2079 1252 65 28 may
2156 1249 48 31 yet
2216 1244 33 29 be
2268 1244 87 30 called
2377 1246 59 29 into
2457 1248 134 36 question,
2606 1249 50 29 but
2677 1249 36 29 let

2079 1291 31 20 us
2127 1282 70 36 hope
2211 1282 60 30 that
2282 1284 23 27 it
2317 1284 93 36 parted
2432 1295 138 28 company
2592 1287 66 30 with
2677 1288 36 29 its

2079 1330 92 19 owner
2182 1330 37 19 on
2231 1321 71 35 good
2314 1326 83 24 terms
2413 1324 54 27 and
2480 1325 60 27 that
2560 1325 46 29 the
2620 1334 92 20 owner

2078 1359 136 37 preferred
2227 1359 88 38 losing
2328 1360 42 30 his
2383 1362 49 29 hat
2444 1367 28 24 to
2486 1362 104 39 risking
2603 1364 43 29 his
2666 1364 46 29 life

2078 1407 30 18 in
2119 1398 36 27 its
2166 1407 138 26 recovery.

2114 1435 45 28 Mr
2172 1435 132 36 Hodgson
2324 1437 145 28 examined
2491 1438 47 29 the
2557 1439 73 29 Fern
2651 1440 63 29 Flat

2080 1474 98 28 School
2197 1484 35 17 on
2255 1474 101 37 Friday
2376 1476 49 28 Bth
2448 1477 123 33 October,
2586 1478 55 28 and
2651 1488 44 27 pro-

2079 1511 99 29 ceeded
2192 1516 28 23 to
2232 1512 150 37 Hampden
2394 1514 28 27 in
2437 1514 47 29 the
2496 1517 117 35 eyening
2627 1521 28 24 to
2668 1525 29 20 ex-

2079 1550 91 29 amine
2183 1550 61 29 that
2255 1550 94 30 school
2362 1560 35 20 on
2411 1552 146 38 Saturday.

2115 1588 44 29 Mr
2172 1588 114 35 Pocock,
2299 1589 48 29 the
2360 1590 150 31 Insurance
2523 1592 123 33 lecturer,
2665 1593 47 29 did

2079 1627 88 29 arrive
2178 1628 29 27 in
2220 1626 47 30 the
2279 1628 83 29 coach
2383 1639 37 19 on
2434 1630 137 37 Saturday
2593 1641 30 18 as
2644 1641 70 27 your

2079 1665 54 28 last
2144 1665 100 28 week's
2266 1666 73 28 issue
2361 1668 88 28 stated
2470 1668 50 29 but
2534 1679 40 19 we
2596 1669 47 29 did
2665 1674 49 24 not

2079 1703 135 28 luxuriate
2232 1702 29 29 in
2280 1703 44 29 his
2346 1705 137 29 elocution
2503 1714 36 20 on
2561 1706 151 30 Insurance

2079 1740 125 29 benefits.
2250 1741 121 38 Perhaps
2392 1743 35 29 he
2449 1745 84 28 heard
2554 1745 30 28 of
2608 1755 16 19 a
2648 1755 66 19 man

2081 1780 92 35 trying
2196 1783 29 24 to
2246 1781 78 27 swim
2347 1781 47 28 the
2418 1782 94 29 Buller
2531 1783 56 28 and
2609 1782 106 37 failing,

2081 1817 118 36 thought
2222 1816 22 30 it
2270 1818 66 33 best,
2355 1819 28 28 in
2409 1819 48 30 the
2480 1821 115 30 interest
2618 1821 31 28 of
2670 1822 41 27 his

2080 1856 112 36 society,
2204 1859 49 25 not
2272 1861 28 24 to
2322 1858 107 28 remain
2452 1867 31 20 as
2505 1858 35 29 he
2560 1859 91 35 might
2669 1863 46 33 get

2081 1902 75 20 some
2416 1896 46 29 He
2488 1896 69 30 need
2578 1901 48 26 not
2648 1898 66 33 fear,

2081 1932 134 32 however,
2229 1941 30 20 as
2271 1933 77 29 there
2361 1934 91 29 would
2469 1934 33 30 be
2522 1936 70 29 little
2612 1936 104 37 danger

2080 1969 31 28 of
2120 1978 32 19 us
2164 1969 158 37 swimming
2333 1971 47 29 the
2390 1972 96 28 Buller
2497 1973 73 28 river
2578 1973 68 29 with
2661 1978 53 24 two

2080 2016 31 21 or
2135 2007 77 30 three
2236 2008 137 32 thousand
2397 2010 108 38 pounds
2528 2011 31 30 of
2584 2012 129 30 Pocock's

2080 2047 152 28 Insurance
2244 2057 101 28 money
2357 2059 36 18 on
2405 2060 50 17 our
2465 2050 93 34 backs,
2571 2051 55 28 and
2646 2062 67 18 even

2079 2084 24 28 if
2112 2093 41 19 we
2166 2084 46 28 did
2225 2085 46 28 the
2292 2086 60 29 first
2373 2088 151 36 premiums
2542 2089 90 28 would
2644 2089 34 29 be
2699 2100 17 19 a

2078 2122 62 29 nice
2154 2122 68 30 little
2234 2123 89 30 bonus
2335 2128 29 26 to
2377 2126 76 29 swell
2469 2126 47 29 the
2528 2126 123 40 banking
2671 2138 29 19 ac-

2080 2166 83 24 count
2175 2162 31 29 of
2215 2162 47 29 the
2274 2164 112 36 society.

2200 2251 240 30 MATAKITAKI
2459 2254 131 29 NOTES.

2142 2361 85 38 (from
2244 2369 58 21 oue
2318 2369 64 22 own
2399 2366 255 36 correspondent.)

2222 2414 181 34 Murchison,
2417 2416 118 29 October
2547 2418 101 33 10,188
2648 2418 31 29 G.

2112 2467 17 15 *'
2141 2466 51 29 Let
2210 2475 33 21 us
2266 2465 58 30 talk
2345 2466 84 30 about
2448 2467 49 30 the
2684 2481 31 20 as

2077 2505 84 28 about
2180 2507 23 25 it
2213 2505 50 28 but
2274 2507 36 26 its
2327 2505 117 30 internal
2457 2507 116 29 badness
2584 2517 7 24 ;
2610 2509 106 29 shower

2077 2551 74 29 upon
2164 2542 115 34 shower,
2292 2543 54 28 and
2361 2552 71 20 none
2457 2543 30 29 of
2506 2543 62 31 that
2592 2545 124 40 bursting

2077 2581 66 37 they
2156 2590 49 28 say
2216 2581 30 29 in
2265 2581 47 30 the
2333 2581 106 30 Pirates
2452 2582 31 29 of
2501 2583 152 35 Penzance,
2666 2585 48 30 but

2079 2620 76 28 there
2167 2621 24 27 is
2211 2620 117 34 nothing
2349 2621 179 36 particularly
2545 2623 170 30 remarkable

2077 2657 102 36 beauty
2190 2656 31 31 of
2229 2657 95 38 spring
2336 2667 30 20 so
2385 2658 84 30 much
2490 2660 121 30 vomited
2632 2671 16 20 a
2660 2662 52 29 few

2078 2697 68 36 days
2158 2706 51 25 ago
2231 2698 81 27 when
2324 2706 40 19 we
2377 2698 86 36 really
2475 2698 48 28 did
2546 2699 71 30 have
2638 2710 76 19 some

2078 2735 51 31 few
2159 2735 56 30 real
2239 2736 94 39 spring
2359 2735 77 39 days,
2460 2737 137 39 tempting
2622 2749 16 20 a
2662 2739 50 31 few

2077 2775 106 27 flowers
2196 2780 28 22 to
2237 2785 79 17 come
2328 2776 59 26 into
2399 2776 92 28 bloom
2504 2777 55 27 and
2572 2780 67 35 they
2651 2789 61 19 now

2078 2811 64 30 look
2162 2820 30 19 as
2204 2811 25 28 if
2238 2812 65 36 they
2316 2812 112 37 bitterly
2438 2817 95 32 repent
2545 2813 32 29 it.

2112 2851 59 28 The
2183 2850 67 29 road
2261 2851 24 28 is
2308 2851 175 37 progressing
2501 2862 30 19 as
2552 2852 162 41 favourably

2079 2899 30 21 as
2121 2898 51 21 can
2185 2889 35 29 he
2232 2890 141 38 expected,
2385 2890 56 29 and
2453 2891 31 29 of
2492 2900 94 22 course
2599 2893 23 29 is
2634 2894 30 28 in
2676 2903 35 20 an

2069 2929 94 29 lawful
2183 2931 71 26 state
2276 2929 32 28 of
2326 2929 76 28 slush
2423 2929 91 29 where
2531 2931 22 27 it
2573 2931 51 29 has
2643 2932 69 29 been

2078 2965 115 33 formed,
2207 2974 30 19 as
2253 2966 144 35 metalling
2416 2966 58 28 will
2492 2969 50 26 not
2562 2977 34 24 go
2615 2978 36 19 on
2670 2969 42 28 for

2079 3013 75 19 some
2166 3004 77 34 time,
2256 3003 56 33 and
2323 3003 24 30 if
2356 3013 40 21 we
2410 3004 69 30 have
2493 3004 82 31 much
2589 3015 76 22 more
2684 3007 29 30 of

2081 3043 54 27 this
2147 3043 124 31 agreable
2284 3043 120 27 weather
2415 3043 15 27 I
2452 3054 45 17 am
2511 3044 88 28 afraid
2611 3046 62 28 that
2690 3047 23 27 it

2079 3079 56 28 will
2147 3084 48 23 not
2207 3079 33 27 be
2252 3079 118 28 finished
2380 3080 93 28 hefore
2486 3081 163 28 Christmas.

2112 3116 61 31 The
2190 3116 145 40 Inspector
2355 3117 31 30 of
2404 3117 108 32 schools
2532 3119 65 38 paid
2617 3130 34 22 us
2670 3121 45 31 his

2079 3157 103 27 annnal
2208 3157 64 27 visit
2296 3166 35 19 on
2357 3157 137 33 Saturday
2513 3158 61 33 last,
2587 3159 55 28 and
2664 3170 29 19 ex-

2079 3194 110 38 pressed
2201 3193 114 30 himself
2324 3204 30 19 as
2367 3204 66 29 very
2445 3195 111 38 pleased
2577 3197 68 30 with
2667 3198 47 31 the

2079 3234 85 28 result
2176 3233 30 28 of
2216 3233 43 29 his
2269 3234 194 34 examination,
2477 3235 66 35 only
2560 3236 54 28 five
2626 3240 49 25 out
2686 3237 31 29 of

2080 3271 46 30 the
2138 3274 54 26 two
2212 3271 108 29 schools
2342 3271 97 39 failing
2460 3276 28 26 to
2507 3273 94 29 obtain
2622 3284 92 28 passes

2079 3310 89 30 which
2180 3310 24 30 is
2218 3320 66 27 very
2305 3310 146 31 creditable
2471 3311 174 39 considering
2666 3315 46 29 the

2080 3348 154 29 difficulties
2253 3349 92 28 which
2369 3359 77 18 some
2470 3350 32 27 of
2521 3350 48 28 the
2591 3352 121 28 scholars

2079 3385 70 31 have
2161 3389 29 27 to
2202 3395 143 21 overcome
2357 3390 29 26 to
2399 3387 113 35 attend;
2530 3387 50 31 but
2596 3388 22 30 it
2630 3389 24 29 is
2665 3394 50 26 not

2080 3425 103 37 always
2204 3425 79 30 those
2295 3426 62 29 who
2376 3436 46 19 are
2441 3427 115 29 farthest
2577 3428 71 29 from
2667 3430 47 28 the

2079 3464 94 27 school
2185 3464 61 28 who
2259 3473 45 19 are
2317 3464 46 28 the
2376 3469 74 24 most
2460 3464 134 37 irregular
2602 3467 29 28 in
2643 3467 71 29 their

2080 3502 171 29 attendance.

2114 3540 57 32 Our
2192 3541 137 36 energetic
2349 3540 156 30 Councillor
2526 3541 51 30 has
2601 3544 113 29 secured

2081 3578 116 30 another
2217 3579 81 29 small
2323 3578 80 31 share
2426 3580 31 29 of
2472 3580 47 30 the
2542 3580 93 32 loaves
2659 3582 55 30 and

2080 3617 84 28 fishes
2185 3617 79 29 doled
2287 3621 49 25 out
2354 3618 36 35 by
2414 3618 47 28 the
2485 3619 24 28 I.
2531 3619 31 28 C.
2576 3621 30 27 C.
2620 3622 28 26 in
2666 3621 48 28 the

2081 3655 70 29 form
2164 3655 32 28 of
2204 3664 16 19 a
2232 3657 80 35 grant
2328 3654 43 30 for
2381 3655 122 36 forming
2514 3665 17 20 a
2543 3657 81 29 horse
2636 3658 76 29 track

2081 3693 72 30 from
2164 3693 48 30 the
2225 3694 120 37 Glenroy
2361 3697 29 26 to
2412 3693 46 31 the
2479 3695 91 30 Horse
2590 3697 124 34 Terrace,

2084 3732 89 29 which
2196 3732 57 29 will
2274 3742 83 28 prove
2381 3742 17 19 a
2420 3737 76 32 great
2519 3734 73 29 boon
2615 3738 29 26 to
2667 3736 47 28 the

2082 3771 102 28 miners
2197 3771 75 28 there
2284 3771 54 28 and
2357 3770 159 31 therabouts
2534 3773 63 30 who
2617 3775 95 36 nearly

2082 3809 36 28 all
2130 3809 72 30 have
2215 3812 161 32 permanent
2397 3810 105 28 claims.

2116 3846 15 30 I
2141 3851 95 34 expect
2249 3847 60 30 that
2321 3851 23 26 it
2356 3848 22 28 is
2387 3851 47 26 too
2450 3848 54 30 late
2518 3851 27 27 to
2557 3858 50 30 say
2626 3850 85 29 much

2081 3886 66 28 with
2160 3886 137 29 reference
2314 3890 28 24 to
2363 3886 48 29 the
2433 3886 56 29 ball
2510 3888 90 28 which
2621 3898 57 19 was
2699 3899 16 19 a

2081 3926 76 33 great
2169 3931 123 27 success;
2311 3923 49 28 the
2372 3923 114 37 spirited
2498 3925 113 36 playing
2622 3926 32 29 of
2672 3926 44 28 Mr

2082 3960 87 36 Inglis
2190 3961 116 29 assisted
2331 3961 37 37 by
2389 3970 51 21 our
2462 3962 46 29 old
2531 3963 184 30 friend.Auld

2082 3999 91 29 Willie
2200 3999 93 29 whom
2317 3999 23 29 it
2363 3999 92 30 would
2478 4000 33 29 be
2535 4001 124 30 needless
2687 4006 29 26 to

2082 4038 97 36 praise,
2192 4038 82 36 being
2285 4038 107 37 greatly
2403 4039 182 37 appreciated.

2115 4076 25 28 A
2152 4076 115 36 petition
2279 4078 24 27 is
2315 4077 81 35 being
2408 4077 102 36 largely
2522 4078 95 34 signed
2627 4082 28 25 to
2669 4083 45 32 get

2081 4123 51 19 our
2145 4114 67 28 Mail
2224 4116 103 28 service
2340 4114 71 30 from
2423 4114 141 37 Longford
2575 4117 141 29 increased

2081 4152 71 29 from
2165 4161 17 19 a
2194 4153 145 36 bi-weekly
2356 4159 28 23 to
2396 4163 17 19 a
2425 4154 163 35 tn-weekly,
2601 4164 31 19 so
2654 4156 62 28 that

2081 4199 40 19 we
2149 4199 66 27 may
2234 4193 45 33 get
2308 4199 76 20 more
2409 4191 79 36 rapid
2511 4191 55 29 and
2590 4192 126 37 frequent

2081 4227 251 30 communnication
2361 4228 66 29 with
2453 4228 47 29 the
2530 4233 54 25 rest
2614 4231 31 28 of
2664 4231 47 29 the

2082 4266 92 34 world,
2187 4267 56 28 and
2255 4271 48 25 not
2317 4267 106 28 remain
2437 4267 47 29 the
2504 4267 128 30 secluded
2653 4272 61 34 spot

2081 4313 40 19 we
2134 4314 45 18 are
2191 4313 64 20 now
2267 4306 42 27 for
2320 4314 72 25 ever,
2406 4305 54 28 and
2473 4306 15 27 I
2501 4306 72 36 hope
2585 4306 61 30 that
2657 4316 55 27 you

2082 4342 54 28 will
2147 4342 62 37 give
2221 4352 32 20 us
2265 4343 38 29 all
2315 4344 48 28 the
2375 4344 149 29 assistance
2535 4354 56 26 you
2611 4354 52 20 can
2683 4346 30 28 in

2081 4380 46 28 the
2140 4380 125 29 columns
2277 4382 31 28 of
2316 4391 71 26 your
2398 4382 127 29 valuable
2535 4391 91 28 paper.

2117 4419 49 28 We
2178 4426 75 22 seem
2265 4423 29 25 to
2314 4419 71 29 have
2397 4423 30 25 at
2443 4420 54 29 last
2517 4421 129 37 accepted
2667 4421 47 29 the

2079 4456 156 32 inevitable,
2258 4457 55 28 and
2335 4460 43 25 sat
2398 4457 81 28 down
2496 4459 177 36 contentedly
2686 4464 28 23 to

2080 4493 101 30 endure
2194 4494 46 30 the
2253 4494 172 31 abominable
2438 4497 167 36 approaches
2619 4501 29 26 to
2664 4507 52 20 our

2081 4532 92 36 bridge
2185 4541 7 26 ;
2211 4542 36 19 on
2256 4534 57 27 this
2324 4534 58 27 side
2404 4534 47 28 the
2473 4535 197 28 foot-traveller
2690 4537 24 27 is

2080 4569 107 36 obliged
2211 4573 29 27 to
2263 4570 78 30 wade
2364 4571 43 29 for
2436 4571 84 30 about
2550 4573 51 30 200
2630 4573 83 37 yards

2080 4608 119 37 through
2212 4618 17 19 a
2241 4610 142 36 quagmire
2396 4619 36 28 up
2454 4614 28 25 to
2495 4611 43 28 his
2551 4612 112 33 middle,
2680 4612 34 29 he

2080 4646 67 29 then
2159 4647 124 29 wanders
2295 4650 29 26 at
2335 4648 75 35 large
2431 4648 119 36 through
2570 4660 76 19 some
2668 4650 45 29 old

2080 4685 136 35 workings
2239 4696 158 25 overgrown
2422 4687 68 29 with
2514 4688 116 37 lawyers
2658 4689 56 29 and

2080 4723 79 28 scrub
2172 4723 55 28 and
2245 4725 24 27 if
2286 4725 137 28 fortunate
2445 4725 73 28 finds
2539 4726 46 28 the
2610 4727 102 35 bridge,

2080 4761 54 28 and
2146 4761 123 36 crossing
2280 4765 28 26 to
2322 4762 46 29 the
2380 4763 79 28 other
2470 4763 58 29 side
2540 4764 35 29 he
2587 4765 74 29 finds
2669 4765 43 28 his

2079 4808 62 26 way
2152 4800 77 27 leads
2241 4801 36 34 by
2289 4810 17 17 a
2319 4800 96 28 blazed
2430 4801 78 27 track
2527 4803 119 35 through
2666 4803 48 27 the

2079 4835 69 29 bush
2161 4840 42 25 tor
2214 4836 62 30 half
2284 4847 17 19 a
2314 4838 64 28 mile
2390 4838 56 29 and
2458 4838 66 29 then
2537 4848 65 21 over
2611 4850 16 19 a
2635 4840 62 37 path-

2078 4874 54 29 less
2143 4874 73 30 river
2227 4875 52 30 bed
2296 4876 43 28 for
2359 4876 115 29 another
2494 4878 75 32 mile,
2582 4878 52 33 till,
2648 4879 66 28 with

2079 4913 203 38 thanksgiving,
2299 4914 36 29 he
2356 4914 72 29 finds
2449 4914 114 31 himself
2582 4926 36 20 on
2638 4918 77 28 terra

2073 4952 97 36 ftrma.
2206 4953 28 28 It
2245 4954 24 27 is
2282 4953 133 36 certainly
2428 4954 84 28 much
2527 4954 103 30 firmer.

2491 4991 77 34 Quid
2587 4993 92 29 Nunc.

2198 5078 193 32 REEFTON
2419 5078 175 32 LETTER.

2150 5165 83 36 (from
2245 5172 57 21 our
2313 5172 62 21 own
2389 5165 252 36 correspondent.)

2291 5264 192 33 Wednesday,
2502 5264 116 30 October
2636 5266 41 28 13.

2112 5315 59 30 The
2184 5315 86 30 Globe
2287 5316 56 29 still
2362 5315 144 29 continues
2526 5319 30 25 to
2578 5325 107 29 occupy
2697 5325 16 20 a

2077 5355 75 35 large
2161 5373 10 5 -
2182 5355 79 29 share
2284 5355 32 28 of
2341 5354 92 37 public
2455 5355 146 28 attention.
2654 5355 58 28 The

2079 5393 108 35 locality
2201 5393 80 34 being
2292 5402 66 25 easy
2371 5393 30 27 of
2411 5402 100 23 access,
2525 5392 52 27 and
2589 5393 48 27 but
2650 5393 59 28 four

2077 5432 80 28 miles
2169 5431 70 29 from
2261 5430 126 34 Reeftoti,
2401 5430 129 29 numbers
2551 5431 31 28 of
2600 5432 108 28 visitors

2077 5470 58 28 fiud
2147 5470 71 29 their
2231 5479 62 27 way
2307 5470 76 28 there
2396 5469 83 36 daily,
2493 5469 54 29 and
2560 5470 36 28 all
2617 5475 94 23 return

2077 5509 65 29 with
2156 5508 47 30 the
2211 5518 75 19 same
2297 5508 64 34 tale,
2372 5508 46 29 the
2431 5507 158 30 undoubted
2603 5508 106 38 quality

2076 5548 55 30 and
2140 5548 152 38 seemingly
2305 5546 166 32 unbounded
2481 5547 106 39 quality
2598 5548 30 30 of
2638 5548 69 38 good

2076 5592 87 23 stone.
2199 5588 58 26 The
2269 5588 57 26 reef
2338 5587 50 27 has
2399 5586 70 28 been
2483 5587 92 27 traced
2587 5597 63 17 now
2672 5597 33 17 ou

2076 5625 47 30 the
2135 5624 104 30 surface
2248 5625 42 29 for
2297 5633 64 21 over
2372 5625 67 28 1090
2448 5623 71 35 feet;
2538 5624 46 30 the
2596 5625 111 29 method

2076 5666 31 27 of
2117 5666 104 30 tracing
2232 5665 23 28 it
2274 5664 79 35 being
2371 5664 47 28 the
2438 5673 47 18 use
2497 5660 31 31 of
2544 5673 16 18 a
2573 5665 65 27 steel
2660 5665 49 26 rod

2076 5701 154 38 sharpened
2243 5706 29 25 at
2284 5701 46 29 the
2344 5711 78 28 point
2434 5701 54 29 and
2511 5701 95 30 driven
2628 5701 81 29 down

2077 5741 117 33 through
2208 5741 47 28 the
2267 5750 74 18 moss
2354 5740 55 28 and
2419 5745 82 24 roots.
2538 5741 37 28 As
2589 5741 45 28 the
2650 5741 60 27 Hill

2075 5780 23 28 is
2110 5779 100 28 almost
2221 5779 98 37 totally
2329 5778 97 29 devoid
2439 5778 32 29 of
2478 5778 59 33 soil,
2548 5779 48 28 but
2604 5778 104 36 thickly

2076 5818 114 29 covered
2210 5817 66 29 with
2299 5825 74 20 moss
2394 5816 55 30 and
2471 5818 107 32 timber,
2593 5819 46 27 the
2658 5818 51 28 rod

2740 214 97 29 strikes
2851 215 116 36 through
2983 220 27 26 to
3023 217 47 28 the
3089 217 64 28 rock
3175 217 54 28 and
3243 217 45 28 the
3309 225 61 23 ring

2741 254 24 25 oi
2782 252 44 28 the
2841 255 81 27 metal
2944 255 79 28 when
3047 259 95 32 quartz
3163 257 23 26 is
3206 254 117 29 touched
3347 254 23 27 is

2737 290 84 35 easily
2835 290 235 37 distinguishable.
3119 294 33 27 In
3173 302 92 22 many
3279 292 91 37 places

2737 328 82 39 along
2840 329 46 31 the
2906 331 55 30 line
2985 332 127 31 trenches
3135 332 71 30 have
3233 330 67 31 been
3324 335 47 26 cut

2736 378 91 18 across
2841 370 47 28 the
2909 377 78 22 stoae
3008 382 35 18 an
3053 373 10 27 1
3092 372 114 36 payable
3232 376 138 32 prospects

2736 407 136 34 obtained,
2899 407 50 31 but
2975 409 47 30 the
3051 413 61 34 spot
3141 410 91 28 where
3262 413 109 34 present

2736 446 155 35 operations
2920 457 46 19 are
2996 449 125 27 confined
3145 448 50 28 has
3225 455 49 21 not
3302 447 68 28 been

2736 483 124 37 equalled
2872 483 43 31 for
2926 485 47 30 the
2984 486 77 29 show
3072 487 31 29 of
3115 485 75 38 gold.
3235 485 58 30 The
3316 485 59 29 reef

2737 532 22 19 is
2778 523 122 39 running
2911 534 52 21 nea
2964 534 13 13 p
2979 525 28 37 ly
3027 530 59 25 east
3106 526 56 29 and
3183 528 68 27 west
3272 524 55 31 and
3348 527 24 27 is

2738 562 33 26 10
2782 561 55 28 feet
2847 562 29 27 in
2889 563 84 28 width
2990 564 88 27 where
3089 564 46 28 the
3149 567 78 24 stone
3244 565 25 26 is
3290 563 81 37 being

2736 597 103 30 broken
2852 598 42 30 for
2905 600 47 29 the
2964 601 130 29 intended
3107 602 138 34 crushing.
3283 601 26 28 It
3322 603 49 27 has

2737 636 65 30 been
2817 637 113 31 decided
2943 649 61 19 now
3019 645 28 24 to
3060 640 81 29 make
3156 651 16 18 a
3194 640 62 29 trial
3277 642 78 27 crush-

2737 676 47 36 ing
2800 676 31 30 of
2847 677 83 31 about
2951 680 51 28 100
3022 683 73 30 tons,
3109 680 107 28 instead
3240 680 31 29 of
3288 682 34 27 50
3343 690 29 18 as

2738 715 59 27 first
2816 717 118 27 mooted.
2979 718 66 28 Two
3068 718 96 35 trollys
3182 727 46 19 are
3247 725 29 21 at
3298 718 74 28 work

2738 751 96 38 takiug
2846 753 46 29 the
2903 758 77 26 stone
2990 760 28 24 to
3028 755 46 29 the
3084 756 137 37 receiving
3230 756 141 38 paddock;

2739 791 121 30 between
2873 793 76 29 them
2963 794 66 37 they
3039 804 106 27 convey
3161 795 85 29 about
3265 796 34 28 10
3311 801 62 23 tons

2738 829 84 35 daily,
2839 840 30 18 so
2888 831 22 27 if
2929 833 47 26 the
2997 833 119 27 weather
3140 833 78 28 holds
3243 833 55 28 fi:ie
3323 835 46 26 the

2739 867 129 36 crushing
2879 868 98 29 should
2990 869 32 29 be
3035 869 150 30 concluded
3198 869 36 39 by
3247 871 47 28 the
3317 869 55 30 end

2740 905 29 27 of
2779 905 45 27 the
2839 913 108 28 present
2966 908 108 27 month.
3112 908 99 28 Shares
3232 918 45 19 are
3298 915 29 22 at
3346 908 28 36 5/

2740 942 52 28 and
2806 948 48 22 not
2865 942 85 39 easily
2966 944 169 38 procurable.

2773 981 58 29 The
2853 988 167 24 contractors
3041 984 29 28 in
3083 984 48 28 the
3153 984 46 29 Nil
3219 985 135 38 Desperan-

2739 1018 66 29 dum
2831 1019 69 29 have
2924 1021 118 29 finished
3060 1023 72 27 their
3151 1024 109 35 portion
3279 1024 31 27 of
3328 1024 46 27 the

2741 1057 72 30 main
2832 1058 82 36 shaft,
2928 1059 53 30 and
3003 1059 109 30 tenders
3133 1071 46 19 are
3199 1070 63 21 now
3283 1072 14 20 c
3305 1062 64 29 died

2739 1098 42 27 for
2792 1099 106 33 cutting
2907 1099 80 28 down
3000 1109 85 27 upper
3102 1102 122 34 portions
3244 1101 31 28 of
3291 1101 80 31 sh:ift,

2740 1134 53 28 and
2807 1135 109 35 sinking
2927 1136 61 27 well
3002 1137 32 28 17
3046 1138 62 27 feet.

2773 1173 37 29 At
2834 1172 46 30 the
2900 1174 158 38 luglewood
3079 1175 47 30 the
3148 1179 167 27 contractors
3335 1176 32 29 fol-

2740 1210 51 28 low
2799 1211 69 28 level
2888 1214 97 26 tunnel
3005 1214 108 34 finding
3133 1214 47 28 the
3201 1216 108 34 ground
3331 1221 45 22 too

2741 1248 70 37 tight
2833 1249 43 28 for
2899 1249 72 29 their
2996 1259 100 28 money
3121 1252 70 28 have
3214 1252 162 29 abandoned

2740 1287 72 28 their
2823 1292 124 25 contract
2957 1289 70 28 after
3047 1289 108 36 driving
3167 1300 65 19 over
3251 1292 52 27 300
3324 1294 54 25 teet

2740 1325 117 35 leaving,
2888 1336 31 19 as
2947 1326 99 35 forfeit,
3077 1329 75 28 i>loo
3186 1338 50 27 per
3264 1332 113 32 centige

2740 1373 100 27 money
2863 1364 30 29 in
2917 1365 47 29 the
2989 1365 89 29 hands
3102 1367 30 28 of
3153 1367 47 28 the
3229 1378 146 27 company.

2740 1402 120 27 Tenders
2872 1402 42 28 for
2922 1404 162 36 continuing
3092 1405 47 27 the
3149 1407 97 26 tunnel
3260 1416 45 17 are
3315 1416 61 17 now

2740 1439 86 29 called
2839 1439 49 29 for.

2773 1478 163 36 Operations
2959 1479 70 29 have
3053 1479 68 30 been
3145 1480 103 30 started
3273 1482 30 28 in
3330 1482 47 28 the

2742 1515 87 36 Royal
2841 1515 60 30 Oak
2912 1517 90 29 which
3016 1517 49 29 lies
3076 1518 80 29 south
3170 1519 31 28 of
3210 1519 46 29 the
3274 1520 103 34 Venus,

2741 1553 46 29 the
2799 1562 100 29 suryey
2911 1555 125 38 showing
3042 1556 61 29 that
3114 1557 66 29 both
3194 1557 46 30 the
3262 1565 116 23 western

2740 1591 55 30 aid
2808 1597 106 26 eastern
2927 1593 70 30 lines
3006 1594 31 29 of
3056 1598 58 26 reel
3124 1605 63 28 pass
3199 1597 119 37 through
3331 1598 47 28 the

2740 1630 115 36 ground.
2892 1633 25 27 A
2927 1632 97 29 tunnel
3048 1637 28 25 to
3086 1640 46 23 cut
3141 1634 46 28 the
3197 1640 106 23 eastern
3312 1636 66 33 line,

2740 1670 48 28 the
2799 1678 53 19 one
2864 1669 48 30 the
2931 1671 97 28 Venus
3039 1671 24 28 is
3084 1672 129 36 crushing
3234 1674 81 32 from,
3329 1675 49 26 has

2740 1706 69 28 been
2821 1708 111 31 started,
2944 1708 50 28 but
3011 1717 32 19 as
3054 1708 46 29 the
3112 1710 107 35 ground
3231 1710 24 28 is
3265 1711 112 28 covered

2740 1745 66 28 with
2820 1754 17 19 a
2850 1745 53 37 slip
2926 1746 36 28 its
2978 1745 143 40 discoyery
3130 1757 66 28 may
3216 1749 65 29 take
3302 1759 76 19 some

2742 1784 76 27 time.

2776 1822 23 27 A
2813 1822 52 29 few
2879 1821 68 38 days
2957 1822 70 30 after
3037 1823 49 29 the
3094 1823 116 37 landing
3221 1825 31 29 of
3261 1826 46 28 the
3318 1835 61 19 new

2743 1868 64 28 rope
2825 1859 43 29 for
2886 1861 48 29 the
2956 1861 95 29 Venus
3073 1862 48 29 the
3145 1864 75 27 crial
3244 1864 56 28 hue
3324 1874 56 18 was

2741 1899 80 36 again
2834 1898 29 29 in
2875 1899 114 33 motion,
3004 1899 47 30 the
3063 1900 77 29 work
3159 1901 30 28 of
3199 1901 123 37 hauging
3343 1912 35 19 on

2743 1937 45 28 the
2808 1937 111 29 buckets
2937 1939 55 27 and
3013 1937 116 37 splicing
3148 1939 47 29 the
3215 1948 64 28 rope
3300 1941 81 35 being

2741 1983 68 20 soon
2828 1975 213 37 accomplished,
3055 1976 55 28 and
3129 1977 166 37 everything
3316 1988 63 19 now

2742 2022 64 28 goes
2818 2012 191 40 satisfactorily
3027 2014 117 30 without
3164 2025 56 27 any
3241 2017 140 30 vexatious

2743 2056 153 32 stoppages.
2950 2054 58 27 The
3038 2054 75 27 mine
3147 2055 24 27 is
3202 2057 82 31 again
3313 2057 68 34 fuliy

2744 2089 128 29 manned.
2917 2090 58 29 The
2988 2092 143 27 extension
3151 2093 27 27 of
3204 2093 47 28 the
3264 2092 69 29 level
3353 2098 28 24 to

2741 2128 48 29 the
2802 2128 81 29 north
2896 2137 36 21 on
2944 2129 46 29 the
3003 2130 55 28 line
3070 2129 30 29 of
3109 2130 59 28 reef
3176 2129 25 29 is
3222 2131 56 29 still
3300 2132 81 37 being

2742 2167 103 29 carried
2856 2176 45 26 on,
2915 2172 79 25 stone
3006 2169 163 36 continuing
3180 2169 28 28 in
3222 2170 61 28 that
3295 2170 70 29 direc-

2742 2205 67 28 tion.
2845 2205 59 29 The
2916 2211 117 24 western
3041 2207 59 27 reef
3109 2216 56 19 was
3178 2208 71 28 sunk
3261 2209 119 36 through

2743 2248 28 23 at
2781 2244 33 27 52
2823 2242 63 34 feet,
2900 2243 47 30 the
2959 2243 83 28 strike
3058 2244 31 29 of
3098 2244 47 29 the
3158 2249 77 25 stone
3255 2248 126 34 carrying

2741 2282 22 27 it
2775 2287 29 23 to
2815 2281 48 29 the
2874 2282 82 29 north
2968 2283 31 28 of
3017 2282 48 29 the
3076 2283 97 28 winze.
3221 2284 117 36 Sinking
3357 2287 24 26 is

2741 2319 82 37 being
2834 2321 112 28 continu
2962 2320 18 29 d
2992 2321 51 28 bub
3053 2320 71 29 from
3136 2322 47 28 the
3201 2322 74 37 large
3295 2323 86 28 influx

2742 2358 31 28 of
2781 2362 85 25 water
2876 2359 24 28 it
2915 2360 25 28 is
2957 2359 129 37 probable
3105 2360 61 28 that
3183 2360 56 29 this
3263 2362 56 28 will
3343 2362 33 28 be

2743 2396 171 35 abandoned,
2936 2398 55 28 and
3011 2399 70 27 after
3103 2398 48 28 the
3171 2400 99 28 tunnel
3288 2400 24 28 is
3335 2410 29 18 ex-

2743 2434 99 29 tended
2853 2445 17 18 a
2881 2436 53 27 rise
2947 2435 57 28 will
3025 2436 33 27 be
3077 2440 51 32 put
3140 2445 36 28 up
3198 2443 29 21 to
3241 2442 72 23 meet
3333 2438 47 28 the

2742 2473 96 29 winze.
2873 2473 25 30 A
2907 2478 124 25 contract
3041 2474 42 29 for
3094 2474 53 29 500
3157 2475 53 28 feet
3221 2476 30 28 of
3261 2476 47 29 the
3320 2486 59 19 new

2741 2511 53 28 low
2807 2511 70 28 level
2889 2520 57 20 was
2957 2513 39 28 let
3007 2522 37 18 on
3058 2513 146 35 Saturday,
3218 2515 75 35 price
3313 2514 62 37 22/6

2742 2556 48 30 per
2803 2548 66 30 foot.

2777 2588 58 28 The
2847 2587 90 30 North
2948 2588 105 35 Venus,
3065 2598 31 19 as
3107 2589 36 29 its
3164 2598 84 21 name
3260 2590 118 38 implies,

2743 2625 48 29 lies
2804 2626 82 28 north
2898 2626 28 29 of
2934 2626 57 28 and
3002 2626 142 37 adjoining
3154 2628 45 27 the
3211 2628 103 28 Venus.
3350 2630 29 27 It

2742 2663 24 29 is
2777 2664 29 28 in
2818 2663 73 30 close
2903 2664 149 39 proximity
3064 2669 29 25 to
3105 2664 49 30 the
3163 2664 107 40 battery
3284 2667 31 29 of
3331 2667 47 29 the

2743 2702 107 28 Golden
2874 2703 106 34 Fleece,
3001 2703 47 29 the
3070 2704 99 28 tunnel
3189 2704 61 29 that
3269 2706 24 28 is
3316 2716 63 18 now

2741 2741 103 30 started
2864 2741 82 40 being
2964 2742 95 30 driven
3072 2743 59 30 into
3143 2744 47 29 the
3214 2744 49 30 hill
3275 2749 28 25 to
3329 2745 47 30 the

2741 2786 66 22 west
2819 2782 30 26 of
2855 2782 55 26 and
2922 2782 178 34 overlooking
3112 2784 48 25 the
3173 2784 64 25 dam
3250 2784 55 26 and
3315 2793 38 18 ma-

2742 2817 122 38 chinery.
2900 2818 66 29 Two
2979 2827 63 20 men
3054 2827 46 20 are
3119 2824 29 23 at
3160 2819 75 29 work
3256 2820 63 29 here
3342 2830 36 19 on

2742 2856 46 29 the
2801 2856 136 38 supposed
2947 2856 76 30 track
3035 2857 32 29 of
3075 2857 49 29 the
3134 2858 94 29 Venus
3238 2859 55 28 and
3307 2859 72 30 have

2742 2905 16 20 a
2771 2896 80 28 small
2862 2904 53 21 run
2927 2896 31 29 of
2966 2900 79 27 stone
3056 2896 30 29 in
3099 2896 47 29 the
3156 2897 66 29 face.

2776 2935 58 27 The
2847 2933 97 29 Prince
2956 2934 31 28 of
3007 2934 90 29 Wales
3108 2935 24 27 is
3153 2945 16 18 a
3182 2945 60 19 new
3261 2943 114 22 venture

2741 2969 78 38 lying
2834 2975 29 23 to
2881 2971 47 27 the
2946 2974 67 25 west
3031 2972 31 28 of
3076 2972 48 27 the
3142 2972 46 27 oil
3213 2974 158 31 Dauntless,

2743 3009 114 38 Murray
2869 3005 96 34 Creek.
2996 3009 59 30 The
3065 3009 106 38 ground
3181 3018 56 22 was
3247 3011 129 40 formerly

2741 3048 65 27 held
2818 3058 31 17 as
2862 3058 17 17 a
2890 3049 117 27 mineral
3020 3050 80 31 lease,
3113 3059 36 17 an
3162 3051 146 34 antimony
3318 3052 58 26 reef

2740 3084 82 36 being
2833 3085 117 36 exposed
2962 3085 30 28 in
3005 3085 55 28 this
3072 3085 113 28 section.
3234 3087 68 28 This
3314 3088 64 34 reef,

2741 3133 16 20 a
2769 3124 118 28 mixture
2900 3123 31 30 of
2939 3123 143 37 antimony
3095 3124 55 29 and
3169 3124 93 30 brown
3282 3136 96 26 quartz

2741 3162 50 28 has
2803 3162 83 36 lately
2896 3162 68 29 been
2973 3163 88 28 tested
3070 3162 37 36 by
3117 3164 130 36 crushing
3252 3167 126 34 .samples

2741 3200 81 30 taken
2834 3200 70 30 from
2917 3200 126 30 different
3051 3200 124 38 portions
3188 3201 31 29 of
3237 3202 47 29 the
3306 3203 71 31 lode,

2741 3238 63 37 gold
2815 3238 86 36 being,
2917 3238 85 29 found
3023 3239 28 27 in
3065 3239 46 33 all,
3125 3239 48 28 but
3193 3249 53 19 one
3267 3241 57 29 side
3348 3242 32 28 of

2742 3277 45 29 the
2799 3277 64 34 reef,
2877 3277 89 29 which
2974 3277 25 29 is
3006 3277 62 29 four
3076 3277 55 29 feet
3141 3277 78 33 wide,
3229 3287 57 21 was
3293 3278 85 31 found

2741 3322 28 24 to
2781 3316 73 37 yield
2867 3325 36 20 an
2912 3316 132 29 excellent
3051 3321 134 32 prospect.
3220 3318 38 28 At
3268 3329 17 18 a
3295 3324 66 24 meet-

2740 3355 48 33 ing
2799 3355 31 26 of
2839 3354 190 28 shareholders
3041 3355 54 26 last
3115 3355 80 34 night
3215 3357 23 26 it
3258 3366 56 17 was
3334 3358 30 27 de-

2741 3391 79 30 cided
2832 3395 29 26 to
2873 3395 30 26 at
2914 3401 67 20 once
2994 3395 68 26 start
3074 3392 155 38 operations
3244 3393 55 30 and
3318 3394 62 29 sink

2741 3441 35 18 on
2796 3431 49 28 the
2866 3435 78 24 stone
2958 3436 29 24 to
2999 3435 53 24 test
3068 3432 37 27 its
3115 3442 185 28 permanency
3326 3435 53 27 and

2742 3469 88 28 value.

2775 3507 62 30 The
2857 3507 78 29 Lone
2957 3506 72 36 Star,
3041 3509 30 27 at
3088 3507 171 36 Boatman's,
3273 3509 22 29 is
3316 3519 63 20 now

2740 3546 148 36 attracting
2898 3554 18 21 a
2927 3545 70 37 good
3009 3545 62 29 deal
3083 3545 33 29 of
3132 3546 92 37 public
3232 3549 146 28 attention.

2741 3584 58 29 The
2811 3584 80 29 share
2905 3584 45 29 list
2962 3583 91 30 closed
3066 3584 53 29 last
3131 3584 84 34 week,
3228 3586 81 29 when
3325 3587 39 28 suf-

2740 3623 94 28 ficient
2846 3632 58 19 was
2914 3622 87 29 found
3016 3627 29 23 to
3061 3622 34 28 be
3115 3623 156 28 subscribed
3290 3625 43 28 for
3350 3629 28 24 to

2740 3662 129 33 warrant,
2882 3660 116 36 starting
3005 3660 165 37 operations.
3204 3660 27 29 A
3238 3671 139 27 manager,

2742 3698 45 30 Mr
2810 3699 141 34 Brennan,
2975 3698 56 30 and
3055 3699 166 37 provisional
3246 3700 131 30 directors

2741 3747 70 19 were
2825 3737 158 37 appointed,
2991 3737 64 29 who
3067 3737 38 29 all
3124 3737 98 29 visited
3233 3738 48 30 the
3303 3740 74 28 mine

2740 3775 97 37 to-day
2865 3779 30 26 to
2917 3775 94 30 decide
3032 3784 76 28 upon
3135 3775 49 29 the
3213 3777 160 29 immediate

2742 3823 94 19 course
2858 3813 31 29 of
2906 3813 165 37 operations,
3084 3814 40 27 for
3142 3822 31 19 as
3194 3814 47 29 the
3254 3815 76 30 work
3351 3816 32 29 of

2742 3852 172 38 registration
2938 3852 54 29 will
3017 3860 106 30 occupy
3144 3861 76 20 some
3245 3853 89 31 weeks
3356 3855 23 30 it

2742 3901 55 18 wa*
2810 3890 157 29 considered
2978 3890 105 29 unwise
3094 3898 29 21 to
3143 3891 79 28 allow
3246 3893 47 28 the
3315 3903 45 25 pro-

2743 3932 77 33 perty
2833 3933 29 23 to
2874 3928 106 28 remain
3001 3928 94 36 longer
3110 3928 64 28 idle.
3220 3928 59 30 The
3293 3930 85 29 result

2742 3968 31 27 of
2782 3966 47 29 the
2842 3966 55 28 late
2917 3966 140 37 crushing,
3070 3965 114 30 34dwts.
3198 3974 29 21 to
3246 3968 49 28 the
3317 3976 58 27 tou,

2742 4005 24 27 is
2780 4005 59 28 well
2851 4004 111 34 known,
2975 4004 56 28 and
3047 4009 28 23 to
3088 4005 79 28 those
3186 4005 62 29 who
3262 4015 45 19 are
3332 4017 29 18 ac-

2742 4043 131 37 quainted
2885 4042 67 29 with
2974 4042 48 29 the
3041 4043 183 36 peculiarities
3243 4045 31 27 of
3291 4045 66 29 Boat-

2743 4083 89 26 man's
2855 4081 69 28 reefs
2955 4080 48 29 the
3026 4081 165 36 probability
3217 4082 32 28 of
3274 4092 18 19 a
3312 4084 66 34 long

2741 4128 94 20 course
2847 4119 30 28 of
2891 4118 68 30 such
2971 4119 145 37 crushings
3135 4120 163 38 succeeding
3321 4130 52 20 one

2743 4158 115 28 another
2869 4166 75 20 seem
2954 4161 74 25 most
3040 4161 140 32 apparent.
3217 4159 59 28 The
3301 4159 77 29 work

2742 4194 69 30 done
2824 4203 39 28 up
2876 4198 28 26 to
2917 4195 47 28 the
2976 4198 107 33 present
3093 4194 61 29 that
3163 4195 31 28 of
3203 4196 108 35 driving
3318 4198 55 27 and

2742 4232 111 35 sinking
2864 4241 36 20 on
2913 4233 47 28 the
2979 4232 62 29 lode
3053 4232 24 29 is
3096 4233 48 28 the
3164 4233 96 29 labour
3271 4234 31 29 of
3320 4238 55 26 two

2742 4281 73 24 men,
2830 4270 101 30 Messrs
2945 4270 160 37 M'Cafferty
3116 4271 55 29 and
3184 4271 130 38 Heaphy,
3327 4274 47 28 the

2741 4313 179 34 prospectors,
2926 4309 55 28 and
2987 4311 154 36 operations
3147 4319 46 19 are
3200 4314 26 24 oi
3236 4313 137 35 necessity

2741 4347 127 30 confined
2879 4356 66 20 near
2957 4347 47 29 the
3016 4347 114 28 surface.
3175 4348 39 28 As
3230 4358 17 19 a
3268 4351 104 28 surface

2741 4386 76 27 show
2829 4385 79 29 those
2919 4386 65 28 who
2996 4394 46 19 are
3053 4386 31 27 in
3096 4394 16 19 a
3124 4387 119 35 position
3252 4392 28 23 to
3289 4387 84 37 judge

2741 4423 125 29 consider
2876 4422 57 30 this
2952 4422 83 30 claim
3054 4427 29 25 to
3104 4423 70 29 have
3187 4427 122 34 superior
3329 4427 32 27 ad-

2742 4465 130 30 vantages
2884 4464 29 25 to
2919 4461 48 28 the
2980 4461 122 36 Hopeful
3107 4462 31 26 in
3145 4463 234 36 alcjiresponding

2741 4503 75 31 stage
2828 4499 31 29 of
2875 4499 37 29 its
2929 4499 202 37 development.
3175 4500 59 30 The
3255 4500 76 31 work
3351 4501 31 30 of

2742 4538 108 35 sinking
2863 4539 47 27 the
2923 4537 87 28 winze
3022 4538 99 35 deeper
3142 4547 66 27 may
3220 4539 33 28 be
3274 4541 104 27 carried

2740 4584 45 26 on,
2798 4584 40 25 or,
2851 4584 31 20 as
2894 4584 16 20 a
2922 4575 78 29 short
3013 4575 96 30 tunnel
3126 4584 51 21 can
3190 4575 33 30 be
3237 4582 51 32 put
3307 4578 30 28 in
3350 4581 28 26 to

2740 4619 47 24 cut
2811 4614 47 29 the
2870 4614 61 28 lode
2954 4615 52 28 100
3017 4614 55 28 feet
3089 4614 88 28 below
3198 4615 47 29 the
3267 4622 111 30 present

2740 4652 70 29 level
2821 4652 62 29 that
2903 4652 76 29 work
2999 4661 67 28 may
3086 4652 60 29 find
3162 4652 98 30 favour
3279 4654 30 29 in
3331 4654 47 30 the

2740 4701 64 27 eyes
2817 4691 31 29 of
2857 4690 47 30 the
2916 4690 139 30 directors.

2775 4729 58 28 The
2850 4728 199 29 Just-in-Time
3060 4728 25 28 is
3097 4728 57 29 still
3173 4730 131 37 crushing
3323 4741 37 19 an
3367 4732 12 27 I

2740 4767 46 29 the
2799 4770 108 26 returns
2919 4767 71 29 from
3001 4766 49 30 the
3061 4766 108 37 battery
3180 4768 78 29 show
3270 4779 17 18 a
3298 4773 79 32 great

2738 4805 211 36 improvement.
3001 4805 59 27 The
3084 4814 169 26 appearance
3276 4807 31 27 of
3330 4807 48 28 th>

2740 4843 75 28 mine
2825 4843 25 28 is
2861 4841 133 30 excellent
3006 4841 47 30 the
3066 4841 77 30 show
3156 4843 31 28 of
3206 4848 78 25 stone
3296 4843 82 38 being

2742 4881 73 37 large
2826 4880 56 29 and
2893 4880 80 38 good.
3008 4880 60 29 The
3080 4885 168 26 contractors
3265 4883 42 28 for
3325 4884 53 29 rise

2742 4919 70 30 have
2832 4918 164 31 abandoned
3020 4918 73 30 their
3112 4923 123 27 contract
3254 4921 57 29 anl
3331 4922 47 30 the

2740 4958 77 28 work
2828 4958 51 28 has
2891 4958 69 28 been
2971 4957 84 29 taken
3066 4957 29 29 in
3109 4958 73 28 hand
3196 4959 36 36 by
3244 4960 46 28 the
3303 4971 54 18 com-

2740 5005 83 27 pany.
2858 4996 26 28 A
2895 4995 75 37 large
2982 4996 59 29 reef
3050 4996 15 28 7
3078 4996 57 28 and
3145 4998 18 26 8
3174 4997 55 28 feet
3240 4998 69 29 wide
3322 5007 55 21 was

2740 5034 183 28 encountered
2952 5035 31 27 in
2993 5035 47 27 the
3068 5033 55 29 rise
3152 5034 56 28 and
3243 5036 132 35 although

2740 5072 113 34 causing
2876 5081 36 19 an
2933 5071 157 37 inspiriting
3114 5071 80 30 effect
3222 5082 38 20 on
3283 5074 76 29 share-

2740 5109 119 34 holders,
2881 5109 56 30 had
2957 5109 76 38 quite
3057 5110 47 29 the
3128 5111 122 36 opposite
3272 5122 38 19 on
3330 5113 47 29 the

2740 5153 176 22 contractors.

2774 5186 59 28 The
2846 5186 82 35 Fiery
2940 5185 51 30 has
3008 5185 59 38 just
3087 5185 113 30 cleaned
3212 5195 37 30 up
3270 5188 69 30 with
3360 5199 16 19 a

2740 5227 92 25 return
2846 5225 30 27 of
2893 5226 108 26 680ozs.
3015 5224 112 29 15dwts.
3145 5225 42 27 for
3199 5225 48 29 the
3267 5228 108 27 month.

2739 5262 24 27 A
2781 5261 130 29 dividend
2932 5262 31 29 of
2981 5271 53 20 one
3057 5262 113 37 shilling
3193 5263 24 28 is
3240 5263 135 31 declared.

2739 5299 58 28 The
2808 5303 58 25 cost
2878 5299 30 28 of
2925 5308 16 19 a
2961 5303 89 25 steam
3073 5301 99 33 engine
3191 5301 44 28 for
3253 5303 123 35 winding

2739 5337 55 30 will
2807 5338 58 28 also
2878 5337 32 30 be
2929 5337 128 38 defrayed
3069 5341 49 26 out
3139 5338 31 29 of
3187 5338 55 31 this
3254 5342 122 29 month's

2739 5376 138 34 crushing.
2912 5376 68 28 This
2991 5377 98 35 engine
3104 5378 24 26 is
3139 5377 133 30 intended
3290 5389 31 18 as
3342 5390 32 17 an

2738 5414 134 37 auxiliary
2889 5417 29 25 to
2939 5414 46 28 the
3005 5414 122 35 winding
3146 5414 95 30 wheel.
3286 5416 90 31 When

2739 5456 84 26 water
2834 5453 24 28 is
2879 5452 127 37 plentiful
3028 5454 47 28 the
3094 5453 87 29 wheel
3203 5455 56 29 will
3271 5456 35 29 do
3329 5458 46 28 the

2739 5491 129 35 winding,
2881 5491 80 29 when
2982 5501 89 19 scarce
3094 5492 23 28 it
3139 5493 55 28 will
3212 5493 34 29 be
3267 5496 91 37 supple-

2739 5530 110 30 mented
2873 5529 35 40 by
2932 5530 47 30 the
3003 5536 89 24 steam
3114 5531 108 38 engine.
3271 5533 36 31 In
3327 5534 47 31 th
3375 5529 1 40 3

2738 5573 74 26 mine
2835 5570 48 29 the
2906 5575 90 31 s'opes
3019 5571 65 28 look
3107 5571 124 36 healthy,
3252 5574 56 28 and
3328 5575 47 29 tie

2738 5609 85 27 winze
2834 5608 24 27 is
2870 5609 82 36 going
2964 5610 80 26 down
3058 5618 34 18 on
3106 5609 71 35 good
3189 5613 86 26 stone.

2772 5656 57 28 The
2841 5656 140 29 Welcome
3003 5656 51 28 has
3066 5656 68 29 been
3148 5659 130 37 crushing
3299 5670 75 19 somo

2736 5695 30 28 of
2776 5694 47 29 the
2836 5693 132 30 southern
2977 5698 78 25 stone
3064 5695 89 28 which
3166 5693 41 34 doe
3221 5693 13 34 3
3248 5693 40 34 uot
3297 5708 62 19 coin
3366 5710 8 17 3

2737 5743 36 27 up
2785 5737 29 24 to
2828 5733 46 27 the
2888 5733 78 28 usual
2979 5743 122 26 average.
3150 5735 27 27 It
3196 5735 50 29 ha*
3259 5737 46 27 the
3327 5738 30 27 ad-

2737 5775 116 31 vantage
2867 5771 30 28 of
2919 5771 81 35 being
3020 5772 87 34 larger
3130 5773 55 27 and
3208 5776 45 26 tiie
3274 5776 101 37 supply

2737 5815 28 23 to
2778 5811 46 28 the
2836 5809 105 37 b.ittory
2954 5819 52 19 can
3019 5811 31 26 be
3065 5811 104 35 readily
3192 5813 179 29 maintained.

3398 215 23 27 A
3435 214 87 26 v/inze
3536 212 50 28 has
3606 212 67 27 been
3696 209 102 29 started
3820 209 70 27 from
3905 210 46 28 the
3972 210 67 30 floor

3398 252 29 28 of
3440 252 44 27 the
3500 251 50 27 No.
3564 252 17 26 8
3602 249 55 28 anl
3670 249 23 27 is
3713 248 84 35 going
3809 247 81 28 down
3903 257 35 19 on
3960 253 77 25 stone

3399 290 29 28 of
3438 289 132 28 excellent
3583 287 150 28 character.

3433 328 58 30 The
3504 327 67 35 only
3584 325 75 31 work
3671 326 84 37 going
3767 334 35 20 on
3816 324 28 30 in
3858 324 47 30 the
3927 324 111 32 Reform

3397 370 24 26 is
3435 369 45 27 the
3494 367 111 33 sinking
3618 367 29 28 of
3658 377 17 17 a
3691 366 94 27 winze.
3831 365 68 27 This
3911 366 23 27 is
3948 365 38 29 let
4004 376 35 19 on

3398 412 133 24 contract,
3547 405 55 28 and
3625 404 46 29 the
3685 403 58 29 reef
3760 412 31 19 so
3804 402 40 28 far
3856 412 30 18 as
3899 403 72 28 sunk
3993 414 46 25 on,

3399 454 129 23 averages
3543 444 94 35 nearly
3651 443 76 28 three
3739 442 56 28 foet
3808 442 54 27 and
3877 442 45 26 the
3933 444 105 34 quality

3399 483 29 29 of
3438 483 46 28 the
3495 487 78 23 stone
3586 482 23 28 is
3619 479 176 40 pronounced
3805 485 28 23 to
3843 478 32 29 be
3887 488 65 27 very
3960 482 77 31 good.

3899 518 107 32 Thady.

3606 607 234 30 LATEST

3426 663 175 41 CABLE
3660 661 351 43 TELEGRAMS.

3659 758 134 38 London,
3810 758 194 35 October*lo.
4039 759 8 46 ]

3441 803 65 32 The
3520 804 101 31 efforts
3635 803 33 32 of
3687 802 131 33 General
3839 804 149 33 Kaulbars
4011 809 30 29 to

3401 847 89 31 incite
3504 851 120 27 treason
3638 847 33 30 in
3684 846 52 31 the
3761 845 165 42 Bulgarian
3949 847 94 43 Army

3400 891 77 31 have
3491 891 101 36 failed,
3608 890 61 31 and
3682 889 136 31 Russian
3831 891 150 40 meetings
3995 903 50 21 are

3402 934 184 41 everywhere
3621 933 167 32 conducted
3814 933 73 31 with
3914 944 19 21 a
3958 938 83 37 great

3403 981 124 30 amount
3541 978 33 32 of
3581 978 122 40 danger.

3442 1021 143 40 Bulgaria
3611 1021 56 31 has
3700 1021 81 31 been
3815 1022 164 41 compelled
4012 1026 31 30 to

3403 1068 101 40 accept
3518 1065 130 33 Russian
3668 1065 96 33 loans.

3443 1111 26 29 A
3482 1111 64 38 plot
3560 1113 31 28 to
3605 1110 127 39 provoke
3746 1120 18 20 a
3779 1108 145 34 rebellion
3945 1111 31 30 in
3990 1112 51 31 the

3403 1152 80 33 chief
3491 1155 115 30 centres
3621 1152 32 33 of
3663 1152 199 41 Bulgaria»on
3890 1154 53 31 the
3958 1152 3 41 •
3970 1155 72 32 15th

3403 1198 81 35 inst.,
3500 1208 33 19 as
3548 1207 17 20 a
3579 1197 120 40 prelude
3713 1199 32 29 to
3765 1197 130 32 Russian
3918 1209 105 30 occupa-

3405 1240 62 32 tion
3481 1251 39 21 on
3534 1240 168 32 November
3715 1240 64 37 9th,
3807 1240 56 32 has
3887 1241 75 32 been
3983 1242 43 32 dis-

3404 1284 132 33 covered.
3578 1284 108 31 Russia
3696 1284 25 31 is
3735 1284 134 41 massing
3877 1284 55 33 her
3941 1288 101 39 troops

3405 1331 30 28 at
3476 1327 112 33 Odessa
3615 1328 60 31 and
3701 1328 188 32 Bessarabia.
3958 1330 82 42 High

3405 1372 113 33 officers
3533 1372 148 32 stationed
3705 1372 90 41 along
3823 1372 52 33 the
3899 1374 143 32 Austrian

3405 1416 59 30 and
3478 1416 192 30 Roumanian
3683 1416 133 36 frontier,
3833 1416 115 32 declare
3976 1419 66 30 that

3405 1459 51 32 the
3470 1459 175 40 occupation
3659 1458 32 33 of
3709 1459 142 40 Bulgaria
3874 1459 39 42 by
3934 1461 108 33 Russia

3405 1503 25 31 is
3444 1513 19 20 a
3475 1503 156 41 certainty.
3674 1503 64 31 The
3749 1503 76 31 Czar
3838 1504 26 30 is
3877 1504 33 31 in
3924 1515 18 21 a
3965 1508 77 30 state

3405 1546 33 33 of
3454 1557 127 22 nervous
3595 1546 189 33 excitement.

3812 1591 128 34 October
3954 1595 47 30 11.

3445 1634 68 32 Neil
3546 1634 177 38 Matterson,
3761 1635 34 32 of
3826 1635 127 43 Sydney,
3987 1638 56 31 has

3405 1679 100 30 issued
3518 1689 18 19 a
3549 1679 155 40 challenge
3718 1682 32 28 to
3762 1690 62 21 row
3834 1690 58 30 any
3906 1692 56 20 one
3977 1682 65 38 (bar

3406 1722 112 37 Beach)
3544 1733 40 20 on
3607 1722 52 31 the
3686 1723 175 31 Paramatta
3887 1723 99 39 River,
4009 1726 33 30 in

3407 1765 79 32 June
3500 1768 81 34 next,
3597 1766 47 31 for
3656 1767 83 30 £SOO
3753 1767 104 31 a-side.

3445 1808 63 32 The
3522 1808 74 32 final
3617 1809 71 31 heat
3710 1809 33 32 of
3762 1809 52 33 the
3829 1810 65 32 Wei
3910 1811 22 32 h
3956 1811 84 42 Harp

3408 1851 135 42 Sculling
3552 1853 157 41 Handicap
3717 1863 61 22 was
3788 1865 68 21 won
3863 1854 37 42 by
3910 1856 129 37 Babear,

3406 1896 70 34 who
3487 1896 84 31 takes
3584 1896 52 33 the
3649 1896 66 33 firit
3733 1898 91 40 prize.

3479 1940 128 39 Captain
3849 1943 59 30 and
3923 1945 58 29 two
3995 1954 31 20 ac-

3407 1982 158 41 complices
3604 1983 76 32 have
3727 1983 76 33 been
3844 1987 133 31 arrested
4008 1987 32 32 in

3408 2027 126 33 Coontw
3543 2027 87 39 Cork,
3645 2028 130 33 Ireland.

3813 2073 127 33 October
3955 2077 47 29 13.

3447 2113 64 32 The
3544 2116 162 31 statement
3730 2115 159 42 published
3921 2117 39 43 by
3991 2118 53 33 the

3408 2163 8 13 *
3428 2157 89 42 Daily
3540 2158 105 33 News'
3668 2159 67 33 that
3761 2161 52 32 the
3840 2161 204 34 Government

3407 2212 61 20 was
3475 2203 158 39 preparing
3643 2213 18 21 a
3675 2204 118 31 scheme
3804 2204 45 32 for
3859 2206 51 31 the
3920 2216 106 30 govern-

3407 2248 84 28 ment
3515 2245 32 32 of
3565 2246 124 31 Ireland
3710 2257 40 21 on
3763 2247 52 32 the
3828 2248 79 32 basis
3926 2249 33 32 of
3978 2261 50 29 pro-

3407 2288 102 41 viding
3522 2300 18 20 a
3553 2289 142 33 National
3709 2290 124 32 Couneil
3854 2291 46 33 for
3912 2293 74 32 each
4012 2294 34 32 of

3408 2333 51 31 the
3485 2333 66 31 four
3574 2334 164 41 provinces,
3762 2335 27 31 is
3811 2337 152 41 generally
3985 2338 43 31 dis-

3407 2376 140 33 credited.

3527 2420 49 32 St.
3591 2422 206 36 Petersburg,
3813 2423 127 32 October
3955 2427 47 29 13.

3456 2463 75 33 Tine
3562 2469 8 14 *
3583 2464 186 34 Viedemoste
3783 2468 6 11 '
3819 2467 153 41 publishes
4002 2479 42 22 an

3406 2508 102 30 article
3522 2509 111 40 to-day,
3658 2510 32 30 in
3714 2510 98 30 which
3832 2511 24 30 it
3880 2522 86 28 urges
3990 2513 54 30 the

3405 2550 176 42 occupation
3594 2551 34 32 of
3637 2552 142 42 Bulgaria
3793 2552 40 43 by
3854 2553 118 34 Russia.
4012 2555 32 32 It

3405 2595 131 32 declares
3546 2595 67 32 that
3628 2596 109 32 Russia
3750 2597 62 32 still
3826 2599 131 31 remains
3969 2599 73 37 free,

3405 2638 60 31 and
3482 2638 55 31 has
3551 2649 40 21 no
3600 2639 77 32 need
3687 2642 31 30 to
3731 2640 90 32 listen
3831 2643 32 30 to
3872 2642 52 32 the
3934 2642 108 33 wishes

3405 2682 33 32 of
3449 2682 51 33 the
3514 2682 85 34 other
3612 2684 129 32 Powers.

3663 2728 132 40 Ottawa,
3811 2728 127 35 October
3953 2731 46 33 12.

3444 2771 48 31 An
3536 2772 158 32 American
3739 2774 113 39 fishing
3897 2776 146 31 schooner

3405 2813 98 32 which
3517 2814 89 32 failed
3619 2819 32 28 to
3667 2820 100 36 report
3781 2818 31 30 at
3827 2816 51 32 the
3903 2817 141 33 Customs

3405 2860 31 29 at
3449 2858 84 32 Nova
3550 2858 99 33 Scotia
3675 2858 33 42 ha
3725 2858 16 42 3
3758 2858 67 42 been
3848 2860 105 40 seized,
3979 2863 61 31 and

3404 2902 55 33 her
3471 2913 114 22 owners
3598 2903 90 33 fined.
3729 2904 42 32 As
3785 2905 51 32 the
3849 2909 113 31 master
3974 2917 49 31 per-

3404 2946 91 30 sisted
3515 2947 33 29 in
3571 2947 132 40 hoisting
3725 2948 52 30 the
3800 2949 159 31 American
3979 2950 63 40 flag

3404 2987 52 33 the
3480 2989 118 41 captain
3621 2989 33 33 of
3677 2989 52 34 the
3753 2990 153 33 Canadian
3929 2992 112 33 cruiser

3405 3032 107 33 Terror
3525 3034 85 31 order
3624 3045 18 20 a
3652 3037 86 38 party
3751 3046 40 21 on
3801 3035 91 32 board
3905 3039 33 29 to
3950 3037 89 32 lower

3405 3075 51 30 the
3470 3075 69 40 flag,
3551 3076 98 31 which
3662 3086 61 21 was
3746 3077 188 42 accordingly
3953 3079 87 37 done,

3405 3117 59 33 and
3478 3129 40 21 an
3527 3119 106 33 Armed
3645 3120 95 42 guard
3753 3120 103 42 placed
3878 3122 33 32 in
3932 3122 108 42 charge

3407 3163 32 31 of
3452 3163 50 31 the
3516 3163 154 33 schooner.

3699 3208 95 37 Sofia,
3811 3208 128 33 October
3953 3211 47 31 11.

3447 3251 64 30 The
3539 3251 141 32 elections
3706 3252 46 32 for
3777 3252 53 32 the
3857 3253 104 31 Grand
3989 3254 36 32 So-

3406 3293 114 43 branje,
3535 3305 34 23 or
3589 3295 142 34 National
3751 3296 166 44 Assembly,
3932 3298 45 33 for
3990 3298 52 33 the

3406 3339 101 31 choice
3521 3340 33 29 of
3571 3350 18 20 a
3602 3341 107 30 Prince
3728 3342 46 29 for
3796 3342 144 38 Bulgaria
3962 3354 60 19 com-

3406 3381 124 32 menced
3569 3382 156 43 yesterday
3766 3383 184 42 throughout
3990 3385 53 33 the

3406 3428 135 39 country.
3583 3428 40 30 At
3637 3439 56 20 one
3706 3428 114 41 polling
3839 3429 83 40 place
3935 3430 33 31 in
3981 3430 62 31 this

3406 3469 59 41 city
3479 3469 102 42 to-day
3601 3480 18 22 a
3641 3470 138 33 hundred
3802 3472 60 31 and
3884 3472 67 42 fifty
3973 3483 51 31 pea-

3406 3516 93 33 sants,
3525 3514 100 40 acting
3648 3515 95 31 under
3766 3515 51 32 the
3841 3515 147 34 initiative
4012 3517 33 32 of

3406 3556 195 39 Necklindoff,
3630 3557 52 33 the
3706 3557 130 33 Eussian
3860 3558 120 39 Consul,
3996 3563 30 29 at-

3406 3601 133 40 tempted
3552 3604 31 30 to
3606 3602 133 32 obstruct
3764 3603 51 31 the
3838 3605 203 40 proceedings.

3406 3644 26 30 A
3446 3644 112 32 serious
3566 3645 121 32 conflict
3699 3646 132 31 resulted
3843 3647 134 32 between
3987 3649 52 31 the

3406 3687 158 34 adherents
3591 3688 33 33 of
3647 3689 52 33 the
3726 3689 139 43 Eegency
3897 3691 59 32 and
3990 3692 51 32 the

3406 3735 169 38 supporters
3599 3733 33 32 of
3650 3733 52 33 the
3724 3733 122 38 Consul,
3860 3736 61 30 and
3941 3736 33 31 in
3987 3736 53 32 the

3405 3775 94 33 melee
3523 3786 92 32 many
3637 3787 123 31 persons
3780 3788 77 22 were
3883 3779 155 32 wounded.

3406 3818 63 32 The
3493 3819 189 33 disturbance
3706 3821 153 41 assuming
3883 3832 19 21 a
3928 3823 112 32 serious

3405 3862 153 34 character
3571 3863 52 34 the
3636 3865 204 40 gendarmerie
3853 3877 77 22 were
3944 3867 96 33 called

3406 3909 51 28 out
3471 3907 60 30 and
3545 3907 52 31 the
3610 3907 106 33 rioters
3730 3909 160 40 dispersed.

3445 3949 64 33 The
3524 3949 204 34 Government
3740 3954 88 40 party
3841 3963 50 21 are
3905 3953 138 41 securing

3405 4002 19 22 a
3437 3993 143 41 crushing
3592 3994 114 42 victory
3718 3998 32 29 at
3758 3995 52 32 the
3820 3996 151 39 elections,
3984 3998 59 31 and

3405 4036 62 32 will
3479 4036 77 33 have
3570 4048 19 22 a
3601 4049 71 32 very
3684 4039 82 42 large
3786 4040 151 43 majority
3945 4041 34 32 in
3992 4041 51 33 the

3406 4080 155 41 Sobranje.

3445 4124 64 33 The
3530 4124 131 34 Eussian
3684 4125 128 34 Consuls
3834 4126 33 33 in
3888 4129 52 32 tne
3963 4128 64 41 prin-

3406 4167 77 41 cipal
3497 4170 94 29 towns
3602 4170 33 31 of
3645 4170 52 31 the
3710 4171 154 39 provinces
3876 4171 77 32 have
3967 4173 76 30 been

3406 4210 220 43 endeavouring
3638 4214 33 30 to
3679 4215 124 39 prevent
3825 4213 52 33 the
3900 4215 143 33 elections

3405 4255 187 42 proceeding.

3445 4298 196 36 Necklindoff,
3653 4300 52 31 the
3719 4300 131 33 Eussian
3873 4301 114 34 Consul
4010 4305 32 30 at

3407 4340 91 39 Sofia,
3512 4342 33 32 in
3556 4343 158 33 obedience
3728 4346 32 31 to
3773 4345 52 32 the
3839 4347 160 31 command
4012 4347 33 32 of

3407 4385 130 32 General
3551 4387 158 38 Kaulbars,
3724 4388 56 31 has
3799 4389 89 40 given
3902 4400 18 21 a
3933 4390 108 32 formal

3405 4429 98 32 notice
3523 4432 31 30 to
3578 4431 52 31 the
3651 4431 166 40 Bulgarian
3837 4433 206 33 Government

3406 4471 66 33 that
3496 4472 51 33 the
3572 4473 141 34 elections
3735 4474 45 33 for
3800 4475 52 32 the
3876 4476 94 33 Great
3987 4477 36 33 So-

3405 4515 104 42 branje
3523 4528 50 21 are
3587 4518 102 40 illegal
3711 4519 61 32 and
3793 4520 157 32 valueless.
3993 4522 48 31 He

3405 4558 55 32 has
3481 4559 116 33 further
3620 4562 150 41 protested
3796 4565 33 29 at
3855 4563 52 33 the
3928 4564 112 41 rioting

3406 4603 98 32 which
3526 4603 56 33 has
3606 4606 133 41 recently
3759 4606 91 33 taken
3870 4608 95 40 place,
3980 4609 60 31 and

3405 4648 52 31 the
3471 4649 162 32 treatment
3646 4649 99 33 which
3754 4649 49 33 his
3813 4654 170 39 supporters
3996 4663 30 22 re-

3406 4691 99 32 ceived
3519 4694 31 29 at
3563 4693 52 32 the
3638 4693 97 33 hands
3758 4694 34 32 of
3808 4695 52 32 the
3884 4697 159 32 adherents

3406 4734 33 32 of
3448 4735 52 32 the
3514 4735 148 44 Eegency.

3672 4781 125 38 Vienna,
3812 4782 128 33 October
3953 4785 48 30 12.

3445 4820 81 33 Lord
3539 4822 160 43 Bandolph
3719 4824 166 39 Churchill,
3898 4826 69 33 who
3987 4827 56 32 has

3405 4864 45 32 for
3464 4876 82 23 some
3559 4867 73 33 time
3646 4868 77 32 been
3744 4869 158 42 travelling
3926 4881 40 21 on
3987 4871 52 32 the

3406 4908 172 41 Continent,
3592 4911 56 33 has
3662 4912 115 33 arrived
3787 4913 33 33 in
3833 4913 61 34 this
3907 4914 71 43 city.

3624 5006 204 29 LATEST

3421 5051 376 44 AUSTRALIAN
3847 5054 176 44 NEWS.

3716 5119 17 21 0

3610 5150 186 33 Melbourne
3812 5152 127 33 October
3953 5155 48 30 13.

3445 5192 63 33 The
3522 5192 152 44 following
3694 5196 62 32 will
3779 5196 37 33 be
3829 5197 52 32 the
3902 5197 142 41 probable

3405 5237 122 31 starters
3541 5237 45 33 for
3598 5239 53 32 the
3664 5239 155 33 Victorian
3828 5240 116 42 Bacing
3953 5241 77 32 Club

3405 5279 361 45 Derby:—Blairgowrie,
3776 5284 161 38 Chesham,
3962 5285 82 31 First

3405 5322 122 40 Consul;
3537 5324 169 41 Damocles,
3718 5327 150 42 Kingfish,
3879 5328 161 38 Madelina,

3405 5367 155 39 Trindent,
3576 5370 144 38 Volcano,
3736 5372 60 31 and
3809 5372 153 32 Witebait.

3405 5409 83 34 Zeno
3502 5411 145 35 Gardinia
3660 5425 61 21 was
3748 5414 154 34 scratched
3923 5415 47 34 for
3992 5415 52 33 the

3404 5454 147 34 Caulfield
3562 5457 74 43 Cup.

3664 5503 127 39 Sydney,
3814 5504 126 33 October
3954 5506 48 31 13.

3443 5544 64 35 The
3521 5557 72 23 man
3612 5550 132 32 arrested
3767 5551 31 31 at
3816 5550 149 42 Kempsey
3987 5550 57 33 has

3403 5590 145 31 admitted
3561 5594 67 29 that
3641 5594 39 30 he
3694 5595 26 29 is
3734 5595 94 35 Penn,
3836 5595 59 30 and
3908 5595 55 30 has
3973 5605 51 20 con-

3402 5632 96 34 fessed
3530 5634 48 34 his
3605 5637 171 43 complicity
3807 5637 33 34 in
3866 5637 52 35 the
3951 5637 93 34 Great

3402 5678 120 31 Barrier
3536 5681 103 31 Islaud
3652 5683 131 32 murder.

3443 5721 63 33 The
3522 5722 106 34 formal
3642 5727 151 40 reception
3815 5726 32 33 of
3871 5726 51 33 the
3945 5728 100 40 guests

3402 5766 33 31 of
3468 5767 49 30 the
3552 5779 31 20 m
3595 5769 122 41 micipal
3748 5771 111 40 jubilee
3889 5771 158 42 gathering

3405 5810 81 31 t-:k.--:
3516 5812 80 40 pla<-y
3628 5813 59 31 this
3723 5817 162 31 afternoon.
3950 5816 96 36 Large

1302 67 72 41 Ttl
1472 67 182 43 LYiiLL
1710 71 183 48 TIMES,
1951 72 304 48 SATURDAY,
2313 73 262 40 OCTOBER
2627 76 50 42 16,
2714 75 101 39 18S6.

346 5233 134 21 OCTOBER.

133 5306 8 9 •

181 5294 105 20 PHASES
298 5294 34 21 OF
344 5294 56 21 THE
413 5294 84 22 MOON.

558 5325 17 8 CD

681 5317 7 7 .

118 5333 23 19 +3

122 5355 18 19 a

123 5376 18 17 o

114 5395 26 13 fc-4

322 5353 28 19 D.
369 5352 30 20 H.
412 5353 31 20 M.

174 5382 132 26 N.Moon-
325 5384 35 24 27
394 5385 17 23 6
423 5384 81 24 48am

558 5342 17 16 CO

549 5359 26 38 s

662 5374 25 20 0Q

173 5420 98 37 Fst.Qr
298 5437 9 7 -
344 5422 16 28 5
379 5421 33 29 10
441 5421 63 29 6am

123 5457 18 16 o

172 5459 129 30 Fl.Moon
325 5461 33 28 13
392 5461 17 28 2
422 5461 80 36 56pm

548 5457 26 19 w

661 5457 26 15 QQ

123 5506 18 19 03

116 5526 24 31 Q

114 5571 8 4 ■
129 5566 5 6 '
143 5571 19 4 Mm.

174 5498 98 38 Lst.Qr
296 5515 8 7 -
324 5499 33 28 21
393 5500 17 27 2
423 5499 80 28 13am

530 5505 68 22 H.M.

643 5506 68 22 H.M.

115 5588 33 25 16

208 5586 136 34 Saturday

531 5588 16 25 5
567 5587 31 27 15

644 5588 16 25 6
680 5588 32 25 16

115 5623 33 30 17

205 5623 67 30 17th
284 5623 76 38 after
375 5622 113 39 Trinity

531 5625 16 28 5
567 5623 33 31 13

644 5624 17 29 6
679 5624 32 30 17

115 5664 33 26 18

208 5663 122 35 Monday

532 5665 15 26 5
567 5664 33 27 12

644 5665 17 26 6
679 5664 32 27 19

116 5701 32 28 ]9

207 5699 127 37 Tuesday

532 5702 15 28 5
567 5701 34 30 10

644 5701 17 28 6
678 5701 28 28 21

115 5741 34 26 20

207 5739 174 34 Wednesday

532 5741 16 26 5
583 5741 17 27 9

644 5741 16 26 6
678 5741 33 26 22

115 5780 29 26 21

207 5777 144 37 Thursday

532 5779 15 27 5
583 5779 16 28 7

643 5780 16 26 6
677 5780 33 27 23

115 5818 32 26 22
167 5815 2 36 |

169 5816 1 37 ,
209 5816 99 37 Friday

532 5818 15 26 5
583 5818 16 26 6

644 5818 16 27 6
678 5818 33 27 24

214 194 235 34 Government
471 197 150 32 Notices.

188 396 148 30 MAIL
399 399 247 30 NOTICE.

148 492 64 29 illE
231 492 94 30 Letter
338 493 57 30 Box
408 494 56 29 will
476 494 32 30 be
522 494 106 31 cleared
638 496 41 29 for
686 495 46 30 the

192 533 130 35 despatch
347 534 30 27 of
399 534 238 35 Correspondence
662 537 69 26 from

101 569 46 27 the
161 569 78 35 Lyell
257 570 84 28 Office
364 576 27 22 to
412 572 46 28 the
477 572 137 37 following
630 573 101 37 places,

102 607 53 29 and
171 607 80 29 Mails
263 610 97 33 arrive,
373 619 30 19 as
421 610 87 29 under
519 618 43 20 :

334 671 151 21 outwards
494 669 7 22 :

135 713 56 28 For
220 713 147 37 West-port,
398 715 163 32 Inangahua
590 716 141 34 Junction,

101 751 155 35 Cronadun,
278 753 170 34 Boatman's,
472 753 125 35 lleefton,
619 752 55 31 and
693 754 38 29 all

101 791 130 28 southern
250 791 243 37 correspondence:
514 792 123 38 Sunday,
651 793 59 29 Wed-

101 828 103 35 nesday
218 830 54 27 and
285 830 112 34 Friday,
410 834 29 23 at
450 831 17 26 9
479 839 66 18 a.m.

136 875 55 28 For
212 875 117 29 White's
349 876 90 34 Point,
451 877 73 28 Fern
537 877 73 33 Flat,
619 877 112 33 Nelson,

102 912 55 28 and
176 913 37 27 all
233 914 131 27 northern
385 915 245 36 correspondence:
649 916 65 27 Tues-

102 950 62 38 day,
177 950 145 40 Thursday
329 951 54 30 and
393 951 145 39 Saturday,
551 956 29 26 at
593 954 60 28 1.30
665 963 66 28 p.m.

137 1000 84 28 Owen
235 999 96 29 Reefs:
350 1000 140 37 Tuesdays
503 1000 55 28 and
576 1001 156 36 Thursdays

103 1037 61 28 1.30
176 1046 65 28 p.m.

136 1085 55 29 For
197 1085 158 30 Melbourne
362 1085 54 30 and
421 1086 157 30 Australian
591 1087 140 30 Colonies:

101 1122 183 37 Wednesday,
297 1128 28 23 at
337 1126 17 26 9
365 1134 65 17 a.m.

302 1184 84 21 mails
411 1183 119 23 arrive:

136 1226 82 28 From
241 1226 147 38 Westport,
407 1227 164 36 Inangahua
590 1228 142 35 Junction,

103 1264 155 35 Cronadun,
265 1265 169 35 Boatman's,
442 1266 124 34 Reefton,
572 1266 63 30 &c.:
649 1268 66 28 Tues-

101 1303 63 37 day,
178 1303 144 38 Thursday
334 1304 55 28 and
402 1304 146 37 Saturday,
561 1310 27 24 at
602 1308 17 26 2
631 1315 66 28 p.m.

136 1350 83 29 From
229 1350 116 29 White's
355 1351 90 35 Point,
459 1351 71 29 Fern
539 1351 72 35 Flat,
619 1352 112 34 Nelson,

103 1390 62 27 &c.:
186 1389 123 36 Sunday,
319 1390 183 36 Wednesday,
513 1390 55 28 and
580 1391 112 36 Friday,
705 1395 28 24 at

101 1428 63 27 9.30
176 1436 64 18 a.m.

136 1465 85 29 Owen
237 1465 97 30 Reefs:
353 1465 116 38 Fridays
484 1465 53 30 and
555 1465 136 39 Sundays,
705 1470 28 26 at

101 1505 17 26 9
131 1512 64 19 a.m.

135 1550 84 29 From
231 1550 148 38 Longford,
393 1550 170 34 Murchison,
576 1551 56 30 and
646 1552 68 28 Mata-

101 1588 101 30 kitaki:
222 1589 174 38 Wednesday
407 1589 56 30 and
485 1590 123 38 Sunday,
621 1593 29 26 at
672 1592 61 27 9.30

100 1635 67 20 a.m.

327 1679 39 28 H.
386 1679 33 29 G.
438 1679 227 34 YOUNGMAN,

522 1725 176 30 Postmaster.

152 1931 160 29 MISSING
336 1932 169 30 FRIENDS
529 1933 150 29 NOTICE.

101 2027 286 43 TNF&RMATION
405 2043 154 36 respecting
569 2042 47 30 the
628 2043 100 29 where-

101 2071 35 31 J-
172 2078 97 29 abouts
281 2080 55 27 and
348 2080 161 37 occupation
521 2081 31 27 of
566 2081 47 28 the
632 2081 81 28 under-

97 2117 159 28 mentioned
268 2126 111 28 persons
397 2119 24 28 is
442 2119 164 28 WANTED
628 2119 36 38 by
683 2120 48 28 the

98 2155 142 37 Secretary
252 2157 30 28 of
291 2156 47 29 the
352 2157 119 30 General
483 2158 66 29 Post
561 2158 99 30 Office:

97 2206 115 28 Alfred
225 2207 106 33 Brook,
338 2217 50 27 age
393 2211 179 34 twenty-one,
580 2209 54 29 last
646 2209 84 29 heard

165 2244 32 28 of
211 2248 29 25 at
251 2245 196 29 Christchurch
468 2246 56 29 and
543 2247 186 35 Invercargill,

164 2282 106 30 arrived
299 2293 29 19 m
358 2284 106 38 Colony
492 2284 134 38 January,
651 2286 76 29 1884.

164 2320 130 38 Inquired
312 2322 42 28 for
365 2322 37 37 by
415 2324 58 28 Mrs
487 2324 32 28 C.
532 2324 85 36 Gray,
630 2324 81 29 Cover-

164 2358 75 35 ham,
253 2360 174 38 Eekerangu,
440 2361 155 30 Blenheim.

95 2406 103 29 Henry
219 2407 96 30 Lewis
339 2408 199 34 Anstruther,
564 2418 31 19 or
624 2410 104 29 Henry

164 2444 104 35 Lewis,
278 2446 54 29 last
343 2446 85 29 heard
433 2449 28 26 ot
472 2446 28 29 in
516 2447 124 35 October,
652 2448 75 33 1885,

162 2483 29 29 in
204 2484 177 37 Wellington.
418 2485 131 37 Inquired
567 2486 44 29 for
628 2486 37 36 by
685 2487 44 28 his

164 2522 117 35 mother,
306 2522 81 37 Mary
411 2524 174 34 Anstruther,
611 2525 33 27 19
673 2524 55 37 Ely

164 2559 89 36 Place,
268 2560 134 36 Holborn,
416 2561 125 30 London.

94 2608 135 28 William
247 2609 78 27 John
342 2609 144 34 Phillips,
498 2609 53 28 last
563 2609 85 29 heard
659 2611 31 28 of
698 2611 29 27 in

165 2646 180 38 Canterbury,
376 2647 83 30 about
488 2648 97 29 twelve
614 2648 114 30 months

164 2693 62 28 ago.
274 2686 133 36 Inquired
429 2686 44 28 for
494 2686 37 37 by
553 2686 45 29 his
626 2687 99 34 father,

165 2722 104 40 Joseph
296 2724 125 40 Phillips,
450 2724 135 37 Alreston,
615 2725 112 36 Bristol,

166 2764 139 34 England.

98 2809 166 29 Frederick
284 2809 139 30 Helbert
443 2811 113 35 Power,
568 2811 53 30 last
640 2811 87 29 heard

167 2849 30 28 of
217 2847 30 30 in
271 2848 143 30 Auckland
437 2849 106 30 district
566 2849 31 30 in
623 2850 105 35 March,

168 2888 76 29 1885.
298 2888 130 38 Inquired
456 2889 43 30 for
534 2888 37 38 by
604 2889 123 30 Thomas

167 2926 105 35 Power,
285 2926 159 35 Wakefield,
456 2928 140 36 England.

338 2978 39 28 H.
391 2978 34 28 G.
437 2978 224 36 YOONGHAN,

518 3017 176 31 Postmaster.

266 3092 120 33 Public
403 3093 152 33 Notices.

92 3170 117 41 THE
270 3173 222 42 WINTER
545 3174 184 44 STOCK

351 3246 35 19 AT
404 3246 56 20 THE

228 3282 116 41 NEW
367 3284 223 41 ZEALAND

94 3335 307 78 Clothing
432 3340 298 77 Factory

170 3426 276 34 PALMERSTON
479 3429 170 38 STREET,

308 3480 215 36 WESTPORT,

94 3526 58 61 IS
164 3535 62 21 now
238 3527 103 38 replete
350 3528 68 29 with
430 3538 17 19 a
456 3529 86 37 really
550 3529 181 38 Magnificent

305 3567 174 30 Assortment
491 3567 30 30 of

93 3611 121 42 Men's,
226 3613 141 32 Youths'
379 3615 70 30 and
460 3615 100 38 Boys'

232 3648 314 40 Fashionably-Cut
559 3650 162 41 Clothing

93 3694 46 30 Ail
157 3694 81 30 made
257 3695 72 29 from
350 3694 69 30 New
437 3695 120 29 Zealand
568 3696 90 37 Wool,
670 3697 45 30 tho-

256 3733 116 38 roughly
385 3733 116 35 shrunk,
514 3734 56 29 and

92 3780 26 29 A
138 3780 97 37 Single
245 3780 108 30 Article
366 3780 69 30 Sold
445 3782 34 28 at
489 3781 125 39 Factory
625 3782 104 29 Prices.

95 3857 26 33 A
156 3856 143 42 Splendid
332 3856 188 35 Assortment
562 3858 33 34 of
632 3858 99 34 Men's

174 3901 126 31 Youths'
330 3902 60 30 and
421 3902 89 40 Boys'
545 3902 188 41 Waterproof

252 3943 150 42 Clothing,
418 3944 41 32 all
468 3944 122 33 marked
600 3945 33 33 in
642 3945 88 33 Plain

331 3988 134 42 Figures,
501 3989 59 31 and
597 3989 73 33 Sold
699 3992 31 30 at

407 4031 127 43 Factory
556 4032 110 35 Prices.

199 4114 236 30 FIRST-CLASS
454 4114 171 30 CUTTERS

96 4154 73 36 Only
182 4163 45 19 are
245 4153 121 38 engaged
388 4153 30 28 in
439 4153 48 28 the
507 4153 87 29 Order
614 4154 97 37 Depart-

325 4193 79 26 ment
414 4193 28 26 at
455 4190 46 29 the

94 4243 91 40 New
203 4241 164 42 Zealand
380 4241 166 54 Clothing
562 4240 164 57 Factory.

94 4343 31 34 A
143 4342 116 41 Single
277 4343 77 33 Suit
369 4343 105 32 Made
498 4344 38 31 to
560 4343 112 33 Order
694 4346 37 31 at

263 4392 146 40 Factory
425 4391 134 33 Prices!

94 4492 170 33 Remember
284 4492 91 34 —All
400 4492 77 34 from
500 4492 53 34 the
574 4492 89 34 finest
686 4504 29 22 se-

94 4536 96 31 lected
202 4537 73 30 New
289 4537 132 31 Zealand
440 4537 97 36 Wool,
551 4537 180 40 thoroughly

95 4578 123 39 shrunk,
306 4589 18 23 a
337 4579 115 33 Perfect
466 4579 50 33 Fit
530 4579 199 34 Guaranteed.

167 4662 96 30 Terms
282 4662 110 30 CASH.
427 4663 45 29 No
487 4662 175 30 Abatement.

96 4737 104 38 Agents
230 4737 42 30 for
299 4738 48 30 the
376 4738 161 30 Unrivalled
566 4739 163 29 Weetheim

270 4777 115 28 Sewing
404 4777 153 29 Macaines.

94 4852 84 62 New
207 4852 153 62 Zealand
388 4852 160 77 Clothing
571 4853 156 77 Factory,

131 4936 329 36 PALMERSTON-ST.,
482 4937 213 31 WESTPORT.

186 5014 39 32 T.
242 5012 436 42 BLENNERHASSETT,

296 5057 132 36 Manager
439 5057 140 37 Westport
592 5059 119 29 Branch.

927 200 288 34 PablicfNotices.

760 284 77 28 THE
869 284 191 28 NATIONAL
1091 284 104 28 BANK
1225 284 47 28 OF
1303 284 87 28 NEW

882 361 388 37 ZEALAND,:'LIMITED.

760 536 120 28 HPHIS
900 536 102 28 BANK
1018 538 55 27 will
1085 537 33 29 be
1133 538 155 28 OPENED
1305 538 63 28 PER-

762 612 207 29 MANENTLY
997 616 29 26 to
1061 616 120 26 transact
1211 613 179 29 GENERAL

762 690 173 29 BANKING
965 691 198 34 BUSINESS,
1185 695 28 25 at
1246 691 80 37 Lyell
1355 702 35 19 on

759 766 54 31 and
826 766 68 30 after
908 766 207 37 SATURDAY,
1130 768 64 35 16fclj
1207 768 113 30 instant.

1020 853 43 28 W.
1085 853 169 35 DYMOCK,

1085 928 58 29 Gen
1147 929 53 27 eral
1204 928 94 37 |Mana
1302 938 55 26 g.°r.

794 5722 108 30 Russia
909 5720 56 33 has
973 5723 144 41 proposed
1128 5734 17 21 a
1153 5724 93 31 union
1257 5724 131 33 between

755 5764 155 33 Roumelia
925 5766 58 31 and
998 5767 141 40 Bulgaria
1153 5769 93 31 under
1262 5779 17 20 a
1306 5768 80 41 king,

754 5808 24 31 if
789 5808 141 41 Bulgaria
944 5810 135 32 submits.
