4140 5940
83 206 140 37 numbers
235 208 32 31 of
275 219 118 32 mayors
407 210 59 31 and
480 210 150 32 aldermen
645 211 75 33 from

83 252 84 33 other
182 252 128 33 colonies
326 265 48 21 are
389 266 65 21 now
469 255 79 32 here.

125 296 63 33 The
202 298 104 31 debate
323 309 37 21 on
385 299 50 31 the
458 305 66 26 vote
545 300 32 31 of
598 310 121 22 censure

88 350 38 22 on
142 341 49 32 the
217 341 203 33 Government
445 343 142 41 proposed
609 343 38 42 by
673 344 47 32 Sir

87 385 103 41 Henry
219 385 120 39 Parkes,
367 386 55 32 has
451 387 73 32 been
558 388 162 41 abjourned

85 429 78 30 until
184 430 140 40 to-night.

126 473 62 32 The
204 477 99 36 guests
318 475 31 31 of
361 474 50 32 the
426 474 163 41 Municipal
604 475 115 32 Jubilee

85 516 61 30 will
160 516 35 32 be
211 517 88 31 taken
314 528 38 21 on
367 529 18 19 a
399 518 57 41 trip
470 519 95 30 round
580 519 50 31 the
651 519 51 31 har-

90 559 53 33 bor
157 560 111 42 to-day.

129 604 29 32 It
184 604 55 31 has
264 606 164 40 transpired
456 605 66 32 that
550 606 83 32 Penn
661 607 59 31 and

85 646 101 35 Lizzie
200 649 134 32 Graham
350 660 73 22 were
445 649 93 42 living
561 650 31 32 in
614 661 18 21 a
656 653 64 30 tent

84 693 40 29 od
138 693 50 30 the
204 693 85 31 shore
304 694 44 30 for
372 694 56 30 five
453 694 94 31 weeks
571 694 74 31 after
668 694 51 32 the

85 736 96 33 wreck
196 736 32 33 of
238 736 51 34 the
306 737 158 43 Sovereign
478 737 32 34 of
521 737 50 34 the
588 738 81 33 Seas.

313 792 161 36 Adelaide,
491 792 125 31 October
632 793 46 30 13.

127 843 63 32 The
205 843 177 41 Legislative
395 844 123 32 Council
528 845 126 40 rejected
668 844 51 32 the

87 886 61 32 Bill
175 887 154 42 providing
355 888 44 32 for
433 887 51 33 the
517 891 140 38 payment
691 887 31 33 of

87 930 148 32 members
262 929 96 33 which
381 942 59 20 was
462 932 131 41 recently
614 932 105 40 passed

87 973 38 44 by
140 974 50 34 the
205 974 101 35 House
322 974 31 35 of
365 974 164 43 Assembly.

86 1067 174 34 MUTUAL
282 1068 239 33 ASSURANCE
546 1068 173 33 SOCIETY

160 1114 51 31 OF
235 1114 202 36 VICTORIA,
458 1113 187 32 LIMITED.

136 1218 100 42 [Daily
250 1218 175 40 Telegraph,
440 1218 115 40 August
577 1218 95 40 24th.]

128 1276 47 32 An
189 1276 220 41 extraordinary
418 1275 119 41 general
547 1275 130 41 meeting
691 1275 32 33 of

88 1320 51 32 the
154 1320 147 31 members
315 1320 31 31 of
357 1320 50 30 the
423 1318 123 32 Mutual'
554 1319 165 31 Assurance

90 1364 117 41 Society
221 1364 31 31 of
260 1362 130 33 Victoria
404 1362 138 37 Limited,
567 1372 60 22 was
651 1362 69 32 held

87 1409 30 30 at
132 1407 49 32 the
197 1407 96 32 offices
308 1407 31 31 of
362 1406 50 31 the
429 1406 116 40 Society
568 1406 152 40 yesterday

87 1451 163 35 afternoon,
261 1449 85 32 when
355 1449 50 31 the
417 1449 78 31 third
506 1448 214 41 quinquennial

87 1493 207 41 investigation
320 1495 99 38 report
445 1493 33 31 of
501 1492 51 31 the
580 1492 140 32 directors

87 1548 59 21 was
173 1537 163 41 presented.
378 1536 63 32 The
475 1536 80 32 Hon.
591 1536 129 32 Thomas

86 1582 114 32 Leader
215 1581 176 39 (chairman)
406 1580 143 42 presided,
565 1580 58 32 and
637 1580 83 33 there

84 1634 60 22 was
159 1636 17 19 a
190 1625 79 39 large
284 1625 174 30 attendance
473 1625 32 29 of
515 1624 156 30 members.

125 1667 63 33 The
202 1677 141 32 manager
357 1667 109 40 having
480 1666 70 32 read
561 1665 50 33 the
623 1669 97 38 report

85 1712 32 31 of
128 1712 50 31 the
190 1712 139 31 directors
343 1711 59 31 and
416 1710 50 32 the
491 1712 97 39 report
612 1710 32 32 of
668 1710 51 32 the

83 1755 169 40 consulting
266 1757 129 38 actuary.

124 1797 64 33 The
214 1797 153 33 chairman
390 1797 62 32 said
475 1797 24 32 it
526 1796 96 33 would
645 1796 75 33 have

83 1842 75 34 been
184 1843 159 41 gratifying
365 1844 31 30 to
416 1842 51 32 the
491 1842 139 32 directors
653 1841 26 32 if
703 1852 17 21 a

82 1887 91 32 much
196 1888 96 40 larger
316 1897 65 22 sum
405 1886 75 32 than
504 1888 131 36 £26,477
642 1886 77 42 -[had

84 1931 74 30 been
173 1930 142 31 available
330 1931 43 30 for
396 1930 189 31 distribution
609 1940 109 29 among

85 1974 50 32 the
150 1973 146 33 members
311 1973 32 33 of
355 1972 50 33 the
420 1973 118 42 society,
553 1972 54 33 but
621 1973 96 40 owing

82 2020 31 31 to
127 2018 51 33 the
203 2018 58 32 fact
275 2017 66 33 that
355 2017 50 33 the
420 2017 57 32 last
491 2017 55 33 five
561 2027 83 32 years
658 2016 60 33 had

83 2067 86 36 spent
184 2063 31 31 in
229 2062 159 40 extending
401 2062 51 31 the
468 2061 134 32 business
616 2061 32 32 of
666 2062 50 31 the

82 2105 109 42 society
205 2105 32 31 in
252 2105 50 32 the
317 2105 84 32 other
417 2105 138 36 colonies,
571 2104 128 32 consider-

80 2149 67 33 able
162 2160 125 31 expense
303 2149 59 33 had
372 2149 73 33 been
457 2148 145 34 involved.
645 2148 72 33 This

83 2194 194 31 unavoidable
312 2194 190 39 expenditure
536 2193 96 32 would
665 2196 53 29 not

82 2248 94 25 recur,
192 2237 58 31 and
265 2247 17 20 a
306 2236 80 41 large
411 2236 134 32 business
568 2246 60 21 was
651 2246 65 22 now

81 2279 190 33 established.
313 2280 63 31 The
390 2279 134 32 business
549 2279 60 32 had
632 2279 85 32 made

82 2328 83 36 great
174 2324 105 32 strides
291 2324 79 32 since
383 2323 214 41 quinquennial
605 2323 109 41 period,

82 2368 59 30 and
156 2368 50 31 the
218 2368 109 40 society
338 2368 59 30 had
405 2377 66 21 now
481 2367 144 31 excellent
635 2367 89 41 pros-,

80 2415 91 38 pects.
214 2411 63 32 The
292 2410 126 34 bonuses
433 2410 32 33 in
479 2422 80 21 some
574 2410 84 33 other
670 2421 29 22 as-

81 2466 124 22 surance
240 2455 132 33 societies
405 2465 75 22 were
513 2455 96 41 larger
643 2455 74 32 than

79 2499 102 36 theirs,
202 2500 52 30 but
269 2500 51 30 the
334 2502 63 28 rate
425 2500 32 30 of
480 2500 148 38 premium
649 2499 68 39 paid

80 2540 38 45 by
140 2542 51 33 the
215 2542 227 42 policy-holders
470 2542 31 33 of
522 2542 50 33 the
600 2542 117 32 Mutual

82 2599 59 19 was
155 2587 90 31 much
270 2587 97 32 lower.
410 2587 28 32 It
462 2598 60 21 was
546 2587 80 40 quite
649 2599 68 29 easy

80 2634 31 28 to
135 2641 57 31 pay
213 2641 17 21 a
254 2631 80 40 large
357 2631 94 31 bonus
478 2631 87 31 when
592 2641 18 20 a
636 2631 81 40 large

79 2674 147 41 premium
240 2684 60 21 was
315 2674 136 40 charged.
494 2674 62 31 The
578 2673 139 32 directors

79 2718 60 31 had
174 2718 158 41 appointed
365 2718 58 32 Mr.
458 2718 29 32 J.
516 2718 36 31 B.
578 2718 137 37 Gillison,

78 2762 37 32 P.
131 2762 34 32 F.
183 2763 46 36 A.,
245 2762 119 41 general
377 2773 150 30 manager,
539 2762 32 32 in
586 2762 131 32 addition

82 2809 28 28 to
125 2806 50 31 the
199 2806 128 40 position
351 2806 32 32 of
403 2808 129 38 actuary,
558 2805 96 32 which
679 2806 37 31 he

78 2849 61 32 had
162 2849 70 32 held
256 2850 79 31 since
362 2851 85 30 1884.
490 2849 62 32 The
576 2848 140 33 directors

78 2893 60 31 had
166 2904 86 30 every
278 2893 169 32 confidence
475 2893 31 31 in
533 2892 47 32 his
611 2893 102 42 youth,

77 2948 120 31 energy,
213 2937 58 31 and
285 2937 153 37 ambitiou,
464 2947 32 21 as
520 2937 66 32 well
610 2947 32 21 as
669 2937 47 31 his

78 2981 143 31 scientific
235 2980 179 41 knowledge,
430 2984 31 28 to
472 2980 128 32 advance
609 2980 51 32 the
671 2980 43 31 in-
723 2978 1 43 \

78 3026 106 31 terests
198 3024 32 33 of
254 3024 50 34 the
332 3025 118 41 society.
492 3024 103 43 (Hear,
619 3024 94 42 hear),

80 3068 70 39 they
162 3068 61 29 had
247 3068 62 29 also
332 3068 75 38 good
430 3077 155 29 managers
609 3068 31 29 in
665 3068 50 29 the

81 3109 86 33 other
172 3109 148 34 Colonies.
340 3110 48 32 He
396 3109 104 33 moved
514 3110 50 32 the
576 3109 139 42 adoption

82 3154 32 32 of
126 3154 51 31 the
191 3157 98 37 report
304 3154 58 30 and
376 3154 229 31 balance-sheet.

122 3196 57 33 Mr.
191 3197 39 32 H.
240 3196 120 35 Schlam
373 3196 143 33 seconded
529 3196 51 33 the
592 3196 121 38 motion,

81 3241 98 30 which
207 3252 59 19 was
294 3241 112 31 carried
428 3241 219 40 unanimously.
689 3241 26 30 A

81 3286 67 30 vote
164 3283 31 33 of
206 3283 109 33 thanks
324 3294 59 22 was
394 3284 104 41 passed
512 3286 31 30 to
557 3283 50 32 the
619 3283 79 32 chair-

80 3339 71 20 man
168 3328 58 32 and
249 3328 150 37 directors,
425 3328 59 32 and
508 3328 50 32 the
583 3328 131 41 meeting

80 3371 189 31 terminated.

144 3467 346 32 MISCELLANEOUS
511 3467 137 32 ITEMS.

121 3553 273 42 Notwithstanding
408 3554 51 32 the
472 3565 91 29 many
576 3554 139 36 theatres,

81 3608 69 22 now
174 3598 75 32 built
276 3598 32 31 in
322 3598 134 36 London,
486 3598 57 31 and
559 3608 48 21 are
622 3597 95 41 losing

83 3652 151 26 concerns,
250 3641 23 32 it
287 3642 25 31 is
334 3642 96 31 stated
444 3641 66 31 that
537 3641 51 31 the
612 3641 103 40 Jersey

83 3684 77 42 Lily,
169 3685 72 31 Mrs.
251 3685 143 41 Langtry,
405 3684 211 41 contemplates
623 3684 77 32 build-

82 3728 52 40 ing
148 3739 18 20 a
180 3729 113 31 theatre
308 3728 44 32 for
376 3728 117 37 herself,
520 3728 58 31 and
602 3728 25 31 is
651 3739 67 20 now

82 3772 129 42 actually
224 3772 184 41 negotiating
416 3772 45 32 for
474 3772 51 32 the
536 3771 143 41 purchase
689 3772 32 31 of

81 3826 18 21 a
114 3816 53 31 site
181 3816 32 31 in
229 3815 194 41 Shaftesbury
437 3817 130 35 Avenue,
582 3815 51 32 the
648 3826 64 21 new

84 3859 125 33 London
224 3859 220 42 thoroughfare,
460 3858 97 33 which
581 3858 25 32 is
630 3859 89 42 going

84 3907 30 28 to
129 3904 118 32 become
263 3916 54 20 one
333 3905 31 32 of
376 3904 49 31 the
440 3904 88 31 finest
556 3904 59 31 and
638 3907 77 30 most

82 3947 124 41 popular
221 3947 31 31 in
267 3947 49 32 the
331 3947 179 40 metropolis.

122 3992 39 29 At
167 3991 51 31 the
228 3991 48 31 old
283 3991 126 30 Theatre
417 3989 103 42 Eoyal,
533 3989 183 37 Melbourne,

82 4044 40 22 on
137 4033 50 32 the
202 4033 79 33 third
295 4033 31 33 of
338 4034 88 37 June,
453 4035 86 35 1851,
564 4033 31 31 in
620 4033 47 31 aid
691 4033 30 32 of

116 4078 62 31 The
202 4078 201 40 Shakespeare
677 4087 38 21 an

79 4123 138 30 amateur
265 4121 202 41 performance
515 4131 60 21 was
622 4120 96 41 given.

193 4165 156 31 Merchaut
371 4165 31 31 of
425 4163 109 33 Venice
668 4164 50 31 the

60 4226 5 5 •
83 4208 81 41 piece
192 4209 35 33 de
261 4209 169 37 resistance,
466 4208 51 32 the
550 4207 167 33 characters

84 4252 88 40 being
213 4252 151 31 sustained
397 4252 38 41 by
475 4252 51 31 the
567 4251 152 40 following

83 4295 148 33 members
272 4296 32 32 of
347 4295 184 32 Parliament
548 4305 6 21 :
567 4295 149 32 -Messrs.

84 4339 115 40 George
216 4339 84 31 Selth
315 4339 114 40 Coppin
446 4338 143 37 (member
613 4339 32 30 of
667 4338 50 31 the

82 4383 179 40 Legislative
290 4383 145 39 Council),
466 4382 139 37 Howard,
627 4382 90 37 Lock,

82 4427 128 36 Donald,
240 4426 128 32 Vincent
395 4426 89 41 Pyke,
514 4426 118 36 Wilkie,
662 4426 53 31 Dr.

83 4469 125 42 Hedley,
225 4469 41 32 M.
293 4470 35 32 L.
357 4469 89 40 King,
476 4469 59 31 and
559 4468 160 41 Carpenter

84 4514 159 39 (members
251 4514 31 30 of
290 4514 51 30 the
352 4513 179 39 Legislative
540 4513 177 39 Assembly).

84 4555 63 33 The
174 4555 145 43 principal
347 4555 92 33 ladies
466 4555 31 33 of
522 4555 51 32 the
600 4555 115 32 theatre

84 4611 146 29 company
277 4600 132 36 assisted,
451 4599 153 39 including
645 4599 72 30 Mrs.

84 4643 110 32 Robert
209 4643 83 37 Heir,
321 4643 66 32 who
412 4642 151 32 sustained
585 4642 51 31 the
658 4642 61 31 role

84 4689 32 31 of
127 4688 111 32 Portia.
281 4688 40 32 Of
331 4688 50 32 the
397 4687 168 41 gentlemen
579 4686 67 32 who
670 4697 32 29 ap-

84 4731 106 41 peared
214 4731 32 32 in
270 4731 51 32 the
345 4731 202 41 performance
571 4730 51 32 the
650 4729 69 41 only

82 4779 59 29 two
155 4786 66 22 now
235 4775 92 41 living
342 4786 48 21 are
405 4774 58 33 Mr.
486 4774 130 33 Vincent
639 4773 80 43 Pyke

84 4820 60 30 and
159 4820 56 30 Mr.
232 4819 38 31 G.
286 4819 125 40 Coppin.

1336 66 115 40 THE
1506 62 185 43 LYELL
1743 62 186 46 TIMES,
1983 58 307 52 SATURDAY,
2348 65 262 41 OCTOBER
2667 68 54 45 16,
2780 70 102 36 1886.

261 4907 279 32 NOTICE.

84 5010 54 82 IT
159 5009 25 32 is
206 5019 51 31 my
280 5008 148 32 intention
450 5009 30 31 to
505 5007 89 42 apply
614 5009 32 29 at
668 5006 49 32 the

152 5056 72 31 next
239 5053 104 41 sitting
367 5052 32 33 of
419 5052 51 33 the
493 5051 102 33 Waste
616 5050 101 32 Lands

80 5099 109 35 Board,
206 5098 121 35 Nelson,
350 5097 43 30 for
408 5106 39 20 an
461 5095 256 31 OCCUPATION

81 5141 178 34 LICENSE
275 5151 69 23 over

160 5203 50 34 All
224 5202 67 34 that
305 5202 80 43 piece
400 5212 33 23 or
446 5200 99 44 parcel
567 5200 32 33 of
620 5200 95 39 Land,

238 5257 164 40 consisting
417 5256 31 32 of
460 5256 90 31 about
573 5257 36 29 41
634 5266 81 21 acre
717 5256 2 41 3

240 5312 18 31 2
273 5310 95 38 roods,
385 5309 108 32 situate
507 5319 39 22 on
560 5308 51 32 the
629 5308 88 32 south

239 5365 62 31 side
315 5364 33 32 of
368 5364 52 31 the
439 5362 103 31 Buller
553 5362 98 36 River,
667 5373 32 28 op-

239 5416 94 42 posite
348 5413 172 34 Husband's
535 5413 86 38 farm,
638 5413 78 33 Fern

238 5470 78 37 Flat,
333 5468 59 32 and
406 5467 140 41 formerly
559 5467 109 31 known
684 5476 31 20 as

240 5523 112 41 Ryan's
387 5519 161 38 leasehold,
580 5519 136 32 bounded

239 5588 40 21 on
293 5574 50 35 the
364 5573 89 34 north
475 5572 39 44 by
538 5571 50 34 the
613 5571 103 33 Buller

240 5630 98 35 River,
355 5628 59 31 and
428 5638 38 21 on
482 5627 40 30 all
541 5626 85 32 other
640 5625 76 31 sides

239 5682 38 42 by
293 5681 105 33 Crown
413 5679 95 32 lands.

424 5743 34 31 P.
482 5740 191 34 O'HAGAN.

119 5812 81 31 Kern
216 5809 77 35 Flat,
310 5806 127 34 October
450 5804 81 37 14th,
549 5804 85 31 1886.

922 203 119 30 Public
1058 203 153 30 Notices.

747 284 149 32 NOTICE
925 284 52 31 OF
1005 283 268 32 APPLICATION
1302 282 79 32 FOE

797 329 24 30 A
845 327 275 33 CONDITIONAL
1141 325 189 34 LICENSE.

746 529 110 42 hereby
868 529 65 41 give
947 529 97 32 notice
1059 529 66 31 that
1139 528 16 31 I
1178 528 93 32 desire
1287 530 30 30 to
1331 527 32 33 ob-

746 574 73 36 tain,
836 574 58 31 and
918 573 60 32 will
1002 576 31 28 at
1057 571 50 33 the
1129 575 71 29 next
1226 572 112 40 Sitting
1351 572 32 31 of

746 617 51 32 the
812 617 100 37 Court,
927 618 31 31 to
972 616 35 33 be
1029 616 109 32 holden
1153 617 31 30 at
1208 615 172 32 Murchison

746 673 38 20 on
799 661 50 31 the
873 661 61 31 2nd
957 661 56 42 day
1036 659 175 38 November,
1226 659 88 41 apply
1338 659 43 32 for

747 716 16 20 a
778 704 166 32 Certificate
965 703 185 40 authorising
1163 703 51 31 the
1228 703 78 31 issue
1321 703 32 31 of
1364 713 17 20 a

747 748 188 34 Conditional
968 747 262 34 Accommodation
1257 746 124 33 License

746 793 44 31 for
804 804 17 19 a
835 793 92 31 house
951 792 107 31 situate
1078 793 30 29 at
1132 791 124 31 Buhner
1278 791 101 37 Creek,

747 837 90 31 Owen
852 836 96 37 Eeefs,
964 835 172 40 containing
1149 834 56 32 five
1219 845 99 21 rooms
1332 845 32 21 ex-

746 880 108 32 clusive
870 880 31 31 of
909 880 84 32 those
1005 878 135 42 required
1153 878 45 32 for
1212 878 51 32 the
1277 887 52 23 use
1353 877 31 33 of

746 924 51 32 the
810 924 113 40 family

838 965 167 35 THOMAS
1027 964 309 34 TATTEKSHALL.

784 1012 98 32 Dated
905 1012 51 32 the
970 1011 74 32 28th
1068 1011 57 41 day
1143 1011 32 31 of
1196 1010 182 41 September,

748 1057 85 30 1886.

746 1142 149 32 NOTICE
925 1142 51 32 OF
1004 1141 269 32 APPLICATION
1301 1139 79 32 FOR

795 1186 26 32 A
842 1186 277 33 CONDITIONAL
1139 1184 189 34 LICENSE.

746 1388 97 31 notice
859 1388 65 31 that
937 1388 16 31 I
967 1386 93 33 desire
1074 1389 32 30 to
1120 1385 111 39 obtain,
1247 1386 59 31 and
1319 1385 61 32 will

748 1435 29 28 at
792 1432 50 31 the
861 1433 71 30 next
956 1431 111 41 Sitting
1087 1431 33 32 of
1143 1430 51 32 the
1221 1430 160 40 Licensing

748 1475 90 31 Court
862 1476 31 30 to
907 1474 36 32 be
957 1474 110 32 holden
1089 1476 31 30 at
1144 1473 173 32 Murchison
1342 1483 39 22 on

748 1518 50 32 the
813 1518 59 31 2nd
886 1517 57 42 day
956 1517 32 33 of
999 1517 175 38 November,
1190 1517 88 41 apply
1299 1517 45 32 for
1364 1527 17 21 a

748 1561 167 34 Certificate
934 1561 185 43 authorising
1142 1561 51 33 the
1207 1561 78 34 issue
1310 1560 33 34 of
1364 1571 17 22 a

749 1607 189 31 Conditional
947 1606 124 32 License
1082 1606 45 31 for
1141 1617 17 20 a
1168 1607 93 30 house
1273 1606 107 30 situate

748 1651 30 29 at
793 1649 129 31 Flowers
936 1648 79 38 Flat,
1031 1649 92 32 Owen
1136 1648 97 37 Eeefs,
1245 1647 117 32 contain-

748 1693 51 40 ing
814 1703 87 21 seven
911 1703 108 26 rooms,
1035 1691 148 33 exclusive
1197 1691 32 33 of
1239 1691 85 33 those
1335 1702 29 21 re-

747 1736 102 41 quired
859 1736 45 31 for
917 1736 51 31 the
982 1745 52 22 use
1049 1736 31 32 of
1091 1736 51 31 the
1156 1735 114 41 family.

983 1787 139 32 MYLES
1137 1787 42 31 M.
1195 1786 141 33 DIXON.

786 1840 96 33 Dated
896 1840 51 33 the
962 1840 60 33 2nd
1032 1840 57 42 day
1097 1840 32 33 of
1141 1840 136 38 October,
1291 1841 86 31 1886.

746 1930 149 32 NOTICE
925 1930 51 31 OF
1000 1929 270 31 APPLICATION
1300 1929 79 31 FOE

795 1983 26 32 A
842 1981 276 34 CONDITIONAL
1139 1981 190 33 LICENSE.

746 2097 26 23 T
814 2089 161 32 MICHEL
984 2088 147 38 FAGaN,
1142 2089 32 31 of
1184 2088 51 32 the
1241 2088 138 41 junction

748 2131 23 41 1
779 2159 10 28 j
841 2143 32 34 of
892 2143 91 34 Owen
1010 2141 59 33 and
1083 2141 111 34 Nelson
1220 2141 97 39 roads,
1341 2141 38 33 do

744 2197 110 41 hereby
867 2197 64 40 give
945 2196 97 32 notice
1056 2195 66 32 that
1143 2195 16 32 I
1172 2196 94 31 desire
1283 2197 31 30 to
1329 2195 33 32 ob-

744 2249 73 37 tain,
840 2249 59 31 and
919 2248 61 33 will
1000 2251 31 29 at
1051 2247 52 33 the
1123 2249 72 30 next
1217 2246 112 42 Sitting
1350 2246 31 33 of

744 2301 51 32 the
812 2301 159 41 Licensing
991 2300 101 38 Court,
1108 2301 30 32 to
1158 2300 37 32 be
1215 2299 110 33 holden
1347 2301 31 30 at

744 2354 173 32 Murchison
927 2365 40 20 on
984 2354 52 31 the
1055 2354 60 30 2nd
1129 2353 57 41 day
1199 2352 178 33 November,

744 2406 89 43 apply
852 2406 44 34 for
911 2416 18 23 a
943 2406 167 34 Certificate
1124 2404 186 43 authorising
1326 2404 52 34 the

744 2461 78 32 issue
846 2461 32 32 of
899 2471 18 21 a
930 2460 189 33 Conditional
1142 2459 125 32 License
1291 2459 45 32 for
1362 2469 17 21 a

744 2513 92 32 house
851 2513 107 31 situate
974 2515 30 28 at
1014 2512 138 42 junction
1166 2512 32 32 of
1214 2512 92 31 Owen
1320 2511 59 31 and

744 2566 110 33 Nelson
878 2566 80 38 road,
984 2564 172 43 containing
1182 2564 66 34 four
1274 2575 99 23 rooms

744 2619 146 32 exclusive
901 2620 32 31 of
944 2620 84 31 those
1042 2618 136 41 required
1191 2617 44 32 for
1249 2618 52 31 the
1326 2628 52 21 use

744 2671 32 32 of
786 2672 51 31 the
851 2670 113 43 family.

783 2733 97 33 Dated
903 2733 50 33 the
969 2733 73 33 25th
1066 2733 56 43 day
1141 2732 31 34 of
1195 2730 185 46 SeptemberJ

745 2789 86 29 1886.

980 2839 189 33 MICHAEL
1190 2837 148 34 FAGAN.

744 2922 148 33 NOTICE
922 2922 52 33 OF
1002 2921 269 33 APPLICATION
1299 2921 79 33 FOE

792 2975 25 30 A
839 2975 276 31 CONDITIONAL
1136 2974 189 32 LICENSE.

744 3084 26 24 T
811 3078 170 31 GEOEGE
1014 3079 144 30 HENEY
1191 3079 186 36 TEOWEE,

744 3123 42 48 J-j
831 3130 32 32 of
888 3131 91 31 Owen
999 3130 98 38 Eiver,
1119 3131 38 32 do
1176 3131 111 41 hereby
1313 3131 65 40 give

742 3183 96 32 notice
853 3183 65 32 that
933 3184 15 31 I
963 3183 93 33 desire
1070 3187 31 30 to
1115 3183 111 39 obtain,
1242 3183 58 32 and
1319 3183 60 32 will

743 3237 31 30 at
793 3236 51 31 the
864 3239 72 28 next
962 3237 111 40 Sitting
1094 3237 32 31 of
1146 3237 51 31 the
1220 3237 160 39 Licensing

744 3288 91 33 Court
859 3291 30 30 to
914 3289 34 32 be
963 3289 110 32 holden
1087 3291 31 30 at
1141 3286 174 37 Murchison
1339 3299 39 22 on

744 3342 50 31 the
809 3342 60 31 2nd
883 3343 56 39 day
953 3343 31 30 of
996 3343 175 37 November,
1188 3343 87 41 apply
1296 3343 45 31 for
1361 3353 17 20 a

744 3394 167 33 Certificate
932 3394 186 43 authorising
1137 3395 51 33 the
1209 3394 78 33 issue
1308 3394 33 35 of
1362 3404 18 23 a

744 3448 188 33 Conditional
954 3448 124 32 License
1099 3448 45 33 for
1164 3448 141 42 premises
1328 3448 38 31 sit-

743 3503 68 30 uate
840 3503 31 29 at
899 3501 91 32 Owen
1017 3500 89 32 Eiver
1128 3500 152 38 Junction,
1310 3511 51 21 con-

743 3554 116 40 taining
883 3554 65 32 four
962 3565 97 22 rooms
1081 3554 146 33 exclusive
1242 3554 31 31 of
1294 3553 85 32 those

743 3606 136 42 required
892 3606 45 33 for
951 3606 51 33 the
1017 3618 52 21 use
1084 3606 32 33 of
1127 3606 51 33 the
1192 3606 113 42 famiiy.

784 3667 96 33 Dated
902 3667 51 33 the
974 3668 73 32 22rd
1067 3668 57 42 day
1144 3667 32 33 of
1195 3667 183 42 September,

746 3722 85 30 1886.

1021 3773 38 32 G.
1082 3773 40 32 H.
1152 3772 186 33 TEOWEE.

744 3893 630 105 fHOTOGRAPHf

895 4067 44 40 E.
984 4067 247 49 TEAGUE,

748 4147 394 59 pHOTOGEAHHIC
1199 4148 178 38 IETIST,

933 4236 89 27 From
1042 4236 146 35 Westport,

746 4299 77 42 Begs
837 4301 31 31 to
881 4299 136 33 intimate
1031 4300 67 32 that
1108 4300 38 33 he
1160 4300 55 33 has
1229 4301 121 41 Opened
1361 4312 18 21 a

804 4344 219 40 Photographic
1043 4344 121 41 Gallery
1177 4345 32 30 in
1223 4344 95 42 Lyell,

746 4401 47 32 On
808 4401 231 38 THUESDAY,
1057 4401 250 33 SEPTEMBEE
1328 4404 48 37 23,

864 4454 67 31 And
945 4454 25 31 is
990 4455 142 40 prepared
1145 4457 31 29 to
1193 4455 67 32 take

747 4506 250 51 Photographs,
1021 4507 125 47 Cards,
1164 4502 88 45 and.
1267 4508 111 39 Views

901 4568 36 30 Of
952 4578 83 28 every
1053 4568 173 38 description.

748 4617 82 26 Carte
843 4617 32 26 de
891 4617 100 26 Visitcs
1181 4617 56 33 15/-
1268 4626 49 25 per
1329 4617 50 28 doz

748 4654 115 29 Cabinet
875 4654 142 28 Portraits
1183 4654 62 39 22/6
1315 4676 17 14 „

816 4694 118 35 Groups,
953 4693 171 33 Residences,
1144 4693 55 33 dc,
1218 4704 31 17 as
1257 4703 54 27 per

981 4733 164 34 agreement.

917 4808 70 27 Nate
1005 4808 47 27 the
1071 4808 134 28 Address:

746 4858 195 34 OPPOSITE
964 4859 229 33 FENNELL'S
1218 4859 158 33 EMPIEE

989 4902 150 32 HOTEL.

763 4993 359 36 WELCOME
1193 4993 165 46 INN,

1006 5069 104 27 Lyell.

854 5217 154 33 ELLSN
1038 5217 233 35 WILLIAMS

832 5278 144 34 returning
994 5278 101 28 thanks
1113 5278 42 28 for
1176 5283 61 32 past
1258 5280 118 31 favours,

817 5315 64 36 begs
899 5319 28 24 to
948 5315 99 28 inform
1065 5316 50 28 her
1132 5316 103 30 friends
1254 5317 55 29 and
1330 5318 46 29 the

744 5354 90 36 public
854 5355 61 28 that
936 5355 48 27 she
1009 5355 128 37 has'just
1159 5357 153 35 completed
1333 5367 28 18 ex-

744 5393 103 26 tensive
866 5393 137 26 additions
1027 5393 54 28 und
1100 5393 159 29 alterations
1281 5398 28 24 to
1328 5395 50 27 her

743 5429 142 39 premises,
904 5429 54 30 aud
979 5431 45 28 the
1047 5432 207 29 accomodation
1272 5433 24 28 is
1313 5443 63 18 now

961 5470 190 36 unsurpassed.

743 5569 73 35 Ales,
841 5569 103 34 Wines,
967 5570 54 28 and
1044 5570 97 37 Spirits
1167 5570 30 29 of
1218 5571 158 30 First-class

916 5610 110 35 Quality
1041 5610 64 35 only
1118 5610 73 37 kept.

812 5723 77 28 Good
909 5721 125 35 Stabling
1052 5722 253 29 Accommodation.

915 5770 127 28 ELLEN
1066 5770 205 34 WILLIAMS,

1122 5809 218 27 Proprietress.

1579 195 118 33 Public
1719 198 151 30 Notices.

1469 278 123 28 LYELL
1605 278 21 28 &
1639 276 174 29 CENTRAL
1826 273 155 30 DULLER

1408 334 158 63 JOCEY
1584 334 109 62 CLUB
1712 332 113 61 RACE
1850 329 192 63 MEETING

1610 421 35 20 TO
1660 421 35 19 BE
1711 420 77 20 HELD
1803 419 35 20 ON

1425 463 174 33 MONDAY,
1618 462 223 29 DECEMBEB
1857 460 77 33 27th,
1947 461 77 27 1886.

1645 538 159 29 Stewards:

1409 577 101 30 Messrs
1523 577 110 29 Lowick
1752 577 100 28 Messrs
1862 576 26 28 J.
1900 573 141 37 Campbell

1462 636 16 14 „
1524 616 26 29 J.
1566 615 68 30 Reid
1803 635 17 14 „
1863 612 179 30 J.M'Dowall

1460 676 17 13 „
1523 654 35 29 D.
1574 654 123 29 Sullivan
1804 674 16 13 „
1864 652 27 30 J.
1909 652 64 28 Rait

1461 713 17 13 „
1523 694 31 26 C.
1571 694 110 26 Trower
1804 711 16 12 „
1864 692 32 26 A.
1917 689 89 29 Smith

1554 730 108 38 Judge:
1685 729 43 29 Mr
1741 729 31 29 0.
1787 729 106 38 Lyach.

1523 770 127 28 Starter:
1673 770 44 27 Mr
1729 770 31 27 T.
1775 768 152 29 O'Rourke.

1488 808 80 29 Clerk
1581 808 34 36 of
1623 809 118 26 Course:
1764 807 43 27 Mr
1820 807 26 28 J.
1860 807 103 27 James.

1422 847 81 28 Clerh
1516 847 33 35 of
1560 847 93 27 Scales
1664 856 8 17 :
1695 846 43 27 Mr
1751 846 37 27 H.
1801 847 31 26 b.
1846 844 183 29 Huddleston.

1476 885 76 28 Hon.
1569 885 171 27 Treasurer:
1763 884 43 27 Mr
1820 884 30 27 0.
1865 882 106 37 Lynch.

1408 978 83 31 Hack
1509 979 124 30 Hurdle
1653 978 77 30 Race
1749 977 31 31 of
1802 978 33 29 10
1859 986 70 21 sovs.
1978 976 46 29 Dis-

1476 1023 88 28 tance,
1578 1020 32 34 l£
1622 1019 89 27 miles.
1747 1019 71 26 Over
1837 1017 41 28 six
1899 1017 94 35 flights
2014 1017 30 27 of

1475 1056 119 28 hurdles.
1632 1056 149 27 Minimum
1805 1055 111 36 weight,
1930 1056 43 26 Ost
1985 1054 54 28 71b.

1474 1094 150 35 Entrance,
1639 1095 13 27 1
1666 1103 57 19 sov.

1406 1141 109 29 Jockey
1528 1144 76 25 Club
1618 1141 150 27 Handicap
1778 1139 30 29 of
1818 1142 32 26 25
1862 1149 70 19 sovs.
1954 1139 87 37 (Open

1476 1179 91 37 Race.)
1604 1179 140 33 Distance,
1766 1179 33 35 1£
1820 1178 88 29 miles.
1945 1178 76 28 Nomi-

1475 1219 120 32 nations,
1609 1219 13 26 1
1638 1227 56 18 sov.
1730 1219 195 33 Aeceptances,
1939 1216 54 36 30/.

1406 1265 150 29 Handicap
1569 1265 84 29 Hack
1667 1264 77 30 Race
1763 1265 29 29 of
1812 1266 15 28 5
1841 1273 70 20 sovs.
1947 1264 14 35 f
1977 1263 64 29 mile

1475 1305 79 27 heats
1576 1305 116 27 without
1712 1304 197 32 dismounting.
1947 1303 75 28 Nomi-

1474 1342 119 32 nations,
1607 1341 36 37 5/.
1680 1341 194 36 Acceptances,
1890 1339 36 37 5/.

1407 1389 136 28 District
1556 1390 150 26 Handicap
1716 1388 29 28 of
1756 1390 31 26 15
1801 1397 70 19 sovs.
1909 1388 32 35 1|
1955 1387 86 27 miles.

1476 1428 202 33 Nominations,
1693 1426 53 37 10/.
1783 1426 192 36 Acceptances,
1994 1422 47 32 Ml.

1476 1465 78 36 Open
1568 1471 27 23 to
1608 1466 106 28 district
1727 1465 93 27 horses
1834 1465 73 35 only.

1412 1512 151 29 Handicap
1583 1512 84 28 Hack
1688 1512 77 28 Race
1787 1511 31 28 of
1836 1513 14 26 5
1872 1520 72 19 sovs.
1980 1511 45 28 Dis-

1476 1555 88 30 tance,
1596 1552 15 27 1
1641 1549 76 30 mile.
1766 1550 208 35 Nominations,
2005 1548 36 39 5/.

1474 1590 194 37 Acceptances,
1681 1590 37 37 5/.

1408 1636 193 29 Consolation
1615 1637 151 26 Handicap
1778 1636 29 27 of
1824 1637 33 26 10
1870 1644 71 19 sovs.
1978 1635 51 28 Dis

1476 1679 90 28 tance,
1594 1675 14 28 1
1634 1674 74 29 mile.
1757 1674 203 34 Nominations,
1989 1673 51 38 10/.

1476 1713 194 36 Acceptances,
1687 1712 51 37 10/.

1407 1760 115 28 Forced
1535 1760 149 27 Handicap
1697 1760 30 27 of
1747 1760 33 27 10
1792 1769 71 18 sovs.
1900 1759 140 31 Distance,

1476 1799 33 34 1£
1531 1797 89 29 miles.
1657 1798 148 33 Entrance,
1827 1799 13 26 1
1865 1806 56 19 sov.
1961 1798 59 27 Com-

1476 1836 111 38 pulsory
1600 1840 28 25 to
1640 1835 128 35 winners,
1778 1836 121 37 optional
1910 1839 26 26 to
1946 1835 71 30 loser
2032 1856 8 9 .

1530 1936 97 28 Rules
1640 1945 55 19 anb
1709 1936 209 28 Regulations.

1440 1983 180 30 Nomination
1646 1983 72 37 day:
1747 1983 136 37 Tuesday,
1906 1983 56 28 2nd
1985 1983 36 28 No-

1406 2021 112 31 vember
1528 2030 7 28 ;
1555 2022 169 29 declaration
1745 2022 30 29 of
1794 2022 132 34 weights:
1948 2021 76 30 Satur-

1406 2061 61 37 day,
1494 2061 63 30 13th
1584 2061 173 33 November;
1776 2061 79 35 night
1881 2061 30 29 of
1931 2061 109 36 general

1405 2105 96 31 entry:
1521 2100 135 36 Tuesday,
1667 2099 64 28 14th
1743 2098 159 29 December.

1440 2147 195 29 Nominations
1647 2147 42 29 for
1702 2147 47 28 the
1761 2145 104 38 Jockey
1875 2145 69 30 Club
1960 2145 60 30 Han-

1413 2185 76 37 iicap
1502 2187 55 27 ap.d
1573 2187 111 27 District
1705 2186 146 36 Handicap
1873 2187 55 27 will
1947 2187 33 27 be
2001 2196 26 18 re-

1405 2224 93 28 ceived
1512 2224 37 36 by
1561 2224 47 28 the
1621 2225 141 35 Secretary
1777 2232 37 28 up
1827 2227 28 24 to
1867 2225 17 26 8
1897 2232 66 28 p.m.

1439 2270 45 29 All
1496 2270 188 29 nominations
1697 2274 27 25 to
1745 2270 107 28 enclose
1867 2270 174 36 description,

1405 2318 58 27 age.
1477 2308 136 38 pedigree,
1627 2308 54 29 and
1704 2308 81 29 latest
1803 2308 189 37 performance
2014 2309 30 27 of

1405 2347 105 34 horses,
1532 2357 81 18 name
1639 2347 30 28 of
1690 2357 92 18 owner
1805 2347 54 27 and
1884 2347 106 27 colours
2015 2347 30 28 of

1404 2384 96 36 riders,
1513 2390 128 24 entrance
1660 2394 111 28 money,
1785 2384 54 29 and
1852 2384 189 37 qualification

1404 2423 66 31 fees.

1467 2471 115 30 District
1596 2472 80 28 horse
1723 2474 28 26 to
1764 2480 82 19 mean
1860 2481 15 19 a
1889 2471 80 28 horse
1980 2470 61 30 that

1405 2509 50 28 has
1476 2510 68 28 been
1566 2509 122 35 running
1709 2509 29 27 in
1761 2509 47 28 the
1827 2509 106 27 district
1954 2510 42 27 for
2013 2515 28 23 at

1404 2547 68 29 least
1485 2548 76 29 three
1574 2547 113 30 months
1699 2545 74 40 prior
1793 2552 27 24 to
1839 2547 46 29 the
1900 2557 69 24 race,
1986 2547 55 29 and

1404 2592 28 24 to
1446 2587 32 29 be
1491 2587 47 29 the
1552 2588 73 28 bona
1631 2587 59 36 fide
1704 2592 127 31 property
1843 2587 30 28 of
1883 2597 15 18 a
1911 2587 128 28 resident.

1405 2625 114 29 District
1537 2628 27 25 to
1586 2626 108 27 include
1714 2625 147 36 Hampden
1889 2625 100 35 Riding
2014 2626 29 27 of

1405 2663 109 37 County
1538 2663 30 28 of
1606 2663 180 35 Inangahua;
1818 2663 126 36 together
1973 2663 67 29 with

1406 2702 79 36 Lyell
1499 2702 110 36 Riding,
1624 2702 109 36 County
1745 2701 104 28 Duller.

1441 2750 42 29 No
1502 2759 99 28 person
1622 2749 56 29 will
1698 2748 33 30 be
1753 2748 114 30 allowed
1890 2751 28 26 to
1935 2752 77 26 enter
2025 2759 15 19 a

1404 2788 81 28 horse
1509 2789 41 27 for
1573 2798 55 25 any
1651 2798 61 17 race
1735 2789 104 34 (except
1862 2788 69 27 hack
1953 2789 85 33 races)

1405 2826 93 29 unless
1510 2826 34 29 he
1556 2826 23 29 is
1593 2835 16 19 a
1624 2825 151 29 subscriber
1787 2825 31 29 of
1829 2826 36 28 £'l
1881 2830 26 24 to
1920 2825 47 28 the
1977 2835 62 19 race

1404 2865 77 28 fund.
1528 2865 46 28 All
1598 2865 71 27 hack
1692 2874 76 18 races
1792 2868 61 32 post
1872 2869 87 31 entry,
1985 2865 55 27 and

1406 2902 104 38 subject
1522 2906 28 25 to
1563 2903 47 29 the
1622 2903 131 37 approval
1765 2903 30 27 of
1804 2902 46 28 the
1864 2903 139 28 stewards.

1440 2950 58 28 The
1519 2950 121 28 decision
1665 2950 30 28 of
1715 2950 46 27 the
1786 2950 130 28 stewards
1940 2959 37 19 on
2002 2950 36 28 all

1407 2987 91 38 points
1522 2988 150 28 connected
1702 2987 67 29 with
1794 2988 46 28 the
1864 2997 174 28 programme

1407 3026 70 30 shall
1490 3026 33 30 be
1537 3026 75 30 final.

1439 3073 115 35 Anyone
1577 3072 125 35 entering
1722 3082 16 17 a
1756 3076 103 31 protest
1873 3076 75 24 must
1961 3073 34 26 do
2009 3081 29 18 so

1404 3110 30 28 in
1454 3110 110 36 writing
1585 3110 97 29 within
1704 3109 92 30 fifteen
1820 3110 119 28 minutes
1953 3110 29 28 of
1994 3110 44 28 the

1406 3150 70 26 close
1489 3149 30 28 of
1537 3158 69 23 race,
1621 3149 194 36 accompanied
1829 3150 35 34 by
1878 3150 45 26 the
1937 3158 60 18 sum
2012 3150 30 26 of

1407 3187 48 33 ill,
1476 3187 90 28 which
1588 3187 56 28 will
1665 3186 32 29 be
1719 3187 120 28 forftited
1859 3190 29 24 to
1910 3186 46 29 the
1977 3196 61 19 race

1406 3226 66 27 fund
1489 3225 99 28 should
1610 3225 46 29 the
1677 3229 103 33 protest
1799 3235 82 26 prove
1900 3227 139 26 vexatious

1406 3272 31 17 or
1447 3263 140 26 frivolous.

1441 3309 89 30 Three
1543 3313 162 34 acceptance
1718 3309 41 30 for
1769 3309 67 30 each
1848 3314 89 31 event,
1951 3320 29 19 or
1993 3309 46 31 the

1407 3348 91 36 public
1512 3358 99 26 money
1624 3349 55 27 will
1697 3349 32 28 be
1742 3349 141 28 withheld.

1441 3395 97 31 Stakes
1551 3395 63 39 paid
1625 3395 52 29 less
1688 3395 54 29 five
1755 3405 47 28 per
1814 3400 70 25 cent.

1632 3443 129 30 tfRANK
1780 3443 191 35 HODGSON,

1763 3483 75 26 Hon.
1853 3483 153 35 Secretary.

1554 3553 340 28 NOTICE.

1408 3689 35 17 -*-
1479 3689 70 33 port,
1563 3684 80 37 Lyell
1656 3685 55 28 and
1730 3685 46 28 the
1789 3685 183 37 surrounding
1985 3685 40 28 dis-

1406 3723 77 28 tricts
1497 3723 60 28 that
1572 3723 15 27 I
1608 3723 69 28 have
1699 3723 168 28 determined
1881 3733 75 26 npon
1978 3733 46 18 con-

1406 3762 109 34 tinuing
1537 3761 47 28 the
1607 3760 124 29 business
1756 3761 105 28 carried
1880 3770 35 19 ou
1935 3761 35 37 by
1993 3770 46 27 my

1406 3799 53 29 late
1484 3799 136 34 husband,
1639 3800 55 28 and
1717 3803 71 25 trust
1813 3800 61 28 that
1898 3809 37 19 an
1960 3800 79 36 equal

1406 3846 125 19 measure
1545 3838 30 27 of
1594 3838 46 27 the
1654 3838 95 28 liberal
1762 3844 148 29 patronage
1923 3837 115 37 enjoyed

1406 3874 36 39 by
1463 3875 60 29 him
1543 3875 42 30 for
1597 3885 30 20 so
1644 3885 86 28 many
1751 3885 80 28 years
1852 3884 66 29 may
1942 3875 32 30 be
1996 3885 28 20 ex-

1406 3915 100 27 tended
1519 3920 27 23 to
1561 3925 52 17 me.
1650 3915 58 28 The
1721 3915 123 28 business
1857 3915 57 28 will
1928 3915 33 28 be
1975 3923 48 19 con-

1406 3951 98 29 ducted
1523 3951 87 29 under
1627 3951 47 30 the
1693 3962 76 19 same
1787 3953 70 35 style
1877 3962 30 19 or
1926 3953 59 27 title
2010 3961 29 19 as

1406 3990 129 28 hitherto.

1674 4028 105 28 MARY
1797 4028 79 28 ANN
1897 4028 106 28 GOER.

1439 4075 148 36 Westport,
1601 4076 64 28 28th
1678 4076 76 35 July,
1769 4077 75 27 1886.

1620 4242 212 28 WESTPORT.

1512 4336 127 29 ASMUS
1664 4336 64 35 begs
1753 4340 28 24 to
1805 4336 99 27 inform
1931 4336 47 28 the
1999 4335 26 28 in-

1483 4385 8 10 »
1531 4374 140 30 habitants
1684 4375 30 28 of
1733 4374 80 37 Lyell
1826 4374 53 28 and
1894 4374 128 28 surround-

1405 4412 48 34 ing
1464 4412 121 30 districts
1597 4414 61 28 that
1671 4414 34 26 he
1717 4413 51 28 has
1790 4413 104 36 opened
1916 4413 123 27 business

1406 4460 29 18 as
1448 4460 17 18 a
1479 4451 113 27 Saddler
1604 4451 54 28 and
1677 4451 124 27 Harness
1827 4451 93 27 Maker
1942 4451 29 26 in
1993 4451 41 26 the

1406 4498 59 19 new
1487 4489 55 28 and
1564 4489 132 35 centrally
1719 4489 115 28 situated
1858 4487 133 38 premises
2010 4489 26 26 ir

1407 4527 168 26 Palmerston
1586 4530 91 27 street,
1690 4531 63 22 nezt
1766 4527 66 26 door
1843 4529 29 23 to
1887 4527 43 24 Mr
1940 4526 86 25 Hasel

1406 4562 62 35 den,
1493 4564 134 28 Solicitor.
1665 4564 44 28 He
1731 4564 49 27 has
1803 4572 15 19 a
1843 4563 192 28 well-assorted

1406 4602 85 33 stock,
1505 4603 54 27 and
1572 4603 85 35 hopes
1673 4602 34 35 by
1721 4602 79 35 lining
1813 4602 47 27 tlie

1406 4648 94 29 BEST
1521 4649 205 33 MATERIAL,

1475 4688 100 28 GOOD
1595 4687 298 30 WORK.UANSIirP,

1587 4725 63 28 And
1663 4725 208 28 MODERATE
1894 4725 143 32 PRICES,

1474 4764 39 28 To
1526 4765 80 28 merit
1618 4774 17 19 a
1647 4764 50 28 fair
1710 4764 79 29 share
1803 4764 29 28 of
1848 4767 118 34 support.

1440 4847 123 38 Country
1576 4847 92 30 orders
1688 4849 56 27 will
1763 4848 104 29 receive
1886 4847 100 37 speciai
2000 4851 24 24 at-

1407 4888 113 31 tention,
1546 4887 54 27 and
1624 4888 135 34 anytlimg
1785 4888 27 25 in
1838 4887 46 27 the
1909 4887 53 26 lure
1989 4887 37 26 for-

1406 4925 108 27 warded
1526 4925 42 27 for
1580 4926 89 35 repair
1683 4926 54 26 will
1758 4926 31 26 be
1811 4924 127 28 returned
1960 4924 63 27 with-

1406 4971 47 20 out
1465 4963 89 36 delay.
1592 4964 98 28 Orders
1703 4964 79 33 given
1794 4967 28 24 to
1832 4964 33 26 D.
1879 4962 160 33 Robertson,

1406 5000 162 34 coachman,
1582 5002 55 26 wili
1651 5001 103 27 receive
1767 5002 144 26 attention.

1484 5047 95 39 Every
1597 5047 107 30 Article
1722 5048 74 37 Kept
1813 5047 32 29 in
1866 5047 91 30 Stock.

1537 5123 50 38 H.
1637 5122 268 45 ASMUSS,

1407 5177 190 31 SADDLER
1620 5179 21 28 &
1663 5177 190 30 HARNESS
1883 5176 155 36 MAKER,

1498 5221 171 30 Palmerston
1684 5221 97 35 Street,
1796 5220 146 38 Westport.

1453 5303 44 40 A.
1554 5302 47 42 G.
1662 5302 122 41 FEN
1803 5302 186 50 WICK,

1535 5395 128 31 Princes
1685 5394 60 38 St.,
1761 5394 148 36 Dunedin,

1404 5477 186 51 ■jWPINING
1609 5477 78 28 AND
1704 5477 180 28 GENERAL
1899 5476 115 28 SHARE-

1639 5554 164 28 BROKER.

1453 5641 157 34 Telegrams
1630 5640 144 35 promptly
1799 5639 131 27 attended
1955 5641 36 24 to.

1542 5763 175 36 Telegraphic
1729 5763 133 29 Address:
1865 5780 34 3 —

1472 5802 158 36 -Fexwick,
1653 5802 132 35 Broker,
1808 5802 158 31 Dunedin.-

2577 195 119 29 Public
2725 195 151 29 Notices.

2078 425 109 61 m
2214 424 335 66 'B6-AUTUffI
2586 429 31 60 &
2652 429 173 60 WINTER
2866 427 368 61 DRAPERY--'B6.
3262 413 100 72 #>

2344 575 245 61 JOHN
2652 574 451 60 FENNELL

2079 686 59 27 Has
2151 688 84 27 limcli
2254 688 124 36 pleasure
2398 690 29 27 in
2448 690 176 33 announcing
2643 692 29 25 to
2692 689 46 28 the
2760 689 171 28 inhabitants
2952 689 30 28 of
3004 689 79 35 Lyell
3108 689 55 28 and
3188 690 165 27 surroundin

2452 727 119 29 districts
2594 728 46 29 the
2664 728 101 29 arrival
2789 728 30 29 of
2834 737 16 20 a
2869 726 126 31 LARGE

2589 975 273 33 COMPRISING—

2112 1047 96 41 The
2231 1050 157 40 Latest
2411 1050 225 40 Novelties
2656 1050 85 39 and
2765 1048 214 40 Fashions
3000 1047 39 39 in
3064 1047 165 39 Ladies'
3250 1047 86 39 and

2420 1103 153 42 Gents'
2603 1103 207 51 Wearing
2828 1102 201 51 Apparel,

2078 1190 67 32 And
2169 1191 106 32 invites
2299 1203 38 21 an
2361 1192 165 41 inspection
2550 1193 32 32 of
2603 1193 50 32 the
2678 1204 90 26 same,
2794 1193 108 39 feeling
2927 1203 66 21 sure
3018 1193 66 32 that
3108 1194 45 31 for
3180 1193 190 39 VARIETY,

2227 1236 189 38 QUALITY,
2432 1237 59 30 and
2506 1236 139 33 VALUE
2660 1236 71 43 they
2746 1236 160 32 CANNOT
2921 1236 35 32 be
2974 1236 248 33 SURPASSED;

2080 1415 140 40 Ladies'
2257 1418 72 39 and
2364 1418 198 40 Children's
2612 1418 215 40 WINTER
2871 1417 143 38 HATS
3054 1415 36 40 in
3131 1417 52 38 all
3224 1417 144 52 Shapes.

2114 1610 109 27 Ladies'
2238 1608 157 30 WINTER
2407 1609 165 30 JACKETS
2586 1611 54 27 and
2653 1610 116 28 CAPES
2782 1610 28 28 in
2824 1611 36 27 all
2873 1611 46 28 the
2931 1611 109 28 Newest
3054 1613 104 35 Shapes
3172 1614 54 27 and
3240 1615 97 35 Styles.

2225 1683 87 39 New
2333 1684 166 39 Feathers
2515 1685 8 37 !
2564 1685 87 37 New
2672 1684 151 39 Flowers
2839 1686 8 37 !
2888 1686 87 38 New
2996 1687 207 49 Trimmings
3219 1690 7 36 !

2145 1768 9 11 3
2175 1763 50 32 All
2252 1765 50 31 the
2330 1765 95 31 NEW
2453 1765 60 31 and
2539 1764 290 33 FASHIONABLE
2859 1766 165 32 WINTER
3052 1767 133 32 DRESS
3207 1768 164 37 STUFFS,

2380 1838 68 33 And
2469 1838 235 35 TRIMMINGS
2726 1840 32 32 of
2775 1852 87 31 every
2881 1839 189 43 description.

2711 1966 19 13 1/

2132 2018 86 76 'fS,
2256 2018 117 63 BOYS'
2410 2020 69 63 and
2514 2019 179 65 YOUTHS'
2731 2020 213 64 CLOTHING
2979 2020 36 64 in
3046 2022 147 63 Endless
3217 2023 151 77 Yariety.

2996 2227 16 23 l
3012 2227 24 23 a'
3066 2228 17 22 ■

2486 2311 120 33 CLIFF
2629 2313 169 38 STREET,
2820 2316 148 35 LYELL.

2247 2429 119 33 Public
2384 2430 152 32 Notices.

2909 2434 119 32 Public
3051 2436 151 32 Notices.

2203 2518 121 32 JOHN
2358 2517 226 40 FENN&LL,

2149 2587 192 28 ENERAL

2444 2587 266 29 TOREKEEPER,

2162 2662 84 30 Wine
2265 2671 56 20 and
2340 2663 96 29 Spirit
2458 2663 171 28 Merchant.

2112 2795 102 36 Money
2232 2796 104 36 always
2357 2796 29 26 in
2408 2796 76 27 hand
2503 2795 42 28 for
2563 2796 114 36 cashing

2330 2834 126 38 cheques.

2110 2966 110 27 Liberal
2233 2964 136 30 advances
2380 2966 82 28 made
2478 2975 36 19 on
2527 2966 107 37 parcels
2647 2966 31 28 of

2289 3004 119 30 retorted
2422 3004 73 39 gold.

2218 3134 76 37 CM
2316 3134 121 46 Street,
2462 3133 108 48 Lyell.

2194 3220 172 32 MISSING
2400 3220 191 33 FRIENDS.

2081 3301 184 35 nEORGE
2298 3300 299 35 JECKLIN.—Last
2618 3300 93 33 heard

2085 3372 15 12 v
2108 3372 8 8 „
2165 3347 38 36 of,
2230 3347 44 30 six
2298 3347 121 30 months
2444 3358 65 29 ago,
2533 3347 32 30 in
2589 3347 120 35 Oxford,

2077 3390 96 32 North
2193 3389 112 38 Island,
2321 3390 97 32 where
2432 3389 38 33 he
2494 3399 60 23 was
2579 3390 132 41 engaged

2076 3434 186 41 butchering.
2305 3434 224 33 Communicate
2552 3434 72 33 with
2638 3445 73 31 your

2076 3478 130 38 brother,
2223 3478 122 32 Alfonso
2370 3478 127 38 Jecklin,
2512 3479 72 32 Post
2608 3478 101 37 Office,

2077 3521 95 43 Lyell.
2215 3523 169 40 Important
2397 3533 80 21 news
2491 3522 76 32 from
2582 3522 108 32 Home.

2117 3566 66 40 Any
2197 3577 106 29 person
2313 3566 101 40 giving
2427 3566 193 32 information
2634 3576 32 20 as
2681 3568 30 29 to

2076 3609 205 33 whereabouts
2295 3609 61 32 will
2370 3610 95 40 oblige

2275 3653 185 32 ALFONSO
2485 3653 186 32 JECKLIN.

2077 3739 207 37 BEOWN'S
2305 3739 119 37 BOOT
2451 3739 260 37 EMPORIUM

2326 3805 134 28 LYELL.

2156 3900 139 30 BROWN
2310 3902 30 26 in
2351 3900 137 36 thanking
2500 3900 44 29 his
2561 3910 150 20 numerous

2077 3930 31 35 U
2126 3949 8 9 ■
2173 3943 150 23 customers
2352 3939 42 27 for
2423 3943 63 31 past
2514 3939 120 33 favours,
2657 3939 54 27 and

2077 3977 105 36 hoping
2206 3977 43 27 for
2270 3986 16 19 a
2309 3977 181 28 coutinuance
2511 3976 30 28 of
2558 3976 47 29 the
2625 3986 85 23 same,

2077 4015 98 28 wishes
2188 4017 45 26 too
2246 4015 52 28 call
2312 4015 72 28 their
2401 4015 137 27 attention
2551 4016 29 26 to
2593 4013 44 28 his
2650 4024 61 19 new

2077 4053 76 28 stock
2176 4053 30 28 of
2228 4053 109 28 Ladies'
2363 4052 97 28 Maids'
2483 4052 55 28 and
2557 4052 154 29 Children's

2077 4092 84 27 Boots
2183 4092 29 26 in
2235 4094 77 33 great
2333 4092 114 35 variety.
2483 4091 76 32 Also,
2573 4090 44 28 his
2634 4091 76 36 large

2078 4130 54 28 and
2145 4129 96 28 varied
2254 4129 78 29 stock
2345 4129 30 29 of

2077 4181 120 41 Men.s,
2209 4180 141 32 Youths'
2364 4180 28 32 &
2405 4180 99 40 Boys'
2523 4180 106 32 Boots
2642 4180 70 32 and

2335 4217 118 31 Shoes.

2079 4304 86 28 Fresh
2179 4304 92 28 Goods
2284 4304 120 36 arriving
2424 4304 135 36 monthly,
2573 4304 89 28 which
2676 4304 34 28 he

2112 4342 23 26 is
2148 4342 115 35 offering
2276 4346 29 24 at
2317 4342 87 36 prices
2418 4346 28 23 to
2457 4343 53 26 suit
2523 4342 47 27 the
2584 4342 90 28 times.

2078 4380 45 28 All
2146 4380 139 37 imported
2319 4380 84 35 goods
2432 4380 117 28 marked
2578 4381 29 27 in
2635 4381 76 36 plain

2338 4419 110 35 figures.

2112 4494 130 29 N.B.—A
2254 4494 100 36 supply
2366 4494 30 28 of
2417 4494 89 29 North
2519 4494 105 28 British
2638 4495 72 28 Gum

2079 4532 83 28 Boots
2187 4532 56 26 and
2269 4535 69 23 Own
2363 4532 83 27 Make
2466 4532 182 35 Watertights
2672 4534 25 26 al-

2077 4579 73 27 ways
2164 4579 35 19 on
2213 4568 84 30 hand.

2112 4608 115 34 Repairs
2240 4608 141 35 promptly
2391 4607 131 29 executed
2535 4608 56 28 and
2603 4608 108 28 elastics

2079 4645 129 28 inserted.

2103 4723 70 27 Note
2188 4723 46 26 the
2245 4722 272 28 Address:—JOHN
2537 4723 149 34 BROWN,

2078 4769 88 32 Boot
2189 4769 27 33 &
2243 4769 210 33 Shoemaker
2474 4769 27 33 &
2531 4770 178 41 Importer,

2140 4815 141 35 (Opposite
2295 4814 80 26 Bank
2388 4815 30 26 of
2428 4815 67 27 New
2510 4815 140 34 Zealand.)

2741 2510 163 40 FERN
2951 2514 154 39 FL'AT
3151 2515 217 49 HOTEL,

2898 2575 124 31 UPPER
3052 2578 164 29 BULLER.

2740 2650 108 28 iTIIIE
2862 2650 85 30 above
2960 2653 177 30 well-known
3152 2655 75 28 hotel
3246 2656 23 27 is
3291 2656 80 34 again

2747 2693 37 16 ■*■
2791 2726 6 6 #
2827 2690 88 28 under
2925 2691 45 27 the
2982 2697 194 31 management
3184 2694 29 27 of
3224 2694 43 28 Mr
3279 2695 93 28 Alfred

2740 2726 100 36 Smith,
2850 2728 47 29 the
2910 2730 101 28 former
3022 2732 158 36 proprietor.

2772 2804 92 37 Every
2878 2807 237 29 accommodation
3123 2808 56 28 and
3191 2810 181 27 convenience

2738 2841 40 29 for
2791 2843 141 29 travellers
2944 2844 118 30 between
3078 2846 46 29 the
3137 2847 78 29 West
3227 2848 82 28 Coast
3319 2848 53 28 and

2740 2881 110 33 Nelson,
2871 2883 151 36 Hampden
3045 2884 174 33 Matakitaki,
3242 2886 130 37 Glenroy,

2740 2918 114 36 Maruia,
2869 2921 54 28 and
2935 2921 46 29 the
2996 2922 83 29 Owen
3094 2923 88 30 Reefs.

2739 2996 160 31 Newman's
2912 2997 90 37 Royal
3025 2998 68 31 Mail
3114 2999 70 31 Line
3204 3000 30 31 of
3252 3001 120 30 Coaches

2772 3036 81 28 make
2878 3037 55 28 this
2955 3037 138 37 hostelery
3112 3041 47 26 the
3180 3041 61 27 first
3262 3042 77 34 day's

2806 3077 76 32 stage
2895 3075 71 25 from
2977 3075 76 27 West
3061 3076 83 28 Coast
3152 3079 28 24 to
3192 3077 112 27 Nelson.

2771 3149 105 28 Horses
2890 3151 54 26 and
2963 3152 145 35 equipages
3121 3161 16 19 a
3151 3153 151 36 speciality.

2919 3196 190 41 ALFRED
3132 3198 163 48 SMITH,

3172 3243 166 36 Proprietor.

3055 3429 171 21 WHOLESALE
3255 3430 57 20 AND

2841 3612 115 29 Dealers
2968 3612 30 29 in
3011 3613 37 28 all
3061 3613 180 37 descriptions
3255 3613 30 29 of

2756 3660 105 28 FARM
2897 3661 78 26 AND
3012 3661 120 27 DAIRY
3168 3662 189 27 PRODUCE.

2739 3737 100 28 Hotels
2847 3737 56 28 and
2915 3737 131 28 Families
3053 3737 101 28 waited
3166 3746 37 19 on
3215 3737 42 28 for
3264 3737 108 29 Orders.

2773 3813 101 29 Orders
2893 3813 138 28 delivered
3050 3817 28 24 to
3100 3813 38 29 all
3158 3817 76 33 parts
3246 3824 16 18 o
3292 3814 48 28 the

2998 3852 123 28 District.

2912 3930 73 26 Note
2999 3930 48 26 the
3060 3930 124 26 Address

2758 3976 114 30 rsrw
2891 3975 107 29 OLF
3069 3976 115 27 AND
3264 3975 92 35 CO.,

2791 4015 73 27 Next
2887 4015 48 26 the
2960 4014 190 28 Government
3168 4014 154 36 Buildiugs,
3356 4036 5 4 .

2886 4053 86 27 Cliff
2992 4052 119 33 Street,
3130 4052 104 28 Lyell.

2740 4145 114 39 THE
2911 4145 205 38 EMPIRE
3173 4146 199 47 HOTEL,

2836 4212 111 29 CLIFF
2967 4212 154 34 STREET,
3141 4213 133 28 LYELL.

2741 4339 6 10 •
2761 4339 8 15 a
2784 4323 64 26 iHE
2864 4322 85 28 above
2961 4321 75 28 hotel
3054 4321 50 28 has
3116 4322 70 27 been
3206 4321 78 29 fitted
3304 4323 68 27 with

2749 4367 35 14 ■*•
2824 4360 36 28 all
2872 4360 113 28 modern
2994 4360 216 35 improvements
3222 4360 150 33 regardless

2738 4399 30 27 of
2778 4402 66 29 cost,
2858 4398 55 28 and
2935 4398 196 36 consequently
3151 4398 80 28 offers
3252 4408 120 27 superior

2738 4437 247 27 accommodation.

2888 4535 211 26 FENNELL'S
3119 4535 104 26 HALL

2738 4572 30 29 Is
2792 4582 16 19 a
2829 4572 153 29 well-fitted
3004 4581 86 24 room,
3116 4572 66 29 with
3205 4572 69 37 good
3297 4576 75 33 stage

2773 4612 246 31 accommodation,
3033 4611 54 27 and
3100 4611 133 28 excellent
3245 4614 92 33 piano.

2741 4708 110 35 Sample
2862 4716 101 18 rooms.
2999 4706 128 35 Booking
3142 4706 81 36 Office
3229 4707 52 35 for
3293 4708 58 27 New-

2841 4747 87 26 mans'
2929 4744 1 38 1
2943 4744 93 38 Royal
3053 4744 73 28 Mail
3140 4745 127 29 Coaehes.

2803 4806 107 30 JOHN
2932 4805 207 36 FENNELL,
3151 4805 179 39 Proprietor.

2655 4977 129 38 TEY

2155 5117 1029 69 K
3191 5119 17 31 3
3215 5120 71 64 S
3335 5127 35 63 g

2638 5287 503 52 Seasons

2342 5715 73 41 IT
2491 5714 72 43 IS
2641 5715 150 40 THE
2867 5713 230 44 BEST,

3583 192 118 31 Public
3725 194 151 29 Notices.

3615 287 25 53 >
3668 277 83 61 New
3751 277 112 61 Chum
3873 277 173 75 Butchery

3597 401 54 38 JU
3783 392 148 33 LYELL.

3505 529 204 42 JAMES
3760 530 183 48 EDGE,

3410 602 332 28 TTTHOLESALE
3779 604 80 27 AND
3904 604 142 28 RETAIL

3557 680 338 32 BUTCHER.

3410 790 97 28 Hotels
3521 790 54 28 and
3589 792 131 27 Families
3739 792 101 28 waited
3862 802 35 18 on
3911 794 82 35 Daily
4006 794 41 27 for

3674 830 110 28 Orders.

3461 924 76 28 Meat
3550 924 146 29 Delivered
3715 929 27 25 to
3756 926 36 28 all
3812 930 75 33 parts
3900 928 27 28 of
3949 927 46 28 the

3668 964 125 31 District.

3410 1054 120 32 NEW
3574 1055 153 32 CHUM
3768 1057 279 37 BUTCHERY,

3477 1113 130 35 Opposite
3617 1114 151 28 Alhambra
3779 1115 94 31 Hotel,
3888 1115 86 35 Lj^ell.

3411 1202 111 51 ALL
3544 1202 240 54 NATIONS
3814 1205 232 53 BAKERY

3547 1350 171 38 HENRY
3749 1352 164 38 YOUNG

3601 1422 82 31 AND
3720 1422 324 39 CONFECTIONER,

3412 1479 43 21 *'
3589 1488 82 31 Cliff
3690 1488 58 41 St.,
3767 1489 102 39 Lyell.

3410 1594 141 35 Pic-Nics,
3572 1596 88 33 Halls,
3680 1597 58 27 and
3757 1597 121 36 Slippers
3909 1597 138 37 supplied.

3410 1701 202 42 Christening,
3638 1703 157 41 Wedding,
3819 1705 58 31 and
3901 1705 146 41 Birthday

3410 1745 93 31 Cakes
3524 1747 86 31 made
3635 1757 39 21 on
3697 1747 51 32 the
3765 1749 132 31 -shortest
3918 1749 127 40 possible

3674 1791 108 31 notice.

3483 1856 40 32 H.
3546 1856 152 39 YOUNG,
3714 1857 72 33 Cliff
3808 1858 56 37 St.,
3880 1858 95 42 Lyell.

3518 1943 179 42 JAMES
3746 1945 188 49 INGLIS,

3461 2057 263 31 HAREBROKER
3755 2062 20 26 &
3806 2062 238 29 COMMISSION

3623 2192 24 28 A
3799 2194 32 32 T,

3485 2298 116 29 Cliff
3640 2298 158 35 Street,
3835 2300 140 28 Lyell.

3428 2387 128 38 POST
3599 2387 194 40 OFFICE
3835 2389 190 43 HOTEL,

3615 2448 221 28 LYELL.

3459 2542 224 41 PETER
3713 2544 281 41 MANGOS

3411 2606 142 68 BEGS
3572 2611 28 24 to
3613 2608 103 28 inform
3735 2608 44 28 his
3796 2608 103 28 Iriends
3920 2609 56 27 and
3997 2609 48 29 th?

3513 2645 92 36 public
3627 2646 63 27 that
3714 2645 42 28 his
3776 2655 61 18 new
3857 2646 191 28 comniodiou'

3581 2683 86 29 Hotel
3679 2685 23 26 is
3716 2693 61 19 now
3791 2693 80 27 open.

3408 2720 153 29 Travellers
3580 2722 55 27 and
3653 2723 110 28 visitors
3781 2726 29 25 to
3829 2723 56 28 this
3902 2723 133 29 establish

3442 2764 78 24 ment
3532 2761 56 27 will
3600 2761 59 28 find
3671 2761 72 28 their
3752 2761 119 29 comfort
3878 2762 55 28 and
3946 2772 48 19 con-

3477 2799 131 27 venience
3618 2799 168 37 thoroughly
3795 2800 130 27 attended
3937 2804 39 24 to.

3409 2836 58 29 The
3480 2836 148 30 bedrooms
3650 2848 45 18 are
3706 2838 78 36 lofty,
3799 2838 55 28 and
3866 2838 64 29 well
3943 2839 105 37 lighted

3611 2877 57 27 and
3688 2878 159 27 ventilated.

3443 2953 207 29 Comfortable
3680 2954 128 28 Parlors
3835 2963 56 19 and
3911 2956 87 27 First-

3628 3000 81 20 class
3727 2993 104 28 Table.

3427 3031 59 28 One
3509 3031 31 28 of
3558 3031 129 29 Alcock's
3701 3033 79 27 Prize
3792 3033 118 27 Billiard
3923 3033 108 29 Tables.

3410 3104 58 29 The
3482 3105 57 28 Bar
3549 3106 25 28 is
3587 3106 113 29 storked
3709 3106 68 29 with
3791 3106 73 35 Ales,
3875 3106 105 36 Wines,
3995 3107 53 30 and

3463 3145 98 34 Spirits
3574 3147 27 25 of
3619 3146 168 35 guaranteed
3805 3147 103 26 brands
3920 3148 75 34 only.

3443 3182 24 27 A
3485 3183 144 28 first-class
3650 3184 184 28 sixteen-stall
3847 3184 88 29 stable
3947 3186 75 27 iscon-

3408 3221 99 28 nected
3520 3222 68 28 with
3602 3222 56 28 this
3672 3222 86 28 hotel.

3661 3260 126 27 PETER
3810 3260 167 30 MANGOS,

3845 3298 155 36 Proprieor.

3442 3389 265 33 FREDERICK
3723 3389 145 33 JONES
3885 3389 28 32 &
3934 3389 78 39 CO.,

3429 3440 180 27 CABINET
3624 3440 155 29 MAKERS
3791 3440 78 28 AND
3882 3440 138 29 UPHOLB-

3443 3473 18 26 -
3651 3477 159 35 TERERS,

3508 3530 186 30 Palmerston
3715 3531 53 34 St.,
3782 3531 164 32 Westport,

3411 3578 67 27 New
3491 3577 149 28 Furniture
3653 3577 55 28 and
3728 3577 126 36 Bedding
3867 3577 176 33 Warehouse,

3480 3616 121 36 opposite
3617 3616 122 36 Hughe's
3751 3617 114 35 Empire
3880 3616 92 29 Hotel.

3410 3663 134 37 Worshop
3555 3664 172 36 :—Opposite
3739 3663 89 28 Bailie
3841 3664 20 26 &
3874 3664 72 27 Co.'s
3956 3664 87 28 Store.

3411 3739 116 28 JONES
3547 3740 21 27 &
3590 3739 57 28 CO.
3661 3739 69 28 have
3751 3740 29 27 in
3800 3739 76 28 stock
3889 3748 15 19 a
3916 3739 71 36 good
4001 3748 26 19 as-

3411 3778 90 27 sorted
3521 3777 40 29 lot
3581 3777 31 28 of
3630 3777 105 28 Double
3757 3777 55 28 and
3835 3777 91 35 Single
3943 3778 100 36 Spring

3413 3816 168 32 Mattrasses,
3594 3815 107 28 Double
3714 3816 53 27 and
3788 3815 92 33 Single
3901 3816 66 27 Iron
3988 3817 55 26 and

3412 3854 88 28 Wood
3512 3854 159 32 Bedsteads,
3680 3854 45 27 the
3737 3853 139 35 Longford
3887 3854 73 27 Wire
3970 3854 74 27 Beds

3412 3892 144 29 Palliasses
3579 3892 68 29 Flax
3669 3892 167 33 Mattrasses,
3852 3892 111 29 Pillows
3988 3892 56 28 and

3412 3932 131 31 Bolsters,
3569 3931 191 32 Washstands,
3784 3932 131 33 Dressing
3936 3930 108 32 Tables,

3411 3969 89 27 Toilet
3514 3969 60 27 Sets
3588 3968 53 28 and
3664 3969 110 27 Glasses
3789 3969 46 35 (all
3848 3969 89 33 sizes),
3951 3969 92 27 Towel

3411 4007 86 32 Rails,
3511 4007 113 27 Cornice
3638 4007 85 33 Poles,
3735 4007 86 31 Rings
3833 4006 54 27 and
3899 4006 144 32 Brackets,

3410 4045 129 28 Austrian
3554 4045 54 28 and
3622 4045 119 27 Kitchen
3756 4045 97 28 Chairs
3866 4044 54 27 and
3933 4043 109 33 Tables,

3410 4083 132 33 Couches,
3566 4083 86 32 Sofas,
3675 4083 96 28 Chests
3791 4083 30 26 of
3838 4083 127 27 Drawers
3987 4082 57 27 and

3411 4121 185 31 Chefnoniers,
3619 4121 145 27 Whatnots
3791 4121 46 30 (all
3862 4121 90 33 sizes),
3979 4120 63 28 Side

3410 4159 55 27 and
3478 4158 87 37 Gipsy
3578 4159 96 27 Tables
3687 4160 28 25 in
3728 4158 79 28 black
3826 4158 52 27 and
3901 4158 72 33 gold,
3986 4158 56 27 and

3410 4196 71 35 gold,
3495 4196 55 29 and
3563 4196 37 30 all
3612 4196 81 29 kinds
3706 4196 30 29 of
3755 4197 92 35 Fancy
3868 4196 97 28 Tables
3986 4195 56 29 and

3410 4236 139 27 Brackets.
3580 4236 146 27 American
3737 4235 228 32 Perambulators,
3973 4235 51 26 Bas-

3408 4273 128 32 ketware,
3550 4273 44 28 &c.

3447 4313 52 29 J.S
3499 4315 17 9 3
3528 4313 46 26 All
3591 4312 91 27 orders
3704 4311 140 28 entrusted
3856 4314 29 25 to
3897 4320 33 18 us
3941 4311 55 28 will
4009 4311 33 27 be

3410 4350 160 36 punctually
3584 4350 127 27 attended
3728 4354 37 22 to.

3445 4388 69 28 N.B.
3516 4388 78 28 —All
3607 4388 80 28 kinds
3701 4388 29 26 of
3748 4387 122 37 Turnery
3882 4386 74 28 work
3970 4386 72 28 done

3410 4436 34 18 on
3455 4426 46 28 the
3512 4426 138 36 premises.
3688 4425 113 29 Billiard
3814 4426 76 26 Balls
3899 4424 143 28 re-turned

3410 4464 54 27 and
3477 4464 135 32 coloured,
3626 4463 81 36 equal
3720 4466 28 25 to
3758 4472 69 23 new,
3840 4463 43 36 15/
3897 4471 48 28 per
3957 4468 49 22 set.

3410 4552 42 31 To
3486 4562 56 21 oua
3577 4551 173 32 Customers
3781 4561 31 20 in
3842 4560 56 21 the
3929 4550 111 31 Lyell.

3585 4658 272 34 NOTICE.

3487 4769 139 81 WITH
3641 4780 17 22 a
3673 4769 75 33 view
3768 4771 31 31 to
3821 4768 141 41 reducing

3593 4824 54 20 our
3680 4814 80 39 large
3808 4814 83 30 stock
3934 4814 32 30 of

3487 4857 192 32 DRAPERY
3700 4859 21 29 &
3746 4856 216 36 CLOTHINC,

3487 4912 42 20 we
3557 4912 49 20 are
3630 4901 123 40 holding
3781 4912 17 20 a
3826 4900 138 41 Clearing

3488 4945 78 37 Sale,
3587 4945 60 31 and
3669 4945 60 31 will
3753 4945 35 31 be
3810 4945 98 40 happy
3932 4947 30 29 to

3487 4990 37 29 do
3552 5000 17 19 a
3596 4989 61 30 line
3680 5000 33 19 or
3736 4991 58 28 two
3818 4989 71 29 with
3911 4988 51 30 the

3487 5032 74 42 good
3575 5032 103 42 people
3692 5031 32 34 of
3740 5031 49 33 the
3803 5031 87 42 Lyell
3904 5031 58 32 and

3488 5077 124 30 district.

3525 5166 55 33 We
3589 5167 75 31 have
3673 5167 125 31 reduced
3808 5178 53 19 our
3866 5167 94 39 prices

3485 5210 40 43 by
3538 5221 55 23 one
3607 5211 87 37 third,
3707 5210 58 32 and
3777 5220 31 22 as
3820 5221 85 31 every
3916 5214 28 28 at-

3486 5257 115 30 tention
3616 5256 24 30 is
3655 5256 86 39 given
3756 5258 30 29 to
3800 5256 100 30 orders
3921 5254 38 42 by

3487 5302 65 37 post
3567 5310 32 20 or
3613 5299 163 35 otherwise,
3791 5299 24 30 it
3839 5299 60 29 will
3923 5299 36 30 be

3486 5347 30 30 to
3525 5355 73 29 your
3607 5343 121 33 interest
3739 5345 30 31 to
3781 5343 71 32 send
3863 5353 17 22 a
3892 5343 68 32 trial

3485 5388 94 31 order.

3526 5478 63 31 The
3610 5478 163 40 advantage
3797 5477 32 31 of
3848 5477 113 42 buying

3486 5526 30 27 at
3532 5522 49 31 the
3595 5525 118 37 present
3727 5522 71 30 time
3819 5522 24 30 is
3868 5521 92 42 really

3487 5566 59 31 this
3559 5576 48 21 :
3624 5566 61 31 You
3721 5569 49 37 get
3798 5566 40 31 £3
3866 5565 93 34 worth

3485 5611 45 31 for
3549 5611 63 31 40s.

3461 5699 44 39 E.
3533 5700 34 38 J.
3596 5696 216 46 WARNER
3839 5700 30 41 &
3896 5700 85 48 CO.,

3408 5765 68 60 The
3501 5765 78 60 Kail
3604 5764 38 62 of
3664 5766 202 62 Gommeree,
3899 5765 127 62 Ms-i
