4140 5940
806 192 138 28 NOTICE
963 194 45 27 TO
1029 192 354 29 CORRESPONDENTS.

782 292 113 34 Ngamu,
911 293 187 36 (Murchison.)
1102 293 86 28 —We
1210 296 98 25 cannot
1327 292 83 28 insert

815 340 69 25 your
908 332 238 35 correspondence,
1168 342 29 17 as
1218 331 105 28 besides
1346 340 46 18 con-

816 368 105 36 taining
933 369 115 36 entirely
1066 379 182 27 unnecessary
1260 368 150 29 reflections

815 416 35 18 on
873 417 50 18 one
946 408 29 27 of
991 417 49 19 our
1058 408 107 37 regular
1177 406 233 38 correspondents,

815 453 75 21 some
904 446 30 28 of
943 456 68 26 your
1024 451 160 24 statements
1198 457 44 18 are
1254 450 26 24 to
1290 455 49 19 our
1349 455 60 18 own

815 483 159 36 knowledge
998 485 114 28 without
1132 486 169 30 foundation,
1316 485 53 27 and
1382 485 27 26 in

816 530 80 26 every
909 527 104 30 respect
1026 523 141 27 incorrect.
1204 523 50 28 We
1268 523 95 26 should
1378 522 31 26 be

815 558 63 38 glad
899 563 26 25 to
949 560 65 29 hear
1035 560 70 29 from
1125 569 55 29 you
1203 570 35 19 on
1259 569 54 25 any
1334 560 76 29 other

815 599 79 27 other
916 600 103 34 subject
1039 600 102 33 having
1166 610 15 17 a
1206 601 67 28 local
1298 600 112 34 bearing

817 636 53 27 and
884 637 128 33 interest;
1035 636 54 28 and
1099 638 80 26 while
1194 647 34 17 on
1242 637 55 28 this
1311 640 99 24 matter

815 682 40 20 we
878 674 124 28 consider
1024 674 60 30 that
1106 683 39 20 we
1159 674 69 29 have
1242 675 79 36 given
1336 683 74 19 more

815 712 113 28 latitude
954 716 27 24 to
1007 713 53 27 this
1084 713 164 36 description
1270 714 29 28 of
1318 713 92 27 casual

815 751 108 35 writing
936 750 53 29 and
1002 751 105 28 writers
1120 751 66 28 than
1206 751 46 29 the
1274 752 136 28 occasions

816 789 163 33 demanded,
993 789 130 36 although
1139 800 49 18 our
1208 789 125 29 columns
1356 789 54 28 will

817 827 101 34 always
932 827 31 27 bo
977 827 143 28 accessible
1134 832 27 23 to
1175 829 103 26 writers
1291 828 59 26 who
1362 837 48 17 can

817 864 104 37 plainly
934 864 55 29 and
1002 865 146 37 truthfully
1167 866 76 28 show
1264 866 60 28 that
1348 867 47 25 mis-

816 907 161 25 statements
999 904 68 28 have
1080 904 68 28 been
1162 904 79 29 made
1254 905 153 36 respecting

815 941 86 33 them,
914 951 29 17 or
956 942 89 34 public
1059 946 123 23 matters.

1028 1031 142 26 DEATH.

781 1081 84 30 Corr.
868 1082 76 29 —On
958 1082 66 36 July
1045 1083 74 35 19th,
1134 1083 75 30 1880,
1226 1087 27 25 at
1266 1082 146 37 Westport,

816 1130 68 27 after
897 1140 15 18 a
925 1130 75 28 short
1019 1130 101 34 illness,
1134 1131 75 27 John
1231 1131 75 32 Corr,
1320 1130 92 28 native

815 1177 30 27 of
861 1177 107 33 County
982 1177 98 33 Down,
1094 1176 120 29 Ireland.

781 1465 263 28 Lyell
1097 1465 316 28 Times.

781 1465 237 28 SATURDAY,
1044 1465 106 28 JULY
1176 1465 79 28 24,
1281 1465 132 28 1886.

814 1550 57 28 Tho
892 1550 106 36 weekly
1017 1553 93 25 return
1139 1550 70 28 from
1235 1550 46 28 the
1307 1550 104 28 United

779 1588 99 35 Alpine
908 1588 144 35 yesterday
1082 1597 56 18 was
1174 1589 50 26 804
1256 1597 99 19 ouncas
1386 1588 27 28 of

779 1626 137 35 amalgam
930 1625 69 28 from
1013 1626 51 27 204
1077 1628 60 25 tons
1151 1625 30 27 of
1197 1628 76 25 stone
1297 1626 113 28 treated.

779 1664 106 36 During
897 1664 47 28 the
957 1663 98 29 week's
1065 1663 130 36 crashing
1208 1663 46 29 the
1268 1668 77 24 stone
1359 1664 50 29 has

778 1702 68 29 been
861 1701 82 30 taken
955 1702 68 29 from
1037 1702 35 28 all
1085 1705 73 33 parts
1172 1703 30 27 of
1220 1703 46 27 the
1285 1703 83 33 mine,
1382 1712 29 19 as

779 1739 87 35 usual,
880 1739 54 28 and
954 1739 133 29 therefore
1106 1739 47 29 the
1167 1739 96 35 falling
1274 1740 39 27 off
1322 1741 29 27 in
1365 1740 46 29 the

777 1778 105 36 weekly
894 1782 94 24 return
1008 1778 30 29 of
1056 1778 137 36 amalgam
1207 1778 23 29 is
1242 1786 151 21 unaccount-

778 1816 68 28 able.
883 1816 58 28 The
955 1825 131 26 manager
1098 1816 22 28 is
1134 1816 56 28 still
1204 1816 146 36 extending
1364 1817 47 28 the

778 1859 121 23 crosscut
912 1858 28 24 to
954 1854 46 28 the
1012 1858 59 25 east
1084 1854 41 30 for
1137 1854 82 29 north
1242 1854 88 35 block,
1344 1855 67 29 with

777 1902 75 18 same
873 1892 165 28 indications
1059 1902 30 18 as
1110 1892 54 28 last
1183 1892 134 37 reporlod.
1353 1894 58 27 The

778 1934 168 25 contractors
964 1930 42 29 for
1019 1931 51 28 No.
1084 1932 16 28 7
1114 1931 70 28 level
1204 1931 56 29 will
1280 1931 132 36 probably

776 1969 82 28 finish
872 1969 36 29 all
921 1969 104 30 outside
1038 1969 88 29 works
1138 1969 29 28 in
1184 1978 151 21 connexion
1343 1970 68 29 with

777 2008 73 28 their
857 2011 130 30 contract,
1001 2007 140 36 including
1148 2007 101 37 bridge,
1261 2007 55 29 this
1326 2008 83 28 week.

777 2047 37 28 At
838 2046 47 29 the
910 2045 107 37 battery
1043 2046 162 36 everything
1236 2046 23 29 is
1289 2046 123 36 working

776 2084 147 37 smoothly,
937 2084 55 29 and
1012 2084 46 29 the
1080 2089 169 24 contractors
1270 2084 41 29 for
1336 2085 71 28 head

777 2132 61 19 race
850 2132 46 20 are
908 2122 114 37 making
1035 2122 69 37 good
1115 2132 132 27 progress.

811 2170 51 29 We
875 2169 68 29 wish
957 2173 27 24 to
999 2169 126 37 acquaint
1134 2179 15 18 a
1158 2169 157 38 free—very
1322 2170 54 29 free
1378 2186 33 4 —

777 2207 151 30 subscriber
948 2207 29 28 in
1001 2207 54 29 this
1077 2211 81 31 town,
1183 2208 63 29 who
1268 2210 23 27 is
1313 2208 28 29 in
1364 2209 47 28 the

777 2245 77 29 habit
867 2246 30 28 of
906 2246 134 36 scraping,
1053 2246 37 35 by
1111 2255 96 19 means
1220 2247 29 27 of
1266 2256 16 18 a
1294 2247 75 35 piece
1383 2247 30 27 of

777 2283 75 34 wire,
864 2292 98 28 papers
974 2283 71 28 from
1064 2284 173 28 underneath
1259 2284 47 29 the
1331 2285 80 27 doors

779 2321 31 30 of
819 2322 103 37 paying
934 2320 173 35 subscribers,
1120 2322 63 30 that
1195 2331 36 20 on
1244 2322 165 37 application

777 2362 28 26 to
830 2360 46 28 the
901 2360 90 28 Times
1012 2360 78 28 office
1110 2360 73 28 their
1204 2365 74 24 want
1297 2362 56 27 will
1378 2361 32 28 be

778 2397 125 37 supplied
915 2399 93 34 gratis.
1044 2397 67 29 This
1122 2399 127 36 amusing
1259 2407 115 19 manner
1383 2398 31 28 of

777 2435 143 36 becoming
943 2436 141 36 possessed
1104 2436 30 29 of
1151 2436 47 29 tho
1220 2446 84 27 paper
1317 2446 94 19 causes

778 2482 32 19 us
822 2482 160 27 annoyance
995 2474 36 36 by
1043 2483 96 19 reason
1153 2474 30 28 of
1192 2475 172 36 complaints,
1378 2479 28 24 to

779 2522 47 28 say
847 2512 115 37 nothing
984 2512 84 30 about
1087 2512 47 30 tho
1147 2512 107 31 endless
1267 2513 104 30 trouble
1386 2513 23 30 it

778 2555 58 32 gets
849 2560 50 20 our
910 2560 103 20 runner
1025 2550 67 30 into.

813 2597 58 30 The
884 2600 138 27 amateurs
1042 2598 95 37 taking
1150 2602 61 34 part
1223 2599 29 29 in
1265 2599 46 30 the
1324 2600 70 29 forth-

779 2637 109 37 coming
918 2640 107 27 concert
1053 2647 44 20 are
1128 2638 143 37 requested
1302 2639 37 37 by
1362 2639 47 29 the

778 2685 132 25 manager
923 2680 27 23 to
963 2679 69 25 meet
1045 2677 41 27 for
1099 2677 134 28 rehearsal
1252 2678 99 34 during
1365 2679 46 27 tho

779 2722 109 28 coming
908 2713 85 29 week.
1030 2712 57 30 Mrs
1108 2713 115 37 Mangos
1242 2714 51 29 has
1310 2715 97 37 kindly

779 2751 148 30 consented
950 2757 28 23 to
1003 2762 169 27 accompany
1196 2754 47 28 the
1268 2755 137 32 vocalists,

782 2790 53 28 and
849 2790 66 33 also,
928 2790 24 28 if
969 2790 134 37 required,
1117 2795 28 24 to
1167 2792 59 35 give
1247 2792 46 28 the
1313 2801 47 19 use
1385 2793 30 28 of

779 2828 49 30 her
849 2828 81 38 piano
952 2837 35 21 on
1009 2828 47 30 the
1068 2828 79 38 night
1158 2829 30 29 of
1198 2829 46 30 the
1257 2833 132 27 entertain-

781 2871 85 28 ment,
891 2876 30 18 as
944 2868 62 27 well
1030 2876 27 19 as
1079 2868 50 26 her
1147 2869 147 27 assistance
1316 2879 30 17 as
1366 2879 28 18 ac-

781 2904 162 37 companist.
980 2905 66 29 This
1059 2905 88 37 lady's
1169 2907 113 28 services
1303 2907 55 29 will
1381 2907 31 29 be

782 2947 27 24 at
823 2943 46 28 the
883 2943 116 35 disposal
1012 2944 30 27 of
1057 2944 77 27 those
1147 2945 96 34 taking
1255 2949 61 31 part
1327 2947 28 26 in
1366 2946 46 28 the

781 2980 221 34 entertainment,
1016 2980 29 29 in
1064 2980 46 29 the
1131 2982 103 36 private
1255 2983 110 36 parlour
1386 2983 30 28 of

781 3020 47 29 the
855 3020 63 28 Post
943 3020 82 29 Office
1050 3020 93 35 Hotel,
1167 3030 37 28 up
1229 3024 28 26 to
1287 3021 47 29 the
1364 3022 48 29 6th

781 3059 132 36 proximo.
952 3059 44 27 Mr
1008 3059 94 27 James
1112 3060 95 35 Inglis,
1217 3060 131 33 violinist,
1359 3061 54 28 will

783 3096 55 30 also
852 3096 96 30 render
960 3106 82 29 every
1063 3098 148 28 assistance
1233 3098 28 28 in
1284 3098 78 30 order
1381 3102 28 26 to

782 3145 96 19 ensure
904 3135 44 29 the
972 3136 115 28 musical
1108 3137 107 36 portion
1238 3137 30 29 of
1285 3138 47 28 the
1353 3147 45 28 per-

782 3173 139 29 formance
934 3173 81 37 being
1028 3183 15 20 a
1056 3183 116 20 success.

818 3221 82 28 Mails
928 3221 41 28 for
993 3222 47 27 tho
1066 3222 103 29 United
1194 3222 149 35 Kingdom,
1367 3232 48 28 per

783 3259 85 30 direct
889 3260 67 28 mail
977 3261 110 33 service,
1101 3261 71 28 close
1191 3270 36 19 on
1241 3261 110 38 Friday,
1367 3262 47 29 the

783 3298 66 29 23rd
871 3298 54 36 day
946 3300 30 28 of
993 3300 117 36 August,
1124 3303 27 25 at
1164 3302 15 26 9
1193 3310 64 19 a.m.
1294 3301 45 28 All
1358 3310 42 19 cor-

783 3336 182 38 respondence
990 3342 27 25 to
1043 3338 30 28 be
1104 3339 130 37 specially
1264 3339 147 29 addressed

809 3384 48 27 per
878 3376 86 28 direct
983 3376 66 27 mail
1223 3378 52 28 due
1297 3381 28 25 at
1350 3378 47 37 Ply-

783 3413 96 29 mouth
893 3413 83 29 about
990 3413 160 38 September
1162 3415 57 28 9th.

818 3460 116 37 English
964 3461 91 34 mails,
1079 3471 48 27 per
1156 3462 88 34 lonic,
1277 3463 70 30 close
1378 3474 36 19 on

784 3499 110 37 Friday,
903 3499 46 29 the
963 3500 63 29 13th
1040 3499 54 37 day
1107 3500 31 29 of
1148 3500 115 36 August.
1299 3502 45 28 All
1358 3512 42 19 cor-

784 3538 181 37 respondence
976 3542 73 26 must
1058 3538 32 30 be
1101 3539 113 30 marked
1252 3550 47 27 per

784 3577 51 26 duo
849 3580 28 24 at
890 3578 148 33 Plymouth
1053 3578 83 27 about
1154 3580 116 26 October
1284 3581 63 26 2nd.

819 3622 82 30 Mails
925 3622 41 30 for
990 3622 46 31 the
1062 3623 100 31 Unite!
1185 3625 26 29 K
1221 3625 113 37 ngdom,
1348 3626 51 30 Con-

784 3662 87 28 tinent
896 3665 26 25 of
945 3662 119 35 Europe,
1078 3663 54 27 and
1153 3664 104 28 United
1279 3665 90 28 States
1391 3666 30 27 of

784 3698 135 33 America,
944 3700 45 28 via
1015 3700 56 28 San
1101 3700 154 35 Francisco,
1282 3702 73 29 close
1383 3712 34 19 on

784 3737 152 37 Thursday,
962 3738 46 29 tho
1034 3738 64 30 12th
1124 3739 53 36 day
1201 3740 30 28 of
1254 3741 108 36 August
1388 3746 28 25 at

786 3777 23 27 1.
823 3777 33 27 30
868 3785 26 27 p.
908 3785 37 19 m.
983 3776 101 37 Money
1097 3778 91 28 orders
1200 3778 42 28 for
1256 3780 56 27 San
1332 3780 67 28 Fran-

784 3815 70 28 cisco
866 3814 67 29 mail
946 3814 56 29 will
1014 3815 32 29 be
1059 3815 89 30 issued
1162 3825 36 28 up
1212 3820 28 26 to
1254 3818 16 28 4
1283 3827 26 28 p.
1323 3828 38 19 m.
1381 3827 35 20 on

784 3853 134 35 Tuesday,
930 3854 63 27 10th
1005 3854 115 34 August.

819 3900 43 29 On
881 3900 127 37 Tuesday
1029 3900 53 30 last
1103 3900 46 31 tho
1164 3902 100 30 arrival
1289 3906 27 27 ot
1337 3904 60 30 New-

784 3941 89 26 man's
887 3940 86 35 Royal
988 3940 66 28 Mail
1068 3940 90 28 Coach
1177 3951 56 19 was
1251 3942 114 36 delayed
1388 3944 29 27 in

784 3977 129 33 reaching
953 3977 78 34 Lyell
1062 3978 95 34 nearly
1187 3982 53 24 two
1271 3980 82 28 hours
1386 3981 29 27 in

784 4023 185 29 consequence
977 4014 30 29 of
1016 4014 45 30 the
1072 4014 137 39 Westport
1219 4017 83 29 coach
1312 4017 104 36 having

784 4059 58 25 met
855 4054 65 30 with
934 4064 36 20 an
983 4055 123 29 accident
1118 4055 35 38 by
1167 4055 130 39 breaking
1310 4067 34 19 an
1355 4058 61 30 axle

785 4093 81 28 about
879 4096 64 25 nine
956 4095 79 27 miles
1049 4095 69 28 from
1130 4095 147 37 Westport,
1292 4097 55 27 and
1371 4098 46 28 the

785 4132 80 28 mails
885 4131 55 29 and
960 4141 158 27 passengers
1139 4143 70 20 were
1231 4136 138 36 convoyed
1382 4145 36 19 on

785 4170 133 28 horsback
941 4173 25 25 to
980 4171 46 27 the
1039 4171 78 28 usual
1130 4173 121 33 meeting
1262 4173 75 35 place
1350 4174 66 28 with

785 4208 46 29 the
854 4207 80 30 down
958 4208 116 30 Reefton
1096 4209 92 36 coach,
1209 4220 16 20 a
1248 4211 121 31 distance
1391 4211 30 31 of

785 4248 94 36 nearly
906 4249 34 27 20
964 4248 88 29 miles.
1105 4250 58 28 The
1190 4252 156 34 equestrian
1373 4261 29 19 ex-

785 4285 123 36 perience
936 4286 29 28 of
986 4286 141 35 Inspector
1157 4287 174 36 Emmerson,
1354 4290 62 28 who

786 4332 54 18 was
854 4332 50 19 one
917 4323 29 28 of
957 4323 45 28 the
1015 4333 168 26 passengers,
1198 4335 76 18 came
1288 4326 29 28 in
1327 4328 88 26 useful

786 4368 34 20 on
834 4360 46 28 tho
894 4361 134 33 occasion,
1041 4361 133 37 although
1197 4363 34 28 he
1243 4365 110 27 assured
1367 4374 49 19 our

786 4403 119 34 reporter
926 4399 60 30 that
1006 4404 29 26 at
1055 4410 36 19 no
1105 4401 65 30 time
1183 4402 28 29 in
1225 4402 43 30 his
1290 4407 61 34 past
1375 4414 28 20 ex-

785 4439 123 35 perience
922 4448 29 19 as
965 4449 49 18 one
1028 4439 28 28 of
1067 4441 58 26 Her
1137 4441 141 35 Majesty's
1296 4446 122 32 troopers

786 4476 46 27 did
853 4476 34 27 he
905 4480 43 29 get
967 4485 29 19 so
1009 4476 135 36 thorough
1159 4487 15 18 a
1197 4478 114 34 shaking
1332 4488 37 28 up
1390 4490 29 18 as

787 4514 59 29 that
870 4514 120 28 afforded
1013 4514 58 29 him
1092 4514 37 38 by
1153 4525 51 19 one
1229 4516 28 29 of
1282 4517 134 30 Newman

786 4552 130 28 Brothers
934 4552 83 29 coach
1037 4552 93 30 horses
1148 4554 99 36 during
1271 4556 62 29 that
1350 4557 64 36 long

783 4591 124 38 journey.

821 4640 140 34 Inspector
981 4641 163 26 Emmerson
1164 4643 106 26 arrived
1289 4648 29 23 at
1338 4645 78 34 Lyell

788 4685 34 19 on
836 4676 124 36 Tuesday
974 4676 52 28 last
1038 4686 35 18 on
1087 4677 42 28 his
1151 4678 98 29 official
1266 4680 152 36 inspection

786 4714 29 29 of
825 4714 46 30 the
885 4719 109 30 station,
1006 4715 54 29 and
1074 4716 63 30 took
1160 4716 40 30 iiis
1223 4718 143 37 departure
1387 4719 29 30 in

786 4754 197 36 Wednesday's
995 4755 82 28 coach
1092 4756 40 26 for
1146 4756 124 28 Reefton.

821 4801 44 29 Mr
873 4801 132 34 Gorman,
1013 4802 144 36 travelling
1167 4807 80 32 agent
1256 4805 40 27 for
1307 4804 111 30 Nobel's

786 4840 149 37 dynamite,
949 4840 97 29 visited
1059 4841 78 35 Lyell
1150 4841 99 37 during
1271 4843 46 29 the
1341 4845 75 36 early

786 4884 61 32 part
859 4879 30 29 of
899 4879 46 28 the
959 4879 84 34 week,
1057 4880 54 28 and
1122 4880 99 39 during
1230 4881 43 29 his
1284 4886 60 34 stay
1353 4892 46 19 con-

786 4918 97 29 ducted
897 4928 75 19 some
986 4918 94 38 highly
1103 4921 146 28 successful
1263 4923 153 36 operations

786 4963 28 22 at
836 4958 46 28 tho
903 4958 98 35 Alpine
1022 4960 83 31 mine,
1126 4960 65 27 with
1212 4960 65 27 both
1298 4961 118 35 gelatine

786 4995 146 35 explosive,
960 4995 54 27 and
1043 5004 17 18 a
1096 4997 121 34 recently
1256 4997 161 29 introduced

786 5031 141 38 dynamite
940 5041 59 28 cap,
1012 5041 62 21 now
1096 5032 81 35 being
1195 5034 96 37 plaoed
1311 5045 35 19 on
1368 5036 47 28 the

786 5071 108 28 market
913 5071 35 35 by
970 5071 42 27 his
1031 5071 72 28 firm.
1141 5072 57 28 The
1223 5073 79 27 value
1322 5074 28 28 of
1372 5074 46 28 the

787 5108 93 29 advice
905 5109 53 28 and
983 5110 178 28 instructions
1184 5111 80 34 given
1296 5111 35 36 by
1362 5113 55 27 this

786 5147 158 35 gentleman
969 5147 98 35 during
1091 5147 42 28 his
1164 5149 144 35 periodical
1339 5151 77 28 visits

787 5189 99 24 cannot
906 5185 33 29 be
962 5189 43 25 too
1030 5185 95 37 highly
1157 5187 97 28 valued
1278 5187 36 37 by
1339 5189 77 28 those

788 5224 122 35 engaged
922 5224 28 27 in
965 5224 45 28 the
1024 5233 46 18 use
1084 5225 29 27 of
1122 5224 76 28 these
1213 5227 178 35 compounds.

821 5271 24 28 A
857 5280 66 27 poor
937 5271 44 28 old
996 5271 88 32 horse,
1099 5271 91 28 whose
1211 5272 69 29 liues
1304 5273 54 28 had
1372 5278 47 24 not

788 5309 83 28 fallen
884 5309 28 27 in
926 5309 124 35 pleasaut
1063 5309 88 36 places
1164 5309 99 37 during
1276 5311 46 28 the
1335 5312 81 28 latter

788 5347 106 37 portion
907 5347 30 28 of
955 5347 42 28 his
1018 5349 98 35 equine
1139 5357 99 25 career,
1252 5349 54 28 and
1328 5350 88 29 which

788 5386 133 28 extended
946 5396 63 18 over
1032 5396 16 18 a
1071 5386 92 36 period
1183 5387 30 27 of
1232 5388 82 27 about
1334 5389 85 35 thirty

787 5433 88 28 years,
888 5424 165 28 succumbed
1067 5428 27 24 to
1107 5424 46 28 the
1170 5424 87 37 biting
1278 5426 68 29 frost
1367 5428 53 27 and

788 5463 78 27 other
879 5473 95 17 causes
984 5463 52 27 last
1049 5463 126 34 Tuesday
1189 5464 86 35 night.
1313 5466 44 26 He
1366 5476 55 17 was

789 5500 139 36 deposited
941 5500 36 36 by
996 5501 42 26 his
1061 5500 121 27 humane
1204 5511 92 18 owner
1318 5512 33 18 on
1376 5503 46 28 the

789 5539 157 29 immediate
960 5539 122 29 confines
1094 5539 30 29 of
1140 5539 45 29 the
1199 5542 73 26 town
1294 5541 29 29 in
1344 5541 78 38 Lyell

790 5578 95 32 Creek,
899 5579 53 26 and
966 5579 164 34 fortunately
1144 5579 46 27 the
1204 5584 80 23 event
1308 5581 49 26 has
1377 5585 46 23 not

790 5616 81 28 taken
885 5616 77 36 place
975 5615 100 36 during
1094 5616 45 29 the
1159 5625 122 20 summer
1301 5618 121 33 months,

790 5664 29 18 or
833 5654 130 36 probably
977 5654 55 28 this
1045 5655 88 27 notice
1148 5655 90 28 would
1257 5661 47 23 not
1325 5657 32 27 be
1378 5653 45 32 tlie

790 5692 52 27 last
856 5691 138 28 reminder
1007 5701 39 18 we
1060 5693 89 27 would
1170 5692 68 28 have
1261 5694 30 26 of
1310 5694 41 27 his
1364 5703 43 26 pre-

791 5739 87 19 sence.
917 5730 26 28 It
957 5729 22 29 is
992 5736 26 22 to
1033 5730 31 28 be
1079 5730 88 37 hoped
1188 5730 59 29 that
1270 5741 15 19 a
1308 5732 116 37 friendly

791 5768 72 28 flood
876 5769 54 27 will
944 5778 67 19 soon
1024 5779 77 26 carry
1115 5770 36 28 all
1176 5770 102 36 painful
1299 5771 111 29 recollec-

776 5805 1 30 !
793 5809 70 26 tions
878 5813 56 22 into
949 5807 128 28 oblivion.

1472 189 50 28 We
1535 188 87 29 desire
1631 193 28 23 to
1669 188 126 28 intimate
1806 193 28 24 to
1844 198 49 19 our
1904 196 163 34 up-country

1437 227 108 28 readers
1558 227 61 27 that
1632 226 45 28 the
1691 230 64 24 next
1768 228 95 34 sitting
1876 229 29 26 of
1922 229 46 28 the
1992 231 58 29 Resi-

1437 265 66 29 dent
1523 265 182 36 Magistrate's
1726 264 53 28 and
1804 264 143 30 Warden's
1969 268 96 30 Courts

1438 303 55 29 will
1516 303 31 29 be
1570 302 64 29 held
1657 306 27 25 at
1708 302 158 30 Murchison
1884 314 35 19 on
1932 305 134 39 Tuesday,

1436 342 49 28 3rd
1496 342 115 35 August,
1625 345 28 24 at
1666 342 31 27 11
1712 341 103 28 o'clock
1828 351 64 18 a.m.

1471 397 123 29 Another
1599 396 59 28 first
1667 396 128 33 offender,
1802 397 42 29 for
1853 398 213 38 intemperance,

1438 447 55 18 was
1512 436 117 35 brought
1651 436 90 28 beforo
1767 436 37 28 H.
1831 436 33 28 G.
1890 436 172 38 Youngman,

1438 476 75 32 Esq.,
1526 475 70 33 J.P.,
1610 475 52 27 last
1674 474 132 37 Monday,
1820 475 52 28 and
1887 485 55 19 was
1956 478 111 29 ordered

1437 518 27 23 to
1486 522 120 19 increase
1628 513 46 27 the
1695 522 118 19 revenue
1834 517 27 24 to
1879 514 45 27 the
1938 520 93 24 extent
2043 518 29 27 of

1439 549 43 40 101
1495 550 54 29 and
1562 550 27 38 7/
1602 554 80 24 costs.
1719 549 44 28 lie
1782 549 140 30 increased
1935 552 29 28 it.

1472 604 56 27 The
1550 603 107 35 mining
1679 612 129 26 manager
1827 603 30 28 of
1876 603 49 29 the
1948 605 121 30 Manuka

1437 642 62 27 Flat
1524 641 70 27 Gold
1620 640 107 35 Mining
1749 641 153 34 Company,
1925 642 45 27 Mr
1992 643 74 28 John

1438 679 82 36 Bray,
1545 683 105 32 reports
1679 678 102 36 having
1810 678 95 29 driven
1937 680 50 28 120
2016 681 53 29 feet

1439 718 97 35 during
1549 718 46 27 the
1608 720 59 33 past
1681 717 75 28 three
1770 717 121 28 months.
1928 718 28 28 It
1968 718 56 29 will
2034 720 31 28 be

1437 755 186 29 remembered
1648 755 60 28 that
1729 764 49 19 our
1798 755 53 28 last
1871 760 90 32 report
1982 758 87 28 stated

1438 795 60 28 that
1512 795 45 28 the
1578 794 58 28 face
1651 794 29 28 of
1697 794 46 28 the
1766 794 96 27 tunnel
1883 793 55 29 had
1957 796 112 28 reached

1439 833 44 27 the
1509 833 71 30 Flat,
1603 831 54 28 and
1688 832 45 28 the
1757 841 131 25 manager
1911 833 23 26 is
1958 842 61 19 now
2044 835 29 26 of

1439 870 110 36 opinion
1564 870 59 28 that
1644 870 33 27 ho
1691 870 49 27 has
1761 869 82 37 fairly
1864 870 111 28 entered
1995 880 73 28 upon

1438 911 46 26 the
1510 909 68 28 solid
1605 910 59 26 Flat
1690 910 153 27 formation.
1893 909 26 27 It
1936 918 56 19 was
2013 911 56 27 also

1439 946 133 36 supposed
1587 947 59 27 that
1663 946 211 27 inconvenience
1888 947 89 27 would
2000 948 69 28 have

1439 985 67 28 been
1526 984 182 30 encountered
1730 984 36 37 by
1787 993 95 20 reason
1903 984 30 30 of
1952 984 51 29 bad
2022 986 47 33 air,

1439 1024 49 27 but
1500 1033 36 26 up
1550 1028 26 23 to
1591 1023 45 28 the
1650 1026 107 33 present
1770 1024 66 26 time
1851 1023 44 27 the
1908 1024 41 26 air
1960 1024 22 27 is
1992 1025 78 33 good,

1439 1061 66 29 with
1535 1061 47 28 the
1606 1061 141 36 exception
1771 1061 30 28 of
1829 1061 138 28 occasions
1992 1062 78 28 when

1440 1100 128 35 shooting
1596 1100 22 28 is
1647 1099 121 29 resorted
1797 1103 37 30 to,
1859 1099 89 30 which
1980 1110 92 19 occurs

1440 1138 83 27 about
1540 1139 75 26 three
1628 1138 81 27 times
1721 1138 99 35 during
1840 1138 46 27 the
1900 1138 72 27 shift.
2018 1139 54 27 For

1441 1176 45 27 the
1499 1176 53 27 last
1565 1176 49 27 100
1627 1175 51 27 feet
1690 1175 76 29 there
1779 1176 50 27 has
1841 1179 49 24 not
1903 1176 67 27 been
1989 1176 81 28 much

1441 1214 104 35 change
1553 1215 29 26 in
1596 1213 44 28 the
1653 1213 106 34 driving
1773 1214 70 28 until
1855 1213 82 37 going
1950 1214 117 34 through

1441 1254 46 26 the
1500 1252 163 37 concluding
1676 1253 33 28 20
1730 1252 52 28 feet
1792 1252 80 30 when
1884 1252 22 29 it
1919 1261 56 20 was
1987 1252 84 29 found

1441 1292 59 28 that
1514 1292 46 28 the
1573 1291 63 29 rock
1649 1292 103 28 carried
1765 1293 29 27 in
1813 1292 46 29 the
1872 1292 58 28 face
1943 1301 56 19 was
2013 1292 42 37 dip-

1441 1330 65 36 ping
1519 1334 28 23 at
1559 1339 16 18 a
1588 1335 106 30 greater
1706 1330 79 36 angle
1799 1331 68 27 than
1880 1331 129 31 hitherto,
2018 1331 54 27 and

1441 1367 99 30 should
1561 1367 22 30 it
1596 1369 127 28 continue
1737 1372 28 25 at
1787 1368 54 29 this
1853 1372 58 25 rate
1924 1369 22 29 it
1965 1369 55 28 will
2039 1368 32 29 be

1441 1407 53 30 lost
1514 1407 28 28 in
1564 1407 115 28 another
1700 1409 33 26 20
1752 1407 62 34 feet,
1828 1407 109 37 leaving
1956 1407 47 29 the
2015 1407 56 29 face

1441 1455 35 18 an
1501 1446 114 36 entirely
1638 1446 92 36 gravel
1756 1446 82 28 wash.
1891 1446 105 28 Should
2017 1447 55 27 this

1441 1492 89 23 occur,
1545 1484 45 28 the
1605 1493 62 18 men
1681 1484 66 33 will,
1760 1484 30 28 of
1799 1494 102 23 course,
1912 1485 32 27 be
1958 1484 113 28 enabled

1441 1527 27 25 to
1479 1522 80 29 make
1576 1527 105 30 greater
1703 1531 124 28 progress
1840 1524 28 26 in
1886 1522 117 37 driving,
2017 1523 53 28 and

1440 1561 102 35 having
1555 1562 36 27 all
1604 1561 81 35 along
1697 1561 103 28 carried
1814 1571 15 18 a
1842 1562 93 35 gravel
1947 1561 61 29 roof
2026 1562 45 28 the

1440 1607 75 19 same
1539 1602 117 24 amount
1679 1599 54 27 and
1758 1599 141 28 character
1923 1600 30 27 of
1973 1600 98 27 timber

1440 1637 55 28 will
1516 1635 33 30 be
1562 1636 125 37 required
1701 1645 29 20 as
1742 1636 139 37 formerly.
1917 1638 58 28 The
1997 1645 55 21 man-

1439 1684 63 26 ager
1514 1684 62 20 now
1589 1675 137 29 estimates
1739 1675 60 29 that
1810 1675 45 30 the
1868 1677 78 35 point
1954 1676 115 29 reached

1439 1713 67 28 with
1530 1713 46 28 the
1597 1713 96 28 tunnel
1716 1714 23 27 is
1763 1715 235 35 perpendicularly
2023 1716 49 27 200

1439 1751 53 29 feet
1504 1752 28 27 in
1551 1751 82 37 depth
1655 1750 71 30 from
1747 1752 46 28 the
1815 1757 46 31 top
1884 1752 30 28 of
1932 1752 46 29 the
2001 1752 70 29 Flat.

1439 1790 57 29 The
1509 1790 124 28 different
1641 1790 89 36 layers
1740 1791 30 27 of
1780 1792 91 33 gravel
1884 1792 114 35 dipping
2005 1792 67 27 with

1439 1828 45 28 the
1497 1827 64 29 rock
1582 1837 45 19 are
1641 1828 82 36 going
1743 1828 29 28 in
1785 1829 47 27 the
1846 1839 75 19 same
1941 1829 130 28 direction

1439 1876 29 18 as
1481 1866 45 28 the
1541 1866 105 33 tunnel,
1660 1868 194 35 consequently
1868 1868 46 27 the
1927 1868 107 36 driving
2043 1877 29 19 as

1437 1905 22 28 it
1472 1905 23 28 is
1507 1904 80 35 being
1597 1905 103 28 carried
1710 1914 36 18 on
1756 1906 149 35 intercepts
1916 1906 54 27 and
1978 1915 91 26 passes

1439 1943 117 36 through
1568 1943 94 33 them;
1681 1943 76 28 these
1767 1943 163 30 formations
1938 1944 132 35 although

1437 1981 126 35 differing
1582 1981 29 28 in
1625 1990 81 26 every
1723 1981 78 29 other
1813 1986 106 32 respect
1939 1992 45 19 are
1998 1983 69 28 alike

1438 2019 29 28 in
1486 2019 160 36 containing
1667 2028 16 19 a
1703 2020 184 29 considerable
1909 2024 115 25 amount
2046 2021 30 28 of

1438 2058 79 28 black
1530 2058 77 33 sand,
1620 2057 91 29 which
1730 2058 23 28 is
1766 2058 30 28 in
1818 2058 75 29 itself
1912 2068 16 19 a
1948 2068 62 19 sure
2031 2060 26 27 in-

1438 2096 119 29 dication
1571 2096 30 28 of
1618 2096 46 28 the
1676 2105 128 28 presence
1817 2096 30 28 of
1865 2097 113 28 alluvial
2000 2098 71 36 gold.

1437 2135 58 27 The
1509 2134 92 36 gravel
1613 2143 62 19 now
1689 2134 80 35 being
1782 2145 68 24 gone
1859 2135 118 36 through
1988 2136 23 27 is
2022 2140 48 24 not

1437 2171 156 28 favourable
1620 2174 28 25 to
1672 2172 47 27 the
1744 2173 135 27 existence
1904 2173 29 27 of
1954 2173 63 34 gold
2043 2174 29 26 in

1437 2209 114 37 payable
1568 2209 157 36 quantities,
1740 2209 55 28 and
1814 2209 23 29 is
1848 2209 100 29 known
1970 2220 102 27 among

1438 2248 46 28 the
1504 2247 104 28 minors
1629 2256 30 18 as
1680 2256 17 19 a
1717 2247 109 36 hungry
1850 2247 106 36 granite
1980 2249 92 33 wash;

1437 2286 134 33 however,
1587 2293 54 27 any
1655 2284 64 28 shift
1733 2293 65 27 may
1811 2285 89 29 reveal
1913 2294 17 20 a
1948 2285 124 29 different

1437 2324 66 34 face,
1518 2324 92 35 seeing
1631 2322 60 30 that
1712 2322 45 30 the
1778 2323 89 37 layers
1890 2333 45 19 are
1958 2324 113 36 dipping

1437 2362 54 28 and
1514 2371 68 19 soon
1601 2371 69 26 gone
1687 2361 137 36 jthrough,
1842 2362 55 28 and
1917 2362 67 28 each
2006 2363 66 28 time

1437 2399 125 37 showing
1575 2408 15 19 a
1603 2399 126 29 different
1741 2402 84 26 strata
1839 2400 30 28 of
1885 2400 92 37 gravel
1997 2401 74 28 wash

1437 2438 28 29 in
1478 2439 46 28 the
1539 2439 67 27 face.

1472 2486 44 28 Mr
1530 2486 29 28 C.
1573 2486 30 28 C.
1625 2485 114 34 Bowen,
1753 2484 206 36 Christchurch,
1974 2485 80 30 Chair-

1437 2534 66 20 man
1525 2526 30 28 of
1571 2526 47 29 the
1641 2525 76 29 West
1739 2524 82 30 Coast
1842 2525 178 35 Guarantors,
2033 2535 26 19 re-

1437 2564 94 28 ceived
1554 2573 16 19 a
1592 2563 132 35 telegram
1747 2573 35 17 on
1808 2564 45 28 the
1879 2564 63 27 IGtli
1968 2564 104 28 instant

1437 2602 93 36 giving
1543 2601 110 29 definito
1667 2601 177 29 information
1858 2601 60 29 that
1943 2601 46 29 the
2012 2602 59 29 first

1438 2644 122 26 contract
1582 2641 41 29 for
1648 2640 46 30 the
1720 2639 125 30 Midland
1869 2639 123 38 Railway
2019 2641 53 29 had

1438 2680 68 27 been
1530 2681 46 31 let,
1594 2681 46 26 the
1665 2684 168 23 contractors
1861 2679 82 35 being
1971 2680 100 28 Messrs

1439 2717 136 28 M'Keone
1600 2717 55 28 and
1686 2716 149 29 Robinson.
1883 2717 58 28 The
1971 2719 102 26 section

1438 2756 81 28 taken
1543 2765 38 27 up
1605 2757 24 27 is
1654 2761 73 23 most
1756 2755 131 36 probably
1912 2756 61 28 that
2002 2755 70 30 from

1439 2794 115 28 Reefton
1568 2799 28 23 to
1609 2794 185 28 Brunnerton.
1832 2794 66 27 This
1910 2794 23 28 is
1956 2795 116 27 inferred

1439 2833 70 29 from
1534 2832 46 30 the
1606 2834 127 36 previous
1757 2832 247 30 communications
2033 2842 26 20 re-

1439 2872 92 26 ceived
1544 2871 36 35 by
1595 2872 44 26 Mr
1651 2872 112 26 Bowen.
1800 2872 57 27 The
1871 2877 78 23 exact
1959 2876 114 24 amottfit

1439 2909 30 28 of
1479 2909 45 29 the
1538 2912 122 26 contract
1672 2909 23 27 is
1709 2912 48 26 not
1770 2909 97 29 stated.
1904 2909 28 29 It
1949 2910 22 28 is
1985 2909 87 29 stated

1441 2948 61 27 that
1522 2948 101 27 Messrs
1639 2948 134 27 M'Keone
1787 2948 54 27 and
1864 2948 150 32 Robinson,
2027 2949 45 27 the

1440 2988 166 25 contractors
1637 2984 159 29 mentioned
1825 2985 94 35 above,
1933 2994 45 20 are
2006 2985 65 29 both

1440 3023 130 38 practical
1593 3023 142 37 engineers
1757 3024 30 29 of
1806 3024 69 36 good
1898 3025 127 37 standing
2045 3025 29 28 in

1441 3063 71 27 their
1525 3063 159 35 profession,
1698 3063 55 26 and
1775 3072 34 19 w«.
1817 3063 19 27 11
1857 3064 100 27 known
1979 3064 29 27 iu
2029 3074 29 18 en-

1440 3100 139 38 gineering
1592 3100 92 29 circles
1698 3101 28 28 iu
1746 3100 125 29 London.
1909 3102 82 29 Their
2011 3102 63 29 firm

1442 3139 101 36 having
1556 3140 99 35 .offices
1668 3141 29 27 in
1713 3140 194 29 Westminster
1921 3141 151 34 chambers,

1443 3178 125 33 London,
1582 3178 22 28 is
1625 3187 16 19 a
1664 3178 62 28 well
1750 3179 165 29 established
1940 3180 54 28 and
2019 3180 56 28 also

1445 3225 17 18 a
1473 3216 166 37 thoroughly
1657 3216 109 29 reliable
1789 3227 61 24 one,
1864 3218 53 28 and
1938 3218 51 28 has
2008 3218 66 28 been

1441 3254 122 37 engaged
1585 3255 98 36 during
1705 3255 46 29 the
1773 3258 61 34 past
1856 3260 46 24 ten
1927 3265 30 21 or
1981 3257 94 29 twelve

1441 3303 79 27 years
1533 3294 28 27 in
1582 3293 47 30 the
1643 3295 185 28 construction
1850 3294 31 29 of
1899 3295 127 36 railways
2047 3296 28 28 in

1443 3331 120 34 Ireland,
1575 3331 137 34 Sweeden,
1726 3332 129 37 Norway,
1865 3334 54 29 and
1927 3336 29 27 in
1967 3335 108 28 various

1444 3370 86 28 works
1543 3380 36 17 on
1592 3370 46 29 the
1651 3371 115 35 English
1781 3372 77 27 lines.

1477 3417 23 28 A
1519 3416 78 29 block
1616 3417 128 29 occurred
1762 3418 30 28 in
1810 3418 47 29 the
1876 3418 51 30 No.
1940 3420 16 28 2
1970 3419 88 38 sludge-

1444 3455 125 33 channel,
1583 3455 132 35 Kumara,
1729 3466 35 19 on
1786 3457 126 37 Tuesday
1925 3458 149 30 afternoon.

1444 3494 28 29 It
1492 3494 24 27 is
1529 3494 117 36 thought
1665 3495 45 29 the
1733 3495 61 28 roof
1813 3495 49 29 has
1883 3497 84 28 caved
1987 3497 29 28 in
2038 3497 39 28 for

1444 3541 74 20 some
1541 3532 129 30 distance.
1710 3533 65 29 Mon
1788 3544 45 19 are
1846 3534 90 36 busily
1956 3536 120 36 engaged

1444 3572 28 26 in
1486 3571 108 35 driving
1608 3582 15 17 a
1636 3572 62 27 hole
1710 3573 119 34 through
1843 3573 47 28 the
1904 3573 86 29 block.

1479 3620 52 30 We
1544 3620 62 30 take
1620 3621 45 29 the
1677 3622 140 37 following
1837 3622 71 29 from
1921 3623 47 30 the
1993 3624 67 31 West-

1439 3662 69 33 port
1530 3660 130 36 Evening
1681 3662 68 27 Star
1769 3664 29 26 of
1820 3663 125 35 Tuesday
1966 3664 53 27 last

1444 3697 58 28 The
1523 3705 73 21 news
1618 3698 29 28 of
1666 3698 45 28 Mr
1723 3698 75 29 John
1820 3699 91 29 Corr's
1932 3700 92 35 death,
2038 3711 34 18 on

1446 3735 122 37 Monday
1601 3737 151 34 afternoon,
1772 3747 55 19 was
1857 3738 122 30 received
2010 3739 66 29 with

1444 3775 148 35 unfeigned
1622 3784 101 20 sorrow
1753 3776 118 36 through
1905 3777 47 28 the
1982 3778 94 28 Buller

1444 3812 106 30 district
1570 3812 55 30 and
1646 3813 106 29 further
1773 3814 90 34 afield,
1876 3814 41 30 for
1938 3815 33 29 he
1985 3825 56 21 was
2062 3826 16 20 a

1443 3860 66 18 man
1523 3851 61 28 who
1597 3861 56 18 was
1665 3852 99 35 widely
1777 3853 100 27 known
1891 3853 54 27 and
1966 3855 91 28 univer-

1444 3888 69 38 sally
1525 3888 148 38 respected.
1710 3890 58 29 The
1782 3899 79 20 cause
1874 3890 30 29 of
1923 3891 81 30 death
2020 3902 54 20 was

1444 3928 202 30 inflammation
1661 3928 29 30 of
1700 3929 46 29 the
1759 3929 89 37 lungs.
1885 3930 58 29 The
1966 3931 54 30 late
2036 3933 42 28 Mr

1444 3966 68 27 Corr
1524 3975 54 19 was
1589 3975 16 19 a
1627 3968 92 26 native
1732 3970 27 24 ot
1779 3968 109 35 County
1901 3968 99 34 Down,
2022 3971 41 27 Ire-

1444 4003 73 33 land,
1531 4003 54 28 and
1609 4011 76 21 came
1707 4007 47 25 out
1768 4007 27 25 to
1817 4005 130 34 Victoria,
1961 4006 80 29 when
2062 4016 16 20 a

1444 4043 96 37 youth,
1571 4045 28 29 at
1634 4042 46 31 the
1719 4043 75 38 early
1830 4043 124 39 diggings
1985 4046 89 31 timos.

1444 4083 84 28 From
1554 4083 120 29 Victoria
1698 4083 35 29 he
1756 4084 126 29 followed
1903 4085 46 28 the
1966 4086 65 28 rush
2050 4091 27 25 to

1445 4121 96 36 Otago,
1550 4121 90 29 where
1651 4121 34 29 ho
1697 4132 56 19 was
1766 4122 145 37 employed
1921 4123 28 29 in
1961 4125 116 36 mining,

1444 4159 54 28 and
1510 4159 71 28 from
1594 4160 97 28 thence
1706 4170 75 19 came
1796 4165 26 24 to
1835 4162 46 27 the
1893 4161 75 30 West
1983 4164 89 28 Coast.

1444 4198 35 27 At
1511 4198 171 36 Greymouth
1715 4198 34 29 he
1785 4208 56 19 was
1871 4200 144 38 employed
2048 4201 29 28 in

1445 4237 158 29 mercantile
1630 4239 129 36 pursuits,
1790 4238 49 30 but
1869 4248 64 28 very
1957 4241 75 35 early
2048 4242 29 28 in

1445 4276 161 35 Westport's
1619 4276 105 36 history
1737 4277 34 28 he
1779 4286 56 20 was
1848 4287 51 19 one
1910 4279 28 27 of
1948 4279 46 28 the
2004 4284 72 24 most

1445 4314 135 34 energetic
1594 4314 52 26 and
1659 4316 156 33 prominent
1829 4316 156 29 merchants
2004 4318 72 33 here,

1445 4359 30 19 as
1487 4359 16 20 a
1523 4354 111 33 partner
1646 4352 28 27 in
1687 4352 47 28 the
1747 4352 63 28 firm
1824 4352 29 28 of
1872 4353 30 29 P.
1916 4354 31 28 F.
1963 4354 114 37 Smythe

1445 4389 54 29 and
1521 4389 46 30 Co.
1615 4389 200 39 Subsequently
1836 4391 35 29 ho
1892 4392 109 31 became
2022 4394 55 30 sole

1446 4428 150 37 proprietor
1609 4430 30 27 of
1648 4430 47 28 the
1719 4431 130 33 business,
1863 4433 54 27 and
1930 4433 103 29 carried
2055 4435 22 27 it

1445 4476 36 17 on
1493 4475 37 27 up
1542 4470 28 23 to
1583 4467 46 26 the
1643 4471 66 24 time
1723 4469 29 26 of
1762 4469 42 26 his
1817 4469 92 28 death.
1956 4471 44 26 Mr
2013 4472 65 26 Corr

1446 4503 98 28 shared
1557 4504 66 28 with
1641 4505 91 29 others
1745 4506 30 27 of
1790 4506 43 28 his
1855 4510 154 27 townsmen
2030 4509 46 28 the

1445 4542 170 29 vicissitudes
1637 4544 30 27 of
1683 4544 47 28 the
1745 4545 87 35 place,
1845 4544 49 30 but
1914 4547 30 27 in
1954 4547 45 28 the
2020 4547 57 28 face

1445 4580 30 28 of
1486 4580 35 28 all
1535 4580 153 30 difficulties
1701 4582 34 28 he
1748 4591 56 19 was
1817 4592 62 19 ever
1891 4584 119 29 cheerful
2023 4586 53 27 and

1445 4619 119 38 hopeful.
1603 4620 87 30 When
1704 4631 49 20 our
1766 4624 176 29 commercial
1963 4625 113 28 horizon

1445 4666 56 18 was
1524 4659 47 26 the
1596 4659 129 33 blackest,
1747 4660 81 27 when
1849 4662 81 31 flood,
1952 4662 59 33 fire,
2024 4664 54 26 and

1444 4693 156 39 depression
1614 4695 55 30 had
1693 4696 159 30 devastated
1872 4698 45 29 the
1936 4699 84 37 place,
2035 4699 43 29 Mr

1444 4733 90 29 Corr's
1547 4735 131 36 geniality
1692 4735 54 29 and
1759 4736 174 36 hopefulness
1945 4748 69 19 were
2022 4739 53 28 like

1444 4780 16 20 a
1472 4781 50 27 ray
1535 4772 29 28 of
1582 4772 71 36 light
1665 4778 128 32 amongst
1811 4775 47 28 the
1871 4777 104 36 people.
2020 4777 58 28 The

1444 4810 138 35 deceased,
1601 4812 100 37 during
1723 4814 34 27 20
1780 4815 88 34 years'
1888 4815 137 29 residence
2049 4817 29 26 in

1444 4850 148 37 Westport,
1623 4850 55 28 had
1707 4851 75 29 filled
1811 4862 86 27 many
1929 4854 149 34 important

1436 4888 1 41 |
1444 4888 90 37 public
1565 4890 142 36 positions.
1761 4892 38 27 As
1829 4900 15 19 a
1881 4892 110 37 County
2025 4894 54 28 and

1444 4928 129 37 Borough
1611 4928 164 36 Councillor,
1807 4930 123 29 member
1965 4931 30 29 of
2027 4932 47 29 the

1445 4967 111 27 Harbor
1568 4968 101 33 Board,
1684 4968 54 28 and
1760 4969 69 27 local
1851 4970 223 28 committeeman

1444 5004 28 26 in
1498 5004 183 27 multifarions
1706 5005 95 35 degree
1827 5005 34 28 he
1886 5006 47 27 did
1952 5015 16 18 a
1992 5007 38 27 lot
2051 5007 30 26 of

1444 5040 92 30 useful
1550 5041 82 35 work,
1646 5041 55 30 and
1713 5052 86 26 many
1813 5043 31 29 of
1853 5042 45 30 the
1907 5043 169 30 institutions

1445 5089 62 19 now
1531 5079 162 37 flourishing
1711 5090 57 19 owe
1787 5081 83 28 much
1895 5085 28 25 to
1945 5081 43 29 his
2012 5083 52 28 fore-

1446 5118 118 35 thought
1582 5118 54 28 and
1658 5118 124 30 business
1794 5120 129 36 sagacity.
1970 5120 44 29 He
2027 5121 39 28 dis-

1446 5156 99 37 played
1562 5161 77 31 great
1660 5158 148 36 enterprise
1821 5158 55 28 and
1897 5162 78 33 spent
1996 5159 82 28 much

1447 5195 66 28 time
1544 5196 54 27 and
1634 5205 109 28 money,
1775 5197 29 27 in
1835 5196 163 37 developing
2033 5198 46 28 the

1446 5234 107 35 mining
1565 5243 137 19 resources
1716 5235 29 27 of
1766 5235 46 27 the
1826 5235 170 29 district—in
2016 5236 63 33 fact,

1446 5271 77 28 there
1541 5271 23 28 is
1576 5281 36 19 no
1632 5281 97 28 person
1748 5273 29 28 in
1797 5273 46 29 the
1862 5273 76 37 place
1951 5274 60 29 who
2031 5275 51 27 has

1447 5309 68 28 been
1533 5319 76 19 more
1627 5312 87 27 active
1740 5311 29 27 in
1794 5311 55 28 this
1874 5316 113 32 respect.
2036 5313 45 28 Mr

1448 5348 66 28 Corr
1526 5358 55 19 was
1595 5358 15 19 a
1623 5353 73 24 most
1717 5349 96 28 liberal
1833 5353 142 33 supporter
1987 5350 30 29 of
2035 5351 46 28 tho

1447 5386 127 36 religious
1595 5387 206 28 denomination
1822 5393 27 23 to
1868 5389 90 28 which
1980 5389 34 28 he
2036 5389 45 28 did

1448 5424 105 37 belong,
1561 5425 57 34 but,
1625 5426 103 32 withal,
1737 5435 55 19 was
1803 5426 175 38 particularly
1987 5427 94 30 liberal

1448 5464 55 26 and
1521 5464 119 28 tolerant
1664 5468 27 24 to
1711 5464 36 28 all
1771 5464 101 33 creeds,
1886 5466 54 28 and
1965 5466 34 28 he
2025 5476 55 19 was

1448 5501 57 26 also
1519 5509 16 18 a
1556 5501 81 36 loyal,
1652 5501 48 28 but
1719 5502 203 35 unprejudiced,
1937 5509 141 32 supporter

1449 5539 29 29 of
1500 5539 46 29 the
1571 5549 80 20 cause
1677 5540 30 30 of
1727 5539 43 30 his
1794 5545 124 34 country,
1932 5544 150 37 occupying

1449 5579 46 26 the
1510 5579 116 35 position
1639 5579 30 28 of
1681 5580 139 27 President
1834 5581 30 27 of
1886 5582 45 27 the
1945 5582 137 37 Westport

1449 5616 110 28 Branch
1587 5617 29 27 of
1644 5617 46 28 the
1710 5617 72 28 Irish
1812 5618 128 29 National
1965 5620 117 35 League.

1451 5655 54 27 But
1518 5655 20 27 it
1552 5656 55 26 will
1627 5656 31 27 be
1671 5656 41 27 for
1726 5656 43 27 his
1782 5658 116 33 genuine
1911 5659 154 33 good-heart-

1451 5692 95 27 edness
1559 5694 59 26 that
1638 5694 46 26 the
1698 5694 130 27 deceased
1848 5696 55 27 will
1923 5696 31 27 be
1977 5696 104 35 longest

1451 5729 195 30 remembered.
1684 5731 52 28 His
1749 5734 97 26 nature
1860 5743 55 19 was
1928 5735 153 35 generosity

1437 5768 2 46 j
1453 5768 80 32 itstli,
1549 5770 54 27 and
1624 5769 139 29 hundreds
1784 5771 75 29 there
1877 5783 44 18 are
1940 5773 89 29 whom
2050 5774 32 27 he

1437 5798 2 41 !
1452 5807 49 28 has
1515 5808 120 27 assisted.
1673 5809 57 28 The
1745 5810 127 28 doceisod
1892 5812 90 27 leaves
1996 5823 14 16 a
2024 5812 58 27 wife

2094 195 55 27 and
2163 204 93 27 young
2268 196 96 35 family
2376 200 29 24 to
2418 205 99 19 mourn
2530 196 41 27 his
2581 196 63 28 loss.
2681 197 50 27 We

2094 243 45 17 are
2160 233 109 36 pleased
2291 238 27 22 to
2344 234 67 27 hear
2423 234 61 27 that
2504 238 53 23 two
2571 234 109 35 policies
2705 234 27 27 of

2094 271 45 27 life
2164 279 143 20 assurance
2338 281 45 18 are
2414 272 29 27 in
2474 272 144 27 existence.
2673 271 57 29 The

2094 308 105 29 funeral
2223 309 55 28 will
2299 309 61 30 take
2379 309 75 37 place
2474 312 158 25 to-morrow
2652 309 65 29 after-

2094 356 81 19 noon.

2129 384 50 28 We
2192 384 63 28 take
2268 385 47 28 the
2328 385 140 34 following
2489 386 70 27 from
2571 384 47 28 the
2643 386 67 27 West-

2089 425 68 34 port
2182 422 131 38 Evening
2345 423 67 28 Star
2439 424 28 26 of
2494 423 66 37 July
2586 424 65 28 20th
2663 432 6 20 :
2673 424 57 28 —A

2096 462 88 27 miner
2197 462 54 27 and
2265 465 153 25 contractor
2431 462 59 28 well
2512 462 100 28 known
2625 462 28 28 in
2677 462 54 28 this

2095 499 115 33 district,
2223 500 55 28 and
2298 499 57 29 also
2379 504 28 24 at
2430 500 115 28 Reefton
2567 500 55 28 and
2644 500 87 37 Lyell,

2095 537 123 27 William
2249 537 141 35 Campbell
2420 537 36 35 by
2487 547 89 22 name,
2601 547 56 18 was
2687 539 27 25 in-

2096 579 60 25 stall
2160 575 141 37 tanoously
2323 574 82 30 killed
2428 584 35 21 on
2477 575 45 29 the
2545 574 113 39 railway
2679 575 53 30 line

2096 615 28 26 in
2145 614 46 27 the
2206 620 90 21 centre
2310 615 29 27 of
2357 615 47 26 tho
2418 618 82 29 town,
2514 614 55 27 and
2592 615 46 27 the
2657 615 72 35 body

2095 650 130 33 mangled
2249 650 108 37 beyond
2376 652 176 34 recognition.
2599 652 57 28 Tho
2682 652 32 28 de-

2096 688 95 29 ceased
2204 699 56 18 was
2273 688 129 37 standing
2415 689 121 29 between
2550 693 52 25 two
2616 690 68 28 lines
2705 691 27 27 of

2096 727 72 33 rails,
2180 728 57 35 just
2259 728 91 27 where
2371 728 45 27 the
2436 728 101 27 incline
2560 738 172 18 commences

2097 770 27 23 to
2154 766 51 27 rise
2233 765 119 28 towards
2381 766 46 27 the
2458 767 115 33 staiths;
2608 767 34 27 ho
2672 776 58 19 was

2096 803 105 35 talking
2215 807 27 24 to
2256 805 45 27 the
2315 814 63 18 men
2392 813 33 18 on
2444 814 34 17 an
2492 805 98 36 engine
2604 805 127 28 attached

2098 845 26 24 to
2143 851 35 16 an
2197 845 95 32 empty
2310 843 71 25 train
2401 842 128 35 standing
2548 852 35 17 on
2603 843 45 26 tho
2666 843 65 31 line,

2097 879 53 28 and
2165 880 160 36 apparently
2349 879 46 28 did
2409 884 48 24 not
2475 880 110 29 observe
2599 890 15 18 a
2635 880 96 29 loaded

2097 918 70 27 train
2191 918 149 35 ascending
2360 918 47 28 the
2432 918 107 28 staiths.
2588 918 56 28 The
2674 920 58 27 first

2098 964 111 27 waggon
2219 955 91 28 struck
2320 955 58 27 him
2388 956 54 26 and
2451 956 88 28 threw
2548 956 58 28 him
2615 956 116 28 beneath

2098 993 45 29 the
2169 993 82 34 train,
2276 993 55 29 and
2356 993 75 36 eight
2459 1003 30 19 or
2513 994 64 28 nine
2604 1004 128 27 waggous

2098 1033 95 35 passed
2215 1041 63 18 over
2299 1031 68 33 him,
2383 1032 45 27 tho
2442 1033 179 27 cow-catcher
2635 1034 30 27 of
2684 1034 46 27 the

2098 1070 97 36 engine
2216 1069 66 29 then
2303 1069 105 36 forcing
2429 1069 46 28 the
2496 1069 71 38 body
2590 1071 80 36 along
2691 1071 41 28 for

2098 1118 74 19 some
2186 1110 33 26 '2O
2231 1109 89 35 yards.
2358 1109 58 28 The
2425 1109 129 28 deceased
2568 1120 56 18 was
2637 1120 16 18 a
2666 1120 65 18 man

2099 1147 29 26 of
2138 1148 33 26 50
2183 1156 79 25 years
2276 1147 30 27 of
2315 1156 57 25 age.

2134 1184 33 28 In
2180 1184 79 28 order
2272 1187 27 25 to
2313 1184 33 28 do
2360 1194 16 18 a
2395 1184 64 28 cash
2481 1184 86 33 trade,
2581 1185 26 28 J.
2624 1185 108 34 Brown,

2098 1221 169 34 bootmaker,
2281 1222 22 28 is
2317 1231 61 19 now
2400 1222 114 37 offering
2536 1224 36 26 all
2595 1224 42 27 his
2659 1224 58 28 well-

2098 1260 122 30 assorted
2244 1261 76 29 stock
2346 1260 29 30 of
2397 1261 117 38 Factory
2538 1261 55 30 and
2617 1262 115 37 English

2099 1300 91 28 Goods
2221 1300 117 35 cheaper
2362 1301 68 27 than
2455 1310 71 19 ever.
2574 1302 45 27 All
2649 1302 83 34 goods

2100 1337 104 28 booked
2217 1337 53 28 will
2290 1338 32 28 be
2344 1338 118 36 charged
2484 1339 46 28 tho
2552 1339 78 28 usual
2652 1342 80 33 price.

2101 1376 77 28 None
2193 1375 48 29 but
2254 1375 59 29 best
2326 1376 105 37 quality
2444 1376 83 35 goods
2541 1376 74 38 kept,
2626 1378 54 29 and
2693 1378 26 29 in-

2099 1414 122 36 spection
2240 1414 239 29 invited.—Advt.

2299 1503 233 29 LATEST

2126 1554 173 41 CABLE
2357 1555 349 42 TELEGRAMS.

2412 1651 132 39 London,
2560 1652 72 42 July
2646 1654 47 32 20.

2138 1694 36 31 In
2202 1694 50 32 the
2281 1695 128 41 sculling
2435 1696 102 33 match
2561 1698 102 41 to-day
2687 1698 32 32 be-

2098 1741 95 28 tween
2207 1739 124 30 Perkins
2346 1740 59 30 and
2430 1740 105 41 Kemp,
2552 1741 32 31 of
2607 1741 126 42 Sydney,

2098 1782 44 32 for
2157 1783 90 36 £2OO,
2263 1783 124 32 Perkins
2402 1795 66 21 won
2483 1784 101 41 easily.

2138 1826 47 30 An
2199 1826 141 31 informal
2353 1828 131 40 meeting
2499 1828 32 31 of
2541 1828 52 32 the
2608 1828 126 33 Cabinet

2099 1869 68 32 took
2181 1870 83 40 place
2279 1881 38 21 on
2343 1870 156 42 Saturday,
2517 1874 30 30 at
2561 1872 97 32 which
2672 1873 24 31 it
2710 1874 24 31 is

2099 1913 178 31 understood
2291 1914 66 31 that
2372 1915 51 31 the
2443 1915 139 42 Ministry
2595 1916 76 32 have
2686 1917 32 31 de-

2098 1956 83 32 cided
2195 1958 31 31 to
2240 1957 98 41 resign
2353 1958 83 33 office
2451 1958 163 34 forthwith.

2138 2001 37 30 In
2202 2002 52 30 the
2282 2002 116 31 divorce
2426 2004 69 36 suit,
2525 2004 150 32 Crawford
2705 2016 28 21 v.

2099 2044 150 33 Crawford
2272 2045 58 32 and
2354 2045 98 39 Dilke,
2468 2047 51 32 the
2543 2047 138 34 evidence
2706 2050 32 32 of

2098 2090 116 39 experts
2230 2089 95 31 shows
2341 2089 66 33 that
2421 2090 51 32 the
2486 2090 201 43 handwriting
2706 2094 32 31 of

2099 2131 50 32 the
2165 2132 112 32 several
2291 2143 186 30 anonymous
2500 2134 102 32 letters
2624 2139 66 28 sent
2704 2139 30 29 to

2099 2174 48 30 Mr
2162 2174 149 32 Crawford
2325 2176 25 29 is
2365 2176 114 31 similar
2492 2179 32 29 to
2543 2177 66 32 that
2633 2179 32 31 of
2684 2179 50 32 the

2098 2217 189 41 respondent,
2303 2218 63 32 Mrs
2392 2219 158 33 Crawford.
2593 2221 63 32 Mrs
2677 2222 38 32 Lo-

2099 2270 106 30 gerson
2227 2261 128 31 testified
2379 2266 31 28 to
2428 2263 112 40 having
2564 2265 132 31 received
2718 2276 17 21 a

2099 2303 166 33 confession
2274 2304 32 34 of
2318 2304 134 44 adultery
2464 2305 76 34 from
2553 2306 48 34 Sir
2612 2307 122 34 Charles

2099 2348 98 32 Dilke.

2139 2391 193 42 Intelligence
2356 2395 31 30 to
2409 2393 82 32 hand
2513 2395 76 32 from
2614 2395 121 33 Central

2099 2435 70 31 Asia
2184 2438 91 30 states
2290 2436 65 32 that
2371 2447 17 21 a
2402 2437 144 42 difficulty
2567 2438 55 33 has
2638 2440 96 31 arisen

2099 2478 132 32 between
2245 2479 51 31 the
2310 2480 114 31 British
2437 2481 59 31 and
2505 2481 129 32 Russian
2649 2483 64 31 Com-

2099 2522 170 33 missioners
2291 2524 45 32 for
2360 2524 51 33 the
2435 2525 181 34 delineation
2632 2527 31 32 of
2682 2527 51 33 the

2099 2566 119 40 Afghan
2232 2567 132 37 frontier,
2374 2568 67 32 who
2456 2579 49 22 are
2519 2580 67 22 now
2596 2573 30 29 at
2638 2571 98 41 Kliaja

2101 2609 90 33 Saleli
2213 2621 39 22 on
2277 2611 51 32 the
2353 2612 81 32 Oxus
2453 2612 86 34 river.
2582 2614 63 32 The
2660 2614 56 32 Rus-

2099 2654 64 32 sian
2179 2654 246 35 Commissioners
2449 2657 89 34 claim
2562 2668 17 22 a
2604 2661 76 31 tract
2705 2659 31 33 of

2099 2698 95 31 fertile
2219 2702 125 38 country
2358 2701 160 40 extending
2532 2703 103 30 twelve
2650 2703 85 31 miles

2099 2741 89 42 along
2202 2741 50 33 the
2268 2742 93 33 banks
2376 2743 38 38 of,
2427 2743 67 35 that
2508 2745 85 38 river,
2610 2746 60 32 and
2684 2746 50 33 the

2099 2785 129 31 demand
2251 2786 25 31 is
2301 2787 133 40 objected
2449 2791 30 28 to
2503 2789 39 41 by
2555 2790 51 30 the
2621 2790 113 31 British

2099 2830 255 40 representatives.
2410 2832 63 33 The
2501 2832 143 44 difficulty
2678 2833 55 33 has

2100 2873 75 32 been
2202 2875 127 30 referred
2353 2875 39 40 by
2416 2877 50 30 the
2489 2877 245 32 Commissioners

2101 2919 30 30 to
2155 2916 78 33 their
2257 2919 160 40 respective
2452 2919 218 34 Governments
2705 2924 30 30 at

2103 2960 44 32 St.
2163 2961 178 40 Petersburg
2356 2963 58 29 and
2428 2963 136 32 London.

2140 3002 29 34 It
2183 3003 24 34 is
2223 3005 174 34 announced
2412 3006 66 33 that
2492 3006 51 34 the
2558 3007 133 43 Marquis
2706 3007 32 34 of

2101 3048 183 41 Hartington
2308 3051 54 31 has
2386 3051 134 33 declined
2545 3055 29 29 to
2596 3053 65 40 join
2684 3053 50 32 the

2102 3091 131 42 Marquis
2249 3093 31 32 of
2299 3093 153 44 Salisbury
2466 3094 32 33 in
2512 3095 50 32 the
2577 3096 159 33 formation

2101 3136 32 32 of
2158 3147 17 21 a
2202 3137 147 33 Coalition
2377 3139 147 42 Ministry,
2549 3140 53 32 but
2627 3144 31 29 at
2686 3141 50 32 the

2102 3190 80 23 same
2198 3181 70 32 time
2283 3181 38 33 lie
2336 3182 156 33 intimated
2508 3184 65 32 that
2587 3184 38 32 he
2640 3185 96 33 would

2102 3225 103 31 accord
2219 3225 47 31 his
2282 3228 121 38 support
2417 3227 32 31 in
2463 3228 51 31 the
2539 3228 101 32 House
2665 3231 31 30 to
2719 3239 17 21 a

2103 3268 207 33 Conservative
2325 3270 258 35 Administration.

2142 3313 62 32 The
2229 3313 147 33 Colonists
2403 3315 67 32 who
2497 3316 75 32 have
2606 3317 132 32 received

2102 3356 51 32 the
2181 3357 193 40 Knighthood
2402 3359 59 32 and
2485 3359 253 43 Companionship

2103 3399 31 32 of
2155 3400 50 32 the
2230 3401 92 31 Order
2346 3401 32 33 of
2400 3402 45 32 St.
2472 3402 128 33 Michael
2616 3404 58 31 and
2690 3404 45 32 St.

2103 3443 115 42 George
2232 3445 60 31 will
2306 3445 35 32 be
2356 3445 133 34 invested
2510 3447 39 42 by
2570 3447 49 34 the
2637 3448 101 39 Queen

2103 3491 31 29 at
2149 3489 131 32 Osborne
2296 3500 38 21 on
2348 3491 61 30 2nd
2423 3491 125 40 August.

2143 3532 36 32 In
2195 3532 49 33 the
2264 3533 249 35 Crawford-Dilke
2537 3535 115 33 divorce
2678 3536 59 33 suit

2105 3576 62 31 Mrs
2187 3577 149 31 Crawford
2360 3579 128 30 testified
2513 3580 66 30 that
2604 3581 52 30 she
2679 3592 59 19 was

2105 3619 124 32 seduced
2253 3619 38 43 by
2326 3620 97 39 Dilke,
2448 3621 58 32 and
2534 3621 128 34 detailed
2686 3623 53 32 her

2105 3663 159 32 adulteries
2279 3664 71 32 with
2365 3665 51 32 the
2439 3667 226 39 co-respondent
2681 3668 59 31 and

2105 3705 126 42 Captain
2251 3707 130 33 Forster.

2144 3750 63 32 The
2233 3751 127 38 Queen's
2385 3752 84 33 Prize
2494 3755 31 30 at
2549 3753 191 34 Wimbledon

2104 3794 54 31 has
2183 3794 74 31 been
2281 3805 66 22 won
2371 3795 39 42 by
2434 3797 140 38 Jackson,
2597 3798 122 33 Lincoln-

2105 3838 77 32 shire
2197 3838 188 34 Nolunteers.

2324 3928 202 31 LATEST

2121 3975 374 41 AUSTRALIAN
2547 3978 174 40 NEWS.

2374 4078 162 39 Adelaide,
2559 4080 73 42 July
2652 4082 47 32 20.

2145 4129 83 33 Good
2249 4130 80 32 rains
2353 4130 75 33 have
2453 4131 74 34 been
2550 4133 191 42 experienced

2105 4173 182 40 throughout
2302 4175 60 31 this
2377 4176 114 40 colony.

2409 4219 125 40 Sydney,
2558 4220 71 44 July
2651 4222 47 33 20.

2145 4262 142 40 Splendid
2311 4263 81 32 rains
2416 4265 75 31 have
2512 4266 90 31 fallen
2618 4277 68 22 over
2700 4267 41 31 all

2104 4309 81 36 parts
2200 4306 32 31 of
2243 4307 51 31 the
2308 4307 115 41 colony.

2222 4399 193 35 REEFTON
2443 4401 175 36 LETTER.

2167 4488 83 35 (from
2269 4495 56 21 our
2344 4495 61 21 own
2424 4491 254 34 correspondent.)

2340 4538 198 41 Wednesday,
2559 4541 72 42 July
2652 4544 47 30 21.

2140 4591 57 29 The
2215 4594 62 35 past
2297 4592 134 37 fortnight
2450 4593 49 31 has
2518 4598 48 26 not
2591 4595 148 39 developed

2105 4641 54 26 any
2193 4633 126 34 startling
2349 4637 153 32 symptoms
2527 4635 29 29 of
2584 4645 15 19 a
2625 4635 113 35 change,

2105 4670 113 32 mining,
2236 4678 29 18 as
2283 4679 16 17 a
2318 4670 97 32 whole,
2436 4680 85 18 wears
2540 4681 36 18 an
2596 4673 143 34 improved

2105 4716 178 28 appearance,
2296 4706 88 29 which
2395 4707 22 30 is
2431 4707 83 38 likely
2527 4713 28 25 to
2566 4709 170 37 strengthen,

2104 4746 48 27 but
2166 4746 45 27 the
2225 4746 105 36 change
2342 4746 24 27 is
2380 4750 44 25 too
2438 4751 92 25 recent
2542 4751 28 25 to
2584 4749 80 28 make
2683 4759 55 25 any

2105 4783 94 29 visible
2213 4783 200 37 improvement
2424 4785 28 27 in
2465 4785 132 35 business,
2612 4786 90 29 which
2716 4787 23 28 is

2104 4823 83 36 quiet.

2166 4860 145 37 Alarming
2500 4872 46 20 are
2562 4863 46 29 the
2622 4864 77 28 order
2713 4864 29 29 of

2105 4899 46 28 the
2165 4899 61 36 day.
2262 4899 38 28 As
2313 4909 50 19 our
2376 4901 109 28 winters
2499 4911 44 19 aro
2554 4902 101 28 known
2667 4908 27 24 to
2706 4902 32 29 be

2104 4937 83 38 damp
2198 4937 55 30 and
2265 4937 73 35 chill,
2352 4939 54 29 and
2425 4939 137 38 thorough
2584 4941 153 37 protection

2106 4978 69 25 from
2193 4977 46 26 the
2262 4978 80 25 frosts
2352 4978 55 26 and
2429 4987 87 19 snows
2528 4980 31 25 of
2575 4980 46 27 the
2642 4989 96 18 season

2105 5021 49 19 can
2169 5012 65 36 only
2246 5012 33 28 be
2292 5014 127 27 obtained
2432 5014 35 36 by
2480 5015 125 35 securing
2614 5015 124 28 effectual

2106 5050 139 36 coverings
2264 5050 41 28 for
2324 5050 46 30 the
2391 5051 81 36 body,
2486 5055 27 26 to
2535 5057 73 25 meet
2629 5054 47 28 the
2700 5063 26 19 re-

2106 5089 167 36 quirements
2286 5088 30 28 of
2335 5089 46 27 the
2395 5090 90 35 public
2505 5091 28 27 in
2547 5091 61 28 that
2630 5095 109 28 matter,

2106 5126 74 28 three
2203 5126 247 37 philanthropists
2474 5129 28 27 in
2528 5128 45 29 the
2598 5129 64 29 boot
2686 5130 54 28 and

2106 5165 65 28 shoo
2185 5164 133 34 business,
2332 5165 55 28 and
2407 5175 51 19 one
2479 5167 98 36 draper
2597 5177 142 19 announce

2108 5203 46 28 the
2176 5203 56 28 sale
2251 5203 30 27 of
2297 5204 71 28 their
2385 5204 84 36 goods
2488 5208 28 25 at
2535 5215 35 18 an
2596 5215 144 20 enormous

2107 5241 141 28 reduction
2267 5241 29 28 in
2318 5242 93 36 prices.
2448 5243 68 27 This
2528 5244 23 27 is
2572 5252 15 19 a
2604 5244 70 29 boon
2695 5248 46 24 the

2107 5279 89 37 public
2210 5279 104 37 readily
2327 5280 147 36 recognise,
2488 5281 74 37 King
2582 5283 82 28 Frost
2686 5283 54 28 will

2107 5318 70 28 have
2204 5321 28 25 to
2257 5322 147 24 encounter
2429 5328 16 19 a
2469 5319 90 37 heavy
2584 5320 106 36 battery
2716 5322 28 27 of

2107 5356 106 33 ulstors,
2228 5358 170 33 great-coats,
2413 5356 54 30 and
2482 5357 54 29 hob
2549 5358 57 29 nail
2619 5358 87 30 boots.

2142 5395 36 28 At
2201 5395 47 27 the
2273 5395 85 28 Globe
2384 5395 108 37 driving
2511 5397 170 29 southwards
2707 5407 35 19 on

2108 5433 46 29 the
2167 5432 77 29 track
2255 5442 23 19 is
2292 5431 45 31 the
2350 5433 75 29 work
2438 5435 81 36 going
2532 5444 45 20 on.
2613 5436 25 28 A
2658 5445 70 19 cross-

2109 5475 45 24 cut
2170 5471 71 28 from
2254 5471 55 28 tills
2323 5472 54 28 line
2391 5476 28 24 to
2432 5477 46 24 cut
2499 5474 46 27 the
2559 5474 78 27 track
2648 5475 30 27 of
2696 5475 46 27 tho

2109 5509 92 28 Union
2223 5508 59 29 reef
2300 5518 56 18 was
2373 5511 133 27 extended
2526 5515 27 24 to
2576 5511 47 28 tho
2645 5516 67 23 west
2726 5522 15 17 a

2109 5548 122 29 distance
2250 5548 30 29 of
2296 5548 50 29 IGO
2364 5548 63 36 feet,
2447 5548 49 31 but
2514 5549 118 37 nothing
2650 5550 30 30 of
2695 5550 47 30 the

2109 5588 66 27 kind
2199 5596 56 19 was
2279 5591 58 25 met
2361 5589 76 32 with,
2462 5589 23 28 it
2509 5589 80 35 being
2614 5590 37 27 all
2675 5589 69 28 hard

2109 5628 124 33 country.
2282 5625 58 29 The
2363 5630 109 32 present
2497 5626 84 35 drive,
2599 5627 71 29 from
2695 5628 46 27 the

2109 5673 115 19 manner
2238 5663 45 28 the
2304 5664 77 28 walls
2403 5674 45 18 are
2468 5665 142 36 gradually
2631 5666 113 33 turning

2110 5706 27 23 to
2151 5701 44 28 the
2206 5701 151 33 westward,
2372 5703 22 26 is
2412 5711 60 19 now
2485 5703 130 35 expected
2634 5708 27 22 to
2683 5703 61 27 lead

2111 5740 73 27 them
2200 5749 34 18 on
2249 5744 25 23 to
2289 5739 46 28 the
2349 5739 76 30 track
2439 5741 40 28 for
2492 5741 88 29 which
2594 5741 66 37 they
2674 5751 70 19 were

2111 5779 200 35 cross-cutting,
2332 5779 52 27 and
2409 5789 83 27 prove
2516 5780 73 29 what
2609 5781 50 27 has
2677 5780 67 29 been

2097 5811 1 42 |
2112 5817 90 28 before
2228 5817 116 36 thought
2364 5818 136 35 probable,
2516 5819 59 28 that
2594 5819 45 28 the
2660 5819 84 28 Globe

2759 197 54 27 and
2826 198 89 27 Union
2927 198 67 28 lines
3004 209 44 17 are
3062 210 51 18 one
3122 201 54 28 and
3187 203 46 26 the
3244 213 82 17 same.
3356 203 32 26 In

2759 236 166 26 verification
2936 237 30 26 of
2981 238 62 29 this,
3058 247 73 19 news
3142 240 21 26 is
3171 241 58 34 just
3241 246 25 22 to
3278 241 73 27 hand
3364 242 30 26 of

2758 282 16 19 a
2793 273 57 28 reef
2866 273 74 36 eight
2958 274 52 28 feet
3029 275 28 27 in
3077 276 84 28 width
3187 278 53 28 and
3265 280 126 35 carrying

2758 311 62 35 gold
2835 311 79 37 being
2923 313 92 27 struck
3026 314 28 27 in
3065 314 46 28 the
3124 315 57 29 face
3189 316 30 28 of
3229 316 46 28 the
3286 317 85 28 drive.

2793 349 34 27 In
2848 350 46 27 the
2918 350 73 28 mine
3013 355 27 23 at
3058 352 45 27 the
3124 353 206 37 Keep-it-Dark,
3345 356 44 27 the

2759 390 89 32 stopes
2870 396 45 19 aro
2936 389 79 33 again
3041 389 66 37 fully
3128 392 129 33 manned,
3270 394 54 26 and
3345 394 45 28 the

2759 425 78 27 usUal
2851 426 126 36 quantity
2991 427 30 27 of
3031 435 76 20 stone
3121 430 21 26 is
3155 429 81 38 being
3253 432 137 36 regularly

2759 464 124 36 supplied
2896 469 27 24 to
2937 465 47 28 tho
2998 466 68 28 mill.
3102 468 56 27 The
3171 474 166 25 contractors
3351 471 40 28 for

2759 502 109 35 sinking
2893 504 75 26 main
2996 504 73 27 shaft
3096 505 70 29 have
3191 508 125 33 finished,
3336 510 53 26 and

2759 539 65 35 they
2837 549 44 18 are
2895 549 62 18 now
2980 542 121 33 engaged
3122 553 35 17 on
3178 553 89 26 wages
3286 547 105 34 cutting

2760 582 46 25 out
2831 577 139 37 chamber,
2989 584 175 34 preparatory
3189 587 27 25 to
3238 582 46 30 iho
3309 584 82 29 lower

2758 617 68 26 level
2846 617 81 35 being
2946 619 110 27 started.
3092 620 59 27 Tho
3170 621 95 28 Pelton
3290 624 101 26 wheels

2759 657 27 24 at
2806 654 45 27 tho
2870 654 107 36 battery
2995 664 45 18 are
3059 655 109 38 driving
3187 658 46 28 the
3250 660 35 26 20
3307 659 84 28 heads

2760 691 53 29 and
2841 691 32 29 be
2876 692 29 28 I'd
2908 703 34 17 ail
2946 703 12 18 s
2982 696 28 26 at
3034 693 46 29 the
3103 696 173 29 accustomed
3301 708 54 26 spe<
3365 697 26 34 d,

2759 730 48 28 but
2825 731 65 27 with
2914 740 35 18 an
2968 734 133 26 excessive
3125 734 100 36 supply
3249 735 31 27 of
3301 740 90 29 water,

2760 768 45 28 the
2825 769 124 36 capacity
2968 770 30 27 of
3012 770 48 27 tho
3079 780 60 19 race
3158 772 80 37 being
3258 774 88 28 tested
3364 778 28 24 to

2760 807 45 27 the
2819 812 111 28 utmost,
2944 808 54 27 aud
3010 809 84 27 much
3108 809 84 29 above
3205 812 47 27 tho
3264 813 128 35 quantity

2760 849 27 22 to
2806 845 32 26 be
2857 845 140 36 depended
3023 855 36 17 on
3077 847 98 35 during
3200 849 46 27 the
3271 858 122 19 summer

2760 882 120 29 months.
2934 883 118 29 Various
3081 884 215 38 improvements
3323 888 69 29 liavo

2761 921 66 27 been
2856 921 79 29 made
2960 922 48 28 but
3033 922 47 28 the
3104 924 73 27 limit
3201 925 30 27 of
3252 925 141 37 efficiency

2760 967 87 19 seems
2861 963 27 23 to
2902 959 69 28 have
2984 959 68 28 been
3060 961 117 28 reached
3189 962 91 28 unless
3290 964 103 27 radical

2760 996 158 30 alterations
2930 1007 45 19 are
2989 998 105 29 carried
3107 1002 55 26 out.
3199 1000 87 30 There
3306 1011 45 19 aro
3365 1007 28 24 at

2761 1039 108 31 present
2881 1036 62 27 four
2961 1037 54 35 jets
3039 1037 110 35 playing
3161 1047 35 18 on
3209 1038 46 28 the
3276 1040 117 33 wheels;

2760 1076 53 25 two
2832 1073 70 28 from
2921 1073 47 30 the
2987 1073 63 30 base
3069 1075 30 28 of
3118 1075 45 29 the
3182 1077 110 28 column
3310 1078 83 28 strike

2761 1111 45 28 the
2834 1112 104 29 bottom
2965 1113 112 28 buckets
3102 1114 191 37 horizontally,
3317 1118 76 27 these

2761 1150 77 27 alone
2852 1160 50 17 can
2915 1150 75 28 drive
3005 1153 31 25 15
3049 1151 84 28 heads
3144 1161 5 24 ;
3170 1153 46 28 the
3238 1158 54 23 two
3304 1164 88 27 upper

2757 1187 54 36 jets
2830 1191 73 25 exert
2917 1197 15 19 a
2945 1188 71 28 force
3034 1190 91 36 partly
3139 1190 170 30 downwards
3328 1193 65 28 with

2761 1225 82 28 about
2853 1230 53 24 two
2920 1227 52 27 feet
2985 1228 51 27 less
3049 1237 134 27 pressure,
3197 1230 76 28 these
3294 1230 97 34 added,

2761 1264 94 37 nearly
2867 1264 46 29 tho
2928 1265 87 30 whole
3028 1266 31 28 of
3066 1266 45 30 tho
3124 1272 85 24 water
3221 1268 29 28 in
3264 1268 45 30 the
3333 1279 60 20 race

2760 1303 24 28 is
2807 1304 76 34 used,
2897 1304 46 28 tho
2956 1306 34 26 20
3002 1305 84 29 heads
3096 1307 54 27 and
3164 1307 114 29 berdcus
3295 1318 46 19 are
3354 1314 40 23 set

2760 1341 83 35 going
2867 1342 54 28 and
2940 1343 45 28 the
3003 1344 98 37 supply
3125 1344 156 38 disappears
3302 1347 90 27 which

2761 1380 98 28 should
2869 1380 74 29 drive
2954 1381 47 28 tho
3011 1391 168 28 compressor
3187 1384 95 28 wheel.
3311 1385 82 28 From

2761 1418 54 29 this
2833 1419 22 28 it
2874 1419 89 28 would
2982 1430 101 27 appear
3095 1431 29 19 as
3141 1422 24 27 if
3181 1422 46 29 the
3240 1432 86 28 upper
3341 1425 54 35 jets

2761 1466 70 19 were
2856 1462 49 24 not
2935 1458 68 37 fully
3033 1459 127 35 efficient,
3191 1461 55 28 and
3264 1462 131 37 probably

2763 1495 104 29 disturb
2881 1496 46 28 the
2940 1497 89 28 stroke
3043 1498 30 27 of
3092 1499 47 28 the
3152 1499 83 28 lower
3243 1501 63 35 jets.
3351 1501 42 35 By

2762 1533 109 38 placing
2888 1544 16 18 a
2918 1535 73 28 third
3009 1536 87 29 wheel
3114 1537 28 28 in
3163 1539 118 35 position
3299 1539 36 36 by
3348 1540 47 28 the

2762 1571 56 29 side
2839 1574 28 26 of
2885 1572 45 29 the
2949 1578 110 31 present
3077 1579 62 30 two,
3160 1576 54 28 and
3233 1577 80 36 using
3331 1579 65 34 only

2762 1609 46 28 the
2822 1610 83 28 lower
2914 1611 63 36 jets,
2988 1616 86 23 water
3085 1613 91 28 would
3189 1614 32 28 be
3234 1615 92 32 saved,
3341 1616 54 27 and

2763 1646 44 29 the
2817 1656 90 28 power
2917 1648 30 29 of
2955 1649 47 29 the
3013 1649 100 30 wheels
3120 1652 100 36 greatl)
3234 1652 143 29 increased
3389 1662 6 25 ;

2761 1685 47 30 the
2821 1686 111 38 remedy
2945 1697 88 20 seems
3046 1693 27 24 to
3086 1689 35 29 lie
3133 1691 29 27 in
3177 1691 55 28 this
3254 1691 141 30 direction.

2796 1725 58 28 The
2873 1729 167 25 contractors
3058 1728 29 26 in
3107 1728 45 28 the
3174 1729 45 27 Nil
3243 1730 135 36 Desperan-

2762 1762 66 28 dum
2843 1772 45 20 are
2902 1764 113 38 making
3024 1765 71 35 good
3107 1766 133 38 headway
3250 1769 28 27 in
3287 1768 110 35 sinking

2763 1801 45 28 the
2822 1803 76 27 main
2916 1802 82 28 shaft.
3035 1804 58 28 The
3112 1809 121 24 contract
3251 1808 23 26 is
3292 1807 41 28 for
3346 1809 50 26 150

2761 1839 63 34 feet,
2838 1840 47 28 the
2904 1841 78 36 point
2994 1843 101 27 started
3114 1843 70 28 from
3199 1844 81 37 being
3297 1846 35 27 70
3343 1846 54 27 feet

2762 1878 80 28 down
2855 1879 46 27 the
2920 1879 45 28 old
2983 1880 80 28 shaft.
3100 1881 58 28 The
3170 1891 61 19 new
3246 1885 108 34 portion
3374 1884 22 28 is

2761 1917 16 26 6
2789 1917 95 27 inches
2899 1917 95 34 longer
3012 1918 54 28 and
3085 1920 17 26 6
3114 1919 95 29 inches
3226 1921 85 28 wider
3328 1922 68 28 than

2763 1953 45 29 the
2822 1954 54 33 old,
2890 1954 88 30 which
2992 1955 23 29 is
3028 1957 76 28 Gx3
3116 1958 28 27 in
3164 1958 47 29 the
3233 1960 89 35 clear;
3342 1960 54 29 and

2761 1992 56 29 this
2834 1993 110 36 portion
2963 1994 57 29 will
3038 1995 134 30 therefore
3190 1999 107 35 require
3316 2002 28 25 to
3363 1997 32 30 be

2761 2030 81 29 made
2864 2031 47 29 the
2936 2041 76 19 same
3036 2033 64 33 size,
3125 2033 91 31 before
3241 2046 79 27 cages
3343 2047 51 19 can

2761 2069 66 29 with
2841 2070 153 36 advantage
3007 2071 33 29 be
3052 2073 67 28 used
3132 2074 28 27 in
3174 2075 31 27 it.

2795 2108 36 28 At
2844 2108 47 29 tho
2909 2108 94 30 Venus
3017 2109 71 30 from
3102 2111 46 29 the
3161 2112 95 37 length
3270 2113 32 29 of
3316 2114 79 29 block

2761 2147 112 35 already
2903 2146 95 29 driven
3022 2149 38 32 in,
3084 2150 54 26 and
3160 2150 47 28 the
3230 2152 116 28 number
3369 2154 30 26 of

2762 2187 89 32 stopes
2864 2185 113 34 opened,
2989 2193 35 20 no
3038 2185 135 38 difficulty
3180 2188 23 27 is
3216 2190 176 34 experienced

2760 2221 29 28 in
2801 2220 115 38 keeping
2930 2223 31 26 15
2976 2223 84 28 heads
3073 2225 90 36 going.
3200 2226 36 27 In
3249 2227 55 27 this
3314 2228 75 27 mine

2761 2259 47 28 the
2833 2268 65 19 men
2922 2260 38 27 all
2989 2261 76 27 work
3095 2263 86 34 single
3206 2263 118 33 handed,
3349 2265 47 28 the

2761 2299 98 26 nature
2880 2296 30 28 of
2925 2297 47 29 the
2991 2301 116 34 country
3126 2300 150 36 admitting
3294 2311 16 18 a
3328 2303 67 35 good

2761 2334 62 29 deal
2847 2335 31 29 of
2897 2334 150 38 pick-work
3071 2336 29 30 in
3125 2338 47 29 the
3335 2341 61 29 that

2761 2373 85 28 forms
2871 2374 82 35 along
2972 2374 46 28 the
3036 2375 94 34 walls;
3154 2377 80 28 while
3254 2378 47 28 the
3320 2382 76 25 stone

2761 2411 75 28 itself
2855 2411 24 28 is
2904 2411 31 29 of
2955 2421 15 19 a
3165 2419 108 30 nature,
3295 2416 55 28 and
3373 2418 23 27 is

2763 2453 49 24 not
2836 2449 115 29 difficult
2970 2453 29 26 to
3020 2451 83 29 break
3126 2453 89 28 down.
3251 2454 58 29 The
3334 2465 46 18 con-

2762 2490 114 25 tractors
2890 2487 106 37 driving
3009 2488 41 27 for
3062 2489 46 28 tho
3120 2496 117 23 western
3250 2493 59 27 reef
3327 2493 70 28 have

2762 2525 83 29 about
2857 2526 62 28 half
2928 2526 46 29 th>*
2988 2527 121 30 distance
3122 2529 104 30 driven.
3264 2531 94 30 Pieces
3368 2533 31 28 of

2762 2568 78 24 stone
2853 2565 70 27 from
2938 2565 55 28 this
3004 2567 63 32 line,
3081 2567 84 28 taken
3177 2573 30 24 at
3219 2569 47 28 the
3280 2571 115 33 surface,

2762 2605 70 25 have
2856 2602 109 37 yielded
2989 2604 133 30 excelleut
3149 2611 141 33 prospects
3314 2609 81 28 when

2763 2641 124 29 crushed.
2933 2642 57 29 The
3010 2642 117 39 striking
3139 2645 30 29 of
3187 2646 67 29 such
3275 2650 77 27 stone
3366 2648 29 29 iu

2763 2680 55 28 this
2840 2681 96 27 tunnel
2949 2682 58 27 will
3029 2682 54 28 add
3104 2684 188 37 considerably
3304 2690 29 24 to
3351 2688 46 27 the

2762 2717 79 28 value
2868 2719 29 26 of
2917 2718 103 35 shares,
3038 2720 55 28 and
3117 2720 32 29 be
3175 2722 46 28 the
3247 2732 96 20 means
3370 2724 31 28 of

2762 2755 114 37 causing
2887 2757 108 29 holders
3005 2758 31 29 of
3043 2758 96 36 leases,
3149 2762 81 27 north
3241 2762 56 28 and
3307 2763 89 32 south,

2762 2799 28 23 to
2803 2798 68 24 start
2885 2797 156 34 operations
3053 2806 35 19 on
3105 2798 72 28 their
3189 2809 61 18 own
3261 2801 82 27 hook.

2797 2832 57 29 Tho
2874 2833 89 36 Royal
2989 2834 68 36 Oak,
3071 2836 81 29 south
3177 2837 55 29 and
3256 2839 141 37 adjoining

2762 2872 46 26 the
2829 2872 101 33 Venus,
2944 2874 23 26 is
2985 2874 30 26 in
3033 2883 109 26 process
3161 2877 31 26 of
3212 2879 182 32 registration.

2761 2909 91 28 When
2873 2909 47 28 the
2939 2918 144 31 necessary
3095 2912 179 38 preliminary
3287 2914 23 29 is
3334 2923 45 20 con-

2762 2948 97 27 cluded
2881 2957 30 19 so
2925 2949 60 27 that
2998 2950 66 26 calls
3077 2960 51 18 can
3149 2951 33 27 bo
3196 2952 99 36 legally
3316 2954 80 27 mado

2762 2985 54 28 and
2841 2989 131 33 payment
2997 2986 164 36 demanded,
3179 2989 76 28 work
3279 2990 56 28 will
3363 2990 33 29 bo

2762 3025 184 29 commenced.
2970 3030 5 6 '

2796 3065 37 26 At
2849 3063 46 28 the
2919 3064 157 33 Inglewood
3100 3074 78 20 stone
3202 3068 23 27 is
3247 3067 82 36 being
3353 3077 28 19 ac-

2763 3100 158 29 cumulated
2942 3102 43 29 for
3004 3103 116 29 another
3142 3105 143 37 crushing;
3305 3107 93 28 whilst

2762 3140 47 29 the
2823 3141 81 27 south
2917 3140 87 35 block,
3015 3142 89 29 which
3118 3143 52 28 has
3179 3145 102 37 always
3291 3146 104 28 carried

2765 3179 44 28 the
2834 3178 100 36 largest
2953 3180 73 38 body
3047 3182 55 27 and
3125 3182 61 28 best
3204 3187 77 24 stone
3300 3184 29 27 in
3351 3185 47 27 tho

2764 3217 82 34 mine,
2861 3218 102 36 having
2975 3220 163 35 apparently
3158 3221 102 28 hidden
3272 3222 76 28 itself
3368 3223 30 27 in

2764 3255 46 29 the
2841 3255 57 29 foot
2911 3256 72 34 wall,
3008 3257 48 29 the
3082 3267 132 29 manager
3231 3260 23 28 is
3272 3269 63 21 now
3353 3261 29 29 de-

2763 3295 96 35 voting
2876 3295 44 28 his
2938 3296 121 36 energies
3076 3300 30 25 to
3124 3299 116 28 unearth
3259 3298 31 30 it.
3340 3300 58 28 The

2765 3336 166 26 contractors
2941 3335 41 28 for
2993 3335 46 29 the
3049 3345 60 19 new
3120 3337 97 28 tunnel
3227 3347 45 18 are
3283 3338 114 35 making

2765 3371 69 35 good
2856 3382 126 26 progress
3005 3373 81 37 being
3099 3375 55 27 still
3174 3376 29 27 in
3219 3375 52 29 fair
3292 3376 108 37 driving

2765 3410 115 36 ground.

2800 3448 87 29 There
2907 3450 23 27 is
2953 3458 16 20 a
2989 3450 164 38 probability
3174 3451 31 29 of
3222 3452 47 29 the
3283 3453 116 28 Phcenix

2765 3487 145 28 Extended
2922 3489 141 35 resuming
3085 3490 163 36 operations.
3284 3491 116 37 Having

2766 3525 87 29 added
2868 3526 46 28 the
2927 3526 120 29 Victoria
3060 3527 72 29 lease
3141 3532 27 25 to
3179 3528 71 29 their
3261 3534 136 33 property,

2765 3564 106 35 ground
2884 3566 26 26 in
2924 3565 90 29 which
3028 3575 76 20 some
3123 3567 52 29 fair
3194 3572 78 24 stone
3283 3578 56 19 was
3353 3569 29 28 ob-

2766 3602 93 27 tained
2871 3603 28 26 iu
2913 3603 66 34 days
2995 3612 69 25 gone
3076 3604 45 34 by,
3132 3604 47 27 the
3191 3606 64 33 plan
3268 3605 131 28 intended

2766 3644 28 25 to
2816 3639 32 30 be
2869 3639 116 38 adopted
3007 3644 28 26 to
3057 3644 124 35 prospect
3201 3642 72 30 their
3293 3643 106 36 ground

2766 3678 170 28 southwards
2948 3679 24 26 is
2986 3683 27 24 to
3027 3679 74 28 drive
3113 3681 72 27 from
3201 3681 48 28 the
3271 3682 126 28 Plicenix-

2767 3715 157 36 Inglewood
2937 3717 94 28 tunnel
3044 3719 29 26 at
3091 3717 46 29 the
3159 3721 61 35 spot
3241 3719 91 29 where
3352 3719 47 29 the

2766 3754 145 29 reef-track
2934 3765 102 19 crosses
3060 3755 31 29 it.
3127 3757 38 28 As
3189 3757 55 29 this
3269 3757 54 29 line
3348 3759 50 28 has

2767 3802 82 18 never
2862 3793 66 27 been
2941 3794 166 37 thoroughly
3129 3796 169 36 prospected,
3309 3796 90 29 beforo

2766 3831 129 36 reaching
2907 3831 47 29 the
2967 3832 120 29 Victoria
3105 3834 107 35 ground
3233 3834 47 29 the
3302 3836 80 36 proba-

2766 3869 101 28 bilities
2881 3870 30 27 of
2920 3871 121 33 meeting
3062 3872 67 27 with
3150 3876 78 24 stone
3250 3882 45 18 are
3314 3878 84 29 great,

2768 3907 53 29 and
2835 3907 46 30 tho
2895 3907 95 38 height
3001 3909 29 28 of
3039 3907 82 31 backs
3130 3909 80 30 when
3221 3910 46 30 the
3279 3911 120 29 Victoria

2767 3947 23 28 is
2814 3947 116 28 reached
2954 3951 75 25 must
3054 3948 31 28 be
3109 3949 191 29 considerable.
3339 3951 59 27 The

2768 3984 143 35 Company
2924 3993 44 18 are
2978 3985 72 35 joint
3060 3995 106 18 owners
3178 3987 29 26 in
3220 3987 46 27 the
3278 3987 118 28 Phoenix

2768 4021 158 37 Inglewood
2951 4022 115 37 battery,
3090 4022 91 30 which
3202 4024 24 28 is
3247 4025 150 29 connected

2768 4062 66 29 with
2856 4061 55 31 this
2935 4062 96 30 tunnel
3052 4062 36 38 by
3110 4062 96 31 shoots
3227 4065 55 28 and
3302 4069 96 30 trams,

2768 4102 54 27 and
2835 4101 69 29 have
2917 4102 63 28 thus
2993 4112 81 26 every
3095 4102 106 38 facility
3221 4104 43 28 for
3282 4113 102 20 success-

2768 4140 38 27 ful
2819 4140 164 37 operations.

2802 4179 58 27 The
2873 4178 128 28 dividond
3014 4179 31 28 of
3054 4180 125 35 sixpence
3201 4180 37 37 by
3256 4180 47 28 the
3324 4181 59 28 Just-

2767 4215 121 31 in-Time
2904 4225 56 21 was
2979 4217 75 38 quite
3063 4227 17 20 a
3092 4218 122 39 pleasing
3234 4219 118 38 surprise
3370 4222 28 26 to

2768 4255 198 35 shareholder?,
2979 4261 28 25 to
3020 4267 86 27 many
3118 4258 30 28 of
3165 4259 93 28 whom
3279 4260 22 28 it
3321 4269 77 18 came

2767 4295 177 35 unexpected.
2980 4295 58 28 The
3050 4300 92 31 stopes
3160 4296 71 28 from
3249 4296 46 28 the
3316 4297 68 28 inter-

2768 4331 117 28 mediate
2898 4332 126 35 upwaids
3036 4342 45 19 are
3093 4333 111 35 looking
3220 4333 114 37 healthy
3345 4334 55 27 and

2769 4368 115 29 betoken
2907 4370 107 29 further
3037 4370 88 35 divs.;
3149 4371 56 28 and
3226 4372 98 28 should
3352 4372 46 27 the

2767 4408 60 29 reef
2836 4408 32 30 be
2881 4412 46 26 cut
2939 4408 29 30 in
2980 4410 47 29 the
3047 4410 52 30 low
3121 4410 70 30 level
3214 4410 83 37 going
3317 4410 82 30 north

2767 4448 47 26 tho
2827 4448 80 28 value
2925 4449 30 27 of
2974 4449 46 28 the
3040 4455 130 30 property
3182 4451 57 27 will
3252 4451 31 27 be
3296 4452 103 34 greatly

2768 4485 150 33 enhanced,
2931 4494 30 19 as
2986 4486 47 28 the
3054 4489 78 25 stone
3153 4488 29 26 in
3203 4488 47 27 the
3271 4488 64 27 Just
3348 4488 50 26 has

2768 4522 67 29 been
2860 4522 101 38 always
2983 4523 31 30 of
3035 4533 17 19 a
3073 4523 68 38 high
3163 4525 115 37 quality,
3290 4525 56 28 and
3365 4525 35 29 its

2768 4561 126 35 procoeds
2906 4562 90 36 rarely
3003 4562 210 37 disappointing.
3250 4564 45 27 Mr
3304 4564 95 28 James

2768 4598 104 30 Wilson
2885 4598 50 30 has
2953 4600 125 38 resigned
3098 4601 47 30 the
3166 4606 194 32 management
3373 4602 29 29 of

2768 4638 45 28 the
2838 4639 84 32 mine,
2944 4640 55 27 and
3026 4640 44 27 Mr
3094 4641 120 28 Thomas
3238 4642 159 34 Naysmith,

2766 4676 71 26 from
2850 4676 47 26 the
2913 4676 119 32 Reform,
3045 4677 50 27 has
3108 4678 82 26 taken
3203 4679 43 26 his
3259 4679 85 34 place.

2802 4713 58 28 The
2881 4713 90 37 ;Fiory
2999 4713 23 30 is
3056 4714 129 37 crushing
3217 4716 55 28 and
3303 4716 36 37 by
3363 4716 37 29 all

2768 4756 127 24 accounts
2909 4753 21 26 is
2944 4753 83 36 likely
3048 4758 29 24 to
3088 4754 135 28 maintaiu
3236 4756 35 26 its
3291 4759 92 32 reputa-

2767 4790 65 28 tion.
2881 4790 87 29 Thcro
2998 4791 24 28 is
3045 4801 35 18 an
3106 4793 132 27 excellent
3268 4793 75 28 show
3373 4794 30 28 of

2768 4833 77 24 stone
2874 4829 30 28 in
2940 4829 47 29 the
3016 4831 76 28 mine
3128 4831 66 28 both
3224 4840 31 19 as
3289 4833 111 33 regards

2768 4867 127 37 quantity
2913 4867 54 28 and
2989 4869 115 36 quality,
3118 4869 54 28 and
3192 4869 47 29 the
3252 4871 99 36 supply
3372 4873 28 26 to

2768 4906 46 28 the
2849 4906 61 28 mill
2952 4906 23 28 is
3010 4907 171 29 maintained
3216 4908 67 28 with
3325 4913 76 31 great

2767 4944 156 37 regularity.
2967 4945 59 30 The
3049 4946 125 36 working
3194 4946 30 30 of
3245 4946 55 30 this
3321 4947 80 30 block

2767 4983 134 27 indicatos
2914 4984 96 33 steady
3029 4984 142 28 dividends
3193 4989 28 23 to
3240 4986 47 26 the
3306 4986 75 27 share-

2768 5019 108 28 holders
2889 5019 55 28 and
2956 5029 66 25 may
3035 5020 66 37 they
3113 5021 66 36 long
3193 5021 137 29 continue.

2802 5057 44 28 All
2864 5057 89 28 hands
2971 5068 46 18 are
3035 5068 82 26 again
3138 5069 36 18 on
3194 5069 90 26 wages
3306 5059 30 29 in
3354 5060 46 28 the

2769 5095 149 32 Welcome,
2944 5096 157 36 Macquarie
3136 5097 56 28 and
3221 5102 89 32 party,
3339 5108 46 17 con-

2769 5137 113 24 tractors
2892 5134 36 34 hy
2939 5134 45 28 the
2997 5134 116 35 fathom,
3126 5135 107 37 finding
3245 5136 71 27 their
3328 5137 72 35 price

2769 5175 44 25 too
2838 5172 52 28 low
2911 5172 86 28 threw
3015 5182 36 28 up
3073 5173 47 29 the
3138 5174 57 36 job,
3208 5174 49 28 but
3278 5183 70 19 were
3361 5184 26 19 re-

2770 5210 92 28 tained
2874 5210 54 28 and
2942 5212 96 35 placed
3050 5221 36 18 on
3099 5222 97 26 wages.
3233 5213 168 35 Experience

2770 5248 107 28 teaches
2890 5248 60 28 tLat
2970 5248 130 37 breaking
3121 5255 77 23 stone
3219 5259 36 19 on
3276 5255 123 24 contract

2770 5286 23 29 is
2805 5287 90 36 rarely
2908 5287 180 36 satisfactory.
3125 5288 29 28 If
3172 5288 38 30 let
3227 5288 37 37 by
3276 5288 47 29 the
3345 5292 56 30 ton,

2769 5334 36 18 no
2831 5328 101 25 matter
2956 5325 63 28 how
3043 5326 77 28 strict
3143 5327 55 28 and
3224 5327 103 28 careful
3356 5327 46 28 the

2770 5362 178 38 supervision,
2966 5372 16 20 a
3001 5363 75 37 large
3088 5374 47 28 per
3154 5368 114 34 centage
3290 5365 30 28 of
3333 5366 51 27 mul-

2770 5401 61 28 lock
2844 5402 56 27 will
2920 5402 31 28 be
2974 5412 62 19 sure
3048 5407 28 24 to
3098 5403 59 28 find
3177 5404 35 27 its
3224 5414 63 26 way
3308 5407 27 25 to
3357 5405 46 27 the

2770 5439 59 29 mill
2851 5440 67 29 with
2939 5441 47 28 the
2999 5445 117 33 quartv;
3135 5442 55 28 and
3203 5442 23 28 if
3243 5442 38 29 let
3302 5442 36 37 by
3357 5443 46 28 the

2770 5478 116 31 fathom,
2900 5489 85 26 many
2999 5480 124 28 valuable
3143 5485 147 31 payments
3303 5482 30 26 of
3354 5482 46 27 the

2770 5515 61 28 lode
2844 5516 56 28 will
2913 5517 230 37 unquestionably
3161 5518 32 28 be
3205 5518 105 28 buried.
3346 5519 59 28 The

2771 5553 72 31 faces
2860 5554 29 29 in
2911 5555 45 29 the
2979 5556 74 29 mine
3074 5567 46 19 aro
3132 5557 111 38 looking
3264 5558 62 29 well
3349 5558 55 30 and

2772 5594 66 27 with
2853 5595 45 26 tho
2912 5595 59 27 mill
2983 5595 80 33 again
3075 5596 27 26 iu
3125 5597 141 34 operation
3287 5607 102 18 success-

2772 5631 38 28 ful
2824 5632 97 29 results
2932 5638 74 23 must
3019 5643 66 19 soon
3094 5634 100 28 follow.

2806 5670 34 27 In
2871 5671 46 27 the
2950 5671 112 28 Reform
3093 5682 15 18 a
3141 5672 86 29 winze
3255 5673 51 28 has
3339 5673 67 29 been

2772 5708 101 27 started
2894 5709 28 26 in
2947 5709 44 27 the
3014 5708 68 29 floor
3101 5710 30 27 of
3152 5710 45 28 the
3217 5711 78 33 level,
3318 5712 54 27 and
3393 5723 13 16 a

2772 5746 100 28 second
2899 5756 50 18 one
2974 5747 106 29 further
3103 5749 80 28 south
3212 5749 54 28 will
3294 5749 57 29 also
3377 5751 29 28 U.

2773 5785 71 27 sunk
2857 5796 35 17 on
2907 5786 45 28 the
2975 5792 85 24 stone.
3107 5789 96 36 Rising
3225 5789 54 28 and
3302 5791 104 36 stopinj

2773 5824 21 26 is
2808 5824 56 27 also
2878 5825 81 35 going
2972 5835 44 18 on.
3273 5828 106 29 Tkady.

3490 204 134 31 NOTES
3659 203 112 31 FROM
3806 203 174 32 NELSON.

3730 257 19 15 -

3490 294 83 33 (FROM
3587 299 56 19 OUli
3730 291 252 33 COkULSI'ONDENT.)

3638 382 59 27 Our
3714 381 120 37 Victory.

3453 428 57 29 The
3535 429 127 37 Borough
3687 430 129 28 elections
3838 439 46 19 are
3905 439 74 24 over,
3998 430 55 28 and

3418 468 46 28 the
3478 468 109 28 liefonn
3603 474 80 30 party
3696 469 69 28 have
3778 469 103 28 carried
3906 469 72 29 their
3991 478 45 28 pro-

3418 516 125 23 gramme
3567 511 48 23 out
3639 508 28 26 in
3693 508 35 27 its
3749 508 127 35 entirety,
3897 518 29 17 so
3950 508 42 27 far
4016 518 39 21 as,

3418 544 110 32 turning
3543 549 48 22 out
3604 545 45 26 the
3663 545 197 34 objectionable
3873 545 139 27 members
4025 546 30 25 of

3418 582 46 28 tlio
3478 581 45 30 old
3544 581 72 38 body
3629 582 23 29 is
3665 582 160 30 concerned.
3872 583 37 29 Of
3926 583 46 29 the
3992 593 60 19 new

3418 631 75 20 ones,
3519 630 47 25 my
3596 622 90 34 portly
3722 623 88 26 friend
3843 623 44 26 Mr
3917 623 135 28 Akersten

3418 657 95 28 stands
3544 658 78 27 alone
3660 659 28 27 in
3718 663 48 24 not
3797 659 171 36 recognising
4005 669 48 26 my

3420 695 123 34 patriotic
3557 696 168 29 endeavours
3740 708 34 17 on
3785 697 94 28 behalf
3888 698 30 27 of
3928 698 46 28 the
3985 698 65 35 city,

3421 734 42 26 lie
3477 734 23 26 is
3512 734 129 36 suffering
3664 736 71 28 from
3758 746 75 18 some
3854 736 134 28 harmless
4008 737 29 27 de-

3420 771 111 34 lusions,
3540 772 67 28 born
3618 774 89 36 partly
3714 774 31 28 cf
3752 774 234 37 disappointment
3996 774 56 28 and

3420 811 89 35 partly
3530 811 29 27 of
3577 812 104 36 vanity,
3695 812 54 28 and
3763 823 29 18 as
3805 813 47 28 the
3865 814 129 27 elections
4007 823 35 17 are-

3420 857 64 17 over
3505 849 54 26 and
3580 849 70 28 have
3665 851 119 27 resulted
3803 852 29 25 in
3855 860 16 18 a
3893 852 105 34 victory
4017 852 37 25 ail

3420 885 81 34 along
3514 886 45 28 the
3571 887 54 28 line
3638 887 41 29 for
3690 897 40 23 us,
3744 888 22 29 it
3777 889 24 28 is
3814 893 46 24 not
3874 889 127 37 requisite
4010 889 42 28 for

3421 933 43 19 me
3477 928 27 24 to
3525 925 62 27 take
3601 935 35 26 up
3650 927 45 26 old
3716 928 157 34 grievances
3886 929 94 33 seeing
3994 927 60 28 that

3420 961 75 28 there
3505 962 23 27 is
3538 961 94 37 plenty
3646 964 30 28 of
3682 965 71 27 fresh
3763 968 102 24 matter
3874 968 28 24 to
3912 965 142 33 ventilate,

3420 1000 54 28 and
3485 1010 29 18 as
3529 1000 43 28 Mr
3589 1002 132 28 Akersten
3742 1002 100 37 proved
3856 1012 16 18 a
3886 1012 65 27 very
3966 1003 87 29 useful

3420 1039 56 26 tool
3497 1043 27 22 to
3537 1048 31 18 us
3578 1040 42 26 till
3632 1049 40 19 we
3695 1041 85 27 found
3801 1042 21 26 it
3841 1041 163 27 convenient
4026 1046 28 23 to

3420 1075 68 37 drop
3507 1075 68 30 him.
3620 1077 12 28 I
3655 1082 69 24 trust
3744 1079 63 28 that
3828 1079 46 28 the
3897 1079 88 28 alarm
4006 1079 47 29 the

3420 1115 79 28 other
3511 1115 74 36 eight
3597 1118 162 27 councillors
3771 1117 50 29 feel
3834 1122 28 23 at
3874 1118 45 27 the
3930 1123 123 30 prospect

3420 1153 30 27 of
3460 1153 58 27 him
3533 1155 96 35 posing
3642 1165 30 17 as
3685 1165 15 17 a
3714 1160 162 31 propagator
3889 1156 29 26 of
3926 1155 129 36 railways

3422 1195 26 23 to
3462 1190 47 28 the
3523 1200 91 21 moon,
3629 1202 30 18 or
3671 1202 30 18 as
3714 1193 128 28 inventor
3864 1193 28 28 of
3911 1197 54 24 two
3987 1193 69 29 knot

3422 1238 35 18 an
3482 1229 69 27 hour
3575 1230 97 35 paddle
3698 1235 141 30 steamers,
3853 1232 54 27 will
3932 1241 83 27 prove
4037 1242 17 18 a

3420 1267 66 29 false
3509 1267 156 39 reckoning,
3688 1269 56 31 and
3769 1269 60 30 that
3854 1270 45 30 Mr
3918 1270 135 30 Akersten

3422 1307 53 27 will
3493 1311 48 24 not
3563 1308 29 28 bo
3606 1318 30 18 as
3649 1319 74 19 some
3737 1310 30 28 of
3783 1310 77 28 them
3880 1311 138 35 prophesy
4038 1320 16 18 a

3420 1343 155 38 blathering
3587 1346 137 28 nuisance.
3761 1348 38 26 As
3811 1348 41 27 for
3870 1348 42 26 his
3925 1348 80 27 letter
4025 1348 30 26 in

3421 1392 69 26 your
3502 1384 124 28 columns
3648 1385 52 28 last
3713 1385 75 29 week
3808 1387 22 27 it
3853 1395 55 18 was
3921 1385 106 33 merely
4039 1395 17 18 a

3422 1421 116 37 repition
3563 1423 29 28 of
3610 1423 42 28 his
3676 1425 161 35 production
3858 1425 30 26 in
3911 1424 47 28 the
3983 1425 74 27 Mail

3422 1461 162 35 previously,
3598 1471 34 18 an
3642 1463 9 26 I
3785 1470 28 20 to
3829 1463 85 27 there.
3961 1463 74 26 Mean-

3423 1499 65 27 time
3502 1499 13 27 I
3528 1508 67 26 gave
3608 1500 59 27 him
3680 1501 156 35 something
3857 1505 28 23 to
3899 1510 106 18 answer
4025 1500 31 28 iu

3424 1546 47 27 my
3494 1537 53 29 last
3570 1538 87 35 letter,
3670 1540 55 28 and
3748 1540 72 29 until
3844 1539 60 27 that
3930 1538 23 28 is
3979 1538 65 29 satis-

3424 1575 132 36 factorily
3577 1577 101 36 replied
3700 1583 37 28 to,
3760 1578 15 28 I
3800 1578 55 29 will
3876 1578 62 35 give
3959 1576 60 28 him
4041 1586 17 19 a

3423 1618 61 22 rest.

3465 1649 93 38 [Since
3571 1652 47 29 the
3632 1652 84 30 above
3729 1663 57 19 was
3799 1654 28 28 in
3841 1658 63 33 type
3928 1663 15 18 a
3966 1661 94 20 memo

3424 1689 69 28 from
3519 1690 44 28 Mr
3587 1691 85 35 Blair,
3695 1693 46 28 the
3763 1694 137 34 engiuec-r,
3916 1693 49 27 has
3988 1692 70 28 been

3424 1728 153 35 published,
3603 1731 163 35 completely
3796 1731 186 35 demolishing
4012 1729 45 28 Mr

3426 1765 157 30 Akersten's
3595 1768 182 29 insinuations
3790 1771 53 26 and
3864 1771 123 31 charges,
4001 1769 54 27 and

3424 1805 33 27 he
3470 1806 81 35 again
3564 1808 102 26 started
3685 1808 38 27 off
3740 1809 28 26 in
3787 1818 16 18 a
3827 1808 183 31 half-column
4031 1807 31 28 of

3424 1842 90 34 abuse,
3529 1843 48 29 but
3594 1844 35 27 he
3651 1845 50 27 has
3722 1846 69 28 been
3805 1856 28 19 so
3847 1846 162 36 effectual
4015 1850 44 23 sat
4097 1877 24 4 _

3424 1890 73 27 upon
3520 1882 58 28 that
3599 1892 35 18 no
3657 1893 52 18 one
3731 1884 65 28 does
3818 1886 143 29 otheiwise
3986 1886 89 35 tra@T'

3424 1920 58 35 pity
3492 1920 46 27 the
3551 1929 68 26 poor
3631 1924 89 25 man's
3734 1922 48 28 sad
3796 1923 81 38 case.J

3542 1973 57 28 The
3613 1973 156 38 Champion
3791 1975 151 38 Company.

3458 2020 44 26 All
3515 2023 131 33 attempts
3659 2022 28 26 in
3700 2022 46 27 the
3760 2022 130 29 direction
3904 2025 29 26 of
3952 2025 103 36 raising

3423 2058 98 36 capital
3535 2062 27 25 to
3576 2060 157 29 resuscitate
3747 2061 45 28 the
3803 2070 137 28 company
3952 2063 103 35 having

3422 2096 90 33 failed,
3527 2097 21 28 it
3570 2097 49 27 has
3632 2107 70 25 gono
3715 2100 58 26 into
3794 2099 169 37 liquidation.
4013 2102 42 28 No

3422 2144 52 18 one
3502 2145 51 18 can
3584 2135 62 36 help
3678 2138 203 35 sympathising
3911 2140 66 27 with
4008 2140 46 28 the

3424 2180 147 19 numerous
3584 2173 165 28 individuals
3763 2175 61 27 who
3837 2176 71 32 liayo
3918 2176 52 28 lost
3983 2177 73 28 their

3424 2218 99 26 money
3536 2209 28 28 in
3578 2209 45 29 the
3636 2216 123 27 venture,
3773 2212 56 27 and
3841 2213 77 28 there
3926 2223 43 18 are
3980 2224 75 19 some

3424 2257 64 26 very
3506 2248 165 28 lamentable
3685 2259 83 18 cases.
3806 2251 13 26 I
3841 2251 70 28 have
3925 2251 67 28 been
4013 2262 28 18 ac-

3424 2284 80 27 cused
3516 2286 29 26 of
3561 2285 103 34 having
3676 2286 67 28 been
3757 2292 44 22 too
3814 2289 86 31 rough
3923 2298 74 26 upon
4010 2291 47 26 the

3424 2323 137 28 directors.
3608 2323 26 28 It
3659 2324 23 28 is
3696 2324 37 28 all
3754 2330 61 31 past
3828 2326 53 28 and
3905 2336 68 26 gone
3985 2337 72 24 now,

3424 2361 47 27 but
3487 2362 15 26 I
3524 2361 69 28 have
3606 2363 65 27 read
3691 2364 131 35 carefully
3843 2365 118 35 through
3984 2366 38 28 all
4045 2368 12 26 I

3425 2403 82 23 wrote
3532 2400 29 25 in
3582 2402 160 26 connection
3761 2402 67 27 with
3853 2403 47 26 the
3926 2413 134 26 company

3424 2437 53 28 and
3491 2437 14 27 I
3519 2437 33 28 do
3566 2443 47 23 not
3626 2448 62 18 now
3700 2443 101 25 retract
3813 2450 52 18 one
3878 2441 74 28 word
3966 2442 13 27 I
4000 2442 59 29 said

3424 2475 83 27 about
3528 2476 85 26 them.
3649 2477 63 26 And
3731 2486 72 23 now,
3817 2478 89 28 whilst
3928 2480 65 35 they
4014 2490 46 18 are

3425 2512 114 37 making
3551 2522 15 19 a
3580 2512 53 30 last
3655 2513 139 38 desperate
3808 2519 117 35 attempt
3947 2523 28 24 io
3995 2517 67 30 float

3425 2562 16 17 a
3453 2562 61 18 new
3528 2562 135 26 company
3675 2557 28 24 to
3716 2556 69 26 raise
3799 2554 91 35 funds,
3905 2556 15 27 I
3933 2566 49 26 say
3994 2557 66 35 they

3425 2599 46 18 are
3484 2590 110 35 placing
3607 2600 15 18 a
3635 2591 67 27 false
3714 2592 72 28 issue
3799 2592 89 29 before
3902 2594 46 28 the
3961 2595 99 35 public.

3426 2628 114 29 Months
3554 2639 50 26 ago
3617 2629 15 27 I
3645 2630 111 37 pointed
3770 2636 47 24 out
3831 2632 45 28 the
3886 2632 134 39 necessity
4033 2633 31 29 of

3425 2669 188 35 constructing
3626 2678 98 27 proper
3737 2674 72 24 tram
3822 2671 81 29 roads
3916 2676 27 24 to
3953 2682 107 27 convey

3426 2706 46 27 the
3495 2715 45 18 ore
3562 2707 72 26 from
3655 2708 47 26 the
3724 2709 74 26 mine
3818 2712 28 23 to
3865 2710 46 27 the
3933 2711 112 27 smelter
4053 2719 7 24 ;

3427 2743 114 30 without
3564 2744 46 29 the
3624 2747 71 26 tram
3709 2744 45 30 the
3772 2745 89 30 works
3874 2756 45 21 are
3942 2749 118 33 useless;

3425 2789 48 28 yet
3485 2788 48 22 not
3550 2792 16 18 a
3578 2784 75 27 word
3675 2784 50 27 has
3747 2784 68 29 been
3828 2786 58 27 said
3908 2787 29 26 in
3956 2796 56 27 any
4030 2788 32 27 of

3425 2820 72 28 their
3509 2829 61 19 new
3583 2820 79 29 offers
3675 2831 30 19 as
3719 2825 26 25 to
3760 2822 45 29 the
3815 2824 134 36 necessity
3962 2834 30 19 or
4001 2829 57 24 cost

3424 2858 31 28 of
3475 2858 55 29 this
3553 2859 83 28 work.
3684 2860 123 30 Another
3833 2862 79 36 thing
3934 2863 24 28 is
3980 2863 80 37 being

3423 2905 65 25 very
3498 2897 82 26 much
3590 2898 91 26 talked
3692 2898 165 28 about—the
3867 2902 193 33 appointment

3423 2933 30 28 of
3474 2933 47 28 the
3534 2933 69 36 legal
3624 2944 132 26 manager
3769 2946 30 19 as
3812 2937 153 36 liquidator.
4014 2939 43 28 On

3424 2972 45 26 the
3483 2972 59 26 face
3567 2973 30 26 of
3619 2973 21 26 it
3664 2973 76 27 thure
3763 2984 89 17 seeni3
3876 2980 28 21 to
3929 2976 31 27 be
3985 2977 71 33 good

3423 3008 120 38 grounds
3555 3009 40 29 for
3614 3010 157 38 complaint.
3819 3011 59 30 The
3898 3013 159 37 gentleman

3423 3048 28 29 in
3465 3053 126 32 question
3604 3050 49 28 has
3667 3060 35 18 no
3715 3050 84 29 doubt
3813 3062 15 17 a
3841 3057 75 30 great
3933 3053 124 35 aptitude

3424 3088 41 26 for
3483 3087 99 35 ligures
3593 3095 7 26 ;
3618 3087 49 28 but
3679 3097 30 19 as
3727 3097 55 19 wa3
3794 3090 210 36 acknowledged
4029 3097 29 23 at

3424 3135 51 19 one
3496 3125 30 29 of
3547 3126 47 28 the
3616 3128 134 34 meetings
3762 3127 34 29 he
3820 3137 56 20 was
3900 3128 105 38 largely
4029 3131 28 27 in

3424 3173 90 18 iirTGiir
3535 3164 30 28 of
3586 3165 43 27 his
3653 3166 84 33 calls;
3756 3166 55 28 and
3835 3167 75 29 there
3935 3177 56 19 was
4021 3178 37 18 an

3424 3202 110 29 evident
3546 3202 85 29 desire
3643 3213 35 18 on
3691 3203 46 29 the
3750 3208 61 32 part
3824 3205 29 27 of
3863 3205 190 29 shareholders

3425 3240 61 28 who
3496 3250 69 19 were
3574 3245 48 24 not
3632 3241 127 30 directors
3772 3243 41 28 for
3825 3252 35 19 an
3873 3245 186 28 examination

3425 3279 29 28 of
3472 3279 46 28 the
3540 3279 84 29 books
3648 3279 36 38 by
3709 3290 75 20 some
3808 3281 185 37 independent
4013 3293 29 19 ac-

3425 3322 141 24 countant.
3601 3319 36 27 At
3657 3319 46 28 the
3716 3320 54 28 last
3782 3321 120 35 meeting
3923 3321 54 28 this
3996 3322 63 28 idea

3425 3365 55 19 was
3489 3356 102 28 carried
3603 3358 58 28 into
3674 3358 78 28 effect
3761 3358 37 37 by
3809 3358 46 29 the
3866 3360 193 36 appointment

3425 3394 30 28 of
3473 3395 44 27 Mr
3540 3395 120 28 William
3684 3396 86 28 Black
3789 3406 30 18 as
3832 3406 15 18 a
3860 3398 99 27 second
3980 3399 65 35 liqui-

3425 3432 86 29 dator.
3557 3433 42 28 lie
3619 3432 23 29 is
3662 3443 35 19 an
3721 3434 156 34 ex-banker,
3891 3444 16 20 a
3928 3445 66 19 man
4014 3446 29 18 ac-

3425 3471 141 28 customed
3580 3476 26 23 to
3615 3477 115 23 account
3740 3473 54 28 and
3803 3473 29 28 of
3841 3474 218 37 ir.ieproachablo

3425 3509 150 35 character,
3589 3510 54 28 and
3665 3515 76 31 great
3754 3511 171 30 satisfaction
3937 3521 57 20 was
4014 3523 29 19 ex-

3425 3547 110 38 pressed
3547 3553 28 25 at
3598 3548 46 29 the
3666 3554 124 32 prospect
3803 3551 30 28 of
3855 3561 16 18 a
3883 3551 73 29 clear
3977 3555 68 25 state-

3425 3593 75 20 ment
3514 3587 31 26 of
3562 3592 130 23 accounts
3705 3588 80 34 being
3798 3589 165 28 formulated
3974 3598 7 24 ;
4001 3592 56 26 and

3425 3624 30 27 of
3472 3624 47 27 the
3533 3623 92 29 affairs
3644 3625 30 27 of
3692 3625 47 28 the
3754 3626 146 28 Moribund
3921 3634 138 30 company

3425 3662 81 36 being
3518 3663 101 28 wound
3632 3673 37 27 up
3681 3664 30 28 in
3721 3674 16 18 a
3747 3674 115 19 manner
3869 3666 91 27 which
3968 3667 92 28 would

3426 3700 76 27 show
3515 3700 139 37 explicitly
3667 3702 73 27 what
3754 3702 53 28 had
3827 3703 68 27 been
3908 3704 70 26 done
3991 3705 68 26 with

3426 3738 46 29 the
3485 3738 92 35 funds,
3590 3739 91 30 whose
3694 3740 91 29 shares
3798 3740 55 30 had
3866 3740 67 30 been
3946 3741 114 30 allowed

3427 3782 27 23 to
3467 3777 84 36 lapse,
3561 3779 55 26 and
3626 3779 36 28 all
3674 3780 79 27 other
3761 3780 163 35 mysterious
3932 3781 129 28 financial

3427 3814 154 38 operations
3594 3816 89 29 which
3704 3817 55 28 had
3780 3818 82 29 taken
3876 3819 82 36 place.
4004 3819 57 28 But

3426 3854 22 27 it
3467 3864 56 17 was
3542 3859 49 23 not
3613 3858 28 24 to
3662 3856 126 28 be—The
3810 3857 84 28 Court
3914 3857 148 36 appointed

3429 3891 43 28 Mr
3497 3892 125 36 Bayfield
3647 3902 29 19 as
3707 3894 55 28 solo
3785 3894 156 37 liquidator,
3963 3895 54 28 and
4045 3905 15 18 a

3427 3932 89 28 notice
3547 3941 115 28 appears
3685 3934 28 27 in
3735 3934 47 28 the
3805 3943 98 28 papers
3928 3944 65 19 over
4017 3935 43 28 his

3427 3979 81 17 name
3533 3970 61 28 that
3617 3971 36 26 all
3677 3972 146 27 defaulters
3847 3973 57 27 will
3933 3973 33 27 be
3992 3974 68 26 sued

3427 4007 69 26 after
3520 4007 47 27 the
3589 4007 66 27 24th
3676 4008 112 28 instant.
3834 4009 28 27 Ij
3883 4010 54 27 will
3959 4014 49 24 not
4027 4010 33 28 bo

3427 4044 123 38 pleasant
3569 4044 29 30 in
3611 4055 54 30 any
3686 4056 61 20 case
3769 4047 41 29 for
3822 4047 190 32 shareholders
4033 4053 27 26 to

3426 4094 54 28 pay
3493 4094 37 28 up
3551 4086 71 28 their
3634 4087 74 34 calls,
3723 4088 47 27 but
3791 4088 76 28 there
3880 4089 89 29 would
3989 4090 70 28 have

3428 4125 66 26 been
3509 4124 66 36 (had
3587 4134 36 17 an
3636 4125 186 36 independent
3834 4127 148 36 liquidator
3991 4128 70 28 been

3427 4162 156 36 appointed)
3600 4163 44 28 the
3657 4164 169 29 satisfnetion
3839 4169 25 24 oi
3878 4165 130 36 knowing
4024 4167 37 28 all

3427 4200 86 27 hands
3527 4209 69 19 were
3610 4201 90 28 tarred
3714 4202 65 27 with
3802 4203 46 26 the
3859 4212 76 19 same
3956 4204 85 29 brush
4053 4213 7 25 ;

3425 4248 72 25 now,
3511 4238 75 30 there
3599 4238 23 30 is
3635 4250 16 19 a
3664 4241 150 37 suspicious
3826 4241 101 39 feeling
3947 4242 69 36 that,
4031 4254 30 19 as

3425 4277 47 27 the
3491 4278 148 35 liquidator
3657 4280 22 26 is
3693 4280 114 28 himself
3823 4290 16 18 a
3858 4281 142 34 defaulter,
4010 4283 52 27 fair

3426 4315 65 35 play
3504 4316 57 26 will
3573 4321 49 23 not
3639 4316 32 28 be
3683 4317 104 28 shown.
3822 4319 17 26 I
3860 4319 100 36 hardly
3980 4320 82 28 think

3426 4353 69 33 that,
3509 4362 29 18 as
3551 4353 47 27 the
3618 4353 86 29 books
3716 4355 56 27 will
3792 4355 32 29 be
3844 4356 105 37 subject
3968 4361 28 25 to
4015 4358 47 28 the

3425 4391 153 37 inspection
3591 4391 30 30 of
3639 4393 47 29 the
3700 4393 91 35 Court,
3805 4395 55 28 and
3873 4395 15 28 I
3900 4395 103 31 believe
4016 4405 30 21 en-

3427 4431 130 28 deavours
3581 4431 56 30 will
3658 4433 55 28 still
3734 4433 33 29 be
3789 4435 81 28 made
3884 4440 27 24 to
3933 4436 70 28 have
4026 4447 35 18 an

3427 4469 130 28 associate
3574 4469 149 35 liquidator
3742 4476 28 24 to
3791 4473 81 29 assist
3893 4474 47 28 the
3963 4475 99 27 official

3427 4515 60 19 one.

3606 4546 26 28 A
3651 4546 135 30 Bellicose
3806 4549 79 29 Club.

3462 4592 57 29 The
3532 4593 65 36 long
3611 4595 95 28 winter
3718 4597 131 38 evenings
3870 4598 28 27 in
3912 4598 77 29 these
4002 4598 58 30 dull

3429 4632 80 29 times
3525 4633 85 29 afford
3624 4635 90 36 ample
3728 4636 200 37 opportunities
3949 4638 40 28 for
4015 4639 47 29 the

3427 4671 193 34 development
3632 4674 28 25 of
3673 4673 46 26 the
3730 4675 109 26 various
3851 4676 211 33 idiosyncracies

3427 4706 28 30 of
3476 4707 174 30 individuals.
3688 4709 82 30 Some
3792 4721 35 19 on
3848 4711 124 38 pleasure
3998 4713 64 29 bent

3429 4747 165 35 promenade
3620 4748 46 29 the
3691 4753 113 30 streets;
3835 4761 76 18 some
3934 4752 88 36 prefer
4046 4762 16 18 a

3428 4793 65 27 cosy
3505 4785 49 28 fire
3565 4786 55 27 and
3633 4796 16 18 a
3662 4786 80 34 book,
3752 4788 93 28 whilst
3857 4789 92 28 others
3962 4790 69 28 have
4045 4800 16 17 a

3428 4823 152 38 hankering
3601 4828 27 24 to
3650 4826 122 36 improve
3796 4827 71 29 their
3887 4828 100 33 minds,
4008 4828 54 28 and

3427 4861 68 28 fired
3508 4863 67 27 with
3588 4863 46 28 the
3650 4864 133 29 ambition
3796 4870 27 24 to
3838 4866 74 28 solve
3933 4867 47 27 the
4001 4876 45 28 pro-

3428 4900 86 29 blems
3545 4902 31 27 of
3598 4902 82 28 social
3702 4903 54 29 and
3778 4905 89 28 moral
3888 4905 174 37 philosophy,

3429 4939 54 28 and
3518 4943 28 26 to
3577 4940 177 32 disseminate
3784 4943 47 30 the
3862 4943 144 38 principles
4036 4943 29 29 of

3429 4978 124 27 Political
3578 4980 145 36 Economy
3755 4982 97 27 devote
3883 4984 70 26 their
3982 4992 78 26 spare

3429 5014 83 27 hours
3537 5019 28 23 at
3590 5016 46 27 the
3660 5017 99 28 winter
3789 5019 116 34 evening
3932 5019 130 35 debating

3429 5050 69 30 club.
3516 5090 5 4 _
3536 5052 70 30 This
3625 5054 110 37 society,
3747 5056 80 28 holds
3839 5057 35 27 its
3887 5057 133 35 meetings
4034 5061 27 24 at

3429 5089 47 29 the
3488 5089 129 38 Bishop's
3630 5092 108 29 School.
3776 5095 15 27 I
3804 5104 82 18 never
3898 5094 129 29 attended
4046 5104 15 18 a

3429 5131 129 33 meeting,
3572 5134 50 24 not
3640 5130 104 38 having
3763 5132 137 28 sufficient
3921 5132 82 29 thirst
4023 5134 40 26 for

3429 5165 47 28 the
3494 5165 68 30 kind
3582 5168 30 28 of
3631 5170 106 27 mental
3757 5170 131 37 pabulum
3909 5170 114 29 retailed
4036 5176 28 23 at

3429 5204 56 28 this
3498 5205 78 37 shop.
3613 5207 49 37 My
3675 5208 107 29 limited
3794 5209 158 36 knowledge
3966 5210 29 27 of
4005 5209 56 28 this

3430 5244 186 33 organisation
3629 5247 22 26 is
3665 5247 93 27 drawn
3779 5248 70 27 from
3863 5257 15 17 a
3892 5247 171 28 contributed

3430 5280 69 28 local
3519 5282 29 28 in
3572 5283 47 28 the
3641 5284 66 36 Slop
3726 5285 117 28 Bucket.
3879 5285 44 37 By
3942 5285 61 30 that
4024 5295 26 20 re-

3430 5318 82 29 liable
3521 5321 112 35 journal
3644 5323 14 27 I
3670 5323 121 28 discover
3801 5324 60 27 that
3871 5329 45 22 ten
3929 5324 133 32 debaters,

3431 5357 141 38 including
3594 5359 43 29 his
3662 5360 134 38 Lordship
3818 5362 46 28 the
3883 5362 114 36 Bishop,
4012 5362 39 28 dis-

3431 5397 95 27 cussed
3551 5398 46 28 the
3622 5407 173 21 momentous
3820 5400 125 37 question
3965 5405 15 12 44
3994 5401 71 29 That

3432 5434 120 37 disputes
3565 5436 122 30 between
3700 5440 109 28 nations
3818 5438 99 29 should
3926 5440 30 28 be
3967 5440 97 28 settled

3432 5473 92 28 rather
3545 5475 37 36 by
3601 5477 161 28 arbitration
3783 5478 69 27 than
3876 5478 47 28 the

3434 5511 68 28 Now
3514 5522 52 18 one
3580 5515 91 26 would
3681 5515 136 36 naturally
3836 5516 69 27 have
3925 5516 57 27 laid
4002 5517 63 34 long

3432 5549 69 30 odds
3522 5551 60 30 that
3604 5554 67 29 such
3693 5565 16 18 a
3731 5554 161 36 discussion,
3914 5555 64 30 held
3998 5556 26 28 in
4050 5566 17 18 a

3433 5589 124 38 building
3571 5593 146 36 belonging
3730 5598 26 24 to
3771 5595 44 28 the
3829 5596 110 27 Church
3953 5595 96 33 oi'Eng-

3434 5627 74 36 land,
3522 5630 55 28 and
3591 5631 102 36 having
3707 5632 45 29 the
3766 5633 69 28 head
3848 5637 26 24 ot
3896 5633 46 29 the
3964 5633 102 28 church

3435 5676 29 18 as
3489 5677 16 17 a
3531 5668 120 34 debater,
3673 5672 90 27 would
3787 5672 70 28 have
3878 5673 66 27 been
3965 5683 16 16 a
4001 5680 66 26 very

3420 5706 4 39 ;
3437 5712 51 20 one
3502 5706 76 28 sided
3599 5708 85 33 affair,
3698 5710 51 26 and
3764 5710 60 26 that
3839 5710 44 28 the
3897 5710 61 27 trite
3971 5719 97 26 saying

3421 5745 3 40 |
3437 5751 30 20 til
3478 5752 20 19 it
3535 5745 83 29 ''The
3651 5757 49 26 pen
3733 5748 21 26 is
3780 5748 128 35 mightier
3934 5749 65 28 than
4025 5747 46 29 the

3422 5786 3 32 i
3437 5790 89 21 swoi'vl
3573 5787 89 27 WotlM
3678 5786 69 29 havv
3759 5794 84 22 ioiii..*
3857 5802 14 14 a
3885 5789 48 27 lull
3947 5797 122 19 measure

3423 5830 41 19 iui
3478 5832 121 25 biippoit.
3638 5825 53 28 Lui
3714 5832 45 21 tile
3775 5835 56 22 icii,
3845 5838 29 16 or
3888 5833 91 22 latucr
4046 5832 27 21 et

1365 46 116 42 THE
1537 48 184 40 LYELL
1773 45 187 51 TIMES,
2016 53 303 49 SATURDAY,
2371 52 139 55 JULY
2563 68 55 38 24,
2677 54 102 43 18S6.

236 179 234 32 Government
493 179 150 32 Notices.

228 291 24 29 v
254 312 7 8 -
370 269 84 70 §if
456 269 3 70 ;
462 292 51 39 M
616 292 33 29 k-

175 382 157 27 MISSING
360 383 63 27 Fill
428 383 99 28 ENDS
553 383 148 28 NOTICE.

126 483 284 28 TNFORMATION
430 484 151 35 respecting
593 483 47 28 tho
652 483 83 29 where-

198 520 96 28 abouts
306 522 54 26 and
374 523 158 33 occupation
545 523 29 25 of
590 522 46 26 the
656 522 80 26 under-

124 559 156 29 mentioned
294 568 109 28 persons
423 560 22 28 is
468 559 161 29 WANTED
652 559 35 36 by
706 559 47 29 the

125 600 140 33 Secretary
279 600 28 26 of
318 600 45 26 the
377 599 117 28 General
508 600 64 26 Post
586 599 81 27 Oilice
678 607 5 19 :

123 651 117 28 Thomas
259 653 142 33 Leyland,
420 652 143 28 addressed
588 661 74 19 some
687 652 67 28 time

193 700 49 26 ago
262 696 28 23 at
311 692 64 27 Post
389 691 93 33 Office,
496 691 136 28 Duncdiu.
678 691 75 28 John

192 729 134 33 Jamison,
349 730 28 27 of
394 729 114 37 Waring
529 733 90 29 street,
640 730 113 34 Belfast,

193 767 119 33 Ireland,
325 768 129 36 inquires.

124 805 26 27 J.
171 806 27 26 S.
219 806 152 32 Morfheu,
385 806 52 29 last
458 806 85 29 heard
562 806 29 29 of
610 809 28 25 at
661 806 77 28 Inver-

193 843 101 37 cargill.

123 881 63 28 Guy
205 881 32 27 L.
257 881 155 34 Botsford,
425 891 55 19 was
494 891 15 19 a
522 882 80 28 sailor
615 891 33 19 on
672 882 82 28 board

194 920 27 27 S.
248 920 27 27 S.
456 920 122 28 wrecked
608 921 53 28 last
690 931 65 24 year

192 957 82 28 about
295 957 115 37 August,
424 959 28 27 in
476 959 58 27 lied
560 959 61 33 Sea,
644 967 35 18 on
706 958 48 29 her

191 1006 62 26 way
275 1001 28 24 to
324 997 109 37 Napier.
482 997 35 28 Of
536 997 46 28 tho
607 1007 68 18 crew
700 997 53 28 and

192 1044 159 26 passengers
362 1044 74 19 some
444 1044 69 19 were
522 1035 99 28 landed
629 1039 28 24 at
666 1035 87 33 Aden,

193 1072 54 29 and
272 1083 74 19 some
366 1073 83 30 taken
472 1073 69 30 back
564 1078 28 25 to
616 1074 138 35 England,

194 1112 44 28 Mr
249 1112 126 28 Botsford
393 1114 23 26 is
434 1122 60 18 now
516 1113 130 35 enquired
659 1114 40 26 for
720 1114 35 34 by

191 1149 43 29 his
264 1150 117 33 mother,
408 1150 57 28 Mrs
494 1150 26 28 J.
546 1150 43 29 W.
619 1151 134 32 Botsford,

193 1188 116 33 Gloster,
328 1188 141 34 Montana,
493 1188 102 29 United
617 1188 89 29 States
729 1188 29 30 of

191 1225 135 29 America.

123 1265 98 28 Frank
233 1265 35 29 D.
282 1265 112 35 Curtis,
404 1265 51 29 last
468 1264 144 30 addressed
625 1268 27 26 at
665 1265 71 29 Auck-

192 1305 65 26 land
269 1305 36 35 by
325 1305 42 27 his
387 1305 108 28 mother
516 1305 58 28 Mrs
598 1305 32 28 11.
644 1305 29 27 Z.
688 1306 49 27 Cur-

191 1341 45 35 tis,
257 1342 185 38 Minniapolis,
466 1343 158 34 Mmnisota,
653 1342 100 29 United

192 1382 89 27 States
294 1382 29 28 of
332 1381 134 35 America,
480 1391 76 20 came
569 1385 27 26 to
609 1382 68 29 New
688 1382 48 29 Zea-

189 1420 65 29 land
267 1420 53 29 last
336 1430 74 26 year.

349 1472 37 29 H.
407 1473 33 29 G.
459 1472 225 35 YOUNGMAN,

541 1512 177 28 Postmaster.

207 1722 148 28 MAIL
419 1724 246 28 NOTICE.

120 1823 109 60 TIIE
249 1823 93 28 Letter
354 1823 59 28 Box
426 1823 55 28 will
494 1823 33 28 be
540 1823 106 29 cleared
656 1825 41 28 for
705 1824 46 29 tho

209 1862 129 36 despatch
363 1862 30 28 of
416 1862 239 36 Correspondence
680 1863 71 28 from

118 1900 47 27 tho
179 1900 77 35 Lyell
275 1900 84 28 Office
381 1904 28 24 to
429 1900 46 28 tho
494 1901 138 35 following
649 1902 101 36 places,

118 1937 54 30 and
188 1938 80 29 Mails
281 1939 96 33 arrive,
390 1947 30 21 as
438 1939 142 29 under:—

351 2000 150 20 OUTWARDS
511 1999 5 20 :

153 2039 54 29 For
236 2039 148 37 Westport,
414 2039 164 37 Inangahua
608 2040 142 36 Junction,

118 2077 154 33 Cronadun,
294 2079 171 33 Boatman's,
487 2079 127 34 lieeftou,
636 2079 56 29 and
711 2080 38 28 all

117 2116 131 28 southern
266 2117 243 35 correspondence:
531 2117 123 37 Sunday,
668 2118 60 29 Wed-

117 2153 105 34 nesday
236 2154 54 27 and
303 2154 112 35 Friday,
428 2159 28 23 at
468 2157 17 25 9
497 2164 65 18 a.m.

152 2190 55 28 For
230 2191 117 29 White's
367 2192 89 33 Point,
477 2192 73 28 Fern
572 2192 73 33 Flat,
666 2193 85 29 Owen

118 2228 92 34 River,
231 2229 113 33 Nelson,
365 2230 55 27 and
440 2230 37 28 all
496 2230 133 28 northern
649 2241 87 19 corres-

116 2266 141 36 pondence
267 2275 6 19 :
293 2267 136 37 Tuesday,
442 2268 145 37 Thursday
595 2269 54 28 and
659 2269 76 28 Satur-

117 2303 65 37 day,
195 2307 29 26 at
236 2305 61 28 1.30
309 2314 67 28 p.m.

152 2343 55 27 For
213 2343 159 29 Melbourne
379 2344 54 28 and
438 2344 157 30 Australian
609 2345 142 30 Colonies:

114 2379 186 38 Wednesday,
313 2385 29 25 at
355 2383 15 27 9
383 2391 65 19 a.m.

318 2442 85 20 mails
428 2443 120 21 arrive:

150 2478 83 29 From
257 2479 148 39 Westport,
424 2481 164 38 Inangahua
609 2482 142 36 Junction,

116 2517 157 36 Cronadun,
281 2519 170 35 Boatman's,
459 2521 124 33 Reefton,
591 2522 63 29 &c.:
668 2523 66 28 Tues-

116 2556 63 36 day,
193 2557 146 36 Thursday
351 2558 54 27 and
419 2559 146 36 Saturday,
579 2564 28 24 at
621 2562 15 25 2
650 2570 66 26 p.m.

150 2594 85 29 From
256 2595 116 29 White's
392 2596 91 35 Point,
497 2598 70 27 Fern
582 2598 72 34 Flat,
668 2599 84 28 Owen

117 2632 91 35 River,
222 2633 112 36 Nelson,
350 2636 62 28 &c.:
434 2635 122 38 Sunday,
567 2636 184 39 Wednesday,

118 2672 54 27 and
186 2672 111 35 Friday,
311 2677 28 25 at
352 2676 62 26 9.30
427 2684 64 18 a.m.

152 2709 84 28 From
249 2710 148 38 Longford,
412 2711 170 34 Murchison,
596 2712 55 29 and
664 2712 70 30 Mata-

118 2746 101 31 kitaki:
240 2749 174 38 Wednesday
426 2751 56 28 and
504 2752 124 36 Sunday,
641 2756 28 26 at
692 2754 63 28 9.30

118 2794 66 19 a.m.

349 2825 39 30 H.
408 2826 34 31 G.
460 2827 225 37 YOUNGMAN,

543 2867 176 28 Postmaster.

292 2943 117 30 Public
431 2944 152 31 Notices.

122 3023 116 41 THE
300 3026 221 41 WINTER
574 3027 182 43 STOCK

381 3102 34 20 AT
433 3102 56 21 THE

259 3144 115 39 NEW
398 3146 221 38 ZEALAND

125 3205 306 78 Clothing
461 3208 297 78 Factory

202 3297 273 35 PALMERSTON
508 3300 169 38 STREET,

338 3356 213 36 WESTPORT,

195 3415 62 20 now
269 3406 102 38 replete
381 3408 66 29 with
460 3418 16 19 a
485 3409 85 38 really
579 3410 178 37 Magnificent

124 3451 36 15 -*■
334 3447 172 30 Assortment
519 3449 30 28 of

122 3495 122 40 Men's,
255 3495 141 33 Youths'
409 3498 68 31 and
489 3499 99 40 Boys'

263 3541 312 41 Fashionably-Cut
588 3545 169 41 Clothing,

124 3591 45 28 Ail
187 3591 81 28 mado
287 3592 70 27 from
379 3593 68 27 New
466 3593 118 28 Zealand
596 3595 88 32 Wool,
698 3596 44 27 tho-

285 3629 116 38 roughly
414 3631 114 35 shrunk,
542 3631 55 30 and

123 3695 25 28 A
169 3694 95 38 Sitiglo
276 3694 106 29 Article
396 3695 68 29 Sold
476 3697 30 28 at
518 3697 124 38 Factory
654 3698 103 29 Prices.

125 3798 25 33 A
186 3798 142 41 Splendid
362 3799 186 34 Assortment
591 3801 32 32 of
662 3801 96 33 Men's

204 3843 125 31 Youths'
360 3844 58 30 and
451 3845 87 40 Boys'
574 3845 187 40 Waterproof

282 3885 149 44 Clothing,
447 3887 40 33 all
498 3887 121 34 marked
630 3888 31 33 in
672 3888 86 33 Plain

361 3932 131 40 Figures,
530 3934 58 30 and
627 3934 70 32 Sold
729 3937 30 30 at

437 3975 125 41 Factory
586 3976 108 32 Prices.

229 4087 235 29 FIRST-CLASS
485 4088 170 29 CUTTERS

125 4139 73 36 Only
211 4149 44 19 are
276 4140 120 36 engaged
418 4141 29 28 in
469 4141 46 28 the
537 4141 86 29 Order
644 4141 97 37 Depart-

355 4183 76 27 ment
443 4182 28 24 at
484 4179 46 28 the

125 4231 93 46 New,
233 4231 162 40 Zealand
410 4231 166 52 Clothing
593 4233 163 52 Factory.

126 4335 29 30 A
174 4335 115 38 Single
308 4336 76 30 Suit
400 4336 103 30 Made
528 4337 36 29 to
590 4336 109 31 Order
725 4339 35 30 at

293 4384 146 41 Factory
457 4384 133 33 Prices!

412 4445 56 18 AND

126 4484 168 32 Remember
307 4485 98 31 !—All
431 4486 75 32 from
532 4485 50 33 the
605 4486 87 32 finest
717 4496 28 22 se-

124 4529 95 32 lected
233 4530 72 31 New
320 4529 130 33 Zealand
471 4530 95 37 Wool,
582 4530 178 42 thoroughly

125 4572 122 40 shrunk,
264 4574 58 31 and
337 4584 16 21 a
367 4574 115 33 Perfect
497 4574 48 33 Fit
560 4574 198 33 Guaranteed.

197 4678 93 29 Terms
311 4679 109 29 CASH.
457 4680 44 28 No
518 4680 172 28 Abatement.

125 4769 103 37 Agents
258 4770 40 29 for
329 4770 45 28 tho
405 4771 160 29 Unrivalled
596 4771 162 31 Wertiieim

300 4810 114 28 Sewing
433 4810 153 30 Macaines.

125 4914 82 61 Net
238 4914 150 63 Zealand
418 4917 159 76 Clothing
601 4918 156 75 Factory,

162 5003 327 36 PALMERSTON-ST.,
511 5006 212 30 westport.

216 5106 36 30 T.
273 5106 435 45 BLENNERKASSETT,

325 5157 132 37 Manager
469 5158 140 39 Westport
621 5160 120 30 Branch.

130 5258 131 58 IJIIIE
567 5261 193 30 miMES

127 5334 59 28 Can
209 5333 32 29 be
264 5334 128 30 obtained
416 5336 116 37 through
555 5338 47 28 the
623 5338 138 38 following

128 5391 95 31 agents
236 5387 61 28 who
311 5388 54 28 will
380 5389 55 29 also
449 5391 102 27 receive
573 5391 54 28 and
645 5391 116 28 forward

128 5439 92 29 orders
233 5440 41 28 for
285 5440 234 32 Advertisements
529 5453 29 19 or
568 5444 171 30 Subscribers
751 5453 5 20 :

165 5491 239 29 Murchison—Mr
418 5494 31 27 R.
465 5494 97 28 M'Nce

163 5529 219 40 Westport—Mr
395 5532 52 30 Job
460 5532 31 30 L.
505 5533 118 31 Munson

164 5570 117 29 llecfton
283 5571 80 28 —Mr
376 5572 112 28 Charles
501 5574 94 28 Cohen

165 5609 103 28 Nelson
270 5609 80 28 —Mr
363 5609 42 28 W.
420 5610 37 28 H.
472 5611 76 29 West

164 5647 255 37 Greyinouth—Mr
431 5649 26 27 J.
471 5649 43 29 W.
529 5650 153 29 Parkinson

259 5753 96 28 Terms
369 5760 32 21 of
417 5756 200 26 Subscription
630 5753 3 29 :

127 5807 53 28 Per
193 5806 122 29 Annum,
325 5806 27 27 in
367 5804 120 29 advance
558 5804 4 31 .
605 5827 25 5 ...
661 5809 28 26 11
711 5809 14 24 0
744 5808 17 25 0
