4140 5940
168 189 345 32 MISCELLANEOUS
535 190 136 32 ITEMS.

147 285 70 33 Five
245 285 133 33 hundred
401 286 57 31 and
481 286 158 41 forty-nine
668 287 52 31 emi-

108 335 101 33 grants
223 330 129 41 recently
368 330 51 32 left
434 330 134 32 Calcutta
584 331 42 31 for
651 331 66 39 Fiji.

148 376 23 29 A
188 386 68 20 man
273 375 106 32 named
401 374 121 33 Charles
547 375 39 31 11.
604 374 132 38 Holmes,

107 421 30 28 of
151 419 140 40 Topfield,
308 419 65 31 who
388 419 23 29 is
426 429 87 21 seven
529 419 56 31 feet
606 419 81 39 high,
714 420 24 30 is

107 462 50 30 the
172 462 113 40 biggest
299 473 68 19 man
385 462 29 30 in
430 462 240 31 Massachusetts.

148 507 47 32 Sir
209 506 130 33 William
355 507 110 32 Jenner
479 506 55 32 has
545 506 73 33 been
628 506 109 33 elected

106 553 44 28 for
173 551 49 31 the
248 551 77 31 sixth
351 551 70 31 time
449 551 153 31 President
632 553 30 29 of
688 553 49 29 the

107 595 9 30 ]
124 595 75 40 loyal
211 595 116 40 College
334 595 32 32 of
374 595 172 40 Physicians
558 596 31 31 of
601 595 134 33 London.

146 638 90 31 Arabi
258 639 97 30 Pasha
380 639 24 30 is
418 650 66 20 now
501 639 137 36 devoting
663 640 55 29 him-

107 682 56 33 self
188 685 29 30 to
240 682 131 43 peaceful
398 682 139 43 pursuits,
554 682 58 33 and
639 683 24 32 is
688 694 32 21 en-

106 728 92 37 gaged
220 728 30 29 in
266 728 137 38 teaching
418 728 48 30 the
481 739 98 28 young
594 729 64 29 idea
672 728 66 30 how

105 774 30 26 to
151 769 84 32 shoot
250 769 30 31 in
293 769 149 36 Colombo,
460 769 119 41 Ceylon.

146 814 47 31 Mr
221 814 161 31 Gladstone
409 813 54 32 has
491 814 130 31 received
649 824 90 31 many

106 861 132 36 presents
253 858 31 31 of
306 868 67 21 axes
388 857 99 41 lately.
540 858 46 31 He
611 868 66 31 says
701 857 37 32 he

106 902 69 30 does
184 904 52 29 not
247 901 57 31 like
317 901 48 31 the
381 901 157 31 American
550 911 52 21 axe
614 901 124 32 because

107 944 50 32 the
172 945 57 31 end
253 945 31 31 of
304 944 49 32 the
378 944 84 32 helve
482 944 23 32 is
530 944 140 37 bevelled,
685 944 53 32 but

108 989 31 32 in
167 989 83 33 other
274 991 127 40 respects
426 989 23 32 it
475 988 24 33 is
522 988 50 33 the
597 988 64 34 best
686 999 52 22 axe

108 1035 95 30 made.

148 1077 61 31 The
230 1077 115 31 French
371 1076 135 32 Minister
520 1077 31 31 of
572 1076 167 32 Education

108 1122 24 30 is
147 1132 31 21 so
193 1122 44 31 far
252 1122 29 31 in
297 1121 156 42 sympathy
467 1120 71 33 with
553 1120 50 33 the
623 1120 116 33 French

108 1165 190 32 Anti-Tobac.
311 1176 15 20 o
351 1166 117 39 League
488 1165 65 30 that
577 1165 37 30 he
640 1165 99 31 allows

108 1210 23 30 it
146 1214 30 27 to
191 1209 104 41 supply
310 1209 40 31 all
365 1209 49 31 the
429 1209 97 40 public
542 1208 114 32 schools
667 1207 72 33 with

110 1255 89 29 tracts
215 1263 37 19 011
268 1253 49 30 the
332 1253 70 30 evils
413 1254 31 29 of
452 1252 130 40 juvenile
594 1252 144 39 smoking.

149 1296 58 33 For
221 1295 50 34 the
296 1296 64 33 first
384 1296 70 32 time
469 1295 30 33 in
514 1306 67 22 over
597 1296 36 31 25
657 1305 83 32 years

110 1341 49 30 the
172 1341 174 31 Rothchilds
358 1341 30 31 of
397 1341 124 30 London
532 1341 75 30 have
619 1340 122 31 allowed

109 1383 77 33 their
220 1394 87 22 name
342 1386 29 30 to
406 1383 35 33 bo
475 1383 160 33 connected
668 1382 71 33 with

110 1428 156 32 American
280 1428 127 31 railroad
428 1428 93 31 loans.
564 1427 81 41 They
666 1427 75 31 have

110 1473 105 33 loaned
230 1473 49 33 the
291 1477 77 29 most
384 1472 30 34 of
435 1472 50 33 the
502 1471 182 42 $0,000,000
698 1482 28 22 re-

110 1518 98 42 cently
222 1518 149 32 borrowed
385 1518 38 41 by
437 1518 50 32 the
503 1518 35 32 St
552 1517 75 32 Paul
648 1517 91 32 Road.

151 1563 24 31 A
190 1562 57 42 boy
261 1562 65 33 who
340 1573 59 22 was
414 1562 129 42 recently
565 1564 65 30 sent
652 1563 30 30 to
708 1561 34 32 St

110 1607 101 31 Paul's
239 1607 110 37 school,
365 1607 142 37 Concord,
525 1607 37 32 U.
590 1606 42 38 S.,
648 1605 93 33 under

110 1651 50 31 the
176 1651 144 31 influence
336 1651 31 31 of
379 1661 16 21 a
410 1651 56 31 bad
481 1650 97 32 attack
593 1651 31 31 of
642 1650 80 31 home-

111 1694 130 32 sickness
266 1696 88 30 wrote
379 1694 69 32 thus
477 1696 29 31 to
534 1693 46 33 his
608 1693 95 32 father
704 1713 39 3 —

142 1739 78 31 Dear
248 1738 129 32 Father:
410 1738 64 33 Life
502 1739 25 31 is
553 1749 69 30 very
650 1738 91 31 short.

111 1782 57 32 Let
182 1793 34 20 us
231 1783 91 40 spend
336 1783 23 31 it
373 1783 144 40 together.
559 1782 80 32 Your
659 1781 69 32 affec-

112 1826 111 33 tionate

152 1870 62 31 The
229 1870 176 40 Edinburgh
421 1870 90 31 Town
537 1869 122 33 Council
673 1870 25 31 is
712 1880 31 20 as

111 1913 79 42 truly
214 1924 38 19 an
281 1913 179 32 economical
494 1913 77 41 body
598 1924 32 20 as
661 1913 84 32 other

111 1956 207 43 Corporations
325 1967 103 22 nearer
434 1957 97 33 home.
574 1957 28 32 It
614 1957 129 42 recently

112 2004 30 29 at
162 2013 16 19 a
202 2004 62 29 cost
278 2001 32 32 of
331 2004 50 28 ten
405 2002 122 39 guineas
553 2002 131 39 engaged
706 2012 39 20 an

111 2046 101 40 expert
239 2046 30 29 to
296 2044 134 31 examine
451 2054 16 20 a
481 2044 107 41 paving
610 2046 133 34 account,

111 2088 51 34 the
188 2089 71 33 item
287 2091 30 31 to
344 2087 35 35 be
646 2088 97 42 being,

115 2134 153 40 according
283 2136 29 29 to
327 2143 16 21 a
357 2133 132 32 member
501 2133 30 33 of
543 2133 50 31 the
609 2133 133 37 Council,

114 2179 33 28 2s
167 2177 47 31 Bd.

153 2220 63 33 The
244 2220 121 43 Tilbury
392 2220 106 38 Docks,
519 2219 135 39 London,
670 2230 75 23 were
751 2214 1 56 j

114 2265 136 40 formally
271 2266 110 39 opened
406 2265 50 31 the
480 2265 85 31 other
588 2265 66 40 day,
671 2265 74 31 after

113 2307 110 42 having
237 2307 73 34 been
331 2308 81 33 three
437 2318 83 32 years
534 2307 31 33 in
590 2317 101 23 course
717 2308 32 32 of

111 2353 211 30 construction.
372 2353 115 38 During
510 2352 66 31 that
600 2352 71 31 time
694 2352 50 31 the

112 2394 60 32 loss
197 2395 31 32 of
252 2394 49 33 life
329 2405 107 30 among
463 2394 83 33 those
577 2394 66 33 who
670 2394 74 32 have

111 2437 75 31 been
213 2439 152 40 employed
392 2438 25 30 is
444 2438 78 41 truly
556 2438 187 39 astounding.

111 2480 46 33 No
191 2480 57 33 less
276 2481 74 32 than
378 2482 56 32 900
465 2491 68 23 men
567 2480 75 33 have
670 2480 74 33 been

111 2524 98 38 killed,
226 2526 58 31 and
309 2527 77 31 2000
409 2526 73 31 have
505 2525 74 32 been
604 2525 141 41 seriously

110 2567 127 42 injured.

152 2611 25 32 A
205 2611 189 33 Frenchman
420 2612 54 32 has
501 2612 74 32 been
602 2612 99 41 giving
729 2622 16 22 a

111 2656 110 32 lecture
236 2656 31 32 in
291 2657 83 31 Paris
390 2667 37 21 on
442 2657 134 31 London.
628 2657 78 31 Here
721 2657 24 31 is

113 2710 55 21 one
181 2700 30 31 of
223 2700 46 31 his
283 2700 74 31 facts
371 2700 111 31 :—The
497 2700 124 31 London
639 2700 105 41 police-
751 2693 1 48 j

113 2754 70 21 man
198 2746 62 30 acts
275 2754 31 21 as
315 2745 93 31 refree
419 2744 32 31 in
466 2744 40 31 all
517 2755 80 21 cases
612 2745 30 31 of
654 2747 89 29 street

113 2787 91 40 fights
238 2787 131 32 between
404 2787 136 31 husband
574 2788 57 30 and
668 2788 75 30 wife.

115 2830 95 33 These
237 2831 100 42 fights,
352 2830 38 33 he
418 2831 102 37 added,
534 2842 47 21 are
609 2830 136 43 officially

115 2875 115 32 winked
264 2878 39 36 at,
319 2886 31 21 as
378 2886 38 21 no
451 2875 172 41 Magistrate
650 2875 97 32 would

115 2920 69 32 dare
200 2922 30 30 to
244 2920 107 40 punish
375 2920 93 32 either
490 2920 30 32 of
542 2920 50 32 the
617 2921 110 31 combat-

115 2964 66 28 ants
196 2962 30 30 in
242 2962 82 31 these
338 2962 118 31 marital
471 2964 185 30 encounters.

154 3005 62 34 The
245 3005 119 34 Church
393 3006 31 33 of
449 3005 141 43 England
617 3006 130 33 Funeral

115 3051 58 30 and
188 3051 160 40 Mourning
362 3051 120 31 Reform
505 3051 194 37 Association,
716 3055 30 27 at

114 3094 51 32 the
179 3094 169 42 suggestion
364 3095 31 32 of
416 3095 49 32 the
491 3094 72 32 Earl
588 3095 31 32 of
640 3095 104 38 Essex,

114 3149 55 22 one
184 3139 32 32 of
236 3139 37 32 its
298 3143 130 37 patrons,
444 3139 54 32 has
522 3139 97 32 issued
634 3149 38 22 an
696 3150 33 30 ap-

113 3182 66 41 peal
214 3184 30 31 to
278 3183 40 31 all
351 3183 51 32 the
430 3183 143 32 solicitors
595 3183 31 31 in
655 3182 91 33 Great

113 3227 127 38 Britain,
256 3227 105 42 urging
385 3227 83 33 them
492 3229 30 31 to
547 3227 97 32 advise
669 3227 77 33 their

111 3271 105 31 clients
230 3274 30 28 to
274 3272 92 30 insert
381 3281 16 21 a
412 3272 97 30 clause
524 3272 31 29 in
569 3270 78 32 their
671 3272 74 30 wills

111 3314 100 41 giving
224 3314 78 31 clear
317 3314 58 31 and
398 3314 122 40 positive
536 3314 98 31 orders
657 3324 32 21 as
713 3317 30 28 to
751 3314 1 43 (

111 3357 49 33 the
175 3368 124 22 manner
313 3357 31 33 in
359 3357 96 33 which
470 3357 69 43 they
553 3357 93 33 desire
661 3360 31 30 to
706 3357 35 33 be

111 3402 112 32 buried.

152 3446 45 41 By
211 3445 50 32 the
276 3445 60 32 will
351 3446 32 32 of
404 3455 38 22 an
463 3445 143 32 eccentric
621 3445 107 32 well-to-

112 3490 37 32 do
164 3490 129 32 resident
308 3490 31 32 of
350 3491 71 32 Port
446 3490 106 37 Jervis,
569 3490 71 32 New
656 3490 87 37 York,

76 3549 5 6 •
113 3534 66 32 who
194 3534 65 33 died
274 3535 99 40 lately,
390 3545 16 21 a
421 3534 76 32 little
512 3534 70 32 waif
594 3534 98 32 whom
706 3534 38 32 he

112 3577 103 40 picked
242 3588 40 30 up
310 3588 38 21 on
376 3578 50 31 the
454 3580 104 29 streets
586 3578 59 30 and
666 3578 79 31 since

113 3621 85 34 cared
226 3621 44 34 for
298 3623 30 31 at
355 3621 48 33 his
430 3621 98 39 home,
558 3632 97 23 comes
683 3620 63 35 into

115 3667 165 40 possession
295 3667 31 31 of
340 3667 142 38 $30,000.

155 3710 128 32 General
299 3710 147 32 Sherman
462 3720 75 22 owes
564 3709 48 31 his
636 3709 110 31 middle

113 3763 99 27 name,
238 3753 174 36 Tecumseh,
439 3755 30 29 to
494 3753 50 31 the
569 3753 177 31 admiration

114 3796 97 34 which
238 3796 47 33 his
320 3796 96 33 father
449 3796 59 33 had
543 3796 43 33 for
621 3796 50 33 the
699 3796 48 33 old

116 3843 122 31 Sawnee
263 3842 87 31 chief.
393 3842 46 31 He
465 3842 116 31 wanted
606 3844 29 29 to
658 3851 88 22 name

114 3884 47 32 his
186 3895 54 21 son
263 3886 74 30 after
359 3884 74 37 him,
457 3884 53 32 but
534 3884 59 31 had
621 3888 30 28 to
679 3886 69 30 wait

116 3928 77 31 until
216 3927 71 32 each
313 3927 31 32 of
365 3926 47 33 his
433 3927 91 32 wife's
539 3927 135 31 brothers
689 3928 59 30 had

116 3971 74 33 been
224 3971 153 33 honoured
411 3971 72 33 with
518 3983 17 21 a
579 3971 168 34 namesake.

117 4017 84 29 Then
217 4016 51 30 she
282 4026 55 20 ran
352 4018 50 28 out
418 4016 31 30 of
459 4025 103 21 names
578 4017 58 29 and
653 4017 95 39 Judge

118 4059 147 43 Sherman
279 4058 60 33 had
353 4059 45 32 his
413 4070 73 31 way.

157 4104 62 30 The
235 4104 141 40 Empress
398 4104 94 35 Haru,
509 4104 31 31 of
559 4104 107 40 Japan,
682 4104 25 30 is
732 4114 17 20 a

117 4147 90 42 slight
222 4147 76 34 little
313 4158 117 23 woman
444 4150 52 31 not
522 4147 42 33 sft
588 4147 31 33 in
633 4147 114 43 height.

120 4193 59 29 She
206 4192 55 30 has
289 4192 50 30 the
367 4193 75 38 pale,
468 4193 104 38 yellow
600 4192 75 35 skin,
698 4193 51 29 the

118 4234 90 42 finely
232 4236 49 31 cut
306 4234 136 38 features,
463 4234 58 31 and
536 4233 49 33 the
600 4234 70 42 long
685 4234 65 33 oval

117 4279 62 32 face
195 4280 30 31 of
247 4279 50 32 the
318 4279 167 41 higli-caste
500 4279 156 42 Japanese.
700 4279 32 32 Al-

118 4324 114 41 though
261 4335 16 21 a
304 4324 95 32 friend
431 4326 30 30 to
496 4324 40 31 all
570 4325 180 40 progressive

118 4371 193 34 movements,
342 4369 58 30 and
428 4379 16 20 a
472 4379 116 21 woman
623 4369 31 32 of
686 4380 46 20 sur-

118 4412 142 41 prisingly
274 4413 123 30 modern
421 4412 97 37 views,
536 4412 49 32 the
609 4412 141 41 Empress

118 4457 61 33 still
207 4456 139 34 blackens
374 4457 52 33 her
456 4457 79 33 teeth
564 4457 31 32 in
623 4457 49 33 the
701 4457 49 33 old

118 4502 85 40 style.

159 4544 93 33 Stuck
278 4544 58 31 fast
360 4544 30 31 in
416 4555 17 20 a
457 4544 138 42 chimney
619 4555 59 22 was
700 4545 50 32 the

118 4589 58 31 fate
202 4589 30 31 of
254 4599 17 21 a
293 4588 212 32 half-drunken
528 4589 95 32 fellow
649 4593 30 28 at
705 4590 43 31 St.

118 4633 126 37 Helena,
260 4633 191 37 Lancashire,
468 4633 64 32 who
548 4634 98 40 espied
661 4644 16 21 a
692 4634 56 32 low

118 4676 143 40 building,
278 4676 68 37 and,
362 4676 123 31 anxious
514 4677 43 31 for
583 4677 118 36 shelter,
719 4688 31 20 as

117 4720 38 31 lie
181 4720 85 31 could
291 4721 52 30 not
367 4721 49 39 get
440 4720 31 31 in
496 4722 31 29 at
551 4720 50 31 the
617 4720 79 36 door,
712 4720 38 31 lie

118 4763 75 32 tried
217 4766 30 29 to
272 4763 125 32 descend
420 4764 50 31 the
492 4764 147 41 chimney,
654 4764 98 32 where

118 4807 37 33 lie
183 4807 84 33 stuck
295 4808 67 37 fast,
391 4808 58 32 and
476 4808 112 32 bawled
623 4810 50 31 out
708 4808 44 32 for

118 4853 169 30 assistance.
338 4852 122 31 Release
495 4864 59 19 was
581 4852 170 40 impossible

118 4895 77 33 until
210 4895 89 33 about
315 4895 81 33 three
411 4895 57 33 feet
489 4896 31 32 of
541 4895 51 33 the
614 4895 138 43 chimney

118 4951 59 21 was
191 4940 89 31 taken
295 4940 95 31 down.

158 4984 46 31 An
219 4983 221 43 extraordinary
465 4984 72 31 fatal
558 4984 133 32 accident
706 4994 30 22 oc-

118 5028 105 32 curred
256 5039 71 20 near
361 5028 50 31 the
453 5029 134 30 Midland
631 5029 119 37 station,

118 5071 142 43 Appleby,
277 5071 209 38 Cumberland,
503 5083 38 21 on
565 5072 84 41 April
665 5072 81 32 19th.

118 5117 24 31 A
158 5118 108 30 farmer
280 5116 108 32 named
403 5116 133 32 Ellvvood
550 5117 59 30 had
633 5116 74 32 been
723 5119 29 30 to

119 5161 49 32 the
193 5161 134 32 Midland
341 5161 120 40 railway
476 5161 109 32 station
599 5161 44 32 for
663 5162 87 36 coals,

117 5205 85 28 when
218 5204 46 29 his
279 5204 86 29 horse
380 5214 60 19 was
454 5204 122 29 startled
592 5204 36 38 by
644 5214 15 19 a
670 5214 64 28 pass-

118 5248 51 39 ing
184 5247 87 31 train.
313 5247 30 31 It
357 5246 108 32 rushed
480 5247 42 32 off
538 5248 29 30 at
582 5247 54 31 full
655 5247 97 40 gallop

117 5291 86 30 down
217 5300 17 20 a
246 5293 80 36 steep
341 5290 80 35 road,
433 5290 58 29 and
500 5290 111 30 dashed
623 5290 127 38 through

118 5346 16 20 a
162 5334 94 41 heavy
284 5333 77 38 wall,
391 5332 103 42 killing
522 5333 81 32 itself
628 5333 58 32 and
713 5332 39 33 its

117 5389 107 21 owner.

157 5422 69 32 Two
247 5422 85 41 hairy
357 5421 132 33 children
513 5432 47 21 are
588 5421 89 40 being
705 5432 31 21 ex-

116 5467 112 31 hibited
244 5469 29 29 at
289 5477 16 20 a
320 5466 125 32 London
458 5466 165 40 aquarium,
635 5465 57 31 and
704 5476 48 21 are

115 5511 139 40 arousing
266 5510 142 31 scientific
418 5509 148 42 curiosity.
610 5509 81 40 They
703 5519 49 21 are

115 5555 115 33 natives
252 5555 31 32 of
313 5555 164 41 Paraguay,
503 5555 31 31 of
565 5553 76 42 light
675 5564 58 21 com-

115 5600 128 41 plexion,
259 5599 177 41 intelligent,
453 5599 58 30 and
526 5598 147 31 members
689 5598 31 31 of
736 5607 16 21 a

115 5645 102 41 family
229 5644 71 32 with
308 5643 81 32 skins
396 5655 31 20 as
434 5643 118 33 smooth
564 5654 31 21 as
604 5642 146 41 ordinary.

116 5689 89 33 Their
233 5689 89 33 backs
350 5699 49 22 are
427 5687 175 43 completely
630 5686 121 34 covered

114 5736 70 30 with
214 5736 69 35 fine,
302 5734 224 31 dark-coloured
550 5732 66 31 hair
640 5744 32 19 or
694 5732 56 36 fur,

113 5779 92 36 short,
223 5779 66 36 soft,
306 5778 58 32 and
380 5777 100 32 unlike
501 5777 49 32 the
576 5776 86 33 black
686 5776 66 32 hair

114 5825 31 29 of
157 5824 50 30 the
222 5823 37 31 lie
263 5824 43 30 ad,

1337 57 116 39 THE
1507 57 184 39 LYELL
1745 54 183 51 TIMES,
1983 61 304 48 SATURDAY,
2340 61 137 56 JULY
2531 78 58 36 24.
2648 63 100 39 1886.

3427 5706 115 30 Printed
3554 5710 55 28 and
3624 5710 146 36 published
3788 5712 37 37 by
3841 5713 47 29 the
3903 5716 164 36 proprietor,

3462 5747 106 28 Walter
3582 5751 33 25 At
3620 5750 56 31 km,
3690 5760 29 17 at
3732 5751 48 27 the
3981 5756 84 26 Ouice

3461 5791 80 23 ottile
3555 5792 16 9 '*
3582 5788 78 36 Lyeil
3671 5789 107 28 linies.'
3797 5792 63 26 Ciiii
3869 5793 99 30 Sire.'i,
3976 5792 89 34 Lvell,

3463 5828 9 22 (
3486 5833 88 23 ouniy
3588 5826 29 27 of
3629 5827 101 28 Uullc:'.
3744 5828 105 28 Colony
3865 5837 26 20 ot
3903 5831 21 26 N
3940 5832 28 25 Z,

839 182 171 38 Westport
1027 181 300 32 Advertisements.

823 260 173 62 THOMS
1039 260 123 61 FIELD
1198 260 142 74 &CO.,

767 351 307 33 IRONMONGERS
1110 353 21 29 &
1166 351 96 32 IRON
1298 350 75 32 MER-

768 382 22 50 !
1000 396 170 33 CHANTS.

765 478 92 37 Every
876 477 178 38 Description
1067 478 33 37 of
1118 478 89 28 Mines
1232 477 89 29 Goods
1343 476 57 28 and

932 518 94 27 House
1039 518 199 36 Furnishings.

924 594 243 34 EXPLOSIVES,
1199 595 54 33 &c.,
1286 596 43 27 &c.

934 670 102 32 LOW
1060 671 168 31 PRICES.

766 758 96 28 Orders
876 759 142 35 Promptly
1032 759 54 27 and
1099 760 136 35 Carefully
1250 759 148 27 Executed.

832 857 195 37 THOMAS
1049 858 141 36 FIELD
1213 859 27 37 &
1264 858 73 45 CO.,

766 915 250 28 PALMERSTON
1032 915 153 32 STIiEET,
1198 915 201 28 WESTPORT

807 1000 37 37 F.
860 999 53 38 W.
929 998 259 39 HAGEDORN
1211 1000 27 37 &
1261 998 100 39 CO.'S

768 1057 253 32 TIURNITURE
1057 1057 262 30 WAREHOUSE
1341 1057 60 30 will

768 1089 27 49 1'
837 1099 34 33 be
884 1099 89 33 found
984 1099 109 42 replete
1105 1099 31 32 in
1148 1099 39 32 all
1197 1099 37 32 its
1244 1099 155 33 branches.

886 1216 43 28 All
943 1216 45 29 the
1002 1216 80 28 latest
1103 1215 131 29 novelties
1253 1216 28 27 in

767 1267 193 38 Furniture,
985 1266 106 38 Sofas,
1113 1266 131 39 Chairs,
1269 1263 131 41 Tables,

816 1311 194 41 Chiffonier,
1029 1311 155 39 Looking
1207 1310 147 41 Classes,

904 1365 69 30 and
992 1365 271 31 Chamberware.

768 1440 171 38 Up-country
952 1440 91 28 orders
1060 1439 139 38 promptly
1221 1438 128 29 attended
1365 1441 36 25 to.

768 1489 98 30 Orders
878 1489 48 30 left
948 1494 29 25 at
995 1489 45 29 the
1054 1489 77 29 office
1145 1488 29 30 of
1184 1488 54 29 this
1251 1496 84 29 paper
1347 1485 55 31 will

952 1530 103 33 receiye
1074 1529 144 28 attention.

809 1606 212 38 Palmerston
1046 1605 120 47 Street,
1179 1605 185 46 Westport.

855 1692 173 51 George
1061 1691 261 51 Ferguson's

771 1774 285 30 mAILORING
1109 1772 293 53 -piMPORIUM,

822 1852 192 32 Palmerston
1037 1851 123 36 Street,
1183 1851 172 35 Westport,

839 1914 128 36 Opposite
981 1913 124 35 Hughes'
1115 1913 114 35 Empire
1242 1912 93 28 Hotel.

771 2028 63 30 The
849 2028 116 30 Newest
980 2027 126 38 Designs
1127 2026 58 30 and
1209 2026 146 31 Fashions
1378 2025 31 31 of

1000 2069 51 34 the
1065 2069 109 43 period.

771 2135 86 31 ALL
887 2134 153 32 GOODS
1061 2134 129 30 WELL
1209 2133 196 31 SHRUNK.

858 2188 23 27 A
903 2187 134 36 Superior
1055 2186 50 28 Fit
1133 2186 186 28 Guaranteed.

819 2301 151 28 Periodical
988 2300 85 29 Visits
1086 2300 80 28 made
1180 2300 180 36 Up-country.

905 2371 167 31 GEORGE
1096 2369 231 36 FERGUSON,

1272 2421 99 28 Tailor.

846 2504 233 42 THOMAS
1114 2503 219 48 LAWRIE,

995 2567 142 20 IMPORTER
1155 2566 34 19 OF

774 2604 163 83 DOORS,
964 2604 118 38 Sashes,
1108 2604 113 37 Bricks,
1244 2603 95 38 Lime,
1355 2602 34 33 Ce-

862 2652 92 34 ment,
972 2649 179 32 Galvanised
1165 2649 79 36 Iron,
1262 2648 89 40 Spout-

850 2693 60 40 ing,
926 2692 138 41 Ridging,
1080 2692 136 32 Window
1230 2691 98 37 Glass,

890 2736 77 38 Delf,
997 2736 153 41 Crockery,
1187 2735 83 32 Glass-

929 2790 86 26 ware,
1071 2780 89 30 Hollo
1162 2790 86 25 ware,

987 2823 211 33 Pictureframe

1003 2868 178 40 Mouldings,

774 2912 113 37 Stoves,
921 2912 127 41 Ranges,
1077 2912 115 36 Chairs,
1222 2910 184 41 Carpenters'

813 2957 58 30 and
898 2957 180 28 Bushmen's
1107 2955 97 35 Tools,
1235 2955 134 30 Colonial

853 2998 106 39 Ovens,
1000 2997 114 40 Paints,
1150 2997 71 38 Oils,
1256 2996 55 34 Var-

890 3044 110 36 nishes,
1027 3044 57 30 and
1112 3054 17 20 a
1157 3042 133 40 splendid

930 3088 178 31 assortment
1122 3086 31 33 of
1171 3086 80 32 Wall

969 3131 120 42 Papers,
1097 3131 116 37 &c.,&c.

773 3214 192 39 ISTCutlery,
991 3213 55 31 and
1071 3212 215 40 Electro-plated
1307 3211 100 31 Goods.

883 3291 191 30 THOMAS
1107 3289 189 39 LAWRIE,

795 3336 350 46 Palmerston-street,
1197 3334 184 51 Westport.

812 3440 165 76 MISS
1023 3437 353 87 KENNEDY,

948 3539 291 48 MILLINER,

783 3602 233 32 —Palmerston
1039 3601 123 38 Street,
1186 3601 215 38 Westport,—

773 3661 206 60 WISHES
992 3665 28 25 to
1033 3660 126 30 intimate
1173 3661 61 29 that
1247 3661 47 29 she
1305 3662 50 28 has
1366 3661 28 29 de-

981 3698 77 28 cided
1071 3702 27 24 to
1112 3699 65 27 hold
1190 3709 16 17 a

825 3750 105 32 CASH
953 3750 207 31 CLEARING
1184 3750 102 32 SALE
1305 3752 5 28 !
1329 3753 6 29 !
1354 3752 5 29 !

868 3808 37 29 Of
915 3808 49 29 her
976 3808 68 29 New
1058 3808 125 30 Season's
1194 3808 81 30 Stock
1289 3808 29 30 of

776 3861 274 36 MILLINERY
1084 3862 68 36 and
1188 3862 222 36 DRAPERY

827 3914 62 26 And
902 3914 97 27 directs
1013 3914 99 35 special
1125 3915 134 26 attention
1272 3917 28 24 to
1314 3914 45 27 the

778 3964 178 40 Sweeping
986 3964 178 34 Sacrifices
1192 3964 38 33 in
1253 3964 100 33 order
1375 3966 35 32 to

839 4003 98 28 effect
954 4010 20 21 a
993 4002 133 37 Speedy
1152 4002 195 30 Clearance.

811 4076 105 28 Within
931 4075 45 29 the
989 4075 86 28 limits
1093 4076 30 28 of
1141 4085 35 19 an
1198 4075 212 30 advertisement

776 4114 21 27 it
809 4114 23 26 is
845 4113 155 36 impossible
1014 4117 26 24 to
1054 4113 34 27 do
1110 4113 97 36 justice
1228 4117 27 24 to
1277 4114 133 36 Bargains

776 4162 61 19 now
865 4151 110 31 offered.
1025 4151 172 38 Up-country
1221 4152 107 30 visitors
1355 4152 55 30 will

777 4201 34 16 on
824 4192 152 33 inspection
989 4191 57 26 find
1060 4191 59 27 that
1133 4192 54 26 this
1205 4192 23 26 is
1250 4201 15 17 a
1287 4192 123 27 Genuine

778 4227 71 29 Sale.

879 4311 227 42 PATRICK
1141 4313 171 40 KELLY

777 4381 203 59 WISHES
995 4384 27 25 to
1035 4381 98 28 inform
1153 4381 45 29 the
1219 4382 91 35 public
1332 4391 63 27 gene-

919 4419 69 36 rally
1002 4419 58 28 that
1073 4419 34 28 he
1120 4419 50 28 has
1184 4420 84 36 lately

777 4467 142 37 Imported
940 4467 58 29 and
1018 4467 119 29 Erected
1157 4468 67 29 New
1237 4468 174 38 Machinery,

985 4524 156 36 Consisting
1162 4525 42 28 of:

776 4580 154 46 Drilling,
946 4579 136 48 Boring,
1098 4580 186 48 Punching,
1305 4583 86 37 Turn-

854 4624 68 48 ing,
937 4624 154 47 Planing,
1107 4625 68 36 and
1197 4626 138 47 Cutting

1000 4668 188 45 Machines,

778 4729 60 28 And
859 4729 102 36 having
983 4739 15 19 a
1025 4730 72 35 large
1118 4729 65 29 staff
1205 4731 29 27 of
1251 4731 163 37 Competent

777 4768 150 28 Workmen
941 4769 28 27 in
984 4769 42 28 his
1040 4769 118 36 employ,
1171 4770 23 27 is
1207 4769 28 28 in
1257 4779 16 18 a
1292 4771 119 35 position

778 4811 27 23 to
819 4811 111 24 execute
944 4807 35 28 all
993 4808 98 28 classes
1114 4807 29 28 of
1163 4807 46 29 the
1233 4808 85 29 above
1338 4808 75 29 work

778 4846 65 28 with
859 4846 138 37 despatch,
1007 4847 54 28 and
1069 4850 28 25 at
1106 4847 169 28 Treasonable
1285 4847 127 37 Charges.

906 4941 195 30 PATRICK
1128 4941 157 38 KELLY,

780 4984 106 53 Ship,
901 4985 148 53 Engine
1057 4986 32 39 &
1099 4986 164 40 General
1278 4986 112 41 Black-

1031 5042 127 46 smith,

848 5103 173 28 Wakefield
1043 5104 117 34 Street,
1180 5105 164 28 Westpoht.

777 5189 188 57 Wakefield
997 5189 114 57 Steam
1146 5190 77 56 Saw
1259 5190 153 74 Planing,

899 5264 69 56 and
992 5263 175 72 Moulding
1191 5264 103 58 Mills.

828 5390 61 39 W.
935 5391 85 38 and
1067 5390 34 39 J.
1152 5391 212 48 MARRIS,

976 5464 74 20 HAVE
1072 5465 35 20 ON
1129 5465 69 20 SALE
1213 5465 5 20 :

970 5506 108 34 Sashes,
1091 5507 134 36 Turnery,
1248 5507 166 37 Mouldings,

1016 5546 54 32 &c.,
1087 5545 52 28 and
1159 5555 15 19 a

781 5597 97 31 Good
881 5597 214 31 Assortment
1104 5598 37 30 of
1149 5599 265 31 Well-seasoned

835 5641 148 32 Dressed
996 5642 68 31 and
1078 5642 120 40 Rough
1212 5643 145 32 Timber.

783 5733 173 34 Up-country
976 5732 100 28 Orders
1095 5732 145 37 Promptly
1266 5734 146 27 Executed.

795 5823 214 39 Wakefield
1031 5824 134 45 Street,
1188 5825 209 49 Westport.

1507 183 143 31 Reefton
1679 183 292 34 Advertisements

1543 264 55 37 W.
1640 265 302 48 HINBMAESH,

1432 386 318 63 gHAREBROKER,
1777 387 179 35 MINING,
1982 390 77 27 AND

1518 464 165 38 General
1710 464 259 39 Commission

1678 558 135 51 Agent,

1461 686 287 50 BROADWAY,
1778 687 244 51 REEFTON,

1550 797 139 36 (Opposite
1709 796 34 28 So
1756 795 88 31 ithcrn
1859 796 80 30 Cross

1691 854 103 35 Hotel.)

1429 936 339 61 Dawson's
1833 936 224 74 Hotel,

1525 1043 222 32 BROADWAY,
1775 1043 186 29 REEFTON.

1430 1156 88 58 The
1538 1156 235 27 accommodation
1797 1157 126 35 supplied
1944 1157 36 35 by
2005 1157 55 28 this

1519 1193 84 29 house
1618 1197 100 25 cannot
1732 1193 31 30 be
1777 1194 145 36 surpassed
1943 1194 29 29 in
1993 1195 67 29 New

1429 1232 128 27 Zealand.

1431 1334 173 51 Booking
1639 1337 120 38 Office
1795 1337 56 39 for
1887 1337 173 39 Mitchell

1478 1388 76 40 and
1599 1390 231 52 Campbell's
1889 1391 122 52 Royal

1529 1443 94 41 Mail
1655 1447 96 38 Line
1773 1446 42 39 of
1843 1446 96 52 Grey-

1580 1501 132 40 mouth
1730 1501 186 41 Coaches.

1465 1636 66 27 This
1545 1635 85 29 Hotel
1643 1634 106 36 isfwell
1770 1635 101 28 known
1893 1634 169 35 throughout

1432 1674 66 27 New
1512 1673 119 28 Zealand
1644 1674 42 27 for
1705 1674 35 26 its
1759 1672 235 29 accommodation
2008 1673 54 27 and

1431 1712 180 29 convenience
1623 1712 42 29 for
1683 1712 111 28 tourists
1814 1710 55 30 and
1888 1710 174 30 commercial

1430 1751 149 28 travellers.

1629 1797 123 38 JOHN
1772 1796 212 47 DAWSON,

1864 1852 163 36 Proprietor.

1592 1934 308 33 STEVENSON'S

1436 1998 364 58 M'G-affin's
1837 1998 225 71 Hotel,

1536 2101 223 35 BROADWAY,
1778 2101 186 30 REEFTON.

1436 2233 120 61 THIS
1571 2232 178 38 Magnificent
1761 2232 85 31 Hotel
1858 2232 57 30 will
1937 2232 32 30 be
1982 2232 85 31 found

1523 2273 101 36 replete
1637 2272 68 29 with

1529 2345 91 21 EVERY
1639 2345 125 21 COMFORT
1783 2346 55 20 AND
1857 2345 117 21 MODERN

1648 2383 204 19 CONVENIENCE.

1469 2488 130 34 Tourists,
1625 2488 175 28 commercial
1830 2487 152 34 travellers,
2013 2488 54 28 and

1435 2526 91 29 others
1536 2527 54 28 will
1605 2526 63 29 here
1682 2527 57 28 find
1753 2536 82 26 every
1848 2527 137 29 attention
1996 2536 53 20 com-

1434 2564 82 29 bined
1529 2565 66 27 with
1611 2564 81 28 home
1705 2564 138 29 comforts.

1435 2659 156 38 Booking
1610 2659 106 32 Office
1728 2659 52 31 for
1792 2660 170 31 Newman
1974 2660 95 30 Bros'

1462 2703 107 39 Royal
1583 2703 87 31 Mail
1682 2703 86 31 Line
1782 2702 39 31 of
1829 2703 131 31 Nelson
1974 2703 69 31 and

1577 2749 174 39 Westport
1764 2748 162 33 Coaches.

1496 2839 160 42 JAMES
1702 2839 304 49 STEVENSON,

1661 2903 180 21 PROPRIETOR.

1437 2975 393 76 M'Sherry's
1864 2975 207 63 Hotel

1604 3091 78 37 (Late
1702 3090 213 38 M'Quillan's,)

1514 3168 241 38 BROADWAY,
1788 3168 203 33 REEFTON.

1438 3338 109 60 THE
1560 3337 182 38 undersigned
1764 3338 103 34 having
1883 3338 111 29 entered
2014 3338 58 30 into

1526 3377 153 36 possession
1692 3377 32 28 of
1743 3377 55 29 this
1811 3377 174 29 well-known
1999 3377 74 29 hotel

1436 3414 123 29 business
1571 3415 99 28 wishes
1688 3420 28 23 to
1737 3415 101 28 iniorm
1858 3415 42 27 his
1924 3424 148 20 numerous

1436 3452 102 29 friends
1550 3452 56 28 and
1618 3453 47 27 the
1677 3453 146 35 travelling
1832 3452 92 37 public
1935 3453 138 37 generally

1437 3491 60 28 that
1510 3493 33 26 he
1557 3491 109 28 intends
1679 3495 27 24 to
1719 3500 78 28 spare
1811 3501 35 18 no
1864 3491 78 29 effort
1954 3501 30 18 in
1996 3492 77 29 order

1437 3533 27 25 to
1477 3530 81 28 make
1571 3530 55 28 this
1639 3530 71 28 hotel
1725 3530 101 36 replete
1839 3530 67 29 with
1919 3540 83 27 every
2013 3540 45 19 con-

1437 3569 129 27 venience
1580 3569 54 27 and
1649 3572 132 32 comport.

1437 3721 73 33 Ales,
1528 3721 91 30 Wines
1632 3722 58 27 and
1703 3722 105 36 Spirits
1821 3722 34 36 of
1872 3722 67 29 Best
1960 3723 113 29 Brands

1645 3760 65 35 only
1729 3760 136 36 supplied.

1592 3836 125 38 JOHN
1742 3833 254 51 M'SHERRY,

1858 3902 181 20 PROPRIETOR.

2257 191 118 31 Public
2394 191 150 31 Notices.

2220 271 129 39 JOHN
2394 270 188 48 MUNItO,

2088 401 234 66 O.ENERAL
2353 400 247 30 MERCHANT
2630 400 89 29 AND

2300 477 208 33 IMPORTER,

2187 594 240 39 Palmerston
2482 594 138 46 Street,

2298 715 216 27 WESTPORT.

2135 812 243 33 JOHNSTON
2407 812 27 32 &
2460 812 214 33 WATKINS

2305 887 106 28 CIVIL
2429 888 78 27 AND

2175 965 48 27 IN
2237 965 45 28 IN
2293 965 25 28 G
2462 965 261 34 NGINEERS,

2276 1052 180 20 AUTHORISED
2478 1052 56 20 AND

2091 1094 278 40 LICENSED
2397 1094 326 42 SURVEYORS

2089 1187 131 38 Working
2245 1188 83 28 Plans
2350 1188 55 28 and
2430 1188 107 29 Details
2563 1188 29 28 of
2616 1188 110 35 Miinng

2122 1226 163 37 Machinery
2298 1227 133 36 prepared
2441 1227 54 28 and
2505 1228 45 28 the
2559 1228 131 28 Erection

2175 1265 107 35 Mining
2296 1265 162 36 Machinery
2470 1266 167 35 supervised.

2088 1343 120 35 Surveys
2219 1342 43 27 for
2272 1342 110 36 Mining
2392 1343 165 35 Companies
2568 1343 157 28 contracted

2089 1380 39 29 for
2142 1380 34 37 by
2189 1380 46 29 the
2248 1389 73 29 year.
2359 1381 120 35 Surveys
2489 1381 82 28 made
2580 1381 88 28 under
2678 1381 46 28 the

2260 1419 81 28 Land
2354 1420 127 28 Transfer
2491 1420 61 28 Act.

2336 1498 137 31 Address:

2089 1538 167 33 Broadway,
2277 1537 134 29 Reefton
2422 1547 6 25 ;
2456 1547 56 19 and
2538 1538 188 29 Commercial

2292 1577 110 34 Hotel,
2422 1577 91 29 Lyeli

2123 1654 70 28 N.H.
2196 1655 219 27 —Instructions
2427 1655 49 28 left
2489 1659 29 25 at
2531 1656 90 27 Times
2632 1656 92 33 Office,

2089 1693 89 34 iyell,
2190 1693 56 28 will
2260 1694 103 27 receive
2372 1694 160 28 immediate
2545 1694 145 30 attention.

2221 1775 65 61 N
2293 1776 308 63 ewman's

2292 1983 48 30 OF
2359 1982 177 32 COACHES

2126 2079 253 31 Thrice-Weekly
2404 2079 122 30 Service
2549 2079 143 31 Between

2180 2129 105 33 Lyell,
2299 2129 133 27 Reefton
2445 2138 56 18 and
2516 2130 125 27 Nelson.

2093 2222 92 29 Leave
2206 2221 83 38 Lyell
2306 2222 42 29 for
2367 2222 104 30 Nelson
2489 2232 82 28 every
2593 2223 136 39 Tuesday,

2094 2270 147 36 Thursday
2249 2270 55 29 and
2315 2271 148 36 Saturday,
2474 2276 29 24 at
2514 2274 62 27 2.30
2585 2282 78 27 p.m.,
2675 2273 55 28 and

2094 2317 80 38 Lyell
2187 2317 41 29 for
2242 2317 139 39 Westport
2394 2318 55 29 and
2463 2319 127 35 Reefton,
2609 2328 36 21 on
2660 2319 51 30 San-

2095 2365 63 35 day,
2171 2365 176 36 Wednesday
2362 2366 54 28 and
2430 2366 112 35 Friday,
2552 2371 28 24 at
2592 2368 62 27 9.30
2665 2377 64 18 a.m.

2096 2450 165 34 Passengers
2286 2450 103 28 booked
2421 2451 42 28 for
2493 2451 151 36 Hampden
2676 2454 53 25 and

2216 2495 80 31 other
2307 2496 193 30 intermediate
2514 2496 101 38 places.

2267 2574 132 28 Booking
2420 2575 120 28 Offices
2552 2582 5 21 :

2097 2630 138 38 Westport
2499 2632 133 30 Gilmer's
2645 2632 86 30 Hotel

2096 2680 117 28 Reefton
2458 2679 176 30 Stevenson's
2647 2681 86 29 Hotel

2097 2726 103 30 Nelson
2510 2728 124 29 Masonic
2647 2728 85 30 Hotel

2130 2820 45 30 All
2188 2820 107 39 parcels
2308 2824 76 27 must
2396 2821 33 30 be
2444 2822 123 38 prepaid,
2587 2822 146 31 otherwise

2230 2870 68 36 they
2309 2870 57 28 will
2379 2870 33 29 be
2425 2870 49 29 left
2487 2870 112 30 behind.

2421 2927 39 29 H.
2480 2928 184 35 NEWMAN,

2531 2967 159 33 Proprietor

2238 3062 349 41 COURTNEY'S

2099 3130 315 61 JUNCTION
2480 3130 253 60 JJOTBL,

2251 3211 94 44 (Near
2366 3222 57 23 the
2444 3210 139 45 Bridge.)

2100 3316 150 31 tST'Good
2258 3316 246 29 Accommodation
2517 3316 44 29 for
2573 3316 161 29 Travellers.

2239 3368 118 30 GRASS
2389 3368 208 30 PADDOCKS.

2101 3420 124 32 Saddle
2248 3421 127 30 Horses
2392 3421 70 30 and
2479 3421 127 38 Handy
2619 3420 116 32 Coach

2343 3456 53 31 for
2411 3456 85 31 hire.

2135 3559 115 33 Miners,
2275 3559 177 32 Theatricals,
2479 3568 30 19 or
2538 3559 131 28 Families
2695 3568 26 19 re-

2101 3598 97 27 moved
2223 3600 28 25 to
2276 3606 55 26 any
2355 3599 63 34 part
2442 3596 30 30 of
2493 3596 47 28 the
2571 3596 107 29 district
2708 3599 27 25 at

2101 3635 129 31 Reduced
2248 3636 93 29 Fares.

2135 3690 22 26 A
2171 3690 85 34 Ferry
2270 3698 92 19 across
2374 3689 48 28 the
2435 3689 96 28 Buller
2544 3698 17 19 a
2582 3691 52 26 few
2653 3689 82 35 yards

2100 3726 88 30 below
2202 3726 46 30 the
2261 3726 135 30 Junction
2410 3726 29 29 of
2449 3726 47 29 the
2509 3730 54 26 two
2575 3726 95 29 rivers.

2169 3837 25 29 A
2215 3836 196 30 Blacksmith's
2434 3836 75 37 Shop
2529 3836 137 30 attached.

2356 3895 110 19 HORSES
2487 3895 84 19 SHOD.

1440 4007 146 62 The
1624 4010 363 75 Hampden
2032 4010 467 75 Co-operative
2542 4011 191 60 Store

1736 4130 360 79 Company,
2134 4130 313 66 Limited.

1441 4419 109 61 TIIE
1566 4419 84 29 above
1661 4420 145 37 Company
1815 4421 23 28 is
1851 4430 61 19 now
1924 4421 148 37 supplying
2084 4422 47 28 the
2145 4422 140 37 following
2301 4422 85 36 goods
2396 4426 29 26 at
2436 4432 15 20 a
2466 4423 83 37 slight
2562 4423 123 29 advance
2699 4433 34 19 on

1913 4461 149 29 NELSON
2076 4461 186 30 PRICES:—-

1644 4810 36 28 Of
1691 4810 60 29 first
1764 4810 69 30 class
1846 4812 114 38 quality.
1997 4812 24 29 A
2034 4813 88 38 Large
2136 4813 55 29 and
2204 4813 101 30 Varied
2318 4814 176 29 Assortment
2507 4813 30 30 of

1444 4914 201 53 Crockery,
1682 4915 171 41 Earthen
1882 4918 75 39 and
1991 4918 226 47 Glassware,
2255 4918 280 52 Ironmongery,
2566 4919 79 48 &c.,
2668 4920 64 39 &c.

1445 5131 124 39 Men's
1604 5130 75 40 and
1716 5131 114 53 Boys'
1870 5131 270 53 Kaipoi-made
2189 5132 205 53 Clothing;
2442 5132 113 49 Hats,
2594 5132 138 49 Shirts,

1543 5186 356 45 Under-Flannels;
1955 5188 174 36 Drawers
2164 5188 73 36 and
2273 5188 144 43 Moles;
2460 5188 174 43 Tweeds,

1640 5236 176 53 Hosiery,
1839 5237 208 50 Blankets;
2078 5238 162 47 Calicos,
2264 5237 138 48 Prints,
2427 5238 90 40 Flan-

1852 5293 91 45 nels,
1966 5294 78 44 &c.,
2067 5294 64 37 &c.
2185 5293 92 36 Also
2279 5313 48 6 —

1607 5369 153 45 Wheat,
1808 5369 108 45 Oats,
1964 5370 114 46 Bran,
2114 5369 116 38 Chaff
2253 5369 74 38 and
2361 5369 191 38 Potatoes.

1477 5581 99 29 Orders
1589 5581 196 37 accompanied
1803 5581 36 37 by
1853 5582 64 28 cash
1931 5583 174 30 remittances
2124 5583 161 36 punctually
2304 5582 130 29 attended
2448 5585 37 31 to,
2499 5582 55 29 and
2573 5582 84 36 goods
2677 5582 42 29 des-

1442 5620 117 38 patched
1573 5625 28 24 at
1614 5630 15 19 a
1642 5625 139 24 moments
1793 5621 98 28 notice.

1477 5697 83 29 Local
1579 5697 128 38 produce,
1726 5696 141 38 including
1886 5698 103 35 Hides,
2011 5698 93 36 Skins,
2131 5698 93 34 Wool,
2244 5696 126 34 Butter,
2385 5697 55 32 &c.,
2455 5696 54 33 &c.,
2529 5694 153 38 purchased
2695 5694 38 28 for

1442 5737 82 27 Cash.

2321 5793 32 28 R.
2375 5792 130 28 M'NEE.
2525 5792 105 27 Lessee.

1663 5833 62 28 loth
1741 5832 82 32 Jn.no,
1840 5835 75 26 188-3.

2833 187 143 34 Reefton
2994 188 301 32 Advertisements.

2809 267 217 36 FORSYTH
3048 268 26 36 &
3098 267 230 45 MASTERS,

2748 352 293 60 WHOLESALE
3068 353 21 27 &
3117 352 141 28 RETAIL
3277 353 84 27 IRON-

2971 390 191 33 MONGERS,

2899 461 169 32 Broadway,
3088 461 144 33 Reefton,

2750 532 79 28 Have
2842 540 36 19 on
2891 531 75 29 hand
2984 531 137 37 imported
3141 531 85 30 direct
3244 532 70 29 from
3336 532 46 29 the

2801 570 92 28 Home
2907 569 130 34 markets,
3050 579 15 18 a
3077 570 89 34 Large
3178 571 56 28 and
3248 571 65 28 Well-

2934 608 122 29 assorted
3077 609 82 28 Stock
3172 610 30 27 of

2750 686 166 41 Builders'
2931 686 220 52 Furnishing,
3165 688 137 50 Mining
3315 689 70 39 and

2855 759 147 36 General
3025 759 256 47 Ironmongery,

2750 842 99 29 Which
2873 842 65 37 they
2957 849 45 23 ai*e
3025 844 132 37 prepared
3180 848 28 24 to
3230 844 50 28 sell
3302 848 27 25 to
3342 853 27 19 re-

2762 881 103 29 sidents
2877 882 30 28 of
2917 882 77 36 Lyell
3008 887 28 23 at
3046 882 151 37 extremely
3210 882 52 28 low
3275 883 96 36 prices.

2752 1022 153 31 Bickford's
2918 1023 81 35 Fuse,
3013 1022 90 31 Hall's
3121 1023 125 36 Blasting
3260 1022 122 35 Powder,

2752 1063 122 32 Octagon
2888 1063 81 31 Steel,
2982 1063 93 26 Ames'
3097 1063 125 32 Shovels,
3243 1062 67 27 Pick
3328 1062 55 27 and

2753 1099 136 28 Hammer
2901 1099 134 32 Handles,
3049 1100 55 33 &c.,
3115 1103 95 31 agents
3222 1099 41 29 for
3273 1099 111 29 Nobel's

2987 1138 161 37 Dynamite.

2753 1216 158 35 Furniture)
2941 1215 135 37 Bedding.
3107 1218 113 33 Lamps,
3263 1217 120 38 Cutlery,

2753 1256 171 34 Carpenters'
2938 1257 90 31 Tools,
3047 1257 103 30 Paints,
3173 1257 66 31 Oils,
3262 1257 122 31 Colours,

2890 1293 94 37 Fancy
2997 1293 89 35 Ware,
3100 1294 62 34 &c.;
3182 1294 66 33 also,

2757 1363 21 26 A.
2792 1363 87 34 Large
2892 1364 175 28 Assortment
3084 1364 30 28 of
3130 1364 168 28 Galvanised
3310 1365 75 30 Iron,

2856 1401 145 29 Bessemer
3012 1401 55 29 and
3086 1402 103 37 Plough
3210 1401 74 31 Steel

2943 1476 104 31 WIRE
3068 1477 129 30 ROPES.

2858 1548 60 29 SSS
2949 1549 175 29 OCTAGON
3153 1549 130 29 STEEL.

2825 1632 36 41 J.
2916 1634 42 39 B.
3021 1634 129 39 BEE
3169 1632 146 50 CHE,

2900 1743 172 38 Broadway,
3095 1744 147 36 Reefton,

2758 1844 339 61 gHAREBROKER,
3133 1846 22 30 &
3193 1843 198 33 GENERAL

2853 1931 254 33 COMMISSION
3143 1931 149 32 AGENT.

2795 2124 149 41 Enquries
2976 2125 45 31 for
3047 2124 89 32 latest
3164 2123 171 41 quotations
3362 2123 32 31 in

2755 2181 117 40 mining
2886 2181 97 32 stocks
2997 2181 150 41 promptly
3159 2181 113 41 replied
3285 2182 42 31 to.

2783 2363 173 20 TELEGRAMS
2976 2363 201 20 IMMEDIATELY
3197 2361 167 22 ANSWERED.

2759 2436 213 43 S3*BUY
3002 2437 148 39 PURE
3180 2434 213 41 DRUGS!

2848 2556 62 40 W.
2938 2556 35 40 J.
3005 2557 55 38 M.
3091 2556 226 47 HANSBY,

2988 2617 83 33 AND
3102 2616 295 34 DISPENSING

2762 2662 29 37 r
2981 2662 197 37 CHEMIST,

2912 2729 163 28 BROADWAY,
3104 2730 141 21 REEFTON.

2760 2777 85 28 Eleve
2858 2777 32 28 de
2903 2777 142 28 Vlnstitut
3056 2778 40 27 St.
3105 2777 137 33 Francois
3255 2777 114 32 Xavier,
3380 2786 19 19 a

2910 2815 118 37 Bruges,
3042 2814 29 29 la
3083 2815 165 37 Belguiquc.

2853 2867 40 29 M.
2912 2868 31 27 P.
2964 2868 27 29 S.
3011 2868 35 27 N.
3067 2869 40 32 Z.,
3164 2868 40 29 M.
3223 2869 31 28 P.
3274 2868 30 29 C.

2760 2963 109 26 Twelve
2881 2965 89 33 years'
2984 2963 129 26 assistant
3125 2966 28 23 to
3166 2963 53 26 Br.
3234 2963 123 32 Mokice,
3371 2963 29 27 of

2992 2999 180 38 Greymouth.

2797 3077 170 36 Physicians'
2988 3078 197 37 Prescriptions
3209 3078 55 28 and
3288 3078 110 36 Family

2762 3116 129 37 Receipes
2903 3116 155 37 accurately
3067 3116 189 37 compounded
3269 3116 68 30 with
3350 3116 47 30 the

2762 3155 148 29 PUREST
2928 3154 138 30 DRUGS.

2815 3242 177 22 SPECTACLES
3012 3242 35 22 TO
3068 3243 65 21 SUIT
3156 3242 55 22 ALL
3232 3242 113 23 SIGHTS.

2797 3313 89 29 Toilet
2916 3313 163 36 Requisites,
3105 3313 168 36 Perfumery,
3299 3314 100 28 Patent

2764 3351 150 30 Medicines
2926 3351 55 30 and
2993 3351 155 37 Druggists'
3164 3351 140 35 Sundries,
3317 3352 46 29 &c.

2837 3427 109 31 Teeth
2962 3428 197 38 Extracted,
3177 3428 69 39 &c.,
3265 3428 59 31 &c.

2764 3502 56 31 53s
2821 3504 8 11 3
2830 3501 49 29 'All
2889 3501 91 38 Drugs
2990 3502 185 33 Guaranteed,
3186 3502 55 29 and
3252 3506 29 25 at
3293 3502 106 37 greatly

2901 3541 188 29 REDUCED
3109 3541 148 29 PRICES.

2783 3636 601 37 GRATEFUL-COMPORTING.

2918 3912 331 30 BREAKFAST.

2825 3950 43 36 By
2890 3959 17 20 a
2928 3950 135 37 thorough
3077 3950 160 38 knowledge
3250 3952 29 28 of
3291 3951 47 29 the
3350 3961 32 20 na-

2762 3990 72 27 tural
2846 3990 67 28 laws
2924 3989 92 30 which
3029 4000 103 26 govern
3144 3990 47 29 the
3204 3991 157 37 operations
3373 3991 27 30 of

2763 4027 134 35 digestion
2909 4028 55 26 and
2976 4028 144 33 nutritious
3133 4029 55 26 and
3201 4030 36 34 by
3258 4038 17 18 a
3296 4030 102 27 careful

2763 4064 165 39 application
2941 4064 31 30 of
2989 4064 47 31 the
3056 4065 55 31 fine
3124 4066 150 38 properties
3286 4066 31 30 of
3326 4067 57 30 well-

2763 4104 118 28 selected
2892 4113 92 23 cocoa,
2999 4104 44 28 Mr
3055 4105 77 36 Epps
3144 4104 51 32 hag
3206 4106 131 35 provided
3349 4116 51 27 ojjr

2763 4141 137 30 breakfast
2908 4141 87 30 tables
3004 4142 67 30 with
3079 4151 17 21 a
3103 4142 297 39 delicately-flavoured

2762 4181 131 35 beverage
2906 4181 89 30 which
3009 4191 67 27 may
3088 4192 64 19 save
3164 4193 33 19 us
3210 4193 86 26 many
3309 4184 90 36 heavy

2762 4219 118 27 doctor's
2901 4218 71 27 bills.
3008 4219 29 27 It
3056 4219 25 27 is
3094 4220 37 34 by
3144 4220 47 27 the
3200 4221 138 35 judicious
3350 4230 49 19 use

2762 4256 30 29 of
2801 4256 67 29 such
2881 4255 107 31 articles
3001 4256 30 29 of
3048 4256 56 30 diet
3116 4257 62 30 that
3190 4268 16 19 a
3219 4259 180 29 constitution

2762 4305 65 27 may
2847 4295 34 30 be
2909 4305 35 28 ;r
2962 4296 84 38 'ually
3065 4296 70 30 built
3155 4306 37 29 up
3213 4298 71 29 until
3305 4302 95 34 strong

2762 4334 108 36 enough
2881 4338 27 26 to
2917 4338 81 27 resist
3007 4345 82 28 every
3098 4336 138 38 tendency
3243 4341 29 25 to
3284 4338 113 29 disease.

2762 4374 150 29 Hundreds
2924 4374 31 29 of
2964 4374 89 30 subtle
3065 4375 134 29 maladies
3216 4385 47 20 are
3286 4376 113 37 floating

2762 4412 105 28 around
2879 4421 33 19 us
2923 4412 85 37 ready
3021 4416 28 25 to
3062 4413 93 29 attack
3171 4414 139 30 wherever
3322 4415 76 29 there

2762 4451 22 27 is
2797 4459 16 19 a
2822 4451 77 28 weak
2912 4451 86 37 point.
3034 4451 51 29 We
3098 4461 66 28 may
3175 4460 95 30 escape
3283 4462 87 28 many
3383 4463 16 19 a

2761 4489 67 29 fatal
2849 4490 73 29 shaft
2942 4490 36 37 by
2994 4489 118 38 keeping
3123 4491 137 30 ourselves
3272 4492 63 29 well
3345 4493 39 28 for-

2762 4527 75 28 tified
2861 4528 68 28 with
2954 4537 67 27 pure
3045 4529 81 28 blood
3150 4529 56 28 and
3230 4539 17 18 a
3270 4531 128 35 properly

2762 4565 148 29 nourished
3056 4566 87 29 —See
3168 4567 94 29 article
3292 4568 29 29 in
3351 4567 48 30 the

2764 4604 74 28 Civil
2851 4604 110 28 Service
2974 4605 121 28 Gazette.

2761 4651 77 19 MADE
2849 4651 99 19 SIMPLY
2957 4651 77 20 WITH
3043 4651 115 21 BOILING
3166 4652 99 21 WATER
3274 4654 36 19 OR
3319 4654 78 19 MILK.

2780 4680 64 29 Sold
2856 4681 29 27 in
2900 4680 56 37 i-lb
2964 4681 113 36 packets
3086 4682 36 37 by
3132 4683 123 34 Grocers,
3265 4683 117 29 labelled

3020 4719 83 28 thus:
3105 4735 35 4 —

2825 4755 148 33 JAMES
3011 4757 109 32 EPPS
3152 4758 70 31 and
3256 4758 79 41 CO.,

2894 4799 207 22 HOMEOPATHIC
3118 4802 147 26 CHEMISTS,

2840 4830 123 30 LOND
3009 4830 39 36 N,
3077 4831 244 31 ENGLAND.

2954 4929 250 33 NOTICE.

2827 5201 194 27 RINTING
3057 5202 53 27 OF
3146 5202 131 26 EVERY
3313 5202 63 26 DES-

2994 5327 179 29 CRIPTION

3065 5467 34 19 AT

2769 5598 79 70 %\)
2885 5599 140 79 tfgcll
3042 5599 164 61 ftrncs
3234 5602 163 70 (Dfftcc,

2886 5806 148 37 CLIFF
3070 5806 204 37 STREET.

3586 186 118 30 Public
3723 188 149 31 Notices.

3411 269 31 37 A
3462 268 255 38 Wonderful
3752 270 117 39 Book
3890 282 71 28 top
3989 275 56 35 Is.

3629 330 170 21 CONTAINING
3813 332 6 19 :

3611 370 51 27 100
3680 371 94 28 Tricks
3794 374 51 28 and

3611 409 145 29 Delusions
3781 412 64 28 with

3610 570 54 27 For
3682 571 45 27 the
3747 573 99 35 perfor-

3575 599 130 39 Bmanco
3716 610 31 27 of
3756 611 90 29 wliicli
3859 599 174 47 (lillllOifr

3608 647 66 35 only
3687 658 15 17 a
3717 658 129 19 common

3626 686 70 36 pack
3708 687 30 28 of
3752 687 79 29 cards

3610 772 69 26 nary
3711 764 76 27 coins
3822 766 30 26 of

3421 816 178 60 SKJHS
3641 840 111 28 needed.
3771 841 44 29 All
3871 827 167 53 IFjljll

3608 877 68 37 fully
3689 880 157 35 explained;

3427 945 205 56 |||§|§|ll|A
3655 954 73 35 large
3750 957 96 30 collec-

3427 995 270 30 ==■ti
3700 1005 35 19 oll
3752 1006 15 18 0
3770 997 12 27 f
3868 992 69 27 i==
3950 985 96 39 -_yEi-=jj

3411 1042 134 38 Amusing
3568 1044 120 35 Riddles,
3702 1047 148 34 Charades,
3864 1050 112 32 Games,
3992 1051 56 31 &e.,

3667 1085 55 26 and
3735 1094 64 19 over

3414 1126 73 34 200
3511 1128 122 34 Tricks
3646 1131 97 33 [with
3766 1133 190 40 Conjuring
3984 1133 44 40 Ap-

3651 1171 152 34 paratus.

3412 1209 43 30 All
3469 1209 163 36 illustrated,
3646 1211 153 38 explained,
3813 1211 55 30 and
3986 1213 48 28 sim-

3412 1249 54 35 ple,
3479 1249 68 28 with
3562 1260 16 17 a
3591 1250 141 34 catalogue
3746 1251 30 27 of
3789 1251 127 32 English,
3930 1252 118 29 French,

3413 1286 55 28 and
3488 1286 148 29 American
3660 1288 150 33 Novelties,
3831 1289 111 33 Games,
3966 1289 84 36 Toy?,

3413 1324 55 34 &c.,
3482 1326 128 35 covering
3623 1336 65 19 over
3710 1328 52 29 800
3783 1336 91 28 pages,
3897 1328 55 28 and
3977 1328 61 28 illus-

3414 1364 89 27 trated
3516 1365 66 27 with
3592 1366 52 26 400
3653 1366 78 27 wood
3742 1366 102 27 blocks.
3882 1366 73 28 Both
3966 1366 85 28 books

3594 1402 101 30 mailed
3709 1403 55 31 free
3778 1402 41 30 for
3834 1404 37 28 Is.

3624 1450 72 29 Jack
3727 1461 55 18 and
3818 1461 48 19 his

3492 1537 99 37 jM&Sb
3627 1531 171 30 Mechanical
3818 1532 49 36 fig-
3902 1523 131 51 yr||\

3627 1580 62 20 ures
3724 1570 86 29 dance
3838 1575 29 26 to

3627 1611 97 35 music,
3735 1609 54 29 and
3799 1609 66 39 keep

3627 1650 103 32 perfect
3746 1650 76 32 time,
3836 1652 30 26 Is

3420 1853 71 28 Pack
3512 1853 30 28 of
3560 1852 94 32 Cards,
3673 1851 152 29 wonderful
3983 1852 67 31 with

3419 1891 138 36 lightning
3570 1890 128 36 rapidity,
3713 1891 28 26 Is
3754 1890 35 27 2d
3801 1894 62 31 post
3875 1892 63 26 free.

3455 1929 35 27 N.
3517 1929 28 27 S.
3570 1929 44 27 W.
3640 1932 104 31 stamps
3764 1927 84 28 taken
3869 1931 29 24 at
3919 1938 56 26 par,

3420 1966 77 30 office
3510 1966 92 28 orders
3615 1975 29 19 or
3664 1965 90 37 postal
3777 1970 77 24 notes
3875 1966 146 37 preferred,
4036 1965 23 27 if

3420 2009 106 32 stamps
3540 2006 30 28 of
3580 2005 79 29 other
3673 2004 118 29 colonies
3804 2015 45 18 are
3863 2009 62 25 sent
3946 2005 54 29 add
4023 2007 35 26 2d

3420 2045 30 26 in
3462 2044 47 27 the
3522 2044 112 34 shilling
3646 2043 42 26 for
3700 2043 148 34 exchange.

3460 2121 74 28 Take
3544 2121 176 28 Notice—To
3741 2119 138 29 advertise
3900 2130 52 18 our
3973 2121 68 28 Busi-

3421 2168 70 22 ness,
3505 2168 39 17 we
3556 2158 61 27 will
3632 2159 52 35 for
3702 2166 16 19 a
3741 2158 77 27 short
3839 2159 65 26 time
3925 2159 67 26 send
4014 2159 46 26 Cue

3422 2197 87 27 luliole
3522 2196 34 35 of
3566 2196 44 27 the
3624 2197 83 26 above
3719 2196 159 27 mentioned
3899 2197 111 27 articles
4030 2199 28 25 to

3422 2244 51 19 one
3485 2233 115 29 address
3608 2234 66 37 post
3682 2233 81 37 paid,
3768 2233 52 37 for
3832 2235 30 27 2s
3876 2234 43 28 Gd.

3604 2273 120 28 Address
3738 2272 36 28 all
3787 2272 92 29 orders

3423 2311 41 31 H.
3479 2310 139 32 YORKE
3635 2312 22 29 &
3672 2310 62 36 Co.,
3747 2312 56 29 401
3820 2311 114 40 George
3951 2311 106 31 Street.

3681 2354 127 41 Sydney.

3450 2398 76 27 Lock
3539 2399 60 27 Lox
3611 2399 32 26 41
3658 2398 74 34 King
3746 2399 98 32 Street,
3858 2398 65 27 Post
3937 2398 93 27 Office.

3509 2486 254 32 POSTAGE
3806 2487 189 32 KATES.

3617 2555 91 22 TOWN
3733 2555 149 22 LETTEES.

3466 2598 112 31 Posted
3605 2602 32 27 at
3660 2609 57 29 any
3746 2599 72 30 Post
3846 2598 93 31 Office
3972 2600 103 39 wiaiq;

3425 2640 52 34 tho
3493 2641 105 42 colony
3613 2643 45 30 for
3675 2642 131 42 delivery
3820 2646 31 28 at
3868 2653 32 21 or
3911 2642 74 33 from
3999 2645 72 31 su-jh

3428 2686 76 31 Post
3520 2686 93 31 Office
3631 2697 46 19 :

3429 2737 59 33 Not
3502 2738 162 41 exceeding
3679 2738 64 32 half
3756 2750 36 21 an
3809 2751 95 22 ounce
3958 2766 31 7 ...
4037 2740 34 32 Id

3430 2783 167 37 Exceeding
3613 2783 63 29 half
3688 2794 37 19 an
3741 2795 104 27 ounce,
3871 2785 54 30 but
3940 2789 54 25 not

3465 2826 164 37 exceeding
3644 2838 56 20 one
3716 2838 97 21 ounce
3958 2854 30 7 ...
4035 2829 37 30 2d

3429 2871 56 31 For
3499 2881 91 30 every
3606 2871 63 30 half
3683 2882 95 21 ounce
3792 2883 70 20 over
3878 2883 55 21 one
3959 2899 30 7 ...
4036 2874 37 30 Id

3591 2923 150 23 COUNTRY
3756 2925 148 23 LETTEES.

3466 2958 108 29 Posted
3592 2963 31 24 at
3637 2969 57 27 any
3719 2963 69 32 post
3802 2959 84 30 office
3901 2961 104 28 within
4022 2959 52 32 the

3425 2999 105 42 colony
3561 3000 45 31 (or
3637 2999 133 42 delivery
3796 3006 32 26 at
3854 3012 32 20 or
3914 3001 75 32 from
4015 3012 35 21 ar

3425 3044 87 32 other
3523 3052 66 33 post
3601 3044 83 32 office
3702 3045 103 32 within
3822 3046 51 31 the
3888 3048 106 39 colony
4006 3061 45 18 :

3427 3086 62 32 Not
3505 3088 162 38 exceeding
3683 3088 60 31 halt
3759 3099 37 20 an
3813 3100 97 21 ounce
3959 3116 26 6 ...
4036 3092 35 29 2d

3428 3132 168 40 Exceeding
3613 3132 61 31 half
3688 3143 36 20 an
3742 3144 104 28 ounce,
3861 3133 55 32 but
3940 3137 54 28 not

3465 3177 163 39 exceeding
3641 3187 56 20 one
3712 3187 98 21 ounce
3959 3205 32 6 ...
4035 3180 39 30 4a

3429 3219 57 33 For
3514 3231 88 30 every
3627 3219 64 33 half
3717 3231 96 22 ounce
3838 3233 71 20 over
3939 3233 56 22 one

3465 3276 98 19 ounce
3642 3290 31 7 ...
3801 3292 31 6 ...
3959 3293 30 6 ...
4035 3269 38 30 2d

3554 3316 202 23 AUSTRALIAN
3778 3318 167 22 COLONIES.

3429 3349 62 31 Not
3506 3351 163 40 exceeding
3685 3351 63 31 half
3766 3362 38 20 an
3820 3363 95 21 ounce
3959 3379 31 7 ...
4034 3354 38 31 2d

3429 3394 168 40 Exceeding
3612 3394 64 32 half
3698 3407 37 20 an
3751 3407 104 27 ounce,
3872 3396 54 32 but-
3940 3401 54 28 not

3467 3439 163 37 exceeding
3644 3450 58 19 one
3717 3450 96 21 ounce
3959 3466 30 7 ...
4034 3442 37 31 id

3429 3480 59 33 For
3515 3493 87 30 every
3629 3481 62 33 half
3718 3494 95 22 ounce
3843 3495 69 21 over
3939 3495 55 23 one

3468 3537 97 21 ounce
3644 3553 31 7 ...
3803 3554 30 7 ...
3961 3556 30 7 ...
4035 3531 18 29 2

3450 3580 147 21 ENGLAND
3618 3582 65 19 AND
3705 3582 143 21 FOREIGN
3864 3584 186 21 COUNTRIES.

3606 3614 58 31 Per
3679 3615 79 31 Half
3782 3617 118 31 Ounce.

3433 3657 111 34 United
3565 3659 159 41 Kingdom,
3752 3661 46 32 via
3821 3664 59 30 San
3902 3662 74 32 Fran-

3468 3704 79 29 cisco
3562 3704 58 30 and
3643 3706 76 29 Suez
3961 3727 33 8 ...
4037 3709 37 30 Gd

3431 3745 113 32 United
3574 3747 100 32 States
3702 3748 34 30 of
3769 3749 148 38 America,
3952 3751 46 30 via

3469 3790 58 31 San
3545 3789 163 33 Francisco
3963 3820 30 7 ...
4038 3795 38 31 {id

3429 3834 155 34 Sandwich
3599 3836 130 39 Islands,
3754 3838 45 32 via
3827 3838 60 31 San
3902 3838 76 33 Fran-

3467 3881 81 29 cisco
3801 3909 30 6 ...
3959 3909 30 7 ...
4036 3886 40 29 Gd

3430 3922 152 31 Canadian
3619 3923 191 40 Dominions,
3845 3927 47 29 via
3940 3927 58 31 San

3470 3965 165 34 Francisco
3803 3996 29 7 ...
3961 3998 30 7 ...
4036 3972 38 31 8u

3432 4010 111 30 British
3561 4012 159 31 Columbia
3802 4040 31 6 ...
3962 4042 30 5 ...
4045 4017 31 28 la

3430 4052 89 33 West
3534 4053 104 34 Indies
3800 4084 30 7 ...
3958 4085 31 7 ...
4043 4060 32 31 Is

3429 4097 130 38 Mexico,
3574 4099 47 31 via
3634 4101 59 30 San
3710 4101 164 33 Francisco
3959 4129 19 6 ..

3429 4139 125 35 Central
3572 4142 140 35 America
3959 4174 30 7 ...
4045 4149 31 30 Is

3428 4186 95 31 South
3538 4188 148 38 America,
3700 4190 46 31 via
3759 4191 58 30 San
3831 4192 161 32 Francisco
4043 4196 32 27 la

3643 4241 18 21 S
3671 4241 191 23 EWSPAPEES.

3429 4273 109 33 Posted
3567 4285 18 21 a
3625 4287 57 28 any
3709 4276 85 33 office
3820 4277 105 34 within
3947 4280 52 31 tho

3466 4320 104 42 colony
3589 4325 47 27 tor
3650 4322 132 42 delivery
3798 4327 31 27 at
3851 4323 51 32 the
3916 4335 80 22 same

3467 4363 85 32 office
3802 4394 30 6 ...
3959 4391 33 8 ...
4036 4371 38 31 Ad

3430 4408 108 32 Posted
3565 4412 31 28 at
3622 4420 57 30 any
3707 4410 84 33 office
3817 4412 106 32 within
3945 4414 52 31 the

3465 4452 106 42 colony
3588 4453 46 31 for
3650 4454 130 42 delivery
3797 4460 31 27 at
3839 4466 57 32 any
3911 4456 87 33 oiher

3467 4496 82 33 office
3565 4497 102 33 within
3683 4499 52 31 the
3750 4501 107 40 colony
3961 4529 31 6 ...

3427 4539 176 32 Australian
3618 4543 143 30 Colonies
3965 4571 29 6 ...
4040 4547 36 30 Id

3427 4583 117 32 United
3560 4584 158 40 Kingdom
3963 4616 29 7 ...
4039 4590 37 31 Id

3584 4628 59 33 Via
3659 4631 59 30 San
3742 4630 177 34 Francisco.

3427 4670 115 32 United
3560 4672 102 31 States
3678 4675 29 28 of
3723 4675 142 32 America
3963 4704 31 6 ...
4039 4679 37 29 Id

3428 4714 153 32 Canadian
3597 4717 183 31 Dominions
3963 4747 30 6 ...
4038 4722 38 29 2d

3431 4757 112 32 British
3561 4759 161 34 Columbia
3963 4792 31 6 ...
4038 4766 37 30 2d

3432 4801 85 32 West
3532 4802 105 33 Indies
3961 4835 30 7 ...
4036 4811 39 29 2d

3428 4845 124 33 Central
3568 4849 140 33 America
3961 4880 31 7 ...
4038 4856 38 29 2u

3427 4889 97 31 South
3540 4891 158 34 Amerrica
3962 4924 30 7 ...
4037 4897 39 30 2d

3625 4947 87 24 BOOK
3734 4949 143 23 PACKETS

3430 4976 108 31 Posted
3564 4982 32 27 at
3619 4990 58 31 any
3704 4983 82 31 office
3814 4985 105 29 within
3947 4986 51 29 the

3466 5022 107 42 colony
3589 5023 47 31 for
3650 5025 132 40 delivery
3798 5031 31 28 at
3843 5028 52 31 the
3907 5039 91 29 same,

3467 5066 104 32 within
3601 5068 53 30 the
3683 5070 117 41 colony,
3829 5072 53 30 the
3918 5074 59 30 Aus-

3465 5110 110 32 tralian
3591 5111 142 40 colonies,
3747 5125 33 20 or
3805 5114 52 33 the
3883 5115 116 33 United

3467 5153 155 42 Kingdom
3707 5184 30 7 ...
3824 5160 54 32 loz
3964 5188 29 7 ...
4041 5162 36 32 Id

3707 5225 31 7 ...
3823 5205 54 27 2oz
3962 5229 30 6 ...
4038 5208 39 27 2d

3507 5238 48 32 Do
3707 5270 31 6 ...
3824 5244 51 37 lib
3962 5273 30 6 ...
4038 5247 39 31 4d

3507 5283 48 30 Do
3708 5312 30 5 ...
3827 5289 49 30 lib
3962 5315 30 6 ...
4039 5294 38 26 8u

3431 5324 95 42 Every
3555 5325 166 34 additional
3744 5331 112 38 pound,
3871 5341 33 21 or
3919 5331 65 33 frac-

3466 5369 96 31 tional
3576 5376 67 35 part
3658 5374 30 28 of
3704 5384 16 20 a
3737 5376 102 36 pouud
3963 5403 31 7 ...
4041 5379 36 30 Sd

3596 5414 58 32 Via
3670 5416 58 31 San
3747 5416 172 34 Francisco.

3432 5455 110 32 United
3573 5457 111 38 States,
3711 5471 88 30 every
3831 5462 50 36 £lb
3966 5490 30 6 ...
4041 5466 36 29 -Id

3429 5500 155 31 Sandwich
3600 5501 118 33 Islands
3839 5530 18 13 „
3965 5533 30 7 ...
4041 5510 36 29 4d

3429 5543 150 33 Canadian
3598 5545 179 34 Dominions
3841 5574 17 13 „
3965 5578 31 5 ...
4041 5553 36 30 CJ

3432 5586 110 32 British
3561 5589 160 32 Columbia
4042 5597 35 29 t>J

3432 5629 85 32 West
3534 5632 15 30 I
3554 5633 84 30 ndies
4039 5641 38 25 (;<i
