2529 4020
48 260 2422 77 THE

48 337 383 43 NEW
558 337 893 43 ZEALAND
1578 337 892 43 GAZETTE

48 380 2422 42 AND

48 422 1154 42 WELLINGTON
1317 422 1153 42 SPECTATOR.

597 508 219 37 PUBLISHED
861 507 132 38 EVERY
1038 506 260 38 WEDNESDAY
1336 507 87 37 AND
1467 509 230 39 SATURDAY
1741 512 205 38 MORNING.

487 630 3 10 '
533 603 7 31 :PORT:
544 618 129 44 PORT
697 623 284 38 NICHOLSONi
1004 605 656 70 WEBNESDAYtMORNING/^^
1934 635 86 28 t842;

2239 659 5 11 f
2260 635 99 41 [Vol.
2381 635 68 33 HI.

89 626 62 31 No.
168 624 85 40 199.]

200 718 57 21 For.
268 717 116 21 London
398 713 98 28 'direct,
541 718 3 5 '
584 739 2 4 r
618 720 25 24 -,f

134 770 3 3 .
169 754 29 20 To
210 753 43 20 sail
273 752 33 21 the
321 751 40 21 end
373 751 29 26 of
410 751 122 32 Ifovember,
618 746 19 24 V

66 783 96 38 '<£2g
162 805 12 16 1
209 788 167 33 rpHEv^yrell
395 788 82 22 known
498 787 45 22 fast
562 786 81 27 sailing

79 810 109 38 tWftß^
216 825 30 14 ■*•
295 816 55 31 .^^
352 822 29 15 ue
416 815 111 27 Clyderide,
562 813 80 23 Alfred

223 842 86 22 Adams
319 842 156 22 commander.-
496 841 55 22 This
559 840 46 23 will
612 840 30 22 be

57 864 146 37 ■SprJTßWjj|
221 870 39 22 the
275 870 50 22 first-
337 868 30 23 oil
384 869 50 28 ship
443 868 44 23 this
498 875 86 19 season,
596 866 46 23 and

57 891 190 32 4BSHmB^.&s
266 899 49 25 part
334 896 25 22 of
374 896 42 22 her
433 903 66 21 cargo
516 895 21 22 is
550 894 93 26 already

156 932 15 11 *.
199 923 131 28 ..engaged,
346 922 99 29 shippers
453 922 46 22 will
515 922 89 26 require
618 924 24 17 to

56 950 67 22 make
141 949 62 27 early
221 950 140 28 application.
399 949 48 22 The
467 946 173 30 ClydesidepriUli

55 976 153 29 immediately
218 984 29 15 on
258 976 139 28 discharging
409 976 41 23 her
466 983 66 18 cargo
541 975 24 22 in
568 972 4 11 !
581 974 62 22 Lon-

58 1004 51 26 don,
119 1011 92 20 prepare
222 1007 22 19 to
261 1007 83 19 return-
352 1006 23 18 to
390 1004 60 20 New-
459 1001 108 23 Zealand.
597 1000 44 21 She

56 1030 45 22 will
116 1030 120 22 therefore-
243 1030 70 22 afford
329 1037 27 15 an
373 1030 111 22 excellent
500 1027 141 29 opportunity

54 1058 35 21 for
107 1057 69 27 goods
194 1058 104 27 required
313 1060 24 18 at
351 1056 39 22 the
410 1056 87 21 earliest
514 1053 78 29 period
610 1053 31 27 by

54 1084 82 27 parties
146 1083 60 26 here,
216 1083 50 22 who
276 1091 37 15 are
321 1082 118 28 requested
448 1084 22 19 to
479 1082 94 21 instruct
581 1079 59 22 their

54 1110 133 28 agents^and
195 1110 87 22 friends
290 1113 23 18 at
322 1109 67 22 home
398 1111 23 18 to
431 1108 50 27 give
487 1108 45 21 this
539 1106 101 23 Colonial

54 1136 74 23 trader
146 1136 37 22 the
200 1137 131 27 preference
346 1143 37 14 on-
391 1134 32 23 all
442 1134 120 23 occasions.
595 1133 45 22 For

54 1163 80 27 freight
144 1170 25 15 or
176 1170 101 21 passage,
283 1162 70 29 'apply
363 1165 33 21 to.
553 1171 48 14 -:.,.
622 1179 4 4 .

161 1201 5 10 <
349 1201 2 10 '
367 1193 85 23 Waitt
466 1193 46 23 and
524 1193 86 23 Tyser.

81 1229 145 28 Wellington,
238 1229 97 23 October
343 1230 33 26 11,
389 1230 60 21 1842.
547 1228 5 11 j
564 1233 17 23 'j

162 1274 170 28 Survey-office,
342 1274 56 22 New
408 1273 100 23 Zealand
518 1273 122 28 Company,

245 1301 145 28 Wellington,
402 1301 79 32 Oct^7,
492 1301 61 21 1842.

56 1334 146 51 NOTICE
212 1334 35 28 .IS
262 1334 128 23 HEREBY
405 1323 107 42 GI^N,
534 1332 49 23 that
603 1331 39 24 the

137 1361 100 26 Country
247 1361 66 22 Land
322 1368 50 15 now
380 1360 73 23 under
463 1367 80 20 survey
551 1359 46 22 will
612 1359 29 22 be

56 1388 86 21 thrown
154 1388 105 27 open^for'
268 1388 105 22 selection
381 1387 44 22 .for
429 1392 4 4 1
441 1387 37 22 the
493 1386 149 27 Preliminary

41 1436 4 6 ,
58 1414 105 27 Sections,
183 1418 24 18 at
224 1418 88 24 present
329 1414 126 26 remaining
472 1414 121 26 unchosen,
614 1420 28 15 on

59 1441 106 27 Monday,
177 1441 38 22 the
224 1441 46 22 2nd
280 1442 107 27 January,
398 1442 61 26 1843,
475 1441 44 22 and
528 1440 114 27 followirig

58 1468 53 28 days
112 1479 27 4 —
140 1469 155 27 commencing
304 1471 23 19 at
341 1470 102 25 11.a.m.,
460 1475 44 14 ana
520 1468 85 26 closing
619 1470 23 19 at

57 1496 15 21 4
80 1503 61 19 p.m.,
152 1496 116 28 precisely,
279 1495 44 22 and
331 1495 69 27 being
409 1502 24 15 as
442 1495 85 22 follows
534 1503 5 14 :
541 1506 29 4 —

482 1529 35 16 No.
528 1529 21 16 of
562 1529 80 17 Sections

490 1550 60 17 under
557 1550 74 21 Sutyey.

85 1576 112 22 District
208 1583 27 15 of
241 1583 45 15 the
293 1576 102 26 Ohariu;
402 1576 39 23 the
446 1576 101 23 Sections

112 1610 37 15 are
158 1603 98 22 situated
268 1603 24 22 in
308 1602 37 23 the
355 1603 81 28 valley,
455 1603 93 27 parallel

110 1630 53 22 with
182 1630 50 22 that
250 1630 65 27 given
336 1632 38 19 out
393 1633 24 19 at
440 1629 37 23 the
500 1629 45 23 last

111 1656 112 27 selection,
235 1656 44 23 and
289 1656 106 28 comprise
406 1660 22 19 at
436 1656 66 23 least.
510 1671 33 6 ...
586 1656 29 22 44

93 1684 78 26 [Plans
181 1691 58 21 open
253 1684 34 21 for
299 1683 125 28 inspection
433 1686 24 19 at
466 1684 37 21 the
513 1682 91 28 Office.]

83 1717 113 23 District
212 1726 26 14 of
254 1725 45 15 the
313 1717 93 23 Hutt.v.
573 1719 42 21 100

109 1745 47 21 The
176 1744 99 23 Sections
294 1752 36 14 are
351 1744 47 22 laid
412 1746 38 20 out
466 1748 23 19 at
506 1745 39 21 the

109 1778 69 21 upper
185 1774 52 25 part
242 1771 26 22 of
275 1771 37 22 the
320 1771 67 28 river,
395 1771 45 22 and
447 1778 38 15 are
492 1778 54 15 con-

109 1798 81 22 nected
208 1798 55 22 with
283 1798 62 22 those
369 1797 91 28 already
477 1798 68 27 given

110 1828 44 19 out.
183 1825 69 22 Plans
261 1827 22 20 to
291 1825 29 22 be
329 1825 69 28 ready
409 1826 33 21 Ist
447 1825 98 22 Decem-

109 1852 46 27 ber,
167 1853 61 22 1842.

82 1886 113 22 District
206 1893 29 15 of.
243 1886 103 25 Horoki,
357 1885 125 27 extending,
487 1885 56 22 from

109 1920 54 14 near
174 1912 90 22 Section
273 1915 33 25 10,
316 1913 117 27 Kinapora
442 1912 100 26 District,

108 1939 95 22 towards
224 1939 39 22 the
287 1942 60 20 coast
369 1942 24 20 at
417 1939 128 22 Wai-k'anai

108 1966 107 29 probably
376 1971 80 16 '...;..
473 1970 6 8 v
479 1981 5 6 .
493 1981 6 5 .
570 1966 42 22 150

97 1992 79 29 [Plans
185 1997 23 17 to
217 1992 30 22 be
256 1993 69 27 ready
333 1995 34 19 Ist
377 1991 219 29 ]December,..lß42.]
638 2006 5 10 *

73 2025 120 22 •District
282 2026 85 21 ISovhv
464 2025 80 22 -'Port
620 2042 3 7 .

108 2051 130 22 Nicholson-
409 2052 24 20 Iv
438 2058 33 16 .**.
567 2060 6 5 -
597 2052 13 20 5
621 2072 3 4 ,
638 2054 3 5 '

228 2077 77 29 [Plans
315 2085 50 15 now
374 2078 69 27 ready
445 2076 19 29 .Q

80 2112 112 26 Porirua,
205 2112 131 27 Kinapora,
345 2108 199 31 andsuriSry-parts

108 2139 83 22 around
203 2139 54 22 Port
264 2138 124 23 Nicholson
412 2143 64 17 .'....'■
584 2140 27 21 18

96 2166 77 27 [Plans
181 2169 24 18 to
214 2166 28 21 be
248 2165 72 28 -ready
329 2167 34 20 l£t
374 2166 135 26 November,
521 2164 74 28 1842.]
614 2178 11 4 -

80 2193 113 21 District
203 2200 28 14 of
240 2192 148 26 Manawatu,
396 2191 147 24 the.Sections

107 2219 81 22 extend
217 2219 67 27 along
311 2219 38 22 the
371 2217 62 24 bank
455 2219 25 22 of
504 2218 39 22 the

107 2246 68 22 River
183 2246 72 22 above
256 2251 4 5 L
264 2246 61 22 those
335 2246 68 27 given
413 2248 39 19 out
466 2248 23 19 at
504 2245 39 22 the

106 2273 43 21 last
162 2273 114 27 selection,
294 2272 81 22 thence
384 2275 31 19 -to
435 2272 38 22 the
490 2271 53 23 hills
579 2282 5 4 -

106 2300 43 22 and
159 2300 108 28 comprise
283 2302 24 19 at
322 2300 57 21 least
569 2301 41 21 300

87 2326 3 8 '
99 2326 77 28 [Plans
186 2330 23 18 to
219 2326 30 22 be
256 2326 111 28 ready-lst
376 2326 141 27 December,-
520 2326 73 27 1842.]

78 2359 49 22 The
136 2358 65 23 Field
212 2359 63 21 Plots
282 2365 53 21 may
346 2358 30 22 be
389 2364 53 16 seen
459 2360 24 20 at
493 2357 39 23 the
548 2360 90 25 present

52 2386 53 22 time
115 2388 23 19 at
146 2385 38 22 the
195 2386 85 27 Survey
289 2385 98 22 Stations
391 2383 39 24 -'of
437 2384 40 23 the
492 2384 87 23 several
593 2385 43 22 dis-

52 2413 61 22 tricts
121 2412 154 28 respectively.
274 2421 2 5 1

79 2439 28 22 In
115 2439 65 22 order
189 2442 23 18 to
222 2439 166 22 accommodate
398 2437 37 23 the
444 2437 90 23 holders
544 2438 26 22 of
576 2437 61 30 early

52 2466 94 27 choices,
158 2465 233 28 arrangements-have
405 2465 59 23 been
478 2465 66 22 made
553 2465 36 22 for
599 2465 37 22 the

52 2496 63 29 party
125 2493 126 26 possessing
265 2493 39 21 the
319 2493 50 21 first
378 2491 65 23 order
459 2492 26 22 of
491 2491 85 28 choice,
588 2500 48 14 suc-

52 2520 106 27 cessively
167 2519 94 28 making
275 2519 58 22 their
346 2519 108 22 selection
463 2521 23 19 at
500 2519 39 22 the
553 2519 82 28 Survey

53 2547 70 22 Office
133 2554 24 15 as
167 2554 55 14 soon
232 2554 24 14 as
265 2546 37 22 the
312 2545 69 23 Plans
390 2553 37 15 are
430 2546 80 27 .ready.

271 2582 5 5 '
294 2579 94 22 Samuel
403 2578 107 22 Charles
524 2578 84 28 Brees,

395 2604 241 28 Principal-Surveyor.

219 2649 78 22 Meat
318 2650 149 26 Company.

53 2681 89 23 FTIHE
162 2682 237 28 UNDERSIGNED,
417 2682 84 28 having
519 2683 60 22 been
598 2691 39 21 ap-

59 2705 30 26 X
124 2709 92 28 pointed
231 2710 109 27 Manager
349 2710 27 22 of
388 2709 114 33 the^Meat
511 2710 123 28 Company,

50 2735 54 27 begs
112 2738 24 19 to
144 2743 119 16 announce
272 2736 49 22 that
335 2743 14 16 a
357 2736 90 27 regular
456 2736 78 28 supply
543 2737 26 22 of
576 2737 59 26 beef,

51 2765 93 25 mutton,
165 2762 46 22 and
226 2762 57 31 pork
295 2770 56 20 -may
370 2763 83 27 always
469 2763 28 22 be
518 2763 118 29 depended

50 2796 60 20 upon
122 2792 23 19 at
154 2789 45 22 this
209 2789 173 22 establishment.

76 2816 33 21 As
132 2815 44 22 this
195 2815 128 28 'Company
333 2822 96 25 puposes
454 2815 79 27 selling
551 2819 25 18 at
597 2816 37 22 the

49 2841 77 23 lowest
134 2842 75 28 prices,
211 2844 39 19 'at'
254 2841 72 22 which
335 2841 130 22 it'is'found
474 2841 38 22 the
521 2844 62 19 meat
595 2850 40 15 can

49 2869 29 21 be
89 2869 106 27 afforded,
205 2867 39 23 the
252 2867 151 28 undersigned
410 2869 20 21 is
443 2869 53 27 only
505 2868 128 23 authorized

49 2898 22 19 to
83 2896 49 27 give
137 2902 55 21 very
198 2895 87 22 limited
294 2895 77 27 credit,
378 2895 46 22 and
430 2895 40 22 has
475 2898 57 19 been
541 2895 94 26 or.dered

48 2924 23 19 to
89 2926 47 24 stop
141 2922 40 22 -all
195 2924 104 20 accounts
313 2921 75 23 which
401 2929 37 14 are
453 2924 41 20 not
506 2922 54 28 paid
574 2929 69 22 upon'

49 2949 102 22 demand.

75 2975 48 22 The
132 2975 103 22 business
245 2975 25 21 of
276 2974 38 22 the
323 2974 117 29 Company
446 2975 20 22 is
475 2975 85 23 carried
570 2983 30 16 on
609 2976 24 23 in

47 3002 59 22 their
120 3009 50 15 new
184 2998 110 31 building,
305 3001 88 22 erected
409 3002 102 23 between
529 3002 104 23 France's

48 3029 70 22 Hotel
136 3028 43 23 and
188 3050 4 3 .
198 3028 40 22 the
254 3027 59 23 head
329 3028 27 22 of
369 3028 43 22 the'
423 3029 55 27 Bay,
496 3029 45 22 and
555 3030 78 27 nearly

48 3055 99 28 opposite
157 3057 23 20 to
190 3055 46 22 Mr.
247 3054 82 29 Lyon's
339 3055 70 22 Store.
416 3061 11 11 *
450 3067 2 7 ,
487 3066 3 3 •
515 3063 14 9 ■»-,
548 3065 5 4 -

319 3088 39 22 W-
370 3088 107 29 Flyger,-
486 3090 119 28 Manager.

75 3114 132 24 November
214 3113 123 29 23,1842.L

116 3164 118 24 ILLIAM
250 3164 107 23 ALLEN
372 3158 150 36 -respectully
537 3166 93 23 informs

142 3192 38 23 the
188 3192 138 23 inhabitants
341 3192 28 22 of
377 3192 54 23 Port
441 3192 130 28 Nicholson,
583 3194 48 22 that

47 3218 29 23 he
92 3219 40 22 has
151 3218 94 23 entered
261 3218 48 23 into
511 3220 55 23 with
585 3220 44 25 Mr.

48 3246 60 23 Watt
116 3246 35 23 for
182 3246 90 27 regular
280 3246 79 28 supply
370 3246 26 22 of
406 3246 58 27 beef,
473 3249 97 25 mutton,
581 3247 48 27 &c,

47 3272 75 23 which'
127 3273 45 23 will
182 3272 81 23 enable
271 3272 47 23 him
327 3276 24 19 to
361 3272 41 23 sell
415 3276 23 19 at
452 3272 99 25 reduced
558 3274 72 27 prices

48 3300 37 21 for
92 3300 69 28 ready
169 3307 85 20 money
263 3299 60 27 only.

73 3326 33 23 W.
118 3327 95 27 A.'begs
219 3326 50 23 that
277 3326 30 23 all
321 3326 144 28 outstanding
473 3330 106 19 accounts
587 3327 42 22 due

45 3355 23 20 to
78 3352 45 23 him
132 3361 52 20 may
195 3354 28 22 be
231 3353 80 23 settled
318 3352 121 28 forthwith,
450 3360 24 15 as
483 3352 146 26 his>business

46 3380 43 22 will
97 3381 24 22 in
130 3381 75 22 future
213 3381 30 22 be
253 3380 124 23 conducted
386 3380 73 22 under
468 3380 160 34 anothe^-firm.

75 3414 101 29 October,
188 3417 62 20 1342.
265 3417 16 25 .'
316 3419 14 20 .'
392 3413 5 6 '
437 3409 3 6 '
511 3413 2 6 '

186 3459 143 25 CHARLES
344 3458 140 28 HARVEY;

137 3488 30 23 ■Y'l
180 3490 27 23 if
250 3491 101 26 Tailor,
366 3492 55 25 &c;,
457 3493 14 19 \
523 3488 99 24 '»'...

172 3525 115 27 Adjoining,
298 3526 72 21 Kunm
385 3526 51 21 Toto
449 3524 63 28 PaX,.

194 3569 17 15 r
224 3561 52 32 <_.^ff
278 3566 138 21 ELLINGTON,

45 3589 104 50 BEGS
162 3594 36 23 to.
202 3593 78 21 return
295 3591 82 23 thanks
393 3594 24 20 to
433 3591 38 24 the
487 3593 91 25 gentry-
582 3598 28 15 an
612 3590 27 33 d|

116 3618 77 28 public
198 3618 30 22 -of
235 3617 58 23 New
302 3617 100 24 Zealand
409 3618 36 23 for
451 3619 38 22 the
497 3620 93 26 support
597 3617 29 22 he
632 3627 5 3 -

43 3642 40 23 las
96 3645 104 22 received,
212 3645 59 22 from
286 3643 66 26 them,
363 3646 61 22 since
431 3667 4 7 v
436 3646 42 24 he..
480 3644 146 24 commenced

43 3669 104 31 business,
164 3671 56 29 and,
227 3671 31 22 lie
274 3678 87 15 assures
376 3671 62 24 them
453 3672 50 23 that
517 3672 19 22 it
553 3672 20 21 is
590 3669 38 24 his.

42 3697 109 24 intention
159 3701 24 20 to
193 3698 106 22 continue
306 3697 36 22 his
356 3702 61 18 most
431 3701 117 21 strenuous
562 3705 64 16 exer-

42 3723 56 24 tions
107 3728 23 19 to
139 3726 69 21 merit
216 3725 171 24 a;continuance
396 3725 27 22 of
428 3726 57 22 their
493 3728 130 28 patronage.

57 3751 35 22 -C.
101 3752 29 22 H.
141 3751 64 24 takes
220 3751 44 22 this
283 3752 151 27 opportunity-
442 3753 25 21 of
477 3752 85 28 stating
577 3752 48 23 that

42 3775 33 23 his
84 3778 62 23 stock
155 3778 94 23 consists
259 3778 26 23 of
295 3785 13 15 a
316 3778 63 27 good
384 3778 86 28 variety
480 3780 27 22 of
512 3779 111 29 superfine

127 3801 111 32 doeskin's,
254 3805 89 25 tweeds,
349 3805 137 29 "moleskins',
497 3806 131 26 velveteen,-

41 3830 54 27 pilot
109 3831 69 28 cloth,
188 3832 41 22 &c.
238 3830 49 29 &c.,
301 3831 48 24 and
360 3832 36 22 his
407 3829 94 31 charges
510 3833 47 26 (for
575 3834 49 21 bath

41 3858 55 27 only)
106 3858 125 23 moderate.
245 3880 3 4 .
292 3872 3 6 ■
343 3879 3 4 .
480 3859 91 29 '.\L.

41 3901 137 50 BLANK
185 3905 3 12 «
202 3902 139 23 PRINTED
363 3902 210 31 INDENTURES^
593 3912 28 15 on

113 3936 70 21 paper
202 3929 44 23 and
266 3929 140 28 parchment*
425 3929 34 23 for
475 3929 47 23 sale
531 3949 4 4 .
541 3934 39 19 at-
586 3930 42 26 tftY

184 3956 78 22 Office.
458 3966 3 4 .
502 3962 8 4 -

867 713 75 26 High
955 712 108 22 School.

674 746 91 49 M;R.
782 746 21 23 J.
819 746 32 23 H.
866 746 83 29 Rulk,^
958 746 53 27 (late
1028 746 26 22 of
1065 744 38 24 the
1117 744 137 24 Mechanics'

731 772 22 24 ./
765 772 126 28 Institute,)
902 773 54 27 begs
969 773 64 23 leave
1047 776 59 19 most
1113 771 141 29 respectfully

663 797 6 9 l
671 804 24 18 to
709 800 100 22 intimate
824 802 23 20 to
861 799 40 23 the
913 800 149 22 inhabitants*
1069 799 27 22 of
1109 797 145 29 Wellington,

670 826 50 23 that
729 833 29 16 on
770 826 107 28 Monday,
889 826 43 23 the-
936 826 52 23 12th
1003 826 88 26 instant,
1101 825 28 23 he
1138 824 45 23 will
1199 832 55 20 open

671 860 16 15 a
699 853 82 22 School
790 853 29 22 in
826 853 199 32 'N^.^^Sydney"
1028 854 78 21 -Street
1112 862 4 3 •
1123 851 131 27 (Thorndon

671 880 69 27 Flat),
755 880 35 22 for
803 878 37 24 the
856 878 214 30 various^branches
1085 878 76 28 taught
1178 878 24 21 in
1216 878 37 22 the

670 906 73 23 above
751 906 127 26 mentipned
884 907 141 27 Institution,
1033 906 43 22 and
1080 912 59 21 upon
1148 904 40 23 the
1194 911 60 16 same

671 933 59 22 scale
739 933 26 22 of
772 933 62 22 Pees.
871 939 7 7 *
898 931 68 33 '>$'/'*■
989 934 3 6 '
1007 931 4 6 '
1036 941 2 3 '
1119 934 24 15 ''
1158 933 6 3 '
1195 933 5 3 '

753 960 37 21 the
799 958 161 23 sake-ofSuch
971 961 90 25 parents
1071 964 23 16 as
1108 965 50 21 may
1162 958 35 22 -be
1212 960 42 32 uh^

671 986 132 28 acquainted
812 986 54 21 with
875 983 45 25 Mr!
932 986 46 22 R't.
990 988 85 24 system'
1088 985 25 22 of
1119 985 5 17 ;

670 1012 18 21 it
696 1019 52 21 may
758 1012 27 22 be
795 1012 136 27 mentioned,
942 1012 48 22 that
998 1012 18 21 it
1025 1012 19 22 is
1059 1011 123 24 conducted
1192 1019 60 21 upon

670 1038 40 23 the
727 1041 57 20 most
800 1038 116 28 improved
934 1038 93 23 Normal
1044 1038 64 27 Plan,
1126 1039 127 30 combining

669 1064 102 28 physical
778 1065 104 27 exercise,
889 1065 139 23 intellectual
1034 1065 167 28 improvement,
1209 1068 45 23 and

670 1091 105 27 religious
784 1092 103 26 training.
915 1092 49 23 The
979 1092 105 22 situation
1094 1092 26 22 of
1131 1092 36 23 the
1178 1093 75 24 school

668 1118 20 22 is
707 1122 59 19 most
781 1118 147 28 beautifully-
936 1119 111 27 situated,:
1058 1118 52 23 with
1121 1125 17 16 a-
1153 1120 101 27 spacious

669 1145 154 27 play-ground,
841 1145 46 22 and
905 1145 168 34 swinging^oll
1085 1146 34 24 for,
1131 1148 122 26 gymnastic

670 1172 99 22 exercise
779 1172 44 22 and
835 1172 165 33 amusement:^-
1011 1168 65 37 *?^^
1089 1193 3 4 .

697 1198 77 23 Hours
783 1198 26 23 of
814 1199 133 22 attendance
953 1199 59 22 from
1024 1200 27 21 10
1060 1199 34 22 till
1100 1200 34 22 12.
1195 1200 58 23 from

669 1226 78 22 2t04.
1059 1238 4 3 ■
1092 1226 4 6 '
1137 1225 28 33 /

697 1257 126 23 December
830 1259 22 25 2,
864 1256 70 24 1842.'
1004 1277 9 8 „
1031 1258 27 27 ij,

924 1298 54 26 axl'd
1020 1303 107 26 George,

673 1337 185 48 MANILLA
872 1337 78 25 coffee,

757 1364 43 22 Do.
829 1363 72 28 cigars
910 1364 49 22 best
972 1364 93 28 quality,

751 1390 56 22 Fine
818 1392 56 25 teas^
951 1405 3 4 •
1035 1392 3 5 '
1051 1399 5 7 »
1089 1392 6 7 '
1152 1416 2 5 _

753 1418 79 27 Sugars
842 1416 88 23 refined
938 1425 28 14 an
969 1418 75 27 draw,
1067 1423 12 22 /
1105 1439 3 9 f
1119 1415 43 36 «^

751 1444 96 27 Brandy,
858 1451 61 20 rum,-
926 1444 105 28 whiskey,
1052 1466 4 4 .
1103 1461 2 5 ,
1150 1451 3 17 ;

753 1470 58 28 Port,
822 1471 84 28 sherry,
917 1471 44 22 and
977 1470 108 28 Madeira,
1093 1471 69 23 wines
1179 1471 28 22 of
1215 1471 39 23 the

671 1505 54 21 very
734 1497 50 23 best
792 1498 92 27 quality.

753 1524 73 22 Rhine
833 1525 71 21 wines
912 1524 24 22 in
944 1527 64 25 great
1016 1525 90 28 variety,

755 1551 62 22 Good
826 1551 105 22 blankets
941 1552 45 21 and
995 1559 59 20 rugs,

753 1578 37 22 An
798 1578 90 22 invoice
897 1578 27 21 of
932 1578 80 28 lamps,

753 1604 108 28 Oatmeal,
871 1604 57 29 pork
936 1605 92 27 barrels,
1044 1616 4 5 •

753 1632 70 22 Slates
833 1634 104 20 countess
947 1632 44 22 and
1000 1632 77 27 ladies,
1084 1635 18 15 '<*■
1131 1651 4 3 .

754 1659 77 27 Sperm
841 1658 50 22 and'
895 1658 76 23 mould
979 1658 98 28 candles,

752 1686 85 27 Butter,
1044 1685 69 23 South
1130 1685 123 23 American

671 1712 64 27 flour,
898 1707 25 18 *

713 1741 3 5 '
753 1740 59 26 Oats,
823 1738 102 28 walnuts,
936 1739 49 27 &c,
996 1739 49 27 &c,
1056 1740 71 26 &c^<

863 1773 255 27 Ridowa-ys^Gpytow?
1127 1780 47 15 akd
1185 1773 40 22 Co.

858 1818 66 20 Just
944 1818 120 21 Landed.

673 1851 96 50 SEED
792 1850 128 23 BARLEY
946 1851 47 22 and
1018 1850 83 27 OATS,
1125 1851 59 22 bran
1206 1850 46 23 and

736 1878 69 27 Hops.
835 1877 35 22 On
880 1878 46 22 sale
935 1880 23 20 at
1161 1880 57 27 ";'

962 1910 23 21 J.
1000 1909 33 22 M.
1048 1910 121 27 Taylor's,
1180 1926 5 7 ,

907 1943 128 22 Wholesale
1047 1943 68 27 Store,
1124 1943 33 22 Te
1167 1943 69 23 Aro.

699 2009 4 3 .
736 2007 4 6 .
838 1988 94 21 Wines
946 1988 30 21 in
990 1988 90 21 wood.

669 2022 73 48 ON
756 2021 77 22 SALE
849 2021 29 26 by
888 2021 38 21 the
930 2021 162 26 -undersigned,
1094 2021 66 21 Yrom
1170 2027 44 15 one

718 2048 65 22 i\'the
791 2047 49 22 first
849 2047 95 22 London
953 2047 84 21 houses
1037 2058 28 4 —

696 2074 81 22 Choice
799 2075 61 25 Port,
885 2074 88 27 Sherry,
998 2074 109 26 Madeira,
1131 2073 118 27 Tenerifie,

671 2101 87 28 Alican,
784 2100 46 22 and
849 2101 123 26 Taragona-
989 2100 76 28 wines,
1084 2100 23 22 in
1123 2100 64 27 pipes
1207 2100 44 22 and

669 2130 88 25 quarter
766 2127 70 27 casks,

675 2158 5 6 '
696 2155 53 22 Port
758 2155 42 21 and
811 2154 82 27 Sheriy
901 2154 25 22 in
939 2161 69 15 cases.

947 2187 22 22 J.
985 2188 34 21 M.
1034 2187 100 27 Taylor,
1149 2188 34 21 Te
1195 2188 53 22 Aro.

697 2216 95 21 October
802 2216 33 26 14,
847 2216 61 20 1842.

788 2266 41 19 On
844 2265 69 25 Sale,
919 2281 3 4 .
928 2270 36 16 ex

723 2298 129 23 UNTER'S
866 2305 116 21 preserves
995 2297 46 22 and
1051 2297 81 22 bottled
1146 2298 67 22 fruits
1227 2297 24 23 in

670 2324 53 25 VJ
751 2325 97 23 assorted
866 2333 68 19 cases,
952 2324 88 23 bottled
1055 2325 98 27 vinegar,
1164 2332 85 20 sauces,

667 2352 92 28 herring
768 2355 69 25 paste,
847 2355 51 24 pat
894 2355 43 24 6au
946 2351 87 27 diablej-
1038 2351 89 28 pickles,
1135 2354 3 5 '

696 2380 80 22 Choice
787 2379 104 22 Chedder
900 2378 79 23 cheese
990 2379 45 21 and
1044 2378 170 28 confectionery,
1219 2392 4 3 -

696 2406 172 23 London-made
878 2406 87 21 saddles
975 2406 45 21 and
1030 2405 86 28 bridles,

695 2433 136 23 Bush-made
842 2432 87 23 saddles
938 2432 44 22 and
991 2432 87 28 bridle's,

696 2462 56 26 10-4,
764 2461 56 26 11-4,
831 2458 47 23 arid
887 2461 51 21 12-4
945 2459 111 27 blankets;
1066 2458 110 28 coloured,

696 2489 51 20 12-4
755 2495 51 20 rugs
816 2486 45 22 and
871 2489 169 25 counterpanes,
1052 2486 62 22 toilet
1122 2492 86 22 covers,

696 2515 113 21 Women's
818 2517 68 24 stays,
896 2514 124 26 redshirts,

696 2542 52 22 Two
756 2548 60 15 cases
824 2540 140 26 fashionable,
974 2539 84 29 shaped
1066 2540 101 28 bonnets,

696 2568 97 22 Ribbons
803 2568 46 22 and
858 2567 91 28 general
957 2567 120 27 millinery,

696 2595 73 23 Coffee
777 2595 25 22 in
812 2595 63 27 bags,

696 2623 75 21 Green
779 2625 37 19 tea
824 2621 162 23 in'chestsarid
995 2620 49 23 half
1051 2620 77 28 chests,

695 2645 62 32 Oars',
767 2648 77 23 mould
853 2648 98 27 candles,

694 2676 63 22 Nails
767 2675 24 23 of
797 2682 68 21 every
875 2675 141 28 description,
1024 2696 11 11 ,_
1063 2698 3 3 .
1078 2696 3 4 .
1106 2693 4 10 ,
1158 2699 3 4 ,
1195 2696 22 6 ..
1232 2696 4 9 ,
1251 2698 3 4 .

694 2702 82 23 Tinn'd
785 2706 37 18 tea
830 2702 90 27 kettles,
931 2709 132 21 saucepans,
1073 2702 47 28 &;?.,
1145 2702 3 7 '

694 2729 75 23 White
776 2729 60 28 lead,
845 2729 82 28 paints,
938 2736 62 21 soap,
1011 2726 41 25 6^c.
1062 2729 39 21 Src.

976 2759 75 24 J.'MJ
1063 2760 100 27 Taylor,

724 2789 5 3 '
1098 2797 3 4 •
1122 2788 99 23 TeAro.

694 2814 95 22 October
798 2815 34 26 11,
844 2815 61 22 1842.
1248 2820 6 4 '

894 2860 41 20 On
949 2860 70 25 Sale,
1026 2856 9 13 -'
1060 2862 5 4 '
1088 2868 4 3 •
1100 2859 5 9 '
1162 2865 5 5 '
1196 2865 4 4 •

666 2890 138 50 POLICE
818 2891 92 23 DARK
924 2885 172 34 LANTERNS,

737 2918 123 23 American
870 2926 76 15 ovens.
1023 2920 10 9 ''
1076 2924 3 6 '
1142 2921 13 4 ~
1162 2926 7 13 r
1232 2921 5 7 '

658 2959 6 7 .
978 2945 23 23 J.
1016 2945 33 23 M.
1063 2945 102 28 Taylor,
1169 2958 7 3 -

1117 2970 103 25 TeAro.

664 3018 2 4 .
692 2999 96 23 October
797 2999 35 26 11,
842 2999 62 22 1842.
1046 3002 3 4 '
1063 3019 7 3 .

752 3044 41 21 On
807 3043 71 26 Sale,
892 3049 37 16 ex
965 3043 130 26 Nelson,'*
1109 3044 45 21 &c.
1173 3050 4 4 -

663 3076 165 50 MARINE
842 3076 232 28 BAROMETERS,.
1106 3090 8 13 ,
1125 3076 30 27 /,,
1204 3093 3 3 .

753 3103 142 28 Quadrants,,
898 3106 122 25 sextants,.'
1034 3124 3 11 ,
1195 3121 9 7 »
1228 3126 12 7 ,_

660 3130 10 7 *'
690 3129 159 30 Hydrometers
858 3130 45 22 and
912 3130 182 28 sachraometer«,

689 3156 184 29 Thermometers,
884 3157 62 28 spirit
949 3157 41 31 ley
991 3157 39 28 els,
1030 3180 3 9 f

666 3203 8 3 _
802 3185 152 26 instruments,
966 3184 127 29 telescopes,
1105 3189 3 4 '

667 3236 4 4 ,
689 3215 50 24 Log
746 3212 44 22 and
798 3211 57 23 hour
864 3211 89 28 glasses,
963 3212 93 22 &C..&C
1080 3230 6 6 ,
1197 3229 14 10 „,
1249 3224 3 3 -

875 3258 9 6 -
914 3261 9 4 •-
1002 3246 24 22 Ji
1040 3245 160 28 M.-Tay-lor^,'-
1216 3261 5 3 -
1237 3260 4 2 -

674 3288 147 10 ,-..,,
925 3284 5 6 -
948 3293 5 5 ,
1097 3286 6 4 ■■
1118 3273 34 22 Te
1161 3274 55 21 Aro.

661 3298 98 23 October
767 3300 33 26 11,
811 3299 62 22 1842.
1167 3303 34 28 ;«,

659 3349 55 21 For
724 3348 68 26 Sale,
802 3349 47 21 the
860 3354 82 21 cargo
953 3348 32 22 of
997 3349 45 22 the

664 3384 102 29 QAA
784 3380 82 23 TONS
884 3380 76 23 BEST
979 3380 136 25 CHILIAN.
1129 3380 113 28 FLOUR,

793 3406 61 23 fresh
860 3407 90 31 ground
959 3407 73 24 direct
1041 3407 60 23 from.
1103 3407 138 29 Valparaiso,

768 3436 23 20 at
799 3433 49 24 £20
857 3440 41 21 per
908 3437 50 24 ton,
967 3434 68 23 cash*.

1010 3467 83 23 Waitt
1102 3467 47 24 and
1150 3472 2 7 1
1156 3468 86 23 Tyser.

659 3494 143 27 Wellington,
813 3494 130 23 November
950 3496 23 26 4,-
984 3495 63 22 1842.

657 3546 54 21 For
722 3545 73 25 Sale*
800 3545 47 21 the
864 3550 82 23 cargo
964 3545 33 21 of
1007 3545 45 22 the

652 3568 110 43 fef'-KA
790 3577 80 23 TONS
895 3578 26 22 of
939 3577 42 24 the
1000 3578 51 23 best
1070 3578 60 23 fresh
1131 3582 5 12 ;

776 3603 90 24 Chilian
880 3604 64 28 flour,
959 3612 53 15 now
1026 3605 89 27 landing
1124 3605 62 24 .from
1203 3604 37 22 the

777 3632 110 27 Cheerful,-
898 3631 72 23 direct
983 3632 58 23 from
1059 3631 129 29 Valparaiso
1188 3642 29 5 —
1217 3634 24 19 at

656 3658 47 23 £20
712 3665 40 21 per
762 3660 45 21 ton.
821 3681 3 3 .
1073 3658 5 4 *
1113 3658 33 25 '*•
1171 3673 3 8 ,

969 3685 84 23 Waitt
1066 3692 46 17 and
1124 3685 87 23 Tysek.

684 3713 49 22 Oct.
742 3713 33 25 23,
786 3713 62 21 1842.
943 3718 4 7 '
1038 3712 7 13 -'
1064 3723 16 4 ■•
1092 3711 35 27 '.-■;

831 3758 45 21 Ex
918 3751 146 35 AmwelV^

659 3791 73 33 QfV
741 3790 83 23 TONS
834 3790 57 23 first,
898 3790 61 23 fresh
972 3789 87 29 ground
1074 3789 91 29 Sydney
1175 3788 58 24 flour

653 3812 73 29 OH
726 3822 4 7 1
755 3818 32 22 15'
796 3817 74 22 chests
878 3817 72 28 hyson
960 3820 44 24 tea;

743 3846 40 21 100
797 3843 74 24 chests
878 3847 122 24 green-tea,
1007 3854 3 6 <

704 3876 4 5 *
757 3873 27 20 10
796 3871 56 28 bags
861 3871 76 26 coffee,

714 3897 3 9 1
769 3897 184 28 Sbagspeppeiy
1047 3915 7 11 v

969 3922 85 24 W,ArTt
1067 3922 44 23 ft»d
1124 3923 85 23 Tyibr.

684 3952 97 23 October
788 3951 36 27 25,
833 3952 63 21 1842:
934 3963 4 4 •
1025 3956 3 5 •
1178 3954 2 6 '

1326 717 11 19 ,-
1353 725 4 9 i
1374 731 3 4 .
1399 713 53 22 For
1466 713 69 26 Sale,
1549 719 37 15 eat
1590 715 26 24 ,«!

1287 743 106 50 PALE
1406 736 173 31 INDEjTaLE
1592 745 26 22 in
1631 745 79 29 bottle,
1722 747 85 28 Bryant
1821 748 45 23 and

1356 770 97 28 Davis's,
1522 786 8 5 r
1564 770 3 5 '
1635 776 2 5 '

1289 800 5 3 '
1312 797 69 27 Stout,
1392 797 85 27 Bryant
1485 797 45 22 and
1538 798 97 28 Davis's^
1692 794 79 14 ■<-•-'•

1311 823 61 22 Bass'
1383 824 85 22 Burton
1477 824 42 27 ale,
1531 829 21 19 \<
1614 826 18 13 ->

1310 850 54 25 Pale
1383 851 78 27 sherry
1461 861 11 13 <,
1480 851 44 22 and
1539 851 110 29 Madeira,
1655 859 5 4 •
1670 852 137 26 Rutherford
1822 855 44 23 and

1284 877 92 28 Drary's
1385 877 78 28 brand,
1518 892 9 16 -,
1536 898 2 6 -
1553 891 6 6 U
1560 902 2 4 .
1567 892 6 9 E
1588 894 35 12 --•
1668 885 44 19 '•'''

1310 900 61 31 Very
1380 903 37 22 old
1427 903 109 29 Madeira,
1546 908 57 24 port,
1611 904 45 23 and
1670 906 77 29 sherry
1754 908 26 23 in
1793 908 72 28 wood,

1284 930 134 27 Ruperford
1426 931 45 22 and
1475 930 103 28 'DruryV
1582 932 81 28 brand,

1273 960 15 17 &
1312 957 42 22 Old
1364 964 85 21 cognac
1458 957 204 29 branaWnTaottle,
1675 955 16 16 ;r
1782 967 5 4 -
1808 959 8 6 r

1272 988 17 20 '.f.
1310 983 89 28 Cherry.
1402 984 118 27 brandyiri
1528 992 71 21 cases,

1309 1011 119 27 Sparkling
1436 1011 163 29 champagne;.-,

1309 1035 142 26 Maraschion
1461 1038 44 22 and
1511 1040 81 26 punch,
1597 1046 99 21 essence,

1308 1064 50 23 Eau
1367 1064 31 27 de,
1409 1066 103 26 Cologne',
1525 1071 3 2 '

1277 1099 12 9 •'
1299 1092 22 20 -1
1327 1091 153 24 iCase-Freifcn
1487 1093 60 29 rug's.

1696 1122 4 3 '

1280 1161 7 7 ,
1301 1144 78 25 -Chain
1390 1147 80 26 cables,
1481 1147 86 23 various
1578 1146 62 28 sizes,
1652 1167 8 5 ..

1299 1171 90 24 .Patent
1398 1178 91 24 carpets,
1512 1188 7 5 -
1567 1185 30 17 ,?%

1298 1198 108 30 ■'Glasses,
1478 1203 3 3 '
1594 1197 17 29 ",'
1624 1215 21 16 $„
1658 1220 3 3 •

1464 1249 4 3 .

1310 1252 95 28 Pickles,
1617 1254 118 16 :"'.-.

1309 1278 79 24 Butter
1395 1282 24 20 in
1426 1281 53 27 jars,

1310 1306 54 25 Pine
1375 1307 84 28 cheese,
1474 1308 39 22 &c.
1524 1308 40 23 &c.

1591 1334 85 23 Waitt
1690 1335 46 23 and
1753 1336 85 23 Tyser.

1285 1364 12 10 v
1309 1359 144 29 Wellington,
1465 1360 128 29 September
1602 1360 34 28 30',
1649 1364 61 21 1842.

1310 1405 38 21 To
1360 1406 198 27 Ship-builders
1573 1407 55 21 and
1642 1407 195 26 Ship-owners.

1285 1437 70 50 ON
1370 1438 78 21 SALE
1461 1438 29 27 by
1501 1438 37 22 the
1547 1439 151 27 undersigned
1703 1446 5 15 :
1710 1450 28 4 —

1346 1465 104 21 Anchors
1461 1465 26 21 of
1497 1465 30 22 all
1536 1465 63 27 sizes,

1294 1504 4 3 ■
1310 1490 71 23 Chain
1391 1491 73 22 cables
1474 1491 44 22 and
1532 1492 60 21 short
1605 1492 79 22 linked
1700 1492 82 27 chains,
1793 1492 72 23 tested

1283 1519 30 27 by
1322 1526 13 13 a
1343 1517 134 28 hydrostatic
1486 1519 87 27 engine,
1581 1519 99 22 assorted
1690 1519 56 22 sizes
1755 1520 45 21 and
1809 1527 56 15 war-

1282 1545 84 27 ranted,

1309 1572 107 22 Bitheads
1425 1571 45 22 and
1477 1579 62 20 spare
1549 1571 109 28 shackles,
1677 1578 11 12 >

1282 1617 3 2 .
1309 1597 113 24 Windlass
1430 1600 66 21 metal
1506 1599 25 21 in
1540 1599 109 27 complete
1659 1600 60 26 setts,

1274 1639 14 7 .-
1308 1625 113 22 Mariners
1431 1632 127 21 compasses,
1684 1633 12 13 -t

1282 1659 2 5 1
1309 1652 46 22 Sail
1364 1659 92 15 canvass
1465 1652 45 21 and
1520 1653 71 27 twine,
1622 1661 6 7 v

1310 1679 72 27 Pitch,
1392 1682 40 24 tar,
1444 1680 38 21 &c.
1494 1679 40 22 &c.

1640 1706 91 23 Willis
1741 1713 46 16 and
1797 1707 40 22 Co.

1284 1731 97 23 October
1390 1733 33 26 11,
1434 1729 82 33 18*2^,

1334 1778 54 20 For
1408 1777 60 21 Sale
1491 1778 29 21 at
1541 1777 45 21 the
1601 1777 109 22 Kelson
1729 1778 82 26 Dairy

1557 1806 31 19 at

1459 1830 105 22 Nelson
1576 1830 106 21 Haven.

1285 1867 65 26 CIA
1366 1862 83 25 CQWS
1465 1862 34 22 IN
1515 1862 85 27 CALF,

1280 1884 70 32 tjU
1357 1905 3 4 '
1378 1891 28 21 30
1414 1889 82 22 heifers
1504 1889 24 21 in
1538 1889 50 28 calf,

1305 1913 10 31 |
1378 1917 28 21 50
1414 1923 75 20 young
1498 1916 89 27 heifers,

1290 1953 9 11 .•
1309 1941 12 24 4
1329 1941 117 24 half-bred
1454 1943 101 23 Durham
1567 1942 67 28 bulli,

1290 1987 3 4 .
1309 1967 22 28 Jl
1341 1973 77 24 steers,

1313 1997 3 19 I
1332 1998 15 20 6
1350 1993 109 30 'working,
1463 1995 110 28 bullock's,

1312 2019 11 13 K
1322 2020 28 24 S&
1355 2022 65 22 stock
1426 2021 92 28 liorses,-
1745 2032 5 3 -

1332 2049 44 21 100
1385 2054 64 21 ewes,
1466 2062 7 8 -,

1332 2075 29 21 50
1370 2075 101 28 wethers,

1270 2106 3 11 !
1306 2102 48 23 The
1369 2101 71 23 above
1453 2110 37 14 are
1503 2102 58 23 from
1576 2102 41 22 Dr.
1628 2102 94 27 Imlay's
1739 2102 127 23 celebrated

1270 2128 3 3 '
1280 2129 62 23 stock
1352 2131 24 19 at
1384 2129 99 23 Twofold
1494 2129 56 35 Bay.
1578 2129 48 22 The
1638 2129 67 22 cattle
1720 2137 37 15 are
1767 2129 37 22 the
1816 2129 50 23 best

1281 2156 59 28 bred,
1351 2155 59 23 have
1420 2156 55 22 been
1484 2156 85 22 landed
1577 2157 24 21 in
1614 2155 40 23 the
1663 2156 67 22 finest
1740 2156 70 27 order,
1821 2156 44 22 and

1279 2183 58 22 form
1346 2183 39 23 the
1398 2183 50 22 best
1457 2183 105 23 selection
1569 2183 25 22 of
1601 2190 43 21 any
1651 2183 33 22 lot
1692 2187 39 23 yet
1738 2183 97 28 brought
1844 2186 21 19 to

1280 2210 55 22 New
1345 2210 106 22 Zealand.
1479 2210 46 22 For
1529 2210 137 28 particulars,
1679 2210 65 28 apply
1754 2213 20 19 to

1468 2245 22 22 S.
1505 2245 101 27 Revans,
1621 2244 145 28 Wellington,
1777 2251 25 16 or

1468 2270 29 23 D.
1506 2272 147 26 Drummond,
1665 2271 86 23 Nelson
1760 2271 89 23 Haven.

1306 2297 55 28 July
1372 2298 19 24 7,
1402 2300 61 21 1842.
1473 2293 34 32 *f
1553 2300 5 3 *
1752 2307 8 19 •.

1428 2361 3 5 ,
1453 2343 106 21 Heifers
1573 2343 30 22 in
1619 2343 69 22 Calf.

1281 2375 88 48 FOR
1382 2375 90 26 SALE,-,
1477 2375 69 22 about
1559 2376 28 21 50
1597 2376 101 26 superior
1706 2375 58 22 bred
1774 2375 89 27 heifers,

1338 2406 59 18 most
1413 2402 26 21 of
1449 2402 61 21 them
1524 2402 73 27 heavy
1610 2402 23 21 in
1653 2402 50 26 calf,
1721 2402 45 21 and
1781 2401 84 28 having

1280 2428 56 22 been
1355 2436 61 15 some
1430 2428 54 22 time
1498 2428 24 22 in
1534 2428 39 23 the
1593 2429 93 27 Colony,
1703 2432 40 18 not
1757 2428 68 23 liable
1842 2432 23 19 to

1280 2455 66 22 suffer
1354 2455 61 22 from'
1421 2455 37 22 the
1467 2455 75 22 effects
1551 2456 27 21 of
1588 2455 38 22 the
1642 2456 63 21 Toot.
1734 2455 47 22 The
1795 2455 70 22 above

1281 2482 65 23 cattle
1353 2499 4 4 .
1363 2489 43 15 can
1419 2482 28 22 be
1463 2482 99 28 strongly
1574 2481 181 29 recommended,
1773 2489 24 15 as
1812 2482 53 27 they

1280 2508 58 23 have
1353 2509 58 22 been
1426 2508 96 23 selected
1536 2510 59 21 from
1609 2509 39 22 the
1664 2516 120 15 numerous
1798 2509 67 22 cattle

1280 2535 59 28 ships
1348 2536 73 22 which
1430 2536 56 22 have
1503 2536 87 23 arrived
1602 2536 61 22 here.
1693 2535 75 29 Apply
1782 2538 23 20 to
1818 2536 45 22 Mr.

1281 2562 97 28 Revans,
1391 2564 84 20 Gazette
1485 2562 70 28 office,
1566 2570 25 15 or
1599 2566 23 19 to
1633 2563 46 22 Mr.
1689 2562 85 28 Hulke,
1783 2562 80 23 Evans'

1281 2589 55 27 Bay.

1304 2616 66 27 -Also,
1379 2616 62 23 three
1451 2616 114 23 well-bred
1573 2623 74 15 mares
1653 2616 24 23 in
1686 2616 54 28 foal,
1750 2619 23 20 to
1782 2616 82 28 impor-

1279 2642 38 22 ted
1325 2642 84 23 horses.

1268 2700 4 3 •
1373 2688 91 20 Union
1477 2688 80 20 Bank
1570 2687 32 21 of
1607 2686 160 24 .Australia.

1279 2720 95 22 London
1392 2721 91 27 Office,
1498 2720 45 22 Nol
1557 2719 36 28 33;
1611 2721 57 21 Old'
1679 2721 184 22 Broad-street.

1332 2752 93 28 Capital,
1435 2753 121 27 £800,000;
1576 2752 53 27 paid
1637 2759 38 21 up,
1691 2752 119 28 £500,000.

1505 2789 114 16 DIRECTORS
1624 2790 5 12 :

1371 2809 3 4 '
1383 2813 68 20 George
1458 2812 38 17 Fife
1503 2811 66 21 Angas,
1577 2812 50 20 Esq.,

1384 2834 67 16 Robert
1458 2833 73 19 Biooks,
1540 2832 50 21 Esq.,
1601 2844 5 3 -

1383 2854 61 17 James
1451 2853 48 17 John
1506 2853 100 19 Cummins,
1613 2853 50 20 Esq.,

1382 2876 69 15 Robert
1457 2874 95 19 Gardener,
1562 2874 51 22 Esfl.,
1623 2874 123 20 Manchester,

1382 2896 50 16 John
1439 2895 45 17 Gore
1499 2895 49 20 Esq.,
1609 2896 4 6 '
1638 2893 4 6 '

1382 2916 50 17 John
1437 2916 80 17 William
1522 2915 76 19 Buckle,
1603 2915 50 21 Esq.,

1382 2936 95 22 Benjamin
1484 2937 22 16 E.
1583 2936 49 21 Esq.,

1382 2958 72 17 Charles
1461 2957 76 18 Edward
1543 2956 90 21 Mangles;
1640 2957 49 20 Esq.,

1382 2978 114 21 Christopher
1503 2978 82 19 Rawson,
1593 2977 50 21 Esq.,
1654 2977 82 20 Halifax,

1381 2999 78 17 Thomas
1465 2999 64 19 Sands,
1536 2999 49 20 Esq.,
1592 2997 101 22 Liverpool,

1381 3020 62 17 James
1449 3020 59 21 Bogle.
1512 3019 64 19 Smith,
1581 3019 50 20 Esq.,
1643 3027 4 7 <

1380 3041 62 17 James
1448 3039 142 20 RuddellTodd,
1597 3039 50 21 Esq.'

1279 3068 97 18 Ttuitees:
1392 3068 81 16 George
1484 3067 55 17 Carr
1550 3067 62 19 Glyk,
1624 3067 50 20 Esq.,
1681 3066 55 17 Johm
1748 3067 63 20 Gobi,
1819 3067 43 21 Esq.

1420 3089 37 16 and
1462 3086 90 19 JxuisJ.
1559 3088 102 19 Cxmxixt,
1671 3088 43 20 Esq.

1267 3121 8 12 ■:
1285 3130 5 3 .
1302 3116 83 18 Bankers
1389 3121 5 12 :
1405 3116 75 17 Messrs.
1486 3116 60 19 Gitn,
1558 3114 115 20 Hauxbax,
1681 3114 72 21 Milii,
1759 3115 37 17 and
1803 3109 45 23 Col^
1853 3114 5 3 '

1394 3144 100 20 Secretary:
1505 3143 83 17 Samuel
1593 3142 96 19 Jackson,
1696 3142 45 21 Esq.

1366 3171 80 18 Colonial
1451 3164 102 28 inspector:
1564 3170 18 17 J.
1590 3170 19 17 C.
1616 3170 104 20 M'Ljlrek,
1727 3170 45 21 Esq.

1396 3220 67 21 New
1481 3218 123 21 Zealand
1621 3218 126 20 Branch.-
1776 3225 4 3 -

1268 3252 61 18 -Lotal
1334 3253 103 17 Directors:
1452 3252 47 17 Gio.
1510 3252 17 17 S:
1537 3251 74 19 Evani,
1623 3251 51 20 Esq.,
1685 3251 66 18 D.C.L.
1769 3252 39 17 and
1819 3252 41 17 Gzo

1461 3284 4 4 -
1475 3284 4 6 .
1493 3272 91 20 Hunter,
1595 3272 44 20 Esq.

1273 3299 105 22 Managerr
1381 3299 49 17 John
1437 3298 71 19 Smith,
1515 3298 49 19 Esq.,
1571 3297 37 17 late
1614 3297 23 17 of
1644 3297 32 17 the
1682 3297 118 19 Commercial
1806 3298 54 18 Bank

1440 3318 116 21 ofSEngland,
1567 3317 124 18 Manchester.

1383 3344 115 24 Branches
1505 3347 26 20 at
1542 3344 98 27 Sydney,

1473 3388 18 11 
1507 3392 12 4 
1541 3366 184 33 Ifobarb:Town,.
1748 3392 5 2 .

1435 3418 5 4 .
1462 3417 5 6 ,
1488 3419 10 7 r
1510 3418 2 2 .
1534 3397 159 28 .Launceston,
1705 3398 45 22 and
1761 3418 5 2 .

1454 3425 14 4 •'
1503 3418 10 11 s
1542 3424 56 22 Port
1606 3424 81 29 Philip.

1272 3453 55 23 Port
1334 3452 132 27 Nicholson*
1475 3450 80 24 March
1564 3452 35 26 24,
1610 3448 63 26 llMo.

1273 3505 91 33 rpHE
1379 3506 115 22 Directors
1509 3504 26 24 of
1549 3504 48 23 the-.
1605 3504 58 23 New
1677 3504 102 23 Zealand
1791 3505 67 23 Land

1279 3528 30 28 JL
1347 3533 115 29 Company
1474 3530 85 28 Hereby
1574 3530 52 29 give
1632 3531 100 26 .notice,.
1741 3529 49 25 tßat
1804 3531 53 29 they

1270 3559 58 23 have
1334 3566 113 16 effected
1455 3566 31 15 an
1496 3564 172 16 ARRANGEMENT
1675 3558 54 22 with
1736 3558 37 22 the
1780 3558 76 24 Union

1270 3585 65 23 Bank
1349 3587 27 21 of
1390 3585 113 23 Australia
1501 3589 4 5 1
1503 3582 16 29 /
1525 3583 51 23 No.'
1586 3585 34 26 38;
1636 3584 44 22 Old
1696 3582 158 31 Broad-stree'i,

1270 3613 104 26 London,-
1382 3611 86 24 forthV
1475 3610 169 23 establishment
1657 3611 25 22 of
1695 3616 17 16 a
1725 3611 131 24 BRANCH

1268 3639 91 23 BANK
1371 3638 43 24 IN'
1421 3638 72 24 NOT
1505 3637 160 28 ZEALAND,
1677 3637 178 28 throughwbich

1268 3661 39 27 tie
1315 3666 103 23 business
1428 3665 26 22 of
1466 3664 47 28 the;
1520 3664 58 22 New
1593 3664 101 22 Zealand
1706 3664 67 23 Land
1788 3666 66 24 Com-

1267 3700 61 21 pany
1336 3693 47 23 will
1390 3693 29 22 be
1426 3690 134 24 transacted.
1587 3690 49 22 The
1651 3688 115 26 Directors
1780 3691 74 25 there-

1261 3714 54 28 iore
1324 3718 175 24 recdinmerid'fb
1515 3716 111 28 Cj6loriists
1641 3717 39 22 the
1696 3718 77 22 Union
1788 3719 66 24 Bank

1267 3747 27 22 of
1311 3745 115 24 Australia
1442 3752 24 15 as
1484 3751 29 15 an
1537 3743 171 23 establishment
1713 3761 7 6 ,
1727 3747 127 28 possessing

1261 3773 64 23 'their
1340 3773 71 23 entire
1432 3771 137 27 confidence,
1587 3770 50 22 and
1651 3770 52 24 able
1721 3774 23 20 to
1760 3773 93 27 provide

1266 3799 135 29 effectually,
1407 3799 36 23 for
1454 3798 40 23 the
1507 3797 107 23 financial
1627 3801 73 19 Wants
1715 3799 27 21 of
1751 3802 43 20 the*
1806 3801 47 23 first

1266 3826 136 24 settlement.

1432 3852 35 27 By
1476 3851 65 23 order
1550 3851 28 22 of
1586 3850 39 24 the
1634 3851 81 28 Boardi
1745 3851 4 8 J

1508 3884 85 23 JOHN
1606 3884 108 28 WARD;
1728 3886 123 30 Secretary.

1266 3914 57 23 New
1331 3912 102 24 Zealand
1440 3911 68 24 Land
1513 3912 137 28 Company's
1659 3912 78 28 Office,

1293 3947 21 26 1,
1325 3945 159 27 AdanHrtmt,
1494 3942 105 29 Adelpbi,
1608 3943 55 23 27tt
1671 3943 61 27 Aug.
1747 3945 64 23 1889.

2065 720 76 24 Villa
2154 724 157 24 Residence.
2363 743 6 4 ,
2391 730 2 9 '
2435 739 11 4 ~
2481 729 4 9 '

1900 751 78 48 TO.
1981 750 39 23 BE
2034 751 87 28 SOLD,
2136 754 63 22 with-
2205 755 125 25 immediate
2348 760 130 31 possession,

1973 784 14 15 a
1995 779 87 26 genteel
2092 779 63 23 Villa
2169 781 131 29 Readence,
2312 785 53 23 with
2381 787 89 23 Garden

1899 804 149 24 smtaoleto.a
2057 805 64 23 small
2130 807 86 29 family.
2328 829 7 4 .
2412 817 8 5 -
2472 804 7 12 '

1902 854 3 2 .
1927 830 132 23 Commands
2072 838 15 16 a
2100 833 47 23 fine
2157 835 56 22 view
2223 835 27 23 of
2258 836 39 23 the
2314 837 110 29 Harbour,
2435 841 46 22 and

1899 858 77 21 within
1983 858 61 22 three
2054 859 97 23 minutes
2157 861 57 23 walk
2224 862 25 22 of
2255 863 38 22 the
2303 864 178 26 Custom-house.

1925 885 44 21 For
1977 885 136 28 particulars,
2124 887 69 31 apply
2202 892 23 18 to
2230 893 4 8 !
2232 901 5 4 -
2322 889 4 5 '
2382 893 102 15 -■'.-•

1926 936 21 11 XT
1987 930 5 3 ■
2013 920 13 27 i
2060 939 27 8 «„
2228 915 28 22 W
2258 932 5 6 *
2278 917 175 26 FITZHBRBERT.
2484 918 2 9 '

1925 936 128 24 November
2060 939 34 26 29;
2106 939 62 23 1842.

1899 974 66 37 rpo
1985 974 38 23 BE
2038 975 87 29 SOLD,
2147 978 36 22 the
2202 979 101 23 valuable
2326 982 71 23 Lease
2420 984 28 22 of
2466 991 14 16 a

1898 1026 5 5 •
1943 1026 28 12 -nr
1971 1002 19 20 B
1988 1028 14 10 v
2001 1002 34 22 lck
2046 1003 24 21 S*
2072 1010 12 14 0
2171 1005 111 29 Dwelling
2291 1007 87 30 House;
2384 1010 97 23 situated

1896 1033 24 15 m
1945 1030 160 27 Wilhs-street,-
2120 1030 91 29 already
2220 1040 3 5 ■
2233 1032 68 28 dbing
2318 1042 29 14 an
2370 1037 112 22 excellent

1897 1055 104 21 busmess.
2021 1055 66 23 Term
2097 1058 28 20 14
2139 1064 77 21 years,-
2221 1058 53 24 held
2282 1063 25 19 at
2315 1068 13 15 a
2336 1063 88 26 ground
2432 1068 50 19 rent

1897 1080 27 21 of
1929 1081 33 22 £8
1971 1088 40 20 per
2019 1089 60 19 year.
2201 1090 4 4 -

1923 1103 76 32 Apply
2004 1109 22 20 to
2035 1109 34 22 W.
2080 1108 94 30 Waring
2183 1111 89 29 Taylor,
2279 1120 29 15 on
2318 1113 38 23 the
2366 1117 106 26 premises

1897 1138 145 30 Wellington,
2052 1141 132 25 November
2192 1146 34 25 29,
2237 1146 60 22 1842.
2325 1145 3 4 '
2416 1144 4 5 '

1996 1186 39 20 To
2055 1187 172 27 Proprietors
2241 1190 31 22 of
2282 1192 93 22 Stock.

1896 1218 51 49 A
1970 1218 199 26 GENTLEMAN
2188 1222 48 23 who
2254 1223 47 24 has.
2314 1225 60 24 been
2392 1228 87 23 several

1973 1252 63 21 years
2042 1252 25 16 m
2077 1247 82 28 charge
2169 1249 26 22 of
2205 1250 64 23 sto6k
2277 1251 24 22 in
2312 1252 111 28 England:
2435 1256 46 22 and

1896 1273 48 20 who
1959 1273 41 21 has
2007 1273 59 22 been
2084 1281 64 15 more
2153 1277 3 5 1
2162 1275 60 23 .than
2228 1278 91 23 'twelve
2337 1281 98 22 months'
2455 1282 26 23 in

1896 1300 80 26 charge
1986 1300 26 21 of
2028 1307 42 15 one
2087 1300 27 22 of
2131 1301 38 23 the
2186 1303 89 28 largest,
2286 1305 83 23 dairies
2382 1307 24 23 in
2427 1308 54 23 Port

1895 1327 129 26 Nicholson,
2034 1327 41 21 has
2085 1327 140 25 determined
2234 1333 22 19 to
2267 1332 104 23 establish
2384 1341 14 14 a
2412 1334 69 26 sheep

1895 1352 43 21 and
1948 1353 65 21 cattle
2023 1353 89 27 station,
2122 1355 101 23 between
2234 1357 93 24 Porirua
2332 1359 46 22 and
2383 1360 98 28 Wanga-

1896 1379 45 26 nui,
1963 1379 52 22 with
2028 1379 38 22 the
2081 1381 114 23 intention
2212 1383 26 22 of
2253 1385 78 27 taking
2348 1386 68 28 sheep
2434 1389 46 22 and

1896 1407 66 20 cattle
1971 1413 30 15 on
2010 1407 81 27 shares,
2103 1414 26 15 or
2133 1407 125 30 otherwise,
2270 1413 118 27 asmaybe
2397 1416 83 24 agreed

1894 1439 67 19 up«n.
1989 1432 47 23 The
2051 1440 50 16 new
2110 1434 75 24 North
2194 1436 72 28 Road,
2276 1445 52 16 now
2336 1446 25 15 in
2370 1447 109 19 progress,

1896 1459 45 21 will
1949 1466 51 20 give
2009 1459 38 23 the
2058 1463 58 19 most
2123 1463 88 26 perfect
2219 1464 85 28 facility
2321 1466 26 21 of
2358 1469 123 22 communi-

1895 1488 74 24 cating
1978 1487 30 26 by
2016 1487 55 21 land
2080 1487 54 22 with
2144 1488 38 23 the
2195 1491 95 28 grazing,
2299 1492 97 23 districts
2409 1494 24 23 in
2443 1496 38 22 the

1895 1513 71 21 above
1987 1513 113 22 indicated
2114 1515 122 24 /direction.
2282 1518 47 23 For
2350 1521 131 25 particulars

1895 1539 67 28 apply
1968 1543 22 18 to
2000 1539 37 23 the
2049 1541 87 21 Gazette
2146 1542 72 24 office.

1922 1571 127 23 November
2058 1574 33 26 25,
2103 1574 63 22 1842.
2197 1593 5 4 .

1995 1616 105 29 SEEAR,
2117 1619 139 23 Carpenter
2269 1621 45 23 and
2327 1623 154 29 BciLDER,re-

1911 1647 36 19 TT
1966 1654 11 11 •
2007 1645 119 28 spectfully
2134 1653 129 17 announces
2269 1651 22 18 to
2298 1648 37 23 the
2343 1649 137 26 inhabitants

1896 1670 26 21 of
1938 1670 54 23 Port
2007 1670 130 30 Nicholson,
2156 1673 48 22 that
2218 1674 27 22 he
2255 1673 41 24 has
2445 1679 34 23 his

1896 1704 49 15 new
1963 1697 131 29 workshops,
2105 1699 47 23 and
2162 1699 20 22 is
2199 1707 48 15 now
2265 1703 70 27 ready
2350 1706 23 19 to
2387 1705 54 26 give
2454 1706 24 22 in

1896 1724 98 22 Tenders
2003 1725 34 21 for
2047 1725 37 22 the
2094 1727 100 21 erection
2203 1727 25 22 of
2233 1727 124 30 Buildings.

1922 1757 191 28 Manners-street,
2124 1759 33 21 Te
2166 1759 53 27 Aro,
2230 1760 60 23 Nov.
2300 1763 21 20 9.

1896 1801 64 27 Ship
1974 1802 83 21 Hotel
2070 1803 22 20 &
2106 1803 115 27 Tavern,
2235 1806 131 21 Manners
2380 1807 97 27 Street,

1913 1831 21 13 %a
2043 1835 42 23 BY
2099 1835 88 24 JOHN
2200 1837 129 29 FULLER,

1897 1868 79 20 WINES,
1989 1869 93 21 SPIRITS,
2093 1870 49 15 AND
2151 1871 62 15 MALT
2222 1872 97 17 LIQUORS
2329 1873 28 16 OF
2367 1874 112 16 SUPERIOR

2133 1898 106 15 QUALITY.

1948 1924 6 12 f
1969 1915 155 23 Commodious
2133 1924 76 16 rooms
2218 1918 51 22 with
2277 1919 59 27 good
2344 1919 62 24 beds.

1924 1947 91 21 Dinners
2032 1949 37 25 got
2089 1949 66 27 ready
2174 1955 26 16 on
2219 1951 35 20 the
2265 1952 92 21 shortest
2376 1954 83 24 notice.,

1975 1981 31 15 AN
2016 1981 120 16 ORDINARY
2146 1983 70 16 DAILY
2225 1985 29 14 AT
2263 1979 14 20 2
2294 1979 102 23 O'CLOCK.

2001 2021 3 9 '
2086 2021 28 19 J.
2128 2020 44 24 &&
2181 2021 110 26 Taylor,

1885 2058 6 9 '
1910 2051 150 23 LICENSED
2084 2053 240 26 CUSTOM-HOUSE
2347 2058 115 30 AGENT,

2141 2087 29 16 TE
2183 2088 60 15 ARO.
2268 2091 2 5 '
2279 2095 5 3 -
2411 2093 2 3 ■

2029 2131 88 20 Town
2126 2131 40 21 >bf
2177 2129 165 26 Wfanewatu.

1896 2163 91 36 rpHE
2008 2162 214 26 PROPRIETORS
2246 2166 25 22 of
2295 2167 38 23 the
2354 2169 61 23 three
2420 2171 56 23 -first

1903 2189 29 24 X
1983 2190 87 22 choices
2084 2194 24 19 at
2116 2192 40 22 the
2173 2192 43 22 last
2228 2193 107 23 selection
2345 2195 26 22 of
2383 2201 94 25 country

1894 2216 70 27 lands,
1978 2216 82 28 having
2079 2217 139 24 determined
2228 2227 63 19 upon
2307 2221 38 22 the
2361 2223 40 22 site
2415 2224 35 22 for
2463 2232 14 14 a

1909 2243 149 25 TOWN.ON
2073 2244 67 23 THE
2154 2246 187 24 MANEWATU
2355 2249 99 25 RIVER

1895 2271 57 22 after
1955 2272 77 20 several
2040 2272 59 20 visits
2108 2272 70 22 to.the
2186 2273 184 30 neighbouroood,
2381 2277 94 24 andthe

1894 2300 58 19 most
1969 2298 85 22 careful
2072 2298 45 23 and
2135 2299 84 23 minute
2237 2302 150 22 examination
2401 2304 27 22 of
2441 2305 36 23 the

1896 2329 70 18 entire
1981 2326 91 26 district,
2086 2326 69 21 aided
2169 2326 31 28 by
2208 2327 36 21 the
2260 2329 145 27 professional
2418 2331 56 28 skill,

1895 2351 134 28 knowledge,
2049 2352 44 22 and
2107 2354 130 27 experience
2253 2355 26 21 of
2289 2355 37 22 the
2343 2361 59 18 most
2416 2365 60 16 com-

1895 2381 75 24 petent
1978 2378 85 28 judges,
2079 2386 95 21 propose
2188 2383 23 18 to
2227 2381 54 22 offer
2291 2381 33 23 for
2341 2383 102 30 disposal,
2453 2389 24 19 at

2041 2406 37 21 the
2091 2409 90 23 present
2191 2407 58 27 time,
2261 2408 67 22 about

1893 2431 218 26 .TWENTY-FIVE
2145 2433 97 23 ACRES
2288 2435 37 23 IN
2361 2437 115 24 ALLOT-

1896 2458 110 28 MENTS,
2021 2459 91 24 EACH,
2128 2460 40 22 OF
2192 2460 63 23 ONE
2275 2461 148 26 QUARTER
2437 2466 38 22 OF

2109 2486 46 22 AN
2170 2487 88 23 ACRE.

1920 2512 47 23 The
1976 2515 48 26 spot
2033 2512 50 23 thus
2092 2513 98 23 selected
2201 2522 109 20 possesses
2319 2515 37 23 the
2366 2521 58 19 most
2439 2526 38 16 ex-

1893 2540 85 22 tensive
1991 2540 100 28 frontage
2106 2542 23 19 to
2147 2540 55 28 deep
2214 2545 67 19 water
2296 2543 26 21 of
2333 2550 43 21 any
2392 2552 28 16 on
2438 2546 38 22 the

1893 2566 64 23 river.
1986 2567 21 21 It
2023 2566 20 22 is
2062 2567 98 22 situated
2176 2568 44 22 iust
2232 2570 23 20 at
2270 2569 49 22 that
2338 2571 63 26 point
2418 2572 58 23 from

1955 2592 72 23 which
2035 2600 14 15 a
2058 2593 58 22 road
2124 2594 72 22 would
2205 2595 84 23 branch
2300 2596 33 22 off
2339 2601 22 18 to
2370 2597 39 23 the

1894 2627 93 15 WOODED
2009 2627 46 14 AND
2075 2627 101 15 FERTILE
2194 2628 117 17 DISTRICTS
2331 2631 76 16 ALONG
2431 2633 44 15 THE

2061 2653 56 16 BASE
2132 2655 28 13 OF
2174 2655 44 15 THE
2232 2656 75 21 HILLS,
2421 2657 13 15 J

1894 2672 44 23 and
1949 2672 69 23 above
2028 2672 73 23 which
2111 2673 37 22 the
2162 2675 127 27 navigation
2302 2676 36 22 for
2346 2678 83 23 vessels
2437 2679 39 23 be-

1894 2707 74 14 comes
1977 2700 85 25 tedious,
2071 2701 24 25 if
2100 2702 38 19 not
2146 2701 94 27 difficult.
2268 2703 25 21 It
2296 2703 21 22 is
2322 2703 110 25 therefore
2437 2706 38 22 the

2089 2728 64 26 point
2161 2728 71 22 where
2242 2729 38 22 the

1894 2759 87 23 LAND
1995 2760 73 25 AND,
2078 2761 114 24 WATER
2206 2759 161 28 CARRIAGE
2381 2766 93 24 MEET,

1894 2787 44 21 and
1947 2787 72 21 where
2028 2794 14 15 a
2050 2787 71 23 Town
2121 2789 7 5 s
2138 2796 59 15 must
2212 2797 27 14 be
2255 2797 90 16 formed
2361 2792 66 23 when
2437 2794 38 22 the

1894 2813 84 23 district
1991 2813 20 22 is
2020 2814 87 22 settled.
2137 2815 23 21 It
2168 2822 44 16 was
2220 2816 97 23 selected
2333 2818 30 28 by
2372 2819 39 22 the
2423 2820 52 22 Sur-

1893 2841 83 26 veying
1983 2841 58 22 Staff
2051 2848 24 15 as
2086 2841 38 22 the
2133 2842 136 23 rendezvous
2277 2843 37 23 for
2327 2844 58 23 their
2394 2846 65 29 -body
2466 2855 7 19 ;

1894 2868 43 21 and
1946 2867 39 22 has
1994 2868 57 21 been
2060 2874 52 16 now
2124 2869 77 27 found,
2211 2870 57 22 after
2277 2871 86 22 several
2378 2872 96 23 months'

1892 2893 102 28 location,
2006 2897 22 19 to
2041 2895 28 21 be
2078 2895 39 22 the
2126 2898 58 19 most
2197 2896 164 28 advantageous
2369 2899 105 29 position,

1893 2921 57 21 from
1964 2921 28 21 its
2006 2921 98 26 peculiar
2124 2921 85 28 facility
2218 2923 31 21 -of
2259 2924 112 26 approach
2380 2925 54 22 both
2443 2926 31 28 by

1893 2947 52 23 land
1954 2947 45 22 and
2007 2950 74 20 water.

1920 2975 28 21 In
1958 2973 157 23 confirmation-
2120 2973 27 23 of
2151 2973 38 23 the
2199 2975 130 29 superiority
2338 2977 26 22 of
2371 2977 44 22 this
2423 2982 51 24 spot

1892 3008 53 15 over
1953 3007 44 21 any
2006 3000 62 22 other
2075 3000 44 28 yef
2123 3001 88 27 known;
2222 2999 50 26 the'
2272 2999 89 26 Messrs.
2369 3004 103 29 Keobell,

1893 3027 56 22 after
1965 3027 41 21 the*
2021 3027 152 23 examination
2188 3027 26 23 of
2278 3030 65 22 'river
2358 3030 58 23 from
2430 3032 42 23 the

1893 3052 88 24 Paneiri
1988 3053 48 23 Pah
2044 3056 23 19 to
2077 3054 30 22 its
2115 3054 86 28 mouth,
2211 3055 144 24 determined'
2362 3065 30 15 on
2402 3060 70 21 erect-

2060 3095 10 13 ,,
2127 3081 40 27 ing
2178 3082 57 21 their

1892 3113 67 22 SAW
1971 3112 80 23 MILL
2070 3112 230 26 IMMEDIATELY
2314 3116 158 26 OPPOSITE.

1891 3140 48 22 The
1954 3139 72 23 works
2042 3139 26 22 of
2082 3140 52 22 that
2150 3140 169 26 establishment
2335 3150 37 17 are
2390 3149 25 19 at
2429 3146 43 23 this

1891 3170 99 19 moment
2006 3166 24 22 in
2044 3166 65 28 rapid
2123 3174 106 22 progress,
2246 3170 45 21 and
2308 3170 39 23 the
2364 3173 107 27 proposed

1891 3194 68 22 Town
1967 3192 46 23 will
2020 3191 135 30 necessarily
2160 3191 90 28 partake
2255 3196 27 22 of
2287 3196 44 23 this
2340 3197 130 30 advantage.

1917 3220 49 23 The
1983 3220 101 22 nucleus-
2089 3221 28 22 of
2131 3228 14 15 a
2160 3222 70 22 Town
2244 3223 26 27 isj
2280 3223 25 23 in
2317 3224 52 27 fact,
2381 3225 91 28 already

1891 3246 95 27 created,
1994 3246 31 28 by
2034 3246 38 23 the
2081 3249 165 22 concentration
2261 3250 27 22 of
2300 3249 43 23 the'
2348 3251 123 29 Surveying

1891 3274 57 22 Staff
1954 3281 29 15 on
1992 3272 49 23 that
2049 3276 57 25 spot;
2116 3281 30 15 a»
2150 3275 38 22 the
2197 3279 74 20 centre
2286 3276 184 24 bf'communica-

1890 3301 47 22 tion
1945 3303 24 19 to
1978 3300 38 22 the
2025 3300 149 29 surrounding
2183 3301 96 29 district;
2294 3304 143 22 theefectioh
2446 3305 28 23 of

1890 3328 90 21 Messrs.
1990 3326 117 23 Kebbell's
2121 3328 50 23 Saw
2187 3329 61 22 Mills
2265 3330 94 27 opposite
2366 3338 7 19 ;
2380 3348 2 5 ,
2389 3331 30 27 by
2430 3331 38 23 the

1889 3356 164 24 arrangements
2064 3354 37 22 for
2115 3361 30 16 an
2149 3366 5 5 -
2284 3356 96 22 General
2392 3357 76 28 Store;

1890 3381 49 22 and.
1942 3381 31 27 by
1980 3380 37 23 the
2025 3380 187 34 late^application
2217 3383 34 21 for
2258 3389 14 15 a
2277 3382 109 22 Licensed
2391 3384 77 23 House

1889 3415 28 14 on
1926 3406 37 23 die
1969 3410 52 29 part
2029 3407 28 22 of.
2065 3413 31 16 an
2105 3408 122 23 individual
2241 3408 48 23 who
2302 3408 47 28 has,
2359 3410 63 22 since
2430 3411 38 23 the

1878 3453 3 4 .
1889 3434 124 28 formation,
2022 3433 25 23 of
2061 3434 39 23 the
2117 3435 89 27 Colony,
2220 3435 96 27 pursued
2331 3442 21 15 a>
2361 3436 108 25 lucrative

1889 3461 61 22 trade
1961 3458 52 25 with
2021 3460 39 23 the
2068 3461 95 28 natives;
2173 3461 44 22 and
2227 3461 72 23 whose
2308 3462 131 29 knowledge
2446 3465 26 21 of

1888 3488 38 23 the
1936 3487 134 28 advantages
2079 3488 27 22 of
2112 3489 39 22 the
2159 3487 99 29 position,
2264 3489 118 27 prompted
2390 3490 47 23 him
2446 3494 24 19 at

1888 3521 57 16 once
1954 3518 22 19 to
1983 3516 74 25 prefer
2065 3514 52 24 that
2128 3514 147 28 application.-
2284 3535 3 3 .
2295 3533 45 9 ..,.„,

1903 3562 3 4 ,
1914 3541 48 23 The
1971 3541 92 23 Natives
2077 3542 31 27 by
2117 3542 71 21 whom
2203 3540 43 23 this
2254 3541 55 23 land
2320 3547 44 17 wad
2373 3543 95 23 claimed

1887 3575 37 15 are
1932 3568 62 28 .quite
2002 3568 110 28 prepared
2121 3571 21 18 to
2150 3567 222 30 giveupjrossession,
2379 3570 46 22 and
2429 3578 38 16 are

1886 3592 148 35 exceedingly,
2039 3595 101 23 anxious;
2145 3597 22 18 to
2181 3591 57 25 have
2246 3602 15 15 a
2270 3594 118 30 European
2397 3605 70 19 popu-

1889 3621 65 23 lation
1963 3629 81 20 among
2053 3622 68 25 them,
2131 3620 82 28 having
2229 3620 57 23 been
2293 3629 61 21 upon
2363 3623 39 22 the
2410 3627 58 19 most

1885 3648 95 30 friendly
1985 3648 87 28 footing
2081 3646 53 23 with
2142 3646 38 23 the
2190 3648 193 28 SurveyingStafF
2387 3650 81 28 during

1884 3675 38 23 the
1930 3675 50 23 four
1988 3682 25 15 or
2021 3676 42 21 five
2073 3672 89 24 months
2169 3673 54 28 they
2242 3673 58 24 have
2314 3675 57 23 been
2381 3675 89 25 located

1883 3702 70 23 there.
2180 3716 2 8 >

1910 3730 34 21 As
1953 3728 37 24 the
1997 3726 136 30 Proprietors
2142 3733 93 21 purpose
2242 3730 25 19 to
2275 3726 87 30 dispose
2371 3730 28 22 of
2404 3730 40 22 but
2452 3738 15 16 a

1882 3756 85 22 limited
1981 3754 86 29 portion
2084 3753 27 22 of
2122 3752 38 23 the
2173 3753 69 23 Town
2258 3758 24 18 at
2298 3759 96 25 present,
2399 3769 10 9 *
2414 3758 54 27 they

1882 3782 79 29 pledge
1969 3780 134 25 themselves'
2108 3779 56 28 that,
2174 3783 24 19 at
2205 3787 30 16 no
2253 3780 74 25 future
2335 3782 73 29 sales>.
2410 3784 57 24 shall

1883 3810 40 21 the
1932 3803 124 29 allotments
2063 3806 30 23 bfe
2102 3808 76 26 putup
2187 3810 24 19 at
2218 3814 15 16 a
2241 3804 46 27 /ess
2296 3816 50 15 gum
2354 3810 57 23 than
2418 3818 50 17 now

1884 3835 88 24 offered.
2067 3853 3 6 ,
2168 3852 10 4 
2214 3851 4 4 .
2265 3850 3 5 .
2277 3837 5 6 '
2319 3847 6 3 -

1908 3864 24 23 A
1950 3862 129 26 Prospectus
2099 3859 46 23 and
2163 3860 55 23 Plan
2238 3861 26 22 of
2279 3861 37 23 the
2333 3863 70 23 Town
2422 3865 46 24 will

1883 3890 84 26 shortly
1974 3888 28 22 be
2011 3886 68 28 ready
2087 3886 37 23 for
2131 3886 124 29 insp««tioja
2269 3891 23 20 at
2305 3888 42 24 the!
2354 3890 82 25 Officw
2445 3898 26 18 or

1884 3917 88 22 Messrs.
1983 3913 68 22 Wait*
2060 3912 47 24 and
2115 3913 76 29 Tyaer,
2201 3914 32 22 Te
2241 3916 55 23 Aro,

1910 3942 144 26 Wellington,
2065 3940 68 28 April
2141 3940 33 28 V>\
2185 3939 65 24 1642.'
