2529 4020
1922 883 52 24 The
1995 884 117 31 following
2134 885 20 22 is
2178 893 29 15 an
2236 889 88 19 extract
2348 886 57 23 from
2434 886 38 24 the

1889 915 91 33 leading
1995 917 79 24 article
2094 917 37 24 of-
2136 917 38 24 the
2192 917 126 24 Examiner
2335 919 25 22 of
2375 919 41 23 the'
2430 919 42 24 sth

1890 948 137 31 Nqvember,
2047 950 107 31 dwelling
2173 959 62 22 upon
2250 951 39 23 the
2307 952 165 24 Mis-Govern-

1889 987 62 19 ment
1954 999 6 10 4
1962 983 28 24 o£
1994 983 59 24 New
2064 983 105 25 Zealand
2177 992 6 15 :
2184 997 35 4 —

1914 1019 100 27 Already
2023 1020 38 22 the
2072 1020 68 22 views
2150 1021 138 22 entertained
2301 1021 30 28 by
2340 1021 38 22 the
2388 1021 85 23 settlers

1887 1046 24 22 in
1920 1046 57 22 New
1992 1046 102 22 Zealand
2103 1050 57 30 as^tp
2176 1047 94 23 colonial
2279 1052 194 23 governmentare

1889 1073 70 27 vastly
1969 1073 85 22 altered
2061 1073 136 23 ?fronrwhat
2212 1073 119 29 tliey'were
2341 1082 28 14 on
2385 1075 88 28 leaving

1889 1100 110 26 England.
2035 1100 113 22 Accounts
2169 1101 26 21 of
2211 1101 96 22 colonial
2324 1101 149 28 mis-govern-

1888 1130 79 22 ments,
1978 1127 54 21 read
2047 1127 26 21 of
2087 1135 54 14 once
2159 1127 25 22 in
2196 1128 111 28 seditious,
2312 1129 107 26 columns,'
2430 1129 43 21 and

1887 1150 145 30 lookedupon
2037 1160 24 15 as
2067 1154 139 22 malcontent
2211 1151 98 30 fictionsf
2312 1162 36 14 are
2352 1155 121 28 beginning

1887 1181 23 19 to
1919 1187 83 19 appear
2011 1187 54 20 very
2075 1180 46 22 like
2130 1181 104 21 realities.
2261 1181 73 21 Those
2346 1182 127 27 grumbling

1889 1206 94 21 colonies
1993 1206 49 21 that
2049 1207 57 21 used
2115 1209 23 19 to
2148 1207 52 27 give
2209 1214 24 25 s^o
2242 1207 68 22 much
2316 1208 85 22 trouble
2413 1216 59 21 may,

1889 1232 60 22 after,
1953 1232 36 26 all,
1999 1232 60 22 have
2069 1233 45 21 had
2124 1240 61 14 some
2196 1240 74 16 cause.

1920 1267 25 24 A
1967 1275 54 23 very
2043 1267 62 24 brief
2131 1268 116 24 residence
2270 1270 24 23 in
2317 1277 45 24 any
2383 1270 90 24 British

1890 1301 94 31 Colony,
2004 1301 118 31 generally
2139 1306 86 19 creates
2245 1302 46 24 this
2308 1303 70 24 belief
2392 1305 24 22 in
2434 1305 39 24 the

1888 1334 74 23 minds
1985 1334 25 23 of
2027 1334 138 24 reasonable'
2176 1336 89 31 people.
2301 1336 51 23 Our
2370 1341 102 20 contem-

1889 1375 82 24 porary
1981 1366 42 24 has
2033 1367 60 32 hope
2104 1368 50 24 that
2166 1368 98 24 colonies
2279 1369 47 24 will
2336 1374 41 19 not
2388 1370 84 31 always

1889 1401 26 22 be
1938 1401 102 23 treated-^
2046 1401 105 31 unjustly
2152 1414 33 4 —
2185 1409 26 16 so
2224 1402 99 24 .should-,
2338 1411 40 21 we,
2398 1404 21 23 if
2434 1404 38 24 the

2058 1434 40 24 the
2113 1435 103 23 Colonial
2232 1435 75 24 Office
2317 1436 66 24 could
2394 1437 28 23 be
2434 1442 39 26 got

1889 1467 34 23 rid
1935 1467 31 24 of.
2001 1467 55 30 But,
2068 1468 80 31 seeing
2160 1475 29 16 no
2207 1468 108 32 probable
2332 1474 105 27 prospect
2449 1471 24 23 of

1890 1500 56 24 such
1964 1508 14 16 a
1988 1500 92 30 reform,
2100 1508 34 16 we
2148 1501 87 23 believe
2252 1503 50 23 that
2319 1503 95 23 colonial
2431 1512 42 22 go-

1889 1538 118 19 vernment
2017 1534 45 23 and
2075 1534 43 23 Dad
2134 1540 148 25 government
2299 1540 62 19 must
2372 1544 53 16 ever
2444 1538 28 23 be

1889 1567 106 23 identical
2006 1571 81 21 terms.

1913 1600 45 23 •To
1971 1601 37 22 the
2154 1601 26 24 of
2195 1601 132 32 production
2347 1604 20 23 is
2379 1603 37 24 the
2428 1611 44 16 un-

1891 1634 90 30 ceasing
1992 1634 145 24 exhortation
2145 1635 26 23 of
2180 1635 38 23 the
2230 1634 126 25 Examiner
2357 1649 33 5 —

1915 1672 52 28 Buy
1982 1672 45 22 and
2042 1672 47 28 sell,
2107 1673 36 22 the
2159 1674 137 22 inhabitants
2312 1675 26 21 of
2349 1675 42 21 this
2404 1675 71 22 world

1890 1703 63 23 must,
1965 1698 74 23 where
2048 1700 76 22 barter
2139 1700 41 22 has
2195 1701 91 27 happily
2295 1701 79 22 ceased
2380 1710 7 18 ;
2401 1703 42 21 but
2453 1707 21 17 to

1890 1726 51 28 buy,
1952 1726 19 21 it
1984 1726 20 22 is
2015 1734 50 14 now
2079 1734 25 15 as
2114 1728 104 21 essential
2234 1731 25 23 to,
2266 1728 46 27 sell,
2329 1736 23 14 as
2367 1729 18 21 it
2399 1736 44 14 was
2453 1729 22 21 in

1891 1753 36 22 the
1938 1752 54 28 days
2002 1753 26 22 of
2035 1754 75 22 barter
2119 1757 22 19 to
2152 1754 50 28 give
2212 1762 18 20 a,
2234 1755 93 21 blanket
2339 1755 35 22 for
2384 1763 13 14 a
2404 1759 39 18 ton
2453 1756 24 22 of

1889 1783 106 24 potatoes.
2025 1780 26 24 If
2063 1780 45 22 this
2124 1781 99 23 doctrine
2239 1782 39 21 has
2293 1782 56 21 been
2364 1782 112 27 preached

1891 1806 52 22 with
1953 1806 42 22 less
2003 1806 64 23 effect
2073 1808 59 25 .than
2140 1808 73 27 might
2221 1808 58 22 have
2288 1808 57 22 been
2355 1809 86 22 desired
2452 1813 22 18 to

1891 1834 77 21 earlier
1976 1834 94 28 settlers,
2075 1835 47 21 itis
2132 1835 137 27 consolatory
2274 1839 20 17 to
2302 1835 48 22 find
2360 1835 48 23 that
2414 1844 60 14 more

1891 1860 98 27 recently
2006 1861 90 22 arrived
2112 1862 120 27 capitalists
2247 1869 36 15 are
2296 1863 130 27 practically
2434 1863 42 22 im-

1891 1888 87 27 pressed
1987 1887 54 22 with
2049 1888 19 22 it
2078 1889 94 21 without
2181 1889 58 21 need
2249 1889 26 21 of
2282 1889 128 28 preaching.
2428 1890 47 22 The

1890 1921 135 21 passengers,
2042 1915 56 22 both
2114 1915 25 22 of
2151 1915 38 22 the
2211 1917 88 20 Thomas
2312 1918 105 20 Harrison
2431 1917 45 22 and

1890 1938 37 25 the
1936 1942 107 27 Olympus,
2054 1942 87 27 intend,
2153 1950 32 14 we
2195 1943 86 21 believe
2290 1943 92 23 without
2397 1951 78 20 excep-

1890 1968 52 28 tion,
1954 1973 22 17 to
1988 1969 99 28 proceed
2100 1973 24 17 at
2138 1976 57 16 once
2205 1973 22 19 to
2242 1970 58 22 their
2309 1975 93 23 country
2411 1971 61 21 land.

1890 1995 57 22 That
1955 1996 58 26 they-
2018 1996 44 21 will
2072 1996 116 30 find^their
2193 1997 128 26 -advantage
2329 1998 25 20 in
2364 2005 24 13 so
2397 1997 75 28 doing,

1889 2022 61 20 there
1960 2020 80 22 can'b'e
2056 2029 31 13 no
2098 2022 89 21 doubt.'.
2203 2022 71 22 Trade
2287 2022 20 22 is
2317 2030 13 14 a
2340 2023 61 27 thing
2411 2030 64 16 over-

1891 2048 56 21 done
1960 2048 61 26 here,
2037 2055 25 14 as
2067 2051 3 5 '
2077 2048 119 22 elsewhere
2204 2056 5 20 ;
2224 2049 32 21 let
2274 2056 56 14 even
2346 2049 62 23 those
2425 2051 47 21 who

1891 2074 55 22 have
1957 2074 136 22 established
2100 2074 134 22 themselves
2243 2075 51 22 look
2305 2079 22 19 to
2336 2076 25 27 it,
2371 2077 42 21 lest
2422 2077 52 28 they

1890 2102 25 21 be
1927 2101 214 28 eventuallyjfdrced
2155 2102 49 21 into
2220 2102 67 27 doing
2302 2103 53 27 that,
2373 2106 23 19 at
2404 2111 15 14 a
2431 2104 41 22 dis-

1890 2128 130 28 advantage,
2040 2128 75 22 which
2131 2128 52 28 they
2198 2129 72 27 might
2283 2129 56 23 have
2357 2130 115 29 originally

1891 2156 57 21 done
1959 2155 52 22 with
2021 2162 14 14 a
2044 2156 111 25 certainty
2164 2156 26 20 of
2197 2163 92 15 success.

1922 2191 54 24 Evil
1989 2199 169 21 consequences
2170 2192 26 23 of
2209 2192 69 30 being
2289 2193 105 31 ignorant
2401 2194 25 23 of
2435 2194 35 23 the

1889 2225 123 30 poisonous
2023 2225 126 30 properties
2162 2225 26 23 of
2203 2225 38 23 the
2253 2225 62 25 Tutu
2326 2235 5 15 :—:
2334 2239 34 4 —

1915 2261 42 22 We
1969 2268 36 15 are
2014 2269 63 19 sorry
2087 2263 23 20 to
2119 2261 55 22 hear
2185 2262 47 21 that
2239 2269 59 15 some
2310 2262 98 23 children
2416 2263 55 23 have

1891 2288 64 27 again
1965 2288 57 21 been
2032 2288 104 22 attacked
2150 2288 54 22 with
2214 2296 75 14 severe
2303 2290 80 26 illness,
2394 2291 23 21 in
2433 2298 39 14 one

1889 2315 98 21 instance
1998 2314 84 28 ending
2087 2315 23 21 in
2122 2315 72 27 death,
2202 2316 57 21 from
2269 2316 76 27 eating
2353 2317 37 21 the
2399 2317 73 22 leaves

1890 2349 23 15 or
1922 2342 83 22 berries
2016 2342 25 21 of
2053 2342 38 21 the
2105 2342 67 22 Tutu.
2202 2343 145 27 Considering
2359 2344 36 21 the
2410 2348 62 23 great-

1891 2370 101 26 quantity
2002 2369 26 21 of
2040 2368 44 22 this
2098 2368 62 28 plant
2175 2370 72 21 which
2260 2377 72 20 grows
2341 2371 24 21 in
2381 2371 30 22 all
2426 2371 46 22 fern

1889 2396 59 26 land,
1960 2397 18 20 it
1987 2396 73 21 would
2075 2396 27 21 be
2112 2396 96 27 perhaps
2222 2397 127 26 impossible
2359 2401 22 18 to
2397 2405 74 15 secure

1891 2423 111 21 ourselves
2018 2423 125 27 absolutely
2151 2423 58 22 from
2225 2424 55 22 such
2289 2423 112 23 accidents
2408 2433 5 19 ;
2434 2425 38 21 but

1889 2450 21 21 if
1919 2450 80 22 earlier
2004 2450 87 21 settlers
2098 2450 73 22 would
2178 2450 66 22 make
2251 2458 14 14 a
2274 2451 62 26 point
2342 2451 26 22 of
2375 2451 97 27 warning

1890 2476 36 22 the
1936 2476 174 29 newly-arrived
2119 2476 26 22 of
2156 2477 38 21 the
2205 2477 88 27 danger,
2305 2478 18 21 it
2331 2479 70 21 would
2411 2481 23 19 at
2442 2479 30 21 all

1890 2507 77 19 events
1975 2504 73 21 lessen
2059 2503 38 22 the
2116 2504 131 27 probability
2256 2505 26 21 of
2293 2505 57 21 their
2369 2505 103 28 occuring

1889 2530 33 22 for
1932 2530 37 22 the
1979 2531 80 21 future.

1915 2557 48 22 The
1981 2557 85 28 barque
2070 2580 3 9 (
2084 2559 53 19 New
2155 2559 94 20 Zealand
2267 2559 87 22 arrived
2371 2559 54 22 here
2444 2566 28 14 on

1889 2584 116 27 Thursday
2006 2608 7 5 n
2022 2606 5 5 „
2033 2585 111 27 morning,
2171 2585 54 23 with
2252 2585 139 28 immigrants
2413 2587 59 21 from

1891 2608 129 24 GreenockV
2045 2611 44 21 She
2098 2612 42 21 left
2148 2612 39 22 the
2198 2612 69 27 Clyde
2275 2620 30 14 on
2311 2613 41 30 |he
2362 2613 37 22 6th
2410 2613 60 27 July,

1889 2637 40 21 We
1948 2637 58 22 have
2025 2641 40 17 not
2078 2638 58 22 been
2150 2646 30 14 on
2195 2639 75 28 board,
2284 2640 45 27 ,but
2337 2640 137 22 understand

1888 2664 47 21 that
1951 2664 37 22 the
2002 2664 141 27 immigrants
2159 2672 37 14 are
2212 2666 26 21 of
2248 2673 13 14 a
2271 2666 72 22 useful
2353 2666 63 22 class.
2444 2667 29 21 In

1889 2691 42 21 this
1941 2698 33 14 we
1983 2698 38 14 are
2029 2691 119 27 agreeably
2159 2692 160 27 disappointed,
2331 2700 23 15 as
2365 2693 59 22 from
2434 2693 37 22 the

1889 2721 105 19 accounts
2006 2718 25 21 of
2042 2718 91 22 distress
2147 2726 83 19 among
2246 2719 36 22 the
2293 2719 181 28 manufacturing

1890 2745 86 26 classes,
1992 2752 33 14 we
2044 2744 77 22 feared
2135 2745 50 21 that
2201 2745 37 22 the
2254 2746 128 22 settlement
2400 2747 74 22 would

1889 2771 57 22 have
1953 2771 58 22 been
2024 2771 126 23 inundated
2160 2772 37 27 by,
2200 2779 91 21 persons
2300 2773 57 22 from
2373 2773 44 22 this
2432 2773 42 22 dis-

1889 2799 50 21 trict
1948 2798 72 23 whose
2032 2798 118 22 education
2157 2801 22 20 to
2189 2800 142 27 a.particular
2340 2800 134 22 mechanical

1891 2825 150 28 employment
2061 2825 73 22 would
2147 2826 59 22 have
2222 2826 109 23 rendered
2347 2827 59 21 them
2420 2827 54 21 unfit

1890 2848 132 26 forl'abours
2032 2859 24 15 so
2067 2853 68 21 much
2145 2857 24 17 at
2178 2853 103 23 variance
2291 2854 53 22 with
2353 2854 56 22 their
2415 2854 58 22 fixed

1891 2879 77 28 habits,
1980 2886 24 15 as
2013 2879 62 21 those
2087 2879 103 23 essential
2201 2884 22 18 to
2235 2881 42 24 .the
2293 2888 85 15 success
2394 2881 24 21 of
2429 2881 45 21 first

1891 2906 90 22 settlers.
2020 2905 41 22 We
2077 2906 139 23 understand
2232 2907 48 22 that
2291 2908 19 22 it
2319 2915 43 15 was
2371 2907 103 23 intended

1891 2933 47 22 that
1947 2940 60 14 some
2018 2933 67 21 cabin
2094 2940 131 21 passengers
2232 2934 81 23 should
2321 2935 58 21 have
2389 2935 85 22 arrived

1890 2959 29 28 by
1936 2960 44 22 this
1998 2959 86 27 vessel;
2109 2961 179 27 unfortunately,
2310 2962 110 27 however,
2442 2969 31 15 we

1890 2987 86 21 believe
1985 2994 29 14 on
2023 2990 98 18 account
2128 2987 26 22 of
2160 2995 61 15 some
2227 2988 55 22 fault
2291 2989 23 21 in
2324 2989 37 21 the
2373 2996 101 20 arrange-

1891 3017 72 18 ments
1973 3013 73 22 which
2056 3013 39 22 did
2104 3017 41 19 not
2153 3015 51 26 give
2214 3015 54 22 time
2278 3015 34 22 for
2321 3015 57 22 their
2394 3022 80 16 assem-

1889 3040 63 27 bling
1962 3039 46 23 and
2016 3041 89 26 getting
2115 3048 30 15 on
2156 3042 77 27 board,
2243 3042 40 22 she
2292 3042 87 23 arrived
2386 3042 88 22 without

1891 3074 51 18 any.
2112 3067 3 3 '
2147 3073 3 5 ■

1891 3109 9 17 :
1948 3097 81 19 cannot
2037 3094 42 22 but
2087 3094 29 22 be
2122 3095 122 28 gratifying
2249 3099 23 19 to
2279 3096 36 27 all,
2326 3096 48 22 that
2380 3096 23 21 in
2409 3102 65 21 every

1889 3120 129 29 immigrant
2028 3121 72 22 vessel
2110 3122 73 22 which
2192 3123 40 22 has
2242 3123 87 22 arrived
2338 3123 70 21 direct
2415 3122 59 21 from

1890 3148 109 27 England,
2011 3147 62 23 there
2088 3147 58 23 have
2162 3149 58 23 been
2229 3158 24 14 so
2262 3151 43 21 few
2314 3149 85 23 deaths.
2427 3149 47 21 The

1891 3176 36 20 Sir
1943 3177 84 19 Charles
2040 3175 79 21 Forbes
2134 3176 44 22 lost
2192 3179 43 19 two
2254 3177 100 22 children
2372 3174 44 23 and
2432 3182 42 15 one

1890 3202 67 27 adult,
1969 3203 37 21 the
2017 3203 90 21 Thomas
2115 3204 108 20 Harrison
2228 3207 44 19 two
2279 3202 97 24 children
2384 3201 52 26 (one
2446 3209 28 15 an

1889 3229 73 22 infant
1969 3229 155 29 immediately
2132 3227 131 33 afterbirth,
2273 3230 46 27 (th«
2330 3230 97 25 Olympus
2434 3236 40 14 one

1889 3255 70 23 infant
1967 3257 152 28 prematurely
2127 3252 127 33 bbrn^and
2263 3257 37 22 the
2315 3257 52 21 New
2383 3257 91 20 Zealand

1889 3286 39 18 not
1939 3290 50 14 one.

113 1856 167 21 SHIPPING
299 1856 276 21 INTELLIGENCE.

271 1910 145 22 ARRIVED.

80 1941 116 21 December
207 1943 21 24 2,
245 1943 106 21 schooner
365 1943 63 26 Jane,
447 1945 33 24 15,
490 1944 82 25 Vendy,
585 1945 53 23 from

48 1970 90 21 Nelson.

287 2015 118 20 SAILED.

76 2046 117 21 December
202 2048 19 24 1,
236 2048 107 20 schooner
360 2048 39 20 Sir
411 2049 57 20 John
476 2049 112 27 Franklin,
603 2051 27 20 52

49 2074 117 26 Campbell,
176 2074 35 21 for
220 2074 92 28 Poverty
321 2075 54 27 Bay.

273 2126 36 21 IN
323 2127 87 22 PORT.

77 2162 83 25 Barque
176 2161 118 26 Clydeside,
304 2163 41 19 256
361 2164 59 23 tons,
438 2162 133 28 Mathieson,
583 2166 55 20 refit-

48 2190 54 25 ting.
130 2189 68 20 Waitt
206 2190 42 19 and
257 2190 77 26 Tyser,
341 2190 90 26 Agents.

74 2217 85 26 Barque
167 2217 127 26 Indemnity,
304 2218 42 20 450
363 2222 60 22 tons,
438 2218 88 26 Adams,
539 2220 99 28 refitting.

48 2245 89 25 Agents,
148 2245 69 20 Waitt
225 2246 43 19 and
277 2246 78 26 Tyser.

76 2273 108 20 Schooner
207 2274 58 25 Ann,
290 2275 28 19 22
343 2276 59 24 tons,
427 2274 86 27 Brown,
537 2276 44 20 laid
603 2283 35 20 up.

48 2300 78 26 Agent,
136 2301 69 20 Waitt
214 2302 41 19 and
265 2302 76 26 Tyser.

76 2328 52 26 Brig
137 2329 116 25 Elizabeth,
269 2331 42 19 230
322 2332 58 25 tons,
396 2330 126 27 Guthridge.
551 2331 87 27 Agents,

48 2356 114 26 Ridgways
171 2357 41 20 and
223 2357 39 20 Co.

68 2404 2 4 .
77 2383 110 21 Schooner
195 2385 80 23 Maori,
287 2385 27 21 15
324 2388 59 18 tons.

75 2411 84 26 Barque
170 2413 77 24 George
254 2413 63 26 Fyfe,
326 2414 41 20 460
378 2416 58 23 tons,
450 2413 68 28 Pyke.
551 2414 87 27 Agents,

48 2439 112 26 Ridgways
168 2440 43 20 and
220 2440 39 20 Co.

76 2467 107 21 Schooner
201 2468 74 25 Ocean,
285 2469 28 19 30
330 2470 58 26 tons,
399 2469 117 26 Ferguson.
551 2469 87 27 Agents,

48 2494 94 21 Wallace
152 2495 42 21 and
204 2495 39 21 Co.
253 2504 4 3 •

77 2522 109 20 Schooner
197 2523 106 21 Governor
318 2524 93 27 Hobson,
422 2525 27 20 40
460 2526 56 26 tons,
528 2524 110 22 Crumner.

48 2549 89 26 Agents,
149 2550 91 20 Wallace
250 2551 42 20 and
304 2551 38 21 Co.

81 2577 109 20 Schooner
212 2578 54 26 Imp,
292 2579 26 20 20
342 2580 58 24 tons,
426 2579 76 21 Smith.
546 2580 92 27 Crosbie,

50 2604 78 26 Agent.

77 2632 51 27 Brig
139 2632 97 26 Nimrod,
247 2634 40 20 175
299 2635 57 23 tons,
369 2634 95 27 Cooney.

78 2659 108 22 Schooner
199 2661 62 27 Kate,
278 2662 26 19 62
318 2664 58 23 tons,
391 2662 139 22 Macfarlane.
560 2664 78 26 Agent,

51 2686 125 22 Machattie.

77 2714 78 21 Cutter
172 2716 110 20 Catherine
299 2717 110 27 Johnston,
431 2718 26 20 10
475 2719 56 25 tons,
553 2718 85 27 Taylor.

51 2741 78 26 Agent,
139 2742 26 21 T.
174 2743 85 25 Taylor.

83 2768 106 22 Schooner
203 2771 67 20 Black
285 2772 106 27 Warrior,
407 2773 26 19 15
443 2774 60 25 tons,
516 2773 122 27 M'Gregor.

52 2794 23 22 J.
85 2796 74 21 Wade.

82 2823 107 22 Schooner
207 2825 61 25 Jane,
287 2827 26 19 15
333 2828 57 24 tons,
410 2826 84 28 Vendy.
522 2828 23 21 J.
563 2829 75 24 Wade,

52 2851 78 26 Agent.

226 2910 122 19 CUSTOM
363 2911 110 18 HOUSE.

290 2972 113 14 IMPORTS.

82 2997 30 20 In
137 3003 47 14 the
301 2999 64 20 John
574 3007 62 15 from

52 3024 188 22 Launcestown.
242 3037 28 4 —
272 3026 58 20 Hort
355 3027 44 20 and
424 3027 33 20 Co.
482 3028 86 25 Agents.
569 3039 29 4 —
600 3029 36 20 100

50 3052 52 26 bags
111 3052 61 25 Hour,
184 3053 61 24 2,800
254 3053 43 21 feet
308 3053 84 25 timber,
403 3055 63 23 1,000
476 3055 66 21 broad
548 3056 88 27 palings,

53 3079 41 20 800
106 3086 80 13 narrow
196 3080 42 24 do.,
249 3082 13 19 2
271 3081 89 26 pockets
374 3083 62 26 hops,
447 3083 13 19 3
475 3083 52 20 coils
537 3090 58 19 rope,
611 3085 25 19 32

50 3106 52 26 bags
113 3109 52 23 oats,
175 3108 13 19 2
198 3107 61 21 hhds.
269 3115 54 18 rum,
336 3110 12 19 2
359 3110 63 20 hhds.
436 3110 103 27 whiskey,
551 3112 26 19 10
587 3111 49 26 bags

50 3133 73 25 bread,
130 3135 12 18 2
153 3140 57 15 cases
215 3135 60 24 wine,
289 3137 22 20 C.
322 3137 109 26 Campbell.
434 3147 28 4 —
463 3138 27 20 19
500 3137 50 26 bags
557 3139 79 26 barley,

52 3162 13 19 3
75 3161 64 20 boxes
154 3162 89 25 candles,
255 3163 26 20 90
295 3164 51 26 bags
355 3165 64 24 flour,
437 3165 71 20 Willis
517 3166 42 19 and
574 3166 35 21 Co.
610 3177 26 5 —

54 3189 12 20 7
82 3195 57 14 cases
155 3189 60 24 wine,
227 3190 13 19 3
255 3196 58 16 cases
329 3192 99 24 cordials,
445 3193 13 19 4
475 3198 57 14 cases
548 3193 61 26 wine,
626 3196 10 18 2

50 3216 106 27 weighing
165 3217 113 24 machines,
290 3219 12 19 6
312 3219 51 26 kegs
372 3219 80 27 barley,
468 3220 74 20 Order.
572 3220 64 21 Cabin

51 3250 151 20 passengers—
203 3244 42 21 Mr.
256 3245 44 20 and
309 3246 53 21 Miss
375 3246 128 21 Richmond.
534 3248 102 26 Steerage,

52 3270 96 26 Charlesj
165 3271 71 27 Mary,
251 3272 43 20 and
309 3272 65 21 Sarah
391 3274 87 26 Mount,
489 3275 49 20 ,and
552 3275 84 22 Martha

54 3299 124 26 Allenbury.

198 3353 115 22 Inwards
315 3365 27 5 —
343 3354 146 24 Coastwise.

79 3387 30 21 In
118 3393 47 14 the
198 3386 133 22 Governor
471 3395 66 15 from
548 3390 88 22 Kawia

50 3415 36 20 via
94 3415 61 20 New
168 3413 141 22 Plymouth.
310 3426 28 3 —
341 3415 92 21 Wallace
447 3417 43 20 and
501 3418 36 20 Co.
550 3419 86 25 Agents.

53 3453 29 4 —
83 3443 26 20 28
126 3443 55 26 pigs,
199 3443 11 19 1
225 3442 48 20 bale
282 3442 105 25 blankets,
404 3444 12 19 1
426 3443 46 21 bale
489 3445 62 27 slops,
565 3446 12 20 1
591 3446 45 21 bale

52 3470 75 24 calico,
138 3471 13 19 2
162 3470 68 20 chests
240 3472 34 18 tea

83 3497 30 20 In
123 3503 45 14 the
344 3503 65 15 from
418 3497 103 24 Nelson.
522 3510 28 5 —
553 3500 83 28 Cooney,

52 3525 78 24 Agent.
132 3535 26 4 —
160 3525 26 19 30
203 3525 61 20 casks
278 3532 55 19 rum,
351 3525 25 20 15
393 3525 52 26 kegs
459 3525 84 28 biscuit,
560 3528 76 25 72,600

50 3552 45 20 feet
104 3552 83 25 timber,
198 3553 77 23 11,000
287 3553 101 26 shingles.

82 3579 29 20 In
121 3586 46 14 the
184 3579 83 27 "Imp,'
271 3580 4 9 1
295 3586 66 15 from
370 3579 148 22 Wanganui.
520 3591 27 5 —
549 3582 87 28 Crosbie,

52 3607 77 25 Agent.
130 3617 28 5 —
160 3607 12 20 9
187 3608 48 19 tone
244 3609 105 25 potatoes,
365 3608 28 21 30
402 3607 55 27 pigs,
476 3608 72 28 Order,
563 3610 11 19 1
590 3616 46 15 case

50 3634 77 27 bacon,
137 3635 28 20 E.
174 3634 23 21 J.
210 3635 120 26 Wakefield.

80 3662 31 19 In
120 3667 47 15 the
304 3668 65 15 from
376 3662 64 21 East
448 3661 84 22 Coast.
534 3674 26 4 —
560 3664 76 26 Agent,

52 3689 125 21 Machattie.
178 3700 27 4 —
208 3691 25 19 12
243 3692 49 18 tons
302 3690 61 21 black
374 3691 36 24 oil,
421 3690 39 21 180
468 3690 85 21 bushels
563 3692 73 24 maize,

54 3717 64 23 I,UOO
128 3717 42 20 feet
179 3718 82 24 timber,
274 3718 41 19 100
324 3718 54 26 pigs.

82 3743 29 21 In
133 3750 48 15 the
228 3744 142 21 Catherine
572 3752 64 15 from

52 3770 149 23 Wanganui.
202 3782 28 5 —
233 3773 95 25 Captain,
337 3773 77 26 Agent.
416 3784 27 4 —
443 3774 15 20 3
468 3773 69 21 chests
548 3775 88 26 wearing

52 3799 93 26 apparel,
156 3800 12 20 2
179 3802 45 18 owt.
235 3800 69 20 bacon
313 3800 42 20 and
363 3801 68 20 hams.

81 3826 29 20 In
119 3832 46 15 the
203 3827 82 21 Black
458 3834 64 14 from
530 3827 106 23 Wanga-

52 3859 52 14 nui.
106 3864 28 4 —
137 3854 71 25 Wade,
226 3855 76 25 Agent.
304 3866 27 4 —
332 3855 13 21 3
369 3857 50 19 tons
443 3857 104 25 potatoes,
565 3855 16 25 i
598 3859 38 18 ton

51 3880 76 25 bacon,
138 3882 11 19 1
160 3887 47 15 case
213 3881 88 28 leather,
313 3883 11 19 1
331 3882 51 22 cask
391 3883 68 26 hams,
468 3883 33 27 12!
501 3883 57 27 pigs,
570 3884 11 20 1
589 3890 47 16 case

51 3909 62 25 mats,
131 3909 12 19 4
162 3909 74 21 trunks
252 3909 93 27 wearing
359 3911 92 26 apparel,
463 3911 11 20 1
490 3917 48 15 case
547 3917 58 20 saws,
623 3913 11 20 1

51 3935 93 28 package
154 3936 42 26 do.,
207 3937 11 20 1
229 3937 37 21 hat
274 3937 49 26 box,
335 3938 10 20 1
356 3944 44 20 gun
415 3944 55 14 case.

1889 3339 59 27 New.
1953 3340 119 23 .Zealand
2088 3342 157 31 in,,1842;|0..r
2258 3347 46 15 the
2319 3347 96 16 effects
2426 3349 26 14 of
2462 3349 12 14 a

1896 3386 5 3 ,
1914 3365 240 36 Bad^.Government
2270 3366 66 23 Good
2357 3368 117 22 Country.

1914 3394 30 22 In
1954 3402 20 15 .a
1987 3394 97 23 Letter
2098 3403 29 14 to
2147 3402 46 15 the
2213 3394 78 21 Right
2313 3394 161 23 Honourable

1913 3422 77 24 Lord,
2004 3422 116 26 Stanley,
2143 3422 129 21 Principal
2292 3421 137 23 Secretary
2448 3429 26 14 of

1914 3449 74 22 State
2004 3456 49 16 .for
2075 3457 46 14 the
2141 3448 122 26 Colonies,
2286 3455 30 15 by
2340 3448 22 23 S.
2388 3449 32 22 M.
2444 3449 29 22 D.

1914 3476 108 27 Martin,
2047 3476 75 26 M.D.,
2145 3475 134 22 President
2303 3483 27 14 of
2354 3483 45 15 the
2418 3476 56 21 New

1913 3502 116 24 Zealand.
2038 3501 159 26 Aborigines^,
2206 3501 147 24 Protection
2365 3504 109 22 Associa-

1913 3537 63 19 tion,
1987 3537 46 14 AND
2054 3535 90 16 LATELY
2163 3535 15 15 A
2187 3528 168 24 .'MAGISTRATE
2378 3538 27 14 OF
2428 3537 44 15 THE

1915 3556 103 22 Colony.
2166 3568 3 5 '
2204 3561 4 4 '
2235 3570 3 4 •
2256 3573 2 5 ,
2269 3570 4 5 ■

1888 3585 8 31 [f
1959 3610 4 3 .
2026 3588 128 26 [Continued
2155 3588 63 26 from
2228 3595 39 15 our

1913 3621 23 22 It
1943 3621 21 22 is
1974 3627 13 16 a
1995 3624 59 19 most
2063 3622 172 29 extraordinary
2245 3623 84 23 feature
2340 3624 24 21 in
2374 3623 36 22 the
2420 3622 51 23 cha-

1887 3650 72 20 racter
1973 3648 26 21 of
2011 3648 38 21 the
2068 3648 84 23 Britislx
2167 3649 162 27 Government,
2340 3651 54 22 'that
2408 3650 63 23 while

1887 3674 37 23 the
1942 3674 79 28 people
2041 3674 26 23 of
2087 3676 106 28 England
2211 3677 62 22 itself
2293 3685 38 14 are
2348 3677 70 23 under
2435 3676 37 22 the

1886 3700 90 24 mildest
1993 3702 96 27 possible
2108 3703 61 28 laws,
2191 3704 53 23 and/
2255 3704 66 28 enjoy
2338 3705 37 22 the
2393 3704 79 26 largest

1887 3732 93 19 amount
1994 3729 26 22 of
2031 3729 82 28 liberty
2123 3730 25 22 of
2160 3738 44 20 any
2213 3732 78 21 nation
2307 3733 24 20 in
2345 3732 38 21 the
2397 3730 73 26 world,

1889 3755 35 23 the
1941 3755 103 24 Colonies
2060 3757 28 22 of
2099 3757 112 29 England,
2221 3758 73 22 which
2309 3765 38 15 are
2359 3758 70 28 justly
2439 3763 32 15 es-

1887 3782 136 23 teemedher
2032 3784 64 27 pride
2101 3785 46 21 and
2155 3784 43 23 her
2202 3785 107 27 strength,
2316 3793 37 14 are
2361 3782 110 30 subjected

1887 3812 23 19 to
1929 3817 21 17 a.
1961 3809 116 24 dominion
2100 3819 64 14 more
2188 3812 136 22 assimilated
2342 3815 24 19 to
2386 3812 46 21 that
2449 3808 24 23 of

1887 3836 82 22 Russia
1978 3837 45 22 and
2032 3838 100 28 Turkey,
2141 3838 57 23 than
2207 3840 110 27 anything
2326 3838 51 23 else.
2401 3838 27 21 In
2435 3836 35 22 the

1888 3863 111 29 Colonies,
2021 3860 39 27 the
2076 3866 81 26 genius
2172 3866 27 21 of
2220 3866 83 22 British
2316 3866 79 26 liberty
2408 3864 20 22 is
2441 3869 29 16 no

1886 3890 77 28 longer
1978 3894 23 19 to
2015 3892 29 21 be
2058 3892 80 22 found.
2151 3903 30 5 —
2191 3892 50 22 Her
2256 3892 56 22 mild
2327 3899 58 20 sway
2398 3891 20 22 is
2433 3896 38 15 ex-

1888 3917 101 28 changed
2005 3918 37 23 for
2060 3918 40 23 the
2114 3919 51 22 iron
2180 3919 41 23 rod
2236 3920 25 21 of
2277 3919 38 22 the
2329 3919 83 32 despot,
2428 3914 42 25 and

1887 3944 63 23 those
1960 3944 50 24 who
2020 3953 57 15 were
2087 3946 41 22 her
2138 3946 100 23 children
2247 3947 25 22 in
2279 3946 42 23 her
2329 3948 71 21 native
2409 3942 59 27 land,

797 130 154 16 OUTWARDS,
962 130 143 16 COASTWISE.

696 155 30 21 Ik
739 162 47 14 the
948 162 46 15 for
1007 162 47 15 the
1070 157 64 20 Bast
1149 157 72 21 Cape.
1222 167 28 5 —

671 183 92 27 Captain,
779 183 120 26 "Ag'*rit.—3
915 190 57 14 cases
988 184 64 28 slops,
1065 184 13 20 2
1094 183 52 27 bags
1157 184 48 24 ;do.,
1224 184 25 20 10

668 207 57 23 hind
733 216 58 19 saws,
797 211 18 19 3
825 214 62 17 cases'
893 210 95 27 drapery,
999 212 13 19 2
1021 211 66 20 boxes
1096 216 59 21 soap,
1164 212 40 19 140
1214 211 35 20 do.

669 237 94 25 tobacco,
770 238 26 20 20
802 237 82 26 spades,
896 238 12 20 1
915 237 50 21 cask
972 238 89 20 colonial
1067 238 40 25 ale,
1117 238 26 21 17
1148 238 102 25 muskets,

669 265 12 20 8
692 264 98 21 cartouch
802 264 73 25 boxes,
887 265 26 20 11
927 265 102 26 packages
1042 265 57 24 shot,
1115 265 12 20 6
1138 265 84 24 sickles,
1238 266 12 19 1

668 291 179 21 bouble-barreled
859 298 52 19 gun,
927 293 10 19 1
953 292 92 26 package
1059 292 105 25 tin-ware,
1172 289 4 5 '
1183 294 10 19 1
1208 292 42 20 box

668 318 67 27 pipes;
749 320 27 19 30
790 318 47 27 pair
847 315 146 26 blanketsM/*
1009 320 99 20 Stewart.
1138 318 112 27 Passenger

668 356 27 4 —
696 346 14 20 J
711 360 17 16 v
729 346 95 20 Stewart.
908 368 6 4 _
941 343 34 29 '"y

696 372 29 21 In
730 379 46 14 the
787 369 61 24 '''Sir
854 372 67 22 John
1087 379 44 15 fob
1142 374 108 21 Poverty

668 399 53 21 Bay
722 400 91 21 r^r-Hort
824 400 43 20 and
876 398 43 28 Col,
927 395 92 31 .AgentT.
1021 411 27 5 —
1048 401 27 20 20
1081 395 6 6 *
1094 400 53 26 bags
1160 400 90 22 colonial

668 428 61 22 flour,
734 426 18 21 '5
763 427 58 21 casks
831 428 65 26 slops,
910 428 10 19 1
928 423 41 25 lon
978 428 47 24 salt,
1036 428 63 24 2,000
1109 428 27 21 ft.
1146 428 26 22 V.
1183 428 27 21 D.
1225 427 25 21 L.

668 454 82 24 timber,
767 454 14 24 i
795 456 39 19 ton
849 455 49 20 iron
913 457 58 25 pots,
986 456 14 19 4
1016 455 90 20 bundles
1122 456 81 26 spades,
1223 455 27 20 A.

670 482 109 25 Campbell.

655 520 96 82 New
783 520 223 82 Zealand
1038 520 223 82 Gazette

706 607 69 22 AND
789 602 217 27 WELLINGTON
1024 607 186 23 SPECTATOR.

765 662 132 25 Saturday,
913 662 130 20 December
1056 662 21 25 3,
1089 662 105 27 ,1842.^

658 716 2 31 |
701 712 35 23 At
746 711 37 23 the
794 711 107 31 Meeting
910 711 26 23 of
944 711 46 23 the'
993 711 150 32 Corporation
1156 711 96 25 Council

668 745 26 23 of
710 745 38 23 the
767 746 55 23 31st
840 744 110 29 October,
962 744 19 24 it
998 752 46 16 was
1054 745 84 23 moved
1154 745 30 31 by
1200 745 50 23 Mr.

668 777 85 29 Wade,'
761 777 42 23 and
815 777 119 29 seconded,
938 778 33 30 by
981 777 48 24 Mr.
1043 778 149 24 Moleswortn
1194 790 34 4 —

730 811 61 22 That
802 811 138 31 application
951 810 28 23 be
990 811 67 22 made
1068 815 23 19 to
1104 811 44 23 the'
1157 810 92 29 Sheriff,

668 847 23 20 to
702 844 72 23 direct
790 843 50 23 that
850 844 40 23 the
903 843 126 24 constables
1041 851 25 16 or
1085 844 66 23 other
1163 846 88 22 officers

668 877 25 22 in
703 877 83 31 charge
795 877 26 23 of
829 877 38 23 the
878 877 88 36 labour^
970 884 72 23 gangs
1052 877 26 23 of
1082 875 43 25 'the
1136 878 114 30 prisoners

668 910 24 23 in
703 909 60 24 their
774 910 101 31 custody,
889 910 28 24 do
928 910 87 24 receive
1033 910 218 37 instructions^from

670 943 37 23 the
720 943 70 24 Town
810 943 99 24 Council
920 939 108 37 as^ojftthe
1038 943 176 31 improvements
1227 943 30 23 of'

670 976 56 23 such
736 980 62 27 parts
818 976 26 23 of
861 976 40 23 the
919 976 78 31 public
1014 976 66 23 roads
1099 984 34 16 or-
1139 977 73 23 works
1225 985 26 15 as

671 1009 54 31 they
737 1009 58 24 shall
805 1009 60 23 from
877 1009 54 23 time
943 1013 23 19 to
976 1009 137 24 'time-deem
1124 1014 60 19 most
1198 1017 53 16 con-

669 1041 83 25 ducive
763 1046 23 19 to
797 1042 39 23 the
847 1042 78 31 public

703 1075 48 24 Mr.
770 1075 97 23 Jenkins
889 1075 100 32 opposed
1006 1075 39 25 the
1063 1075 151 32 employment
1228 1076 26 24 of

668 1108 121 31 prisoners,
810 1115 30 16 on
857 1108 40 23 the
914 1108 89 32 ground
1023 1109 50 23 that
1089 1109 40 24 the
1146 1110 104 31 working

670 1141 59 23 class
739 1141 72 24 would
824 1141 56 23 have
893 1145 23 19 to
936 1149 45 24 pay
993 1146 71 25 taxes,
1078 1142 45 24 and
1140 1143 111 24 therefore

669 1174 70 32 ought
750 1178 22 20 to
781 1174 28 25 be
821 1174 119 32 employed,
951 1183 30 15 on
991 1175 76 31 public
1078 1175 93 25 works.'
1190 1176 59 24 -The

668 1207 122 24 resolution
808 1215 54 22 was,
1006 1209 88 23 carried
1112 1209 32 31 by
1155 1217 13 16 a
1181 1209 70 33 -^arge

670 1240 113 32 majority.

701 1274 45 23 We
757 1274 55 24 have
833 1282 70 16 never
918 1274 70 24 heard
1003 1274 100 24 whether
1118 1282 44 24 any
1174 1275 76 32 appli-

670 1307 81 29 cation,
761 1308 23 23 in
796 1307 135 31 conformity
939 1307 54 24 with
1005 1307 46 24 this
1062 1308 132 30 resolution,
1206 1309 42 24 has

668 1340 58 24 been
736 1340 65 24 made
811 1345 24 19 to
846 1341 39 23 the
898 1341 78 23 Police
989 1341 136 31 Magistrate
1135 1350 7 20 ;
1160 1341 48 30 but,
1216 1350 34 16 we

670 1381 103 23 presume
789 1374 39 23 the
843 1374 85 31 Mayor
944 1373 75 24 would
1030 1378 47 23 not,
1085 1374 68 23 allow
1164 1375 38 24 the
1212 1383 39 16 re-

672 1407 105 28 solution,
790 1407 56 23 after
863 1407 78 31 being'
950 1407 137 29 sanctioned,
1100 1411 24 21 to
1135 1409 86 24 remain
1237 1416 15 16 a

670 1439 57 24 dead
755 1439 73 24 letter.
873 1440 45 23 We
946 1440 111 23 therefore
1081 1448 112 24 suppose-/
1203 1442 49 23 that

670 1473 142 30 application,
827 1473 42 23 has
892 1474 59 22 been
976 1473 72 29 made,
1078 1473 53 30 and,
1160 1482 25 16 as
1212 1475 39 24 the

671 1506 95 23 Council
782 1507 57 22 have
856 1511 42 18 not
909 1506 105 32 assigned
1025 1507 38 22 the
1080 1508 115 30 prisoners
1207 1516 45 24 any

670 1539 60 29 task,
743 1540 48 23 that
808 1540 19 23 it
844 1540 38 23 did
893 1544 39 19 not
950 1544 59 20 meet
1026 1540 54 24 with
1094 1548 14 15 a
1119 1540 133 26 favourable

670 1573 121 31 reception.

677 1622 4 5 .
703 1605 48 25 Mr.
765 1606 95 24 Jenkins
871 1615 97 23 appears
979 1611 23 19 to
1013 1607 57 24 have
1079 1607 59 24 been,
1148 1608 38 24 the
1199 1608 53 31 only

670 1639 124 24 Alderman
805 1640 49 23 who
865 1640 103 31 objected
983 1645 22 18 to
1017 1641 39 22 the
1068 1641 153 31 employment
1230 1642 24 23 of

670 1673 121 30 prisoners,
810 1673 44 23 and
878 1673 39 23 the
936 1674 88 31 gtound
1045 1681 63 24 upon
1129 1674 76 24 which
1223 1675 29 23 he

670 1705 98 24 founded
777 1706 35 23 his
825 1707 129 30 opposition
973 1707 20 23 is
1005 1711 40 19 not
1056 1707 99 24 tenable.
1171 1725 3 3 .
1190 1708 25 24 It
1231 1708 21 23 is

671 1739 89 23 evident
768 1739 49 24 that
826 1740 37 23 the
873 1739 104 26 Council,
981 1740 116 27 will\need
1105 1748 62 16 more
1174 1749 78 16 means

670 1771 54 24 than
737 1773 53 30 they
800 1773 46 23 will
856 1773 29 23 be
899 1773 94 24 enabled
1103 1774 31 31 by
1142 1775 109 24 taxation.
1256 1789 2 3 ■

671 1805 66 32 They
746 1806 51 29 will,
809 1807 26 23 in
845 1806 55 29 fact,
913 1806 57 24 have
981 1815 62 15 more
1052 1807 64 23 work
1125 1811 23 19 to
1161 1808 28 23 do
1198 1808 54 24 than

670 1839 55 30 they
743 1847 41 15 can
800 1847 45 24 pay
863 1840 36 23 for
910 1849 6 20 ;
939 1840 45 23 and
1001 1840 116 24 doubtless
1135 1841 55 31 they
1201 1842 52 27 ,will

671 1872 89 31 employ
771 1873 31 23 all
820 1873 39 23 the
878 1873 80 23 labour
976 1874 54 31 they
1046 1881 43 17 can
1105 1882 53 24 pay,
1174 1882 78 17 conse-

671 1906 93 30 quently
779 1906 38 24 the
835 1906 154 32 employment
1005 1907 26 23 of
1044 1908 116 30 prisoners
1179 1909 73 23 would

670 1943 40 19 not
721 1939 107 24 diminish
838 1939 39 24 the
895 1945 93 19 amount
997 1940 54 32 paid
1061 1940 36 24 for
1112 1936 87 29 labour!
1210 1942 43 24 but

670 1972 74 24 would
762 1973 27 23 be
805 1973 39 24 the
861 1981 79 16 means
958 1974 26 23 of
998 1974 119 32 obtaining
1129 1975 78 24 labour
1227 1976 25 23 in

670 2009 78 19 return
765 2006 35 23 for
817 2006 40 23 the
877 2007 91 29 portion
986 2007 24 22 of
1023 2012 66 18 taxes
1101 2008 118 29 expenmtL
1228 2009 25 22 in

670 2038 148 31 maintaining
829 2038 65 24 these
904 2038 61 24 folks
976 2038 81 31 during
1066 2039 60 23 their
1136 2040 79 30 period
1230 2041 25 23 of

670 2071 153 31 punishment.

703 2103 99 33 Though
812 2112 33 16 we
862 2105 88 23 believe
961 2113 33 15 we
1005 2105 57 24 have
1082 2110 37 19 set
1135 2106 62 24 aside
1213 2107 40 23 the

670 2138 88 30 ground
774 2146 59 23 upon
844 2138 75 23 which
930 2138 49 24 Mr.
999 2138 99 25 Jenkins
1115 2140 104 31 objected
1230 2145 22 19 to

670 2171 38 23 the
728 2171 123 24 resolution
863 2171 26 24 of
904 2171 39 25 the
955 2172 103 29 Council,
1077 2180 34 16 we
1123 2180 37 16 are
1179 2181 72 16 aware

670 2204 49 23 that
730 2204 62 24 there
810 2206 21 22 is
843 2213 13 15 a
875 2205 63 31 large
950 2210 66 26 party
1027 2206 25 23 of
1067 2206 55 23 wise
1133 2206 45 24 and
1194 2208 59 29 good

670 2237 87 32 people,
775 2238 49 24 who
842 2246 38 16 are
892 2239 100 31 opposed
1010 2243 23 19 to
1049 2238 38 24 the
1099 2240 153 31 employment

670 2271 26 23 of
703 2271 123 31 prisoners.
861 2271 45 24 We
913 2272 94 30 believe,
1012 2272 61 31 ihey
1080 2272 75 33 object
1165 2274 87 31 mainly

670 2312 30 15 on
715 2309 43 19 two
775 2305 100 31 grounds
884 2314 6 20 ;
910 2305 38 24 the
960 2314 42 15 one
1021 2305 54 24 that
1082 2306 19 23 it
1118 2307 133 24 diminishes

670 2337 38 24 the
720 2342 91 19 amount
823 2338 25 24 of
856 2339 148 31 punishment
1014 2339 103 24 awarded
1136 2340 29 31 by
1178 2349 13 15 a
1203 2349 48 15 cer-

670 2371 48 23 tain
740 2375 57 20 term
815 2372 26 23 of
857 2373 174 30 imprisonment
1041 2381 6 22 ;
1068 2373 45 23 and
1131 2373 39 24 the
1180 2374 72 24 'Other

670 2404 48 24 that
729 2405 18 24 it
759 2405 107 31 degrades
877 2405 88 25 labour.
1002 2426 4 4 ,

703 2437 24 25 It
743 2438 41 24 has
794 2439 58 23 been
869 2439 122 24 remarked
1009 2439 49 24 that
1075 2448 30 15 no
1125 2440 40 25 life
1183 2441 21 24 is
1226 2449 25 16 so

669 2470 88 25 tedious
776 2479 24 16 as
818 2472 104 24 absolute
944 2473 107 30 idleness,
1074 2474 46 23 and
1140 2474 48 24 that
1212 2474 39 24 the

668 2505 145 30 punishment
824 2506 20 23 is
859 2513 58 16 even
929 2514 100 16 serverer
1040 2514 63 24 upon
1113 2507 38 24 the
1163 2509 88 22 unedu-

669 2538 64 23 cated
744 2540 54 22 than
808 2547 62 23 upon
877 2538 40 25 the
924 2540 139 24 intellectual
1075 2549 53 15 man
1139 2550 6 20 ;
1158 2541 39 24 the
1208 2549 43 16 one

668 2571 85 32 having
769 2571 85 25 mental
871 2580 119 16 resources
1002 2573 74 24 which
1094 2578 22 19 to
1136 2582 63 16 some
1210 2583 41 16 ex-

668 2608 49 20 tent
727 2613 52 23 may
789 2606 28 23 be
830 2606 118 31 employed
956 2607 24 23 in
991 2606 39 25 the
1040 2615 50 23 way
1102 2608 25 23 of
1143 2608 73 29 relief,
1229 2609 26 23 of

668 2637 73 25 which
753 2641 37 21 the
802 2639 64 23 other
882 2640 22 22 is
915 2644 40 19 not
965 2641 128 30 possessed.
1129 2641 56 24 And
1202 2643 19 22 it
1231 2642 20 23 is

667 2672 116 31 generally
789 2672 71 24 found
871 2672 51 24 that
932 2673 39 24 the
981 2674 78 31 prison
1070 2674 113 30 labourer,
1193 2675 23 23 if
1224 2676 28 22 he

667 2704 40 24 has
720 2705 69 32 really
795 2706 57 24 been
864 2706 117 32 subjected
989 2712 22 18 to
1019 2707 39 24 the
1065 2715 78 16 severe
1154 2709 97 31 punish-

667 2743 63 19 ment
739 2739 74 24 which
825 2740 111 31 complete
947 2740 98 24 idleness
1056 2741 22 23 is
1087 2741 73 23 found
1179 2746 23 19 to

667 2772 107 31 proceeds
791 2777 23 19 to
827 2773 64 23 work
909 2773 124 31 cheerfully
1044 2782 25 16 as
1088 2782 15 16 a
1120 2774 72 25 relief.
1228 2775 25 24 It

667 2810 62 19 must
744 2806 28 23 be
783 2806 135 24 recollected
934 2806 50 24 that
993 2807 87 32 though
1090 2809 130 23 restriction
1230 2810 21 22 is

668 2846 62 16 more
750 2839 116 31 agreeable
885 2840 54 23 with
957 2840 80 24 labour
1054 2841 54 23 than
1120 2841 55 24 with
1193 2842 58 23 idle-

668 2879 60 21 ness,
746 2876 38 26 yet
801 2873 79 30 prison
899 2874 107 23 restraint
1020 2878 63 19 must
1101 2874 26 24 of
1143 2875 63 23 itself
1222 2876 29 22 be

668 2904 108 24 admitted
792 2909 24 19 to
838 2905 29 23 he
883 2914 33 15 an
932 2907 52 29 evil,
1002 2907 45 23 and
1064 2915 59 16 were
1142 2908 63 24 there
1222 2917 29 15 no

668 2937 64 24 other
749 2938 111 32 objection
868 2954 3 6 .
884 2944 24 18 to
927 2939 39 23 the
988 2940 153 32 employment
1162 2942 26 23 of
1202 2942 49 31 pri-

668 2978 78 16 soners
756 2972 53 23 than
818 2972 39 23 the
869 2972 136 24 diminution
1011 2974 26 22 of
1045 2973 39 25 the
1095 2975 155 30 punishment,

668 3012 32 15 we
711 3005 80 24 should
803 3013 49 23 say,
866 3005 50 24 that
927 3006 65 23 could
1002 3006 29 23 be
1042 3012 47 19 met
1101 3008 30 30 by
1141 3008 107 31 prolong-
1255 3003 2 28 '.

667 3038 39 31 ing
717 3038 37 24 the
766 3043 57 19 term
833 3039 35 23 for
879 3039 75 23 which
965 3038 39 24 tHe
1014 3041 85 30 parties
1111 3048 38 16 are
1160 3042 91 31 usually

668 3072 125 24 sentenced.
830 3072 75 30 Thus,
917 3072 20 24 if
946 3069 71 36 tlir^
1020 3073 94 24 months
1129 3075 121 31 imprison-

667 3109 62 19 ment
740 3105 94 24 without
849 3105 81 25 labour
941 3114 58 16 were
1011 3106 38 24 the
1064 3106 51 32 just
1126 3109 74 23 award
1215 3109 36 23 for

667 3145 13 15 a
700 3139 84 22 certain
803 3139 77 29 crime,
901 3139 55 24 then
976 3140 38 23 the
1032 3140 130 31 equivalent
1172 3142 35 23 for
1224 3142 26 30 it,

667 3171 54 23 with
732 3172 87 29 labour,
836 3172 75 32 might
927 3173 29 23 be
967 3173 70 23 found
1054 3177 23 19 to
1088 3173 29 24 be
1128 3174 59 31 four,
1198 3176 51 29 five,

668 3212 25 15 or
704 3205 38 23 six
753 3205 99 24 months.

699 3238 45 24 We
751 3239 87 23 confess
849 3246 34 17 we
896 3239 28 24 do
934 3244 41 19 not
986 3248 37 16 see
1036 3240 50 31 why
1098 3242 38 22 the
1144 3242 105 32 employ-

667 3275 62 19 ment
741 3272 25 23 of
779 3272 117 31 prisoners
907 3272 82 25 should
998 3273 96 32 degrade
1105 3274 80 25 labour
1204 3283 45 24 any

666 3312 63 16 more
747 3305 54 23 than
817 3306 103 31 keeping
934 3307 134 31 employers,
1079 3306 53 31 idle,
1146 3309 65 23 when
1227 3309 24 23 in

666 3338 85 30 prison,
765 3339 80 23 should
856 3339 98 31 degrade
965 3340 148 31 professions.
1160 3342 49 24 Nor
1222 3342 27 23 do

667 3378 32 16 we
711 3370 85 25 believe
808 3372 37 23 the
857 3372 154 32 employment
1023 3373 25 23 of
1056 3374 115 31 prisoners
1182 3375 21 23 is
1209 3375 42 24 felt

666 3403 31 31 by
715 3404 40 23 the
775 3405 121 31 labouring
906 3429 4 10 ;
920 3406 58 23 class
1000 3414 32 17 as.
1045 3406 127 32 degrading
1191 3408 60 24 their

667 3437 91 32 calling.
793 3438 129 31 There^can
932 3439 28 23 be
971 3447 30 16 no
1016 3439 50 24 fear
1084 3440 27 23 of
1124 3441 125 25 confound-

666 3471 39 31 ing
717 3471 38 24 the
772 3472 77 31 prison
867 3472 114 30 labourer,
1000 3473 104 31 working
1121 3474 73 25 under
1211 3483 39 16 re-

666 3505 89 29 straint,
774 3505 61 23 with,
847 3504 40 24 the
903 3505 50 24 free
971 3513 60 22 man,
1049 3506 52 24 who
1110 3514 53 25 may
1172 3516 30 23 go
1212 3509 38 23 his

666 3544 49 24 way
725 3540 65 23 when
799 3538 31 24 he
847 3547 55 23 may
920 3546 37 16 see
975 3540 34 23 fit.
1056 3539 48 24 But
1127 3549 33 15 we
1183 3542 67 23 think

666 3570 49 24 that
734 3572 77 31 prison
833 3572 80 23 labour
935 3572 82 24 should
1038 3572 30 24 be
1089 3573 59 23 used
1169 3582 30 16 on
1219 3575 31 24 all

666 3605 122 29 occasions,
799 3612 62 24 upon
871 3605 66 24 work
948 3605 73 24 which
1031 3606 21 23 is
1063 3610 61 20 most
1129 3607 120 33 .disagree-

666 3637 50 23 able
734 3642 23 19 to
774 3639 108 23 freemen.
895 3641 2 6 '
930 3638 25 24 It
973 3639 81 23 should
1068 3639 30 24 lie
1117 3640 94 25 devoted
1224 3646 23 19 to

665 3670 64 23 work
746 3671 73 24 which
836 3673 19 22 it
872 3671 76 24 would
967 3672 28 24 be
1013 3673 96 23 difficult
1126 3674 25 23 in
1167 3674 58 24 such
1235 3683 15 16 a

667 3702 86 33 Colony
763 3713 25 15 as
800 3704 45 24 this
862 3709 22 19 to
903 3705 95 34 induce^
1004 3706 100 24 freemen
1124 3710 23 20 to
1164 3707 85 25 under-

666 3735 52 24 take
730 3742 23 18 at
765 3746 42 23 any
822 3739 70 30 price,
910 3739 20 23 if
945 3739 56 23 such
1017 3739 64 24 there
1101 3739 38 25 be.
1183 3740 66 25 Thus

665 3769 38 24 the
712 3771 88 31 cutting
812 3772 27 22 of
852 3779 16 15 a
878 3771 65 24 drain
954 3772 100 31 through
1064 3772 39 24 the
1122 3780 84 26 swamp
1226 3780 24 18 at

666 3801 34 25 Te
711 3802 58 31 Aro,
781 3804 73 23 would
864 3805 31 23 be
903 3813 29 15 an
951 3805 143 32 appropriate
1114 3808 135 31 occupation

664 3834 35 25 for
709 3835 80 25 labour
800 3836 26 25 of
840 3836 39 25 the
890 3838 65 24 kind.

697 3868 44 25 We
746 3869 62 25 .have
816 3871 76 24 raised
902 3871 46 23 this
956 3872 104 30 question
1067 3880 25 15 as
1101 3873 52 24 well
1161 3874 88 32 worthy

664 3902 26 24 of
703 3901 69 33 being
791 3902 125 32 discussed,
937 3904 45 24 and
1003 3905 18 23 it
1040 3905 46 23 will
1104 3906 29 24 be
1149 3907 99 30 noticed,

663 3935 57 26 that,
729 3936 85 32 though
825 3944 32 17 we
870 3936 67 25 think
948 3938 77 30 prison
1036 3938 81 25 labour
1134 3939 73 31 ought
1225 3944 24 19 to

1277 127 29 23 be
1317 127 114 31 employed
1441 128 62 29 here,
1515 136 33 15 we
1560 136 39 16 are
1608 129 32 31 by
1651 137 36 22 nOj
1692 137 80 16 means
1785 132 72 22 confi-

1278 160 54 23 dent
1342 160 50 23 that
1402 168 38 16 our
1451 161 93 32 opinion
1555 162 66 23 could
1632 166 42 19 not
1680 158 137 36 ibe^proved
1833 168 25 19 to

1278 192 29 24 be
1317 192 121 25 fallacious.
1475 204 12 11 .-
1545 203 24 13 ?■.
1613 199 3 5 '
1650 198 13 16 v
1701 198 37 13 >t-
1774 202 4 10 >

1312 242 52 24 The
1374 244 106 23 schooner
1485 243 66 29 Jane,
1564 244 89 24 arrived
1656 245 126 31 -yesterday
1789 247 70 23 after-

1281 283 60 16 noon
1352 269 62 31 from*
1426 277 96 29 Nelson,
1532 277 75 23 which
1624 277 42 24 she
1676 278 43 23 left
1729 285 30 16 on
1778 279 82 24 Satur-

1280 308 51 30 day.
1367 309 37 23 No
1412 310 84 23 vessels
1508 310 44 23 had
1562 310 89 24 arrived
1663 311 110 30 recently.
1809 311 51 24 The

1280 341 54 30 only
1349 342 98 30 vessels^
1451 343 63 23 there
1524 347 76 24 .were',
1610 345 56 26 the,.
1668 367 4 7 (
1669 343 65 33 2ysio,
1749 343 110 30 Zealand,

1279 373 122 31 Pickwick,
1412 383 44 15 ana
1449 376 5 7 1
1466 375 39 23 the
1522 373 115 30 Sisters.*]
1652 375 53 25 THe
1723 376 51 27 last;
1778 378 88 22 named'

1280 414 45 16 was
1337 411 30 19 to
1384 407 60 24 leave
1462 407 88 25 Nelson
1570 416 30 15 on
1768 409 46 24 last
1824 408 44 26 for'

1280 438 46 25 this
1336 438 71 33 placed
1417 448 3 4 '
1440 441 75 24 There
1525 448 47 17 was
1592 441 97 32 nothing
1698 450 50 16 new
1760 447 24 19 at
1802 443 58 23 Nel-

1282 480 50 16 son.

1315 521 111 24 Hitherto'
1439 522 38 24 the
1494 523 117 30 Principal
1631 524 116 31 Surveyor
1764 524 42 24 has
1823 525 37 23 in-

1281 554 136 32 advertently
1434 556 126 23 advertised
1578 556 46 23 the-
1636 560 57 20 next
1700 571 5 3 -
1713 557 100 31 delivery
1837 558 33 23 of-

1280 586 66 24 lands
1363 592 22 19 to
1400 596 124 16 commence
1535 597 30 15 on
1574 588 38 24 the
1630 589 52 23 first
1701 590 26 22 of
1750 590 117 31 January,,

1280 619 78 24 which;
1375 621 50 23 will'
1433 621 47 24 fall
1485 630 30 15 on
1525 630 13 15 a
1550 621 102 31 Sunday.
1666 623 4 10 '
1690 619 51 27 The
1753 623 107 31 delivery,

1280 652 110 25 itwiUße
1402 662 50 15 seen
1460 655 31 30 by
1499 655 36 24 the
1547 654 117 24 corrected
1675 655 184 30 advertisement,

1280 685 46 23 will
1343 693 125 19 commence
1491 696 29 17 on
1538 687 111 33 Monday,
1670 688 40 24 the
1733 689 83 23 second
1839 690 24 23 of

1280 718 115 30 January,.
1403 722 69 23 1843.

1385 784 195 24 MUNICIPAL
1594 786 165 22 COUNCIL.

1346 845 105 25 T/HuasD
1453 853 43 22 ay,
1507 847 154 35 .December
1678 848 23 28 1,
1715 849 75 23 1842.

1312 905 111 25 Present:
1425 919 33 5 —
1459 906 99 30 Hunter,
1570 906 10 14 T<
1589 905 85 33 Mayor
1687 916 6 20 ;
1724 907 136 30 Aldermen,

1279 938 74 31 Lyon,
1372 939 90 30 Dorset,
1481 940 83 29 Waitt,-
1580 934 155 35 Fi\zherbert,
1756 941 104 30 Guyton,

1279 971 153 31 Molesworth,
1441 973 107 29 Jenkins,
1561 973 111 29 Johnson,
1684 974 45 23 and
1741 974 75 25 Scott.

1313 1004 150 33 Proceedings
1480 1007 25 23 in
1515 1007 44 23 last
1571 1007 97 24 Council
1680 1007 54 23 read
1748 1007 45 24 and
1805 1016 55 15 con-

1280 1037 91 24 firmed.
1408 1038 25 20 '-'"

1312 1071 151 32 Proceedings
1475 1072 26 24 of
1507 1073 90 23 several
1602 1074 66 30 prior
1674 1074 113 31 meetings
1793 1074 56 24 read
1853 1091 6 7 .

1313 1103 114 31 Proposed
1450 1105 37 31 by-
1499 1105 46 24 Mr.
1567 1106 86 25 Dorset
1662 1115 8 20 ;
1700 1108 112 23 seconded
1829 1108 32 30 by

1280 1136 49 24 Mr.
1341 1137 71 26 Waitt
1422 1146 42 15 :—
1464 1156 3 3 .
1480 1157 8 7 ,.
1501 1157 3 5 ,

1306 1175 59 23 That
1379 1176 18 21 it
1409 1183 17 15 is
1432 1194 2 5 ,
1440 1176 38 24 the
1495 1176 89 28 opinion
1599 1177 25 22 of
1635 1177 45 22 this
1696 1178 93 21 Council
1803 1178 56 26 that,

1280 1202 120 27 according
1407 1200 2 7 '
1416 1206 22 18 to
1454 1202 38 23 the
1506 1204 119 26 provisions
1642 1204 26 21 of
1679 1202 39 23 the
1725 1206 4 5 '
1736 1204 125 28 Municipal

1280 1228 131 28 Ordinance,
1426 1229 40 22 5th
1467 1253 5 7 t
1472 1230 57 26 ,Vic.
1539 1230 44 22 No.
1595 1231 50 26 VL,
1656 1231 47 22 Ses.
1714 1232 34 25 31,
1760 1231 48 22 that
1823 1232 38 21 the

1280 1255 106 30 election^
1391 1256 259 31 ofJTwel;y.&,.Aldenhen
1665 1258 34 21 for
1714 1258 38 21 the
1766 1258 95 27 ensuing

1278 1289 55 21 year
1352 1280 108 29 oughT'to
1480 1284 49 22 take
1546 1284 63 28 place
1626 1291 30 15 on
1675 1284 103 28 Monday
1797 1288 61 24 next,

1279 1309 151 28 December's,
1443 1311 60 21 1842.

1313 1343 113 31 Proposed
1437 1343 31 31 hy
1659 1352 30 16 an
1701 1345 144 24 amendment
1853 1354 6 20 ;

1280 1376 111 23 seconded
1401 1376 27 31 ly
1440 1376 207 25 Mr/Fitzherhert
1658 1386 7 16 :
1667 1390 34 4 —

1306 1406 109 31 Tha'^itis
1425 1414 37 23 the
1472 1415 88 27 opinion
1570 1416 26 21 of
1602 1416 44 22 this
1665 1416 99 27 Council,
1775 1416 48 22 that
1831 1416 31 32 by

1280 1441 37 21 the
1327 1441 120 27 provisions
1458 1442 26 21 of
1491 1442 36 22 the
1536 1443 125 28 Municipal
1676 1443 135 27 Ordinance,
1823 1444 39 21 sth

1280 1467 105 24 Vie.No.
1395 1468 47 27 VI.,
1454 1469 37 22 the
1501 1469 82 22 second
1593 1470 96 22 election
1700 1470 26 21 of
1736 1470 124 22 Aldermen

1281 1494 53 26 do.es
1343 1498 42 19 not
1400 1496 48 21 take
1463 1496 62 26 place
1539 1496 61 22 until
1612 1497 39 22 the
1666 1497 47 22 first
1728 1496 100 28 Monday
1839 1497 25 21 of

1280 1521 131 28 December,
1422 1524 61 21 1843.

1313 1557 49 24 For
1378 1558 37 23 the
1437 1559 142 24 amendment
1579 1573 33 3 —
1613 1560 76 30 Lyon,
1708 1559 152 29 Fitzherbert,

1282 1590 101 30 Hunter,
1523 1593 157 30 Molesworth,
1703 1593 102 32 Guyton,
1818 1593 44 23 and

1280 1623 106 26 Jenkins.
1415 1641 3 6 ,

1309 1658 52 24 .For
1392 1658 35 24 the
1453 1659 95 31 original
1572 1660 87 24 motion
1659 1672 33 5 —
1692 1660 96 29 Dorset,
1813 1660 45 23 and

1282 1691 75 24 Scott.
1590 1697 21 19 '\

1315 1724 51 24 The
1385 1725 70 28 T,own
1478 1726 114 31 Surveyor
1608 1726 102 31 brought
1726 1727 33 23 in.
1767 1735 15 15 a
1797 1734 63 23 map,

1282 1759 104 30 showing
1396 1760 36 23 the
1442 1759 47 24 line
1507 1760 24 23 of
1546 1760 56 23 road
1619 1768 25 15 as
1663 1760 122 31 originally
1794 1761 68 29 given

1282 1795 47 26 out,
1341 1792 54 23 with
1406 1792 36 24 the
1454 1793 182 25 encroachments
1649 1794 102 23 thereon.

1306 1837 2 5 •
1315 1825 114 32 Proposed
1439 1826 31 32 by
1482 1826 46 24 Mr.
1541 1826 68 32 Lyon
1618 1835 7 21 ;
1644 1827 113 24 seconded
1767 1827 32 31 by
1811 1826 50 24 Mr.

1281 1858 87 24 Dorset
1376 1867 39 16 :—

1308 1895 61 22 That
1376 1896 54 22 until
1440 1896 37 22 the
1487 1896 80 23 arrival
1577 1897 26 21 of
1614 1896 38 23 the
1665 1896 99 23 certified
1773 1896 57 23 Plan
1840 1896 26 22 of

1280 1921 39 23 the
1334 1922 103 28 Borough
1451 1924 57 21 from
1522 1924 127 26 Auckland,
1665 1924 38 21 the
1722 1924 70 21 Town
1811 1924 52 21 Sur-

1280 1956 73 20 veyor
1361 1949 29 22 be
1401 1950 169 23 recommended
1579 1954 40 19 not
1632 1954 24 18 to
1665 1950 65 22 mark
1739 1953 39 20 out
1786 1957 44 20 any
1840 1950 26 21 of

1282 1976 38 21 the
1332 1976 112 28 .disputed
1461 1981 106 24 .property
1591 1985 29 14 on
1644 1977 189 27 Lambton-quay.
1833 1988 30 4 —
1865 1996 6 12 ,

1282 2002 97 22 Carried.
1404 2001 17 22 -'«•«
1431 2015 3 5 •
1456 2006 9 8 v
1532 2005 5 19 1
1604 2022 4 3 .
1620 2023 5 6 ,
1732 2015 13 9 v
1781 2013 35 15 >•,-,

1315 2040 114 31 Proposed
1440 2041 30 30 by
1483 2041 46 23 Mr.
1543 2040 68 32 Lyon
1619 2049 7 20 ;
1646 2041 113 23 seconded
1767 2041 32 31 by
1810 2041 49 24 Mr.

1282 2072 101 24 Johnson
1395 2082 5 15 :—:
1402 2086 30 4 —

1308 2104 59 22 That
1376 2104 40 22 this
1426 2105 94 22 Council
1532 2105 28 21 do
1570 2112 51 15 now
1630 2105 97 27 adjourn
1736 2105 33 23 till
1779 2105 84 23 Thurs-

1282 2131 43 28 day
1334 2135 62 24 next,
1410 2131 51 28 (this
1479 2132 42 27 day
1529 2132 79 27 week.)
1621 2132 37 22 the
1675 2132 38 22 Bth
1729 2132 132 27 December,

1283 2159 60 20 1842.

1374 2220 70 23 VICE
1458 2222 191 22 ADMIRALTY
1665 2222 108 23 COURT.

1807 2256 10 9 *s

1308 2270 92 23 Before
1412 2271 101 22 Edmund
1527 2272 138 28 Halswell,
1676 2273 62 27 Esq.,
1750 2274 83 22 Judoe.

1308 2304 28 22 In
1346 2304 43 27 the.
1394 2307 77 20 matter
1484 2305 26 22 of
1525 2305 38 23 the
1583 2306 110 22 schooner
1713 2308 72 27 Ganet,
1805 2307 58 23 built

1282 2333 24 19 at
1317 2331 68 22 Otaki
1393 2331 72 23 River.

1306 2357 66 28 Upon
1390 2359 89 27 reading
1496 2359 36 22 the
1552 2359 101 23 affidavit
1668 2361 46 22 and
1728 2361 91 28 petition
1839 2361 27 22 of

1282 2384 87 28 George
1380 2385 64 27 Scott,
1455 2386 37 22 the
1501 2386 94 28 builder,
1606 2387 44 22 and
1661 2395 58 20 upon
1729 2388 37 22 the
1776 2389 85 21 motion

1281 2411 25 22 of
1317 2412 45 22 Mr.
1374 2412 99 28 Hanson)
1484 2413 89 23 counsel
1589 2414 35 22 for
1637 2415 45 22 Mr.
1701 2415 68 26 Scott,
1785 2415 19 22 it
1817 2422 45 15 was

1280 2438 92 22 ordered
1383 2439 45 22 that
1435 2441 75 20 unless
1520 2447 65 15 cause
1595 2441 28 21 be
1633 2441 77 22 shewn
1720 2445 23 18 to
1753 2443 37 20 the
1808 2450 54 13 con-

1280 2469 66 24 trary,
1368 2466 44 22 that
1428 2467 44 21 Mr.
1488 2467 94 27 Brewer,
1597 2475 24 14 or
1636 2475 46 20 any
1687 2476 82 20 person
1778 2469 84 27 having

1280 2492 38 21 the
1329 2492 88 27 custody
1425 2493 27 21 of
1461 2493 39 22 the
1510 2494 119 22 certificate
1640 2495 26 21 of
1678 2496 93 26 register
1786 2496 27 21 of
1823 2496 38 21 the

1280 2519 109 22 schooner
1400 2521 69 26 Ganet,
1480 2520 55 22 shall
1545 2521 67 28 bring
1622 2521 37 22 the
1675 2529 61 15 same
1752 2523 48 21 into
1817 2523 43 21 this

1280 2546 74 27 Court,
1364 2547 94 21 to-abide
1467 2547 54 22 iuch
1529 2547 87 24 further
1626 2548 66 23 order
1703 2556 23 14 as
1740 2549 39 24 .the
1794 2549 69 22 Court

1280 2580 52 19 may
1342 2573 74 22 direct.

1307 2600 71 22 Cause
1386 2608 40 14 was
1436 2600 112 22 shewn-on
1557 2601 38 22 the
1606 2601 58 23 19th.

1306 2626 24 22 It
1338 2627 106 27 appeared
1455 2627 48 21 that
1513 2628 61 21 Scott
1583 2636 44 14 was
1637 2629 96 22 induced
1743 2631 21 19 to
1770 2629 48 27 sign
1823 2629 38 22 the

1280 2653 118 23 certificate
1406 2661 57 20 upon
1478 2655 112 27 receiving
1605 2656 82 21 certain
1705 2656 55 21 Bills
1777 2655 26 22 of
1816 2657 45 20 Ex-

1281 2680 92 27 change,
1386 2681 67 22 which
1462 2681 29 21 he
1498 2688 48 15 now
1552 2682 71 22 found
1630 2689 57 15 were
1693 2686 41 19 not
1739 2683 117 28 available,

1280 2707 45 22 and
1334 2714 56 20 gave
1398 2716 12 14 a
1414 2709 84 26 receipt
1506 2708 21 22 in
1536 2708 52 23 full.

1298 2735 2 8 1
1308 2734 59 22 Rule
1378 2734 133 27 discharged.

1306 2762 76 20 Fisher
1390 2770 19 14 v.
1421 2763 86 25 Toohey,
1518 2764 82 20 master
1609 2763 25 22 of
1642 2763 37 22 the
1684 2763 84 28 barque
1776 2764 84 27 Bolina,

1280 2789 34 21 for
1324 2789 106 22 seaman's
1439 2796 79 20 wages.
1546 2789 72 22 Order
1627 2790 36 22 for
1672 2791 100 27 plaintiff.

1306 2817 64 20 Jones
1379 2823 21 15 v.
1409 2817 34 20 the
1451 2822 61 16 same.
1550 2816 73 22 Order
1632 2817 36 22 for
1676 2817 104 28 plaintiff.

1308 2843 92 22 Cadman
1408 2850 19 15 v.
1438 2845 35 20 the
1482 2850 60 15 same.
1574 2844 72 21 Order
1655 2844 36 21 for
1699 2845 106 27 plaintiff.

1305 2871 111 26 Macarthy
1430 2878 22 15 v.
1467 2872 36 19 the
1520 2872 78 19 master
1615 2871 28 26 of
1658 2872 35 20 the
1713 2872 87 21 Success
1800 2883 27 4 —
1828 2872 35 22 for

1279 2897 106 28 pilotage.
1411 2898 83 22 Settled
1503 2902 36 18 out
1550 2898 26 22 of
1587 2898 75 22 Court.

1280 2952 139 25 COUNTY
1453 2952 125 30 COURT,
1612 2952 248 25 WELLINGTON.

1279 2996 123 22 BEFORE
1418 2996 54 22 HIS
1494 2996 113 23 HONOR
1628 2997 26 21 E.
1679 2996 181 28 HALSWLEL,

1407 3023 136 22 JUDGE.—
1544 3024 89 22 CIVIL
1649 3024 80 22 SIDE.
1730 3021 8 7 S

1419 3055 129 23 December
1559 3057 41 26 Ist,
1611 3055 45 22 and
1666 3055 53 22 2nd.

1308 3088 85 25 Wright
1401 3094 17 15 v.
1432 3088 107 22 Williams.
1541 3099 29 4 —
1570 3087 54 22 This
1633 3095 45 14 was
1693 3095 30 14 an
1733 3087 74 22 action
1818 3087 44 22 ori-

1278 3114 86 27 ginally
1372 3114 93 28 brought
1478 3115 33 22 for
1520 3115 84 26 £2,156
1619 3116 46 20 18s.
1681 3114 48 21 lid.
1759 3114 47 22 The
1824 3114 38 22 de-

1278 3140 93 22 fendant
1384 3148 41 15 was
1440 3142 95 21 arrested
1550 3148 62 19 upon
1626 3148 15 14 a
1654 3140 96 28 Judge's
1758 3145 102 23 warrant,

1279 3168 73 21 which
1362 3167 68 22 found
1442 3167 48 23 him
1498 3172 24 19 At
1531 3166 93 24 Nelson.
1652 3167 48 22 The
1712 3171 96 18 warrant
1818 3175 44 15 was

1280 3194 103 23 obtained
1397 3201 56 25 upon
1462 3194 38 22 the
1511 3194 60 28 joint
1583 3194 100 22 affidavit
1691 3194 27 21 of
1729 3194 36 22 the
1776 3194 90 27 plantiff

1279 3221 46 22 and
1333 3228 42 15 one
1386 3220 95 23 William
1494 3221 71 27 Stiles,
1582 3220 116 28 alledging
1712 3221 49 22 that
1776 3221 37 22 the
1823 3222 38 22 de-

1278 3248 143 22 fendant-was
1431 3248 68 21 about
1505 3250 24 19 to
1537 3248 65 22 leave
1612 3247 39 22 the
1661 3248 94 28 Colony.

1306 3275 46 22 Mr.
1367 3274 52 23 Ross
1433 3274 49 22 who
1498 3274 111 28 appeared
1621 3275 36 22 for
1674 3274 38 23 the
1730 3274 129 28 defendant,

1278 3300 46 23 had
1338 3301 102 22 obtained
1454 3308 14 15 a
1477 3300 47 23 rule
1533 3309 61 21 upon
1607 3304 92 19 counter
1713 3301 110 23 affidavits
1839 3306 22 18 to

1278 3328 58 21 have
1352 3328 37 22 the
1405 3328 117 22 defendant
1535 3328 98 27 brought
1645 3335 31 21 up
1686 3328 59 22 from
1755 3328 37 23 the
1803 3329 58 22 Gaol

1279 3359 23 18 at
1307 3354 138 28 Wellington,
1457 3355 45 22 and
1509 3355 129 28 discharged
1644 3359 40 18 out
1689 3355 26 22 of
1722 3356 38 21 the
1767 3356 94 27 custody

1279 3382 26 22 of
1317 3382 38 21 the
1371 3381 82 23 Sheriff.
1493 3382 23 22 It
1529 3382 112 28 appeared
1659 3382 51 22 that
1722 3382 39 22 the
1778 3383 82 27 parties

1278 3408 46 22 had
1341 3408 45 22 had
1400 3415 65 21 many
1480 3408 104 28 whaling-
1592 3410 145 21 transactions
1752 3409 106 27 together,

1279 3435 46 22 and
1334 3434 49 23 that
1390 3435 43 22 -the
1442 3435 99 28 plaintiff
1551 3436 47 21 had
1610 3436 67 27 given
1687 3443 14 14 a
1710 3436 89 28 general
1815 3437 46 22 and

1277 3462 42 22 full
1329 3469 72 21 power
1409 3462 23 22 of
1440 3466 99 23 attorney
1548 3466 23 19 to
1581 3463 94 27 Captain
1687 3463 59 28 Hay,
1753 3463 38 22 the
1801 3463 59 22 Har-

1277 3489 57 22 bour
1343 3489 82 22 Master
1434 3489 25 21 of
1471 3489 43 22 this
1524 3490 57 26 Port,
1598 3493 22 18 to
1629 3489 65 22 settle
1708 3490 31 22 all
1748 3493 110 25 accounts,

1278 3516 46 22 and
1332 3516 51 27 give
1393 3515 129 29 discharges,
1535 3516 45 22 and
1589 3516 48 22 that
1646 3516 74 23 under
1734 3516 49 23 this-
1786 3525 74 19 power

1277 3542 30 23 he
1315 3542 94 23 referred
1421 3542 38 22 the
1472 3546 91 19 matters
1571 3544 25 21 in
1610 3543 88 28 dispute
1712 3544 101 22 between
1822 3544 38 21 the

1277 3570 101 27 plaintiff
1381 3569 40 22 and
1431 3569 128 28 defendant,
1569 3572 23 19 to
1606 3570 45 22 Mr.
1663 3570 61 23 John
1734 3570 71 23 Wade
1815 3571 54 23 and.

1278 3596 46 23 Mr.
1334 3596 37 24 W.
1381 3596 129 27 B.Rhodes,
1522 3596 49 22 who
1586 3597 75 22 made.
1667 3603 36 20 an,
1711 3598 75 21 award
1800 3596 69 24 morei

1277 3623 55 23 than
1342 3623 76 22 twelve
1426 3623 89 22 months
1523 3630 48 20 ago.
1599 3624 48 22 The
1654 3624 94 23 balance
1759 3632 43 15 was
1807 3624 53 29 paid

1278 3658 53 14 over
1344 3650 31 26 by
1390 3650 33 21 the
1437 3649 128 29 defendant,
1581 3650 44 22 and
1640 3658 14 14 a
1672 3651 56 22 deed
1738 3652 26 21 of
1776 3652 83 21 release

1267 3674 2 17 1
1277 3677 66 26 given
1352 3677 34 27 hy
1390 3677 88 27 Captain
1489 3676 52 28 Hay
1549 3684 29 15 on
1587 3677 79 22 behalf
1671 3678 26 22 of
1702 3678 35 22 his
1745 3678 114 28 principal.

1277 3704 54 23 This
1341 3711 70 19 power
1419 3703 25 23 of
1448 3706 100 26 attorney
1557 3711 46 15 was
1611 3711 69 16 never
1688 3705 133 27 repudiated
1830 3705 31 27 by

1277 3731 38 22 the
1324 3730 97 29 plaintiff,
1433 3730 49 22 who
1491 3730 102 28 alledged
1603 3731 47 22 that
1659 3735 41 18 not
1714 3732 67 28 being
1788 3732 73 22 under

1270 3758 53 22 .seal
1333 3758 89 26 Captain.
1436 3757 53 28 Hay
1497 3757 44 22 had
1548 3765 31 14 no
1596 3765 74 20 power
1679 3761 24 19 to
1712 3761 94 20 execute
1816 3766 44 20 any

1277 3785 57 23 deed
1345 3785 26 22 of
1377 3784 80 23 release
1466 3791 30 15 on
1503 3784 35 22 his
1545 3784 85 28 behalf,
1641 3786 40 21 but
1690 3793 31 14 no
1729 3786 129 22 revocation

1277 3812 26 21 of
1309 3812 38 22 the
1356 3818 70 20 power
1435 3818 52 15 ever
1498 3811 51 23 took
1559 3812 69 28 place,
1644 3819 42 15 nor
1695 3812 40 22 did
1743 3812 38 23 the
1789 3812 71 29 plain-

1276 3838 39 23 tiff
1318 3838 59 23 until
1385 3838 65 28 lately
1458 3838 90 28 impugn
1557 3838 40 23 the
1604 3839 144 23 instrument.

1303 3865 29 22 In
1348 3865 38 22 the
1401 3866 102 26 Supreme
1513 3866 68 22 Court
1596 3865 75 23 which
1685 3869 35 19 sat
1728 3866 24 22 in
1762 3866 98 22 October

1275 3891 50 27 last,
1336 3899 14 14 a
1358 3891 83 23 verdict
1453 3892 30 28 by
1493 3895 92 20 consent
1599 3900 45 15 was
1652 3892 70 23 taken
1731 3893 35 21 for
1774 3893 86 27 £1,500

1275 3918 47 23 and
1338 3919 34 24 £2
1387 3922 63 24 costs,
1469 3918 86 28 subject
1573 3923 24 19 to
1611 3927 15 15 a
1642 3920 115 22 reference
1773 3923 22 19 to
1814 3920 45 22 Mr.

1277 3945 103 26 Murphy,
1392 3949 20 18 to
1419 3946 30 22 be
1458 3946 64 22 made
1531 3953 15 15 a
1553 3946 51 23 rule
1612 3946 27 23 of
1646 3947 76 24 Court,
1733 3946 44 23 and
1787 3947 18 23 it
1813 3947 47 23 fur-

565 38 99 46 myt
687 37 118 43 Wrta
832 38 210 41 Ztalmxt*
1065 38 197 49 <ffia#tte
1282 40 92 45 at!*
1398 40 296 47 ZWitUiuqton
1718 37 256 52 &pt<;tatot\

1887 129 48 22 ther
1948 131 111 26 appeared
2074 131 50 22 that
2137 132 31 27 by
2177 139 29 14 an
2220 131 159 24 indorsement)
2386 140 28 15 on
2430 134 38 21 the

1886 155 58 22 back
1958 157 26 20 of
1998 156 38 21 the
2143 158 63 23 .Bail
2225 165 52 16 was-
2284 158 98 23 directed
2399 163 23 18 to
2440 160 29 22 ba

1889 182 65 22 taken
1963 183 35 21 for
2007 183 84 26 £1,500
2100 184 43 22 and
2153 185 48 24 £50
2210 184 128 23 additional.

1913 209 46 22 Mr.
1969 209 94 22 Hanson
2068 217 46 15 was
2123 211 69 22 heard
2200 216 22 17 at
2230 214 63 25 great
2301 211 77 27 length
2383 212 88 27 against

1888 235 36 22 the
1934 235 64 28 Rule,
2009 236 46 22 and
2065 236 45 22 Mr.
2121 237 57 22 Ross
2187 238 24 21 in
2220 241 98 25 support.
2345 238 47 22 The
2402 238 68 23 docu-

1888 265 71 18 ments
1970 262 44 22 and
2023 262 111 22 affidavits
2141 271 58 14 were
2206 272 53 20 very
2268 264 146 27 voluminous,
2427 265 43 22 and

1889 288 36 22 the
1939 291 128 24 arguments
2082 289 72 22 lasted
2167 291 76 27 nearly
2254 291 38 22 the
2308 291 70 22 whole
2393 291 28 24 of,
2432 291 37 22 tHe

1889 314 47 22 first
1945 314 54 27 day.
2404 315 4 3 '
2464 317 6 9 '

1913 341 49 22 The
1973 341 67 23 Court
2050 345 40 29 .sa|
2107 343 66 26 again
2189 350 36 15 on'
2235 343 37 22 the
2281 344 45 22 2nd
2339 344 35 22 for
2383 343 87 23 further

1888 367 128 23 references',
2020 368 50 22 and,
2075 369 119 22 affidavits.
2325 371 2 10 '
2439 379 10 8 ■-■

1901 393 57 23 .His
1969 394 85 22 Honor;
2058 395 54 27 said,
2127 391 49 26 tliat
2183 395 19 22 it
2211 397 110 26 appeared
2328 397 32 28 by
2368 397 36 22 the
2415 404 55 15 con-

1889 423 49 18 sent
1946 424 32 18 to-
1984 421 38 21 the
2037 421 87 23 verdict
2137 422 24 22 in
2173 422 36 22 the
2227 423 106 27 Supreme
2346 425 74 26 Court,
2432 424 38 21 the

1889 447 120 21 defendant
2025 447 47 22 had
2090 449 86 21 waived
2198 449 37 22 the
2258 449 144 23 arbitrament
2426 450 44 23 and

1889 473 71 23 award
1969 473 73 23 under
2058 474 73 27 Hay's
2142 482 76 19 power
2233 475 25 22 of
2272 479 108 25 attorney,
2395 477 18 22 it
2428 484 45 15 was

1887 507 48 15 now
1949 503 81 19 matter
2044 500 26 22 of
2079 501 178 28 recordjinlthat
2271 503 74 26 Court,
2359 504 25 21 in
2398 503 84 31 windy

1889 527 36 21 the
1934 527 82 26 parties
2026 531 60 17 must
2095 535 64 15 move
2169 524 79 33 iffthey
2256 529 106 22 intended
2372 533 22 19 to
2402 530 70 27 apply

1884 556 70 19 -touset
1963 553 60 22 aside
2032 553 37 23 the
2076 554 93 23 verdict.
2197 555 49 22 The
2251 556 100 27 question
2357 557 115 21 narrowed

1888 579 61 23 itself
1955 583 24 18 to
1988 580 72 22 this—
2061 588 45 14 was
2115 581 63 23 there
2194 589 44 20 any
2247 582 53 21 debt
2310 582 42 22 due
2365 582 57 22 from
2434 583 36 21 the

1887 606 101 27 plaintiff,
1999 607 47 22 and
2059 607 20 22 if
2093 614 29 19 so,
2135 615 44 14 was
2194 608 60 22 there
2268 608 110 22 sufficient
2386 609 87 27 ground

1889 633 26 21 to'
1925 633 86 22 believe
2026 634 37 22 the
2080 633 124 23 defendant
2216 635 106 21 intended
2336 639 22 18 to
2373 636 48 27 quit
2435 636 38 22 the

1890 659 102 28 Colony?,
2017 660 37 22 He
2070 660 46 22 had
2132 661 67 27 given
2207 661 22 23 it
2242 661 36 22 his
2293 662 47 22 best
2354 662 116 27 attention,

1889 687 49 25 and,
1953 687 73 21 under
2040 687 30 21 all
2085 687 38 22 the
2137 687 178 28 circumstances,
2331 688 40 22 felt
2383 689 94 22 himself

1985 717 23 18 to
2018 713 116 28 discharge
2143 715 38 21 the
2190 714 64 27 Rule,
2261 715 40 22 but
2308 715 91 22 without
2404 719 66 24 costs,

1889 746 23 15 as
1927 739 30 23 he
1973 740 93 27 thought
2075 741 39 22 the
2124 741 122 22 defendant
2254 741 45 22 Had
2307 742 60 27 good
2374 742 99 27 grounds
2493 759 3 10 4

1889 766 33 23 for
1931 767 90 28 making
2030 767 38 22 the
2078 768 150 27 application.,
2239 778 3 6 -■
2251 780 3 5 ■
2280 780 2 10 i
2301 783 4 9 ..

2023 826 177 25 NELSON
2213 828 125 25 NEWS.

212 140 8 6 ,-
245 125 85 22 Fresh
483 128 6 7 '
490 122 15 10 Ji
544 125 3 4 '
546 120 15 16 v

57 160 161 50 ALWAYS
235 167 28 15 on
278 160 50 22 Sale
341 162 26 19 at
383 158 38 22 the
431 158 65 23 Meat
506 158 134 28 Company's

113 187 137 27 .premises.

105 213 11 26 f
209 228 4 3 .
285 229 5 5 ,
327 212 36 23 W.
379 212 103 28 Flyger,
497 212 117 27 Manager.
623 214 4 10 '
633 231 5 4 .

84 245 156 28 Willis-street,
252 247 56 21 Dec.
318 241 19 26 2~
351 247 61 24 1842,
583 237 2 4 '

56 288 287 50 JLEWTHWAITE
356 288 144 27 respectfully
516 295 125 15 announces

97 328 12 11 •
138 316 49 21 that
195 315 27 21 he
232 315 40 21 has
281 315 104 21 received
400 315 143 22 instructions
551 318 23 18 to
586 315 56 21 offer

54 343 36 22 for
107 343 52 25 sale,
169 342 30 27 by
209 341 77 22 Public
297 341 105 27 Auction,
420 348 29 15 on
463 341 38 21 the
511 341 37 22 6th
558 341 46 27 day
617 341 26 21 of

55 369 126 22 December
198 371 61 21 next,
278 367 99 23 allthat
389 367 109 23 .valuable
517 368 87 22 Section
609 367 34 21 'of

55 395 68 23 Town
134 394 65 23 Land
207 394 25 22 in
242 394 57 22 New
312 394 133 32 Plymouth;-
451 395 69 26 being
534 394 71 22 Order
609 393 35 22 'of

55 422 83 22 Choice
157 421 46 27 277,
224 421 78 25 which,
311 428 113 20 possesses
436 421 155 27 unparalleled
601 420 40 22 ad-

55 452 107 23 vantages
168 455 25 14 as
200 455 13 15 a
218 448 48 20 mill
272 449 47 26 site,
327 447 85 28 having
418 450 23 19 at
445 451 90 24 present
539 446 101 29 upwards

55 475 27 21 of
88 477 27 19 20
124 475 45 21 feet
182 474 46 27 fall,
239 474 44 22 and
298 475 19 21 is
334 474 38 22 the
392 474 53 27 only
454 474 49 22 mill
518 474 40 22 site
573 474 31 26 in,
616 480 25 15 or

54 501 86 26 within,
151 508 68 19 many
229 501 63 21 miles
303 501 25 21 of
330 501 43 21 .the
383 501 69 22 Town
460 508 6 15 :
480 501 20 21 is
508 500 78 22 within
596 503 47 26 two,

54 528 98 22 minutes
158 527 57 23 walk
221 527 25 21 of
249 527 38 22 the
292 527 80 25 beach,
379 527 45 22 and
430 527 70 22 fronts
508 527 132 26 Carrrngton
640 532 4 9 1
644 536 4 4 -

55 554 72 27 Road,
136 554 38 22 the
182 555 69 25 grand
261 554 97 28 opening
366 554 48 22 into
429 554 39 22 the
476 555 68 26 finest
555 554 85 21 district

40 589 5 2 -
54 581 28 26 of
88 583 35 19 the
125 583 67 26 finest
202 583 87 24 country
295 583 24 19 in
328 582 35 20 the
372 581 74 21 world.

316 616 65 19 ALSO,

62 655 4 5 ,
82 635 41 23 All
141 636 62 22 those
221 638 44 19 two
284 634 158 28 substantially
459 635 58 22 built
539 634 101 22 Wooden

54 662 90 22 Houses
163 661 94 23 situated
275 669 62 20 upon
355 661 39 23 the
412 661 49 23 said
480 661 95 26 Section,
595 661 45 21 and

53 689 69 26 lately
130 689 26 22 in
169 689 38 21 the
222 688 131 28 occupation
371 689 27 21 of
409 689 93 21 Messrs.
512 688 27 22 T.
548 687 46 22 and
603 687 28 21 W
630 703 9 17 r

54 715 80 26 Bayly.
200 719 205 21 .■''''
629 722 4 23 |

82 742 50 22 Sale
150 745 22 19 to
191 741 51 23 take
259 741 66 28 place
344 749 28 15 on
387 741 38 22 the
442 741 97 26 Section,
549 743 24 19 at
581 747 59 15 noon

52 768 117 29 precisely.

82 802 56 22 New
148 802 126 28 Plymouth,
286 802 98 21 October
393 802 21 26 5,
426 802 61 21 1842.
630 801 3 10 '

54 847 41 21 To
109 848 46 21 the
170 847 138 21 Creditors
319 846 30 21 of
362 846 109 27 Wright
480 846 56 20 and
546 846 89 20 Clark.

54 881 102 48 ADI
158 880 122 22 VIDEND
289 880 27 22 of
320 880 44 21 five
374 879 102 27 shillings
481 879 25 22 in
516 879 37 21 the
562 878 79 27 pound

134 907 44 22 will
195 907 28 22 be
238 906 53 28 paid
306 910 23 18 to
344 906 38 22 the
396 906 107 22 creditors
516 906 26 21 of
551 905 90 27 Wright

54 934 45 21 and
119 934 71 26 Clark,
210 940 28 15 on
257 933 45 22 and
321 933 58 22 after
398 933 108 27 Monday,
526 933 38 21 the
586 932 55 22 28th

53 960 93 27 instant,
158 964 23 18 at
190 960 38 22 the
243 960 76 22 offices
336 960 26 21 of
382 960 91 22 Messrs.
494 962 81 19 Waitt
594 966 46 15 and

31 1008 4 5 ,
54 987 85 22 Tyser.
496 995 5 10 >

83 1019 144 27 Wellington,
243 1014 52 26 Oct.'
304 1020 34 26 ?2,
350 1013 61 27 J842.
560 1035 3 3 .

269 1069 3 4 '
295 1063 107 21 Notice.

52 1097 93 48 ALL
170 1096 143 23 PERSONS-
327 1096 84 28 having
430 1103 50 20 any,
493 1096 98 22 demand
611 1104 29 14 on

118 1124 37 21 the
170 1122 157 28 undersigned,
351 1130 38 15 are
403 1123 119 27 requested
546 1126 21 19 to
585 1131 38 14 sen
627 1131 15 14 a

52 1150 38 22 the
115 1157 59 15 same
192 1150 23 21 in
234 1149 155 28 immediately
407 1153 24 18 to
449 1150 92 22 Messrs.
560 1150 82 28 Henry

51 1177 84 27 Taylor
144 1176 45 23 and
198 1176 58 23 Cos.
269 1177 70 22 Store:

360 1203 31 22 D.
405 1204 24 21 S.
443 1203 81 22 Ddrie
539 1204 19 21 &
573 1204 40 22 Co.

52 1230 144 26 Wellington,
209 1230 130 22 November
349 1232 33 24 18,
394 1231 62 20 1842.

160 1275 196 23 SUFFOLK
384 1275 150 27 HOTEL,

331 1310 30 14 BY

261 1329 34 21 H.
315 1329 115 26 Garrod,

109 1369 124 14 THORNDON
252 1369 69 19 QUAY,
337 1368 63 15 NEAR
419 1369 94 15 PIPITEA
532 1369 53 16 PAH.

55 1416 77 26 Wines,
155 1416 85 27 Spirits,
260 1416 37 25 fyc.
317 1416 28 25 of
360 1416 35 20 the
407 1417 55 25 first
482 1417 87 28 quality,
586 1423 56 21 upon

246 1444 119 19 reasonable
377 1445 71 19 terms.

52 1490 136 49 DAVID
202 1490 194 27 WILKINSON,
410 1490 56 27 begs
476 1493 24 19 to
509 1491 84 21 inform
602 1491 38 22 the

134 1517 81 28 public,
237 1517 48 22 that
304 1518 28 22 he
348 1517 41 22 has
405 1524 51 15 now
472 1517 69 28 ready
549 1518 36 22 for
595 1518 46 22 sale

51 1544 74 27 plants
142 1544 26 22 of
177 1542 49 24 that
239 1544 109 22 beautiful
363 1551 51 15 new
430 1544 100 27 seedling
545 1546 97 20 mimulus

54 1572 141 24 Wilkinsonii,
205 1571 38 22 the
252 1571 105 22 varieties
365 1573 87 24 youngii
459 1571 45 22 and
512 1573 83 20 smithis
604 1580 37 14 are

51 1601 41 19 not
109 1601 22 19 to
147 1599 27 21 be
191 1598 120 28 compared
326 1601 22 18 to
366 1599 31 26 it;
421 1598 38 22 the
480 1598 106 23 blossoms
603 1606 38 15 are

50 1628 56 18 neat
115 1625 44 21 and
167 1625 88 27 regular
269 1625 26 21 in
309 1625 65 27 form,
393 1625 46 21 and
454 1628 59 20 most
528 1626 113 27 distinctly

50 1651 93 22 marked
161 1652 53 22 with
232 1651 96 22 crimson
348 1659 29 15 on
396 1652 80 27 yellow
492 1653 93 28 ground,
603 1653 38 22 the

50 1678 88 22 flowers
148 1686 38 14 are
196 1678 116 28 produced
318 1679 23 21 in
353 1679 134 21 abundance
497 1679 47 22 and
549 1679 93 22 renders

52 1705 38 21 the
99 1705 63 28 plant
171 1713 53 20 very
234 1705 83 28 showy,
329 1705 45 22 and
389 1705 111 28 produces
515 1714 14 14 a
543 1707 99 22 brilliant

50 1739 138 21 appearance
194 1740 6 19 ;
212 1732 37 22 the
258 1732 65 28 plant
332 1733 19 21 is
361 1740 53 20 easy
423 1736 22 18 to
456 1733 107 22 increase.

79 1759 49 22 P.S.
147 1759 122 27 Flowering
278 1759 75 28 plants
362 1764 41 18 two
413 1759 102 28 shillings
525 1760 60 23 each,

79 1790 51 23 Oct.
142 1792 35 26 20,
189 1792 61 21 1842.
261 1814 5 6 ,
