2540 4029
704 1553 49 24 Mr.
766 1553 71 31 Spain
853 1554 106 23 returned
971 1560 22 17 to
1015 1560 59 19 town
1091 1557 58 22 after
1170 1557 82 31 having

669 1586 65 23 acted
752 1587 24 23 in
796 1586 133 31 conformity
942 1588 54 23 with
1015 1588 37 24 the
1071 1590 181 29 advertisement,

669 1619 38 23 the
719 1620 120 24 substance
852 1621 25 22 of
892 1621 72 23 which
976 1629 33 15 we
1022 1622 55 23 have
1094 1623 67 30 given
1174 1624 77 23 above.

669 1653 59 23 This
739 1653 129 31 gentleman
886 1654 116 30 professed
1014 1655 38 23 the
1070 1662 100 25 greatest
1180 1657 72 24 desire

668 1691 23 18 to
703 1687 66 23 settle
781 1687 37 23 the
826 1687 67 23 Land
901 1687 121 25 Question.
1059 1689 46 22 His
1116 1691 136 28 professions

668 1727 60 16 were
745 1720 115 30 generally
872 1720 101 24 believed
991 1726 22 18 to
1026 1722 27 23 be
1070 1722 120 29 insincere,
1209 1724 43 23 and

668 1753 28 22 he
708 1760 46 16 was
765 1753 82 23 looked
865 1761 60 22 upon
938 1762 24 15 as
975 1753 37 25 the
1025 1755 46 23 sole
1089 1763 68 16 cause
1175 1757 24 23 of
1215 1757 37 23 the

668 1786 202 24 embarrassments
888 1787 30 31 by
934 1788 72 23 which
1020 1788 36 24 the
1075 1789 108 24 colonists
1194 1798 58 16 were

668 1819 72 22 beset.

702 1852 48 25 Mr.
773 1853 177 24 Commissioner
970 1855 72 31 Spain
1063 1856 139 30 announced,
1222 1857 30 30 by

667 1885 181 30 advertisement,
862 1887 47 23 that
926 1887 29 23 he
967 1889 74 22 would
1055 1889 78 31 finally
1145 1890 59 24 close
1216 1890 36 23 his

668 1919 72 23 Court
751 1920 24 23 in
787 1920 139 31 Wellington
939 1929 29 15 on
980 1921 38 24 the
1032 1922 56 24 19th
1099 1923 67 23 Junet
1178 1925 72 27 1843,

666 1952 59 24 after
746 1953 72 23 whicli
839 1961 29 15 no
890 1953 88 24 further
999 1956 108 27 evidence,
1114 1946 87 43 .jsjjmld
1223 1957 29 22 be

780 1986 24 20 in
815 1990 93 24 support
919 1985 27 22 of
964 1992 44 22 any
1020 1985 25 22 of
1053 1985 37 23 the
1103 1976 148 33 casCT^which

666 2016 45 22 had
728 2016 58 23 from
807 2017 53 23 time
879 2021 22 18 to
921 2017 54 23 time
997 2018 56 22 been
1074 2018 126 24 advertised
1217 2019 35 23 for

665 2049 104 31 hearing.
810 2050 39 23 All
873 2050 37 23 the
931 2051 174 24 circumstances
1128 2052 124 24 connected

665 2082 56 23 with
732 2083 38 23 the
782 2083 98 23 horrible
892 2083 119 24 Massacre
1024 2091 23 17 at
1060 2085 92 23 Wairau
1164 2094 38 15 are
1215 2091 36 18 too

665 2116 62 23 fresh
737 2124 29 15 on
779 2117 37 23 the
835 2125 100 21 memory
948 2117 25 23 of
989 2125 41 16 our
1048 2118 90 23 readers
1157 2122 23 20 to
1194 2120 57 23 need

665 2150 116 31 recalling.
817 2150 24 24 It
851 2151 21 22 is
884 2150 52 31 only
949 2158 120 25 necessary
1087 2157 22 18 to
1129 2157 59 19 state
1202 2152 50 24 that

665 2184 17 21 it
694 2184 107 23 occurred
813 2192 28 14 on
851 2183 37 23 the
903 2184 55 24 17th
971 2184 69 24 June.

698 2216 52 24 The
765 2216 93 24 Gazette
869 2218 25 22 of
909 2217 38 23 the
959 2218 57 23 26th
1034 2218 61 31 July,
1108 2220 74 27 1843,
1196 2228 53 14 con-

664 2250 76 23 tained
753 2258 13 15 a
778 2258 53 22 very
842 2258 77 15 severe
932 2251 77 23 article
1027 2260 60 23 upon
1100 2252 37 23 the
1149 2252 66 24 mode
1227 2254 22 22 in

665 2283 71 23 which
750 2283 47 23 Mr.
811 2284 71 31 Spain
894 2284 44 24 had
955 2284 93 31 delayed
1069 2285 38 23 the
1119 2286 130 24 settlement

663 2317 26 22 of
707 2317 38 22 the
765 2316 68 24 Land
844 2317 122 25 Question.
1003 2318 64 23 Love
1080 2319 24 22 of
1121 2320 64 23 office
1206 2320 43 23 and

663 2350 75 29 salary
746 2350 51 31 paid
806 2350 113 31 quarterly
929 2358 56 16 were
994 2352 73 23 stated
1074 2360 25 14 as
1106 2352 40 24 the
1156 2353 93 23 motives

665 2383 29 30 by
706 2383 74 23 which
793 2384 45 22 this
849 2385 129 28 gentleman
991 2393 44 15 was
1048 2385 121 26 animated.

697 2416 83 24 Either
801 2425 27 15 on
849 2418 38 22 the
905 2425 63 15 same
987 2418 43 31 day
1044 2426 25 16 or
1080 2426 13 16 a
1105 2419 50 30 day**
1161 2426 24 16 or
1206 2425 43 18 two

662 2450 67 29 after,
740 2450 39 23 the
790 2451 74 22 writer
875 2450 25 23 of
909 2450 45 23 this
968 2452 76 23 article
1057 2456 46 19 met
1116 2452 47 24 Mr.
1177 2453 71 31 Spain

662 2488 23 18 at
695 2484 38 22 the
744 2484 71 22 house
823 2484 24 22 of
854 2491 13 15 a
875 2484 86 23 mutual
968 2486 169 30 acquaintance.
1162 2486 86 24 Others

662 2524 59 16 were
733 2521 99 27 present.
868 2517 51 24 The
931 2520 155 22 conversation
1095 2519 81 24 turned
1187 2520 61 31 ilpon

663 2550 37 24 the
713 2550 68 24 Land
794 2550 119 30 Question,
926 2551 65 23 when
1003 2552 48 24 Mr.
1067 2553 71 30 Spain
1154 2560 94 24 expres-

662 2584 40 23 sed
714 2584 36 23 his
762 2584 140 31 indignation
914 2590 24 17 at
955 2585 38 23 the
1005 2586 77 23 article
1099 2587 23 22 in
1134 2588 112 30 question.

662 2617 52 23 The
735 2618 154 23 conversation
913 2626 47 15 was
982 2619 128 28 continued,
1132 2620 44 22 and
1199 2621 49 23 that

661 2651 131 30 gentleman
804 2651 90 23 learned
912 2651 35 24 for
967 2652 36 23 the
1014 2653 51 22 first
1083 2654 55 22 time
1150 2653 47 25 that
1209 2654 39 23 the

662 2684 91 23 settlers
765 2692 57 15 were
842 2684 83 31 utterly
937 2686 105 30 ignorant
1063 2687 23 23 of
1103 2686 38 24 the
1159 2694 87 16 corres-

662 2718 116 30 pondence
790 2718 72 23 which
876 2718 41 23 had
931 2719 56 22 been
1008 2720 86 23 carried
1105 2727 30 16 on
1148 2720 99 24 between

663 2752 37 22 the
714 2751 184 29 Commissioner,
911 2752 38 23 the
968 2752 86 31 Acting
1070 2753 125 30 Governor,
1209 2754 37 24 the

663 2785 139 31 Company's
820 2785 85 30 Agent,
926 2786 43 23 and
991 2785 36 24 his
1046 2787 147 30 Sub-Agont,
1209 2795 37 16 re-

662 2820 104 29 specting
778 2818 38 23 the
829 2818 128 24 settlement
969 2820 25 22 of
1004 2820 37 24 the
1050 2820 66 24 Land
1124 2820 120 26 Question.

662 2853 24 22 A
699 2857 121 18 statement
832 2859 45 16 was
897 2852 72 29 made,
982 2853 73 23 which
1074 2854 38 23 led
1123 2854 37 23 the
1173 2856 75 23 writer

663 2886 25 22 of
698 2885 45 23 this
756 2885 77 23 article
842 2891 21 17 to
877 2889 57 19 state
946 2886 49 23 that
1006 2886 28 24 he
1042 2887 73 24 would
1124 2887 122 25 undertake

663 2923 23 19 to
708 2919 110 23 establish
841 2919 47 23 that
910 2924 40 18 not
973 2921 36 22 six
1032 2922 89 22 settlers
1145 2922 22 23 in
1189 2921 59 24 Port

663 2952 128 24 Nicholson
803 2959 56 16 were
881 2960 71 16 aware
971 2953 50 23 that
1035 2962 44 23 any
1090 2962 157 23 arrangement

663 2985 44 24 had
719 2986 57 23 been
789 2985 90 24 entered
889 2987 47 22 into
948 2987 100 23 between
1061 2988 37 23 the
1111 2988 135 32 Company's

661 3020 80 30 Agent
754 3020 44 22 and
810 3019 36 23 the
857 3019 86 32 Acting
957 3020 126 24 Governor.
1107 3021 40 23 All
1154 3028 93 20 present

662 3053 92 23 avowed
766 3053 85 23 similar
871 3053 122 31 ignorance
1009 3054 46 23 and
1067 3053 74 26 belief.
1152 3075 5 9 f
1174 3055 23 26 A
1209 3063 37 16 re-

662 3092 67 25 quest
745 3095 46 15 was
810 3087 65 23 made
893 3092 22 18 to
933 3095 38 15 see
992 3088 37 23 the
1048 3089 196 30 correspondence,

662 3120 45 23 and
719 3120 38 23 the
768 3120 71 23 result
851 3128 44 15 was
905 3128 14 16 a
930 3121 127 24 conviction
1069 3122 22 23 in
1105 3122 37 23 the
1152 3122 94 25 writer's

661 3153 67 23 mind
739 3154 49 22 that
801 3154 47 24 Mr.
869 3154 178 24 Commissioner
1069 3155 71 31 Spain
1152 3155 41 23 had
1206 3162 41 18 not

662 3187 54 30 only
729 3192 39 18 not
784 3187 57 23 been
861 3187 129 24 indifferent
1008 3193 23 18 to
1051 3188 37 23 the
1109 3190 103 22 interests
1223 3190 26 23 of

663 3220 38 23 the
713 3220 99 28 settlers,
825 3220 40 23 but
877 3220 48 24 that
938 3220 27 24 he
977 3220 45 24 had
1034 3222 77 23 shown
1132 3218 36 35 tr|e
1188 3227 59 19 most

661 3253 164 31 praiseworthy
837 3255 91 30 anxiety
940 3262 29 15 on
980 3255 59 22 their
1052 3255 82 23 behalf.
1142 3258 14 19 A

697 3286 51 23 The
759 3287 119 30 foregoing
896 3287 153 25 introduction
1062 3289 20 23 is
1093 3295 117 25 neceisary
1222 3294 24 18 to

661 3320 93 30 explain
772 3319 39 24 the
822 3319 144 25 information
976 3328 34 16 we
1020 3329 38 16 are
1069 3322 70 23 about
1151 3319 27 27 'to
1190 3322 56 24 offer

662 3359 22 17 to
698 3355 47 21 our'
751 3353 98 23 readers.
1152 3351 4 10 '

697 3385 24 24 It
730 3394 94 23 appears
844 3386 49 23 that
904 3387 24 22 in
948 3386 54 32 July
1015 3395 33 16 or.
1058 3388 99 31 August^
1172 3390 72 28 1842,

662 3419 38 23 the
714 3419 137 31 Company's
871 3420 79 30 Agent
962 3426 68 18 wrote
1042 3427 23 17 to
1083 3422 38 23 the
1133 3422 112 24 Commis-

662 3454 77 22 sioner
757 3453 121 30 admitting
898 3453 48 23 that
966 3453 38 24 the
1027 3454 135 32 Company's
1184 3456 60 23 titles

661 3495 60 15 were
740 3486 136 31 imperfect.*
902 3486 40 24 He
954 3486 71 24 asked
1045 3494 22 17 to
1079 3489 27 23 be
1118 3488 91 32 ailpwed
1222 3494 22 18 to

661 3528 54 15 cuie
729 3519 69 30 them,
810 3519 43 23 and
865 3520 111 30 proposed
997 3520 49 24 that
1065 3519 85 30 certaiq
1154 3535 3 15 t
1161 3522 83 30 parties

661 3553 81 23 should
755 3557 36 19 act
811 3561 24 15 as
847 3553 140 29 arbitrators,
1001 3554 43 23 and
1067 3554 47 24 that
1126 3556 38 34 fyjt
1174 3556 70 24 Com-

660 3587 122 22 missioner
793 3585 81 24 should
886 3590 36 19 act
933 3594 25 15 as
970 3588 89 30 umpire
1071 3588 99 25 between
1182 3589 62 24 them

660 3619 82 24 should
754 3627 14 16 a
779 3619 85 24 referee
875 3619 28 24 be
914 3627 128 25 necessary.
1079 3621 104 30 Further,
1195 3622 49 24 that

660 3660 26 16 as
698 3652 56 24 each
775 3653 74 23 award
869 3660 45 16 was
934 3653 74 30 made^
1021 3654 38 24 the
1077 3656 167 31 compensation

660 3685 82 24 should
754 3686 28 23 be
794 3686 151 31 immediately
957 3687 52 30 paid
1030 3692 22 20 to
1065 3688 38 24 the
1112 3689 96 30 natives,
1221 3694 22 19 to

660 3724 95 27 prevent
766 3719 88 23 further
865 3719 117 26 demands.

694 3752 60 25 This
783 3753 190 31 correspondence
1001 3762 45 16 was
1075 3755 122 27 forwarded
1220 3760 22 20 to

658 3785 134 30 Auckland,
805 3786 91 31 warmly
908 3787 123 31 supported
1040 3788 30 31 by
1080 3783 162 35 the(Cpmmis-

658 3820 85 24 sionor.
781 3819 23 24 It
823 3827 95 24 appears
936 3825 24 19 to
978 3820 57 24 have
1047 3814 85 35 arrive^
1140 3822 50 31 just
1200 3823 41 23 be-

658 3854 50 23 fore
720 3861 25 16 or
757 3853 58 24 after
835 3853 39 24 the
891 3853 66 25 death
976 3855 26 24 of
1018 3855 96 31 Captain
1128 3855 112 30 -l&obson,

658 3888 44 23 and
715 3895 33 15 we
761 3891 92 27 suspect
870 3887 35 24 led
928 3892 23 19 to
968 3887 38 25 the
1025 3890 88 30 private
1124 3889 65 25 letter
1200 3890 40 23 ad-

658 3920 92 25 dressed
762 3921 30 29 by
804 3925 37 18 tne
858 3920 98 32 Acting-
960 3921 36 24 Go
999 3927 141 32 vernor^t^g
1152 3913 87 33 ientle-

658 3963 53 16 raan
722 3954 101 32 residing
834 3954 61 30 here,
908 3954 49 24 who
969 3952 71 35 urged
1051 3954 38 24 the
1087 3948 14 14 v
1103 3945 136 42 fJpany'

1893 133 37 24 the
1952 133 119 24 Massacre
2093 137 25 19 at
2136 132 95 24 Wairau
2257 135 109 23 occurred
2389 144 28 16 on
2426 151 5 3 -
2439 138 37 24 the

1895 166 55 26 17th
1974 165 66 29 June,
2063 173 25 15 or
2111 170 43 19 two
2182 165 56 31 days
2257 167 77 25 before
2409 169 66 25 Land

1895 199 91 23 Claims'
2001 199 71 23 Court
2091 205 46 16 was
2154 203 24 19 to
2196 199 61 23 close
2278 200 61 29 here,
2352 207 39 24 yet
2401 203 75 23 efforts

1894 240 57 15 were
1970 231 64 24 made
2051 235 23 19 to
2093 231 62 23 show
2173 231 49 24 that
2241 232 38 23 the
2300 233 176 26 Commissioner

1893 272 45 16 was
1949 265 39 23 the
2009 271 66 16 cause
2096 264 25 23 of
2137 264 36 23 the
2192 265 57 23 fatal
2267 271 73 24 event,
2355 267 53 23 with
2428 268 48 24 how

1895 297 65 23 much
1970 297 81 32 justice
2064 304 33 16 we
2118 297 62 24 leave
2201 298 17 22 it
2231 302 22 19 to
2264 299 37 22 the
2314 300 77 30 public
2402 305 23 18 to
2437 300 39 24 de-

1895 330 66 22 clare.

1926 369 51 24 The
1988 370 144 23 information
2144 377 31 16 we
2187 370 58 23 have
2259 370 52 31 just
2321 372 99 24 afforded
2431 381 45 16 was

1895 401 103 25 obtained
2010 403 81 30 during
2104 403 37 23 the
2152 403 97 23 absence
2258 404 26 23 of
2293 404 37 23 the
2339 405 137 31 Company's

1894 434 77 30 Agent
1982 440 23 18 at
2015 436 92 28 Nelson,
2117 440 22 19 to
2151 436 71 23 which
2231 437 19 22 it
2257 437 90 24 became
2358 446 118 24 necessary

1895 467 33 23 for
1948 468 47 23 him
2015 473 22 17 to
2058 469 95 30 proceed
2173 470 23 22 in
2218 477 155 24 consequence
2394 471 24 23 of
2439 472 37 23 the

1895 500 94 23 Wairau
2008 501 101 31 tragedy.
2145 501 49 24 The
2216 508 100 19 moment
2333 503 39 24 the
2388 504 88 24 settlers

1893 533 120 30 possessed
2025 534 134 23 themselves
2172 535 24 22 of
2214 535 46 23 this
2280 536 145 24 information
2438 538 38 23 the

1895 571 80 18 matter
1986 567 159 29 was-agitated,
2156 567 43 22 and
2209 572 23 19 at
2243 568 36 23 the
2289 577 81 23 proper
2379 576 97 19 moment

1893 607 13 14 a
1918 599 75 30 public
2006 601 98 29 meeting
2116 600 53 22 took
2181 600 71 30 place,
2265 602 44 23 and
2321 610 12 15 a
2345 603 131 30 deputation

1894 640 44 15 was
1949 632 86 23 formed
2048 638 22 17 to
2078 633 44 22 call
2134 640 58 23 upon
2203 633 94 24 Colonel
2307 635 135 29 Wakefield,
2453 642 23 19 to

1894 673 53 23 urge
1968 673 61 22 upon
2049 665 48 23 him
2116 666 38 22 the
2172 668 115 29 propriety
2299 668 26 22 of
2341 669 135 32 proceeding

1894 697 52 24 with
1958 698 38 24 the
2008 698 129 24 settlement
2148 699 24 23 of
2180 699 37 23 the
2229 699 52 24 land
2293 702 112 29 question,
2415 710 61 23 upon

1894 731 36 23 the
1943 737 68 17 terms
2024 732 27 22 he
2064 731 42 23 had
2120 732 111 30 proposed
2249 739 23 17 at
2288 734 131 29 Auckland,
2433 737 43 23 and

1894 769 21 18 to
1938 764 73 24 which
2034 765 101 23 sanction
2158 765 44 23 had
2215 765 57 24 been
2293 767 105 24 obtained
2407 777 5 19 ;
2439 769 37 24 the

1895 797 175 23 Commissioner
2109 797 80 31 kindly
2225 801 122 22 consented
2381 805 21 19 to
2439 809 37 16 re-

1893 836 56 25 open
1961 831 33 22 his
2006 831 79 28 Court,
2094 831 19 23 if
2123 831 36 23 the
2170 831 138 31 Company's
2318 833 78 31 Agent
2405 835 71 23 would

1892 864 81 30 pledge
1996 864 92 23 himself
2108 864 48 23 that
2179 872 29 15 no
2231 866 66 30 delay
2316 874 29 15 on
2367 866 36 24 his
2426 873 50 25 part

1893 897 80 23 should
1985 898 66 29 again
2064 898 67 23 arise.

1926 937 50 23 The
1985 937 131 30 deputation
2129 938 79 23 waited
2218 946 61 23 upon
2292 939 37 24 the
2339 940 137 32 Company's

1892 968 86 31 Agent,
1999 970 43 23 and
2065 970 58 23 after
2145 972 68 22 much
2236 972 129 24 discussion
2386 974 17 22 it
2432 982 44 15 was

1893 1002 81 30 agreed
1993 1002 46 24 that
2058 1003 54 30 they
2124 1003 81 23 should
2225 1006 87 22 receive
2325 1014 15 15 a
2358 1007 64 30 reply
2440 1007 37 24 the

1893 1036 94 29 ensuing
2001 1036 49 30 day,
2064 1036 43 23 and
2121 1036 75 23 before
2208 1037 38 24 the
2257 1038 59 23 hour
2332 1039 25 23 of
2373 1041 103 30 appoint-

1893 1074 60 17 ment
1966 1069 85 23 arrived
2064 1069 19 23 it
2095 1077 45 15 was
2151 1071 116 30 generally
2279 1072 138 24 understood
2429 1073 48 25 that

1893 1101 36 24 the
1942 1102 52 23 land
2006 1103 79 22 claims
2102 1104 103 30 question
2222 1111 45 16 was
2280 1109 22 19 to
2315 1105 27 24 be
2354 1107 123 29 proceeded

1893 1135 51 23 with
1957 1143 60 24 upon
2038 1136 38 22 the
2097 1141 69 18 terms
2183 1138 82 29 agreed
2285 1146 59 23 upon
2356 1144 24 18 at
2395 1140 81 23 Auck-

1893 1167 58 24 land.
1988 1169 50 23 The
2050 1169 132 31 deputation
2194 1171 81 23 visited
2288 1171 37 24 the
2338 1172 138 31 Company's

1892 1201 78 30 Agent
1982 1202 119 31 according
2112 1209 23 17 to
2147 1204 163 30 appointment,
2321 1205 45 24 and
2377 1206 40 23 left
2429 1206 47 25 him

1894 1234 51 23 with
1958 1235 36 22 the
2007 1235 69 23 belief
2086 1236 49 23 that
2147 1236 36 23 the
2197 1236 199 26 Commissioner's
2406 1240 70 24 Court

1893 1275 44 15 was
1949 1268 68 23 about
2028 1274 22 17 to
2061 1269 28 23 be
2102 1276 31 15 re-
2140 1270 85 29 opened
2244 1278 60 23 upon
2323 1271 38 23 the
2374 1276 68 20 terms
2454 1274 22 23 in

1893 1302 111 29 question.
2050 1301 54 23 The
2131 1303 97 31 ensuing
2257 1305 105 30 morning
2390 1306 16 22 it
2431 1314 45 16 was

1893 1334 119 23 rumoured
2025 1335 47 23 that
2083 1343 13 15 a
2105 1335 110 31 difficulty
2228 1337 43 23 had
2281 1338 84 29 arisen,
2375 1339 43 23 and
2429 1339 47 24 that

1894 1367 46 24 Mr.
1954 1367 71 31 Spain
2037 1368 75 23 would
2125 1368 41 23 sail
2184 1369 154 33 immediately
2349 1372 35 23 for
2396 1372 79 25 Auck-

1892 1400 53 24 land
1963 1402 24 22 in
2008 1401 37 23 the
2060 1400 110 30 Victoria,
2183 1402 72 24 which
2268 1405 95 23 awaited
2375 1405 52 31 only
2439 1406 35 24 the

1893 1434 59 23 issue
1977 1435 26 22 of
2023 1434 44 23 this
2090 1436 147 30 negotiation.
2274 1437 51 24 The
2347 1438 127 31 deputation

1893 1472 52 24 met,
1959 1468 44 23 and
2015 1468 36 23 the
2072 1470 82 27 writer,
2167 1469 69 31 being
2253 1478 43 16 one
2308 1471 25 23 of
2349 1471 49 23 that
2408 1472 65 31 body,

1893 1506 57 18 went
1971 1507 23 17 to
2015 1509 36 15 see
2072 1501 39 24 the
2130 1502 139 32 Company's
2287 1504 87 32 Agent,
2394 1504 80 33 having

1892 1534 52 23 with
1958 1534 46 24 him
2017 1543 12 14 a
2041 1535 89 23 written
2142 1537 139 29 proposition
2293 1543 23 17 to
2326 1538 38 23 the
2377 1539 64 23 effect
2452 1541 24 22 of

1893 1567 99 24 whether
2001 1568 27 23 he
2039 1569 73 22 would
2125 1576 24 15 or
2162 1569 72 23 would
2247 1576 39 17 not
2297 1571 97 30 proceed
2406 1577 22 18 to
2439 1572 34 24 the

1893 1601 127 23 settlement
2039 1601 25 23 of
2081 1601 38 23 the
2140 1601 67 23 Land
2228 1603 113 25 Question
2360 1612 60 23 upon
2438 1606 35 23 the

1892 1633 123 24 Auckland
2033 1640 137 24 agreement,
2189 1635 45 23 and
2255 1637 37 22 the
2309 1638 61 22 issue
2383 1645 51 22 was,
2446 1638 26 25 he

1893 1668 72 23 would
1988 1672 48 24 not,
2055 1668 96 23 because
2172 1668 27 23 he
2220 1669 38 23 did
2278 1676 40 17 not
2338 1671 103 23 consider
2458 1673 16 23 it

1893 1700 71 24 would
1986 1701 28 23 be
2034 1701 54 23 final
2109 1701 43 23 and
2359 1704 25 23 A
2400 1705 73 31 public

1893 1734 105 30 meeting,
2020 1734 71 23 which
2121 1735 94 23 awaited
2238 1736 37 24 the
2298 1742 78 18 return
2398 1739 25 23 of
2438 1739 35 23 the

1893 1767 136 31 deputation,
2055 1767 154 32 immediately
2238 1770 72 23 called
2344 1779 59 23 upon
2438 1772 35 24 the

1892 1800 123 23 Auckland
2033 1800 155 25 Government
2199 1807 23 18 to
2235 1804 53 22 take
2301 1809 62 26 steps
2377 1811 21 17 to
2410 1805 62 24 settle

1893 1833 36 24 the
1948 1833 67 24 Land
2027 1834 122 30 Question,
2168 1835 44 24 and
2232 1836 38 24 the
2288 1837 184 31 Commissioner,

1893 1867 48 23 who
1963 1868 123 23 embarked
2109 1876 29 15 on
2161 1868 69 24 board
2253 1870 37 23 the
2314 1870 101 25 Victoria
2436 1873 35 23 the

1892 1908 60 16 same
1965 1902 104 29 evening,
2089 1901 54 24 took
2154 1902 82 31 charge
2250 1904 23 22 of
2289 1903 38 24 the
2340 1905 132 31 application

1893 1939 21 18 to
1926 1934 38 23 the
1977 1934 164 24 Government.

1893 1994 12 3 _
1926 1972 42 22 We
1982 1972 88 27 sulijoio
2086 1974 42 24 .the
2147 1974 143 30 application,
2305 1984 24 15 as
2348 1978 79 29 signed
2443 1978 28 29 by

1893 2000 36 23 the
1942 2000 139 32 Deputation

1945 2040 33 21 To
1999 2040 106 22 Colonel
2128 2040 109 23 William
2257 2042 149 28 Wakefield,
2429 2051 43 15 the

1973 2067 131 22 Company's
2121 2068 127 22 Principal
2262 2069 92 21 Agent.

1918 2100 46 22 The
1985 2101 137 26 Deputation
2143 2101 25 22 of
2189 2103 86 21 settlers
2299 2103 43 26 beg
2363 2106 23 19 to
2408 2103 63 23 know

1892 2127 98 22 whether
2000 2127 36 22 the
2051 2128 134 27 Company's
2194 2129 113 27 Pr.ncipal
2317 2131 75 26 Agent
2399 2131 18 22 is
2427 2139 45 19 pre-

1891 2155 67 26 pared
1975 2159 22 16 to
2013 2155 82 21 submit
2111 2160 21 16 to
2151 2157 41 20 Mr.
2210 2157 87 26 Spain's
2311 2158 75 21 award
2400 2159 24 20 of
2436 2159 34 21 the

1892 2186 92 17 amount
2004 2181 24 21 of
2045 2183 165 24 compensation
2230 2186 22 18 to
2272 2184 28 21 be
2317 2184 53 27 paid
2394 2189 19 17 to
2433 2186 35 21 the

1891 2209 86 21 natives
1986 2209 24 21 in
2020 2216 51 14 case
2081 2209 25 21 of
2114 2209 101 28 disputed
2225 2211 123 26 possession
2359 2212 26 21 of
2392 2219 22 14 or
2425 2212 43 22 title

1891 2238 22 18 to
1924 2236 58 26 land,
1994 2237 79 25 leaving
2085 2237 34 20 the
2129 2239 91 25 question
2236 2238 27 25 of
2269 2239 35 19 the
2315 2240 55 24 pahs
2379 2240 40 19 and
2428 2241 41 18 cul-

1891 2264 98 20 tivations
1998 2265 20 19 to
2029 2265 22 19 be
2061 2265 85 19 decided
2154 2271 54 20 upon
2217 2267 111 25 according
2335 2268 22 18 to
2368 2268 33 19 the
2410 2269 59 18 terms

1890 2292 70 19 slated
1974 2292 22 19 in
2013 2292 35 20 the
2064 2292 62 20 letter
2135 2292 27 26 of
2174 2293 32 20 his
2216 2294 124 26 Excellency
2351 2295 35 20 the
2401 2296 69 25 Officer

1890 2319 165 26 Administering
2064 2320 36 19 the
2112 2320 141 24 Government,
2264 2322 63 20 dated
2335 2322 94 26 January
2437 2324 31 22 16,

1893 2347 60 24 1843,
1970 2348 68 19 which
2056 2349 65 18 terms
2140 2349 25 18 he
2181 2350 97 25 accepted
2293 2350 42 20 and
2351 2350 120 25 afterwardt

1891 2375 84 19 entered
1984 2381 54 19 upon
2048 2376 35 19 the
2092 2376 133 21 arbitration.

2216 2409 91 22 Samuel
2316 2410 34 22 Re
2352 2418 58 19 vans,

2217 2435 61 23 John
2290 2437 77 26 Smith,

2218 2463 94 22 Edward
2323 2465 95 26 Daniell,

2217 2490 96 22 Edward
2323 2491 108 28 Johnson,

2219 2517 97 22 William
2328 2519 51 26 Guy
2381 2522 43 18 ton.

1925 2552 51 24 The
1989 2552 111 31 difficulty
2112 2552 86 24 thrown
2209 2553 23 23 in
2245 2553 38 23 the
2295 2562 48 23 way
2353 2555 25 22 of
2385 2555 87 31 settling

1893 2585 36 24 the
1948 2585 67 24 Land
2025 2599 6 5 -
2038 2586 114 25 Question
2171 2594 95 23 appears
2285 2595 69 16 never
2375 2594 21 17 to
2419 2589 52 23 have

1891 2620 55 22 been
1959 2620 74 23 raised
2045 2621 58 22 until
2116 2620 56 23 after
2191 2620 37 23 the
2249 2620 138 33 Companj's
2398 2622 73 31 Agent

1890 2653 45 23 had
1946 2653 86 24 broken
2045 2653 38 24 the
2104 2660 149 24 engagement
2274 2654 30 32 by
2321 2661 39 18 not
2379 2657 93 30 meeting

1891 2686 37 23 the
1940 2686 178 24 Commissioner
2127 2693 23 17 at
2159 2687 129 32 Wanganui
2297 2698 5 19 ;
2317 2689 41 23 but
2366 2689 20 23 if
2395 2690 76 28 raised,

1891 2720 16 23 it
1921 2728 44 15 was
1985 2726 40 18 not
2036 2726 23 18 at
2079 2721 49 24 that
2139 2722 53 22 time
2206 2722 70 30 urged
2288 2730 26 15 as
2325 2731 14 14 a
2351 2731 76 15 reason
2440 2724 31 22 for

1891 2759 38 18 not
1941 2754 136 31 proceeding
2088 2755 23 23 in
2125 2754 36 24 the
2173 2760 70 18 terms
2256 2756 25 22 of
2289 2755 37 24 the
2337 2761 132 26 agreement.

1891 2787 51 24 The
1961 2788 50 30 plea
2029 2795 45 16 was
2098 2794 40 18 not
2158 2790 90 29 against
2265 2790 136 30 proceeding
2416 2798 55 23 upon

1891 2820 37 24 the
1942 2827 68 17 terms
2022 2822 26 23 of
2057 2821 38 23 the
2106 2827 139 26 agreement,
2257 2822 42 24 but
2318 2824 35 22 for
2371 2823 61 31 delay
2445 2831 26 16 on

1890 2854 38 24 the
1941 2863 64 15 score
2013 2855 24 23 of
2045 2854 85 32 having
2139 2855 102 23 received
2249 2856 85 23 certain
2344 2856 127 31 despatches

1890 2887 57 24 from
1961 2887 115 31 England.
2114 2889 49 23 The
2183 2894 161 25 arrangement
2363 2890 63 24 made
2436 2890 34 23 the

1891 2921 55 31 pahs
1959 2921 44 23 and
2025 2921 122 24 cultivated
2170 2922 101 30 grounds
2288 2924 148 30 exceptional,
2455 2924 19 23 if

1891 2954 37 23 the
1950 2955 87 23 natives
2060 2954 39 24 did
2121 2960 43 18 not.
2178 2954 117 25 volunteer
2316 2962 23 18 to
2360 2957 110 23 authorize

1889 2988 129 30 possession
2046 2987 26 24 of
2104 2987 61 24 them
2202 2990 28 29 by
2265 2989 39 24 the
2339 2990 132 32 Company's

1890 3021 97 28 settlers,
2001 3028 55 16 even
2068 3021 88 32 though
2163 3022 18 23 it
2191 3022 82 24 should
2285 3031 85 24 appear
2380 3024 47 24 that
2436 3024 34 23 the

1891 3053 137 32 Company's
2046 3054 80 32 Agent
2144 3056 45 23 had
2208 3056 127 31 purchased
2354 3058 31 23 all
2396 3066 23 15 or
2430 3065 41 23 any

1890 3087 25 23 of
1929 3088 56 23 such
2004 3088 56 31 pahs
2082 3089 44 23 and
2147 3089 153 25 cultivations.
2337 3091 51 23 The
2405 3091 65 23 Com-

1888 3121 120 24 missioner
2028 3122 170 32 consequently,
2212 3128 22 19 to
2254 3131 40 16 use
2312 3132 30 16 an
2353 3124 116 24 American

1889 3155 140 29 expression,
2042 3155 67 24 could
2121 3161 40 19 not
2178 3156 54 24 take
2245 3158 76 23 action
2332 3166 62 23 upon
2405 3158 64 27 them,

1888 3188 58 23 until
1967 3188 38 24 the
2025 3190 89 23 natives
2132 3189 147 25 volunteered
2299 3196 22 19 to
2343 3192 88 31 dispose
2448 3190 23 23 of

1888 3222 56 23 such
1956 3229 111 18 reserves.
2104 3223 24 23 It
2147 3230 44 17 was
2210 3228 41 20 not
2271 3225 104 31 required
2388 3225 24 23 of
2425 3225 44 23 him

1888 3255 50 24 that
1954 3256 30 23 he
2002 3256 81 23 should
2104 3256 128 33 dispossess
2257 3258 38 23 the
2313 3259 86 23 natives
2432 3258 39 23 but

1876 3290 2 36 I
1888 3288 49 24 that
1948 3289 29 23 he
1989 3289 81 24 should
2083 3295 58 19 state
2153 3291 38 23 the
2202 3296 93 26 present
2307 3292 65 23 value
2384 3292 23 23 of
2416 3291 53 24 their

1888 3322 113 32 holdings,
2021 3323 87 31 though
2128 3324 49 31 why
2198 3324 31 25 he
2252 3325 80 24 should
2355 3326 28 23 he
2403 3323 64 25 called

1888 3363 59 24 upon
1968 3362 24 18 to
2013 3357 68 24 make
2099 3366 14 15 a
2132 3363 122 19 statement
2273 3359 70 23 about
2362 3367 13 15 a
2394 3362 73 20 matter

1887 3389 88 31 beyond
1987 3390 36 24 his
2035 3392 107 30 province
2154 3392 111 31 appeared
2277 3392 122 24 somewhat
2409 3399 57 23 mys-

1887 3424 85 23 terious
1984 3429 23 19 to
2018 3432 27 16 us
2056 3434 7 19 ;
2083 3425 45 24 and
2147 3425 98 24 because
2262 3425 31 24 he
2312 3426 74 23 would
2396 3430 37 19 not
2443 3431 23 16 so

1887 3462 43 24 act,
1944 3458 36 23 the
1992 3458 131 24 settlement
2141 3458 23 24 of
2180 3459 39 23 the
2231 3458 68 25 Land
2310 3460 110 26 Question
2431 3465 33 16 re-

1886 3491 90 23 mained
1988 3492 24 22 in
2031 3493 114 29 abeyance
2156 3491 59 24 until
2227 3491 38 25 the
2277 3493 83 24 arrival
2372 3493 24 23 of
2410 3492 56 30 Cap-

1888 3525 46 23 tain
1945 3524 103 32 Fitzroy^
2067 3526 65 23 when
2145 3526 38 23 the
2201 3533 55 23 very
2268 3531 71 19 terms
2350 3525 70 24 which
2431 3525 35 22 the

1888 3559 137 31 Company's
2038 3559 79 31 Agent
2124 3558 73 24 would
2206 3564 42 18 not
2256 3567 68 23 agree
2333 3565 32 24 to,
2376 3560 89 23 because

1886 3592 54 31 they
1950 3592 75 24 would
2036 3597 40 18 not
2088 3592 28 23 be
2133 3591 55 24 final
2206 3592 46 23 and
2273 3593 149 30 satisfactory,
2432 3598 33 17 re-

1886 3625 78 24 ceived
1974 3625 129 24 immediate
2112 3629 102 20 consent.
2251 3625 60 24 Now
2321 3626 25 24 if-
2351 3626 51 30 they
2412 3630 54 18 were

1885 3667 79 23 wrong
1975 3658 83 29 before,
2071 3665 26 16 as
2115 3658 178 25 circumstances
2304 3668 38 15 are
2354 3663 39 20 not
2403 3656 63 26 much

1885 3692 92 29 altered,
1989 3691 54 31 they
2061 3699 39 16 are
2121 3699 77 24 wrong
2217 3700 58 17 now.
2311 3693 50 26 The
2373 3692 61 30 delay
2445 3689 23 24 of

1885 3734 61 15 more
1965 3725 54 24 than
2039 3724 174 25 twelvemonths
2235 3726 74 24 which
2327 3726 41 24 has
2387 3722 79 27 ensued

1884 3759 61 23 since
1965 3758 38 24 the
2021 3759 105 30 question
2145 3759 74 31 might
2240 3759 65 24 have-
2320 3759 71 31 easily
2412 3759 53 22 been

1884 3791 80 24 settled
1984 3799 62 23 upon
2066 3791 39 24 the
2125 3797 94 26 present
2238 3797 78 25 terms,
2336 3792 47 24 will
2401 3796 64 27 prove

1883 3825 82 24 almost
1977 3825 56 23 fatal
2051 3829 25 19 to
2095 3825 40 26 the
2152 3827 129 32 prosperity
2293 3826 25 24 of
2333 3825 51 24 this,
2391 3823 73 25 settle-

1882 3863 63 20 ment
1956 3858 36 24 for
2003 3865 62 17 some
2076 3866 76 24 years.
2187 3859 35 27 At
2233 3860 39 23 the
2283 3859 55 24 time
2349 3858 40 27 the
2398 3858 65 24 Com-

1882 3892 81 31 pany's
1982 3891 80 31 Agent
2081 3892 92 25 refused
2192 3897 24 19 to
2232 3892 98 31 proceed
2350 3899 60 24 upon
2429 3890 35 23 the

1883 3930 137 26 agreement,
2033 3933 34 16 we
2079 3934 11 15 8
2093 3931 7 18 1
2102 3935 12 14 a
2116 3926 37 24 ted
2172 3928 48 21 our'
2233 3926 128 23 conviction
2381 3924 46 24 that
2436 3923 28 22 he

1881 3959 75 24 would
1967 3963 41 19 not
2018 3964 40 26 get
2074 3959 75 24 better
2168 3964 72 20 terms
2248 3967 7 20 ;
2275 3959 45 24 and
2337 3957 51 28 that
2436 3955 16 24 b
2452 3961 12 17 0

1286 134 77 31 Agent
1406 133 94 31 proceed
1510 132 117 24 forthwith
1639 138 22 18 to
1672 133 37 23 the
1720 137 50 19 Mat
1781 133 25 24 of
1816 133 48 23 Go-

1286 171 124 23 vernment,
1423 165 72 24 which
1507 173 44 16 was
1569 160 103 32 followed
1684 166 29 30 by
1724 165 41 24 the
1777 167 87 22 charter

1286 200 24 22 of
1327 198 37 24 the
1374 198 130 29 Elizabeth,
1516 199 44 23 and
1576 199 39 23 the
1627 198 137 31 Company's
1776 198 88 31 Agents

1286 232 43 29 trip
1340 232 24 22 in
1375 231 41 23 her
1427 236 23 18 to
1462 231 130 24 Auckland.

1318 263 39 25 All
1379 263 37 24 the
1434 268 69 19 terms
1524 264 83 31 sought
1624 264 30 31 by
1671 264 37 23 the
1726 262 139 32 Company's

1284 297 77 30 Agent
1378 304 58 16 were
1454 298 102 29 granted.
1592 297 40 23 He
1652 304 94 24 appears
1768 301 23 18 to
1810 297 55 23 have

1285 330 39 23 left
1335 329 121 24 Auckland
1469 330 106 29 satisfied,
1585 330 87 30 though
1685 337 27 16 no
1723 329 142 24 satisfaction

1285 370 44 15 was
1340 362 114 23 exhibited
1468 370 27 16 on
1516 363 35 23 his
1570 363 81 23 arrival
1669 363 61 23 here.
1767 361 50 24 Nor
1827 362 38 23 did

1284 395 28 23 he
1323 394 69 23 afford
1406 394 37 24 the
1455 396 87 23 settlers
1555 403 28 16 an
1593 396 144 30 opportunity
1747 394 25 27 of
1781 395 84 31 stating

1284 427 98 23 whether
1394 427 17 23 it
1422 435 45 16 was
1479 436 24 15 or
1514 436 43 16 was
1568 433 39 19 not
1615 437 13 15 a
1637 430 52 21 wise
1697 433 167 25 arrangement.

1285 461 41 22 We
1354 461 112 30 sincerely
1493 462 85 23 believe
1597 462 49 22 that
1669 461 36 23 the
1726 461 139 31 Company's

1283 494 77 30 Agent
1371 493 45 23 will
1429 494 56 22 have
1503 494 40 24 but
1557 499 37 18 too
1613 495 61 22 often
1692 499 22 18 to
1733 499 76 26 regret
1827 494 38 23 the

1283 525 100 24 studious
1407 534 90 22 secrecy
1518 527 29 23 he
1570 527 42 23 has
1641 527 92 23 evinced
1763 535 55 15 even
1841 527 24 22 in

1284 564 90 18 matters
1387 559 52 23 with
1453 559 71 23 which
1536 560 37 22 the
1586 560 90 23 settlers
1688 560 42 22 hail
1743 568 13 15 a
1768 560 61 30 right
1841 564 23 18 to

1284 593 26 22 be
1322 592 140 30 acquainted.
1497 593 50 22 The
1564 593 89 22 settlers
1666 593 55 22 have
1733 593 58 22 been
1801 593 64 23 made

1284 631 21 17 to
1317 624 42 23 feel
1371 624 47 24 that
1430 626 18 22 it
1461 625 71 23 would
1545 626 26 22 be
1590 626 82 23 almost
1685 633 24 15 as
1721 633 54 22 easy
1789 634 12 14 a
1813 626 52 23 task

1283 663 22 18 to
1326 657 58 23 draw
1403 657 37 23 the
1462 658 135 30 Company's
1617 659 89 30 Agents
1723 659 64 22 teeth
1799 667 25 15 as
1842 664 23 19 to

1282 691 60 22 draw
1353 690 142 23 information
1505 690 57 23 from
1575 691 55 22 him.

1316 722 50 24 The
1385 723 197 24 Commissioner's
1603 725 44 30 trip
1658 732 31 23 up
1700 724 38 24 the
1757 729 70 24 coast,
1841 732 23 17 so

1282 757 34 23 far
1327 763 24 16 as
1364 756 136 31 Wanganui,
1513 757 61 30 early
1585 758 25 22 in
1624 759 71 27 1843,
1709 758 24 23 of
1743 757 72 24 which
1833 765 31 16 we

1283 790 55 22 have
1349 789 89 29 already
1451 790 94 31 spoken,
1559 798 45 16 was
1624 791 24 23 in
1660 789 136 25 accordance
1811 792 53 22 with

1283 822 36 24 the
1340 828 157 25 arrangement
1517 824 64 23 made
1602 828 24 19 at
1646 824 131 23 Auckland.
1813 824 51 24 The

1281 855 87 24 natives
1380 863 56 15 were
1448 857 66 28 given
1527 861 22 19 to
1561 857 137 23 understand
1714 857 49 23 that
1775 857 37 24 the
1824 857 40 24 de-

1281 889 80 22 fective
1373 889 61 22 titles
1443 889 72 23 would
1527 889 28 23 be
1563 890 69 23 cured
1642 891 28 30 by
1679 892 169 28 compensation
1857 900 5 20 ;

1281 921 44 24 and
1340 922 47 23 Mr.
1401 921 72 30 Spain
1490 922 40 23 has
1550 922 58 23 been
1629 923 107 23 censured
1756 923 36 24 for
1811 924 53 28 this,

1282 955 86 30 though
1378 962 30 15 on
1425 955 61 22 what
1505 955 100 31 grounds
1618 962 32 17 we
1662 963 36 16 are
1711 961 24 18 at
1745 964 14 15 a
1777 956 47 23 loss
1842 962 22 18 to

1281 988 108 21 discover.

1315 1020 49 23 The
1376 1021 137 31 Company's
1526 1021 78 29 Agent
1623 1021 80 31 agreed
1718 1026 24 19 to
1754 1027 61 18 meet
1826 1022 39 23 the

1282 1052 176 24 Commissioner
1481 1059 22 18 at
1529 1054 138 30 Wauganui.
1714 1054 52 24 The
1789 1056 74 28 latter,

1280 1087 57 22 after
1348 1087 126 30 remaining
1487 1087 61 23 there
1560 1087 64 23 three
1643 1087 80 29 weeks,
1737 1089 101 23 received
1852 1097 13 15 a

1279 1119 66 24 letter
1362 1120 57 23 from
1432 1120 38 23 the
1489 1120 84 30 Agent,
1587 1121 50 22 who
1656 1121 44 23 had
1717 1122 105 23 returned
1835 1123 30 30 by

1279 1157 75 24 water,
1368 1153 142 31 apologizing
1528 1153 24 23 of
1562 1161 87 21 course,
1662 1155 43 22 and
1717 1156 86 30 stating
1816 1155 49 23 that

1280 1194 13 15 a
1305 1186 71 23 vessel
1399 1186 42 23 had
1465 1186 86 23 arrived
1571 1187 56 23 with
1645 1188 144 23 information
1806 1189 58 23 from

1279 1219 116 31 England,
1406 1219 73 23 which
1491 1220 64 23 made
1563 1219 47 24 him
1620 1226 89 25 request
1719 1222 49 22 that
1777 1222 88 23 further

1279 1252 146 31 proceedings
1437 1252 73 31 might
1523 1254 26 22 be
1562 1253 93 30 delayed
1667 1254 33 22 for
1714 1255 37 23 the
1763 1260 100 25 present.

1282 1285 41 23 We
1342 1293 97 23 purpose
1463 1286 93 30 making
1577 1294 41 16 our
1639 1292 124 18 comments
1784 1296 25 15 as
1831 1296 34 16 we

1279 1319 103 31 proceed,
1396 1320 43 22 and
1452 1327 32 15 we
1497 1320 71 23 would
1587 1320 99 28 remark,
1699 1327 60 24 upon
1773 1322 44 22 this
1829 1330 35 14 re-

1280 1357 72 26 quest,
1366 1353 49 23 that
1435 1353 18 22 it
1465 1360 44 16 was
1521 1360 13 16 a
1552 1353 83 23 breach
1653 1353 24 23 of
1693 1358 110 25 contract,
1820 1356 45 22 and

1279 1385 61 23 what
1351 1385 55 24 adds
1418 1391 22 18 to
1454 1386 37 23 the
1503 1386 146 31 impropriety
1659 1388 27 27 is,
1695 1386 48 24 that
1751 1388 38 22 the
1798 1393 66 26 party

1281 1418 48 24 who
1341 1418 42 24 had
1397 1419 101 23 solicited
1518 1419 38 23 the
1578 1424 100 19 contract
1693 1428 44 15 was
1756 1421 73 31 guilty
1843 1423 24 22 of

1280 1451 38 24 the
1330 1452 90 23 breach.
1457 1452 50 23 The
1526 1453 138 31 Company's
1682 1453 78 31 Agent
1777 1455 44 23 had
1841 1463 24 16 or

1280 1484 44 24 had
1336 1490 38 18 not
1386 1485 37 23 the
1442 1494 74 23 power
1528 1490 22 19 to
1570 1492 64 17 enter
1644 1487 47 23 into
1707 1487 37 23 the
1766 1495 99 24 engage-

1281 1524 61 17 ment
1362 1518 64 24 made
1449 1524 24 18 at
1495 1519 132 24 Auckland.
1663 1520 26 23 If
1707 1520 28 23 he
1759 1521 45 23 had
1826 1522 39 23 the

1280 1559 82 24 power,
1392 1560 28 15 no
1455 1552 139 31 subsequent
1628 1554 147 23 instructions
1806 1555 58 23 from

1281 1585 121 31 principals
1418 1585 72 29 could,
1510 1587 57 22 alter
1574 1586 4 11 v
1587 1586 74 23 action
1674 1586 43 23 had
1731 1588 93 28 ensued,
1837 1588 28 24 be

1281 1617 91 31 pleaded
1392 1619 22 22 in
1429 1618 148 32 justification
1589 1619 26 23 of
1629 1619 71 32 delay.
1737 1620 25 24 If
1781 1621 27 23 he
1820 1621 44 23 had

1281 1655 40 19 not
1344 1651 38 23 the
1402 1659 82 23 power,
1505 1652 27 23 he
1551 1652 44 23 had
1615 1652 104 24 assumed
1737 1655 19 22 it
1777 1663 27 14 on
1827 1655 38 23 the

1280 1685 88 29 ground
1383 1685 25 23 of
1425 1687 113 28 necessity
1549 1694 5 20 ;
1575 1686 44 23 and
1631 1687 17 23 it
1660 1686 44 24 will
1720 1687 29 23 be
1761 1687 36 23 his
1810 1687 55 31 duty

1281 1722 22 18 to
1319 1717 61 23 show
1400 1718 48 23 that
1468 1719 36 22 the
1523 1720 113 30 necessity
1648 1725 38 18 not
1704 1720 53 30 only
1771 1720 37 24 did
1825 1727 40 18 not

1281 1751 59 30 daily
1352 1751 109 24 increase,
1476 1752 41 23 and
1531 1752 111 24 therefore
1655 1753 80 23 extend
1749 1753 35 24 his
1794 1755 70 31 justi-

1280 1784 97 29 fication,
1391 1784 41 24 but
1446 1785 48 23 that
1505 1786 18 22 it
1533 1785 45 23 had
1590 1786 98 31 actually
1699 1787 88 24 cftased.
1825 1788 39 23 He

1281 1823 61 17 must
1352 1818 48 23 also
1413 1819 62 23 show
1494 1819 48 23 that
1561 1819 28 23 he
1610 1820 132 31 acquainted
1756 1820 37 24 the
1814 1821 50 23 Go-

1281 1856 116 19 vernment
1417 1852 26 23 of
1459 1852 37 23 the
1513 1852 47 23 fact
1578 1852 26 23 of
1620 1853 37 23 his
1677 1858 39 18 not
1729 1852 86 32 having
1826 1854 38 24 the

1280 1892 73 22 power
1365 1885 24 23 of
1399 1885 73 23 which
1484 1885 52 31 they
1553 1891 62 18 must
1632 1887 56 23 have
1700 1886 102 24 believed
1817 1887 46 24 him

1279 1918 120 30 possessed
1410 1918 76 24 before
1498 1919 52 30 they
1564 1920 73 23 would
1649 1920 56 23 have
1713 1920 91 23 entered
1816 1922 47 22 into

1278 1958 83 21 .fisy-&--
1361 1958 10 15 r
1372 1957 121 21 *csem?nt
1494 1970 5 11 l
1512 1961 14 13 a
1537 1953 117 34 breach_of
1665 1953 71 23 which
1749 1953 66 23 could
1825 1960 40 17 not

1279 1981 40 22 fail
1329 1985 22 18 to
1363 1981 63 30 place
1438 1982 39 22 the
1487 1983 327 22 Commis'sfoneTTrra-false-if
1818 1992 49 14 Tror

1280 2012 126 31 dangerous
1426 2015 105 29 position,
1547 2014 43 23 and
1612 2014 72 24 which
1703 2015 75 30 might
1796 2023 68 23 prove

1279 2046 56 23 fatal
1346 2052 22 18 to
1380 2055 14 15 a
1406 2047 61 31 truly
1476 2047 141 31 satisfactory
1627 2054 157 25 arrangement
1794 2050 24 22 of
1825 2049 39 24 the

1279 2080 62 23 titles
1352 2085 22 18 to
1387 2080 61 23 land.

1314 2113 92 32 During
1417 2114 38 23 the
1467 2113 63 32 delay
1543 2119 23 18 at
1577 2115 137 30 Wanganui,
1727 2115 50 23 Mr.
1791 2116 72 31 Spain

1279 2146 79 24 busied
1378 2148 95 23 himself
1486 2148 23 23 in
1529 2149 121 30 procuring
1671 2148 114 24 evidence.
1821 2150 39 22 Fi-

1279 2180 67 31 nally,
1361 2181 47 23 Mr.
1421 2181 31 24 E.
1466 2181 21 23 J.
1503 2181 126 23 Wakefield
1650 2183 110 30 appeared
1774 2188 22 17 to
1808 2191 54 23 sup-

1278 2220 51 24 port
1342 2214 35 23 the
1392 2214 136 32 Company's
1541 2215 57 23 title.
1624 2215 50 24 The
1684 2216 51 23 land
1748 2216 46 23 had
1805 2216 57 24 been

1278 2247 126 30 purchased
1424 2248 63 23 there
1508 2256 28 14 on
1555 2248 79 24 behalf
1650 2249 24 23 of
1690 2249 36 24 the
1745 2249 118 31 Company

1277 2280 30 31 by
1320 2281 48 24 that
1379 2282 137 30 gentleman.
1552 2281 52 24 The
1624 2283 70 23 Court
1716 2291 45 15 was
1778 2283 84 29 closed,

1277 2314 42 23 but
1330 2322 28 16 on
1371 2315 35 23 his
1415 2315 136 23 solici'ation
1561 2323 44 15 was
1614 2317 123 29 re-opened
1745 2326 7 19 ;
1791 2317 16 22 it
1818 2325 45 15 was

1276 2348 125 31 postponed
1415 2348 59 23 from
1481 2348 42 30 day
1531 2353 22 18 to
1562 2348 51 30 day,
1624 2350 34 22 for
1667 2350 36 22 the
1712 2351 151 23 convenience

1277 2381 25 23 of
1318 2382 36 22 the
1368 2381 137 32 Company's
1514 2382 60 23 Sub-
1577 2383 85 30 Agent,
1671 2383 43 23 and
1726 2391 47 15 was
1785 2384 78 30 finally

1277 2414 73 24 closed
1364 2423 59 23 upon
1436 2416 38 22 the
1486 2417 84 29 receipt
1586 2416 31 30 by
1632 2416 36 24 the
1683 2416 179 25 Commissioner

1276 2449 26 23 of
1317 2456 14 15 a
1342 2454 59 17 most
1418 2448 186 31 complimentary
1618 2449 65 24 letter
1694 2450 58 23 from
1767 2451 46 23 Mr.
1828 2451 32 24 E.

1276 2482 21 23 J.
1312 2482 134 28 Wakefield,
1467 2482 97 23 wherein
1583 2483 29 22 he
1632 2483 101 23 declared
1756 2484 35 23 his
1812 2486 50 22 ina-

1275 2515 65 31 bility
1364 2520 22 19 to
1407 2515 97 31 produce
1524 2517 125 23 witnesses.
1691 2517 26 23 In
1738 2519 65 30 reply
1824 2519 38 23 the

1277 2549 178 24 Commissioner
1476 2550 120 30 expressed
1616 2550 35 23 his
1675 2550 138 32 willingness
1840 2558 21 17 to

1276 2583 102 23 examine
1391 2583 61 23 them
1465 2583 71 23 where
1549 2583 43 23 and
1603 2584 115 23 whenever
1726 2585 54 30 they
1790 2587 72 30 might

1274 2616 29 23 be
1310 2616 120 31 produced,
1439 2616 82 31 during
1530 2616 34 23 his
1573 2623 77 17 return
1662 2618 57 23 from
1732 2618 130 32 Wanganui

1275 2654 23 19 to
1311 2649 56 24 Port
1388 2649 133 24 Nicholson.
1557 2650 85 24 Before
1658 2651 89 32 leaving
1759 2653 102 31 Wanga-

1275 2684 47 28 nui,
1342 2683 28 23 he
1394 2683 121 31 expressed
1537 2683 36 23 his
1596 2690 76 25 regret
1694 2686 49 23 that
1768 2686 94 24 Colonel

1276 2716 127 24 Wakefield
1416 2717 43 23 had
1472 2717 65 23 failed
1550 2723 21 17 to
1583 2717 58 31 keep
1654 2719 34 22 his
1702 2726 158 24 engagement,

1274 2758 25 15 as
1312 2750 57 23 from
1382 2751 59 22 what
1462 2750 27 23 he
1507 2750 43 23 had
1570 2752 120 23 witnessed
1708 2752 28 24 he
1749 2761 46 15 was
1807 2762 55 16 con-

1275 2784 79 23 vinced
1367 2784 37 23 the
1416 2784 89 23 settlers
1525 2784 74 30 might
1618 2785 56 23 have
1695 2786 57 27 been
1775 2793 40 25 put
1837 2789 24 22 in

1274 2818 131 31 possession
1424 2818 22 23 of
1465 2817 37 24 the
1519 2817 66 24 lands
1606 2818 53 31 they
1681 2820 103 30 claimed,
1801 2829 61 23 upon

1275 2851 38 23 the
1324 2857 106 25 payment
1443 2851 25 23 of
1483 2859 12 15 a
1514 2851 114 24 moderate
1647 2861 50 15 sum
1719 2861 29 16 on
1760 2854 39 24 the
1811 2860 52 26 part

1275 2884 25 23 of
1316 2885 36 23 the
1366 2884 137 30 Company's
1521 2885 87 29 Agent.

1310 2918 37 23 On
1368 2919 124 29 returning,
1513 2918 37 23 the
1573 2919 182 25 Commissioner
1776 2921 53 24 held
1849 2930 13 15 a

1274 2957 65 17 court
1350 2956 23 18 at
1392 2952 131 22 Manawatu
1533 2960 6 20 ;
1560 2952 41 23 but
1622 2953 85 31 though
1725 2962 44 16 one
1781 2962 45 16 was
1839 2960 23 18 to

1274 2985 58 23 have
1344 2985 55 23 been
1412 2990 98 26 present,
1528 2993 28 15 no
1577 2992 128 26 competent
1723 2987 81 31 Agent
1820 2997 41 23 ap-

1274 3018 82 31 peared
1369 3027 28 15 on
1419 3018 78 24 behalf
1512 3019 25 23 of
1552 3019 38 23 the
1613 3020 124 31 Company.
1775 3021 86 24 Indeed

1274 3052 18 23 it
1303 3053 20 22 is
1336 3052 89 23 evident
1437 3053 62 22 there
1510 3060 46 15 was
1569 3060 14 15 a
1594 3053 172 24 determination
1778 3054 20 23 if
1806 3062 51 24 pos-

1274 3085 59 23 sible
1350 3090 23 18 to
1394 3093 69 15 cause
1480 3085 37 23 the
1537 3086 178 24 Commissioner
1733 3092 23 18 to
1774 3088 27 23 be
1813 3088 47 24 dis-

1274 3118 82 31 gusted
1373 3119 53 22 with
1445 3119 36 22 his
1499 3126 96 15 onerous
1615 3119 80 29 duties,
1717 3120 30 30 by
1765 3121 97 32 making

1274 3152 62 23 them
1348 3159 25 16 as
1384 3152 100 23 irksome
1496 3159 25 16 as
1532 3152 58 23 need
1602 3152 36 24 be.
1661 3152 50 24 The
1719 3154 142 33 discourtesy

1275 3185 115 23 exhibited
1413 3189 23 19 to
1456 3185 39 23 the
1518 3184 179 25 Commissioner
1719 3187 142 32 throughout

1274 3218 46 23 this
1333 3218 63 24 affair
1407 3218 74 23 would
1498 3219 58 23 have
1572 3220 124 22 warranted
1707 3220 48 24 him
1768 3222 24 23 in
1804 3223 56 23 call-

1274 3252 41 30 ing
1326 3259 59 23 upon
1397 3251 38 23 the
1447 3251 156 24 Government
1613 3257 24 19 to
1648 3253 81 24 relieve
1742 3255 47 24 him
1801 3255 59 26 from

1274 3286 31 22 all
1328 3285 189 23 communication
1540 3286 111 24 whatever
1681 3287 53 24 with
1765 3288 95 25 Colonel

1274 3318 136 24 Wakefield.
1446 3317 55 25 Had
1519 3319 48 24 Mr.
1582 3320 73 30 Spain
1667 3320 56 24 been
1735 3323 124 30 possessed

1274 3352 26 23 of
1314 3360 29 15 an
1354 3351 89 24 unkind
1462 3352 71 31 spirit,
1546 3352 28 23 he
1592 3353 75 31 might
1684 3354 56 23 have
1759 3357 99 29 pursued

1274 3385 57 23 such
1342 3393 13 15 a
1366 3392 79 16 course
1457 3393 24 15 as
1502 3385 72 23 would
1591 3386 57 24 have
1660 3387 63 24 made
1737 3388 39 23 the
1789 3390 69 23 Com-

1273 3426 61 23 pany
1344 3418 43 23 feel
1410 3418 53 31 they
1474 3426 56 16 were
1550 3419 77 23 bound
1646 3425 21 17 to
1688 3420 92 25 dismiss
1800 3423 58 24 their

1274 3451 117 31 Principal
1402 3452 86 30 Agent,
1500 3459 26 16 as
1545 3451 38 24 the
1605 3453 53 30 only
1670 3454 108 30 probable
1792 3457 66 24 mode

1273 3486 25 23 of
1313 3485 91 31 placing
1416 3485 134 23 themselves
1571 3493 29 16 on
1613 3494 13 15 a
1644 3487 144 33 satisfactory
1798 3490 60 24 foot-

1273 3520 40 29 ing
1323 3519 66 30 again
1400 3518 54 23 with
1467 3517 36 25 the
1516 3518 106 25 Colonial
1632 3519 81 26 Office.

1307 3557 50 23 The
1370 3556 86 24 natives
1471 3564 57 16 were
1546 3557 90 32 greatly
1648 3558 136 27 dissatisfied
1804 3562 54 25 with

1271 3590 40 24 the
1323 3590 177 24 Commissioner
1519 3590 92 32 leaving
1632 3592 37 24 the
1688 3599 63 18 coast
1764 3595 94 26 without

1272 3623 96 32 making
1385 3623 39 24 the
1443 3629 120 26 payments
1581 3624 55 32 they
1648 3626 137 26 undeistood
1803 3629 55 33 they

1272 3665 58 17 were
1342 3662 24 19 to
1377 3653 88 27 receive
1476 3665 6 21 ;
1500 3656 55 32 they
1566 3658 94 25 evinced
1677 3659 46 25 that
1736 3660 55 33 they
1802 3670 55 17 con-

1272 3690 89 24 sidered
1370 3690 53 31 they
1434 3690 45 24 had
1494 3690 56 24 been
1563 3691 75 25 trifled
1650 3693 61 30 with,
1723 3695 32 31 by
1767 3696 38 23 the
1817 3705 40 16 use

1271 3725 25 23 of
1307 3724 66 24 much
1385 3724 94 23 abusive
1490 3724 119 32 language.
1646 3726 70 24 Their
1724 3730 133 24 confidence

1270 3758 24 23 in
1307 3757 42 24 and
1362 3763 88 25 respect
1462 3757 35 24 for
1514 3757 38 24 the
1569 3758 81 25 whiles
1668 3767 45 17 was
1730 3763 71 24 much
1821 3764 36 23 di-

1270 3790 113 25 minished
1396 3791 28 31 by
1437 3790 45 24 this
1493 3791 146 25 unfortunate
1650 3794 146 26 termination
1808 3802 23 18 to
1843 3805 14 15 a

1270 3825 47 32 trip
1328 3825 57 25 from
1397 3824 73 26 which
1482 3832 25 16 so
1518 3824 69 25 much
1593 3825 60 32 good
1661 3827 74 33 might
1745 3829 58 25 have
1815 3838 40 17 en-

1270 3858 64 23 sued.

1303 3892 25 24 It
1345 3891 40 25 has
1404 3891 58 25 been
1482 3891 78 25 shown
1577 3892 31 32 by
1620 3893 39 24 the
1679 3895 175 26 advertisement

1269 3924 50 25 that
1331 3925 37 24 the
1389 3924 177 25 Commissioner
1583 3927 74 23 would
1676 3933 38 18 not
1735 3929 62 24 close
1817 3930 36 24 his

1269 3958 73 25 Court
1350 3959 25 23 in
1386 3958 140 29 Wellington
1537 3959 61 25 until
1606 3959 38 25 the
1657 3962 57 23 19th
1723 3961 72 30 Jane,
1806 3964 47 23 and

571 47 96 48 &&
691 47 120 42 tfeto
836 46 208 42 JBatt&
1069 45 190 48 <BrKttt
1284 47 88 38 anb
1400 45 298 47 aaiottctigtott
1721 43 259 49 Spectator.

119 1269 169 25 SHIPPING
306 1270 276 24 INTELLIGENCE.

279 1325 140 20 ARRIVED.

86 1359 52 27 May
150 1360 35 24 24,
200 1360 102 21 schooner
312 1360 69 23 Eliza,
399 1360 33 26 27,
444 1359 127 25 M'Donald,
588 1360 53 21 from

59 1386 92 21 Akaroa.

87 1414 51 26 May
148 1415 36 24 25,
195 1415 101 20 schooner
302 1414 92 25 Aurora,
405 1415 34 22 35,
452 1414 73 23 Stobo,
536 1417 40 24 put
581 1415 60 21 back.

83 1442 51 26 May
143 1443 35 23 28,
190 1441 115 27 brigantine
313 1442 80 25 Scotia,
405 1442 33 24 68,
449 1442 73 25 Ward,
532 1445 39 23 put
578 1442 63 21 back.

297 1493 115 20 SAILED.

86 1525 53 28 May
149 1528 35 23 22,
195 1529 69 19 cutter
273 1526 133 24 Moonraker,
423 1527 25 19 12
459 1529 57 19 tons,
527 1526 113 27 Jennings,

58 1554 33 21 for
104 1555 89 20 Nelson.

84 1581 61 21 Same
155 1582 47 26 day,
213 1583 101 20 schooner
324 1581 90 24 Aurora,
427 1581 35 24 36,
479 1581 73 25 Stobo,
562 1581 34 21 for
605 1582 35 20 the

56 1612 67 16 coast.

84 1637 61 20 Same
154 1637 47 26 day,
212 1636 119 27 brigantine
348 1637 111 24 Governor,
474 1637 48 24 147,
535 1636 103 20 William*

56 1670 47 16 aon,
113 1664 34 20 for
159 1664 120 25 Mourangi.

84 1691 60 20 Same
163 1691 46 27 day,
228 1692 59 25 sloop
304 1691 69 26 Royal
388 1692 98 23 William,
506 1692 34 23 43,
554 1691 84 26 Young,

51 1718 38 21 for
99 1719 35 19 the
144 1722 66 17 coast.

84 1746 52 25 May
155 1747 35 23 23,
209 1746 78 27 barque
305 1747 64 27 Tyne,
387 1748 40 20 428
437 1748 57 23 tons,
512 1746 126 25 Robertson,

53 1772 34 21 for
98 1772 97 21 London.

41 1900 95 25 New
167 1900 221 25 Zealand
419 1900 221 25 Gazette

41 1925 72 31 AND
137 1925 239 31 WELLINGTON
400 1925 240 31 SPECTATOR.

165 1956 158 26 Wednesday,
341 1957 57 22 Mat
412 1959 33 25 29,
463 1959 60 21 1844.

192 2010 94 24 LAND
305 2010 187 24 QUESTION.

87 2049 25 24 It
122 2049 21 24 is
154 2056 50 16 now
216 2056 63 16 more
296 2048 54 24 than
363 2049 50 23 four
429 2057 65 23 years
507 2051 61 22 sines
581 2051 55 24 New

52 2082 101 24 Zealand
173 2089 45 16 was
239 2082 137 31 proclaimed
396 2091 13 14 a
428 2082 87 24 British
530 2084 88 31 Colony
628 2094 6 20 ;

51 2116 44 23 and
106 2117 20 22 it
135 2116 18 23 is
166 2124 61 15 more
240 2116 53 23 than
304 2115 44 23 five
359 2124 65 22 years
436 2117 63 22 since
510 2118 18 22 it
540 2125 46 16 was
598 2119 36 22 in-

51 2149 94 23 timated
165 2156 23 16 to
201 2148 96 31 Captain
317 2148 104 30 Hobson,
439 2150 50 22 that
506 2150 28 23 he
554 2159 46 15 was
613 2157 22 17 to

50 2182 96 32 proceed
169 2187 23 18 to
214 2183 63 22 these
298 2182 87 23 islands
402 2190 24 16 as
449 2183 119 24 Governor
592 2186 43 22 and

53 2216 95 23 Consul.
185 2216 192 30 Simultaneously
387 2216 51 23 with
451 2217 49 23 that
512 2218 123 24 determin-

52 2250 61 23 ation
134 2249 37 23 the
190 2248 101 24 Colonial
301 2249 86 29 Office,
400 2249 70 31 ought
489 2255 22 18 to
529 2251 57 23 have
598 2260 36 15 ar-

51 2282 85 31 ranged
147 2286 35 20 for
194 2282 38 24 the
244 2281 128 24 settlement
383 2283 24 23 of
413 2282 28 24 all
449 2284 118 30 questions
580 2292 53 16 con-

53 2316 81 23 nected
145 2315 54 24 with
211 2315 37 24 the
261 2315 47 23 title
321 2319 24 19 to
356 2315 53 24 land
420 2317 23 22 in
456 2317 58 23 New
525 2318 107 24 Zealand.

52 2348 51 25 The
125 2348 51 24 task
195 2348 25 24 of
235 2348 89 31 dealing
336 2349 52 23 with
409 2350 38 23 the
467 2350 111 31 difficulty
590 2360 44 15 was

51 2381 104 25 however
175 2381 88 25 handed
281 2390 53 15 over
352 2387 22 19 to
392 2382 37 24 Sir
447 2383 91 32 George
551 2385 82 31 Gipps,

51 2416 44 23 and
108 2423 25 16 as
140 2415 31 23 all
180 2420 92 19 matters
282 2416 25 21 of
315 2415 140 32 Legislation
465 2417 44 23 and
519 2418 114 24 Commis-

51 2449 164 30 sion-creating
224 2450 60 22 since
296 2449 61 29 then,
371 2449 54 24 have
437 2449 57 24 been
507 2451 127 32 frequently

51 2482 127 31 published,
187 2483 43 22 and
239 2481 68 31 ought
315 2482 112 24 therefore
439 2487 22 19 to
472 2484 27 22 be
508 2484 96 24 familiar
612 2491 22 18 to

53 2516 37 23 the
102 2515 84 31 public,
195 2523 32 16 we
239 2515 57 24 shall
308 2516 87 24 abstain
405 2517 57 23 from
474 2519 95 30 wasting
580 2521 54 21 time

52 2548 31 31 by
94 2550 68 29 again
173 2550 90 29 putting
276 2548 61 25 them
349 2557 29 16 on
390 2550 86 24 record.

87 2582 49 24 The
148 2582 67 24 Land
227 2583 175 24 Commissioner
409 2584 89 23 arrived
509 2585 53 23 here
574 2585 58 24 from

52 2615 105 29 London,
171 2623 29 16 on
211 2616 38 23 the
261 2615 40 24 Bth
315 2616 134 30 December,
464 2620 72 27 1841,
549 2618 84 33 having

51 2649 59 23 been
131 2649 103 23 detained
246 2656 29 17 on
292 2649 35 23 his
339 2658 94 23 passage
453 2651 31 31 by
496 2651 37 24 the
555 2652 78 23 unfor-

53 2687 78 19 tunate
148 2682 47 23 loss
213 2683 26 23 of
255 2682 38 23 the
313 2684 81 28 vessel,
413 2685 21 22 in
454 2685 73 23 which
547 2686 29 23 he
594 2686 39 24 left

51 2715 76 30 home,
140 2720 24 18 at
174 2715 37 24 the
225 2715 61 31 Cape
298 2716 24 23 of
339 2716 65 24 Good
416 2717 76 31 Hope.
529 2719 39 24 He
580 2727 53 23 pro-

51 2748 83 25 ceeded
145 2750 24 22 in
180 2757 14 15 a
204 2748 43 25 few
259 2748 53 31 days
325 2754 22 19 to
355 2750 127 30 Auckland,
491 2752 57 23 from
558 2753 73 23 which

51 2781 29 25 he
91 2782 108 24 returned
216 2787 23 19 to
251 2781 44 25 this
306 2783 64 31 place
387 2791 28 16 on
427 2784 38 23 the
480 2786 63 23 22nd
554 2786 78 31 April,

54 2818 64 22 1842
128 2825 6 19 ;
156 2816 45 23 and
219 2816 131 23 announced
372 2816 30 31 by
418 2818 174 25 advertisement
610 2821 23 22 in

53 2857 49 16 our.
106 2857 70 24 paper
187 2849 26 24 of
221 2849 39 24 the
271 2849 57 24 30th
340 2849 74 32 April,
423 2851 48 24 that
483 2860 28 15 on
523 2853 38 23 the
574 2854 56 23 15th

52 2882 25 23 of
87 2882 65 32 May,
164 2882 29 24 he
209 2882 73 24 would
300 2890 58 24 open
378 2883 35 24 his
426 2884 78 30 Court,
517 2886 43 24 and
580 2894 53 24 pro-

53 2915 54 23 ceed
126 2921 21 18 to
159 2916 133 31 investigate
312 2916 39 24 the
362 2917 61 23 titles
439 2922 23 19 to
474 2918 52 24 land
545 2921 25 22 in
589 2921 44 23 this

51 2954 53 25 part
115 2948 26 24 of
149 2949 57 24 New
218 2949 108 24 Zealand.

85 2981 93 32 During
187 2982 38 24 the
232 2982 78 31 sitting
320 2983 27 23 of
355 2983 39 24 the
404 2984 70 24 Court
483 2994 14 15 a
508 2986 70 24 belief
587 2995 45 15 was

51 3015 90 24 created
161 3016 44 23 and
226 3016 126 31 studiously
363 3018 137 24 maintained
517 3019 49 24 that
584 3021 48 23 Mr.

51 3049 80 31 Spain,
153 3056 46 16 was
216 3049 128 31 unfriendly
356 3054 23 19 to
397 3051 37 24 the
452 3052 117 32 Company
589 3054 44 23 and

51 3082 60 23 their
122 3082 89 24 settlers
218 3091 6 21 ;
239 3082 43 24 and
293 3083 23 23 in
329 3083 38 23 the
378 3085 75 30 sequel
465 3086 19 22 it
496 3086 44 24 will
551 3095 82 23 appear

51 3115 51 24 how
113 3115 34 25 far
160 3115 38 25 the
209 3117 113 23 existence
334 3117 25 23 of
375 3117 44 24 this
432 3118 70 24 belief
510 3127 44 16 was
562 3120 71 28 justi-

51 3148 53 23 fied,
526 3155 10 15 f

85 3181 96 32 Nearly,
190 3182 20 24 if
219 3187 41 20 not
271 3187 30 25 at,
313 3182 39 25 the
362 3191 62 17 same
439 3185 55 24 time
505 3190 49 20 tnat
566 3186 66 32 Capt.

56 3215 118 24 Hobson's
197 3216 66 23 death
284 3224 44 15 was
352 3218 131 24 announced
507 3218 52 25 here
595 3228 40 23 say

53 3249 69 23 about
134 3248 59 24 28th
204 3249 26 23 of
247 3249 140 30 September,
402 3253 71 28 1842,
486 3260 14 15 a
510 3252 66 24 letter
589 3261 45 16 was

53 3282 104 23 received
178 3282 55 24 here
255 3282 29 31 by
307 3291 13 14 a
342 3284 136 30 gentleman,
501 3286 58 23 from
583 3286 49 24 Mr.

53 3315 132 30 Shortland,
207 3315 51 24 who
280 3315 44 24 had
347 3317 103 24 assumed
473 3318 39 24 the
528 3319 66 24 office
611 3321 25 22 of

51 3349 89 31 Acting
151 3349 126 27 Governor,
290 3350 85 30 stating
387 3354 20 19 to
420 3351 38 24 the
469 3352 73 29 effect,
556 3352 49 24 that
617 3353 18 23 if

51 3382 39 24 the
103 3382 139 31 Company's
260 3382 78 31 Agent
348 3383 70 24 would
439 3389 60 19 meet
515 3385 47 24 him
575 3385 58 24 half-

50 3423 58 24 way,
120 3415 29 24 he
162 3416 96 30 thought
268 3415 39 23 the
317 3416 90 23 settlers
424 3417 71 24 under
514 3418 37 24 the
564 3419 69 23 Com-

49 3456 63 24 pany
124 3449 73 31 might
207 3448 114 24 forthwith
341 3448 28 24 be
379 3455 42 26 put
437 3451 23 22 in
470 3453 129 28 possession
611 3453 25 23 of

51 3482 59 24 their
119 3482 73 25 lands.
228 3482 51 24 The
286 3481 128 31 gentleman
423 3483 48 24 who
480 3484 42 24 had
533 3486 100 23 received

51 3516 47 23 this
108 3516 75 29 letter,
195 3524 45 16 was
253 3515 69 31 urged
335 3520 22 18 to
366 3523 29 22 go
404 3517 149 32 immediately
561 3523 22 18 to
596 3519 37 23 the

52 3549 139 31 Company's
202 3550 79 30 Agent
298 3549 43 23 and
354 3555 93 25 suggest
463 3550 39 23 the
518 3552 116 31 propriety

49 3582 27 23 of
84 3580 104 34 showing
200 3582 37 24 the
247 3582 86 31 Acting
339 3581 93 25 jGovern
435 3590 32 21 or,
477 3583 50 23 how
536 3585 98 23 anxious

51 3615 29 24 he
92 3622 46 18 was
150 3621 23 19 to
185 3616 59 24 avail
255 3615 93 26 himself
357 3615 25 24 of
390 3623 43 24 any
446 3621 102 19 overture
561 3618 26 22 of
595 3617 38 24 the

51 3648 69 30 kind,:
128 3649 31 30 by
169 3648 136 31 proceeding
314 3649 116 24 forthwith
441 3654 23 19 to
475 3649 133 25 Auckland.

62 3822 3 5 '
84 3816 52 25 The
154 3815 138 33 Company's
308 3816 80 31 Agent
409 3816 40 25 left
465 3817 125 24 Auckland
607 3818 24 24 in

49 3850 38 23 the
100 3857 63 17 same
173 3850 75 24 vessel
255 3842 38 31 tor
303 3850 47 23 this
360 3850 71 32 place,
440 3850 49 26 And
501 3851 94 25 arrived)
605 3853 23 23 in

47 3888 53 26 port
112 3891 28 16 on
150 3884 38 23 the
200 3883 41 26 6th
254 3883 25 23 oi
280 3882 143 32 December,
436 3883 74 26 1842.
544 3884 4 5 '
561 3908 3 4 .
590 3904 3 3 .

66 3921 5 4 '
82 3916 52 24 The
146 3917 87 32 Acting
244 3916 120 26 Governor
381 3917 41 24 left
428 3939 4 4 .
439 3917 132 30 Auckland,
592 3927 38 16 ac-

49 3950 132 32 companied
193 3950 30 31 by
234 3949 47 26 Mr.
295 3950 80 32 Spain,
387 3951 22 23 in
421 3950 37 25 the
471 3950 159 27 Government

85 3681 53 25 The
166 3683 136 32 Company's
331 3683 78 31 Agent
444 3683 116 24 chartered
594 3684 38 24 the

51 3716 112 24 schooner
173 3714 130 31 Elizabeth,
315 3716 46 24 and
381 3716 70 24 sailed
470 3724 28 16 on
517 3717 38 24 the
575 3717 57 26 12th

50 3749 26 24 of
82 3747 113 31 .October,
208 3750 73 28 1842,
291 3750 158 32 accompanied
460 3750 31 31 by
505 3750 45 25 Mr.
561 3750 67 25 Com-

50 3783 122 24 missioner
183 3783 80 30 Spain,
273 3782 34 24 for
317 3783 39 23 the
369 3789 47 18 seat
425 3783 26 25 of
466 3783 164 25 Government

675 136 54 31 brig
752 134 110 30 Victoria,
881 135 44 24 and
945 135 90 24 arrived
1045 135 54 23 here
1108 142 32 16 oa
1150 133 38 25 the
1200 136 30 23 11
1234 134 22 24 tb

675 168 113 33 January,
802 169 72 23 1843.

711 198 47 27 On-
769 201 39 23 the
827 205 77 19 return
924 200 25 24 of
964 199 38 24 the
1022 200 138 31 Company's
1180 200 76 31 Agent

675 233 63 29 here,
750 233 136 31 application
897 240 46 16 was
955 233 65 24 made
1031 238 23 19 to
1070 233 47 24 him
1138 238 23 18 to
1181 240 75 17 ascer-

677 267 48 23 tain
736 266 100 23 whether
844 273 44 23 any
896 266 93 22 definite
1000 266 53 30 plan
1069 266 34 22 for
1122 266 40 23 the
1179 266 77 24 settle-

675 303 64 19 ment
745 299 24 23 of
778 298 38 24 the
823 298 67 24 Land
898 298 113 25 Question
1018 298 44 23 had
1068 298 57 23 been
1132 299 109 29 arranged
1249 309 6 19 ;

675 332 46 22 and
741 332 37 22 the
795 331 72 23 result
886 339 45 15 was
952 332 37 22 the
1007 332 99 22 creation
1125 332 26 22 of
1165 339 14 15 a
1190 331 66 24 belief

677 363 49 24 lhat
745 364 49 23 Mr.
813 364 123 23 Shortland
955 364 46 23 had
1023 364 114 31 promised
1154 367 22 20 to
1190 365 66 23 settle

676 396 38 23 the
735 396 67 25 Laud
820 397 120 29 Question,
963 396 43 24 and
1024 404 46 16 was
1089 397 91 30 coming
1191 396 65 25 down

675 429 36 23 for
723 429 48 25 that
787 438 104 23 purpose.
936 429 43 23 We
998 429 57 23 need
1073 434 39 18 not
1131 434 59 19 state
1208 430 48 24 that

675 462 47 23 this
731 462 151 29 information,
895 462 20 23 if
929 462 93 23 entitled
1034 468 23 17 to
1069 462 38 24 the
1119 469 73 21 name,
1209 471 47 16 was

675 495 36 23 far
722 495 59 23 from
790 495 68 29 being
870 495 151 29 satisfactory.

710 528 50 23 The
771 529 76 29 acting
860 527 118 25 Governor
989 528 88 23 arrived
1094 536 29 15 on
1143 528 39 23 the
1199 529 55 23 11th

675 561 25 23 of
714 560 111 31 January,
839 562 62 22 1843
912 569 7 20 ;
940 561 43 23 and
995 569 13 15 a
1020 561 129 30 deputation
1162 561 25 23 of
1201 561 53 25 land

675 601 87 16 owners
772 601 45 16 was
830 594 120 30 appointed
966 595 28 29 by
1014 603 13 14 a
1045 595 100 29 meeting
1162 594 51 23 held
1232 601 22 18 at

674 627 39 23 the
725 626 133 31 Exchange,
877 631 21 18 to
916 628 52 22 wait
984 635 61 22 upon
1062 627 35 23 his
1114 626 140 33 Excellency

674 664 23 19 to
709 659 71 24 know
792 660 38 23 the
841 664 57 19 state
909 660 26 23 of
950 660 38 23 the
1002 660 148 30 proceedings
1162 660 92 25 relative

674 698 23 18 to
710 693 38 23 the
757 693 127 23 settlement
896 693 26 23 of
930 692 38 24 the
980 693 78 23 claims
1072 698 21 18 to
1105 692 63 24 land.
1204 694 50 24 The

673 726 65 31 reply
749 726 118 23 intimated
884 725 48 24 that
954 734 62 15 some
1035 730 157 26 arrangement
1210 726 44 25 had

674 760 57 22 been
741 759 67 23 made
818 759 54 23 with
884 758 37 24 the
934 759 136 31 Company's
1082 759 79 30 Agent
1171 759 34 24 for
1217 760 37 24 the

674 793 130 22 settlement
815 792 25 23 of
855 792 36 23 the
904 791 78 24 claims
995 798 21 17 to
1028 791 61 24 land.
1138 792 57 23 This
1216 799 37 18 too

674 833 45 16 was
731 824 136 31 sufficiently
883 825 123 29 indefinite,
1027 826 43 23 and
1088 832 33 16 we
1142 824 40 25 felt
1199 834 54 16 con-

674 859 79 23 vinced
773 859 48 23 that
840 859 62 23 there
921 865 46 16 was
985 866 15 15 a
1018 859 131 30 conspiracy
1167 860 87 29 against

674 892 62 22 these
749 892 147 27 settlements,
909 891 45 22 and
966 890 48 24 that
1026 899 32 15 we
1069 895 62 20 must
1139 892 64 23 abide
1216 892 38 24 the

673 924 82 23 arrival
776 924 25 23 of
821 932 14 14 a
855 931 48 15 new
924 923 127 30 Governor,
1069 924 76 24 before
1169 924 84 32 justice

672 956 66 23 could
750 956 28 23 be
790 956 115 29 expected.

707 989 38 23 On
764 989 38 23 the
822 988 42 24 6th
881 988 125 32 February,
1028 991 72 28 1843,
1120 990 49 26 Mr.
1180 992 73 30 Spain

672 1021 134 26 announced
828 1022 49 23 that
893 1022 28 23 he
942 1022 74 23 would
1027 1031 95 23 re-open
1133 1024 36 24 his
1183 1025 70 24 Court

673 1060 23 19 at
707 1055 141 30 Wellington
860 1063 28 15 on
898 1055 38 23 the
949 1055 41 24 Bth
1002 1056 126 32 February,
1147 1057 45 24 and
1205 1059 48 23 that

672 1089 29 22 he
721 1088 74 23 would
818 1088 130 24 afterwards
970 1089 97 31 proceed
1095 1096 22 17 to
1148 1091 103 29 Porirua,

672 1122 130 28 Wakainai,
815 1121 80 28 Otaki,
908 1122 138 29 Manawatu,
1058 1123 45 23 and
1115 1123 136 30 Wanganui,

672 1155 44 22 and
726 1155 52 22 hold
791 1163 14 14 a
816 1155 72 23 Court
898 1159 23 18 at
933 1155 55 23 each
1001 1155 62 31 place
1072 1165 6 20 ;
1099 1156 44 24 and
1160 1157 47 24 that
1223 1166 29 15 on

672 1188 90 31 leaving
780 1188 128 30 Wanganui
927 1188 28 23 he
974 1189 74 23 would
1067 1195 78 18 return
1162 1191 29 30 by
1215 1191 37 23 the

672 1229 62 15 same
754 1225 71 24 route,
844 1221 44 23 and
904 1223 67 29 again
989 1222 53 24 hold
1054 1231 13 15 a
1080 1223 71 24 Court
1163 1230 22 17 at
1197 1225 54 23 each

672 1254 25 23 of
712 1254 38 23 the
773 1262 61 16 same
856 1254 76 32 places
943 1264 7 19 ;
969 1255 44 23 and
1037 1264 28 15 on
1081 1256 36 24 his
1132 1262 77 19 return
1229 1262 22 18 to

672 1287 140 30 Wellington
823 1287 28 24 he
861 1288 72 23 would
945 1289 53 22 hold
1009 1290 94 23 another
1115 1289 79 26 Court.

705 1320 76 24 While
794 1320 46 24 Mr.
854 1322 70 29 Spain
937 1329 45 15 was
994 1327 22 18 at
1027 1322 96 24 Porirua
1135 1323 37 25 the
1182 1324 69 24 Com-

671 1353 79 31 pany's
773 1354 79 31 Agent
868 1355 124 30 proceedep
1010 1360 23 18 to
1055 1355 123 31 Taranaki,
1196 1357 55 24 hav-

670 1388 40 29 ing
724 1387 128 31 previously
862 1388 100 30 engaged
974 1392 22 19 to
1008 1393 77 19 return
1093 1395 23 17 to
1123 1390 129 31 Wanganui

671 1426 22 17 to
717 1426 59 17 meet
794 1421 38 22 the
853 1421 177 24 Commissioner
1048 1430 29 15 on
1100 1423 36 23 his
1159 1425 93 23 arrrival

670 1453 78 28 there;
768 1454 41 23 but
820 1453 27 24 he
860 1454 121 23 embarked
991 1463 29 15 on
1028 1456 68 22 board
1109 1464 13 15 a
1140 1457 73 23 vessel
1230 1463 22 18 at

670 1486 125 29 Taranaki,
808 1487 44 23 and
861 1487 105 23 returned
978 1488 54 23 here
1044 1489 68 23 about
1124 1490 38 24 the
1169 1490 83 25 middle

670 1520 25 23 of
709 1520 78 30 April,
799 1520 93 23 without
904 1520 83 31 calling
999 1527 23 17 at
1031 1522 138 29 Wanganui.

274 133 38 27 5
326 135 121 26 Reward.
474 126 2 4 '
498 145 16 10 -..
525 126 28 38 -_f

70 168 196 51 WHEREAS
285 175 28 15 on
336 167 136 26 Wednesday
489 165 64 28 night
569 167 49 27 last,
635 174 16 15 a

168 195 105 28 quantity'
276 194 25 22 of
305 194 82 27 brandy
400 194 90 26 (twelve
495 193 99 27 gallons)'
606 201 48 15 was-

71 222 71 21 stolen
168 224 57 20 from
246 220 105 24 Barrett's
377 219 74 26 Hotel,
472 219 45 22 and
540 220 110 27 suspicion

70 247 84 28 having
172 248 68 23 fallen
259 254 28 15 on
304 247 39 21 the
361 246 156 27 undersigned,
537 246 50 22 who
604 246 46 22 had

71 275 81 27 charge
164 275 92 27 thereof,
272 273 28 22 he
309 273 84 27 hereby
409 273 63 22 offers
481 273 37 22 the
528 273 71 22 above
615 280 35 14 re-

70 302 61 21 ward
141 305 23 18 to
178 309 43 19 any
233 307 77 21 person
319 306 26 15 or
354 306 90 21 persons
460 299 49 22 who
519 299 49 22 will,
580 299 70 22 either

66 328 96 26 publicly
181 335 25 14 or
216 327 104 27 privately
332 327 51 26 give
399 325 54 24 such
466 325 143 23 information
626 332 23 15 as

70 354 45 23 will
134 354 51 22 lead
203 359 22 16 to
249 353 37 22 the
308 353 113 22 detection
439 353 27 21 of
487 353 37 21 the
547 351 58 23 thief
625 358 25 15 or

68 380 94 23 thieves.

434 405 54 22 Wm.
504 405 116 22 Steward.

96 438 58 22 N.B.
185 438 139 28 Application
334 440 23 19 to
372 437 28 22 be
415 437 66 22 made
494 438 23 20 at
527 436 36 21 the
575 436 73 21 Police

68 464 71 23 Office
150 473 28 14 on
188 464 122 28 Thursday,
322 464 44 22 and
377 468 22 17 at
411 463 106 22 Barrett's
535 462 67 21 Hotel
620 469 28 14 on

68 491 89 27 Friday,
169 499 24 14 as
209 492 38 21 the
258 492 72 21 writer
340 490 44 22 will
401 490 26 22 be
442 490 23 21 in
483 489 131 22 attendance
625 492 23 17 at

67 517 63 22 those
139 519 73 26 places
228 525 29 15 on
275 517 35 22 the
326 517 55 27 days
397 515 134 27 mentioned,
543 515 65 22 when
618 514 30 22 all

66 544 142 23 information
219 544 44 23 will
272 544 27 21 be
309 543 126 27 thankfully
448 541 108 23 received.

96 571 143 27 Wellington,
251 571 53 26 May
312 572 35 24 28,
359 571 59 20 1844.

80 617 42 20 On
136 616 68 25 Sale,
220 622 36 16 ex
461 613 56 21 and
533 614 99 20 others.

66 648 112 49 PORK
188 649 45 22 and
246 647 80 27 3EEF,
343 647 57 21 Irish
410 646 44 22 and
464 646 117 26 Hambro',

140 676 76 21 Porter
226 674 44 23 and
279 674 33 21 ale
322 674 24 21 in
358 673 76 26 dozen,

93 701 98 27 Brandy,
201 702 46 26 gin,
259 708 54 19 rum,
326 699 43 23 and
378 699 104 28 whiskey,

93 728 81 27 Barley
185 728 44 21 and
238 728 62 25 bran,

91 754 75 27 Flour,
178 755 50 22 Van
239 753 114 23 Diemen's
367 753 69 27 Land,
447 752 138 29 Valparaiso,
595 753 49 26 &c,

92 780 98 23 Linseed
199 782 29 21 oil
239 780 44 23 and
293 778 62 24 salad
364 779 37 27 oil,

91 807 65 22 Pitch
166 808 45 21 and
221 812 40 23 tar,
273 807 91 26 vinegar
373 807 45 22 and
427 807 57 26 zinc,

91 833 104 28 Candles,
206 842 50 15 wax
265 833 42 22 and
317 833 80 26 tallow,

91 860 89 27 Covers,
192 861 68 27 drills,
270 860 137 26 huckaback,
419 860 51 27 tick,

90 887 87 22 Roman
188 892 95 21 cement,
294 894 87 18 canvas,
393 887 88 27 dowlas,

91 913 116 28 Carraway
216 913 59 26 seed,
286 913 56 21 nail*
352 913 26 21 of
385 913 29 21 all
424 913 150 28 descriptions,

89 940 164 27 Earthenware,
262 940 65 21 slates
338 939 43 21 and
391 939 52 26 nail,

89 966 58 22 Pilot
158 967 67 26 cloth,
235 965 103 27 flushing,
349 965 114 27 moleskin,

89 993 127 26 Chocolate,
228 992 124 33 yermeceli,
359 993 120 26 macaroni,

89 1019 97 23 Leather
214 1020 39 28 kip
263 1019 44 22 and
315 1019 54 26 sole,
381 1019 65 21 white
456 1018 58 29 lead,

89 1046 81 28 Claret,
180 1051 56 23 port,
250 1045 42 23 and
303 1045 77 28 sherry
390 1045 63 25 wine.

89 1073 142 28 Champagne
241 1072 43 23 and
294 1072 79 28 cherry
387 1072 91 28 brandy,

88 1100 86 27 Butter,
186 1101 67 26 pipes,
264 1098 128 28 carpetting,

89 1127 73 26 Glass,
173 1134 68 20 paper
251 1126 115 26 hangings,
377 1127 127 26 stationery,
512 1129 22 19 at

291 1153 21 21 J.
329 1153 158 22 Boulcott.&
502 1153 60 22 Co.'s

422 1179 110 23 Larhbton
543 1181 73 27 Quay.

88 1207 140 26 Wellington,
240 1206 54 27 May
303 1208 35 24 28,
350 1207 59 21 1844.
