3310 4340
1093 1693 123 19 VISITORS'
1230 1694 62 17 LIST.

1113 1741 73 16 Grand
1196 1741 77 17 Hotel.

1000 1771 29 17 Sir
1046 1771 59 19 Bruce
1119 1772 38 16 and
1171 1772 55 23 Lady
1239 1773 98 20 Burasidc,
1356 1773 41 22 Eng-

978 1795 42 17 land
1029 1793 3 23 ;
1047 1795 105 18 Mesdames
1162 1793 85 23 Colmah,
1260 1795 50 18 child
1324 1795 35 18 and
1372 1798 38 16 two

977 1818 65 19 maids,
1053 1819 75 16 Walker
1137 1819 37 16 and
1183 1818 56 21 child,
1250 1819 84 18 Inwood,
1342 1819 66 20 Baker,

978 1841 75 18 Donald
1061 1841 37 18 and
1109 1843 35 17 two
1157 1842 91 20 children,
1263 1841 81 22 Soholes,
1363 1843 47 17 Rcid

978 1865 36 16 and
1027 1865 53 17 tlirco
1098 1865 89 20 children,
1205 1865 78 22 Wright,
1298 1866 38 16 and
1352 1866 56 21 maid,

978 1889 77 21 Cooper,
1077 1887 52 22 Reid,
1149 1888 109 21 Auckland;
1281 1889 61 21 Syme,
1361 1890 37 17 Mel-

977 1911 79 22 bourne;
1067 1911 86 21 Thomas,
1161 1912 49 17 child
1220 1912 38 17 and
1263 1913 56 18 maid,
1327 1912 83 24 Higgins

981 1934 92 23 England.
1101 1935 67 17 Misses
1182 1934 94 22 jtfillman,
1292 1936 117 18 Palmerston

977 1957 72 21 North;
1063 1957 88 23 Jacques,
1161 1957 88 24 Sydney;
1263 1959 67 21 Nicoll,
1346 1959 52 18 Auck

977 1981 50 17 land.
1054 1981 39 18 Col.
1104 1981 65 18 Frasor
1178 1981 38 18 and
1225 1984 80 17 servant,
1316 1983 59 17 Rons.
1390 1983 18 17 S.

978 2004 36 17 and
1020 2004 21 18 C.
1048 2004 96 22 Bouverie,
1150 2005 69 16 Messrs
1225 2005 87 20 Birehell,
1319 2006 89 22 Higgins,

978 2028 56 19 Clive,
1045 2028 54 18 Pvm,
1109 2027 100 24 England;
1221 2027 187 24 Syme,Melbourne;

978 2051 84 21 Colman,
1069 2046 83 23 Walker,'
1158 2051 67 21 Baker,
1233 2051 48 18 Reid
1286 2051 32 24 (2),
1328 2053 80 20 Soliolcs,

978 2075 77 21 Cooper,
1081 2074 85 19 Inwood,
1192 2074 113 22 McCallum,
1335 2076 73 22 Logan,

977 2096 121 23 Rutherford,
1109 2097 106 22 Crossland,
1228 2098 86 21 Colhcck,
1324 2100 71 17 MeKen-

977 2120 31 21 zie,
1018 2120 69 21 Nicoll,
1098 2120 84 22 Barnott,
1192 2121 82 23 Wright,
1293 2122 115 21 Grimmond,

977 2143 109 24 Auckland;
1101 2144 125 20 Ilallenstein,
1242 2145 66 22 Daley,
1319 2147 89 19 Keating.

976 2166 86 22 Stewart,
1081 2167 70 20 Moore,
1168 2167 85 22 Coronol,
1278 2169 87 23 Jacques,
1383 2169 27 23 (2)

976 2190 75 22 Sydney
1060 2190 3 23 ;
1077 2190 121 21 Warhnrton,
1206 2191 118 19 Palmerston
1335 2193 62 17 North
1404 2190 4 23 ;

976 2213 61 22 Clifts,
1048 2213 26 23 (3)
1083 2213 95 18 Maitland
1185 2213 4 24 ;
1204 2214 84 23 Balling,
1303 2216 105 18 Auckland.

1108 2261 85 18 Mokoia
1204 2261 65 18 View.

998 2293 70 16 Messrs
1084 2292 85 23 Murray,
1189 2293 72 20 Power,
1279 2294 47 18 Now
1342 2292 65 23 York;

976 2316 52 20 Reid,
1166 2317 76 20 Brown,
1250 2317 94 21 Caldwell,
1352 2319 42 16 Dew-

976 2345 39 15 son,
1033 2340 77 19 Barnes,
1129 2340 87 22 Sydney;
1239 2340 52 21 Parr,
1310 2341 97 20 Marshall,

976 2362 75 20 Powell,
1062 2362 109 23 Auckland;
1187 2363 82 22 Goggin,
1278 2365 129 22 Queensland;

975 2386 62 20 Vines,
1048 2386 116 22 Wellington
1172 2386 3 23 ;
1199 2387 92 22 O'Reilly,
1309 2388 99 18 Limerick.

1108 2434 44 15 The
1164 2434 112 17 Laxgham.

999 2464 105 18 Mesdames
1113 2464 96 22 Kennard,
1229 2465 86 23 Sydney;
1329 2466 78 22 Fopkes,

976 2485 102 24 Taranaki;
1099 2488 90 20 Downey,
1208 2489 109 19 Auckland;
1340 2490 67 20 Smith,

976 2512 45 16 New
1027 2511 102 18 Plymouth
1138 2511 3 25 ;
1149 2512 160 24 MissesKSesing,
1317 2512 91 24 Rodgprs,

976 2534 26 23 (2)
1018 2535 110 19 Auckland;
1151 2535 93 17 Edwards
1261 2535 26 23 (2)
1301 2536 94 23 Hastings
1403 2534 3 25 ;

976 2557 66 22 Smith,
1061 2559 46 16 New
1124 2558 103 21 Plymouth
1236 2557 3 23 ;
1255 2559 85 21 Stewart,
1358 2560 38 17 Tau-

976 2587 64 17 ranga.
1065 2581 70 17 Messrs
1144 2581 97 20 Kennard,
1248 2582 64 20 Davis,
1323 2583 84 22 Sydney;

976 2604 75 21 Bowen,
1059 2604 107 23 Wanganui
1174 2604 3 24 :
1192 2605 74 20 Warne,
1276 2605 25 23 (2)
1307 2604 100 24 Pohuneo;

976 2628 67 20 Smith,
1053 2628 103 21 Rpmuera;
1171 2628 89 23 Keosing,
1271 2628 26 23 (2)
1303 2629 105 18 Auckland.

1074 2674 57 17 Lake
1148 2674 72 18 House
1232 2675 77 17 Hotef,.

999 2706 40 16 Mrs
1048 2706 55 16 Allan
1113 2706 38 16 and
1161 2706 90 21 children,
1262 2707 134 17 Christchurch
1404 2706 4 23 ;

976 2729 69 18 Messrs
1054 2729 98 20 Fairburn,
1162 2730 81 18 Tennov,
1255 2729 85 23 Sydney;
1352 2731 56 22 Grey,

976 2752 63 22 Gully,
1067 2752 90 21 Higgins,
1192 2753 127 22 Wellington;
1347 2754 61 19 Allen,

976 2776 132 17 Christchurch
1117 2775 4 26 ;
1136 2775 73 22 Colder,
1220 2775 74 26 Taupo;
1302 2777 72 22 Mc'Vcy
1383 2777 27 24 (2)

976 2799 72 19 Prater,
1059 2799 76 19 Collins,
1145 2799 80 21 Tomlin,
1236 2799 67 21 Lewis,
1314 2800 96 18 Mossman

976 2822 106 20 Auckland;
1098 2822 103 20 Anderson,
1218 2823 78 21 Abbott,
1314 2823 95 23 England.

1042 2869 87 19 Bjiext's
1142 2869 112 17 Bathgate
1267 2870 76 17 House.

999 2897 106 19 Mesdames
1114 2897 49 23 Tilly
1172 2898 37 17 and
1222 2900 37 15 two
1275 2898 89 21 children,
1373 2900 25 17 Ro-

976 2926 75 16 muora;
1065 2921 124 20 McCracken,
1204 2921 125 22 Whangarei;
1342 2922 67 22 Burra,

976 2944 90 24 Thames;
1086 2944 76 22 Young,
1182 2944 109 24 Westland;
1313 2945 97 23 PatersPti,

977 2967 108 19 Auckland;
1101 2967 69 22 Walsh,
1180 2967 77 23 Sydney
1264 2967 4 23 ;
1283 2968 69 21 Cadell,
1360 2969 41 18 Hill-

977 2992 52 16 stone
1036 2990 3 23 ;
1054 2990 77 18 D.obson
1142 2991 36 17 and
1188 2991 56 18 maid.
1253 2991 99 22 England;
1361 2992 40 17 'Mel-

977 3014 48 20 ville,
1034 3014 25 17 To
1069 3015 100 17 Awamutu
1177 3014 3 23 :
1196 3014 71 20 Da.nks,
1283 3015 127 22 Wellington;

978 3036 59 24 Syms,
1048 3037 97 17 Gisborne.
1170 3037 67 17 Misses
1250 3037 65 23 Tilley,
1326 3038 84 24 Brassey;

977 3060 71 21 Dairies,
1066 3060 83 17 McLean
1168 3060 33 23 (2).
1241 3060 65 23 Major
1324 3062 86 22 Brassey,

978 3083 114 23 Wellington
1102 3083 3 24 ;
1119 3083 80 23 Captain
1213 3084 98 20 Williams,
1329 3084 81 23 Nelson;

978 3106 69 18 Messrs
1053 3107 68 21 Prime,
1131 3107 89 19 Jackson,
1229 3108 74 18 Brown,
1314 3108 96 21 Paterson,

978 3130 108 19 Auckland;
1109 3130 2 24 .
1130 3130 123 19 McCracken,
1286 3130 124 24 Whangarei;

978 3152 65 22 Burra;
1053 3153 90 20 Thames;
1157 3153 77 23 Young,
1242 3153 97 18 Westland
1346 3152 4 24 ;
1359 3155 42 16 Deli-

978 3182 45 12 vers,
1043 3176 67 18 Samoa
1119 3176 4 23 ;
1138 3176 89 23 Burgess,
1246 3176 81 21 Canada;
1340 3178 70 20 Walsh,

978 3199 111 22 Phillipson,
1105 3199 76 22 Sydney
1188 3199 3 23 ;
1206 3199 65 21 Gibbs,
1289 3199 121 23 Melbourne;

978 3222 89 21 McLean,
1079 3222 125 19 Queensland.

981 3281 56 24 THE
1056 3281 56 24 HOT
1131 3281 94 24 LAKES
1244 3281 169 24 CHRONICLE

978 3319 435 13 AND

1083 3345 107 20 Tourists'
1208 3347 100 23 Journal.

991 3399 172 21 WEDNESDAY,
1178 3399 123 18 JANUARY
1315 3401 16 20 8,
1351 3390 59 28 1896.

1059 3451 33 18 AS
1103 3451 109 19 OTHERS
1231 3451 51 19 SEE
1293 3451 42 21 US.

983 3485 69 19 When
1062 3485 34 19 the
1107 3485 50 19 Rev.
1169 3486 33 19 Sir
1213 3486 89 23 Hawois,
1320 3487 34 18 the
1364 3487 38 19 fnm-

981 3518 36 12 ous
1027 3511 87 19 lecturer
1124 3518 41 12 was
1175 3512 48 18 hero
1232 3511 33 20 the
1275 3512 58 19 otlier
1339 3513 39 24 day
1389 3513 25 19 he

981 3537 107 25 expressed
1098 3537 35 19 the
1151 3539 89 24 surprise
1255 3545 91 13 common
1357 3542 19 16 to
1388 3540 27 18 all

981 3563 115 24 intelligent
1107 3563 80 20 visitors
1197 3564 45 18 that
1249 3570 56 12 more
1315 3566 98 18 nttenlion

981 3589 72 19 should
1063 3591 36 17 not
1109 3590 52 18 have
1171 3590 51 18 heon
1234 3590 47 25 paid
1291 3591 28 24 by
1329 3591 34 19 the
1375 3591 27 19 Go-

981 3617 105 17 vernment
1096 3615 21 19 in
1127 3615 111 26 rendering
1248 3616 34 18 tho
1292 3617 56 24 place
1360 3624 55 12 more

982 3641 111 19 a,tractive.
1121 3641 55 19 Such
1185 3641 82 22 natural
1288 3642 127 26 advantages

981 3673 22 13 as
1013 3673 51 12 were
1072 3667 106 25 possessed
1187 3668 27 24 by
1224 3667 92 20 Rotorua
1340 3669 74 19 should

982 3699 58 12 mean
1051 3699 11 12 a
1072 3693 118 25 population
1210 3695 36 17 not
1256 3696 20 16 to
1288 3694 25 19 be
1329 3695 85 18 counted

983 3718 25 26 by
1019 3718 108 24 hundreds,
1140 3719 36 19 but
1192 3719 28 25 by
1236 3719 118 25 thousands,
1376 3721 39 19 and

982 3751 25 12 an
1016 3744 65 19 influx
1091 3745 21 18 of
1122 3746 82 18 tourists
1212 3746 41 18 and
1271 3746 85 24 visitors,
1370 3747 43 18 dm-'

982 3771 35 24 ing
1035 3771 35 18 tho
1089 3777 77 16 season,
1187 3771 21 19 in
1227 3771 41 19 like
1291 3773 123 23 proportion.

982 3796 57 19 Since
1049 3796 32 19 his
1091 3799 98 17 ret'muto
1199 3797 82 25 Europe
1294 3798 32 18 Mr
1334 3798 82 19 Haweis

982 3822 36 19 lias
1027 3822 52 19 been
1086 3822 131 20 interviewed
1227 3823 27 25 by
1265 3823 35 19 the
1310 3823 95 25 irrepress-

982 3848 40 18 ible
1032 3850 115 23 pressman,'
1159 3849 41 18 and
1207 3855 51 12 oven
1273 3850 53 17 after
1336 3856 11 12 a
1360 3849 56 25 lapse

983 3873 20 19 of
1013 3879 55 13 some
1079 3874 66 18 weeks
1156 3874 34 19 the
1209 3874 52 25 edge
1278 3874 43 23 has,
1341 3881 60 20 appar-

983 3899 61 24 ently,
1054 3902 35 16 not
1099 3899 50 19 been
1162 3906 54 13 worn
1227 3900 31 19 off
1272 3900 31 19 his
1321 3901 94 24 surprise.

1159 3926 25 18 ho
1196 3925 3 26 i
1220 3932 27 15 vs,
1338 3926 78 25 on!)'to

983 3951 24 18 be
1018 3950 73 19 known
1103 3953 19 16 to
1135 3953 74 17 attract
1219 3958 13 12 a
1242 3951 58 25 large
1320 3953 67 18 crowd
1396 3954 21 17 of

983 3976 88 20 tourists.
1100 3977 57 19 Look
1166 3980 21 16 at
1203 3979 27 17 its
1249 3978 113 19 wonderful
1381 3978 36 20 hot

983 4002 91 26 springs;
1089 4003 90 25 thoyare
1196 4002 34 20 the
1248 4003 88 26 bathing
1350 4004 67 24 places

983 4029 21 18 of
1022 4028 35 19 the
1072 4029 69 19 future
1187 4028 132 27 magnificent
1336 4030 81 19 natural

983 4054 65 24 baths,
1070 4055 67 25 owing
1153 4055 53 19 their
1225 4055 102 19 existence
1344 4057 20 17 to
1383 4056 34 19 the

983 4080 89 20 volcanic
1094 4081 116 22 formation,
1239 4081 40 19 and
1302 4082 115 25 possessing

983 4106 96 19 remedial
1091 4106 95 25 qualities
1196 4107 32 18 for
1240 4107 27 18 all
1279 4106 32 20 the
1320 4107 97 20 maladies

983 4132 66 19 which
1059 4132 60 19 afflict
1138 4133 113 24 humanity,
1263 4133 42 19 real
1321 4133 62 20 Pools
1397 4133 20 20 of

1432 126 1 24 I
1438 127 109 19 Bothesda.
1576 127 52 19 New
1635 127 94 19 Zealand
1736 127 17 18 is
1763 126 39 19 but
1807 126 64 24 thirty

1439 153 56 25 days'
1514 153 53 19 from
1581 153 92 19 London.
1709 153 13 18 I
1739 152 103 26 prophesy
1859 159 12 12 a

1439 183 58 20 great
1514 179 69 19 future
1599 179 32 19 for
1648 179 58 19 these
1725 179 87 23 springs,
1831 178 40 19 and

1438 207 59 23 great
1506 211 57 12 cures
1571 205 33 18 for
1614 205 34 18 the
1659 206 99 17 worn-out
1767 210 73 13 nerves
1851 204 20 19 of

1438 231 34 18 the
1482 230 56 19 blase
1548 230 91 19 children
1649 231 21 18 of

1463 256 44 19 The
1520 256 51 19 Ilev.
1586 256 23 19 C.
1628 256 28 19 H.
1671 256 96 23 Yaltnau,
1788 262 12 12 a
1816 262 55 13 more

1438 285 66 16 recent
1515 283 71 18 visitor
1592 282 53 19 from
1654 282 35 19 the
1698 282 79 19 United
1795 281 75 24 States,

1438 308 37 19 has
1483 308 51 19 both
1543 309 21 18 in
1574 308 107 19 Auckland
1691 308 41 19 and
1741 307 129 25 Wellington

1438 334 107 25 expressed
1556 334 45 19 how
1614 334 60 19 mucli
1691 334 26 19 he
1730 339 41 13 was
1787 333 83 25 pleased

1438 360 40 18 and
1487 360 111 19 interested
1607 360 75 25 during
1692 360 33 18 his
1736 362 46 21 stay
1798 359 21 19 in
1835 359 35 19 the

1440 385 144 20 Wonderland;
1626 386 33 19 He
1683 387 62 17 states
1767 385 45 19 that
1835 386 35 18 the

1438 412 117 18 Americans
1564 412 52 19 have
1626 418 26 12 no
1661 411 45 19 idea
1722 411 21 19 of
1760 411 34 19 the
1814 411 56 19 Lake

1438 437 96 24 Country,
1542 437 105 19 cthorwise
1655 444 11 12 a
1674 438 66 25 larger
1748 440 122 22 percentage

1437 464 21 18 of
1467 464 108 18 American
1584 464 83 18 tourists
1675 463 64 19 would
1748 470 55 12 come
1814 463 54 19 hero.

1437 489 52 19 That
1501 490 107 24 ignorance
1623 490 26 18 he
1662 489 41 19 will
1718 489 117 19 endeavour
1849 491 21 17 to

1437 515 65 24 dispel
1526 522 25 12 on
1569 515 33 19 his
1620 520 69 14 return
1708 518 21 16 to
1747 515 35 19 the
1793 516 75 18 States.

1438 541 40 19 Not
1490 541 47 25 only
1546 542 53 18 from
1609 542 56 18 these
1676 541 114 25 gentlemen
1797 541 37 19 hut
1844 547 25 12 on

1437 573 60 19 every
1505 567 57 19 hand
1573 568 17 18 is
1600 567 62 19 heard
1679 567 127 25 expressions
1821 567 22 19 of
1858 574 12 12 a

1437 593 77 20 similar
1533 595 41 18 sort
1593 593 90 25 mingled
1703 593 49 18 with
1781 593 89 25 surprise

1438 619 44 19 that
1491 626 22 13 so
1520 620 53 18 little
1583 620 73 18 should
1676 620 53 18 have
1746 619 51 18 been
1818 620 52 18 done

1438 649 19 14 to
1467 646 73 18 render
1548 646 34 18 the
1591 646 56 25 plac-j
1663 645 113 20 attractive.
1808 645 59 24 Why,

1437 671 15 18 it
1473 672 17 17 is
1509 671 116 25 frequently
1646 672 69 22 asked,
1736 677 35 12 are
1788 675 36 15 not
1835 672 34 18 the

1437 696 128 20 Sanatorium
1585 698 147 24 surroundings
1751 704 55 12 moro
1821 705 36 11 con-

1437 724 67 23 genial
1515 726 19 15 to
1544 723 35 19 the
1594 723 103 19 character
1710 724 21 18 of
1746 723 34 19 the
1796 724 73 24 place?

1440 749 73 19 Whore
1522 750 18 17 is
1557 755 52 18 your
1627 749 55 19 hand
1701 749 96 25 pavilion;
1818 755 52 19 your

1436 775 152 24 reading-room
1598 775 40 18 and
1656 781 91 13 museum
1766 776 20 17 in
1803 776 65 18 which

1436 803 20 16 to
1464 800 60 20 while
1536 807 57 18 away
1603 807 25 12 an
1635 801 52 19 hour
1694 808 25 12 on
1728 808 12 12 a
1747 802 59 25 rainy
1814 802 39 24 day
1860 802 8 18 ?

1438 827 74 19 Where
1529 827 17 19 is
1565 833 52 18 your
1636 827 115 25 swimming
1772 828 48 19 bath
1837 828 32 18 for

1436 852 69 23 ladies,
1517 853 40 18 and
1567 853 45 19 how
1621 853 20 18 in
1649 853 35 19 the
1691 860 58 12 name
1758 854 21 18 of
1788 854 28 18 all
1824 854 44 18 that

1435 879 17 17 is
1463 879 113 18 wonderful
1586 879 52 19 have
1655 886 41 17 you
1715 882 36 16 not
1767 880 101 25 arranged

1436 904 88 19 suitable
1543 905 87 24 bathing
1649 905 170 19 accommodation
1842 912 26 12 on

1435 930 34 18 the
1477 930 58 19 Lake
1544 930 56 19 itself
1613 931 32 19 for
1655 931 48 19 such
1715 931 81 19 visitors
1812 938 23 12 as
1843 931 25 19 do

1435 959 35 15 not
1476 957 80 24 require
1564 957 34 18 the
1605 957 89 19 curative
1701 957 61 19 baths
1776 957 8 19 ?
1812 957 57 25 Why

1436 981 25 20 do
1470 988 41 18 you
1520 985 35 16 not
1565 983 52 18 have
1627 989 11 12 a
1649 983 65 18 wharf
1724 989 21 12 so
1756 984 45 18 that
1812 985 45 17 tour-

1435 1008 25 19 ist
1470 1009 76 24 parlies
1557 1015 36 12 can
1605 1009 84 19 embark
1701 1009 85 19 without
1797 1009 60 20 incon-

1435 1035 101 20 venience,
1544 1035 39 18 and
1593 1035 44 25 why
1646 1042 36 12 can
1694 1041 28 12 we
1734 1038 35 16 not
1778 1035 57 19 drive
1847 1042 21 12 io

1435 1067 36 11 one
1482 1067 22 12 or
1513 1060 57 19 other
1579 1061 21 18 of
1617 1061 34 19 the
1673 1061 83 25 heights
1766 1068 49 12 near
1833 1061 34 20 the

1435 1089 52 16 town
1498 1089 20 16 to
1527 1087 70 18 obtain
1607 1094 12 11 a
1626 1088 50 18 view
1686 1088 20 18 of
1715 1087 33 18 the
1757 1088 99 19 surround-

1435 1113 35 24 ing
1478 1116 83 21 country
1568 1112 9 19 ?
1604 1114 65 18 These
1679 1120 34 13 are
1724 1119 12 12 a
1745 1113 38 20 few
1790 1114 78 25 sample

1434 1139 105 24 questions
1549 1139 63 19 asked
1622 1146 60 18 every
1691 1140 46 23 day,
1750 1140 38 19 and
1799 1136 27 23 all
1834 1141 34 18 the

1435 1164 55 25 reply
1499 1165 44 18 that
1553 1171 36 12 can
1602 1166 23 18 be
1636 1166 57 19 made
1702 1166 16 18 is
1734 1165 45 20 that
1797 1173 60 17 every-

1435 1197 36 12 one
1482 1192 21 17 of
1512 1191 57 18 these
1586 1194 82 17 matters
1675 1192 52 19 havo
1739 1192 51 19 been
1800 1198 57 19 lepre-

1435 1216 71 20 sented
1517 1220 19 15 to
1546 1217 33 19 tlio
1591 1220 135 17 Government
1740 1218 57 18 times
1809 1218 47 18 with-

1434 1246 34 15 out
1479 1243 86 19 number
1573 1241 4 27 ;
1594 1241 45 22 that
1647 1244 97 24 promises*
1751 1245 51 18 have
1817 1244 50 19 been

1434 1270 58 18 made
1515 1269 27 25 by
1567 1270 110 19 successive
1698 1270 102 19 ministers
1828 1270 38 19 and

1434 1295 63 19 heads
1514 1296 22 18 of
1555 1295 144 26 departments,
1720 1296 148 25 specifications

1433 1321 70 19 drawn
1513 1328 28 19 up
1552 1322 41 18 and
1612 1322 118 23 submitted,
1751 1329 56 13 sums
1818 1329 49 12 even

1433 1347 71 26 placed
1513 1354 26 12 on
1556 1348 34 18 the
1610 1348 179 19 Estimatesand
1805 1348 48 19 abso-

1434 1374 62 24 lutely
1508 1374 86 24 nothing
1611 1375 58 18 done.

1433 1429 103 23 LOCAL
1550 1429 96 23 NEWS
1670 1429 69 23 AND
1755 1429 102 23 NOTES.

1456 1495 32 16 Mr
1497 1494 93 23 W.Kelly,
1601 1495 79 17 M.H.R.
1684 1495 90 17 returned
1784 1496 18 15 to
1807 1495 48 17 Roto-

1432 1524 34 11 rua
1475 1518 38 17 last
1521 1518 62 23 night.

1456 1550 39 16 The
1504 1550 68 16 Native
1581 1549 54 17 Land
1644 1550 58 16 Court
1711 1549 37 17 will
1761 1555 73 11 resume
1842 1549 24 17 its

1433 1573 77 22 sittings
1518 1579 25 11 on
1551 1573 33 17 the
1595 1573 42 17 18th
1645 1573 44 17 inst.
1714 1572 64 23 Judge
1796 1573 70 17 Wilson

1433 1597 15 16 is
1455 1596 137 22 expectedhere
1602 1595 167 23 onMondaynext.

1456 1629 32 16 Mr
1496 1628 85 20 Ginders,
1592 1627 164 24 surgeon-dentist
1761 1628 20 18 of
1787 1629 68 17 Master-

1433 1653 38 19 ton,
1482 1651 39 17 will
1529 1657 38 17 pay
1575 1657 11 12 a
1595 1651 123 22 professional
1729 1651 42 18 visit
1779 1653 20 15 to
1807 1651 48 18 Roto-

1433 1681 33 11 rua
1475 1676 47 15 next
1530 1674 73 18 month.

1456 1707 39 17 The
1504 1707 112 17 dissolution
1625 1707 20 16 of
1653 1707 33 16 the
1698 1706 121 23 partnership
1833 1712 22 12 ex-

1433 1730 59 23 isting
1499 1730 84 17 between
1595 1731 66 16 Messrs
1671 1729 92 18 Morrison
1770 1729 38 18 and
1820 1731 35 16 Cor-

1432 1754 46 19 betti
1487 1753 127 20 blacksmiths,
1625 1753 15 16 is
1649 1753 117 17 announced.

1456 1785 38 17 The
1504 1785 69 17 annual
1582 1785 84 22 meeting
1675 1785 19 16 of
1702 1784 92 19 members
1804 1785 19 17 of
1835 1785 31 17 the

1433 1808 132 22 Presbyterian
1574 1808 70 17 church
1652 1808 38 17 will
1698 1808 44 17 take
1751 1808 53 22 place
1818 1809 49 17 after

1433 1832 81 22 evening
1527 1831 69 17 service
1605 1832 46 16 next
1664 1831 83 22 Sunday.

1456 1863 38 18 The
1504 1863 53 17 usual
1565 1863 87 21 monthly
1666 1864 75 16 concert
1753 1863 19 17 in
1786 1869 68 12 connec-

1432 1888 40 17 tion
1481 1887 46 16 with
1541 1887 31 16 the
1590 1886 54 17 Band
1661 1886 19 17 of
1697 1887 55 21 Hope
1770 1887 37 16 will
1823 1887 43 17 take

1432 1911 53 22 place
1493 1910 20 17 in
1522 1910 32 17 the
1563 1909 116 18 schoolroom
1689 1916 24 10 on
1722 1908 70 24 Friday
1802 1910 62 23 night.

1456 1942 38 17 The
1504 1942 44 17 Rev.
1555 1942 20 16 T.
1584 1940 213 23 Mciklejohnpreached
1805 1942 19 17 in
1834 1942 32 17 the

1433 1965 132 22 Presbyterian
1573 1964 75 18 Church
1664 1964 37 17 last
1715 1964 77 23 Sunday
1801 1971 52 11 morn-

1431 1989 75 21 inland
1515 1987 86 23 evening.

1456 2020 16 17 A
1481 2020 33 16 fire
1522 2018 121 24 brigadewas
1652 2019 99 23 organised
1760 2020 44 17 hero
1815 2025 51 12 some

1432 2044 45 16 time
1486 2048 43 17 ago,
1539 2041 43 21 ami,
1592 2041 74 24 though
1677 2043 135 21 preliminaries
1818 2049 48 13 were

1431 2065 94 23 arranged
1535 2065 46 18 with
1586 2065 141 19 commendable
1744 2066 45 21 zeal,
1800 2067 20 17 of
1828 2067 38 17 late

1431 2090 83 22 nothing
1522 2089 33 16 has
1564 2089 46 16 been
1621 2088 57 18 heard
1687 2090 19 16 of
1715 2089 25 18 its
1743 2089 74 23 doings.

1457 2124 16 16 A
1481 2122 84 22 meeting
1577 2121 21 17 of
1612 2121 32 16 the
1660 2121 72 23 Jockey
1745 2121 48 18 Club
1812 2122 53 17 takes

1431 2147 54 22 place
1506 2147 20 16 at
1539 2145 52 17 Lake
1603 2144 65 17 House
1682 2146 109 15 to-morrow
1809 2145 57 22 night

1432 2170 53 17 when
1496 2168 66 18 details
1576 2169 21 16 of
1612 2167 32 17 the
1660 2168 130 22 approaching
1811 2168 55 17 Hack

1432 2193 86 22 Meeting
1526 2192 38 17 will
1572 2192 23 18 bo
1605 2190 98 23 arranged.

1455 2225 60 16 There
1523 2230 31 11 are
1562 2225 21 16 at
1588 2225 75 21 present
1673 2224 20 15 12
1703 2223 48 16 male
1760 2223 38 17 and
1812 2225 11 15 4
1837 2224 18 17 fe-

1431 2248 49 17 male
1489 2247 82 24 patients
1584 2248 20 16 in
1619 2247 32 17 the
1664 2246 129 18 Government
1806 2246 47 18 Sana-

1431 2271 77 17 torium.
1533 2271 32 17 All
1573 2271 33 16 the
1614 2270 45 16 beds
1673 2270 19 16 in
1706 2270 32 16 the
1752 2270 48 16 male
1814 2270 52 17 ward

1431 2300 32 12 are
1471 2294 95 22 occupied.

1455 2326 16 17 A
1483 2326 69 22 pocket
1562 2325 51 17 book
1623 2324 38 18 lost
1677 2330 24 11 on
1717 2324 31 17 the
1765 2324 101 26 Taurauga

1431 2349 52 19 road,
1487 2354 47 13 near
1537 2349 91 21 Rotorua,
1633 2347 38 18 and
1681 2347 111 23 containing
1798 2354 68 16 papers

1431 2373 21 17 of
1457 2373 55 16 value
1522 2374 19 15 to
1550 2372 31 17 the
1591 2377 68 14 owner,
1669 2371 15 16 is
1690 2371 56 22 again
1760 2367 105 22 advertised

1431 2397 35 16 for.

1455 2427 92 17 Goodwin
1553 2427 37 16 and
1595 2426 33 17 the
1634 2426 53 17 other
1694 2431 65 18 young
1766 2433 49 13 man,
1823 2428 43 17 who

1431 2456 48 11 were
1487 2450 83 22 recently
1579 2450 75 22 injured
1663 2450 19 15 in
1698 2449 70 17 Messrs
1784 2451 82 17 Kusabs'

1431 2474 54 19 bush,
1500 2475 19 15 at
1529 2472 95 21 Mamaku,
1636 2473 46 17 have
1691 2474 49 17 beon
1755 2473 111 24 discharged

1431 2497 56 17 cured
1495 2497 48 17 from
1553 2497 31 17 the
1595 2497 87 16 AYaika.to
1691 2493 95 26 Hospital.

1454 2528 39 17 The
1503 2526 86 20 Waikato
1595 2528 96 17 Advocate
1699 2529 67 22 brings
1774 2529 33 18 the
1819 2530 47 17 Now

1431 2551 51 17 Year
1494 2551 21 17 in
1527 2551 26 22 by
1568 2552 105 22 appearing
1689 2552 19 17 in
1725 2559 11 9 a.
1750 2552 63 22 larger
1829 2553 38 17 and

1431 2580 51 12 more
1503 2575 113 17 convenient
1635 2575 64 22 shape.
1721 2576 20 16 It
1767 2576 99 17 meditates

1431 2605 11 10 a
1450 2598 103 22 hi-weekly
1558 2598 50 17 issue
1617 2599 78 22 shortly.

1455 2629 39 17 The
1513 2630 130 16 continuation
1661 2631 19 16 of
1697 2630 32 18 the
1754 2631 113 22 descriptive

1432 2653 65 17 article
1508 2654 10 8 '
1525 2653 26 17 To
1561 2653 72 18 Rotoiti
1642 2653 38 17 and
1806 2655 16 16 is
1831 2660 24 11 un-

1432 2676 101 22 avoidably
1542 2676 44 17 held
1600 2683 49 10 over.
1680 2677 38 17 The
1731 2678 55 16 usual
1799 2678 58 17 instal-

1432 2700 52 16 ment
1493 2700 20 16 of
1540 2699 24 17 In
1569 2699 86 19 Ancient
1655 2699 62 19 Maori
1722 2700 56 18 Land
1804 2701 63 17 shares

1431 2723 33 16 the
1471 2728 50 11 same
1530 2723 44 17 fate.

1456 2754 38 17 The
1503 2754 123 23 professional
1643 2756 151 16 announcement
1802 2756 21 17 of
1836 2756 32 17 Mr

1431 2777 19 17 J.
1461 2777 22 17 R.
1493 2777 87 21 Lundon,
1590 2777 87 21 solicitor,
1687 2778 178 22 Shortland-street,

1433 2800 105 21 Auckland,
1558 2806 79 16 appears
1650 2801 20 17 in
1688 2802 80 17 another
1785 2803 81 16 column.

1433 2824 31 17 Mr
1472 2824 81 17 Lundon
1574 2824 75 17 attends
1670 2825 80 22 country
1771 2827 62 16 courts
1842 2825 26 23 by

1433 2846 68 23 special
1510 2848 138 22 arrangement.

1457 2878 16 17 A
1481 2875 80 21 number
1570 2879 20 16 of
1598 2879 33 16 the
1640 2885 43 11 men
1694 2879 89 22 engaged
1802 2886 25 11 on
1835 2881 33 16 the

1433 2902 121 16 Rotorua-Tc
1574 2902 50 17 Teko
1637 2902 45 17 road
1694 2903 43 16 wdio
1759 2903 36 16 left
1815 2909 24 11 on
1858 2910 10 10 a,

1433 2925 44 16 visit
1485 2926 20 16 to
1515 2925 49 17 their
1572 2925 87 17 relatives
1680 2925 64 19 before
1763 2926 105 18 Christmas

1433 2948 47 17 have
1489 2947 88 19 returned
1586 2948 38 17 and
1637 2949 85 17 resumed
1732 2950 54 16 work
1795 2956 24 10 on
1837 2951 31 16 the

1433 2971 82 17 Rotoma
1526 2972 76 16 section.

1457 3003 82 17 Weasels
1548 3003 47 17 have
1600 3003 49 17 been
1656 3010 42 11 seen
1713 3004 19 16 in
1748 3005 38 17 this
1800 3005 57 23 neigh-

1433 3022 86 21 borhood
1525 3026 66 22 lately;
1599 3027 20 16 in
1625 3033 34 11 one
1666 3027 84 18 instance
1756 3028 20 17 in
1781 3027 33 19 the
1817 3029 51 17 town

1433 3055 75 16 proper,
1527 3055 45 11 near
1593 3050 29 16 Mr
1651 3050 95 17 Webber's
1768 3051 100 18 residence.

1434 3073 60 17 Those
1503 3073 76 22 owning
1589 3073 54 17 fowls
1652 3074 63 16 would
1719 3073 24 18 do
1750 3074 43 17 well
1799 3076 20 16 to
1825 3076 45 16 note

1434 3095 32 18 the
1476 3096 44 17 fact.

1457 3126 32 18 Mr
1497 3126 22 18 O.
1529 3127 28 17 W.
1568 3127 89 23 Handby,
1668 3135 11 9 a
1691 3128 41 17 well
1743 3128 71 18 known
1823 3129 47 17 New

1435 3150 60 17 South
1504 3150 61 18 Wales
1574 3150 106 22 journalist,
1691 3153 19 15 at
1724 3157 34 11 one
1769 3152 45 17 time
1824 3158 34 12 con-

1434 3173 67 17 nected
1510 3173 46 17 with
1565 3173 32 18 the
1608 3173 92 19 Bathurst
1705 3175 62 16 Times
1777 3175 37 17 and
1824 3176 34 17 sub-

1435 3197 97 22 sequently
1540 3203 23 10 on
1570 3197 31 16 the
1610 3197 75 22 Sydney
1692 3198 57 22 Daily
1756 3198 112 23 Telegraph,

1434 3219 34 17 has
1477 3219 46 17 been
1530 3220 102 22 appointed
1641 3220 148 18 totheeditorial
1798 3222 70 21 ohdrgo

1435 3243 20 17 of
1463 3243 32 16 the
1503 3243 71 17 Nelson
1583 3243 54 18 Mail.

1458 3274 39 16 The
1507 3274 76 23 Sydney
1592 3274 149 20 Biiotdn.statcs
1744 3276 43 17 that

1435 3297 85 17 Victoria
1529 3297 15 17 is
1557 3297 90 23 crippled]
1665 3299 113 22 apparently
1795 3299 76 22 beyond

1436 3320 76 22 remedy
1521 3321 48 16 from
1577 3321 123 18 rheumatism
1716 3321 38 18 and
1771 3322 43 17 th.t
1825 3323 16 16 it
1855 3323 16 17 is

1436 3344 74 21 alleged
1517 3344 42 16 that
1569 3344 82 23 nothing
1658 3345 20 16 in
1695 3345 32 17 the
1749 3346 70 17 worled
1837 3352 34 11 can

1436 3372 43 11 cure
1488 3367 34 17 her
1528 3373 42 11 save
1577 3372 11 12 a
1591 3372 65 14 course
1663 3368 20 17 of
1686 3368 92 17 thebaths
1784 3370 20 16 at
1811 3369 48 17 Roto-

1460 3421 33 17 We
1501 3421 115 17 understand
1621 3422 42 17 that
1669 3422 31 17 Mr
1705 3423 22 17 li.
1736 3417 26 23 H.
1770 3423 76 22 Roancy
1852 3424 19 17 of

1437 3444 31 17 the
1486 3444 72 22 Survey
1575 3445 52 17 office
1636 3445 44 17 here
1696 3446 33 16 has
1746 3447 85 17 received
1841 3447 20 16 in-

1437 3467 102 18 structions
1548 3469 20 16 to
1576 3467 80 23 proceed
1662 3464 44 22 with
1717 3469 33 17 the
1758 3475 20 11 er
1783 3470 56 17 jctiofi
1852 3470 19 17 of

1437 3490 32 17 the
1478 3496 7 11 \
1491 3490 48 17 liarf
1547 3491 81 17 without
1637 3491 60 22 delay.
1722 3492 50 17 Now
1780 3493 42 16 that
1838 3493 33 17 the

1437 3514 69 16 matter
1514 3514 16 16 is
1537 3514 20 16 in
1566 3514 29 17 his
1607 3514 61 18 hands
1685 3521 26 11 wo
1721 3521 44 16 may
1779 3516 44 16 look
1832 3516 30 17 for-

1437 3537 52 16 ward
1497 3537 20 17 to
1526 3537 25 17 its
1560 3537 68 22 speedy
1638 3538 118 22 completion.

1460 3567 31 17 Mr
1500 3568 23 17 R.
1533 3568 85 17 Griffiths
1635 3574 107 12 announces
1754 3570 20 16 in
1791 3570 80 17 another

1437 3591 75 17 column
1522 3591 42 17 that
1572 3591 23 17 he
1604 3591 34 17 has
1652 3593 119 16 commenced
1787 3593 84 17 business

1437 3620 20 10 as
1463 3620 11 10 a
1482 3614 78 22 general
1563 3614 68 18 carrier
1637 3615 37 17 and
1683 3615 14 17 is
1708 3615 92 23 prepared
1804 3617 21 17 to
1833 3617 38 16 cart

1437 3632 59 27 goods
1506 3638 19 16 to
1534 3637 24 17 all
1568 3639 53 20 parts
1630 3638 21 17 of
1664 3638 32 17 the
1705 3638 74 17 district
1788 3640 45 16 with
1840 3640 31 16 the

1437 3661 72 16 utmost
1518 3666 40 11 care
1567 3661 38 16 and
1617 3661 133 22 promptitude.
1776 3661 29 17 Mr
1820 3662 41 18 Grif-

1437 3682 45 19 fiths
1490 3683 40 18 also
1539 3683 87 22 provides
1644 3684 50 22 good
1705 3685 39 16 anil
1752 3689 63 13 secure
1824 3685 36 22 pad-

1437 3706 83 22 docking
1529 3707 31 16 for
1564 3707 70 17 horses.

1461 3737 38 17 The
1508 3737 80 17 number
1597 3738 137 17 ofbathstaken
1744 3740 20 16 at
1773 3739 32 17 the
1812 3739 48 17 Sana-

1437 3760 71 17 torium
1517 3760 69 22 during
1597 3761 32 17 the
1642 3762 65 17 month
1729 3762 20 17 of
1769 3763 102 17 December

1438 3789 37 11 was
1485 3784 59 19 2,SG(j,
1552 3784 32 17 the
1593 3784 78 22 receipts
1680 3785 113 22 amounting
1804 3787 20 16 to
1835 3785 36 18 -19

1439 3807 36 15 bis.
1501 3807 39 16 The
1558 3807 49 17 total
1623 3808 78 21 receipts
1726 3808 30 17 for
1774 3808 33 17 the
1829 3809 42 17 nine

1438 3829 77 17 months
1539 3830 20 17 of
1575 3830 32 17 the
1624 3832 75 20 present
1719 3831 89 18 financial
1828 3838 11 16 y
1864 3838 7 10 r

1438 3850 79 19 ambunt
1525 3854 21 15 to
1555 3852 36 18 'll
1594 3854 10 15 j
1614 3855 19 15 (is
1643 3854 23 17 3d
1677 3859 20 13 as
1711 3854 100 22 compared
1826 3855 45 17 with

1438 3875 46 17 2ll
1497 3876 20 16 (is
1526 3876 30 16 for
1564 3876 32 16 the
1611 3876 147 24 corresponding
1772 3878 65 21 period
1852 3878 19 17 of

1438 3898 37 17 last
1482 3904 51 16 year.

1461 3930 33 16 Wo
1501 3935 31 11 are
1541 3930 94 18 informed
1644 3931 43 17 that
1695 3932 32 17 the
1735 3932 74 17 natives
1819 3938 31 11 are
1853 3932 18 17 in

1438 3975 19 17 in
1466 3975 33 18 the
1507 3976 74 17 various
1588 3977 78 18 streams
1670 3977 20 17 in
1694 3977 31 18 the
1729 3977 142 23 neighborhood

1438 4045 21 16 to
1467 4044 105 22 legitimate
1581 4047 52 20 sport
1642 4052 28 11 we
1684 4047 34 16 call
1732 4047 33 16 the
1779 4048 92 16 attention

1439 4068 119 21 ofthepolice
1567 4069 134 21 tothematter,
1715 4075 52 12 more
1773 4070 98 23 especially

1438 4096 21 11 as
1468 4090 31 18 the
1506 4091 71 17 brauch
1593 4092 19 16 of
1621 4092 32 17 the
1662 4092 162 18 Acclimatisation
1838 4094 22 16 So-

1439 4114 48 21 ciety
1497 4114 44 17 hero
1544 4120 59 11 seems
1611 4115 21 17 to
1637 4115 23 17 bo
1668 4115 20 17 in
1697 4122 11 10 a
1715 4116 101 17 moribund
1828 4122 33 11 con-

1439 4136 65 17 dition.

1893 296 93 17 contralto
1995 296 33 17 has
2040 296 49 17 been
2101 295 90 22 specially
2204 295 87 22 engaged
2307 296 20 16 to

1892 371 34 15 ary
1937 366 15 15 1.

1915 393 39 17 The
1960 399 42 11 new
2014 398 64 16 paper,
2087 392 32 17 the
2139 392 126 17 Corornandel
2280 392 45 21 Sun,

1891 416 101 22 published
1997 416 19 17 in
2021 416 43 17 that
2071 415 104 18 auriferous
2182 415 77 21 locality
2265 415 62 17 which

1891 440 16 16 is
1920 439 55 17 laved
1983 439 26 22 by
2016 439 34 17 the
2066 439 68 17 waters
2152 439 20 16 of
2189 439 33 16 the
2238 438 87 17 Hauraki

1892 462 46 17 Gulf
1958 462 15 17 is
1983 463 19 16 to
2023 461 57 18 hand.
2106 461 40 18 The
2167 462 45 19 Sun,
2235 461 38 17 like
2294 461 32 17 the

1892 486 122 19 CimONlcxE,
2025 485 47 16 aims
2085 486 21 16 at
2116 484 58 23 being
2183 491 12 10 a
2203 485 67 21 purely
2278 484 48 17 local

1891 676 33 21 yet
1935 675 95 22 produced
2035 675 19 16 in
2062 675 32 17 the
2112 675 72 22 colony.
2211 675 19 16 It
2249 674 76 22 appeals

1891 700 49 16 most
1949 698 86 22 strongly
2044 700 20 15 to
2073 698 91 17 residents
2174 698 20 17 of
2202 697 99 22 this.place
2305 703 21 11 as

1891 722 16 16 it
1915 722 85 16 contains
2008 727 11 11 a
2026 722 104 16 succession
2140 722 20 16 of
2169 721 58 17 Views
2236 721 20 17 of
2264 720 48 18 Roto-

1890 750 41 14 rua,
1938 745 64 21 Taupo
2006 744 38 17 and
2048 745 128 22 surrounding
2181 743 145 23 neighborhood

1891 768 20 17 of
1918 768 33 17 the
1960 768 49 17 most
2019 768 114 22 engrossing
2148 767 85 17 interest.
2259 767 67 21 Copies

1891 797 43 16 may
1942 791 23 16 bo
1975 791 89 17 obtained
2072 792 20 16 at
2101 791 32 16 the
2142 787 182 21 ClllioxiCLEoffice.

1913 818 72 17 Bond's
1998 818 91 17 Almanac
2102 818 30 17 for
2152 818 32 17 the
2193 818 76 17 current
2281 823 45 17 year

1890 842 16 16 is
1912 842 43 16 well
1963 841 82 22 adapted
2051 842 19 16 to
2079 842 32 16 the
2117 841 135 22 requirements
2256 840 20 18 of
2279 841 36 17 resi-

1890 865 55 17 dents
1957 865 19 17 of
1985 865 31 17 the
2025 865 88 17 AVaikato
2122 864 37 18 and
2168 865 20 16 of
2195 864 38 17 this
2245 864 79 17 district.

1890 887 76 18 Besides
1970 888 110 22 containing
2088 888 32 17 the
2127 887 53 18 usual
2185 887 99 18 statistical
2287 887 39 18 and

1891 911 54 16 other
1953 911 122 17 information
2083 911 68 17 looked
2162 911 28 16 for
2199 910 19 17 in
2224 910 45 17 such
2275 911 38 22 pub-

1889 934 87 17 lications
1985 934 15 16 it
2005 940 61 10 serves
2075 940 21 12 as
2105 940 11 10 a.
2124 933 95 23 directory
2227 934 30 16 for
2265 934 48 17 Roto-

1890 956 74 18 ruaand
1974 957 31 17 the
2009 957 54 17 other
2066 957 118 17 settlements
2191 962 46 12 near
2242 958 20 16 at
2267 957 57 17 hand.

1891 980 113 22 Copiesmay
2012 980 23 17 bo
2039 981 93 21 procured
2137 981 20 16 at
2166 981 33 16 the
2207 980 119 18 CltltoxiCLE

1891 1003 57 17 office.

1914 1031 24 16 In
1946 1030 93 18 reference
2050 1032 19 15 to
2081 1038 11 9 a.
2100 1030 108 24 paragraph
2216 1030 21 17 in
2246 1036 34 11 our
2288 1031 38 18 last

1889 1054 55 20 issue,
1954 1054 70 22 quoted
2033 1054 49 17 from
2089 1053 123 22 theWaikatp
2222 1054 102 20 Advocate,

1890 1077 93 23 referring
1991 1077 81 17 todelav
2088 1077 20 17 in
2117 1077 32 17 the
2166 1077 130 18 transmission
2305 1078 21 17 of

1889 1096 429 25 iettbrsfronih'erdtoOanihrid-o,Mi-I)ansey

1889 1124 119 21 postmaster,
2019 1125 58 16 states
2087 1124 42 17 that
2138 1129 10 11 a
2160 1124 40 22 bag
2207 1124 16 16 is
2236 1124 54 17 made
2299 1130 26 17 up

1890 1147 44 17 hero
1943 1147 29 17 for
1990 1147 113 22 Cambridge
2124 1147 60 17 direct
2204 1147 38 17 and
2248 1147 76 17 readies

1889 1169 54 20 there
1951 1176 25 11 on
1985 1170 31 17 the
2025 1176 50 11 same
2095 1170 43 22 day.
2163 1170 75 17 Letters
2258 1171 68 21 posted

1890 1199 25 11 on
1927 1194 33 16 the
1966 1194 50 17 train
2025 1199 31 11 are
2069 1194 92 20 however,
2180 1193 75 22 subject
2265 1195 19 16 to
2292 1194 33 17 the

1890 1216 55 22 delay
1955 1216 70 23 spoken
2034 1216 25 18 of.

1913 1246 17 16 A
1939 1245 69 18 sciious
2016 1246 96 17 reflection
2122 1251 23 12 on
2154 1246 33 17 the
2195 1245 130 23 hotclkeepers

1890 1269 20 17 of
1930 1268 37 18 this
1985 1268 73 18 district
2072 1275 80 16 appears
2168 1269 20 17 in
2205 1268 38 18 last
2258 1270 67 17 week's

1890 1291 97 19 Observer.
2032 1292 52 22 They
2155 1296 44 18 says
2205 1298 23 12 an
2237 1291 77 24 aufUigu-

1890 1321 33 12 -OU3
1945 1315 62 17 writer
2019 1315 18 16 in
2053 1315 39 17 thai
2112 1315 82 22 journal,
2233 1315 43 17 that
2292 1316 33 17 the

1889 1338 62 23 liquor
1960 1338 40 17 sold
2009 1340 19 15 to
2037 1338 73 17 natives
2119 1340 20 15 at
2155 1338 85 18 Rotorua
2254 1340 21 15 at
2287 1339 38 18 this

1890 1362 67 16 festive
1965 1367 65 12 Reason
2038 1361 16 17 is
2061 1367 46 12 even
2116 1362 69 17 ranker
2198 1362 66 21 poison
2278 1362 46 18 than

1889 1385 43 17 that
1941 1385 39 17 sold
2138 1385 19 17 If
2162 1385 16 17 it
2186 1385 16 16 is
2211 1391 58 11 worse
2278 1386 46 16 than

1889 1408 43 17 that
1941 1408 40 17 sold
1998 1409 19 16 to
2031 1408 25 17 all
2073 1408 68 18 classes
2157 1408 19 17 in
2193 1409 100 16 Auckland
2310 1409 15 17 it

1889 1432 50 16 must
1948 1431 23 17 be
1980 1432 36 17 hid
2025 1431 74 18 indeed.

1913 1460 56 17 From
1980 1461 31 16 the
2025 1460 65 17 Adolai
2098 1460 17 17 le
2129 1461 88 21 Register
2230 1467 28 10 wo
2272 1460 52 18 learn

1889 1483 42 17 that
1939 1484 71 16 Master
2018 1483 76 18 Hubert
2103 1484 64 17 James
2177 1483 62 19 whose
2248 1484 43 18 visit
2304 1486 20 16 to

1889 1507 84 17 Rotorua
1983 1507 43 17 with
2037 1507 31 17 Mr
2077 1508 73 16 Arthur
2158 1507 59 17 Boult
2226 1507 38 17 will
2274 1508 22 16 be
2305 1509 19 16 in

1889 1530 32 17 the
1927 1530 117 18 recollection
2052 1530 20 17 of
2078 1536 63 16 many,
2149 1530 34 17 has
2190 1530 54 18 made
2249 1538 11 9 a
2266 1531 47 22 high-

1889 1554 20 21 ly
1917 1554 101 17 successful
2032 1559 116 17 appearance
2165 1554 19 16 in
2200 1554 30 17 Sir
2243 1554 81 17 Michael

1889 1576 73 18 Costa's
1978 1577 81 17 oraloria
2231 1578 33 16 We
2277 1578 47 17 have

1889 1606 24 10 no
1923 1605 53 17 space
1995 1601 20 16 to
2032 1601 65 22 repeat
2111 1601 26 17 all
2150 1600 33 18 the
2198 1600 46 17 kind
2259 1601 65 22 things

1889 1623 40 17 said
1938 1623 19 17 of
1964 1623 37 17 this
2009 1623 90 22 youthful
2107 1623 79 18 vocalist
2195 1623 35 18 but
2238 1624 16 17 it
2262 1625 62 16 would

1889 1646 91 22 certainly
1990 1652 69 17 appear
2066 1646 44 18 that
2118 1647 23 17 he
2160 1647 35 16 has
2212 1653 11 10 a
2239 1647 85 18 brilliant

1889 1670 63 16 future
1960 1669 64 19 before
2033 1670 45 16 him.
2104 1670 32 17 Mr
2144 1670 59 17 Boult
2211 1670 15 17 is
2233 1671 91 21 expected

1889 1693 19 16 in
1917 1693 85 17 Rotorua
2008 1690 79 26 shortly.

1913 1722 22 17 In
1945 1722 93 17 reference
2047 1723 19 16 to
2076 1728 11 11 a
2096 1722 108 23 paragraph
2214 1719 61 21 which
2289 1729 23 16 ap-

1889 1750 53 18 pears
1962 1745 21 17 in
2002 1751 24 11 an
2052 1745 101 18 Auckland
2179 1747 144 22 contemporary

1890 1773 11 4 '
2019 1769 63 16 writes
2089 1769 19 18 to
2118 1769 34 17 ask
2160 1769 19 17 in
2189 1769 52 18 what
2245 1775 79 12 manner

1889 1792 31 17 Mr
1940 1791 97 18 Warbrick
2054 1792 71 23 caught
2141 1792 30 17 his
2187 1792 35 23 big
2238 1792 36 18 fish
2291 1794 32 15 the

1889 1815 54 17 other
1951 1815 43 22 day.
2019 1815 40 17 Our
2068 1815 147 24 correspondent
2224 1816 42 22 sdys
2281 1816 43 18 that

1889 1839 22 16 he
1921 1838 32 18 has
1964 1838 46 17 tried
2019 1839 47 16 both
2081 1838 87 18 artificial
2182 1839 26 22 fiy
2222 1839 37 17 and
2274 1839 36 17 min-

1888 1867 43 12 now
1939 1862 82 17 without
2037 1867 72 12 success
2123 1862 37 17 and
2175 1862 64 17 would
2252 1862 37 18 like
2303 1864 20 17 to

1888 1885 56 17 know
1961 1885 20 18 of
1997 1891 11 11 a
2024 1891 51 11 moro
2092 1886 102 16 successful
2210 1886 46 16 lure.
2291 1886 32 17 Wo

1888 1908 65 17 would
1973 1909 48 16 refer
2038 1914 35 11 our
2094 1909 147 22 correspondent
2258 1910 19 16 to
2294 1910 30 16 Air

1888 1931 97 18 Warbrick
1994 1931 80 18 himself.

1912 1961 31 16 Mr
1951 1961 28 17 W.
1990 1961 79 16 Beckett
2077 1961 43 17 who
2125 1967 37 11 was
2171 1961 68 17 second
2243 1963 68 20 pantry-

1888 1990 43 11 man
1941 1989 23 12 on
1973 1983 59 18 board
2040 1983 33 18 the
2083 1983 109 24 Wairarapa
2209 1985 55 16 when
2280 1985 42 18 that

1888 2006 85 18 ill-fatod
1979 2007 58 18 vessel
2045 2013 40 11 was
2093 2008 86 17 wrecked
2190 2008 16 16 is
2215 2010 20 14 at
2248 2010 74 20 present

1888 2036 24 11 an
1918 2030 70 17 inmate
1997 2030 19 17 of
2019 2031 32 16 the
2059 2030 126 18 Sanatorium.
2205 2030 31 18 Mr
2244 2031 79 18 Bcckoit

1889 2059 37 11 was
1934 2053 82 23 severely
2030 2054 61 22 injure
2099 2054 6 16 1
2125 2054 19 17 in
2165 2055 77 22 getting
2256 2055 66 17 ashore

1888 2077 37 16 and
1930 2077 32 16 has
1969 2077 45 18 been
2019 2077 138 23 incapacitated
2165 2075 50 20 from
2221 2078 51 17 work
2280 2084 43 12 ever

1888 2100 56 17 since.
1969 2100 36 17 His
2019 2106 42 11 case
2077 2106 59 11 seems
2152 2102 20 16 to
2180 2100 25 18 be
2213 2107 12 11 a
2231 2101 49 17 hard
2287 2107 35 12 one

1887 2129 21 11 as
1920 2123 29 18 his
1958 2123 77 22 injuries
2042 2130 31 10 are
2084 2124 20 16 of
2112 2130 11 10 a
2132 2125 112 21 permanent
2255 2127 67 15 nature

1888 2147 37 16 and
1934 2147 24 16 do
1965 2148 33 15 not
2011 2147 50 21 yield
2072 2148 20 15 to
2110 2147 89 22 ordinary
2212 2149 108 16 treatment.

1889 2170 19 17 It
1915 2170 16 17 is
1948 2170 19 17 to
1984 2170 23 16 bo
2018 2170 62 22 hoped
2097 2170 43 17 that
2148 2177 12 10 a.
2172 2176 65 11 course
2254 2171 20 16 of
2290 2171 32 18 the

1888 2192 60 18 Baths
1958 2192 43 18 here
2010 2192 37 18 will
2057 2193 53 17 effect
2120 2194 24 16 ah
2153 2193 144 23 improvement.

1912 2222 54 17 Some
1975 2222 20 16 of
2008 2222 32 16 the
2057 2227 43 12 men
2113 2228 25 11 on
2152 2222 30 17 Mr
2199 2222 124 19 McDonald's

1888 2244 105 18 Lochinvor
2002 2244 75 21 station,
2087 2251 46 11 near
2139 2246 71 21 Taupo,
2218 2246 91 18 madcare-

1889 2267 97 23 ruarkably
2004 2269 50 21 good
2068 2269 54 17 catch
2136 2269 19 17 of
2170 2269 35 17 iish
2221 2269 39 21 the.
2270 2271 54 16 other

1888 2291 43 23 day.
1956 2291 51 22 They
2016 2291 32 18 cut
2056 2298 11 10 a
2076 2291 51 18 ditch
2136 2291 19 18 in
2171 2292 55 17 order
2235 2294 19 16 to
2263 2293 61 18 divert

1888 2320 51 11 some
1948 2314 19 17 of
1975 2312 32 19 the
2016 2316 59 16 water
2083 2316 48 16 from
2148 2315 52 17 Luke
2214 2316 110 18 Wharetoio

1888 2337 40 18 into
1938 2338 31 16 the
1978 2337 111 23 Rangitaiki
2098 2338 48 17 river
2154 2344 20 11 so
2184 2344 20 12 as
2213 2340 20 16 to
2242 2340 82 17 increase

1889 2359 31 19 the
1929 2367 42 10 area
1981 2361 20 17 of
2015 2361 63 17 arable
2095 2361 45 17 land
2154 2362 23 16 fit.
2190 2363 30 15 for
2237 2363 87 23 growing

1889 2384 51 22 ea.rly
1950 2385 47 19 oats,
2005 2384 37 17 and
2049 2385 54 16 when
2113 2385 32 17 the
2151 2387 60 15 water
2223 2385 38 18 hud
2275 2392 49 16 gone

1889 2407 56 17 down
1953 2407 45 22 they
2008 2407 58 17 found
2075 2413 12 12 a
2095 2408 53 23 largo
2160 2408 81 17 number
2254 2410 21 17 of
2289 2410 35 17 fish

1888 2431 20 16 in
1917 2431 31 17 the
1958 2431 54 16 drain
2023 2431 98 22 weighing
2135 2432 50 17 from
2200 2433 21 16 10
2235 2433 20 17 to
2274 2433 51 18 161bs

1889 2454 50 20 each..
1966 2453 40 18 Our
2016 2454 106 17 informant
2136 2456 58 16 states
2207 2455 24 17 he
2244 2456 80 17 believes

1889 2478 45 21 they
1943 2483 47 11 were
1998 2477 60 17 brook
2066 2479 58 16 trout.

1915 2505 28 18 On
1951 2505 119 23 Wednesday
2078 2506 38 17 last
2125 2513 11 11 a
2145 2507 62 22 picnic
2215 2507 20 18 in
2244 2514 69 12 connec-

1891 2529 39 17 tion
1940 2529 45 17 with
1990 2529 32 16 the
2032 2529 78 23 Sunday
2113 2530 78 17 Schools
2201 2531 20 16 of
2230 2531 32 18 the
2271 2529 53 20 three

1891 2552 69 18 church
1970 2552 145 23 congregations
2124 2554 44 16 here
2181 2554 46 17 took
2243 2554 53 22 place
2305 2556 20 16 at

1890 2575 32 18 the
1931 2575 55 24 Ngae
1995 2581 23 12 on
2028 2576 75 22 ground
2112 2577 66 21 kindly
2185 2577 67 22 placed
2260 2578 20 16 at
2292 2578 34 17 the

1890 2599 82 21 disposal
1982 2599 20 18 of
2014 2599 31 18 the
2066 2599 113 18 Committee
2200 2600 26 22 by
2246 2601 32 16 Mr
2298 2601 26 17 11.

1891 2622 53 17 Kirk.
1970 2622 39 17 The
2020 2624 57 21 party
2087 2623 59 17 which
2167 2618 105 23 numbered
2292 2625 33 16 lot)

1891 2650 47 12 were
1955 2645 95 22 conveyed
2065 2647 20 15 to
2103 2646 49 17 their
2168 2646 116 19 destination
2299 2647 26 23 by

1890 2669 57 16 coach
1957 2669 37 16 and
2001 2671 58 15 steam
2065 2669 68 17 launch
2138 2669 37 17 and
2179 2676 11 11 a
2199 2672 50 15 most
2258 2671 56 22 enjoy-

1890 2692 42 17 able
1941 2692 45 17 time
1994 2698 36 11 was
2042 2695 61 19 spent.
2129 2693 19 17 It
2158 2699 38 11 was
2205 2693 110 24 thefirstpic-

1890 2715 30 17 nic
1929 2716 21 16 of
1957 2715 33 17 the
1999 2715 324 21 kmdthathasevorbeenarran<rod

1891 2738 43 17 here
1943 2738 37 17 and
1990 2739 48 17 from
2046 2738 32 18 the
2088 2740 107 21 unanimity
2205 2740 61 17 which
2281 2746 33 17 pre-

1890 2761 61 18 vailed
1960 2761 16 18 it.
1985 2762 15 17 is
2009 2763 92 21 apparent
2110 2762 42 18 that
2162 2763 64 17 future
2247 2764 66 23 gather-

1890 2784 34 23 ing
1933 2784 20 18 of
1964 2791 10 10 a
1978 2785 71 17 similar
2052 2785 115 22 description
2172 2786 38 17 will
2218 2789 49 15 meet
2276 2787 45 17 with

1891 2807 66 23 plenty
1966 2809 20 16 of
1995 2810 83 21 support.

1913 2836 18 16 A
1950 2835 57 18 letter
2021 2836 35 17 has
2076 2836 48 17 been
2144 2837 84 17 received
2249 2837 25 23 by
2294 2838 33 16 the

1891 2859 98 22 Secretary
1998 2859 19 16 of
2031 2859 33 17 the
2078 2859 72 22 Jockey
2165 2860 49 17 Club
2230 2860 48 18 from
2295 2861 32 17 the

1891 2881 85 23 Railway
1995 2881 125 23 Department
2136 2883 18 17 in
2170 2883 71 23 -regard
2258 2886 20 14 to
2294 2884 33 16 the

1891 2905 115 22 application
2016 2905 28 18 for
2053 2911 24 12 an
2086 2906 99 17 excursion
2193 2907 51 16 train
2257 2913 23 11 on
2295 2907 32 17 the

1891 2928 102 23 originally
1999 2928 67 17 chosen
2073 2935 42 11 race
2121 2928 43 24 day,
2172 2930 98 22 February
2277 2930 49 18 12th.

1891 2951 20 17 It.
1920 2952 15 16 is
1943 2952 21 16 to
1972 2952 33 16 the
2014 2952 53 17 effect
2076 2952 42 17 that
2127 2952 33 18 the
2169 2953 85 22 meeting
2266 2953 16 17 is
2294 2955 34 16 not

1891 2975 21 16 of
1932 2975 46 17 such
1998 2975 117 22 importance
2132 2976 48 17 from
2202 2982 11 10 a
2251 2977 77 22 railway

1891 2998 54 21 point
1954 2999 20 16 of
1982 2998 46 17 view
2057 3005 20 10 as
2086 2999 20 16 to
2115 2999 84 17 warrant
2208 2999 45 18 such
2263 3006 11 11 a
2283 3006 33 11 con-

1892 3021 76 17 cession.
2003 3021 82 23 Perhaps
2106 3022 33 16 the
2165 3022 57 17 Hack
2244 3024 85 22 meeting

1892 3043 62 24 might
1963 3044 22 18 bo
1995 3045 19 17 of
2023 3044 92 20 sufficient
2129 3045 116 22 importance
2259 3046 48 17 from
2317 3053 11 11 a

1892 3067 78 22 railway
1978 3067 54 22 point
2042 3069 20 16 of
2069 3067 54 23 view,
2134 3069 65 22 seeing
2207 3069 43 17 that
2262 3069 17 17 it
2285 3070 43 17 falls

1892 3097 25 10 on
1927 3090 124 23 Anniversary
2061 3091 49 22 Day.

1916 3119 103 17 Christmas
2025 3125 39 11 was
2077 3121 35 16 not
2120 3120 81 18 allowed
2214 3122 20 16 to
2240 3127 43 16 pass
2291 3127 24 12 un-

1891 3142 76 17 noticed
1976 3144 20 16 at
2009 3142 153 22 Tapuaeharuru.
2188 3144 32 19 Mr
2235 3145 65 20 Grant,
2309 3145 20 16 of

1892 3165 33 17 the
1941 3166 51 17 store
2007 3165 59 21 there,
2089 3167 93 22 arranged
2202 3173 11 11 a
2237 3168 55 17 scries
2309 3168 20 17 of

1892 3189 68 21 sports,
1976 3189 58 16 which
2049 3190 95 16 attracted
2158 3196 11 10 a
2183 3191 53 22 large
2249 3191 80 17 number

1892 3212 21 16 of
1927 3212 72 17 natives
2012 3212 49 17 from
2073 3212 33 18 the
2119 3213 75 17 various
2208 3214 118 17 settlements

1894 3234 60 20 whir,i
1972 3234 33 18 dot
2021 3235 31 17 the
2066 3235 61 18 banks
2141 3236 20 17 of
2178 3237 78 16 Rotoiti.
2289 3238 40 16 The

1892 3257 60 23 prizes
1973 3258 93 17 consisted
2087 3259 19 17 of
2125 3259 107 23 cigarettes,
2250 3260 78 18 tobacco

1892 3281 39 16 and
1939 3281 54 17 other
2006 3281 84 18 luxuries
2103 3282 29 17 for
2142 3281 60 19 which
2218 3283 33 17 the
2264 3283 65 23 gentle

1893 3304 128 17 autoehthone
2037 3305 35 16 has
2093 3306 89 21 acquired
2204 3313 10 10 a
2237 3306 82 17 discrimi-

1892 3326 69 24 hating
1969 3328 54 19 taste,
2033 3328 38 16 ..ml
2077 3328 16 17 it
2102 3328 15 18 is
2125 3329 85 17 needless
2219 3330 20 16 to
2248 3335 33 16 say
2287 3330 42 17 that

1893 3350 32 17 the
1951 3351 72 16 utmost
2043 3351 116 19 enthusiasm
2178 3353 101 21 prevailed.
2313 3354 16 16 A

1893 3374 55 21 great
1967 3373 49 18 feast
2026 3380 47 17 _was
2091 3375 39 17 also
2143 3375 92 23 prepared
2252 3376 26 22 by
2294 3376 33 17 the

1893 3396 78 20 natives,
1981 3396 61 18 which
2052 3403 38 11 was
2099 3398 73 22 largely
2186 3399 92 17 attended
2291 3400 37 16 and

1893 3419 48 17 done
1946 3420 62 21 ample
2016 3420 68 21 justice
2091 3422 26 16 to.

1917 3447 130 22 Storekeepers
2057 3448 37 16 and
2104 3448 63 18 others
2182 3448 43 20 who
2240 3450 89 17 tendered

1893 3470 31 16 for
1932 3469 32 18 the
1973 3471 82 21 supplies
2064 3472 20 16 to
2094 3472 32 16 the
2136 3472 120 17 Sanatorium
2262 3473 30 17 for
2298 3473 31 17 the

1894 3494 76 15 current
1990 3499 43 16 year
2054 3500 31 11 are
2103 3495 111 17 dissatisfied
2232 3496 46 17 with
2298 3496 31 17 the

1894 3515 106 19 conditions
2021 3517 60 17 which
2103 3523 31 11 are
2155 3518 58 23 boing
2239 3519 90 22 imposed.

1894 3539 98 23 Formerly
1995 3539 24 19 (it
2033 3546 38 11 was
2086 3541 92 17 sufficient
2195 3542 30 16 for
2238 3542 33 17 the
2285 3548 33 11 con-

1894 3563 71 16 tractor
1978 3559 27 21 to"'
2013 3563 42 22 sign
2068 3564 33 17 the
2115 3567 115 20 agreement,
2240 3565 35 17 but
2291 3566 38 16 this

1894 3591 27 16 yc
1930 3588 9 13 ;
1947 3586 38 17 two
1995 3586 77 17 sureties
2084 3593 32 11 are
2131 3587 87 22 required
2230 3587 19 18 in
2263 3594 11 11 a
2289 3594 40 11 sum

1894 3608 113 23 amounting
2016 3610 19 16 to
2045 3615 58 17 many
2111 3610 54 17 times
2174 3611 33 16 the
2216 3612 78 16 amount
2310 3612 19 16 of

1894 3631 32 17 the
1936 3633 90 16 contract.
2059 3633 39 17 The
2113 3636 79 15 amount
2205 3634 89 18 involved
2309 3635 20 17 in

1894 3654 52 17 these
1955 3655 74 17 tenders
2038 3655 15 18 is
2063 3655 35 18 but
2106 3657 55 17 small
2172 3657 39 16 and
2223 3657 106 17 tradesmen

1894 3677 63 22 object
1965 3678 20 17 io
1995 3678 68 23 asking
2067 3680 67 21 people
2140 3681 20 16 to
2169 3680 76 17 become
2252 3681 77 16 sureties

1894 3699 19 18 in
1923 3701 46 17 such
1976 3702 54 21 petty
2039 3704 85 15 matters.
2157 3703 19 17 It
2191 3703 16 17 is
2221 3703 108 18 considered

1894 3723 58 23 likely
1962 3724 42 17 that
2013 3730 34 12 one
2056 3731 21 11 or
2085 3727 39 16 two
2133 3727 20 15 of
2169 3726 31 18 uho
2214 3728 115 16 contractors

1895 3746 38 18 will
1943 3747 103 18 withdraw.

1918 3774 23 16 In
1950 3780 126 16 consequence
2093 3776 20 17 of
2129 3776 35 17 the
2178 3777 64 21 postal
2251 3774 62 25 depai'
2318 3787 8 3 -

1895 3798 53 16 mont
1956 3797 72 22 having
2036 3798 76 22 applied
2120 3799 31 17 for
2158 3800 32 16 Mr
2199 3800 92 22 Dunsey's
2299 3807 20 10 re-

1894 3819 49 17 lease
1964 3826 20 11 as
2005 3821 55 17 Clerk
2081 3822 20 16 of
2122 3822 59 18 Court
2205 3828 24 12 on
2250 3825 79 15 account

1895 3843 20 16 of
1923 3843 32 17 the
1964 3843 95 18 increased
2075 3847 78 15 amount
2170 3846 20 16 of
2206 3846 52 20 work
2266 3847 20 16 in
2301 3847 28 16 his

1896 3871 42 11 own
1946 3866 120 22 department;
2073 3868 25 17 he
2106 3868 34 17 has
2144 3869 46 16 been
2200 3868 78 19 notified
2287 3870 42 16 that

1895 3888 101 18 Constable
2005 3890 78 23 Murray
2092 3891 39 17 will
2139 3892 20 16 in
2168 3892 64 17 future
2240 3890 89 20 aefcinthe

1895 3913 85 21 capacity
1984 3913 73 17 named.
2079 3914 102 18 Constable
2183 3915 146 23 Murraywhose

1895 3935 52 17 work
1955 3935 34 17 has
1995 3936 47 17 been
2051 3937 21 16 of
2087 3937 33 17 the
2139 3939 51 16 most
2210 3943 79 12 onerous
2296 3939 22 16 de-

1896 3958 88 22 scription
1993 3959 21 16 of
2021 3959 37 17 late
2068 3960 82 17 doesnot
2157 3966 50 12 seem
2216 3961 62 17 elated
2286 3967 43 12 over

1987 4051 68 17 service
2065 4052 19 17 to
2093 4052 32 17 the
2134 4053 66 20 bench,
2206 4053 38 16 and
2247 4055 21 16 to
2277 4054 52 17 those

1895 4073 72 22 having
1974 4073 84 19 business
2068 4075 59 17 about
2136 4076 32 17 the
2178 4076 64 18 Court.
2268 4077 23 16 In
2299 4078 20 16 fu-

1896 4095 41 17 ture
1951 4096 32 17 the
2004 4097 78 18 services
2099 4098 21 17 of
2134 4104 24 12 an
2166 4099 114 23 interpreter
2291 4100 38 16 will

1894 4118 48 17 have
1951 4120 20 15 to
1979 4119 24 17 be
2011 4120 92 21 pi-owed
2115 4122 38 17 and
2165 4122 38 17 this
2217 4122 38 17 will
2273 4123 56 17 entail

1895 4147 25 11 an
1923 4143 53 16 extra
1985 4148 80 17 expense
2074 4149 25 12 on
2111 4144 93 22 litigants.

2373 126 40 17 The
2433 131 41 12 now
2491 127 70 18 stables
2575 127 41 22 just
2631 126 106 24 completed
2756 126 29 19 for

2351 148 69 19 Messrs
2429 150 92 17 Fallooua
2530 150 38 17 and
2580 151 40 20 Co.,
2636 152 21 15 at
2672 151 33 16 the
2722 155 63 13 corner

2351 172 20 17 of
2385 172 75 18 Fenton
2476 173 38 17 and
2527 172 173 19 Hiriemoa-streets
2716 173 27 22 by
2757 173 28 17 Mr

2350 194 109 24 Fitzgerald
2467 201 32 12 are
2508 196 102 18 creditable
2618 196 20 17 ifi
2646 202 56 16 every
2711 200 42 19 way
2765 195 20 22 to,

2349 218 33 17 the
2391 220 113 15 contractor.
2529 219 52 23 They
2588 225 31 11 are
2628 219 113 18 substantial
2748 219 37 17 and

2351 241 101 17 well-built
2469 242 120 22 throughout
2608 242 38 18 and
2668 242 117 23 thoroughly

2349 263 83 23 adapted
2440 267 20 15 to
2472 265 34 17 the
2519 270 82 17 purpose
2618 266 30 16 for
2663 265 62 18 which
2740 267 45 20 they

2349 293 49 11 were
2412 287 97 23 designed.
2542 288 40 17 The
2596 288 52 17 stalls
2662 294 32 11 are
2707 289 44 17 nine
2766 289 19 16 in

2349 310 80 17 number
2438 311 36 16 and
2483 311 87 17 facilities
2578 317 32 11 are
2618 312 56 21 given
2684 312 27 17 for
2711 310 3 23 -
2722 312 63 17 future;

2349 333 95 17 additions
2452 334 55 16 when
2516 334 93 22 required.
2634 335 39 16 The
2686 340 99 16 necessary

2349 356 52 17 office
2415 357 38 17 and
2467 357 44 17 feed
2526 363 53 11 room
2593 357 161 17 accommodation
2769 358 16 16 is

2348 380 91 20 provided
2459 380 38 17 and
2514 380 93 17 overhead
2621 380 53 17 there
2690 380 17 18 is
2723 381 61 21 ample

2349 402 85 23 capacity
2443 403 29 17 for
2481 404 76 22 storage
2565 409 96 17 purposes.
2679 403 106 23 Adjoining

2348 425 32 17 the
2389 426 69 17 stables
2466 426 16 17 is
2499 432 12 11 a
2523 426 54 23 large
2590 427 83 22 carriage
2686 427 46 17 shed
2746 427 38 17 and

2348 447 55 18 other
2415 449 113 18 convenient
2543 449 115 18 accessories.
2692 450 39 17 The
2741 456 43 11 new

2347 470 44 18 firm
2399 477 45 12 runs
2452 473 78 17 coaches
2538 473 39 17 and
2585 473 80 22 buggies
2678 474 19 15 to
2712 473 26 17 all
2751 473 33 17 the

2347 494 63 21 places
2418 496 21 16 of
2449 495 79 18 interest
2542 496 19 17 in
2575 496 32 17 the
2618 496 164 22 neighbourhood,

2347 517 33 17 the
2396 517 113 23 particulars
2522 519 21 17 of
2555 519 62 17 which
2631 519 38 17 will
2683 519 23 17 ho
2723 519 61 17 found

2347 540 21 17 ia
2376 546 35 11 our
2418 541 85 19 business
2512 541 91 18 cjluiuus.

2371 572 59 18 There
2439 578 58 13 seems
2506 575 20 16 to
2535 574 24 18 be'
2566 581 12 11 a
2584 574 89 22 diversity
2679 575 20 17 of
2706 574 77 23 opinion

2347 601 21 11 us
2376 596 20 16 to
2406 596 84 18 whether
2500 597 33 17 the
2547 598 34 22 big
2593 598 36 16 fish
2645 597 55 18 taken
2716 599 34 16 out
2763 599 21 15 of

2347 618 33 17 the
2400 620 78 17 streams
2495 620 45 18 here
2554 621 20 16 of
2590 621 38 16 late
2645 627 31 10 are
2692 621 91 17 veritable

2347 641 59 17 brook
2420 644 52 16 trout
2485 649 22 11 or
2521 644 57 17 white
2591 644 41 17 fish.
2663 644 61 17 Those
2739 644 44 17 who

2347 664 46 17 hold
2413 666 33 16 the
2464 666 57 17 latter
2538 667 67 22 theory
2621 667 38 17 and
2676 667 42 17 who
2735 667 48 17 have

2347 688 59 16 heard
2414 689 43 16 that
2465 689 32 18 the
2511 690 73 17 natives
2598 696 31 11 ai-e
2642 690 88 23 spearing
2745 691 37 16 and

2347 711 76 22 netting
2429 712 52 17 them
2490 712 62 23 allege
2560 714 44 16 that
2610 714 15 16 it
2633 713 15 17 is
2657 719 11 11 a
2674 714 50 22 good
2732 714 50 17 work

2347 734 46 21 they
2401 740 32 12 are
2442 736 86 22 engaged
2537 737 19 16 in
2565 742 20 12 as
2596 736 30 18 the
2634 736 35 18 fish
2677 742 31 12 are
2714 743 57 11 raven-

2347 762 34 12 ous
2390 757 37 17 and
2436 758 83 18 swallow
2528 765 26 16 up
2562 760 33 16 the
2603 766 66 16 young
2682 761 36 21 fry.
2743 760 40 17 The

2347 780 100 17 American
2454 781 57 18 white
2519 782 35 17 fish
2564 788 47 11 were
2620 783 112 17 introduced
2738 783 45 17 here

2347 803 60 17 about
2417 805 21 16 14
2446 810 54 16 years
2509 811 37 16 ago
2554 806 26 22 by
2589 806 31 17 Mr
2628 806 18 17 J.
2657 806 20 17 C.
2685 806 53 18 Firth
2744 806 38 17 and

2347 827 66 21 placed
2421 827 20 17 in
2451 828 31 16 the
2491 829 86 17 Awahou
2589 830 75 20 stream,
2679 830 35 16 but
2728 830 15 16 it
2748 830 35 17 has

2347 849 71 23 always
2426 851 48 17 been
2483 853 93 21 supposed
2585 852 44 18 that
2634 851 46 24 they
2685 858 49 12 were
2739 850 33 20 des-

2347 872 67 23 troyed
2422 874 26 22 by
2458 874 32 17 the
2498 874 75 22 kouras,
2580 881 21 10 or
2606 875 55 18 small
2669 876 113 22 indigenous

2347 901 45 18 Cray
2400 896 34 18 fish
2450 903 19 11 as
2482 898 45 21 they
2542 898 47 17 have
2603 905 57 10 never
2675 900 47 16 been
2739 905 42 12 seen

2347 919 56 17 since.
2429 921 59 16 Trout
2496 926 49 12 were
2553 921 111 19 introduced
2677 923 59 17 about
2749 923 33 17 the

2347 948 51 11 same
2407 943 45 17 time
2461 945 19 16 to
2490 944 26 17 all
2524 945 32 16 the
2565 945 63 17 creeks
2636 947 101 22 emptying
2741 947 41 16 into

2347 966 32 16 the
2396 966 43 17 lake
2450 966 38 17 and
2501 967 33 18 the
2549 968 35 17 size
2604 969 20 16 of
2639 969 54 18 those
2710 969 72 23 caught

2347 988 59 23 lately
2412 995 32 11 are
2451 990 84 23 nothing
2542 992 100 21 compared
2651 994 19 15 to
2679 993 103 22 specimens

2347 1012 21 16 of
2375 1013 33 16 the
2417 1019 50 11 same
2476 1014 71 21 species
2556 1016 33 19 got
2598 1015 19 17 in
2625 1015 61 18 Lakes
2697 1016 85 18 Wanaka

2347 1035 38 17 and
2394 1034 101 24 Wakatipu
2505 1037 18 16 in
2535 1037 31 17 the
2577 1037 59 19 South
2646 1039 70 17 Island.

2370 1066 88 23 Judging
2467 1069 49 16 from
2522 1075 11 11 a
2542 1069 47 17 view
2598 1070 88 18 obtained
2695 1071 21 17 of
2731 1077 51 11 some

2347 1091 21 16 of
2375 1091 33 16 the
2416 1091 59 21 prizes
2484 1092 20 16 to
2513 1091 24 18 bo
2545 1091 65 19 drawn
2618 1095 30 15 for
2656 1095 20 15 at
2685 1094 32 16 the
2726 1094 44 18 Pres-

2347 1113 86 23 byterian
2444 1114 74 18 Church
2528 1115 72 18 Bazaar
2608 1122 24 11 on
2641 1117 32 17 the
2683 1117 49 18 22nd
2737 1117 44 18 hist,

2347 1137 54 17 those
2410 1138 42 16 who
2461 1138 77 17 succeed
2547 1139 19 16 in
2578 1140 96 22 annexing
2683 1140 52 18 them
2743 1141 40 17 will

2347 1160 23 17 be
2378 1161 97 17 fortunate
2484 1161 74 18 indeed.
2584 1162 54 18 Chief
2646 1169 71 18 among
2730 1164 52 18 them

2347 1183 15 18 is
2371 1189 11 11 a
2391 1183 84 23 quilta
2484 1185 57 22 thing
2550 1185 20 17 of
2578 1186 70 22 beauty
2662 1187 38 17 and
2717 1187 65 17 bound

2347 1208 19 15 to
2375 1212 58 17 prove
2443 1213 10 10 a
2461 1207 34 22 joy
2504 1208 30 17 for
2542 1215 43 11 over
2591 1210 19 16 to
2617 1209 32 18 the
2662 1210 57 22 lucky
2733 1211 36 16 win-

2347 1236 38 11 ner.
2418 1230 20 18 It
2457 1230 15 18 is
2490 1232 50 16 most
2556 1231 99 24 delicately
2669 1234 76 17 worked
2761 1234 21 17 in

2347 1253 45 17 silks
2401 1254 38 16 and
2448 1254 54 16 oilier
2512 1255 70 22 sheeny
2589 1256 83 18 textures
2682 1257 20 17 of
2710 1257 25 17 all
2749 1258 33 16 the

2347 1276 59 17 colors
2413 1277 19 16 of
2441 1277 32 17 the
2481 1277 85 18 rainbow
2575 1279 37 16 and
2625 1280 122 18 emblazoned
2757 1287 25 11 on

2347 1300 15 16 it
2371 1305 30 12 are
2410 1300 33 17 the
2456 1306 65 12 names
2530 1302 20 16 of
2563 1302 55 17 those'
2630 1303 42 17 who
2686 1305 96 21 represent

2347 1323 31 17 the
2387 1323 48 17 rank
2444 1324 37 16 and
2493 1324 73 18 fashion
2581 1325 37 17 and
2631 1326 71 22 beauty
2716 1327 20 17 of
2749 1328 33 16 the

2346 1346 53 22 place
2408 1347 99 22 including
2513 1348 43 16 that
2564 1349 20 16 of
2592 1349 31 16 the
2629 1351 75 20 present
2712 1350 68 18 writer.

2347 1369 33 17 Wo
2389 1369 49 22 hope
2446 1371 20 16 to
2474 1371 39 16 win
2521 1371 38 17 this
2569 1372 93 17 ourselves
2671 1378 21 12 as
2697 1379 29 11 we
2733 1374 49 16 shall

2346 1392 94 23 bequeath
2450 1394 15 16 it
2479 1400 21 11 as
2517 1400 11 11 a
2545 1394 39 18 rich
2600 1395 67 23 legacy
2685 1397 46 17 unto
2747 1403 35 11 our

2347 1416 54 20 issue,
2411 1417 43 17 who
2462 1416 18 18 in
2490 1418 76 22 coming
2575 1423 54 17 years
2638 1425 43 16 may
2690 1425 45 12 scan
2749 1420 33 17 the

2347 1445 63 11 names
2431 1439 38 17 and
2485 1441 73 22 ponder
2575 1448 23 10 on
2615 1442 32 17 the
2665 1443 37 17 fate
2719 1444 61 16 which

2346 1463 81 16 awaited
2436 1463 113 18 eachhow
2563 1470 57 17 many
2636 1467 34 21 got
2683 1467 40 16 into
2737 1472 33 16 par-

2347 1486 78 17 liament
2433 1486 38 17 and
2479 1487 44 17 how
2531 1493 58 17 many
2594 1489 113 18 somewhere
2714 1490 42 17 else.

2370 1518 17 17 A
2400 1519 84 22 moeiiug
2499 1519 20 17 of
2533 1520 54 17 those
2604 1521 91 17 members
2713 1522 20 16 of
2749 1522 33 17 the

2346 1541 72 21 Jockey
2427 1542 48 17 Club
2484 1542 102 18 interested
2598 1543 20 17 in
2631 1543 33 17 the
2677 1545 92 17 forthcom-

2346 1564 34 22 ing
2389 1565 55 17 Hack
2461 1565 84 24 meeting
2561 1566 45 17 took
2624 1567 52 22 place
2693 1568 21 17 at
2730 1568 54 17 Laker

2347 1588 65 16 House
2427 1594 24 11 on
2467 1589 85 22 Monday
2566 1590 61 21 night,
2643 1590 31 18 Mr
2690 1591 91 17 Williams

2345 1611 104 22 presiding.
2475 1613 16 15 A
2508 1612 37 17 few
2558 1613 130 22 unimportant
2703 1617 79 15 matters

2346 1635 72 21 having
2425 1636 48 15 been
2482 1635 95 23 adjusted,
2588 1642 11 11 a
2613 1637 57 16 letter
2686 1643 36 12 was
2737 1639 43 16 read

2346 1658 50 17 from
2405 1658 28 18 Mr
2443 1658 27 17 W.
2480 1657 27 19 Hi
2518 1659 45 17 Bird
2571 1660 68 22 asking
2647 1660 15 17 if
2667 1660 64 19 hoisos
2738 1662 44 17 that

2345 1681 38 17 had
2392 1688 35 10 run
2438 1682 31 16 the
2478 1682 55 17 other
2542 1683 37 21 day
2587 1684 21 16 at
2616 1690 11 10 a
2636 1684 73 17 scratch
2721 1686 48 16 moot-

2345 1704 35 22 ing
2388 1705 20 17 at
2417 1705 85 19 Galatea,
2513 1705 60 18 which
2584 1706 36 17 had
2629 1712 57 12 never
2693 1707 47 18 been
2746 1708 23 18 ad-

2346 1728 86 19 vertised,
2444 1728 63 17 would
2512 1729 23 16 be
2541 1729 123 23 disqualified.
2683 1731 29 16 He
2719 1732 26 17 stu
2751 1731 29 18 led

2346 1751 42 17 that
2398 1751 52 18 there
2459 1757 48 12 were
2516 1758 57 16 many
2582 1752 63 18 horses
2654 1754 52 17 there
2719 1755 61 17 which

2346 1775 62 17 would
2418 1775 23 17 be
2450 1775 76 17 entered
2534 1776 16 16 if
2558 1782 72 11 owners
2639 1782 48 12 were
2698 1778 83 17 satisfied

2345 1797 20 18 in
2374 1797 37 18 tin's
2420 1799 78 21 respect.
2525 1799 55 17 After
2589 1805 50 12 some
2648 1800 103 18 discussion
2765 1802 16 16 it

2347 1827 37 11 was
2393 1821 39 18 deci
2439 1822 31 16 led
2479 1819 19 20 to
2511 1822 44 18 wire
2569 1824 19 16 to
2603 1822 31 18 the
2648 1823 98 23 .Secretary
2761 1825 20 17 of

2345 1844 32 18 the
2389 1844 101 18 Auckland
2498 1846 73 22 Jockey
2581 1846 48 17 Club
2638 1846 29 18 for
2675 1847 29 17 his
2716 1843 64 28 niling

2346 1867 17 17 in
2381 1867 32 18 the
2427 1869 75 17 matter.
2529 1869 30 18 No
2576 1869 52 23 reply
2646 1871 71 22 having
2733 1872 47 16 been

2345 1890 83 19 rocieved
2438 1897 20 12 as
2474 1893 20 16 to
2511 1892 31 18 the
2559 1893 77 23 passing
2653 1893 19 18 of
2689 1895 32 16 the
2735 1900 33 17 pro-

2345 1919 84 18 gramme
2438 1915 26 21 by
2472 1915 33 17 the
2514 1916 70 17 A.E.C.
2598 1916 32 17 the
2644 1917 85 23 meeting
2742 1924 38 11 was

2345 1937 105 22 adjourned
2460 1938 28 18 till
2507 1940 111 17 to-morrow
2632 1940 56 23 night
2701 1942 20 16 at
2739 1941 40 18 7.30

2345 1961 77 17 O'clock.

2369 1992 72 19 Recent
2457 1994 74 17 visitors
2547 1996 19 15 to
2582 1994 74 19 Wairba
2671 1997 49 16 state
2737 1997 42 16 that

2345 2015 86 23 Sophia's
2453 2017 62 18 wliare
2531 2018 16 16 is
2563 2018 57 20 being
2642 2018 62 19 carted
2726 2024 53 18 away

2345 2039 106 22 piecemeal,
2462 2041 44 16 each
2516 2041 56 22 parly
2582 2041 19 18 of
2608 2042 78 18 tourists
2692 2043 88 23 carrying

2345 2062 48 18 off-a
2402 2063 63 18 chunk
2478 2064 20 16 of
2504 2064 33 17 the
2547 2064 64 17 edifice
2623 2071 20 12 as
2657 2071 12 12 a
2685 2067 94 17 memento

2345 2086 19 17 of
2373 2088 32 17 the
2414 2087 44 22 trip.
2484 2087 20 17 It
2518 2087 15 17 is
2551 2088 45 23 high
2613 2088 45 17 time
2672 2089 42 17 that
2734 2090 45 17 such

2344 2111 91 20 practices
2447 2110 69 18 should
2530 2111 24 17 be
2566 2112 35 21 put
2618 2118 11 10 a
2645 2112 43 22 stop
2705 2114 20 15 to
2742 2113 37 17 and

2344 2133 109 21 something
2461 2133 48 18 done
2521 2135 82 16 towards
2617 2135 111 24 conserving
2741 2136 39 18 this

2344 2157 113 21 interesting
2476 2157 46 17 relic
2536 2158 20 17 of
2571 2158 44 16 that
2631 2158 67 17 direful
2716 2159 62 22 night.

2344 2180 38 18 The
2391 2180 64 18 wharo
2467 2180 15 17 is
2497 2186 10 11 a
2524 2180 50 23 good
2591 2181 92 22 specimen
2697 2182 20 17 of
2733 2188 46 17 pure

2344 2204 63 17 native
2416 2203 131 19 architecture,
2557 2204 14 16 is
2581 2205 86 22 strongly
2676 2205 49 17 built
2742 2206 37 16 and

2345 2227 62 18 would
2417 2226 55 17 stand
2481 2227 89 17 removal.
2597 2228 25 16 At
2631 2234 44 16 very
2680 2228 50 18 little
2739 2230 41 16 cost

2345 2251 15 16 it
2370 2250 54 17 could
2432 2251 25 16 be
2465 2250 84 22 brought
2558 2250 19 17 in
2589 2251 42 16 hen;
2646 2252 37 16 and
2698 2252 79 20 erected,

2345 2279 33 17 say
2384 2274 20 16 in
2413 2273 33 17 the
2455 2272 119 20 Sanatorium
2592 2274 89 21 grounds,
2692 2275 60 18 where
2763 2276 17 16 it

2346 2297 62 17 would
2422 2302 57 17 prove
2488 2298 50 16 most
2551 2297 99 17 attractive
2665 2298 20 18 to
2702 2298 77 18 tourists

2345 2320 38 17 and
2391 2320 81 17 visitors.
2498 2320 39 17 The
2546 2320 45 17 road
2601 2321 18 17 to
2630 2321 72 18 Wairon
2716 2322 16 16 is
2746 2322 22 16 be-

2346 2344 76 21 coming
2434 2349 59 11 worse
2507 2344 38 17 and
2560 2349 64 14 worse,
2639 2345 87 17 constant
2741 2345 29 17 dis-

2347 2367 101 21 mounting
2456 2366 58 24 being
2521 2373 97 16 necessary
2627 2368 19 16 in
2655 2368 55 17 order
2718 2370 20 15 to
2747 2370 33 21 get,

2346 2396 44 11 over
2404 2390 32 17 the
2454 2390 98 17 obstacles.
2578 2391 25 16 As
2620 2391 32 17 the
2669 2392 80 22 country
2765 2392 15 17 is

2345 2419 42 12 now
2397 2413 100 21 becoming
2514 2413 78 18 covered
2609 2413 45 18 with
2671 2415 109 22 vegetation

2346 2436 36 17 and
2392 2437 54 17 there
2455 2436 14 17 is
2478 2436 41 17 litle
2528 2438 68 15 chance
2606 2437 19 17 of
2634 2437 79 23 damage
2723 2438 58 21 being

2346 2460 48 17 done
2403 2460 26 21 by
2437 2460 110 17 rainstorms
2554 2460 52 17 there
2614 2460 16 17 is
2638 2466 24 12 no
2671 2467 67 11 excuse
2751 2462 30 17 for

2347 2483 89 23 delaying
2445 2483 33 17 the
2486 2483 52 18 work
2548 2484 19 16 of
2580 2484 148 18 reconstruction
2743 2490 38 17 any

2346 2506 72 23 longer.
2444 2507 17 17 A
2470 2512 40 12 sum
2525 2507 34 16 has
2573 2507 45 16 been
2631 2507 66 21 placed
2710 2514 25 11 on
2748 2508 32 17 the

2347 2530 95 17 estimates
2459 2531 30 16 for
2502 2530 33 17 the
2551 2535 81 17 purpose
2648 2530 30 17 for
2693 2531 36 17 the'
2744 2531 37 17 last

2347 2554 52 17 three
2408 2559 21 12 or
2438 2554 43 17 four
2489 2559 60 16 years.

2370 2585 39 17 The
2418 2585 100 17 Auckland
2526 2591 66 15 papers
2599 2585 57 22 speak
2662 2591 45 16 very
2714 2586 68 22 highly

2347 2608 20 17 of
2376 2608 32 17 the
2417 2610 63 16 recent
2489 2609 74 17 concert
2573 2608 55 22 given
2641 2608 26 23 by
2681 2609 33 17 the
2728 2610 40 16 Mac-

2347 2632 64 16 kenzie
2421 2632 79 17 Concert
2510 2631 98 22 Company
2613 2633 20 16 at
2638 2632 81 23 the.City
2728 2633 53 17 Hall.

2347 2655 32 17 Mr
2387 2655 28 16 W.
2425 2654 107 18 Mackenzie
2542 2660 37 11 was
2592 2655 19 16 in
2625 2655 92 18 excellent
2731 2656 51 17 voice

2347 2678 36 17 and
2396 2678 74 22 though
2488 2678 79 17 encore!
2584 2684 23 11 on
2625 2684 55 15 every
2697 2679 85 18 occasion

2348 2701 33 17 did
2389 2704 35 14 not
2431 2701 82 23 respond
2522 2707 23 11 on
2555 2702 79 16 account
2643 2702 19 16 of
2671 2701 31 18 the
2715 2702 67 21 length

2348 2725 20 17 of
2388 2725 32 16 the
2440 2730 126 17 programme..
2603 2725 31 17 He
2656 2731 47 15 gave
2747 2726 36 17 Los

2349 2746 116 22 Ra'meaux,"
2495 2748 50 20 Why
2554 2747 24 18 do
2591 2747 31 18 the
2751 2749 33 17 the

2349 2771 95 17 recitative
2454 2771 37 16 and
2500 2771 44 20 aria.,
2561 2772 10 8 '
2582 2770 37 19 The
2628 2772 91 22 Trumpet
2735 2772 49 17 shall

2437 2794 45 17 with
2492 2796 65 15 cornet
2568 2794 87 19 'oblis'.ato
2668 2794 26 21 by
2712 2794 72 19 Master

2349 2818 58 22 Percy
2417 2818 57 20 West,
2484 2817 39 17 and
2554 2817 38 18 The
2601 2818 52 21 Holy
2737 2819 47 17 Miss

2348 2841 69 17 Louise
2425 2841 65 22 Aylett
2499 2847 48 16 sang
2556 2846 45 16 very
2610 2841 97 22 tastefully
2744 2842 27 17 An-

2349 2864 40 21 gels
2399 2869 42 12 over
2453 2864 66 21 bright
2533 2864 38 17 and
2668 2864 36 17 and
2725 2866 10 17 ','
2746 2864 38 19 Ora

2350 2888 36 16 Pro
2483 2887 53 22 (with
2544 2887 84 17 invisible
2638 2887 81 23 chorus.)
2744 2888 41 16 One

2350 2911 20 16 of
2378 2911 32 16 the
2418 2911 42 17 best
2469 2911 65 19 things
2544 2911 20 17 of
2571 2911 32 17 the
2612 2911 80 21 evening
2701 2917 38 11 was
2752 2911 33 17 the

2350 2933 51 21 duet,
2587 2934 25 21 by
2618 2933 77 18 Madam
2702 2933 71 19 Golden-

2350 2956 51 18 stedt
2414 2957 38 17 and
2469 2958 29 15 Mr
2514 2957 113 17 Mackenzie.
2661 2958 46 16 Miss
2724 2958 60 17 Jessio

2351 2980 68 18 Glover
2428 2986 48 15 gave
2484 2981 39 16 two
2538 2980 108 17 recitations
2658 2980 19 17 in
2693 2981 92 17 excellent

2350 3003 54 23 style,
2481 3004 60 16 Amen
2699 3003 86 18 invisible

2351 3026 72 20 chorus,
2433 3027 38 17 and
2500 3026 42 17 God
2551 3026 19 17 of
2681 3027 39 16 The
2729 3027 42 18 Com-

2350 3055 51 17 pany
2411 3050 37 17 will
2465 3055 37 17 pay
2516 3050 80 17 another
2610 3050 43 17 visit
2665 3051 21 16 to
2701 3050 84 17 I'otorua

2350 3074 46 16 next
2406 3073 72 17 month.

2373 3109 30 17 An
2410 3109 90 16 audience
2585 3108 73 20 though-

2351 3132 82 17 sembled
2443 3133 17 16 in
2472 3132 30 16 the
2517 3131 86 18 Pukcroa
2619 3132 47 17 Hall
2683 3138 23 11 on
2716 3132 69 22 Friday

2351 3156 80 21 evening
2439 3156 37 16 last
2484 3156 20 16 to
2513 3154 56 18 listen
2576 3156 20 16 to
2613 3155 32 17 the
2662 3157 75 15 concert
2751 3161 23 12 an-

2351 3178 85 18 nounced
2449 3179 20 16 to
2484 3178 24 16 be
2525 3179 56 20 given
2598 3177 25 23 by
2639 3178 32 17 Mr
2686 3178 99 23 Maughan

2351 3201 83 21 Barnott,
2455 3201 31 18 the
2502 3201 122 17 well-known
2640 3207 97 17 composer
2749 3202 36 17 and

2351 3224 77 23 pianist;
2437 3224 36 17 ami
2483 3224 50 17 Herr
2545 3224 79 17 Michael
2634 3225 81 22 Palling,
2724 3225 61 18 whose

2351 3248 138 23 performances
2498 3254 24 10 on
2531 3247 33 18 the
2570 3247 99 18 viola-alta
2678 3254 31 11 are
2718 3248 67 17 locked

2351 3277 51 17 upon
2411 3277 20 10 as
2440 3270 90 18 marvello
2538 3276 21 11 is.
2573 3271 59 16 Those
2641 3272 80 22 present,
2732 3272 40 16 how-

2351 3300 48 13 ever,
2419 3300 46 11 were
2484 3294 81 17 doomed
2582 3295 19 16 to
2618 3292 67 24 disiipp
2700 3292 3 24 '
2719 3295 66 19 tment,

2351 3318 15 16 it
2375 3318 57 21 being
2449 3316 110 18 announced
2576 3317 43 17 that
2636 3323 23 11 on
2676 3319 80 15 account
2768 3318 17 17 of

2351 3341 33 16 the
2392 3342 51 16 want
2453 3341 19 16 of
2585 3347 11 10 n
2613 3340 19 17 in
2650 3341 76 16 musical
2736 3342 37 16 mat-

2351 3365 43 18 ters,
2406 3364 65 17 shown
2476 3363 24 22 by
2509 3363 33 17 the
2551 3363 77 25 paucity
2639 3363 20 18 of
2667 3363 118 22 attendance,

2351 3387 33 16 the
2392 3387 53 22 perfo
2458 3391 46 13 mors
2521 3383 38 20 had
2575 3386 76 18 Coeidcd
2669 3388 33 15 not
2719 3388 19 15 to
2752 3393 22 16 ap-

2351 3415 50 17 pear.
2428 3410 34 17 An-
2467 3410 55 16 effort
2530 3415 38 12 was
2578 3410 53 17 made
2639 3411 20 15 to
2672 3410 68 17 induce
2754 3410 31 17 the

2352 3439 35 11 mn,
2395 3433 56 17 'cians
2472 3433 19 17 to
2509 3433 54 17 favor
2578 3433 54 17 those
2643 3435 81 20 present,
2740 3433 45 17 with

2352 3485 37 11 was
2398 3479 173 20 unsuooessluV'uir
2572 3479 5 9 1
2594 3479 53 17 those
2661 3481 76 21 present
2749 3479 36 17 had

2352 3502 49 18 their
2413 3508 68 12 monev
2498 3502 89 17 returned
2603 3504 20 16 to
2639 3502 58 17 them.
2731 3502 54 18 From

2352 3525 60 17 which
2422 3525 15 17 it
2445 3520 51 22 is'to
2505 3525 24 17 be
2544 3525 139 20 demonstrated
2698 3526 42 16 that
2756 3526 29 16 the

2352 3554 100 13 numerous
2473 3550 86 16 amateur
2575 3548 84 18 concerts
2676 3549 66 21 gotten
2761 3555 24 15 up

2351 3572 44 17 here
2411 3577 21 11 so
2446 3572 108 22 frequently
2569 3572 23 17 do
2607 3573 34 15 not
2658 3572 60 21 testifj
2740 3574 19 14 to
2777 3579 8 9 a

2352 3595 77 22 general
2444 3596 48 16 taste
2502 3595 29 17 for
2548 3595 83 17 classical
2648 3595 58 16 music
2718 3600 23 12 on
2756 3594 29 18 the

2352 3619 42 21 part
2406 3618 19 17 of
2433 3618 98 17 residents.

2375 3658 16 17 A
2399 3659 64 17 choice
2469 3657 113 18 assortment
2591 3658 20 17 of
2620 3657 103 18 Christmas
2729 3658 56 17 Cards

2351 3682 46 16 with
2407 3682 139 21 photographic
2555 3681 56 16 views
2620 3682 21 15 of
2649 3681 46 16 New
2705 3681 80 17 Zealand

2351 3710 77 16 scenery
2434 3706 20 16 at
2463 3705 32 17 the
2504 3705 118 17 Ciiuoxici.e
2631 3703 72 19 Office.*

2351 3759 38 17 and
2402 3759 37 17 Son
2449 3760 20 16 of
2478 3758 106 23 Wanganui
2594 3763 49 12 some
2653 3758 92 17 beautiful
2754 3758 21 17 de-

2351 3782 52 23 signs
2411 3782 20 17 in
2440 3782 104 18 Christmas
2553 3781 53 17 cards
2618 3781 61 17 which
2693 3782 35 16 not
2742 3781 43 22 only

2351 3810 71 16 convey
2439 3805 32 17 the
2486 3804 131 22 compliments
2634 3804 20 17 of
2672 3804 33 17 the
2722 3810 63 12 season

2351 3828 36 17 but
2400 3828 39 17 also
2453 3828 73 17 furnish
2544 3827 69 18 friends
2628 3827 71 17 abroad
2712 3828 47 16 with
2776 3833 9 12 a

2351 3851 86 22 splendid
2445 3851 149 22 representation
2607 3850 20 17 of
2641 3847 47 21 New
2705 3850 80 18 Zealand

2351 3874 47 17 bush
2408 3874 36 17 and
2454 3874 98 16 mountain
2567 3879 82 17 scenery.
2679 3874 58 16 Those
2752 3880 33 10 can

2351 3897 23 18 be
2383 3897 89 17 obtained
2480 3898 20 16 at
2509 3897 32 17 the
2551 3897 117 17 Cintoxici.E
2677 3896 74 18 Office.*

2375 3935 144 18 Gky.SKIU.AXD,
2541 3933 151 22 GIiAOIEIILA\D,
2711 3934 64 17 FlOiVO-

2351 3958 109 17 iaxoAll
2467 3956 110 19 Illustrated
2584 3957 60 17 Guide
2650 3958 19 16 to
2676 3957 31 17 the
2713 3957 72 22 Beauty

2352 3981 56 22 Spots
2421 3981 20 17 of
2454 3981 47 17 New
2517 3981 89 16 Zealand.
2639 3980 30 17 On
2679 3981 38 16 sale
2726 3981 19 16 at
2754 3981 31 16 the

2433 4040 53 17 THE
2502 4039 76 17 SIEVE
2596 4038 107 18 ORGANS.

2538 4063 35 11 ,
2608 4063 3 11 .

2375 4076 38 18 The
2422 4076 78 20 kidneys
2509 4076 31 16 act
2549 4081 21 11 as
2578 4081 11 10 a
2598 4075 48 17 sieve
2653 4076 19 16 to
2682 4075 31 17 the
2722 4075 63 18 blood,

2352 4099 61 17 where
2422 4099 15 16 it
2445 4099 16 17 is
2470 4098 73 17 filtered
2551 4098 3 22 ;
2568 4098 45 21 they
2622 4098 112 22 necessarily
2740 4099 45 16 need

2352 4122 101 22 cleansing,
2464 4121 36 17 and
2514 4121 78 17 Wolfe's
2606 4120 98 23 Schnapps
2718 4121 67 18 should

2351 4145 23 16 be
2383 4145 51 16 used.

2958 127 132 19 TIKITERE.

2854 173 39 17 The
2901 173 51 18 Host
2960 174 20 18 of
2987 174 63 19 Hell's
3146 176 26 24 by
3182 177 58 19 which

2810 195 102 19 Miltonian
2932 199 107 20 expression
3055 204 29 12 wo
3100 206 55 11 moan
3177 200 29 18 Mi-
3220 203 22 17 l>,

2809 218 92 23 McCrory
2911 221 62 17 whose
2986 223 129 17 earavariscfrai
3129 225 20 15 at
3163 223 33 17 the
3210 223 19 19 In-

2809 242 59 21 ferno,
2884 242 87 21 Tikitere,
2986 244 17 17 is
3018 244 26 22 by
3056 246 52 17 force
3125 246 20 17 of
3161 248 81 18 contrast

2808 265 61 17 called
2879 269 11 6 '
2898 266 89 18 Paradise
3095 270 103 17 submitted
3210 271 31 18 the

2808 289 101 21 subjoined
2924 295 61 13 verses
3001 292 21 16 to
3038 296 22 12 us
3076 293 34 16 the
3129 293 55 17 other
3199 293 41 22 day.

2808 311 30 17 Ho
2859 313 76 16 entered
2952 319 35 11 our
3003 316 87 17 sanctum
3106 317 21 16 at
3144 322 10 11 a
3172 316 68 18 critical

2801 336 92 17 .moment
2906 336 55 16 when
2974 342 28 11 wo
3014 343 48 12 were
3081 339 99 23 wrestling
3196 340 44 17 with

2807 357 33 17 the
2849 357 105 19 difficulties
2963 360 21 16 of
2991 360 112 25 publishing
3111 369 12 10 a.
3131 362 38 23 day
3182 363 58 18 ahead

2807 381 21 16 of
2836 386 35 12 our
2880 382 53 17 usual
2942 382 50 21 time,
3003 383 37 17 and
3053 385 99 17 extracted
3157 386 50 18 from
3220 392 20 12 us

2807 410 12 10 a
2827 404 81 21 promise
2917 406 19 16 to
2946 406 73 21 publish
3029 413 51 11 some
3109 410 68 21 poetry
3184 409 57 18 about

2941 428 33 18 We
2990 429 47 23 keep
3057 437 36 10 our
3108 432 88 21 promise,
3207 432 34 18 but

2806 450 97 22 apologise
2911 452 20 16 to
2940 458 35 10 our
2982 453 73 17 readers
3064 454 31 17 for
3103 455 98 23 thrusting
3206 461 23 17 up-

2806 479 25 10 on
2839 473 53 18 them
2901 480 10 11 a
2920 475 40 16 slab
2969 476 20 16 of
2994 476 33 17 the
3036 477 69 17 veriest
3114 478 92 22 doggerel
3213 484 27 13 we

2806 496 48 16 have
2862 498 33 21 yet
2904 500 36 15 met
2951 499 51 20 with,
3011 500 36 17 but
3057 506 24 11 an
3097 502 92 17 excellent
3206 502 22 18 ad-

2805 519 121 19 vertisement
2934 520 31 18 for

2970 553 106 19 Tiiciteiuc.

2805 582 76 17 There's
2890 589 10 10 a
2909 583 52 22 place
2970 585 19 16 in
2998 585 33 18 the
3039 587 60 17 world
3108 588 63 18 which
3184 594 55 19 many

2877 606 53 17 don't
2939 606 65 22 know;

2805 628 30 22 By
2844 628 32 18 the
2885 635 54 12 name
2947 636 39 16 you
2994 632 63 17 would
3066 633 56 18 think
3135 634 25 18 its
3168 641 12 11 a
3187 635 52 23 place

2876 652 36 17 full
2921 654 20 16 of
2949 659 43 12 woo.

2807 674 80 17 "Hell's
2897 676 56 17 Gates
2980 677 16 17 is
3005 677 33 18 the'
3045 685 56 12 name
3112 680 21 18 of
3140 681 39 17 this
3187 687 39 13 won-

2832 698 2 23 .
2847 698 2 23 .
2876 698 62 18 derful

2805 721 27 17 To
2840 720 45 18 look
2896 723 20 15 at
2930 723 16 17 it
2958 723 69 19 almost
3043 726 65 17 makes
3121 733 49 17 your
3183 728 55 19 blood

2876 744 47 21 cold,

2806 766 54 17 Close
2868 768 32 22 by,
2908 774 72 12 orncar
2986 771 25 19 to,
3018 771 16 17 is

2806 790 66 17 Where
2881 791 33 17 the
2922 792 46 17 kind
2977 793 43 18 host
3028 795 64 18 makes
3100 802 39 15 you
3151 799 21 15 at
3186 797 44 18 horn-

2856 815 1 24 .
2876 815 81 17 without
2965 821 67 18 worry,

2805 836 31 17 Ho
2844 837 16 16 is
2869 837 50 21 kind,
2930 839 38 16 and
2977 841 104 22 congenial,
3092 842 38 18 and
3138 843 88 22 awfcpdci
3233 855 5 2 -

2876 861 30 17 ful
2914 861 52 21 cook,

2805 882 38 17 But
2860 884 32 16 the
2907 884 41 17 best
2961 886 45 21 plan
3020 888 20 16 to
3055 894 58 16 prove
3122 889 48 21 ife|a
3172 902 5 8 f
3180 891 21 16 to
3216 896 22 14 go

2875 907 53 17 there
2937 908 36 17 and
2982 909 49 18 look.
3133 901 38 30 M

2805 929 38 16 The
2852 935 55 12 name
2920 932 20 16 of
2952 938 35 11 our
2999 932 44 19 host
3055 935 16 16 is
3106 936 132 19 McCrorv.

2876 953 84 23 Esquire.

2805 975 37 17 For
2851 977 95 23 anything
2952 978 61 18 better
3021 985 38 17 you
3067 982 48 17 need
3124 983 34 16 not
3175 982 63 19 desire.

3127 1009 66 18 J.C.A.

2883 1057 59 18 NEW
2955 1059 91 19 YEAR'S
3060 1062 101 17 SPORTS.

2827 1103 40 17 Tlio
2875 1103 78 19 athletic
2961 1110 62 17 sports
3031 1106 45 18 Lola
3085 1114 24 11 on
3118 1108 47 19 New
3173 1109 65 19 Year's

2804 1125 43 23 Day
2856 1126 60 19 under
2929 1128 32 17 the
2975 1129 84 23 auspices
3073 1131 21 17 of
3106 1131 33 19 the
3156 1132 83 19 Rotorua

2805 1149 92 18 Airiafohr
2912 1149 58 20 Brass
2981 1152 55 18 Baud
3049 1155 39 16 mot
3106 1155 47 17 with
3168 1156 46 22 only
3229 1163 10 11 a

2803 1172 90 22 qualified
2902 1179 71 13 success
2982 1175 32 18 the
3022 1177 114 19 attendance
3146 1179 33 18 not
3182 1185 42 12 num-

2805 1195 66 24 bering
2885 1196 50 18 m'ofe
2950 1198 46 17 than
3010 1200 34 16 200
3055 1201 21 17 at
3090 1207 38 16 any
3142 1202 66 22 period
3221 1204 19 17 of

2803 1219 33 17 the
2854 1219 104 19 afternoon.
2984 1222 38 17 The
3037 1225 114 23 convincing
3165 1223 72 25 ground

2803 1247 38 12 was
2852 1242 29 17 Mi-
2889 1242 97 24 Malfroy's
2998 1244 92 24 paddock,
3107 1249 86 21 opposite
3208 1249 30 17 the

2803 1271 124 16 race-course,
2942 1268 43 20 and,
3000 1270 21 15 to
3034 1275 33 17 say
3081 1271 34 16 the
3128 1272 48 17 least
3184 1273 21 16 of
3217 1272 21 19 it.

2803 1289 16 16 it
2827 1294 16 11 is
2856 1290 35 16 not
2906 1290 19 17 at
2934 1290 24 18 all
2967 1291 83 23 adapted
3064 1294 30 16 for
3104 1294 33 18 the
3149 1301 89 16 purposes

2804 1312 20 17 of
2833 1318 24 11 an
2864 1312 78 18 athletic
2951 1315 87 23 meeting.
3052 1316 69 23 Itmay
3130 1317 23 19 be
3159 1324 66 12 remem-

2804 1334 56 19 bered
2873 1335 43 18 that
2928 1343 25 11 an
2967 1338 115 22 application
3097 1346 38 12 was
3153 1342 54 17 made
3220 1343 18 17 to

2804 1358 32 18 the
2845 1358 85 19 Rotorua
2938 1360 72 23 Jockey
3019 1362 47 17 Club
3084 1364 30 16 for
3128 1364 32 18 the
3176 1371 31 12 use
3221 1367 19 16 fit'

2803 1381 33 18 the
2844 1388 118 12 race-course
2971 1390 50 12 some
3030 1386 46 17 time
3082 1393 43 16 ago.
3151 1388 44 18 This
3201 1395 37 11 was

2804 1405 86 21 granted,
2901 1406 38 17 and
2947 1412 24 12 no
2980 1409 92 17 sufficient
3081 1416 67 12 reason
3160 1412 34 16 lias
3207 1414 31 20 yet

2806 1428 45 17 been
2860 1428 85 19 adduced
2953 1431 29 16 for
2991 1432 33 17 not
3031 1432 80 24 holding
3118 1434 32 18 the
3156 1435 82 23 meeting

2804 1451 58 21 there,
2873 1458 21 11 as
2903 1458 37 12 was
2949 1454 101 24 originally
3062 1456 92 19 intended
3167 1458 26 22 by
3207 1458 32 18 the

2803 1477 111 20 promoters.
2940 1476 39 18 Out
2987 1478 20 16 of
3015 1485 11 10 a
3038 1479 50 17 total
3103 1481 20 17 of
3139 1481 21 17 18
3175 1482 63 17 eveuts

2804 1504 25 11 on
2838 1499 32 16 the
2879 1499 44 17 card
2931 1506 25 11 no
2967 1500 36 18 less
3015 1502 47 17 than
3078 1503 29 17 six
3120 1503 66 23 lapsed
3202 1506 36 16 and

2804 1522 33 22 put
2847 1522 20 16 of
2876 1522 66 18 twelve
2951 1524 68 17 entries
3028 1526 29 17 for
3070 1526 34 17 the
3113 1527 41 22 Cup
3163 1527 62 18 Handi-

2804 1550 34 17 cap
2848 1550 56 13 seven
2913 1546 114 20 contestants
3041 1554 53 13 came
3108 1551 20 16 to
3142 1551 33 17 the
3189 1553 49 20 post.

2803 1567 39 18 The
2851 1568 55 18 Band
2915 1575 38 12 was
2960 1570 20 17 in
2993 1572 113 18 attendance
3119 1574 37 17 and
3170 1574 68 23 played

2803 1592 72 17 several
2888 1592 98 19 selections
2994 1595 20 16 at
3022 1595 91 19 intervals
3121 1597 72 23 during
3207 1598 31 17 the

2803 1614 44 23 day.
2880 1616 40 17 The
2935 1616 99 24 following
3045 1619 69 18 results
3127 1620 48 18 have
3192 1621 46 18 been

2803 1637 76 19 handed
2888 1640 20 16 to
2916 1644 22 13 us
2947 1640 30 16 for
2985 1641 116 22 publication
3108 1637 3 26 :

2827 1661 145 24 Maiden-Plato,
2986 1661 77 29 l'2oyds:
3078 1666 75 22 Kaktiu,
3165 1668 8 16 1
3184 1666 52 24 (20s);

2804 1685 60 20 Keho,
2875 1686 16 16 2.

2827 1708 74 18 Hurdle
2919 1708 53 22 Race,
2997 1712 33 21 120
3030 1712 46 21 yds:
3097 1713 19 17 J.
3137 1713 101 23 Morrison/

2804 1731 51 22 7yds,
2867 1734 8 14 1
2886 1731 58 29 (255);
2960 1733 27 19 W.
3001 1734 81 24 Dansey,
3098 1737 53 22 4yds,
3167 1738 10 16 2
3191 1731 45 29 (,ss):

2803 1754 23 18 G.
2839 1755 79 23 Dansey;
2928 1756 52 23 Byds;
2991 1754 20 25 3;
3025 1759 44 17 nine
3078 1761 83 16 starters.

2827 1778 54 24 High
2887 1778 71 24 Jump:
2973 1781 55 17 Peter
3036 1781 89 23 Jackson,
3138 1785 6 15 1
3156 1783 28 21 (7s
3195 1778 40 26 Gd):

2803 1801 56 21 Euhi,
2869 1804 16 15 2.
3156 1794 5 12 V
3220 1794 5 13 '

2826 1825 85 18 Rotorua
2918 1827 40 22 Cup
2965 1827 105 24 Handicap,
3079 1829 53 18 throe
3139 1830 97 18 distances.

2805 1848 83 21 100..220
2896 1849 38 18 and
2942 1850 34 23 440
2976 1850 46 23 yds:
3039 1852 26 17 YV.
3080 1853 83 20 Dansey,
3181 1854 7 16 1
3204 1854 34 23 (i'
3265 1848 26 29 3

2805 1871 48 23 10s);
2868 1872 116 22 Riripotaka,
2999 1875 10 16 2
3023 1872 97 26 (30s)';J.
3141 1877 95 20 Morrison,

2802 1894 11 18 3
2822 1894 54 24 (10s).
2903 1896 37 17 The
2957 1897 53 18 heats
3024 1899 182 18 resulted:First:
3218 1900 17 17 J.

2802 1918 101 22 Morrison,
2915 1920 6 16 1
2931 1918 4 27 ;
2949 1920 82 23 Dansey,
3045 1918 21 27 2;
3087 1922 117 23 Riripotaka,
3221 1924 14 17 3.

2802 1941 83 18 Second:
2900 1943 81 21 Dansey,
2993 1945 6 15 1
3008 1941 4 26 ;
3031 1945 101 22 Morrison,
3148 1948 19 18 2;
3188 1947 39 17 Riri-

2801 1965 77 21 potaka,
2895 1967 16 16 3.
2937 1965 65 27 Final:
3017 1968 82 22 Dansey,
3119 1971 20 19 1;
3161 1970 65 22 Eiripo-

2802 1988 52 19 taka,
2864 1988 21 23 2;
2900 1989 98 22 Morrison,
3010 1992 15 16 3.

2826 2012 46 17 Mile
2881 2012 110 26 Handicap:
3005 2014 116 23 Eiripotaka,
3135 2016 62 22 10>-ds,
3215 2018 20 17 1;

2802 2035 104 23 Ngaroata,
2919 2037 61 22 10yds,
2987 2039 9 15 2
3004 2035 3 25 ;
3022 2039 28 16 W.
3058 2036 67 24 Sniith,
3134 2041 101 19 scratch,3.

2826 2058 102 24 Throwing
2937 2060 31 17 the
2977 2062 53 17 stone
3037 2058 3 25 :
3055 2062 28 17 W.
3094 2063 78 20 Rogers,
3184 2064 7 16 1
3210 2063 27 20 (7s

2802 2081 43 24 Od);
2860 2082 96 23 Monldey,
2967 2085 16 16 2.

2826 2105 102 18 Half-mile
2934 2107 100 23 Handicap
3041 2105 4 25 :
3059 2108 117 22 Riripotak'a,
3184 2110 51 20 Bvds,

2803 2129 6 16 1
2819 2128 3 23 ;
2837 2129 18 16 J.
2865 2128 88 22 Dalbetb,
2966 2131 61 20 14yds,
3038 2133 17 15 2.

2824 2152 139 23 Three-legged
2984 2154 56 20 Race,
3065 2150 91 28 luOyda:'
3167 2156 68 18 Eahau

2801 2174 37 17 and
2848 2174 60 22 Keho,
2921 2177 5 15 1
2935 2174 4 23 ;
2954 2176 127 19 MacPheraon
3094 2180 38 16 and
3146 2180 21 17 G.
3184 2180 39 17 Dan-

2801 2204 38 16 sey,
2849 2199 17 15 2.

2825 2221 122 19 Consolation
2955 2221 60 25 Race:
3034 2225 20 17 C.
3069 2225 21 17 T.
3106 2225 96 21 Monkloy,
3218 2221 4 25 1
3231 2221 4 25 :

2801 2245 26 16 H.
2839 2245 27 17 W.
2876 2246 96 22 Monklcy,
2984 2248 16 16 2.

2872 2301 59 17 NEW
2947 2302 101 17 GEYSER
3063 2304 102 17 ACTION.

2825 2348 48 17 Last
2881 2347 51 19 week
2941 2348 93 19 reference
3047 2354 39 14 was
3101 2351 55 17 made
3171 2353 20 16 to
3205 2352 31 18 the

2801 2371 97 18 increased
2923 2371 78 23 activity
3027 2373 110 19 observable
3161 2375 20 17 in
3205 2376 31 16 the

2801 2394 77 23 springs
2891 2395 55 22 tying
2959 2396 19 16 to
2991 2396 32 17 the
3040 2397 116 18 south-west
3168 2398 21 17 of
3205 2399 31 17 the

2802 2418 80 20 Kiurari,
2893 2417 37 18 and
2940 2417 61 19 whidi
3006 2420 103 18 constitute
3116 2426 11 11 a
3133 2422 75 21 portion
3218 2422 18 17 of

2802 2441 43 18 that
2859 2442 76 21 system.
2965 2442 54 18 Since
3033 2443 46 17 then
3092 2444 50 17 their
3159 2444 77 23 activity

2803 2465 33 17 has
2850 2464 77 18 become
2940 2470 46 12 even
2999 2472 51 11 more
3064 2468 122 20 pronounced
3201 2468 35 18 and

2803 2488 32 18 the
2845 2487 42 18 flow
2896 2488 20 17 of
2925 2490 57 15 water
2991 2489 33 17 has
3033 2489 95 20 increased
3143 2491 83 18 consider-

2803 2511 51 23 ably.
2880 2510 106 24 Yesterday
2993 2517 12 12 a
3011 2514 147 21 representative
3167 2514 21 18 of
3201 2515 35 17 this

2803 2540 59 17 paper
2871 2534 68 18 visited
2947 2535 32 17 the
2988 2535 53 22 placo
3050 2536 47 18 witu.
3106 2538 29 16 Mr
3153 2537 20 18 C.
3191 2537 34 19 Mal-

2803 2558 49 22 froy.
2864 2557 126 18 Government
2999 2558 102 24 Engineer,
3111 2561 43 17 who
3160 2561 78 23 pointed

2803 2583 35 16 out
2846 2581 33 18 the
2886 2581 82 23 changes
2977 2582 60 17 which
3045 2582 38 17 had
3091 2585 84 21 recently
3182 2585 54 18 taken

2803 2605 59 22 place.
2897 2604 38 17 The
3144 2608 30 17 for
3194 2608 42 17 such

2804 2629 46 21 they
2859 2633 44 17 may
2912 2628 130 23 undoubtedly
3050 2629 23 17 bo
3083 2631 66 19 called,
3160 2636 31 12 are
3198 2632 40 17 best

2803 2651 81 18 reached
2897 2651 26 21 by
2937 2652 78 22 turning
3029 2652 27 18 off
3071 2653 33 18 the
3119 2654 50 17 main
3187 2654 50 18 road,

2805 2675 50 17 after
2862 2674 78 23 passing
2948 2674 85 24 through
3041 2675 35 18 the'
3089 2677 31 17 old
3138 2678 98 20 township.

2805 2698 40 17 into
2855 2697 115 18 thoTarewa
2979 2698 50 18 road.
3056 2699 94 24 Fronting
3161 2700 66 19 MrDal-

2805 2721 62 19 beth's
2871 2721 60 17 bouse
2935 2721 33 17 the
2973 2721 74 23 boiling
3052 2722 54 18 holes
3111 2729 31 15 ar.e
3151 2723 87 18 situate-].

2805 2745 53 21 They
2867 2751 31 10 ure
2913 2744 88 24 partially
3016 2745 69 18 hidden
3100 2747 25 22 by
3141 2747 31 17 the
3186 2748 54 16 scrub

2806 2768 84 23 through
2899 2768 61 16 which
2967 2775 11 10 it
2988 2769 52 17 track
3049 2769 33 18 has
3094 2770 47 17 been
3155 2772 37 17 cut,
3203 2771 37 18 and

2805 2798 21 10 as
2835 2791 32 17 the
2876 2791 75 22 ground
2960 2791 14 17 is
2984 2792 37 17 soft
3027 2792 36 17 and
3074 2799 75 17 spongy
3158 2794 14 17 it
3179 2794 15 17 is
3199 2794 38 17 best

2805 2816 21 15 to
2843 2814 23 17 bo
2881 2815 71 16 careful
2966 2815 20 17 of
3002 2815 50 17 one's
3069 2816 99 23 footsteps.
3202 2818 38 17 The

2806 2838 53 17 three
2868 2838 52 17 main
2928 2838 53 22 pools
2990 2844 31 11 arc
3030 2839 114 23 contiguous
3152 2840 38 17 and
3203 2841 38 17 boil

2807 2861 99 22 furiously,
2916 2861 98 23 throwing-,
3021 2868 25 16 up
3055 2862 38 23 jots
3100 2863 20 18 of
3128 2864 59 17 water
3200 2866 9 15 (>
3221 2869 20 12 or

2807 2885 10 17 8
2827 2885 44 16 feet.
2907 2885 28 15 Mr
2951 2885 83 22 Malfroy
3050 2886 87 23 explains
3150 2886 43 19 that
3210 2887 30 18 the

2807 2908 127 22 temperature
2940 2907 23 19 .of
2978 2908 33 17 the
3026 2911 58 15 water
3100 2910 16 17 is
3132 2912 21 15 at
3167 2914 73 19 present

2807 2931 35 16 210
2850 2930 78 23 degrees
2937 2930 56 19 while
3001 2931 43 18 that
3057 2933 20 16 of
3090 2933 33 16 the
3139 2933 74 18 Kuirau
3226 2934 8 16 j-

2808 2954 33 17 -13G
2850 2953 84 24 degrees.
2959 2954 98 23 Formerly
3066 2956 32 17 the
3107 2956 74 18 Kuirau
3189 2957 53 17 stool

2807 2978 19 16 at
2845 2978 33 16 170
2893 2977 76 23 degrees
2989 2978 55 17 while
3057 2978 53 19 these
3121 2979 54 23 pools
3195 2986 47 12 were

2807 3001 52 21 quite
2953 3001 19 16 It
2986 3001 15 17 is
3015 3001 59 17 found
3091 3003 43 17 that
3154 3008 20 12 as
3191 3004 51 17 those

2807 3023 75 27 springs
2903 3024 81 17 increase
3006 3024 18 17 in
3054 3026 128 22 temperature
3206 3025 35 20 arid

2807 3046 79 23 activity
2895 3046 32 18 the
2936 3047 73 17 Kuirau
3019 3048 94 18 decreases
3121 3050 21 16 in
3149 3051 81 22 tempera-

2808 3071 41 16 ture
2866 3070 38 16 and
2916 3069 82 19 outflow.
3031 3071 38 17 The
3085 3074 110 16 connection
3209 3074 22 16 be-

2808 3094 60 16 tween
2878 3093 32 17 the
2919 3095 37 16 two
2965 3093 16 17 is
2989 3094 92 18 therefore
3096 3097 49 17 most
3159 3097 82 17 obvious.

2808 3116 74 23 Ledges
2898 3117 20 16 of
2934 3117 45 17 rock
2996 3118 89 23 formerly
3102 3120 79 17 covered
3197 3119 45 18 with

2807 3145 16 11 v.-
2839 3140 28 19 te.r
2875 3145 31 11 are
2916 3139 66 24 slowly
2986 3140 82 25 making:
3071 3142 50 17 their
3127 3140 115 25 appoariincc

2808 3168 25 11 on
2849 3163 33 17 the
2895 3169 28 11 st'.i
2930 3163 38 18 face
2981 3164 20 17 of
3017 3165 32 17 the
3066 3165 75 18 Kuirau
3158 3166 38 18 and
3212 3166 31 18 the

2808 3185 42 18 flow
2854 3185 61 17 'down
2927 3186 30 17 the
2966 3186 89 19 channels
3064 3189 24 16 oh
3098 3189 32 17 the
3139 3190 50 16 main
3198 3189 45 18 road

2807 3209 16 17 is
2832 3208 115 24 decreasing.
2966 3210 26 17 To
3001 3211 54 16 make
3064 3217 26 17 up
3099 3212 29 17 for
3137 3212 44 21 this;
3191 3213 39 16 how-

2808 3238 49 14 ever,
2871 3239 11 9 a
2895 3233 127 18 considerable
3039 3236 69 16 .stream
3125 3236 16 17 is
3161 3236 83 22 running

2809 3255 55 16 down
2873 3255 33 17 the
2914 3256 76 17 Tarewa
3003 3257 47 17 road
3066 3258 61 18 where
3139 3259 54 17 there
3208 3266 36 10 was

2808 3284 25 11 no
2847 3279 42 16 J.OW
2905 3280 67 16 in.iuiv.
2998 3280 30 17 ?,Ii-
3045 3280 85 24 Sialit'oy
3144 3282 99 17 attributes

2810 3302 31 15 tin-
2850 3302 79 22 activity
2938 3307 43 12 now
2989 3304 77 16 evinced
3074 3304 27 21 by
3109 3305 52 18 those
3170 3303 74 25 springs

2808 3326 20 15 to
2838 3324 32 17 the
2879 3325 135 18 circumstance
3022 3326 42 18 that
3073 3328 33 16 the
3114 3328 44 17 flow
3170 3328 21 18 of
3203 3328 41 18 cold

2808 3345 59 20 w.vt'er
2876 3348 49 17 from
2934 3349 31 16 the
2974 3354 76 18 swamp,
3062 3356 46 12 near
3115 3351 33 22 by,
3158 3352 33 17 has
3198 3352 45 17 been

2810 3370 115 23 inteiwpted
2933 3371 27 23 by
2967 3372 33 17 the
3014 3371 32 25 big
3061 3373 64 19 drains
3140 3375 58 23 along
3213 3375 30 17 the

2800 3392 1 25 I
2809 3393 78 24 railway
2903 3394 43 18 line.
2977 3396 25 16 At.
3019 3396 31 17 the
3065 3397 46 17 time
3127 3398 54 17 these
3198 3403 46 12 wore

2808 3417 120 17 constructed
2937 3418 23 16 he
2974 3419 108 18 considered
3095 3420 16 18 it
3126 3427 39 11 was
3178 3421 66 22 highlv

2808 3439 91 23 probable
2909 3440 41 18 that
2958 3441 45 23 they
3013 3443 62 17 would
3082 3443 48 18 have
3136 3450 51 12 some
3193 3445 52 17 effect

2808 3468 24 12 on
2842 3463 32 17 the
2883 3463 74 18 Kuirau
2965 3467 76 19 system,
3048 3466 39 17 and
3095 3467 33 17 the
3137 3468 58 17 result
3210 3473 24 12 un-

2809 3486 103 18 confirmed
2921 3487 37 17 this
2967 3488 82 22 opinion.

2808 3539 431 31 CABLEGRAMS

2833 3612 92 21 Lo.vdox,
2947 3613 85 24 January
3053 3616 15 16 T.
3111 3614 38 20 The
3169 3616 77 23 leading

2810 3641 68 17 papers
2895 3636 20 17 in
2928 3636 33 18 the
2975 3639 108 21 metropolis
3100 3639 38 18 and
3151 3639 33 18 the
3201 3646 32 17 pro-

2809 3659 63 17 vinces
2881 3659 18 17 in
2909 3659 106 25 discussing
3028 3662 32 17 the
3074 3662 104 18 Transvaal
3195 3664 50 16 crisis

2810 3683 96 22 reeogirise
2920 3683 32 20 thq
2967 3685 99 22 ln'enaciug
3080 3686 83 17 attitude
3176 3686 21 18 of
3213 3687 32 17 the

2810 3705 137 24 other.Powers
2961 3707 80 23 agahistf
3048 3707 60 19 Groat
3121 3709 74 17 Britain
3208 3709 37 19 and

2806 3728 67 18 advise
2890 3729 33 17 the
2939 3729 129 19 Government
3083 3733 21 16 to
3117 3732 83 18 increase
3214 3733 32 18 the

2810 3774 70 24 agreed
2888 3775 43 18 that
2932 3772 2 27 1
2939 3772 15 21 it
2968 3776 16 16 is
2998 3777 46 22 high
3058 3777 46 17 time
3118 3779 44 17 that
3174 3779 16 17 it
3207 3785 37 12 was

2810 3798 54 17 made
2871 3799 49 16 clear
2925 3799 42 16 that
2972 3799 89 22 England
3065 3806 12 11 v.
3081 3801 23 17 HI
3109 3803 33 15 net
3149 3802 68 18 sulnni!
3227 3805 18 14 io

2809 3820 24 18 he
2840 3821 72 17 liulli'erl
2921 3821 60 31 pirher
2989 3823 63 23 singly
3061 3829 20 12 or
3090 3824 51 21 unite,
3148 3825 33 21 lly.
3207 3827 38 16 The

2810 3844 90 23 Imperial
2909 3844 116 19 Parliament
3039 3847 36 17 will
3095 3847 22 17 I>,>
3134 3846 109 21 su'iiinioucd

2833 3891 39 16 The
2881 3891 61 17 Times
2951 3893 145 21 correspondent
3104 3894 53 17 wires
3168 3895 40 18 that
3218 3895 27 18 Dr

2808 3913 107 23 JainCson|a
2925 3915 49 17 force
2992 3916 59 23 whiqh
3069 3918 94 17 consisted
3172 3918 72 23 onlysrf

2809 3938 84 15 Kidmen
2902 3937 69 23 fought
2980 3939 32 17 the
3021 3939 57 17 Boers
3088 3940 42 17 who
3141 3940 102 20 nuinhercd

2810 3959 53 21 2,700
2874 3960 28 17 for
2911 3960 85 19 30hours
3003 3962 38 17 and
3059 3963 44 21 only
3122 3965 120 18 surrendered

2809 3982 54 18 when
2873 3984 50 16 their
2930 3984 36 17 last
2975 3985 93 23 cartridge
3085 3992 38 13 \\aj
3141 3986 77 25 expencli
3226 3988 12 18 d

2810 4006 33 18 130
2852 4006 21 16 of
2880 4006 105 19 Jameson's
2994 4014 43 11 men
3047 4014 47 12 were
3101 4010 58 19 killed
3175 4012 38 17 and

2810 4029 98 18 wounded.

2832 4052 48 18 New
2888 4053 59 21 York,
2958 4054 156 25 Tuesday.j-The
3122 4057 121 19 Rothschilds

2809 4076 55 20 state,
2874 4076 20 17 in
2903 4077 53 22 reply
2965 4079 20 15 to
2994 4077 65 23 artielp
3067 4078 18 17 in
3094 4080 24 17 X.
3129 4081 24 16 Y.
3171 4081 70 20 \\forld,

2809 4099 43 16 that
2861 4100 49 17 until
2919 4100 31 17 the
2959 4100 117 18 Venezuelan
3085 4102 76 23 disputo
3168 4104 14 16 i;
3189 4104 43 17 final-

2809 4121 20 22 ly
2838 4122 68 17 settled
2920 4123 103 22 capitalists
3042 4125 35 17 will
3095 4128 33 15 not
3146 4127 59 17 invest
3217 4123 25 21 %.

2810 4145 100 17 American
2918 4146 65 16 honds.

1216 63 59 21 THE
1302 65 57 20 HOT
1386 64 93 21 LAKES
1508 62 172 25 CHRONICLE,
1708 63 192 23 WEDNESDAY,
1928 63 137 21 JANUARY
2093 65 18 22 8,
2129 65 48 17 1896

71 695 160 46 HUDDART,
257 692 110 20 PARKER,
389 691 54 17 AND
464 689 38 18 CO.

233 715 107 25 (.T.UUTBD),

146 766 60 17 NEW
219 763 84 18 STEAM
316 760 108 20 SERVICE

73 798 127 29 Bringing
210 797 61 22 Low
279 795 79 23 Fares
367 793 55 23 into
433 792 70 22 force

92 847 96 23 Splendid,
198 842 162 25 Well-appointed
366 842 93 18 Steamers
464 840 39 18 will

69 872 22 17 bo
100 869 114 24 despatched
222 868 49 18 from
280 868 118 18 Auckland,
409 870 19 12 as
443 863 60 19 under

69 894 89 23 (weather
174 893 38 17 and
231 891 54 17 other
301 889 142 19 ch-cumstanccs
459 893 33 17 per-

69 915 84 24 mitting)
161 921 28 12 :
412 934 7 5 ,
429 934 11 5 T
445 934 29 5 _
482 934 7 5 ~

69 941 40 18 Foe
116 937 136 22 G-ISBORNE,
259 935 104 20 NAPIER,
370 933 116 19 WELLING-

90 963 57 22 TON;
158 960 158 20 LYTTELTON,
327 959 14 17 &
351 957 127 20 DUNEDIN,

70 988 100 19 ANGLIAN,
181 986 102 18 TUESDAY,
294 983 43 17 Jan.
347 983 26 19 14,
383 987 56 11 noon.

69 1011 115 17 Tasmania.
193 1005 15 23 ..
216 1008 110 19 .Tuesday,
333 1005 43 17 Jan.
384 1006 28 18 28,
419 1006 10 14 -t
436 1007 45 19 p.m.

195 1053 52 19 FOR
262 1051 110 19 SYDNEY,

114 1077 115 25 (Returning
241 1078 20 15 to
269 1074 99 19 Auckland
376 1072 80 23 Direct.)

69 1100 92 24 Carrying
181 1101 113 20 Passengers
315 1098 29 17 for
366 1096 134 21 MELBOURNE,

80 1126 53 17 other
139 1125 131 17 Australian
277 1122 71 18 Ports,
355 1119 37 18 and
397 1119 91 21 Hobart,

69 1154 114 17 Tasmania.
191 1164 26 5 ...
221 1150 99 20 Monday,
336 1148 43 17 Jan.
393 1148 47 20 13,4
454 1152 45 16 p.m.

69 1177 102 18 Anglian.
180 1174 105 20 .Monday,
294 1172 43 17 Jan.
346 1173 27 19 27,
384 1172 10 15 :)
403 1176 45 16 p.m.

89 1203 79 22 Freight
177 1202 37 17 and
222 1201 93 22 Passages
327 1200 19 16 at
360 1201 78 15 LOWEST
452 1194 39 21 Cuii-

69 1231 51 14 liENT
132 1230 69 14 RATES.

89 1250 73 18 Return
170 1249 74 17 Tickets
251 1246 91 19 available
349 1246 28 17 for
383 1251 28 10 six
417 1244 82 17 months.

167 1278 22 18 L.
202 1278 24 17 D.
236 1275 108 18 NATHAN
358 1275 14 16 &
385 1273 44 20 CO.,

398 1297 78 20 Agents.

206 1339 95 18 nPHOS.
323 1337 68 18 COOK
412 1336 15 17 &
452 1335 49 18 SON

94 1407 21 19 !i_
116 1406 1 20 :
270 1411 74 15 SECURE
358 1409 76 14 BERTHS

229 1433 32 17 AT
274 1429 102 20 LOWEST
389 1427 80 20 RATES

69 1465 25 13 BY
107 1465 17 12 3'.
135 1460 13 17 &
159 1456 17 20 6.
187 1462 34 15 ).,
233 1459 73 14 ORIENT
315 1458 36 16 CO.,
361 1456 71 14 DIRECT
442 1455 40 14 LIN]

159 1484 90 16 OCEANIA,
264 1479 141 17 MESSAGERIES,

168 1510 25 16 Or
200 1514 36 16 any
245 1507 37 17 line
291 1512 20 10 as
320 1504 77 18 desired.

88 1555 86 23 Enquiry
182 1554 77 17 invited.
276 1551 124 18 Information
410 1550 64 23 gratis.

69 1602 93 20 Intending
168 1604 101 18 passenjsers
282 1597 60 17 should
356 1597 53 20 apply
423 1596 27 16 for
468 1601 14 10 01

87 1625 35 15 free
130 1623 28 16 list
168 1623 17 14 of
193 1623 73 15 steamer
279 1620 71 19 soilings
362 1618 32 16 and
403 1618 46 15 fares
460 1620 17 13 at

113 1648 89 19 COOK'S
214 1646 125 19 SHIPPING
351 1644 99 20 OFFICE,

142 1679 21 16 7(>
172 1681 41 14 and
223 1676 22 19 78
259 1675 162 20 Queen-street.

95 1706 85 18 Rotorua
196 1705 78 22 Agency
282 1701 3 26 :
298 1703 94 17 Hincmoa
402 1701 66 17 Street.

88 1736 68 18 N.B.
157 1736 62 16 Drafts
227 1736 33 15 and
268 1735 77 16 Circular
353 1733 55 16 Notes
414 1732 57 17 issued

71 1759 53 17 owest
131 1760 67 14 current
207 1760 50 13 rales.

219 1990 55 21 ASK
290 1990 54 18 FOR

189 2114 183 22 CELEBRATED

196 2291 58 14 MADE
263 2291 54 13 TI'.OM
327 2290 41 14 THE

71 2324 114 34 FINEST
210 2323 87 32 WIALT
320 2322 62 32 AMD
400 2321 96 37 HOPS,

105 2408 52 14 FREE
170 2407 54 13 PROM
237 2406 39 14 ALL
290 2406 126 13 ANTISEPTICS
429 2406 25 12 OR

241 2498 215 32 Mill:;*'/*

68 2726 130 32 npOTAKA
203 2726 95 19 HOUSE
304 2725 112 20 BLOCKS.
422 2725 29 19 Sfci
456 2725 42 19 ain-

73 2749 25 23 JL
133 2759 31 14 ers
183 2753 40 19 arid
234 2752 135 20 Govermnent
379 2751 40 19 size
431 2751 66 22 Posts,

67 2780 20 19 in
99 2786 39 18 any
150 2780 100 24 quantity,
262 2777 101 20 delivered
374 2780 19 16 to
404 2784 39 17 any
452 2780 46 22 part

68 2806 20 18 of
97 2806 35 19 the
142 2805 83 20 district.
228 2805 94 24 Apply
335 2806 21 16 at
367 2804 34 19 tho
412 2803 86 19 Auction

67 2832 61 19 Mail.

250 2857 28 19 J..
287 2856 28 19 11.
329 2855 116 20 TAYLOR,

145 2990 109 19 ALBERT
270 2989 148 23 BREWERY,

90 3021 216 25 QUIsEN-STREET,
321 3020 157 20 AUCKLAND

88 3074 68 17 WISE
167 3074 50 16 AND
230 3073 79 17 SPIRIT
321 3072 155 20 MERCHANTS,

109 3101 123 17 BOTTLERS
243 3100 52 17 AND
311 3100 143 20 IMPORTERS,

153 3123 26 20 43,
195 3127 132 12 QUEEN-STREET
343 3126 69 12 WHARF.

68 3196 24 16 At
101 3196 28 16 the
142 3196 90 17 following
249 3195 111 17 Exhibitions
376 3194 26 16 for
411 3200 31 10 our
451 3194 37 16 well-

162 3218 61 15 known
237 3217 45 15 Bulk
291 3216 33 17 and
334 3216 68 15 Bottled

181 3238 47 16 ALE
240 3237 50 16 AND
301 3237 85 17 STOUT:

69 3264 67 23 Sydney
146 3264 125 17 International
280 3264 106 18 Exhibition,
396 3264 49 16 1879.

69 3287 100 15 Melbourne
179 3286 125 16 International
310 3285 109 19 Exhibition,
429 3286 68 14 ISSO-S1

69 3308 42 15 New
118 3307 74 16 Zealand
202 3305 204 22 IndiistrialExhibition,
410 3306 78 21 Welling-

113 3330 35 17 ton,
159 3330 47 15 1885.

70 3350 42 16 New
131 3349 75 17 Zealand
220 3349 33 16 find
268 3351 52 14 South
334 3350 41 15 Seas
390 3349 108 16 Exhibition.

112 3370 86 17 Dunedin.
210 3372 78 15 188S-90-.

70 3393 20 15 In
100 3393 75 15 addition
185 3394 16 14 to
211 3393 53 15 above
273 3392 42 16 hnve
334 3393 41 14 been
390 3391 79 16 awarded
483 3393 17 14 at

111 3414 104 15 Tnsmanian
247 3412 108 21 Exhibition,
384 3411 115 21 Laiinceston,

114 3435 78 16 1891-92.

155 3465 57 17 FIVE
224 3466 70 15 FIRST
311 3465 104 16 AWARDS

99 3588 63 22 Gold
175 3588 87 23 Medal
273 3588 27 22 of
310 3587 166 24 Australasia

72 3645 89 23 BULK
174 3645 69 23 AND
264 3645 145 23 BOTTLED
424 3645 65 23 ALE

164 3696 72 20 llavir.fr
245 3702 9 9 a
264 3696 56 20 Large
329 3696 51 16 Sloek
388 3697 18 15 of

184 3721 47 16 ALE
243 3721 51 16 AND
306 3721 81 20 STOUT,

72 3747 68 16 Bottled
149 3746 18 17 in
175 3750 50 16 quart
235 3748 33 15 and
283 3748 38 19 pint
335 3748 67 17 bottles,
419 3747 82 21 specially

72 3768 67 16 brewed
147 3768 27 15 for
183 3768 27 15 the
219 3774 73 10 summer
301 3769 53 18 trade,
366 3768 54 16 whiuh
428 3774 28 10 are
464 3774 38 10 now

73 3789 104 20 thoroughly
186 3789 83 19 matured,
282 3794 30 10 eau
327 3789 42 16 with
383 3795 50 15 every
448 3790 45 15 confi-

73 3812 50 16 dence
135 3810 107 16 recommend
257 3815 45 11 same
318 3813 17 13 to
349 3815 119 12 connoisseurs!
484 3817 18 9 as

73 3831 60 17 second
141 3833 19 14 to
167 3836 45 11 none
221 3831 17 15 in
248 3831 28 15 the
285 3831 70 21 Colony.

163 3875 27 22 M
205 3875 18 22 A
247 3874 15 23 S
280 3874 15 23 S
309 3875 24 22 A
348 3875 21 22 G
382 3876 27 22 E.

71 3924 93 43 MTSS.
178 3923 106 19 FRASER,
301 3923 87 22 qualified
405 3925 98 17 American

146 3948 103 19 Masseuse,
260 3946 81 24 recently
355 3946 48 17 from
416 3947 85 21 London,

70 3972 16 17 is
99 3970 92 23 prepared
203 3972 21 15 to
238 3969 66 17 attend
320 3969 82 22 patients
418 3975 24 12 on
457 3976 46 17 very

71 3995 95 17 moderate
175 3995 63 15 terms.

95 4017 30 18 Sin
127 4015 4 23 1
139 4017 34 18 bus
182 4017 37 16 had
228 4021 58 16 many
294 4015 58 22 years'
363 4015 108 23 experience
483 4016 20 17 in

71 4041 32 16 the
118 4041 109 19 treatment,
245 4038 38 18 and
303 4038 15 17 is
335 4038 116 23 thoroughly
473 4045 20 11 ac-

72 4063 89 22 quainted
170 4062 45 18 \vifh
226 4062 31 17 the
268 4062 73 21 System
351 4061 19 17 of
379 4062 28 16 Dr
421 4061 19 17 S.
455 4061 49 18 Weir

167 4087 27 15 of
202 4085 138 22 Philadelphia,
350 4083 30 19 for
388 4084 32 17 the
429 4090 44 11 cure
485 4085 20 17 of

164 4107 87 23 Debility,
258 4108 135 20 Nervousness,
402 4107 102 22 Insomnia-,

166 4138 16 15 a,
242 4133 31 15 <'c.

550 281 208 44 RotGFua
807 275 134 46 Jiaek,

565 338 122 43 Race
710 332 218 54 Meeting.

528 402 84 24 (Under
621 401 39 20 the
671 399 110 27 auspices
795 399 23 19 of
832 397 40 20 the
889 397 60 24 fcjoto-

632 433 38 14 rua
680 426 88 26 dockey
777 424 76 23 Club.)

525 482 156 23 Wednesday,
694 481 105 21 January
812 478 63 22 29th,
891 477 66 19 1896.

677 525 133 21 President:

677 551 28 17 Dr
720 549 84 18 Giddors.

633 571 213 21 Vice-Presidents:

548 598 21 17 C.
579 597 89 22 Malfroy,
678 597 51 21 Esq.,
739 595 49 20 J.P.,
799 595 38 16 and
846 593 88 22 R.King.

571 617 90 27 Judge:
803 617 104 27 Starter:

525 644 30 17 Mi-
564 644 22 17 R.
597 644 24 17 D.
631 644 81 21 Dansey.
783 641 33 17 Mr
824 641 20 17 C.
854 640 68 17 Huctt.

642 661 68 23 Cleik
719 665 26 18 of
751 663 90 20 Scales:

664 689 32 17 Mr
703 689 19 17 J.
733 687 83 22 Stanley.

653 711 189 22 Handicappers:

559 736 69 18 Messrs
637 736 18 17 J.
666 734 77 23 Stanley
753 734 38 17 and
800 734 21 16 P.
831 733 91 22 Mcllroy.

548 759 68 18 Clerk
626 761 23 16 ol
658 759 87 18 Course
753 757 4 20 :
797 757 125 17 Treasurer
931 757 3 20 :

571 782 31 18 Mr
653 782 81 22 Dansey.
767 780 32 18 Mr
807 780 23 17 R.
841 780 24 17 D.
875 780 82 22 Dansey.

673 804 119 19 Stewards
801 804 4 19 :

524 829 69 17 Messrs
602 828 18 18 J.
630 828 51 21 Bird,
699 828 28 17 W.
745 828 22 16 A.
783 826 98 21 Williams,
897 826 18 17 J.
931 826 26 17 H.

547 853 74 21 Taylor,
632 853 28 17 W.
670 853 78 21 Rogers,
757 851 20 17 C.
786 850 68 20 Huett,
868 849 26 17 11.
910 849 36 17 For-

547 877 52 18 tune,
608 876 21 17 T.
640 875 19 18 C.
670 875 104 21 Urquhtirt,
789 873 24 17 R.
827 873 22 17 B.
868 873 89 17 Graham,

548 898 22 18 R.
580 898 72 23 Mayos,
661 898 30 17 W.
706 897 103 20 Henshaw,
824 896 19 17 J.
859 895 97 21 Falloona,

547 922 29 17 W.
586 922 88 21 Boulton,
685 921 21 17 F.
714 920 21 18 F.
745 920 58 20 Watt,
811 920 22 16 R.
841 919 24 17 D.
874 919 81 21 Dansey,

547 945 29 17 W.
586 945 81 22 Dansey,
679 945 19 17 C.
708 944 23 16 A.
746 943 73 20 Clarke,
837 942 19 17 J.
872 941 83 22 Stanley,

546 968 128 19 Hooromana,
686 966 37 18 and
731 966 50 17 Kiwi
792 965 93 17 Amohau.

637 1011 199 20 PEOGEAMME.

618 1044 76 24 (Passed
703 1044 25 22 by
736 1044 33 16 the
782 1042 80 23 A.R.C.)

593 1077 51 16 First
659 1076 50 17 Race
729 1076 20 16 at
769 1075 51 17 11.30
840 1080 44 11 a.m.

525 1100 148 17 I.HJVSDICAT
682 1098 88 18 HUKDIB
779 1098 54 17 RACE
842 1098 21 17 of
877 1098 78 19 lOsOVS.,

546 1122 68 18 second
628 1123 54 17 liorsc
692 1123 20 16 to
726 1122 69 16 receive
811 1122 59 16 2sovs.
888 1122 34 15 out
936 1120 21 18 of

540 1146 38 17 .the
586 1146 68 17 stakes.
664 1145 49 17 Over
727 1145 29 16 six
768 1144 65 22 nights
842 1144 21 16 of
872 1143 82 21 hurdles,

545 1169 29 17 3ft
582 1168 89 24 Ginhigb.
693 1167 128 20 Nomination,
831 1173 29 14 os;
875 1167 70 21 Accept-

545 1197 51 16 ance,
613 1198 25 12 us.
670 1192 94 19 Distance,
778 1196 35 11 one
829 1190 44 17 mile
889 1190 38 17 and
945 1196 10 11 a

545 1216 47 16 half.

522 1240 17 16 2.
541 1239 100 16 Maiden
651 1239 54 16 Plate
710 1237 20 17 of
735 1239 10 15 S
753 1243 54 13 sovs.,
815 1236 69 18 second
901 1237 54 16 horse

545 1263 19 16 to
573 1262 71 17 receive
653 1263 9 15 2
672 1267 48 12 sovs.
728 1262 33 15 out
769 1260 19 17 of
793 1260 34 17 the
832 1260 68 17 stakes.
918 1260 38 16 For

545 1285 25 17 all
576 1286 63 16 horses
646 1285 41 16 that
693 1284 47 17 have
746 1289 56 11 never
807 1289 42 11 won
856 1289 24 10 an
887 1282 56 18 adver-

545 1308 48 18 tised
602 1314 40 12 race
652 1306 3 24 ;
672 1307 69 23 weight
750 1307 30 17 for
792 1312 41 17 ago.
858 1306 97 18 Entrance

545 1332 26 16 Ss.
592 1331 95 20 Distance,
698 1336 35 11 one
741 1329 49 18 mile.

522 1355 16 17 3.
541 1355 84 16 Maori
642 1354 94 17 Women's
749 1353 55 17 Hack
821 1353 50 16 Race
884 1352 21 17 of
921 1351 33 22 3,

545 1378 67 17 second
621 1378 54 16 horse
684 1378 19 16 to
712 1376 70 18 receive
799 1375 25 18 1
839 1376 34 17 out
889 1376 20 16 of
922 1375 33 17 the

545 1401 67 17 stakes.
638 1401 31 16 All
677 1401 64 16 horses
750 1400 19 17 to
783 1399 23 17 ho
819 1399 33 17 the
865 1399 89 22 property

545 1425 19 16 of
573 1424 75 17 Maoris.
675 1423 58 18 Catch
739 1422 85 23 weights.
838 1423 47 16 Post
892 1423 61 21 entry,

545 1449 24 15 .'is.
595 1447 95 21 Distance,
700 1452 35 11 one
743 1446 49 17 mile.
818 1446 52 16 Four
877 1446 21 16 to
907 1446 48 16 start

544 1476 21 12 or
573 1476 24 11 no
606 1476 47 12 race.

519 1494 81 16 I.The
606 1494 41 16 Hot
656 1493 60 17 Lakes
724 1492 101 22 Handicap
834 1491 20 17 of
863 1493 20 15 15
897 1497 55 14 sovs.,

544 1516 67 18 second
625 1517 54 16 horse
693 1518 20 15 to
722 1515 69 18 receive
800 1515 11 16 3
820 1521 48 11 sovs.
886 1516 34 15 out
934 1515 21 16 of

543 1540 33 17 the
591 1540 67 17 stakes.
684 1538 128 21 Nomination;
828 1539 19 16 7s
861 1538 34 21 6d;
917 1538 25 17 Ac-

544 1564 93 21 ceptance.
656 1564 19 16 7s
690 1562 29 17 (id.
745 1562 94 20 Distance,
859 1567 35 11 one
910 1561 44 17 mile

543 1586 38 17 and
590 1593 10 10 a
609 1586 45 17 half.

523 1611 23 16 '>.-
557 1609 67 18 -Maori
633 1609 55 17 Hack
700 1609 48 16 Race
762 1608 21 18 of
795 1609 60 16 4sovs.
881 1608 73 17 Second

543 1633 55 16 horse
609 1634 5 15 1
631 1638 37 12 sov.
686 1632 47 17 from
750 1631 32 18 tbo
795 1631 69 17 stakes.
894 1631 60 17 Catch

544 1655 86 19 weights.
659 1656 47 16 Post
722 1655 61 19 entry.
800 1655 27 17 'ls.
857 1655 95 17 Distance,

529 1700 133 24 .'.Handicap
679 1702 54 21 Pony
753 1702 49 16 Race
827 1700 19 18 of
898 1707 55 14 sovs.,

545 1725 71 17 Second
625 1726 54 17 horse
691 1726 20 16 to
725 1724 69 18 receive
809 1725 7 15 1
832 1729 38 12 sov.
889 1726 33 15 out
934 1724 21 17 of

543 1749 33 17 the
592 1749 67 17 stakes.
693 1749 38 16 For
746 1747 65 22 ponies
831 1749 18 15 1-J
868 1747 60 17 hands
944 1749 10 15 2

543 1772 64 17 inches
615 1772 38 17 and
661 1771 65 18 under.
743 1769 1 21 '
751 1771 129 19 Nomination,
891 1771 19 16 2s
919 1769 34 21 (id;

544 1796 115 21 acceptance,
671 1796 19 16 2s
700 1794 28 17 (id.
753 1794 95 20 Distance,
868 1794 28 16 six
913 1794 31 16 fur-

543 1818 61 21 longs.

533 1851 26 7 .
562 1842 71 22 Flying
654 1841 66 17 Stakes
737 1841 20 17 of
780 1841 8 16 8
809 1846 56 14 sovs.,
886 1840 69 17 second

543 1865 54 16 horse
607 1865 19 19 to
632 1865 71 17 receive
708 1865 8 16 1
730 1870 37 11 sov.
779 1864 34 17 out
818 1863 21 18 of
844 1863 32 18 the
885 1863 69 17 stakes.

543 1888 129 18 Nomination,
685 1889 23 16 Is:
731 1888 116 21 acceptance,
858 1888 26 15 -Is.
910 1886 33 17 Dis-

543 1912 60 19 tance,
614 1916 54 13 seven
678 1910 91 21 furlongs.

533 1932 3 24 .
539 1935 95 16 Forced
642 1933 100 23 Handicap
752 1933 19 18 of
781 1934 8 16 7
800 1939 54 13 sovs.,
870 1932 85 23 optional

544 1958 29 16 for
593 1957 63 17 losers.
686 1957 100 19 Entrance,
807 1957 25 16 7s.
865 1956 90 17 Distance

655 2028 163 19 CONDITIONS.

520 2078 59 16 Dutcs
588 2077 19 17 of
619 2075 139 21 Nominations,
773 2075 133 23 Acceptances,
917 2075 38 17 and

689 2099 111 18 Entrances.

520 2131 91 22 Tuesday,
625 2131 85 22 January
726 2130 45 21 21st,
788 2131 44 16 1896
847 2130 21 17 at
877 2130 22 17 10
907 2136 47 16 p.m.

543 2162 132 18 Nominations
710 2160 99 23 Handicap
818 2161 90 20 Hurdles,
927 2162 26 16 ss.

520 2186 40 17 Hot
569 2185 61 19 Lakes
642 2185 106 22 Handicap,
764 2185 19 17 7s
797 2184 30 17 (id.
853 2183 101 23 Handicap

520 2209 54 22 Pony
583 2209 54 21 Race,
648 2208 20 18 2s
675 2208 29 17 (id.
730 2207 69 23 Flying
809 2207 71 21 Stakes,
891 2209 27 15 4s.

520 2240 99 22 Saturday,
630 2239 83 22 January
724 2237 50 23 2oth',
786 2240 50 20 189G,
846 2239 21 17 at
877 2239 21 16 10
907 2244 46 17 p.m.

543 2269 94 17 Entram;(!
641 2268 96 18 Maiden
748 2268 59 21 Plate,
821 2268 25 17 Ss.

520 2300 91 22 Tuesday,
620 2300 85 22 January
715 2299 49 22 28tlv,
778 2300 49 20 1896;
837 2300 19 17 at
873 2300 19 15 10
907 2305 45 17 p.m.

543 2332 125 22 Acceptances
699 2331 100 23 Handicap
818 2331 90 19 Hurdles,
927 2332 25 16 ss.

520 2355 40 17 Hot
569 2355 61 16 Lakes
638 2354 105 22 Handicap,
760 2355 19 16 7s
792 2354 29 17 (id.
853 2354 101 22 Handicap

520 2379 53 21 Pony
581 2378 56 21 Eace,
648 2379 18 16 2s
677 2378 28 17 (id.
732 2377 69 23 Flying
809 2378 71 19 Stakes,
894 2379 23 15 Is.

550 2410 59 17 Dates
618 2415 24 12 on
651 2409 61 18 which
721 2409 109 22 Handicaps
839 2409 81 22 Appear.

566 2437 123 22 Wednesday,
698 2436 85 23 January
790 2436 54 22 22nd,
856 2437 49 17 1896.

543 2468 70 18 Posted
625 2470 20 16 to
654 2469 25 16 all
689 2468 122 18 nominators.

538 3172 12 17 A
578 3173 120 17 MEETING
710 3173 20 17 of
739 3173 93 18 Members
847 3176 20 15 to
882 3174 74 18 further

529 3192 29 21 t\
590 3201 80 17 arrange
680 3196 66 18 for.the
752 3196 57 18 Hack
813 3197 51 18 Pace
871 3197 84 24 Meeting

523 3225 23 11 on
556 3219 85 22 January
651 3220 25 16 2!)
676 3220 18 16 th
704 3219 37 17 will
750 3220 43 16 take
806 3220 52 22 place
873 3221 20 16 at
904 3220 52 18 Lake

522 3242 71 20 House,
611 3248 24 11 on
651 3243 98 22 Thursday
771 3243 80 23 evening
873 3245 20 15 at
915 3245 41 16 7.150

522 3265 77 18 o'clock.

664 3289 20 16 T.
701 3288 21 19 0.
736 3289 149 21 UPQUTIAPT,

537 3401 63 41 JMIE
609 3401 104 18 Racehorse
869 3402 25 22 by
908 3403 37 17 Vor-

586 3425 33 16 tex
628 3425 33 16 out
670 3424 19 18 of
698 3424 94 20 Yandora,
802 3425 11 16 3
821 3430 60 16 years.

547 3447 37 17 For
593 3447 35 17 full
637 3447 87 22 pedigree
733 3453 29 11 see
771 3448 47 16 N.Z.
828 3448 105 17 Studbook.

621 3470 65 23 Apply
695 3472 19 15 to
724 3470 25 17 H.
758 3470 128 21 FORTUNE,

812 3493 121 19 Ohihemutu.

529 3715 201 23 rjASSENGEES
745 3716 27 24 by
788 3716 53 19 train
856 3718 21 17 to
893 3716 57 20 Auck

531 3735 19 25 I.
717 3742 53 18 land.

526 3837 71 18 Trains
619 3839 45 23 stop
684 3838 76 22 twenty
778 3837 89 18 minutes
885 3839 21 17 at
925 3838 34 19 the

571 3862 106 19 Frankton
687 3862 96 19 Junction
793 3862 31 19 for
835 3862 78 19 dinner.

551 3888 43 19 The
617 3888 136 25 undersigned
781 3888 38 19 has
849 3889 110 19 first-class

526 3914 64 19 Meals
604 3914 61 25 ready
675 3914 40 19 and
726 3914 70 19 served
806 3921 25 12 on
847 3915 73 19 arrival
940 3916 20 18 of

526 3940 27 19 all
564 3940 70 19 trains.

582 4051 319 23 PROPRIETOR.

528 4101 148 24 Hancock's
684 4102 97 23 XXXX
788 4102 62 23 Ales
860 4103 100 30 always

657 4135 33 16 on
701 4128 126 29 Draught.

1013 129 49 46 R.
1083 128 301 49 SRIFFITJiS,

1093 198 212 33 ROTORITA,

982 246 139 26 GENERAL
1128 245 287 27 CARTERSLCARRIER.

1008 308 67 18 Goods
1085 307 102 19 delivered
1198 309 20 16 to
1227 306 28 19 all
1270 309 56 22 parts
1342 308 21 17 of
1380 309 35 18 tbo

982 333 77 19 district
1067 335 21 17 at
1094 333 39 19 low
1143 336 60 15 rates.

1062 363 62 18 ALL
1136 363 113 18 TRAINS
1263 363 68 20 MET.

1006 421 138 19 N.B.Good
1149 421 167 26 paddockingfor
1320 429 11 11 a
1336 422 77 19 limited

981 447 86 19 number
1076 448 22 18 of
1106 447 76 19 horses.
1200 448 105 24 Spencer's
1316 449 97 24 paddock,

982 473 37 18 wel
1029 473 97 19 -watered
1152 473 41 19 and
1224 480 60 20 every
1315 475 99 18 attention

981 499 54 24 paid.

1086 546 78 21 BAND
1178 548 35 19 OF
1227 548 81 21 lioPE.

983 624 42 15 XA_
1053 623 35 19 tlie
1098 623 64 19 above
1173 624 42 20 will
1225 625 47 19 take
1282 625 56 25 place
1350 626 20 18 in
1380 626 34 18 the

982 648 128 20 Schoolroom
1121 656 26 12 on
1154 650 76 25 Friday
1246 654 55 20 next,
1313 652 34 19 the
1366 652 47 19 10th

982 675 45 23 inst,
1039 677 21 17 at
1070 675 45 19 7.30
1129 682 48 19 p.m.

1017 723 219 21 PRESBYTERIAN
1246 725 125 19 CHURCH.

1075 774 82 18 Annual
1168 774 93 25 Meeting
1277 775 21 18 of
1313 775 101 20 members

987 798 21 18 J-
1047 799 41 19 and
1095 800 108 19 adherents
1211 800 20 18 of
1241 800 33 19 the
1283 800 80 19 Church
1373 802 41 18 will

981 824 47 19 take
1038 824 56 25 place
1107 831 26 13 on
1144 826 82 24 Sunday
1234 829 49 16 next
1292 827 52 18 after
1353 833 48 13 even-

981 851 35 23 ing
1025 851 74 19 service
1109 851 20 19 in
1140 852 35 18 the
1189 851 143 20 Schoolhouse.

1006 876 163 20 Business.To
1176 877 78 19 receive
1264 878 74 19 annual
1345 881 68 19 report

980 902 39 18 and
1030 902 153 20 balance-sheet
1196 903 41 19 and
1248 904 50 19 elect
1309 911 43 13 new
1360 911 40 13 com-

980 927 68 19 mittee
1056 928 32 19 for
1098 929 35 19 the
1142 929 107 25 following
1258 936 54 13 vear.

1173 955 54 19 F.B.
1244 955 87 24 SCOTT,

1274 983 111 24 Secretary.

1025 1031 31 20 OS
1060 1033 11 18 I
1072 1031 2 27 l
1077 1031 3 27 .
1082 1032 86 19 Book
1185 1033 119 25 containing
1321 1033 92 20 Pedlar's

990 1059 7 17 ?
1011 1063 11 15 J
1051 1058 94 19 Licenses
1154 1059 33 19 for
1197 1059 70 25 Philip
1275 1059 136 20 Lanteratein.

975 1084 52 19 Five
1038 1084 95 25 shillings
1143 1085 78 20 reward
1229 1087 20 17 to
1267 1085 69 19 finder.
1371 1086 26 19 Ad-

978 1111 56 20 dress
1036 1112 146 18 Oiikontcle
1192 1112 66 18 Oifico.

1105 1160 172 23 NOTICE.

979 1208 79 35 npHE
1075 1209 44 20 firm
1136 1210 21 18 of
1173 1209 101 19 Morrison
1291 1211 16 18 &
1322 1209 88 25 Corbett;

987 1233 21 18 -B-
1043 1235 62 25 lately'
1123 1237 95 24 carrying
1238 1243 25 11 on
1281 1237 92 18 business
1389 1244 22 11 as

978 1261 136 20 Blacksmiths
1139 1263 41 17 and
1204 1261 160 26 Wheelwrights
1390 1264 20 17 in

978 1288 124 20 Ohinemutu
1123 1288 38 18 has
1179 1289 51 17 been
1251 1288 101 25 mutually
1370 1289 31 19 dis-

977 1313 68 20 solved
1063 1320 21 12 as
1101 1315 53 18 from
1173 1314 35 19 the
1236 1315 45 18 3lst
1300 1315 111 19 December

976 1340 45 19 last.

1037 1366 52 24 Sgd.,
1100 1366 83 18 JAMES
1196 1367 141 18 MORRISON,

1229 1390 22 17 R.
1266 1390 120 18 CORBETT.

976 1420 106 22 Witnesses,
1093 1421 119 18 WILLIAM
1221 1421 138 23 HENSHAW,

1093 1445 130 18 PERCIVAL
1236 1446 80 17 THOM.

981 1486 82 45 ALL
1071 1486 75 19 Claims
1158 1487 82 24 against
1250 1487 34 19 the
1300 1487 43 19 firm
1357 1491 54 15 must

1055 1513 26 18 bo
1091 1513 98 20 rendered
1200 1515 20 17 at
1231 1519 48 13 once
1289 1514 40 18 and
1340 1513 27 19 all
1378 1520 22 13 ac-

976 1541 70 17 counts
1057 1539 67 24 owing
1136 1542 20 16 to
1166 1540 33 18 the
1209 1539 44 19 firm
1265 1542 53 16 must
1329 1540 25 18 be
1363 1540 47 24 paid

978 1566 103 17 forthwith
1092 1569 19 15 to
1121 1566 34 18 the
1166 1566 144 24 undersigned.

976 1597 127 22 Liquidators,
1112 1597 121 17 WILLIAM
1248 1597 137 21 HENSHAW,

1117 1620 131 19 PERCIVAL
1256 1620 80 19 THOM.

1002 1643 93 22 January
1105 1644 42 21 3rd,
1161 1643 3 22 1
1171 1646 44 17 S'JG.

946 4223 100 40 Aek
1072 4225 71 40 for
1170 4225 267 38 Hancock's
1465 4225 275 40 Celebrated
1790 4227 189 41 XXXX
2017 4231 111 41 Ales
2156 4235 94 37 and
2276 4234 144 38 Stout,
