3310 4340
95 809 35 16 The
146 807 95 22 following
249 807 127 21 publications
385 813 43 15 may
436 807 23 17 be
466 807 23 17 ob-

75 835 57 19 tained
146 837 21 14 at
180 835 31 16 the
232 834 45 17 Hot
293 834 69 17 Lakes
383 834 117 17 Chkoxiclk

73 864 54 18 office,
148 862 36 17 and
206 861 62 17 orders
289 861 38 17 will
348 861 23 17 be
393 861 56 18 taken
471 863 29 16 for

74 891 44 17 their
127 889 73 23 regular
207 889 172 23 delivery:—Black
386 889 37 17 and
429 889 69 22 White,

75 919 34 17 Tlic
125 917 72 17 Sketch,
218 915 111 19 Illustrated
342 916 80 17 London
436 917 62 21 News,

74 945 63 18 Strand
147 943 103 23 Magazine,
260 943 39 17 The
312 943 86 21 Minster,
413 943 87 19 Windsor

73 973 98 21 .Magazine,
181 971 37 17 The
228 971 55 19 Idler,
293 971 81 22 English
389 971 110 17 Illustrated

74 1001 96 23 Magazine;
182 999 85 23 Ludgate
277 999 104 21 Magazine,
397 1000 102 17 Scribner's

73 1028 97 24 Magazine,
193 1027 76 20 Woman
290 1028 20 15 at
334 1027 67 21 Home,
419 1028 80 16 Schild's

76 1056 65 18 Ladies'
151 1055 93 17 Fashions.
256 1054 174 23 Sehild's,'Mothcrs'
440 1055 57 22 Help,

74 1086 63 21 Young
153 1082 69 19 Ladies'
244 1082 86 21 Journal,
353 1082 52 23 (with
424 1083 73 18 fashion

73 1113 55 22 plates
136 1111 35 17 and
181 1108 90 25 patterns)
278 1110 70 16 Strand
355 1110 78 18 Musical
441 1111 42 22 Mag-

73 1140 52 17 azine.
132 1139 36 16 The
177 1138 68 17 Album
252 1137 48 22 (new
307 1137 105 18 illustrated
419 1138 78 23 weekly)

73 1165 198 22 Cassells'lllustrated
276 1165 75 22 Stories,
369 1166 50 22 Snap
434 1167 62 20 Shots,

73 1195 66 22 Scraps,
150 1194 72 17 Detroit
231 1194 46 16 Free
287 1194 59 17 Press.
355 1195 38 19 &c,
408 1194 42 17 &c*

95 1227 18 16 In
123 1233 8 9 a
142 1227 61 15 recent
211 1225 49 17 issue
268 1225 21 17 of
297 1225 32 17 the
335 1226 77 16 Gazette
419 1232 78 16 appears

73 1258 7 9 a
90 1255 43 17 copy
142 1249 20 16 of
177 1255 8 10 a
200 1249 54 16 letter
267 1251 42 14 sent
318 1249 47 16 from
375 1249 32 16 the
416 1249 82 18 Premier

73 1278 17 12 in
99 1274 28 15 V.:-
135 1272 87 17 Emerson
233 1271 94 22 thanking
335 1272 39 17 him
383 1272 30 16 for
421 1272 28 17 his
459 1279 28 10 ser-

73 1297 42 16 vice-:
125 1295 52 17 while
186 1295 17 16 in
212 1295 70 22 charge
290 1295 20 16 of
318 1292 33 20 the
363 1295 82 22 military
460 1296 36 17 and

73 1319 54 23 police
137 1319 18 16 in
164 1319 31 16 the
204 1317 84 18 Uriwera
302 1318 90 22 Country.
417 1319 33 16 We
467 1324 20 11 re-

74 1342 55 22 eently
139 1340 114 19 commented
266 1347 23 10 on
299 1341 32 17 the
339 1341 78 18 absence
426 1342 20 17 of
459 1348 37 16 any

73 1364 107 23 recognition
202 1365 19 16 of
236 1364 39 16 this
295 1366 70 15 matter
380 1365 18 16 in
420 1365 76 17 Colonel

73 1388 71 18 Hume's
153 1389 66 20 report,
235 1387 101 17 submitted
350 1389 20 15 to
382 1388 114 17 Parliament

73 1411 65 22 shortly
154 1411 61 16 before
229 1411 25 16 its
271 1410 117 18 dissolution.
412 1411 38 17 The
465 1416 31 13 rea

73 1440 28 12 son
110 1435 18 16 <>!'
144 1434 30 17 the
191 1433 87 18 omission
295 1434 15 15 is
328 1434 38 17 still
382 1441 11 10 a
406 1435 88 22 mystery.

72 1458 41 17 Thai
125 1457 30 17 the
164 1456 71 23 worthy
245 1457 98 22 Inspector
356 1457 25 22 by
391 1456 28 19 his
428 1458 68 16 tactful

72 1479 78 19 methods
170 1481 37 15 and
225 1479 50 22 good
294 1479 102 24 judgment
404 1486 38 12 was
462 1487 22 11 en-

72 1503 49 18 abled
141 1504 18 17 to
168 1509 61 10 secure
242 1503 96 22 thorough
358 1503 96 23 discipline
475 1510 10 11 a-

69 1528 71 21 mongst
151 1526 27 17 his
188 1531 47 16 men,
245 1526 37 17 and
301 1529 19 14 to
338 1533 53 16 carry
412 1528 33 15 out
464 1528 32 16 the

73 1550 46 18 work
124 1549 107 18 committed
236 1550 19 16 to
262 1549 29 17 bis
298 1550 68 21 charge
373 1550 80 17 without
459 1556 24 11 un-

73 1573 41 21 duly
123 1573 92 21 irritating
224 1573 32 16 the
269 1571 107 19 disaffected
388 1573 78 20 natives,
480 1574 16 16 is

71 1597 42 21 fully
122 1595 104 23 roeognised
233 1596 24 21 by
263 1596 122 22 allimpartial
393 1596 101 21 observers,

71 1620 33 16 and
113 1624 25 12 we
147 1619 60 16 notice
215 1619 42 17 that
266 1625 35 11 our
310 1619 81 22 Poverty
400 1620 41 22 Bay
450 1625 33 12 con-

70 1644 100 21 temporary
174 1642 47 23 fully
231 1642 87 17 endorses
323 1643 31 15 Mr
367 1643 89 17 Seddon's
466 1649 19 11 re-

71 1666 70 17 marks.-
158 1665 48 18 H.B.
219 1665 78 18 Herald.

92 1696 36 19 One
137 1697 19 16 of
165 1696 31 18 tho
205 1698 47 16 most
261 1696 95 18 ludicrous
365 1698 19 16 of
392 1698 32 16 the
439 1703 56 17 many

72 1720 76 23 peculiar
164 1719 102 23 provisions
285 1721 20 16 of
314 1721 41 16 that
374 1720 83 23 triumph
475 1722 21 16 of

71 1743 42 23 legal
123 1744 102 22 ingenuity,
235 1743 32 17 the
276 1749 41 11 new
323 1743 99 23 Licensing
428 1745 41 18 Act,
479 1744 15 17 is

71 1766 63 19 section
154 1766 26 21 22,
203 1767 105 16 subsection
329 1768 16 19 5,
368 1767 60 16 where
448 1768 15 16 it
479 1768 15 16 is

70 1790 84 22 solemnly
163 1790 76 17 enacted
249 1790 38 16 thai
299 1790 15 17 it
334 1790 47 17 shall
391 1790 22 17 be
429 1790 65 18 lawful

71 1815 26 15 fur
109 1820 9 10 a
127 1813 77 18 licensee
224 1815 19 15 to
254 1813 31 17 sell
295 1813 61 22 liquor
365 1815 19 15 at
398 1818 37 18 any
449 1814 45 17 time

71 1842 16 11 to
96 1844 9 9 a
115 1837 62 20 lodger
191 1843 19 10 or
219 1843 11 10 u
242 1837 49 16 bona
301 1837 36 16 tide
346 1836 87 18 traveller
442 1837 41 17 seek-

70 1861 27 20 ing
106 1860 118 19 refreshment
231 1865 25 12 on
261 1860 84 23 arriving
351 1860 47 17 from
413 1867 11 10 a
440 1860 42 23 jour-

71 1889 37 16 ney,
115 1884 98 22 providing
228 1883 41 17 that
280 1883 31 17 the
324 1883 60 22 liquor
393 1890 20 10 so
426 1883 40 17 sold
478 1883 15 17 is

71 1907 97 23 personally
179 1905 99 19 consumed
288 1912 23 11 on
321 1907 31 16 the
372 1906 89 23 premises
468 1903 25 26 by

70 1930 41 17 such
120 1930 85 17 traveller
225 1930 36 16 and
282 1930 24 22 by
313 1936 24 10 no
347 1930 53 16 other
419 1936 73 15 person.

69 1953 34 17 The
112 1952 9 18 li
130 1952 45 24 dger
184 1960 32 10 ran
227 1953 36 22 buy
275 1953 31 17 tho
315 1953 102 22 liquor,hut
424 1956 70 15 cannot

69 1976 49 16 drink
127 1977 20 16 it.
172 1977 38 19 Aft(
218 1982 8 11 r
234 1976 115 23 purchasing
358 1983 11 9 u
377 1976 50 21 glass
436 1977 20 16 of
464 1982 19 11 ro-

69 1999 93 18 frcshmeni
174 1999 29 18 tho
210 1999 45 23 only
260 1999 116 18 satisfaction
386 2000 23 16 he
422 2005 32 11 can
461 2001 32 19 get

68 2023 13 16 is
90 2024 18 15 to
116 2028 28 11 see
153 2029 9 10 a
172 2023 87 18 traveller
265 2021 57 19 drink
326 2022 21 22 it;
358 2022 71 22 though
440 2023 53 16 when

68 2052 21 11 no
99 2045 83 19 traveller
191 2046 14 16 is
215 2046 93 17 available
316 2051 46 11 even
372 2046 40 16 that:
433 2046 50 17 vicar-

68 2069 34 16 ious
111 2069 113 17 satisfaction
235 2070 15 15 i.-
259 2069 67 17 denied
332 2069 31 17 the
372 2069 121 17 unfortunate

68 2092 140 23 lodger.—Post.

88 2122 15 16 A
110 2121 61 17 choice
177 2123 113 15 assortment
294 2121 25 18 .of
327 2121 102 17 Christmas
435 2121 57 17 Cards

69 2145 39 16 with
118 2144 137 23 photographic
264 2144 56 17 views
329 2144 19 17 of
356 2144 46 17 New
410 2144 82 17 Zealand

68 2173 70 17 scenery
144 2168 19 17 at
172 2168 31 17 the
212 2168 117 17 CHEONICLE
338 2167 73 17 Office.*

87 2196 38 16 The
134 2196 101 18 Christmas
243 2196 87 17 numbers
344 2196 19 16 of
371 2196 31 17 tho
418 2196 74 16 various

69 2218 75 24 English
153 2219 124 22 publications
291 2225 31 11 are
330 2225 41 11 now
381 2218 83 22 arriving
473 2220 18 16 at

68 2243 29 15 the
105 2242 115 17 Chronicle
234 2242 72 17 Office.*

1220 86 59 18 TTIE
1306 86 57 20 HOT
1390 87 91 20 LAKES
1510 87 172 25 CHRONICLE,
1711 89 189 23 WEDNESDAY,
1929 89 135 20 JANUARY
2091 92 85 22 8,1896

79 153 49 18 THE
141 152 54 17 TWO

156 172 119 20 genuine
290 171 133 19 articles;

123 195 135 21 clements
265 194 79 18 tonic

168 218 156 18 fletcher's
333 217 79 20 pills,

82 242 131 21 imitated:

145 265 49 17 hut
203 263 169 18 unrivalled

255 287 54 16 and
322 284 182 20 unequalled.

101 318 132 21 CLEMENTS
240 318 80 17 TONIC
326 318 15 16 is
348 317 88 17 scientific
442 316 50 18 chem-

80 345 31 18 ical
122 342 42 18 food
169 341 37 18 and
215 341 79 18 restores
298 340 34 17 the
341 340 57 17 tissue
402 338 72 19 wasted
479 339 25 23 by

80 369 29 16 the
118 373 15 10 vi
142 364 93 19 cationsof
243 363 139 23 everydaylife,
391 362 31 18 isa
429 363 75 22 prompt

80 390 33 17 and
123 389 37 17 safe
170 386 74 23 remedy
254 387 29 16 for
295 386 104 22 neuralgia,
415 390 78 12 nervous-

80 418 44 15 ness,
134 411 99 19 weakness,
243 409 86 22 debility,
339 409 45 17 liver
396 407 107 23 complaint,

78 437 70 20 dropsy,
158 433 37 18 and
208 432 76 19 chronic
288 431 122 23 indigestion.

100 454 151 21 FLETCHER'S
261 455 74 17 PILLS
341 460 42 11 cure
395 454 108 22 heartburn,

78 480 94 20 backache,
180 478 100 20 headache,
287 478 44 16 livei
346 477 96 22 torpidity,
459 477 33 22 dys-

78 503 57 23 pepsia
145 502 36 18 and
190 501 24 18 all
224 500 112 24 eomplaiiits
379 500 32 17 the
419 500 83 17 stomach

78 527 31 19 and
122 525 70 18 bowels.

94 548 64 19 Thesct
163 553 44 12 won
214 546 168 18 medieshavebeen
388 545 114 24 thoroughly

79 572 54 19 tested
141 571 47 17 inaU
199 571 31 17 the
235 570 34 17 hot
275 569 94 18 countries
374 569 21 18 of
397 569 35 18 the
436 569 65 18 world.

78 596 47 20 They
134 599 29 13 are
173 593 39 18 sold
221 594 20 16 at
250 599 9 10 ;i
269 593 51 21 price
333 592 65 17 within
407 592 33 17 the
448 592 54 18 reach

77 620 20 16 of
104 618 23 17 nil
135 616 71 24 people.
231 614 114 19 Evidenceis
354 615 103 17 forwarded
464 616 39 17 free

78 648 21 11 i,n
109 640 63 22 receipt
184 639 19 17 of
211 645 55 10 name
275 639 37 16 and
321 638 75 16 address
413 639 43 16 that
464 639 39 16 will

78 664 61 22 satisfy
151 663 32 16 the
191 663 49 16 most
249 661 88 22 sceptical
346 668 19 10 as
375 663 19 15 to
403 661 49 17 their
463 661 29 18 vir-

78 690 43 15 tues.
144 686 51 21 They
201 690 32 12 are
236 684 44 18 sold
284 684 124 23 everywhere,
417 684 35 17 but
461 690 41 11 care

80 710 47 19 must
129 709 24 18 be
161 708 57 18 taken
225 707 43 18 that
281 707 33 17 the
327 707 80 23 geunine
420 713 31 11 are
467 707 23 17 ob-

80 734 39 16 tain*
127 732 9 18 d
147 737 20 12 or
175 731 32 17 the
215 736 68 16 money
292 730 38 17 and
338 730 45 17 time
391 736 31 11 are
431 731 70 16 wasted

78 756 34 17 and
117 755 31 17 the
160 755 69 16 disease
238 759 21 11 so
264 754 56 16 much
327 753 31 17 the
365 759 51 12 more
424 754 75 16 serious.

85 2298 41 45 J.
156 2298 46 46 R.
237 2298 234 50 LUJJDOW,

195 2360 163 22 SOLICITOR,

93 2389 26 19 2C,
130 2385 211 25 SnOKTLAixD-STKEET,
351 2388 117 18 AUCKLAND.

72 2435 40 16 S.V..
138 2434 76 18 Attends
224 2436 79 21 country
313 2436 67 16 Courts
387 2435 26 22 I>y
425 2434 68 23 special

73 2458 124 22 irrangeincnt.

73 2510 188 25 Strawberries!
286 2510 207 25 Strawberries!!

75 2574 13 18 T
132 2573 263 26 HEEKDEGEN.Fenton
401 2575 91 23 Avenue,

76 2596 32 20 11
120 2608 7 8 •
159 2601 15 17 is
193 2601 97 25 prepared
310 2606 19 13 to
347 2601 83 25 provide
444 2601 40 19 rcsi-

72 2626 52 19 dents
143 2627 37 18 mid
193 2627 82 19 tourists
289 2627 48 20 with

122 2657 63 20 Fresh
197 2657 158 22 Stuawbebries
366 2658 74 18 Daily.

141 2710 30 18 No
181 2711 49 18 stale
241 2717 48 12 ones
299 2710 123 19 obtainable.

73 2833 32 20 BA
122 2834 56 20 :BER
201 2835 58 20 AND
287 2834 207 26 HAIRDRESSER,

73 2867 85 44 BEGS
169 2871 19 18 to
199 2876 103 14 announce
313 2870 44 20 that
363 2870 25 20 ho
400 2871 37 18 has
442 2876 42 13 com-

136 2902 23 12 mi
167 2896 45 20 need
227 2897 91 19 business
329 2897 19 18 in
360 2897 33 18 the
410 2897 51 24 shop
475 2896 21 19 in

75 2923 30 18 the
119 2921 30 19 old
166 2924 57 22 town,
244 2923 95 24 formerly
358 2923 95 24 occupied
469 2922 28 25 by

75 2948 29 19 Mr
113 2947 117 26 McEadyen,
240 2949 86 23 saddler,
344 2949 41 19 and
399 2949 63 25 hopes
476 2951 21 17 to

75 2975 52 18 merit
138 2980 11 13 a
159 2976 56 18 share
227 2975 21 19 of
257 2975 34 19 the
302 2975 69 25 public
381 2977 88 23 support.

148 3010 156 19 RAZORS
334 3009 75 19 SET.

94 3067 20 17 A
122 3067 79 18 Choice
212 3067 151 18 Assortment
376 3067 26 18 of
413 3067 71 18 Tobac-

74 3094 41 17 cos,
125 3090 81 26 Gigars,
217 3091 129 23 Cigarettes
353 3090 21 19 &
381 3090 117 19 Smoker's

75 3112 128 22 Requisites.

79 3300 207 49 Rotorua
327 3304 169 45 Tours.

233 3386 23 18 IS
265 3388 19 15 to
293 3387 85 16 ltotorua
386 3391 31 11 arc
424 3385 76 17 advised

233 3410 50 16 rular
294 3410 51 19 daily
359 3409 57 17 coaclr
432 3408 68 18 service

79 3457 44 13 versa
132 3459 14 12 is
155 3460 40 12 now
204 3461 88 17 running.

98 3476 36 19 The
141 3478 21 16 ad
168 3479 86 23 vantages
259 3480 21 16 of
286 3479 38 17 this
329 3479 54 16 route
388 3484 31 11 are
424 3483 64 12 numer-

78 3504 35 15 ous,
122 3506 10 11 a
140 3502 100 16 somewhat
253 3502 73 17 tedious
334 3502 77 21 railway
420 3501 81 22 journey

78 3521 14 18 is
98 3521 72 24 broken,
179 3524 37 18 and
223 3524 33 19 the
273 3527 54 15 route
343 3526 90 15 traverses
450 3530 51 11 some

112 3549 29 13 tin'
157 3547 82 18 loveliest
255 3549 51 16 Bush
324 3548 80 20 Scenery
421 3547 19 18 in
454 3547 46 18 Now

78 3567 81 20 Zealand.

113 3600 99 24 FARES,
228 3602 41 19 10s
278 3601 83 20 EACH
373 3601 83 19 WAT.

77 3630 83 23 Special
177 3633 164 24 Conveyances
358 3638 43 14 can
421 3633 29 19 be
466 3638 24 13 ar-

214 3657 87 23 ranged
310 3657 40 19 for.

78 3699 201 22 Leave---Okoroire
288 3703 36 18 for
337 3703 104 18 Rotorua
455 3702 46 19 and

145 3724 23 20 W
172 3725 72 20 hakar
246 3731 111 15 ewarewa
386 3725 62 24 daily
476 3726 25 18 at

143 3748 28 19 10
179 3749 51 19 a'm.

79 3768 68 21 Leave
171 3772 102 19 Rotorua
282 3772 45 19 and
339 3772 146 18 Whakarewa-

142 3800 59 14 rewa
216 3796 36 18 for
266 3796 115 22 Okoroire,
398 3795 62 24 daily
476 3796 26 18 at

144 3817 28 20 10
179 3824 51 13 a.m.

100 3863 28 18 All
148 3870 106 18 passengers
275 3872 31 11 are
322 3866 76 16 advised
418 3866 20 16 to
453 3865 48 17 avail

80 3885 103 20 themselves
192 3889 18 16 of
218 3888 38 19 this
272 3889 61 17 lloutc
347 3895 20 11 as
383 3888 89 18 Okoroire
486 3888 16 17 is

80 3911 32 17 ope
126 3911 18 15 of
154 3911 31 17 the
193 3912 51 16 show
253 3912 62 22 places
331 3912 20 17 of
366 3912 33 16 the
415 3911 86 17 Thermal

80 3932 77 23 District,
179 3935 36 16 and
228 3941 25 11 no
270 3935 43 17 visit
327 3936 20 16 to
364 3935 31 17 the
410 3935 60 17 Lakes
487 3935 15 16 is

80 3956 85 21 complete
174 3958 79 19 without
257 3958 25 17 its
287 3958 97 17 inclusion.

101 3978 68 22 Special
178 3981 90 19 attention
280 3981 17 17 is
310 3981 58 17 called
381 3982 21 16 to
415 3981 32 17 the
463 3981 39 17 fact

80 4000 39 18 that
126 4007 11 12 a
145 4004 54 16 coach
207 4004 61 18 leaves
280 4004 85 18 Rotorua
373 4004 38 17 and
420 4004 69 17 Whaka-

80 4028 92 16 rewarewa
180 4033 22 12 on
212 4027 77 22 Sunday
298 4028 20 17 at
327 4028 21 17 10
356 4033 44 12 a.m.

205 4074 148 17 RGENTS
361 4077 5 13 :

77 4099 68 19 THOS.
158 4102 67 18 COOK
242 4104 14 16 &
275 4103 54 21 SON,
348 4103 99 20 Auckland
464 4102 38 20 and

240 4127 82 19 Rotorua
326 4127 3 20 f

555 145 167 20 FIEEAVOOD!
770 145 164 20 FIREWOOD!

625 197 77 19 DATA
713 202 43 14 akd
770 197 91 20 TAWA.

529 228 108 19 Delivered
656 228 28 24 by
703 228 84 19 Kusabs
806 228 58 19 Bros,
880 231 22 17 to
921 235 38 19 any

529 257 45 22 part
586 255 21 17 of
618 254 35 18 the
664 254 100 25 township
773 257 21 16 at

601 280 84 19 Lowest
699 279 98 20 Current
809 280 76 19 Bates.

555 306 74 19 Orders
639 306 92 18 received
743 310 21 15 at
774 306 34 19 the
818 307 67 24 yar'ls,
895 306 64 20 Iline--

527 338 44 13 moa
582 332 73 18 Street.

654 379 19 18 N
692 379 100 18 OTIC
805 379 24 19 B.

619 430 169 19 FOLLOWING
798 431 73 23 Goods,
882 432 76 24 freight

594 456 48 24 paid
652 461 20 14 10
686 456 88 19 Kctorua
783 463 33 12 :

527 487 80 21 Double
619 488 92 18 Wooden
720 487 108 24 Bedstead,
845 489 35 18 22s

565 529 12 8 ~
615 514 49 19 Iron
762 528 12 8 ~
848 516 32 17 His

565 555 12 9 ~
585 539 188 22 Brass-mounted,,
790 541 42 22 48s,
844 541 41 21 GBs,
898 541 35 18 80s

525 565 49 20 Best
585 566 74 18 double
671 566 46 17 wire
727 565 124 23 Mattresses,
863 567 36 18 23s

587 606 12 9 ~
663 590 41 20 flax
769 606 12 8 ~
864 593 35 18 24s

587 632 13 8 ~
664 617 74 25 Kapok
750 617 43 18 Bed
807 620 31 16 10s

630 643 55 19 Cash
703 649 55 12 with
772 643 79 19 Ohdeu.

550 669 177 25 Pnperkangings,
739 669 77 25 a'largo
827 670 64 19 stock,
908 677 49 18 very

524 695 69 24 cheap,
623 695 53 18 Send
686 695 31 18 for
727 697 96 23 patterns.

540 730 43 32 T*
606 729 57 32 W.
685 729 254 38 MAUNDER,

634 771 20 18 II
664 771 20 18 A
694 770 21 19 M
725 771 11 18 I
746 771 17 18 L
772 771 16 18 T
798 773 16 17 O
824 771 26 19 N.

524 823 45 41 HI
586 823 132 41 NEMO
732 825 20 39 A
784 825 169 42 STORE.

709 893 109 21 SOGERS
835 895 73 19 directs
925 898 30 16 at~

537 914 11 9 *
557 919 9 16 T
600 919 77 19 tention
689 921 20 17 to
717 920 34 18 the
761 920 105 26 following
873 921 51 19 lines
935 921 21 20 of

522 943 264 51 €isist»ls
800 953 153 41 m®m

522 1030 102 23 Sultanas,
636 1030 100 20 Muscatel
744 1032 40 18 and
793 1032 98 19 Valencia
905 1033 36 18 Rai-

573 1056 48 21 sins,
633 1057 40 18 and
682 1056 98 20 Currants

521 1082 49 23 Figs
579 1082 40 19 and
629 1082 111 19 Preserved
751 1083 82 26 Ginger,
845 1083 70 27 Spices

520 1107 76 19 Lemon
607 1108 40 19 and
657 1107 81 27 Orange
750 1109 48 19 Peel

577 1134 69 19 White
657 1134 112 25 S.Ugor—A
786 1136 115 25 Speciality.

522 1160 49 19 New
583 1160 91 19 Zealand
682 1160 62 25 Dairy
751 1162 145 19 Association's
903 1162 38 18 Put-

625 1189 36 16 ter.

546 1211 60 19 TEA.
666 1212 112 20 COFFEE.
833 1214 94 19 COCOA.

520 1260 87 19 General
621 1261 127 19 Assortment
765 1263 21 18 of
804 1262 149 26 Storekeeper's

698 1288 73 19 Goods.

578 1324 314 57 HiNEMOFSTORE,

520 1401 43 41 TO
579 1402 26 40 &
620 1402 94 42 FROM
734 1402 69 41 THE
830 1404 122 40 BATHS,

520 1526 151 47 CLIKSS
687 1534 50 12 runs
755 1535 11 12 a
784 1531 114 22 wagonette
918 1529 24 20 be-

564 1563 8 8 «
603 1556 65 15 tween
683 1554 34 18 the
734 1554 38 19 Old
788 1555 109 25 Township
913 1555 39 20 and

519 1579 33 19 the
562 1579 66 18 Baths
639 1579 125 23 throughout
774 1581 34 18 the
818 1581 46 21 day.

519 1641 48 19 Also
590 1641 198 24 WHakarevrarewa,
814 1642 73 19 Sodom
913 1643 38 19 and

554 1668 113 18 Gomonah
678 1668 39 18 and
729 1669 57 17 other
795 1668 68 25 sights
869 1675 50 13 near

681 1694 35 18 the
727 1697 59 15 town.

617 1760 80 23 Fares
711 1760 139 23 Moderate.

532 1806 13 17 A
562 1806 158 17 UCKLAND
734 1806 218 17 ADVERTISING

673 1829 112 20 AGENCY,

557 1856 81 13 icToitiA
651 1852 88 19 AiicADE,
754 1851 72 20 Queen
843 1852 84 18 Street.

571 1876 122 21 Advertising
699 1876 19 15 in
728 1875 25 18 all
765 1875 25 18 its
798 1876 98 17 branches.

519 1898 50 21 New,
584 1898 76 23 Unique
677 1898 36 17 and
727 1899 85 17 Tasteful
828 1898 124 23 Advertising

689 1921 91 17 Medium.

539 1944 69 18 Orders
617 1945 49 16 from
675 1945 25 16 all
710 1946 52 20 parts
771 1945 90 17 attended
870 1946 20 15 to
905 1945 46 17 with

519 1973 38 12 3are
567 1968 38 17 and
614 1968 114 22 expedition.

532 2090 45 31 H,
591 2089 56 32 W.
664 2090 268 36 MITCHELL,

614 2147 116 21 Slulbci'terD
740 2149 111 22 Surfocpor,

662 2201 142 24 KOTO^UA.

537 2250 183 44 G"'M
736 2251 16 16 c
757 2252 47 42 A
816 2251 111 20 U!VI

517 2320 123 24 Plumber
657 2320 22 23 &
690 2320 111 23 General
813 2320 138 24 Mechanic

609 2370 132 19 Tutanekai
759 2369 92 23 Street,

518 2473 53 45 P).
614 2473 43 45 S.
705 2472 71 48 Q°
788 2472 162 25 **■'*■■*■

624 2530 16 19 A
651 2529 19 19 E
680 2530 14 18 C
704 2529 17 18 II
732 2529 11 19 I
751 2529 16 18 T
775 2528 16 19 E
800 2529 15 19 C
827 2528 18 23 T,

598 2564 98 25 Building
710 2565 109 24 Surveyor,
838 2564 34 20 &r.

519 2605 69 23 Agent
611 2603 31 19 for
662 2602 34 19 the
720 2601 98 20 National
842 2601 47 19 Fi/e
913 2601 39 20 and

611 2629 81 19 Marine
699 2629 114 18 Insurance
825 2628 36 19 Co.

531 2678 38 22 k/T
584 2679 18 19 O
619 2679 19 19 K
654 2679 17 19 O
687 2679 11 19 I
715 2679 17 19 A

518 2763 246 33 BOARDING
783 2763 170 33 HOTJSK

520 2824 112 28 Opposite
647 2823 40 20 the
703 2824 54 18 Post
767 2823 46 19 and
825 2823 129 27 Telegraph

698 2849 79 20 Office.

520 2881 45 20 And
587 2888 50 13 near
656 2881 35 19 the
710 2881 121 20 Celebrated
856 2880 99 20 PBIEST

559 2907 119 21 BACHED
695 2907 39 20 and
748 2907 56 19 other
814 2907 99 23 BATHS,

664 2933 145 21 EOTOBUA.

553 2985 115 42 MRS
711 2984 209 49 YOUNG,

655 3035 172 19 PIIOI'IiIETSESS.

601 3067 95 19 TEEMS
711 3066 165 20 MODERATE.

524 3124 119 34 UNITED
664 3123 187 32 INSORANCE
870 3123 85 37 COY.,

672 3162 128 19 LIMITED.

583 3214 153 28 CAPITAL,
752 3214 144 29 £500,000.

556 3268 6 12 ,
565 3267 11 18 I
581 3267 34 18 RE
623 3267 54 18 risks
685 3267 20 18 of
712 3267 27 18 all
748 3267 74 19 classes
828 3266 129 20 undertaken

592 3296 21 17 at
623 3293 71 19 lowest
703 3295 81 17 current
794 3296 61 16 rates.

522 3328 77 19 Claims
608 3328 73 19 settled
690 3328 102 25 promptly
802 3328 40 18 and
856 3327 101 26 liberally.

534 3377 47 17 New
591 3377 83 17 Zealand
684 3377 55 17 Head
748 3377 63 20 Office,

557 3405 92 17 Resident
657 3405 47 19 Sec,
713 3404 68 18 James
790 3404 18 18 S.
821 3405 101 17 Jameson.

649 3433 99 17 Auckland
758 3433 74 23 Agent:

585 3462 23 17 A.
622 3462 109 19 Heathen,
741 3461 77 17 Custom
826 3460 68 18 Street.

656 3494 85 16 Rotorua
750 3493 73 21 Agent:

570 3523 21 17 F.
605 3523 22 17 F.
637 3523 67 19 Watt,
718 3521 117 18 Chronicle
846 3521 64 18 Office.

524 3568 77 25 Sixth
614 3568 75 23 Year.
736 3567 75 24 Price
820 3568 136 28 Sixpence.

775 3594 88 25 Postage
873 3594 32 19 lid.

568 3747 345 33 ILLUSTRATED

524 3806 165 41 ALMANAC
714 3806 71 41 AND
817 3805 139 47 DIARY,

666 3878 65 23 FOR
744 3878 68 23 1896.

526 3913 88 43 THIS
630 3913 68 19 useful
707 3913 81 19 Annual
800 3913 37 19 has
852 3919 45 12 now
915 3918 33 19 per-

593 3939 103 24 manently
714 3939 62 19 taken
792 3940 26 18 its
836 3939 57 24 place
909 3944 22 13 as
948 3944 11 13 a

525 3965 119 21 Handbook
656 3965 21 19 of
693 3965 56 24 daily
764 3965 103 19 reference
886 3964 20 18 in
925 3964 34 18 the

525 3992 104 24 Counting
638 3991 72 19 House
720 3993 39 17 and
771 3991 73 18 Home.
872 3990 20 19 It
901 3990 17 19 is
925 3990 34 19 the

524 4018 98 20 standard
634 4017 53 19 book
701 4017 21 18 of
731 4017 102 19 reference
847 4016 33 19 for
899 4016 48 19 Busi-

524 4051 47 13 ness
582 4043 56 24 Men,
651 4043 100 23 Farmers,
762 4042 107 23 Mariners,
878 4042 68 19 House-

524 4071 91 24 keepers,
626 4069 40 20 and
680 4069 33 20 the
724 4068 88 20 General
821 4068 80 19 Public.

550 4097 29 19 To
590 4096 25 19 be
626 4095 41 20 had
685 4095 21 20 of
724 4095 27 20 all
771 4094 129 20 Booksellers
919 4094 40 19 and

524 4122 151 26 Storekeepers.

1089 149 101 36 TH
1212 149 32 34 £
1294 149 152 37 NUT
1500 150 15 38 !

1102 184 13 16 9
1151 186 12 14 1
1176 186 14 13 B
1212 185 32 15 B»
1295 185 37 14 SB
1355 187 34 13 <te7
1420 187 13 14 B
1503 189 22 12 BE

1553 149 205 54 AKES
1813 151 399 52 DISTRICT.

1217 230 91 18 Tourists
1318 229 40 19 and
1372 229 91 20 Invalids
1472 231 86 24 visiting
1567 231 35 18 the
1761 232 22 18 of
1792 232 50 20 New
1853 231 91 19 Zealand
1955 231 40 19 will
2002 231 42 19 find
2054 232 35 19 the

1207 271 399 77 IRAND
1698 273 435 77 HOTEL

1468 362 256 49 :TiHil:<

1076 428 51 17 most
1138 426 87 25 elegant,
1238 426 131 19 comfortable
1378 426 39 18 and
1428 426 44 18 best
1483 426 110 24 appointed
1604 426 154 18 establishment
1767 426 21 19 in
1809 427 51 18 New
1877 426 97 23 Zealand,
1993 426 16 19 it
2027 427 62 25 being
2106 429 76 25 replete
2199 429 126 25 throughout

989 448 22 20 A
1451 452 50 18 with
1512 452 34 17 the
1556 454 53 15 most
1623 451 82 18 modern
1719 453 151 18 conveniences.

1007 477 57 19 THE
1077 478 93 19 HOTEL
1189 478 17 18 is
1225 478 21 18 in
1266 476 35 20 the
1319 476 116 19 immediate
1450 477 170 24 neighbourhood
1638 477 22 18 of
1678 477 34 19 the
1731 477 73 23 Priest,
1825 477 83 24 Rachel,
1928 477 125 20 Postmaster
2075 479 41 19 and
2131 480 59 19 other
2205 480 68 23 baths,
2291 480 34 19 the

980 503 90 19 curative
1080 504 113 24 properties
1203 504 21 18 of
1234 502 66 20 which
1317 508 34 13 are
1543 502 55 19 Path
1609 503 66 17 chairs
1686 503 38 19 and
1736 504 118 18 attendants
1865 509 34 13 are
1909 503 97 24 provided
2017 507 20 15 to
2051 511 75 18 convey
2141 505 89 19 invalids
2246 508 20 17 to
2285 506 40 19 and

981 529 50 19 from
1043 529 34 19 the
1087 529 82 19 various
1182 529 142 19 bath-houses.
1352 528 42 18 The
1404 528 107 19 bedrooms
1522 529 40 18 and
1581 529 87 24 retiring
1689 535 66 13 rooms
1775 536 35 12 are
1830 529 57 19 filled
1905 529 48 19 with
1983 529 75 24 special
2071 531 75 24 regard
2160 533 21 17 to
2194 532 35 19 the
2245 532 80 24 require

981 555 64 18 intents
1056 555 21 18 of
1085 557 70 22 guests
1165 555 21 18 in
1197 555 69 18 search
1276 554 21 19 of
1306 553 91 19 renewed
1409 554 98 24 strength.

1007 580 42 18 The
1062 581 62 18 Baths
1135 583 21 16 at
1168 581 34 18 the
1211 580 128 19 Sanatorium
1352 579 51 19 have
1414 579 99 19 attracted
1524 586 60 17 many
1595 579 81 19 visitors
1694 580 23 18 of
1735 580 41 19 late
1797 587 71 18 years;
1894 583 94 22 amongst
2005 581 58 19 those
2077 581 44 20 who
2129 583 53 19 have
2193 583 65 19 found
2267 583 59 19 relief

981 605 31 20 bei
1022 606 34 18 the
1066 606 146 23 convalescent,
1224 612 92 16 nervous,
1327 605 117 22 rheumatic,
1457 605 40 18 and
1508 605 101 25 sleepless.

1007 631 90 19 Rotorua
1107 632 17 18 is
1134 632 35 18 the
1188 635 66 15 centre
1273 632 52 18 from
1345 630 64 19 which
1428 630 28 19 all
1477 631 69 25 points
1556 631 21 18 of
1586 631 84 18 interest
1680 631 21 19 in
1718 631 35 19 the
1763 631 95 19 Thermal
1870 631 86 26 Springs
1972 632 85 19 District
2073 639 46 19 may
2134 633 26 19 be
2174 634 93 23 reached,
2286 635 39 18 and

979 657 74 25 special
1063 657 94 19 facilities
1169 664 33 13 are
1212 657 97 25 provided
1319 657 32 18 for
1358 656 57 19 those
1423 656 20 18 in
1454 656 70 19 search
1535 657 21 18 of
1564 657 34 18 the
1609 656 100 19 beautiful
1721 657 40 19 and
1776 657 128 19 marvellous.

1072 689 183 17 MAGNIFICENT
1268 687 176 19 APAKTMENTS.
1575 688 84 17 LOFTY
1671 689 147 17 BEDROOMS.
1936 690 116 17 PERFECT
2068 690 163 18 SANITATION.

1123 712 25 18 In
1160 712 57 19 short
1226 719 12 11 a
1249 717 125 14 fjhst-cxass
1387 711 173 18 Establishment
1570 711 87 25 offering
1666 711 59 25 equal
1735 712 96 18 comforts
1839 714 22 16 to
1872 711 33 20 the
1915 712 46 20 best
1975 713 64 19 hotels
2049 713 21 19 in
2080 713 87 25 Europe.

1646 743 12 12 o

1220 763 86 23 Suites
1324 763 27 23 of
1363 762 169 29 Apartments
1542 762 67 23 with
1619 763 98 28 special
1731 763 157 23 attendance
1902 763 39 23 for
1957 764 123 24 Families

979 796 101 27 Spacious
1091 798 126 19 Promenade
1228 798 112 22 Balconies,
1350 796 57 25 Snug
1419 796 91 23 Alcoves,
1522 796 40 19 and
1579 796 127 25 luxurious]}'
1722 798 110 24 appointed
1842 797 104 27 Drawing,
1967 798 70 23 Music,
2054 799 152 24 Conversation,
2223 800 100 24 Reading,

1431 823 100 24 Smoking
1541 823 39 18 and
1593 822 85 19 Billiard
1689 819 80 23 Rooms.
1798 823 72 19 Baths.

1269 856 116 21 SPECIAL
1398 856 162 20 ATTENTION
1574 856 69 19 PAID
1655 857 34 19 TO
1704 857 118 20 CUISINE
1835 857 61 20 AND
1910 858 126 20 SERVICE.
2051 861 36 22 43)

1005 890 35 19 All
1050 890 179 20 communications
1242 890 26 23 by
1278 889 59 18 letter
1348 896 22 11 or
1381 888 97 24 telegram
1489 888 41 19 will
1540 889 78 18 receive
1627 890 80 23 prompt
1717 889 106 19 attention.

1036 941 76 44 W.
1140 941 57 43 A.
1225 941 38 43 B

1357 939 181 51 LTON,

1449 998 60 25 (Late
1519 1000 21 17 of
1550 998 114 19 Grosvenor
1673 997 68 24 Hotel,
1754 997 97 26 Sydney.)

2011 942 247 48 Manager.

1176 1093 485 61 STREWS

1892 1066 162 41 ROTORUA
2076 1066 93 41 BOOT
2190 1068 26 39 &
2233 1068 91 42 SHOE

2042 1124 125 41 DEPOT,

1078 1442 20 19 A
1118 1442 119 19 First-class
1252 1443 38 18 and
1310 1443 43 19 well
1365 1443 108 22 appointed
1482 1443 71 19 House
1567 1442 118 20 convenient
1695 1444 20 17 to
1725 1442 35 19 the
1895 1454 5 7 .
1927 1454 11 11 T
2312 1442 1 23 ,

1376 1456 22 12 il
1889 1456 18 17 A
1927 1456 67 24 Large
2012 1456 62 20 Stock
2094 1458 21 19 of
2132 1458 95 23 German,
2244 1456 78 20 French

977 1494 95 32 HOT
1087 1495 203 32 SPRINGS
1315 1496 33 31 &
1365 1496 236 31 KATUB.AL
1618 1494 247 33 WOHDERS,
1957 1481 40 20 and
2007 1482 35 20 Col
2044 1484 116 45 rttoek!
2162 1491 9 12 s
2182 1484 76 25 alwflyß

1002 1552 56 20 nOT
1082 1553 92 19 BATHS
1197 1560 26 12 on
1240 1553 34 20 the
1294 1555 97 24 premises
1433 1555 42 18 The
1487 1555 96 25 stopping
1594 1554 71 18 House
1675 1554 31 18 for
1889 1545 68 19 BEST
1964 1545 152 20 MATERIAL.
2152 1547 31 19 BF
2190 1547 31 19 ST
2230 1546 91 21 WORK.

1087 1584 68 23 THE
1179 1584 62 23 SPA
1264 1585 108 23 HOTEL
1397 1585 169 24 COACHING
1589 1584 164 25 COMPANY.
1967 1582 158 20 AUCKLAND
2136 1583 106 20 PRICES.

1004 1635 88 20 Conches
1106 1636 66 19 arrive
1183 1637 52 19 from
1245 1637 70 26 Taupo
1327 1637 116 26 Thursdays
1453 1637 39 19 and
1510 1637 100 26 Sundays,
1622 1637 39 19 and
1675 1637 57 19 leavo
1747 1636 33 19 for
1794 1635 71 26 Taupo
1890 1630 163 24 Hand-sewn
2063 1633 78 22 Boots
2151 1640 15 16 a
2181 1633 139 30 Specialty.

976 1662 85 25 Fridays
1071 1662 40 18 and
1121 1662 107 27 Mondays.

1221 1715 21 5 ..
1358 1715 58 5 .„„
1447 1715 37 5 „„
1498 1715 5 5 .
1571 1715 36 5 „„
1915 1694 115 23 Visitors
2039 1695 27 22 to
2080 1694 46 23 the
2141 1695 54 23 Hot
2203 1695 91 24 Lakes.

1221 1715 99 20 MODE
1327 1715 19 19 R
1352 1716 18 18 A
1377 1716 16 18 T
1399 1715 17 19 E

1230 1813 111 19 BEFORE
1355 1813 148 19 ORDERING
1514 1813 63 20 ELSE-

1193 1872 108 19 WHERE
1313 1872 58 19 THE
1390 1872 103 19 PUBLIC
1508 1873 57 18 ARE
1583 1872 28 19 IN-

1231 1931 87 19 VITED
1335 1931 33 19 TO
1381 1932 70 18 CALL
1464 1932 60 19 AND
1536 1932 51 19 SEE

1273 1990 68 19 NEW
1355 1990 145 21 MATERIAL
1518 1991 32 20 IN

1008 2041 124 39 %Jsi.i>
1143 2055 26 25 M
1195 2049 162 29 SUITINGS,

1023 2093 59 29 M-\
1092 2093 2 40 :
1096 2093 73 40 -:-H\
1273 2099 169 28 COATINGS,

1340 2148 170 30 VESTINGS,

1136 2361 32 40 *
1223 2375 29 39 H.
1287 2374 40 40 W,
1365 2373 95 41 HEIGI

1675 2192 80 48 ill

1403 2258 225 27 ?ROUSERINGS,

1917 1772 175 47 Palace
2127 1774 162 54 Hotel,

1969 1830 12 18 d
2005 1830 19 18 in
2050 1830 35 20 the
2108 1830 50 20 New
2182 1831 138 20 Government

1887 1856 107 24 Township
2011 1856 19 19 in
2047 1863 53 13 Close
2118 1858 110 24 proximity
2247 1861 21 16 to
2287 1858 35 19 the

1887 1882 71 24 Bath*,
1976 1882 134 24 Satiatnium,
2131 1884 50 19 Post
2203 1884 60 19 Office
2282 1884 39 19 and

1887 1907 91 27 Railway
1986 1910 87 18 Station.

1913 1961 42 19 The
1965 1960 61 21 Hotel
2039 1962 16 19 is
2072 1962 127 26 luxuriously
2215 1962 105 20 furnished

1886 1987 39 19 and
1936 1988 78 22 replete
2026 1988 46 19 with
2080 1995 58 18 every
2147 1989 136 19 convenience
2290 1989 32 19 for

1887 2014 85 18 tourists
1983 2014 38 18 and
2032 2014 74 19 others.
2136 2015 21 18 It
2179 2022 16 12 c(
2204 2015 91 19 tnmands
2311 2021 10 12 a

1887 2040 91 25 splendid
1990 2047 47 11 view
2049 2042 21 17 of
2080 2040 35 20 the
2124 2040 55 21 Lake
2190 2042 38 18 and
2239 2041 15 20 is
2265 2041 45 20 with-

1887 2065 19 19 in
1917 2073 45 18 easy
1974 2073 66 13 access
2054 2067 21 19 of
2092 2066 34 20 the
2143 2068 78 25 Geyser
2237 2068 83 25 Springs

1887 2092 21 18 of
1918 2092 187 21 Wbakarewarewa
2115 2094 40 19 arid
2166 2094 27 19 all
2206 2094 33 19 the
2258 2094 62 25 eights

1887 2118 2 20 .
1899 2118 8 19 f
1919 2118 34 20 the
1963 2119 85 19 district.

1900 2145 34 19 All
1944 2145 106 25 telegrams
2061 2146 104 26 promptly
2175 2147 97 19 attended
2280 2149 28 17 to.

1953 2198 86 31 JOHN
2068 2198 185 38 JOHNSTON,

2021 2237 169 17 PROPRIETOR.

1917 2286 182 45 Robert
2134 2286 157 46 Wake

1896 2348 90 22 ■3EGS
1995 2351 19 16 to
2023 2349 93 18 intimate
2124 2350 45 18 that
2180 2349 26 18 ho
2222 2350 38 18 hr.s
2277 2356 44 13 now

1889 2369 42 25 _I3
1961 2374 109 20 concluded
2080 2375 35 19 the
2128 2376 119 18 alterations
2259 2378 21 17 to
2290 2376 32 18 his

1887 2401 96 25 premises
1999 2401 20 19 in
2037 2400 78 20 Fenton
2133 2401 73 23 Street,
2221 2401 100 26 (opposite

1887 2427 34 19 the
1932 2427 69 19 Grand
2011 2427 79 24 Hotel,)
2101 2428 40 18 and
2151 2427 37 19 has
2198 2434 11 12 a
2217 2428 56 25 large
2282 2428 39 19 and

1888 2453 43 19 well
1942 2453 91 19 assorted
2043 2453 56 19 stock
2109 2454 22 18 of
2144 2454 35 18 the
2199 2454 109 19 undermen-

1888 2479 67 19 tioned
1966 2479 68 24 goods,

1889 2514 66 41 FOR
1977 2513 86 42 CASH
2079 2514 25 41 &
2117 2514 87 41 CASH
2218 2514 102 42 ONLY,

1914 2569 49 18 This
1973 2569 53 18 Rule
2037 2569 42 18 will
2094 2569 25 18 be
2136 2569 78 24 strictly
2233 2569 89 19 adhered

1888 2597 20 17 to
1919 2602 21 11 so
1952 2601 26 13 no
1988 2601 38 12 one
2035 2595 52 19 need
2098 2595 23 19 be
2131 2595 95 20 offended
2234 2596 17 19 if
2259 2596 63 19 credit

1888 2621 17 18 is
1917 2621 87 19 refused.

977 2692 84 18 Rotorua
1070 2698 31 11 are
1110 2691 39 19 met
1157 2691 26 22 by
1191 2691 33 17 the
1252 2691 37 21 Spa
1317 2689 87 20 Coaches,
1414 2689 37 18 and
1459 2689 76 18 visitors
1544 2690 94 22 convoyed
1651 2691 19 16 to
1685 2690 32 17 the
1754 2690 38 23 Spa
1826 2691 40 17 free

1366 2714 20 15 of
1393 2713 75 22 charge.

1002 2743 43 19 The
1184 2750 5 12 '
1193 2750 9 11 s
1214 2743 35 18 the
1259 2742 68 19 Home
1337 2742 21 18 of
1368 2742 33 18 the
1412 2741 87 19 Famous
1515 2742 93 22 Crow's
1623 2742 65 22 Nest
1705 2742 107 30 Geyser,
1830 2743 35 18 the

977 2770 82 17 Witches
1068 2769 101 21 Cauldron,
1184 2769 123 23 Champagne
1320 2768 75 22 Geyser,
1413 2767 62 23 Milky
1488 2768 76 21 Geyser,
1583 2767 106 23 Flesh-pot,
1705 2768 92 24 Porridge
1812 2769 53 21 Pots,

977 2793 122 20 Blow-holes,
1109 2792 84 17 Hannah
1202 2792 76 21 Geyser,
1288 2791 32 17 the
1329 2791 66 17 Lesser
1407 2790 70 18 Crow's
1491 2791 53 20 Nest,
1559 2791 63 17 Venus
1638 2791 56 20 Bath,
1710 2791 73 18 Satan's
1800 2792 65 23 Glory.

977 2816 40 18 Salt
1026 2816 75 23 Spring,
1112 2815 148 18 Paddle-wheel,
1271 2814 37 17 and
1317 2814 70 17 several
1395 2813 54 19 other
1457 2814 61 23 sights
1525 2815 20 15 of
1553 2814 84 17 interest.
1662 2814 76 18 Guide's
1747 2815 29 17 fee
1785 2816 19 16 2s
1821 2816 45 17 each

977 2845 72 11 'lorson.

1000 2863 38 17 The
1048 2862 75 17 HUKA
1136 2862 87 17 FALLS.
1248 2861 81 17 Visitors
1337 2862 20 15 to
1366 2860 31 17 the
1487 2860 96 22 conveyed
1591 2860 39 17 free
1638 2861 20 16 of
1666 2861 75 23 charge.

1416 2889 10 11 o

1000 2909 38 17 The
1046 2908 161 18 accommodation
1216 2909 20 15 at
1244 2907 33 17 the
1305 2907 38 22 Spa
1392 2906 25 18 all
1426 2907 42 16 that
1483 2912 35 12 can
1534 2907 24 17 he
1574 2906 78 18 desired.
1685 2907 61 22 Every
1764 2908 103 18 Bed-room

977 2932 108 17 over-looks
1094 2932 32 17 the
1135 2931 91 18 Gardens.
1251 2931 77 16 Private
1337 2929 60 18 Suites
1407 2930 19 16 of
1434 2929 129 22 Apartments.
1593 2929 62 23 Largo
1670 2930 155 23 Drawing-room
1838 2932 30 17 for

977 2955 73 18 Ladies.
1076 2954 128 18 Comfortable
1213 2954 161 21 Smoking-room.

1001 2978 52 14 TKV.
1066 2978 21 14 AT
1091 2978 10 14 A
1106 2978 44 14 OUT
1163 2977 104 15 PAU.VKD
1280 2976 96 16 DINING
1388 2976 71 16 HALL
1468 2977 49 15 seats
1530 2981 34 11 one
1578 2975 87 17 hundred
1678 2982 77 10 ncrsons
1770 2978 35 14 jmrl
1823 2984 33 8 emi-

978 3001 49 17 tiiins
1035 3001 26 17 all
1070 3002 85 21 separate
1163 3001 61 16 tables
1233 3001 30 16 for
1271 3000 73 22 private
1353 3000 68 21 parties
1430 3004 22 12 or
1463 2999 76 17 mends.
1563 3004 10 10 •

1001 3024 52 17 THE
1062 3023 86 18 LARGE
1157 3023 59 21 HOT,
1227 3023 67 18 COLD
1304 3022 15 18 &
1328 3022 77 17 TEPID
1412 3022 137 17 SWIMMING
1557 3022 69 17 BATH
1635 3022 73 22 adjoins
1717 3020 33 21 the
1758 3023 108 18 Bedrooms.

1001 3048 39 16 The
1050 3047 122 18 SULPHUR
1181 3046 69 17 BATH
1259 3046 15 17 is
1283 3044 75 24 equally
1367 3044 103 19 efficacious
1479 3052 20 10 as
1506 3045 33 18 the
1545 3046 73 16 famous
1625 3046 60 16 Priest
1691 3046 49 17 Bath
1748 3047 20 16 of
1776 3047 91 17 Rotorua.

1001 3070 39 18 The
1049 3070 77 18 TEPID
1139 3070 70 17 BLUE
1222 3069 69 17 BATH
1299 3069 16 17 is
1324 3074 45 16 very
1377 3068 110 23 refreshing.

1188 3093 50 17 ALL
1247 3092 84 17 BATHS
1341 3092 37 16 free
1387 3093 20 16 to
1415 3091 80 17 Visitors
1504 3093 20 15 to
1534 3092 31 17 the

1031 3116 43 19 Ihe
1085 3116 94 19 Grounds
1188 3123 35 11 are
1235 3116 41 18 leid
1287 3117 35 16 out
1337 3114 20 19 in
1374 3115 67 18 choice
1462 3114 84 19 Rose-h(
1555 3115 28 23 ds,
1605 3115 140 23 Shrubberies,
1762 3116 104 19 Beautiful

979 3143 94 23 Flowers,
1084 3142 51 19 Pine
1145 3142 135 23 Plantations,
1292 3141 51 18 Turf
1352 3140 74 19 Tennis
1445 3141 69 23 Lawn,
1531 3141 125 18 Promenade
1677 3142 40 18 and
1736 3142 131 20 Ornamental

979 3169 78 20 Lawns.

1031 3194 58 19 Good
1100 3194 62 19 Grass
1172 3193 112 23 Paddocks,
1296 3192 101 25 Stabling,
1409 3192 66 19 Horse
1485 3193 61 23 Feed,
1558 3194 32 19 &c.

1422 3225 34 11 o—

979 3243 117 24 Visitors
1110 3243 133 29 conveyed
1254 3243 55 22 free
1320 3242 28 23 of
1355 3241 95 29 charge
1459 3244 28 21 to
1496 3244 69 21 meet
1576 3242 35 23 all
1628 3243 108 23 coaches
1749 3244 105 28 proceed-

1263 3269 46 28 ing
1323 3270 27 21 to
1366 3267 119 24 different
1500 3270 79 27 parts.

1112 3318 126 23 TARIFF
1249 3324 5 16 :
1274 3318 33 18 10e
1320 3317 56 19 PER
1391 3317 65 19 DAY.
1484 3317 30 19 £2
1531 3319 34 17 10s
1574 3317 56 19 PER
1642 3317 93 20 WEEK.

1005 3368 80 24 Special
1092 3368 125 19 concessions
1225 3369 20 17 to
1252 3366 97 19 Familios
1355 3366 40 19 and
1402 3366 56 24 largo
1467 3366 76 25 parties
1549 3367 86 25 making
1641 3373 12 12 a
1660 3366 125 26 lengthened
1791 3371 51 23 stay.

981 3417 87 20 Visitors
1078 3423 47 18 may
1135 3416 123 24 confidently
1270 3418 60 17 count
1340 3422 53 18 upon
1403 3422 60 18 every
1472 3422 46 12 care
1529 3416 39 19 and
1578 3416 99 19 attention
1687 3418 21 17 to
1717 3417 54 19 their
1778 3418 90 23 comfort,

1282 3441 40 19 and
1332 3441 76 25 civility
1416 3443 52 17 from
1478 3442 34 18 the
1523 3442 54 19 staff.

1084 3468 116 20 First-class
1210 3467 70 19 Table.
1413 3467 127 19 Abundance
1550 3469 21 17 of
1579 3468 59 19 Fruit
1649 3469 21 18 in
1680 3469 82 19 Season.

981 3495 41 18 Tea
1031 3495 41 18 and
1082 3494 68 19 Cuffee
1161 3494 71 19 served
1244 3494 20 18 in
1280 3494 36 18 the
1332 3493 78 25 Dining
1425 3493 50 19 Hall
1494 3494 105 25 mornings
1618 3495 40 19 and
1675 3495 123 19 afternoons.
1835 3496 33 19 No

1351 3522 57 16 extra
1417 3519 82 25 charge.

1113 3573 105 31 THE
1271 3573 90 32 SPA
1362 3556 24 29 7,
1407 3572 242 33 COACHING
1672 3573 63 33 CO,

1159 3614 44 17 Run
1212 3613 82 18 Coaches
1303 3615 20 15 to
1332 3613 32 17 the
1372 3613 98 23 following
1477 3613 64 22 places
1550 3613 20 18 of
1578 3613 87 23 interest:
1667 3624 23 2 —

981 3645 134 26 TokaanU,
1126 3644 117 25 Thursdays
1253 3644 41 20 and
1308 3644 99 25 Sundays.
1434 3644 52 19 Fare
1497 3646 28 18 ss.

985 3671 136 22 Wairakei
1134 3670 121 30 Geysers,
1266 3671 62 24 daily,
1340 3670 92 25 Sundays
1442 3670 101 19 included.
1571 3671 52 19 Fare
1633 3672 21 18 2s
1665 3671 32 19 6d.

982 3702 151 17 ARATEATEA
1141 3703 101 20 RAPIDS,
1252 3702 58 22 daily.
1335 3702 47 17 Fare
1393 3702 19 16 3s
1419 3697 32 22 '6(3.

982 3725 141 18 ROTOKAWA
1139 3726 122 17 SULPHUR
1273 3725 77 17 LAKE.
1374 3724 48 18 Fare
1431 3725 19 17 7s
1459 3724 30 21 6d,
1499 3731 37 16 any
1545 3725 52 18 time.

1891 2686 84 22 Men's
1990 2686 52 22 and
2055 2686 78 30 Boys'
2150 2687 123 30 Clothing

1994 2735 14 10 „
2119 2718 80 24 Boots
2211 2719 22 23 &
2243 2719 79 24 Shoes

1889 2748 136 28 Blankets,
2040 2748 80 30 Rugs,
2133 2749 98 29 Prints,
2247 2750 60 23 Flan-

1943 2780 121 28 nelettes,
2076 2782 48 22 etc.

1891 2812 114 28 Saddles,
2016 2812 110 28 Bridles,
2143 2815 47 21 etc.

2003 2882 103 25 Complete
2117 2884 61 19 Stock
2188 2884 22 19 of

1891 2913 92 30 Fancy
1996 2913 91 27 Goods,
2105 2913 152 32 Stationery
2273 2916 51 22 and

1943 2945 85 23 Books

1891 3008 114 23 Musical
2019 3008 180 24 Instruments

1891 3038 111 29 Fishing
2016 3038 97 24 Tackle

1891 3070 121 23 Window
2019 3070 71 29 glass
2098 3071 22 22 &
2127 3071 80 30 Lamp
2216 3072 107 29 glasses.

1891 3122 93 20 LARGE
2000 3122 59 20 AND
2089 3123 235 20 WELL-ASSORTED

2037 3154 88 20 STOCK
2139 3155 35 19 OF

1906 3185 185 28 BIRTHDAY,
2120 3187 96 22 XMAS
2242 3187 70 24 AND

1944 3217 79 23 NEW
2044 3217 94 24 YEAR
2158 3218 114 24 CARDS.

1931 3269 68 19 Maori
2011 3269 73 20 Curios
2094 3270 21 20 in
2126 3271 63 20 Great
2197 3270 92 26 Variety.

1957 3321 119 20 First-class
2092 3323 88 19 Billiard
2189 3323 70 20 Table.

1892 3369 149 25 Prescriptions
2052 3370 108 25 dispensed
2169 3371 28 24 by
2206 3377 11 13 a
2227 3370 99 21 Qualified

2050 3395 91 20 Chemist
2151 3399 22 16 at

1971 3427 127 32 ROBERT
2115 3428 137 32 WAKE'S.

2028 3480 162 24 ROTORUA.

1007 3808 146 41 JECKLIN
1186 3808 25 40 &
1243 3807 147 46 COTTER,

1057 3885 114 19 FAMIfcY
1187 3884 156 25 BUIOBERS,

1034 3940 81 19 Abawa
1138 3940 92 23 Stbeet,
1253 3939 107 19 ROTOIiXIA.

1009 3990 58 19 Have
1077 3991 21 17 to
1109 3989 65 18 thank
1186 3988 35 20 the
1230 3987 75 20 Public
1321 3987 21 19 of
1352 3987 49 20 Roto-

983 4023 34 13 rua
1033 4015 33 19 for
1076 4018 45 21 past
1130 4015 85 18 favours
1225 4015 38 18 and
1277 4014 36 23 Wr
1324 4016 20 16 to
1362 4016 51 17 state

983 4043 48 24 they
1044 4041 40 19 will
1101 4041 97 19 continue
1217 4043 21 16 to
1254 4040 59 19 merit
1331 4042 82 23 support

983 4069 25 26 by
1019 4067 108 26 providing
1137 4067 36 19 the
1183 4067 44 19 best
1235 4066 79 26 quality
1324 4065 21 20 of
1363 4069 51 17 meat

1053 4116 37 21 AT
1104 4116 117 20 LOWEST
1237 4115 104 20 PRICES.

1566 3862 172 23 FRUITERER.

1462 3902 58 20 Next
1529 3902 101 20 Saddler's
1644 3903 55 25 shop,
1710 3904 133 22 Ohinemutu.

1440 3934 42 18 Has
1493 3933 75 26 always
1583 3941 12 11 a
1610 3934 51 25 gocd
1675 3937 73 23 supply
1765 3938 22 18 of
1807 3938 61 20 Fresh

1511 3960 66 24 Fruit,
1588 3960 49 20 both
1651 3960 50 20 local
1710 3963 38 18 and
1760 3963 23 19 im-

1563 3986 71 25 ported
1645 3993 25 12 on
1681 3987 59 20 hand.

1606 4011 89 26 Also,

1562 4038 18 19 A
1600 4038 43 19 well
1654 4042 90 17 assorted

1491 4064 57 19 stock
1558 4064 22 19 of
1591 4063 86 25 Biscuit,
1689 4065 118 21 Confection-

1436 4095 36 19 ery
1482 4089 40 20 and
1532 4091 92 18 Summer
1637 4090 76 21 Drinks
1725 4094 23 18 at
1763 4093 107 21 Moderate

1613 4116 76 21 Prices.

1893 3558 428 89 Langham.

1915 3654 49 23 (One
1971 3655 87 18 minute's
2066 3657 51 17 walk
2126 3657 49 17 from
2181 3657 33 17 the
2221 3657 72 17 Govern-

2044 3681 52 16 ment
2104 3679 76 23 Baths.)

2012 3736 190 23 TGRMS:

1919 3770 45 23 35s
1972 3777 46 23 per
2035 3771 90 28 week;
2144 3772 30 23 6s
2188 3779 47 22 per
2243 3772 57 30 day.

1920 3801 61 23 Two
1992 3801 90 23 weeks
2091 3808 28 16 or
2129 3802 100 29 longer,
2246 3802 54 23 30s.

1927 3850 29 30 C.
1988 3838 306 50 HAWKER~WILSON,

2018 3892 187 21 PROPRIETOR.

1920 3937 175 24 WYNYARD
2110 3939 191 29 &PURCHAS,

1954 3971 130 20 Barristers
2091 3978 43 14 and
2145 3973 124 25 Solicitors,

1893 4009 80 19 B.N.Z.
1982 4010 119 24 Chambers,
2110 4011 70 21 Queen
2185 4013 28 23 St,
2221 4012 107 20 Auckland

1911 4102 7 10 '
1929 4102 8 10 »
1984 4103 53 18 gage
2047 4098 22 18 of
2084 4098 100 19 Freehold
2200 4099 40 19 and
2255 4099 60 20 Lease-

1892 4121 49 19 hold
1952 4126 95 21 property
2057 4125 22 17 at
2089 4128 81 15 current
2178 4127 62 17 rates.

968 4210 103 41 Ask
1097 4209 71 39 for
1194 4207 267 40 Hancock's
1491 4208 274 42 Celebrated
1819 4211 189 41 XXXX
2035 4214 113 41 Ales
2176 4218 95 37 and
2296 4218 151 38 Stout.

2848 245 136 32 ggg^'.

2382 294 272 66 Nonee
2687 297 509 69 totourists.

2381 381 64 25 The
2465 382 215 32 undersigned
2700 391 53 19 are
2770 391 75 19 now
2859 388 138 32 running
3012 391 141 32 Buggies
3168 390 63 26 and

2349 413 141 26 Coaches
2511 416 33 24 to
2564 415 53 25 the
2630 416 164 32 following
2807 419 106 30 places
2926 420 33 25 of
2972 422 133 26 interest
3124 424 34 24 in
3177 423 54 25 the

2347 446 242 31 neighborhood
2605 449 33 24 at
2655 450 128 32 greatly
2808 451 135 27 reduced
2966 456 91 24 rates.
3106 456 125 29 Special

2348 479 183 25 reductions
2540 479 49 26 for
2601 480 89 32 large
2698 483 127 30 parties.

2347 518 328 25 WHAKAEEWAEBWA;
2712 522 164 21 WAIRAKEI
2897 525 20 18 &
2937 526 100 20 TAUPO
3046 518 4 29 •
3074 529 144 18 TIKITERE
3226 534 5 5 ■

2488 543 143 18 TIKITERE
2796 546 108 24 FALLS;
2918 548 165 22 WAIOTAPU

2361 588 94 26 Special
2465 591 169 25 Conveyances
2646 591 46 19 and
2702 593 87 19 Saddle
2801 594 82 22 Horses
2893 598 23 17 to
2927 597 27 19 all
2965 601 59 22 parts
3041 600 21 17 of
3076 599 37 20 the
3131 598 85 21 district

2671 621 24 16 at
2707 619 115 22 Moderate
2833 621 76 23 Rates.

2375 685 9 5 „
2395 662 48 18 Bus
2448 663 79 19 leaves
2534 664 64 18 Lake
2605 665 84 22 House,
2698 666 84 24 calling
2789 669 25 16 at
2820 668 30 18 all
2857 670 82 19 Hotels
2944 671 45 18 and
2995 671 115 23 Boarding
3116 674 93 17 Houses

2372 688 36 15 lor
2420 688 221 22 Wnakarewarewa,
2652 689 67 18 twice
2729 689 116 24 forenoon,
2855 693 68 18 twice
2931 694 120 19 afternoon

2537 719 47 45 J.
2618 720 308 49 FALLOONA
2947 726 44 45 &
3015 727 97 54 Co.,

2845 788 323 57 Proprietors.

2362 847 131 26 BOOKING
2509 849 105 25 OFFICE
2625 850 60 25 AND
2698 851 133 27 STABLES
2846 853 141 27 OPPOSITE
2999 856 100 26 GRAND
3115 858 104 24 HOTEL.

2564 894 447 75 NOTICE.

2354 1023 26 14 rs
2570 1030 19 20 a
2602 1025 150 26 Tourist's
2764 1027 209 32 Forwarding
2989 1029 106 30 Agent
3111 1031 49 25 for
3177 1031 54 26 the

2386 1052 6 20 1
2439 1056 63 32 Spa
2517 1057 96 26 Hotel
2626 1058 132 32 (Taupo)
2774 1060 162 32 Coaching
2947 1062 187 33 Company's

2439 1098 122 30 'fMTJi
2618 1100 28 28 l?
2661 1100 67 28 T7T\
2735 1100 140 28 Tiffin
2921 1103 307 25 nvAnnoiAu

2493 1155 76 45 for
2591 1152 80 58 tfye
2695 1165 192 47 present
2912 1171 176 35 season.

2348 1233 218 48 Rotorua
2587 1239 52 42 to
2661 1237 163 56 Taupo
2847 1239 97 45 and
2979 1240 254 47 Wairakei

2608 1293 97 45 and
2724 1294 247 47 Tokaanu.

2497 1358 129 26 PRICE
2646 1359 293 27 THROUGHOUT
2958 1360 57 26 27s
3034 1361 49 26 6d.

2346 1398 159 57 Apply
2551 1402 51 51 J.
2653 1402 401 65 JOSHUA,

2665 1475 250 35 TRUPO.

2347 1535 242 46 KUSABS
2623 1536 153 46 BROS

2454 1602 218 32 MAMAKU

2344 1640 74 40 SAW
2434 1640 25 40 &
2486 1640 152 41 PLMNG
2660 1640 116 41 MILLS.

2347 1710 270 23 MOUNTHIN
2641 1711 136 25 RI7V^V7,

2505 1755 42 12 THE
2560 1754 53 14 ONLY

2346 1787 135 20 GENUINE
2495 1788 60 19 DEY
2571 1788 78 19 LAND
2667 1788 112 19 TIMBER

2450 1823 30 17 IX
2493 1823 52 16 THE
2559 1823 113 17 MARKET.

2861 1538 39 40 W.
2928 1538 30 40 A.
2989 1538 185 42 WILLIAMS'

2805 1610 217 24 PIONEER
3067 1613 167 29 STORE,

2881 1648 100 25 Opposite
2996 1649 73 19 Pa'aeo
3086 1650 67 20 Hotel.

2802 1699 137 25 GROCERY,

2843 1731 136 19 OILMEN'S
2994 1731 110 26 STORFS,

2882 1762 218 23 IRONMONGERY,

2934 1792 155 20 CROCKERY
3093 1793 92 23 WARE,

2987 1827 143 25 DRAPERY,
3147 1830 85 22 &c,&c;

2831 1862 13 13 a
2864 1857 146 20 well-assorted
3028 1858 57 20 stock
3104 1860 19 18 in
3141 1860 26 18 all
3184 1859 50 21 lines

2345 1868 45 25 IXI
2398 1869 76 17 ESSES
2493 1869 100 17 KUSABS
2610 1868 70 19 BEOS,
2695 1869 37 24 beg
2749 1866 42 27 re-I
2864 1866 68 11 «™-ü
2933 1866 19 11 ßß
2953 1866 57 11 oriea
3028 1866 57 13 smck
3104 1866 19 12 in

2346 1886 50 25 IVL
2421 1891 103 23 spectrally
2528 1893 21 17 to
2558 1893 68 16 inform
2636 1892 31 18 the
2680 1893 67 17 Public
2759 1893 21 17 of
2789 1891 31 18 I°'
2834 1886 34 17 the
2876 1886 62 17 above
2949 1887 20 16 al
2979 1886 69 19 lowest
3060 1891 64 18 prices

2347 1916 78 15 Kotorua
2433 1915 34 16 uiid
2476 1915 75 20 vicinity
2559 1915 39 16 that
2606 1915 40 21 they
2661 1915 44 16 have
2720 1918 48 13 estab-

2345 1936 55 16 lished
2410 1942 9 10 u
2429 1937 43 20 j'aril
2481 1936 17 16 in
2512 1936 43 16 lliu<
2561 1939 77 16 inoa-st.,
2646 1937 33 16 and
2695 1942 31 10 uin
2740 1942 38 10 now

2345 1960 63 18 supply
2417 1959 29 14 the
2455 1958 50 15 finest
2514 1958 43 15 class
2571 1958 18 15 of
2604 1957 82 22 Building
2698 1958 79 15 Material

2345 1979 17 15 in
2371 1979 30 16 the
2410 1979 74 16 Market.
2502 1980 16 14 It
2527 1980 14 14 is
2549 1978 100 22 unequalled
2658 1980 17 14 in
2685 1979 92 22 durability

2345 2001 33 15 and
2389 2001 106 20 impervious
2503 2002 18 14 to
2531 2001 27 15 the
2567 2001 67 14 attacks
2650 2001 17 15 of
2681 2001 49 15 borer
2744 2001 34 15 and

2345 2021 31 21 dry
2388 2025 33 14 rot.
2444 2021 55 16 Their
2507 2021 83 16 sawmills
2598 2026 29 11 are
2634 2021 50 17 fitted
2693 2021 41 16 with
2750 2022 28 15 the

2345 2045 44 13 most
2398 2043 71 16 modern
2479 2042 99 21 appliances
2588 2042 33 17 and
2631 2042 28 17 the
2667 2042 38 17 firm
2718 2044 15 14 is
2744 2043 37 15 able

2344 2066 18 14 to
2378 2064 64 21 bupply
2459 2070 34 14 any
2509 2064 82 21 quantity
2607 2064 18 15 of
2640 2064 38 21 Dry
2697 2063 82 22 Building

2344 2085 83 16 Material
2436 2091 21 10 on
2467 2086 30 15 the
2505 2086 37 15 shot
2547 2087 33 14 test
2588 2086 62 15 notice.

2346 2128 142 29 Skirtings,
2497 2128 179 27 Architraves,
2682 2128 82 24 Mould-

2382 2159 69 29 ings,
2464 2159 52 22 and
2526 2159 112 22 Dressed
2647 2159 102 22 Timber

2413 2190 27 23 of
2450 2197 80 22 every
2545 2189 165 29 description,
2712 2189 15 27 Z

2438 2220 110 29 Always
2559 2227 32 15 on
2601 2220 84 22 Hand.

2371 2255 121 22 HENATT
2503 2254 108 23 HOUSE
2621 2254 128 23 BLOCKS.

2365 2301 50 17 Piiee
2425 2303 46 15 Lists
2480 2308 21 9 on
2511 2301 103 22 application
2624 2306 18 11 to

2344 2333 226 33 KUSABS
2606 2332 170 37 BEOS,,

2419 2375 119 18 MAMAEXT
2551 2380 24 12 oh
2589 2375 112 17 OHAUPO.

2473 2404 27 18 Or
2508 2404 20 17 at
2537 2403 31 18 the
2581 2403 67 20 Yards,

2367 2432 126 17 HINEMOA
2505 2431 102 20 STEEET,
2627 2430 126 18 EOTOEUA.

2346 2504 32 18 TO
2394 2504 59 18 THE
2467 2503 106 20 PUBLIC
2587 2503 35 19 OF
2639 2503 137 19 HOTORUA.

2347 2555 93 44 IBEG
2453 2558 19 17 to
2483 2556 65 19 thank
2558 2556 34 19 the
2605 2555 73 19 Public
2688 2555 21 19 of
2716 2554 50 20 Roto-

2399 2589 40 12 rua
2458 2583 33 18 for
2505 2582 53 19 their
2565 2582 81 18 favours
2658 2582 75 24 (luring
2744 2581 34 18 the

2346 2611 45 22 past
2401 2609 70 18 fifteen
2482 2615 64 18 years,
2559 2608 40 18 and
2613 2610 20 16 to
2649 2608 65 24 notify
2734 2607 45 18 that

2346 2636 31 17 for
2387 2635 35 18 tho
2434 2635 132 19 convenience
2577 2634 21 18 of
2607 2634 98 18 residents
2715 2634 20 18 in
2744 2632 33 20 the

2346 2662 50 18 New
2408 2660 116 25 Township,
2537 2660 40 19 and
2587 2666 31 18 my
2632 2660 58 18 trade
2707 2666 60 18 gener-

2346 2687 47 25 ally,
2404 2687 11 18 I
2427 2687 52 18 have
2489 2686 53 19 built

2347 2757 65 19 which
2424 2764 34 12 aio
2468 2764 44 12 now
2525 2763 50 19 open
2584 2757 32 18 for
2625 2756 100 24 business,
2741 2756 39 19 and

2346 2784 11 19 I
2368 2790 33 13 am
2420 2783 99 26 prepared
2542 2787 21 15 to
2575 2782 73 27 supply

2488 2818 71 19 Prime
2579 2816 61 21 Meat

2347 2856 21 19 iu
2379 2856 51 19 both
2440 2856 51 19 New
2504 2855 40 19 and
2555 2855 38 19 Old
2602 2855 125 24 Townships.

2380 2923 44 22 An
2436 2922 153 30 Inspection
2603 2921 23 23 is
2641 2921 106 23 invited.

2558 2961 101 19 HENRY
2673 2961 81 19 KIRK.

2394 3025 30 41 A,
2452 3025 73 41 AND
2549 3024 31 42 G.
2607 3024 126 46 BROOK,

2348 3077 84 23 BOOT
2444 3076 72 23 AND
2532 3075 81 24 SHOE
2634 3075 146 28 MAKERS,

2407 3109 89 21 Fbntost
2511 3110 88 21 Stbeet,
2623 3109 54 17 Koto
2681 3114 26 13 kit
2710 3115 18 12 a.

2876 1980 50 19 New
2937 1980 49 19 Laid
2997 1981 60 23 Esgp,
3068 1981 43 24 &c.,
3123 1982 34 19 &e.

2824 2033 123 26 Government
2965 2032 102 26 Insurance
3086 2033 127 30 Department.

2824 2101 80 14 Growth
2913 2101 22 13 of
2942 2100 92 14 Business
3039 2104 21 10 :

2848 2123 40 13 Sum
2897 2122 73 16 Assured,
2981 2122 42 14 1875
3041 2129 7 4 -
3074 2121 142 20 £1,837,000

2982 2142 43 14 1885
3043 2149 6 4 -
3067 2142 149 19 £6,466,000

2873 2171 5 9 ,
2925 2171 8 7 „
2982 2162 43 14 1895
3043 2169 7 4 -
3068 2162 148 19 £9,250,000

2961 2195 15 14 J.
2986 2194 19 14 H.
3013 2194 137 15 KICHAKDSON,

2803 2267 216 47 Rotorua
3037 2269 197 57 Bakery

2816 2467 103 33 BAKER
2930 2468 26 31 &
2966 2468 254 33 CONFECTIONER.

2856 2547 83 22 Bread
2952 2547 134 24 delivered
3101 2549 78 29 daily.

2855 2613 165 26 GROCERIES,

2996 2651 146 21 DRAPERY.

2803 2717 123 18 GEXEBAL
2932 2717 205 19 STOREKEEPER'S
3144 2719 90 17 GOODS.

2804 2830 107 19 SADDLE,
2926 2829 122 22 HARNESS)
3063 2830 53 17 AND
3134 2830 100 18 COLLAE

2971 2865 99 23 MAKER,

2847 2898 179 22 FENTON-ST.,
3041 2898 151 20 ROTORUA.

2805 2930 40 20 Has
2853 2931 39 21 just
2901 2930 71 22 opened
2978 2935 10 12 a
2994 2931 68 17 Choice
3068 2931 119 18 Assortment
3193 2931 19 18 of

2805 2961 143 22 SADDLES,
2956 2961 136 22 BRIDLES,
3097 2962 139 19 COLLARS

2829 2984 118 22 CHAINS,
2953 2984 70 22 BITS,
3029 2985 103 22 SPURS,
3140 2985 55 19 HAR-

2905 3008 75 19 NESS
2994 3008 83 22 SOAP,
3093 3008 40 19 &c.

2393 3052 31 14 ili
2453 3052 68 13 nnu
2551 3052 29 13 u.
2607 3052 126 18 ahivuaij
2829 3054 71 18 Collars
2907 3053 55 19 made
2974 3054 21 18 to
3008 3060 85 12 measure
3106 3060 26 13 on
3146 3055 89 23 the.pre-

2348 3078 83 23 BOOT
2445 3077 71 23 AND
2532 3076 81 24 SHOE
2634 3076 146 27 MAKERS,
2805 3077 54 19 mises
2868 3083 11 12 a
2888 3077 101 23 speciality.

2407 3109 89 21 Fentost
2511 3110 88 21 Stbeet,
2623 3109 105 18 Kotohua.
2806 3124 11 2 _
2827 3100 124 23 lengthened
2959 3105 108 18 experience
3075 3100 20 18 in
3104 3102 26 16 all
3139 3102 67 17 classes
3217 3102 20 17 of

2805 3125 78 17 Saddler
2891 3130 8 11 s
2907 3125 56 15 work.
2989 3125 31 15 All
3029 3125 63 15 orders
3100 3125 98 22 promptly
3206 3126 30 16 at-

2349 3142 45 19 At:d
2417 3144 34 20 at.
2469 3141 83 20 Parnell
2575 3141 39 18 and
2644 3141 136 18 Newinatket.
2804 3147 69 17 tended
2885 3149 26 15 to.

2374 3195 67 24 Large
2451 3194 40 19 and
2502 3193 67 19 varied
2586 3191 60 22 Stock
2658 3192 22 19 of
2690 3192 90 24 English,

2349 3222 87 23 Foreign
2449 3220 39 19 and
2500 3219 91 20 Colonial
2602 3218 60 20 Boots
2674 3219 37 18 and
2719 3218 62 19 Shoes

2411 3248 21 17 to
2444 3246 72 19 choose
2528 3247 49 18 from
2589 3247 22 17 at
2622 3245 33 18 the
2667 3246 51 18 most

2385 3288 216 23 htAdUItADLC
2622 3288 126 20 rmu:c.

2417 3320 96 20 GREAT
2526 3318 192 20 REDUCTIONS.

2377 3351 95 26 Clearing
2491 3353 37 16 out
2548 3349 60 20 Stock
2627 3349 32 20 for
2683 3348 74 26 Spring

2505 3377 122 24 Shipments.

2351 3410 34 19 All
2401 3410 70 19 orders
2488 3408 38 20 and
2544 3408 74 26 repairs
2636 3406 146 26 expeditiously

2515 3434 102 19 executed.

2459 3488 214 61 BELL,

2457 3617 104 18 FENTON
2578 3616 101 20 STEEET,

2445 3651 100 17 OrrosrrE
2594 3648 78 19 Gband.

2375 3680 68 18 Sashes
2451 3679 55 18 mude
2514 3681 21 16 to
2544 3678 59 19 order.

3024 3236 34 41 M.
3095 3236 118 47 SIMON,

3001 3289 61 24 (Late
3069 3288 22 20 of
3099 3288 138 25 Melbourne.)

3010 3338 115 17 Practical
3145 3338 81 17 Tailok.

3000 3410 105 23 Clothes
3118 3411 75 21 made
3211 3411 27 22 to

3026 3436 74 22 order
3118 3443 34 16 on
3166 3436 46 22 the

3052 3462 135 22 shortest

3071 3488 95 23 notice.

3012 3584 55 24 Style
3077 3583 40 20 and
3128 3584 35 19 Fit
3173 3585 35 17 not
3218 3585 20 17 to

3001 3611 23 18 be
3034 3610 96 26 equalled
3146 3610 19 19 ia
3182 3611 54 18 town

2935 3646 44 21 Bf
2999 3646 112 19 Address:
3128 3645 110 20 ArawaSt.

2935 3673 23 17 S?
3071 3672 101 20 Rotorua.

2446 3739 28 40 F.
2519 3737 171 47 GOODSON3

2495 3794 149 33 ROTORUA

2352 3841 83 32 COAL
2452 3841 27 31 &
2499 3838 167 33 FIREWOOD
2686 3838 6 31 ]

2808 3762 135 23 BARBER
2958 3763 21 22 &
2994 3762 241 23 HAIRDRESSER-

2518 3919 102 18 Botobua.
2886 3925 109 19 removed
3009 3926 25 18 to
3050 3922 38 22 his'
3100 3923 73 20 NEW
3189 3922 45 18 SA*

2374 3967 64 17 Goods
2447 3965 95 19 delivered
2611 3964 68 17 arrival
2693 3965 21 16 of
2725 3965 60 17 trains
2831 3957 82 18 LOON
2921 3957 177 22 Penton-street,
3107 3954 103 25 opposite

2350 3991 20 16 to
2379 3990 27 16 all
2413 3990 53 22 parts
2475 3989 20 17 of
2504 3989 32 17 the
2545 3989 51 16 town
2605 3987 45 17 with
2658 3989 125 21 promptness.

2351 4022 61 22 Large
2422 4020 57 18 Stock
2493 4021 19 17 of
2529 4020 46 17 Coal
2591 4020 36 16 and
2644 4019 97 17 Firewood
2756 4019 18 17 al-

2420 4050 52 16 ways
2482 4049 23 11 on
2514 4043 52 17 hand
2575 4042 38 17 and
2621 4042 94 17 delivered

2491 4067 20 16 at
2519 4066 33 17 the
2564 4066 81 17 shortest

2533 4089 68 18 notice.

2932 3986 65 22 Kirk,
3010 3986 104 19 butcher.

2879 4058 56 13 iTiNo
2948 4051 81 20 Razors
3041 4057 13 13 a
3068 4051 119 19 Specialty.

2533 4091 61 15 notlct!
2597 4091 4 32 -
2795 4091 1 32 I
2831 4100 107 19 Choicest
2951 4100 88 18 Brands
3053 4099 84 23 Cigars,
3151 4096 83 19 Tobac-

2372 4127 68 18 EATA
2445 4130 43 15 AND
2493 4126 56 18 TAW
2550 4126 16 18 A
2573 4130 26 13 at
2603 4130 80 13 lov.-est
2692 4129 67 13 rates.
2806 4128 46 18 cos,
2863 4123 39 19 &c.
