3266 4211
2774 117 15 18 A
2798 116 94 19 NOVEL
2904 115 137 20 RAILWAY
3062 115 126 20 FATALITY

2797 169 18 19 A
2825 169 79 19 carious
2914 169 65 19 action
2990 169 36 18 has
3043 168 52 19 been
3112 168 51 18 tried
3180 170 17 19 in

2772 196 97 18 America.
2898 195 18 18 A
2926 195 53 18 child
2991 202 39 11 was
3041 195 84 24 playing
3134 194 26 24 by
3170 200 28 14 tin;

2772 222 43 18 side
2823 221 22 19 of
2857 228 12 11 a
2879 220 61 20 railro
2947 221 26 18 id.
3001 221 32 18 An
3049 226 83 19 express
3149 226 49 14 came

2773 249 51 23 past,
2843 247 83 18 whirled
2951 247 15 18 it
2994 254 26 11 on
3039 246 35 19 this
3091 246 56 23 lines,
3165 248 33 18 and

2774 273 62 19 killed
2846 273 26 25 it;
2885 273 120 25 whereupon
3015 273 34 18 the
3059 274 81 23 parents
3157 273 42 19 sued

2774 301 35 17 the
2819 299 82 24 railway
2911 306 97 17 company
3018 299 32 18 for
3065 299 100 23 damages,
3179 306 21 12 on

2775 325 35 19 the
2819 325 80 24 ground
2906 325 45 18 that
2959 325 35 18 the
3013 325 53 18 train
3084 323 77 19 carried
3179 332 21 12 ;in

2776 351 116 19 unmuzzled
2910 351 30 18 air
2956 357 87 12 vacuum
3062 351 21 18 in
3101 350 26 19 its
3144 350 55 21 wake,

2776 377 65 19 which
2856 376 64 26 ought
2936 378 20 17 to
2975 376 26 19 be
3019 375 117 20 controlled.
3163 376 37 20 The

2776 409 98 19 company
2900 402 72 20 denied
2997 403 36 18 the
3059 408 92 17 vacuum,
3168 403 33 20 and

2777 429 105 19 Professor
2904 428 82 19 Francis
3015 428 24 19 E.
3057 428 80 24 Nipher
3170 435 32 14 was

2777 455 109 25 appointed
2904 461 22 12 as
2946 459 69 21 expert
3042 458 21 15 to
3088 453 68 20 decide
3173 454 28 20 the

2777 482 100 24 question.
2906 480 32 19 He
2953 480 58 19 made
3029 480 135 24 experiments
3181 487 20 13 on

2778 508 34 18 the
2820 507 114 25 company's
2949 507 56 21 )ine3,
3024 506 42 19 and
3083 505 64 20 found
3165 506 37 20 that

2780 533 58 18 while
2847 533 16 18 it
2873 539 40 12 was
2931 534 44 18 true
2991 532 46 19 that
3051 532 58 19 there
3127 537 40 14 was
3184 539 19 13 no

2779 565 91 17 vacuum,
2891 562 35 21 yet
2942 559 56 18 there
3018 565 41 12 was
3077 558 76 18 violent
3170 558 24 19 dis-

2780 585 110 25 placement
2901 585 21 18 of
2929 584 33 19 the
2972 584 66 25 layers
3048 584 21 18 of
3087 584 31 18 air
3132 588 70 15 nearest

2779 611 35 19 tho
2840 611 64 24 Hying
2920 610 59 23 train,
2999 610 67 20 which
3091 609 95 26 imparted
3195 619 8 11 a

2780 640 67 21 rotary
2857 637 75 19 motion
2942 639 19 17 to
2972 636 27 19 all
3008 636 70 20 bodies
3088 635 49 19 with
3148 635 56 21 which

2781 663 46 24 they
2837 670 55 12 came
2908 663 20 18 in
2946 664 84 18 contact.
3058 662 43 18 Tho
3115 668 89 19 company

2782 695 44 18 tias,
2838 689 106 22 therefore,
2956 688 46 19 held
3010 690 20 18 to
3040 690 84 17 account
3139 688 31 18 for
3179 694 26 14 not

2781 715 93 26 properly
2883 715 120 24 controlling
3016 715 35 18 the
3068 715 65 24 layers
3143 713 21 19 of
3173 715 30 18 air.

1189 64 57 22 The
1260 67 59 19 hot
1335 66 91 19 lakes
1442 62 173 24 chronicle,
1634 62 190 24 Wednesday,
1848 62 138 22 January
2001 64 19 19 8.
2034 62 49 21 ism;

2798 4056 3 96 I
2808 4064 70 17 Printed
2890 4064 33 16 and
2935 4063 91 22 published
3045 4056 36 96 for'
3090 4063 29 15 the
3135 4061 93 21 proprietor.
3246 4060 14 13 K

2829 4089 18 13 at
2862 4086 26 16 his
2909 4085 94 20 registered
3009 4084 81 21 printing
3095 4084 49 15 office
3158 4083 70 15 RotorM
3246 4081 14 12 B

2829 4108 22 19 by
2859 4108 59 16 I'kkcy
2928 4107 58 16 James
2996 4106 102 18 Hajijlond,
3111 4105 19 15 of
3137 4104 75 16 Rotorua

2829 4132 161 20 WEDNESDAY,
2998 4129 117 19 JANUAUY
3124 4133 15 18 b,
3150 4129 46 21 1896,

257 155 99 33 Al/
381 155 41 33 t-
494 140 153 48 UOI
683 138 127 38 ICC

189 172 246 46 LMI\tL
493 176 74 35 rr

162 250 71 46 By
242 251 22 34 d
270 261 15 24 i
294 247 175 47 opatliic
490 240 143 41 Hotel,
650 240 206 35 Hotorua.

352 296 219 32 Established
591 295 85 26 1881.

68 345 73 20 Under
154 345 34 20 the
206 346 111 25 patronage
334 341 20 19 of
372 338 74 21 SirW.
464 336 84 23 Jervoi*.
564 334 50 20 Earl
631 334 38 20 and
686 334 98 19 Countess
798 330 152 26 ofHopetown,

240 370 33 20 the
284 368 53 20 Hon.
352 364 89 22 Prender
451 363 40 19 and
504 360 103 22 Members
621 360 21 20 of
652 360 129 19 Parliament.

122 424 42 20 The
175 423 60 19 Hotel
247 421 16 19 is
273 418 85 21 situated
368 424 24 12 on
403 423 25 13 an
439 414 89 22 elevated
540 414 86 26 position
636 419 25 13 on
671 411 33 21 the
715 411 67 19 shores
793 409 20 20 of
826 408 112 20 LaheEoto-

69 458 43 16 rua,
123 449 119 20 convenient
255 451 20 14 to
286 446 27 19 all
322 444 34 19 the
366 443 63 25 sights
440 442 19 19 in
471 442 34 19 the
515 440 83 20 district.

732 472 21 19 of
762 471 35 18 tho
807 469 69 20 Hotel.

69 540 35 10 /v*.
118 536 17 12 v
148 534 94 20 b.Mrs
252 532 87 21 Graham
351 530 37 20 will
398 529 42 21 also
450 528 93 21 continue
553 530 6 16 i
568 528 4 26 -

87 566 172 29 GEYSEB
276 562 143 29 HOUSE
439 555 316 33 HYDROPATHIC
774 552 154 31 HOTEL,

376 597 164 26 WAIKA
558 597 19 22 K
597 595 19 24 E
634 595 16 22 I.

68 638 65 21 which
151 637 37 19 has
203 637 81 19 become
304 640 10 14 a
324 632 85 27 popular
428 632 38 19 and
485 629 99 21 favourite
603 628 63 19 resort
682 626 92 24 amongst
791 623 105 21 travellers
913 622 38 19 and

211 715 19 21 A
240 713 103 22 reduction
353 713 16 20 is
379 712 57 20 made
448 713 19 18 to
481 709 77 25 weekly
567 714 23 14 or
605 705 91 25 monthly
705 704 102 20 boarders.

81 749 66 20 Guide
156 747 69 20 Books
235 746 40 20 and
284 746 92 19 informal
381 745 32 18 ion
431 742 63 27 gratis
504 743 18 17 at
535 740 53 20 Cool*
605 738 39 19 and
655 736 55 21 Sons'
725 736 47 26 (solo
784 734 80 26 agents)
876 733 65 21 offices

376 769 121 26 thioughoul
512 766 32 20 the
562 765 75 24 Colony

70 828 103 39 MRS
203 828 41 37 R.
264 822 207 45 GRAHAM,
523 841 16 6 ~
581 839 15 7 -
636 838 16 6 -
702 816 250 45 Proprietress.

72 929 460 80 ATIAMURI
602 922 348 78 HOTEL,

306 1029 31 21 On
349 1028 33 20 tlio
393 1027 36 19 bat
433 1026 23 20 In
468 1025 19 19 of
498 1025 34 19 the
545 1021 93 22 Waikato
650 1020 66 20 River.

95 1080 120 23 Patronised
233 1079 28 25 by
275 1077 34 20 the
323 1075 46 21 Earl
389 1073 39 21 and
438 1072 98 22 Countess
555 1070 21 20 of
585 1069 88 23 Onslow,
687 1067 99 20 Countess
800 1066 21 19 of
831 1064 96 25 Glasgow

254 1105 37 19 and
308 1102 61 21 Suite.
398 1101 31 18 Sir
438 1100 89 19 Thomas
542 1098 37 18 and
591 1096 57 24 Lady
662 1093 133 20 Mcllwraith.

102 1194 109 24 Situated
226 1191 99 30 halfway
336 1189 107 24 between
457 1187 115 25 Rotorua,
586 1182 87 31 Taupo
685 1180 46 24 and
746 1176 125 27 Lichfield.
941 1172 14 16 *

70 1227 102 30 starting
197 1226 65 31 place
283 1224 35 24 for
337 1222 39 24 the
386 1218 179 28 Aniwhaniwha
592 1214 72 28 Falls,
684 1214 39 23 the
748 1211 159 25 Orakei-Kor

71 1262 42 25 red
125 1260 49 25 and
186 1258 72 26 white
269 1257 126 25 Terraces,
409 1254 113 30 Geysers,
545 1250 72 25 Alum
640 1250 88 23 Caves,
748 1244 53 38 &c,
815 1249 25 19 to
852 1241 103 30 yfad

71 1304 51 15 new
141 1293 47 24 and
209 1299 54 24 easy
290 1290 63 23 track
370 1288 18 24 is
408 1295 50 15 now
483 1282 145 33 completed.
666 1280 115 23 Distance
801 1275 153 25 nine.mil,

70 1329 53 23 four
133 1327 25 23 of
171 1319 135 31 which'can
327 1322 29 24 be
376 1321 84 22 driven
483 1326 59 15 over
564 1316 13 24 if
599 1313 102 25 desired.
746 1311 51 25 Hot
818 1309 70 26 baths
908 1308 46 24 and

69 1361 53 25 falls
141 1359 80 24 within
239 1365 27 16 10
280 1356 101 24 minutes
395 1354 75 22 drive.

137 1444 73 24 Good
224 1447 64 19 trout
301 1439 85 33 fishing
398 1438 47 24 and
464 1435 113 33 shooting
591 1433 21 25 in
627 1432 39 25 the
679 1428 207 35 neighbourhood.

71 1518 75 22 Guides
155 1516 40 22 and
203 1514 73 22 Saddle
284 1512 75 22 Horses
367 1508 98 30 supplied.
479 1508 49 21 Post
537 1506 39 22 and
585 1503 114 27 Telegraph
707 1502 59 22 Office
774 1508 24 13 on
805 1500 34 21 the
849 1498 103 30 premises.

162 1569 40 22 For
211 1568 79 21 further
300 1564 126 21 information
443 1562 61 27 apply
518 1561 75 20 Messrs
603 1557 55 21 Cook
669 1556 39 20 and
718 1555 46 26 Son,
776 1554 84 27 Agents.

365 1682 287 37 PROPRIETOR.

147 1804 145 57 Pure
345 1794 255 63 Jlepated
639 1792 238 63 Waters.

217 1933 42 18 Duo
275 1930 20 20 of
311 1929 33 21 tho
353 1928 115 21 necessities
484 1926 21 20 of
513 1925 36 20 tho
558 1923 81 26 coming
648 1921 73 21 Season
735 1920 37 18 will
785 1920 23 17 be

95 1986 6 25 L
126 1982 127 28 COOL
277 1978 104 29 AND
406 1970 350 33 REFRESHING
787 1965 170 29 DRINK

98 2023 138 24 tJntinclurcd
248 2024 24 24 by
283 2029 37 14 any
337 2019 126 22 Deleterious
475 2018 79 20 Cbomic
562 2015 11 21 i'
582 2013 95 27 .Compou
687 2013 24 19 id.
752 2011 15 20 A
781 2010 59 19 drink
852 2012 20 17 at
882 2014 49 15 once

229 2054 244 32 Exhilarating
492 2052 70 27 and
579 2046 216 32 Refreshing,

75 2103 39 20 and
122 2100 68 23 which
193 2099 47 22 -mil
249 2104 62 28 proyo
321 2097 136 26 a-proventive
466 2095 21 19 of
506 2091 108 28 Dyspepsia
635 2090 38 20 unci
692 2090 24 18 all
740 2086 86 21 Cutcmal
850 2084 108 21 Disorder,.

102 2153 85 22 Crated
196 2152 82 21 Waters
288 2150 41 20 and
336 2149 38 20 Cor
464 2146 103 26 .uprising
577 2144 35 20 the
621 2143 73 20 Purest
711 2139 120 25 Lemonade,
852 2138 35 20 tho
909 2137 49 19 Most

75 2180 102 22 Delicious
186 2179 76 25 Ginger
275 2177 41 24 Ale,
332 2173 158 28 Uigly-charged
503 2172 52 20 Soda
569 2171 75 22 Water,

103 2309 21 10 11
337 2311 152 22 manufactured
505 2317 25 13 on
545 2309 34 20 the
595 2313 101 22 preimsos.

148 2443 65 76 C.
268 2441 62 76 A.

548 2437 174 74 RKE
798 2433 86 75 Jr.

110 2583 371 56 SEDDON'S
523 2578 199 53 LAKE
754 2573 210 52 VIEW

196 2649 138 27 Overlooking
342 2649 35 20 the
392 2649 33 24 Pa,
441 2648 80 26 Boiling
530 2646 84 28 Springs
631 2645 39 19 and
685 2643 92 21 Rotorua
784 2641 65 20 Lake.

161 2743 142 30 TERMS
320 2751 40 19 :
363 2742 62 26 3os
438 2749 61 25 per
513 2738 106 32 week,
634 2744 39 21 or
692 2736 37 27 5s
742 2740 62 28 per
818 2733 74 33 day.

85 2799 133 35 Special
240 2796 269 35 Arrangements
534 2795 52 26 for
609 2800 21 20 a
650 2788 209 36 lengthened
885 2788 63 27 resi-

345 2824 103 34 dence
469 2829 68 27 and
556 2825 152 29 iamilies.

347 2899 115 20 CnSINK
505 2898 8 17 \
536 2895 53 21 SPEI
606 2893 99 21 lALITY.

136 2950 123 23 References
276 2947 124 27 throughout
419 2946 49 20 New
487 2944 87 21 Zealand
584 2942 39 21 and
642 2941 33 21 the
687 2940 116 23 Australian
825 2938 92 21 Colonies

400 2973 49 19 from
461 2972 92 26 previous
572 2970 81 20 Visitors

84 3026 32 20 No
127 3028 54 17 touts
196 3024 105 27 employed
311 3027 18 15 at
346 3020 106 22 Auckland
468 3027 21 12 or
512 3019 90 20 Rotorua
616 3016 92 25 Railway
723 3014 89 22 Stations
826 3020 22 13 or
862 3013 100 19 Steamers

320 3071 32 20 No
366 3071 32 19 ten
416 3075 36 20 per
466 3069 44 19 cent
525 3066 93 26 Coupons
633 3063 99 27 accepted.

118 3133 158 27 NOTE.
279 3131 52 24 Ask
346 3130 35 25 for
393 3128 172 30 SeddOll'S,
579 3125 46 24 and
641 3132 40 17 see
692 3132 44 22 you
750 3131 40 15 arc
803 3121 44 25 left
861 3120 73 25 ther*.

320 3274 409 63 Proprietress.

106 3425 270 65 WHERE
421 3424 87 63 TO
570 3415 377 68 PURCHASE

468 3516 116 27 FROM

85 3688 162 35 Lamr>s
536 3683 156 35 Cruets

318 3728 209 55 Erushesj
797 3725 168 35 Knives

85 3781 180 39 Trunks
525 3776 2 45 i
537 3776 167 45 Spoons

376 3815 152 62 Locks|
826 3815 140 36 Forks

85 3875 162 34 Eazors
526 3860 3 58 j
537 3869 139 42 Trays

329 3906 200 55 Teapots!
790 3909 176 35 Churns

189 3970 75 33 LAWN
287 3968 122 34 MOWERS,
432 3968 77 34 HOES,
527 3965 90 32 RAKES.
640 3963 111 35 SPADES,
773 3961 92 35 FORKS,

130 4015 61 34 At
250 4010 183 44 Greatly
492 4011 35 33 K
534 4007 163 36 educed
760 4003 160 35 Prices.

141 4154 86 29 (Fourth
239 4153 50 28 shop
299 4149 251 29 fromWellesley-Stzreet,
614 4154 49 23 304
679 4150 16 19 &
710 4148 48 26 306
769 4144 90 34 (JUEEN
871 4144 40 23 ST.

1002 1867 68 21 Undor
1087 1866 33 20 tlie
1138 1866 71 23 disbnj.

1273 1866 16 18 id
1309 1866 112 24 Patronago
1438 1865 21 19 of
1475 1864 33 20 his
1516 1862 122 26 Excollency
1649 1862 35 20 the
1696 1862 108 21 Governor
1815 1862 36 20 the

1348 1891 31 19 arl
1393 1891 22 20 of
1425 1891 88 19 Onslow.

1037 1956 140 64 HOT
1210 1952 301 66 SPRINGS
1562 1950 248 73 HOTEL,

1214 2049 38 28 T
1268 2048 37 29 e
1362 2048 38 27 7*
1420 2047 90 29 RO
1529 2047 40 27 H
1588 2046 50 28 7X.

1048 2110 53 23 The
1115 2109 57 25 best
1197 2107 128 29 Situated,
1350 2107 44 24 (he
1410 2108 65 22 most
1489 2105 186 30 Comfortable,
1691 2105 43 24 the
1749 2104 57 25 best

1214 2140 139 31 appointed
1369 2140 78 24 Hotel
1457 2140 29 24 in
1498 2140 34 23 Te
1551 2138 94 25 Aroba.

1014 2180 110 32 Adjoins
1150 2179 74 33 (with
1249 2178 102 26 Private
1379 2176 141 33 Entrance)
1548 2176 44 25 the
1625 2176 121 25 Thermal
1769 2175 104 33 Springe

983 2215 118 30 Domain,
1114 2213 96 24 Tennis
1224 2212 82 25 Court
1315 2211 27 25 in
1355 2211 120 25 Domain.

983 2292 46 38 W.
1057 2291 40 38 Ji
1128 2288 163 47 K,<NOCK>,
1354 2305 13 7 -
1430 2311 12 6 -
1506 2304 12 6 -
1585 2303 12 6 -
1651 2286 222 42 Proprietor.

1009 2377 40 19 The
1068 2376 61 20 baths
1148 2375 40 20 and
1209 2373 95 23 drinking
1325 2375 63 17 water
1408 2378 33 12 are
1458 2370 109 26 especially
1587 2370 113 20 efficacious
1722 2370 18 20 in
1765 2370 56 20 Gout
1839 2368 36 20 And

984 2402 121 22 Rheumatic
1117 2402 116 21 affection?,
1243 2399 89 21 Chronic
1341 2397 122 27 Dyspepsia,
1474 2397 109 20 Disorders
1602 2397 20 19 of
1634 2397 33 20 the
1682 2397 85 25 Drinery
1790 2396 81 26 Organs

984 2432 115 18 Cutaneous
1110 2429 100 22 Diseases,
1226 2425 78 26 Splenic
1316 2425 39 19 and
1372 2425 87 26 Hepalic
1474 2424 116 23 Disorders,
1607 2424 94 19 Diseases
1715 2424 38 19 due
1762 2426 21 16 to
1791 2423 84 20 Exeesst

986 2456 87 25 Acidity,
1083 2455 119 25 Neuralgia,
1214 2453 94 20 Sciatica.

1419 2490 3 13 :
1425 2491 11 12 0

1106 2523 61 19 Town
1183 2521 48 20 Hall
1242 2521 38 19 and
1292 2519 80 25 Sample
1383 2519 77 19 Rooms
1476 2517 110 21 connected
1602 2518 43 19 ,\iih
1658 2517 32 21 the
1704 2518 23 19 11<
1738 2517 33 24 tfel,

1063 2602 50 19 New
1124 2600 87 20 Billiard
1221 2600 64 20 Room
1296 2598 48 21 with
1360 2604 37 14 one
1411 2598 20 19 of
1444 2596 104 21 Bennett's
1560 2596 45 21 Nevf
1619 2596 86 20 Billiard
1715 2596 28 19 Ta

990 2763 185 59 GE':

1033 2836 330 48 Hydropathic
1394 2833 154 41 Hotel,
1567 2832 257 39 Wairakei

1184 2886 34 20 Sis
1230 2886 57 19 miles
1299 2886 49 18 from
1359 2885 57 20 Lake
1426 2885 70 26 Taupo
1508 2883 99 26 (Rotorun
1618 2883 59 23 side).

1113 2927 218 32 SUPERIOR
1363 2923 385 34 ACCOMMODATION

1181 2971 55 19 ALL
1245 2970 58 19 THE
1312 2968 145 22 COMFORTS
1468 2968 34 19 OF
1513 2967 14 19 A
1539 2966 82 21 HOME
1631 2966 54 21 FOR

1220 3027 155 28 Tourists
1394 3026 69 27 and
1492 3024 164 28 Invalids.

988 3124 69 27 Hot
1077 3121 205 32 Swimming
1296 3119 119 32 Baths,
1431 3116 195 29 Kiri-o-Kai
1640 3123 40 19 or
1693 3116 83 26 New
1792 3114 83 28 Skin

1042 3156 99 32 Batli,
1162 3156 73 26 Hot
1252 3152 139 28 Douche
1414 3152 116 31 Baths,
1546 3149 119 28 Grand
1678 3149 151 30 Climate.

1089 3192 313 32 Elevationl,3so
1412 3190 68 28 feet
1494 3190 109 27 above
1617 3195 58 20 sea
1687 3187 96 28 level.

987 3271 257 30 COMPETENT
1261 3269 160 28 GUIDES
1433 3275 156 25 accompany
1601 3266 105 25 tourists
1717 3267 26 23 to
1752 3267 44 23 the
1811 3265 52 24 vari-

1085 3315 45 15 ous
1144 3306 85 32 places
1242 3304 26 24 of
1280 3304 116 30 interest,
1410 3303 87 23 which
1506 3300 75 26 baffle
1594 3300 44 25 the
1651 3301 66 23 most
1728 3299 77 25 facile
1816 3307 59 24 pen,

1085 3339 50 25 and
1148 3347 47 16 can
1207 3338 61 32 only
1280 3338 31 23 be
1324 3336 109 25 realized
1445 3335 77 26 when
1541 3342 67 16 seen.

987 3438 195 25 GEYSER
1197 3436 191 24 VALLEY
1400 3436 94 19 contains
1501 3434 37 19 the
1546 3433 106 25 following
1660 3431 123 26 unequalled
1793 3431 82 19 Natura

1065 3465 93 18 wonders
1168 3462 155 24 :Tuhuatahi,
1344 3469 23 12 or
1386 3462 66 20 Great
1472 3462 133 23 Champagne
1624 3459 103 19 Cauldron
1738 3457 3 29 ;
1757 3458 34 19 the
1809 3457 66 19 Great

1064 3489 104 22 Wairakei
1178 3490 79 24 Geyser
1266 3482 3 32 ;
1279 3488 34 19 the
1327 3489 85 25 Donkey
1423 3489 80 24 Engine
1513 3482 3 32 ;
1528 3487 34 19 the
1574 3485 82 20 Fairies'
1666 3484 52 20 Bath
1729 3482 4 32 ;
1743 3484 36 19 the
1790 3482 61 28 Light
1854 3489 11 13 n-

1065 3516 38 25 itg
1114 3510 62 31 Pool;
1189 3516 34 19 the
1233 3516 50 19 Case
1297 3515 24 19 de
1333 3516 85 24 Geyser,
1432 3521 23 14 or
1467 3512 102 26 Dragon's
1581 3512 69 20 mouth
1661 3510 3 31 ;
1675 3511 36 19 the
1718 3511 59 19 black
1790 3510 85 24 Geyser;

1065 3544 34 19 the
1108 3543 50 20 Mud
1171 3542 92 25 Geyser-;
1280 3541 35 19 the
1325 3540 52 21 Blue
1387 3542 56 19 Lake
1453 3550 5 16 ;
1468 3540 34 20 the
1511 3533 43 26 'Oil
1567 3538 52 20 Bath
1629 3533 3 34 ;
1652 3538 35 19 the
1708 3536 80 26 Ei.gle'a
1808 3536 67 23 Nest;

1066 3570 35 19 the
1113 3568 78 20 Devil's
1202 3568 69 20 Punch
1284 3567 53 20 Bowl
1349 3562 3 31 ;
1364 3568 34 19 the
1411 3567 71 20 Prince
1496 3565 22 20 of
1529 3565 76 20 Wales'
1616 3564 111 22 Feathers;
1736 3565 32 17 the
1785 3562 90 24 Mirror;

1066 3596 33 20 the
1108 3596 56 19 Twin
1175 3595 77 25 Geyser
1264 3588 4 32 ;
1280 3594 33 19 the
1324 3594 59 20 Coral
1395 3595 78 18 CL-vscr
1484 3588 3 32 ;
1500 3592 34 20 the
1545 3591 67 20 Green
1627 3588 62 32 Pool;
1708 3588 133 24 Torikcrchc,
1854 3596 21 12 or

1065 3622 48 19 Hell
1228 3620 35 20 the
1273 3621 14 18 S
1299 3627 42 14 earn
1355 3620 101 20 Hammer.
1486 3617 85 21 Guide's
1583 3617 31 20 fee
1625 3619 20 17 to
1656 3617 80 24 Geyser
1756 3615 79 24 Valley,
1845 3617 30 23 ss;

1066 3649 93 18 distance
1169 3648 52 19 from
1233 3647 32 19 the
1277 3647 60 24 hotel,
1348 3654 37 12 ono
1397 3647 45 19 mile

990 3702 94 25 THE
1104 3699 338 26 AREATEATEA
1474 3706 22 12 or
1508 3697 80 19 Ladder
1598 3695 84 26 Rnpids.
1711 3695 41 19 The
1770 3695 103 20 Grandest

1066 3728 78 25 Rapids
1156 3728 20 18 in
1188 3727 34 19 tho
1233 3725 101 20 Southern
1346 3725 137 26 Hemisphere
1492 3721 4 32 ;
1507 3723 74 25 falling
1591 3723 21 19 in
1631 3723 30 19 six
1679 3721 86 20 distinct
1782 3721 92 20 cascades

1066 3756 95 23 amongst
1178 3753 60 19 weird
1250 3752 39 19 and
1301 3752 74 24 rugged
1391 3758 91 18 scenery.
1510 3750 98 19 Distance
1619 3749 51 19 from
1682 3748 35 19 the
1736 3748 63 24 hotel,
1818 3748 57 20 three

1067 3781 63 19 n.ileu.
1159 3779 76 20 Saddle
1245 3779 69 19 horses
1329 3780 21 16 to
1361 3777 45 20 visit
1419 3778 32 19 the
1460 3777 83 26 Rapids,
1555 3775 22 21 7s
1588 3775 25 20 <>d
1623 3775 55 20 each.

990 3826 220 27 KERAPITI
1240 3833 21 12 or
1272 3826 34 19 the
1317 3826 76 19 Devil's
1404 3826 97 24 Trumpet
1512 3825 15 19 is
1545 3824 43 19 said
1607 3826 21 17 to
1649 3824 50 19 emit
1718 3829 13 13 a
1752 3829 92 19 pressure
1854 3823 21 18 of

1068 3854 69 19 lHOlbs
1149 3854 21 18 of
1185 3856 63 16 steam
1259 3855 21 16 tr*
1291 3852 34 19 the
1333 3852 52 22 inch,
1400 3852 52 19 from
1464 3858 24 12 an
1505 3853 97 23 aperture
1611 3850 21 19 of
1651 3850 64 19 about
1734 3850 24 18 12
1775 3848 69 20 inches
1855 3849 19 19 in

1066 3880 105 19 diameter.
1200 3879 97 20 Distance
1310 3878 51 19 fro.n
1373 3878 53 20 hotel
1435 3878 58 19 three
1504 3878 39 18 and
1556 3884 11 11 a
1578 3876 41 19 half
1630 3875 68 24 mile?;
1718 3876 70 18 saddle
1805 3875 70 19 horses

1066 3909 20 16 to
1100 3907 43 18 visit
1157 3906 34 19 the
1202 3906 68 19 above.
1283 3904 53 21 2s(Jd
1348 3904 54 21 each.

1399 3937 53 14 ALSO

993 3960 92 25 THE
1106 3958 134 24 H'JKA
1259 3956 168 32 FALLS,
1445 3956 35 20 the
1488 3955 115 28 (Grandest
1678 3956 20 18 in
1720 3954 33 20 the
1774 3953 100 21 Southern

1068 3990 139 25 Hemisphere.
1237 3988 40 20 The
1289 3988 54 19 Falls
1354 3994 43 20 may
1413 3989 24 18 be
1448 3986 72 21 visited
1527 3993 25 13 on
1564 3986 34 19 the
1608 3993 53 12 same
1668 3986 115 24 expedition
1797 3992 21 12 as
1841 3984 34 21 the

1066 4016 78 19 Devil's
1151 4016 105 24 Trumpet.
1284 4014 98 20 Distance
1386 4013 57 27 ifrqm
1455 4013 55 20 hotel
1520 4012 59 20 three
1588 4012 37 19 and
1637 4019 10 12 a
1658 4012 44 19 half
1712 4011 62 20 miles.
1800 4012 75 19 Saddle

1068 4042 59 20 horse
1144 4049 22 12 or
1176 4042 69 25 buggy
1260 4040 38 27 2-.9
1308 4040 9 27 d
1327 4040 47 27 each.

1123 4081 88 28 MRS
1224 4080 39 28 R,
1282 4080 193 28 GRAHAM.
1496 4078 241 32 Proprietress.

971 308 57 27 HIGH
1046 309 34 25 ST.
1102 309 37 25 and
1159 308 110 26 VICTORIA
1291 308 33 25 ST.
1348 306 63 30 EAST,

2372 191 104 77 Ml
2503 193 20 74 I
2549 193 118 72 Eik

2329 419 82 25 Sample
2430 419 67 20 Room
2518 417 32 20 for
2558 413 190 24 COMMERCIAL

2305 456 181 22 TRAVELLERS
2510 454 101 23 available
2630 456 21 17 at
2661 453 28 20 all
2698 453 61 19 times

2333 557 90 28 Charges
2473 559 111 20 Moderate.
2644 556 117 22 SPECIAL

2234 588 21 31 iVi
2310 597 91 19 KATES
2416 598 34 18 TO
2474 597 177 21 PERMANENT
2676 597 67 19 BOAH-

972 813 14 20 &
999 813 48 19 Cold
1063 813 81 22 Plunee
1155 814 12 19 &
1181 813 83 20 Shower
1273 813 36 17 Hat
1314 812 29 18 lis.

2428 735 37 38 J.
2500 734 135 47 BUCK,

2439 856 207 46 Proprietor.

1106 958 636 61 WAIWERA
1854 955 777 79 SANATORIUM,

1827 1023 13 12 A
1857 1023 79 13 -ATTN
2617 1017 13 16 7

1454 1070 169 73 HOT
1648 1067 352 76 SPRINGS
2081 1070 280 78 HOTEL

974 1175 87 33 Only
1090 1176 43 26 30
1165 1175 100 26 miles
1298 1173 112 27 North
1441 1173 37 27 of
1505 1171 191 31 Auckland,
1728 1170 88 27 with
1844 1170 96 32 daily
1972 1173 295 29 communication
2297 1177 88 27 with
2414 1178 112 26 Coach
2558 1183 39 21 or
2618 1176 118 27 steam
2752 1180 15 20 e

1303 1214 54 21 See
1371 1213 168 22 advertised
1550 1213 83 21 Time
1650 1213 76 20 table
1738 1212 31 20 of
1777 1218 45 14 s.s.
1839 1212 77 20 Rose
1927 1211 96 28 Casey
2036 1213 58 20 and
2112 1213 127 23 Butler's
2250 1217 32 20 R.
2297 1218 37 21 M.
2352 1218 107 21 Coach.

974 1252 102 63 THE
1103 1252 54 25 AB(
1167 1252 54 23 )VE
1238 1249 295 26 ESTABLISIIMENT
1545 1248 137 26 STANDS
1698 1248 231 24 UNRIVALLED
1943 1256 26 16 as
1987 1256 14 16 a
2013 1249 5 22 1
2030 1247 73 26 lealth
2115 1258 26 16 or
2155 1251 109 31 pleasure
2279 1253 97 29 Resort,
2389 1254 48 24 and
2451 1254 42 24 has
2506 1253 89 31 special
2618 1253 153 31 advantages

1061 1286 36 23 for
1110 1286 78 23 either
1212 1284 111 24 Tourists
1339 1292 26 16 or
1381 1283 115 25 Invalids.

1339 1383 152 27 Bentiful
1511 1382 156 32 Scenery,
1711 1382 107 28 Sea-B
1839 1381 109 33 thing,
1969 1381 158 35 Boating,
2147 1383 144 35 Fishing
2314 1385 55 33 &c,

1527 1416 125 26 Cusine
1666 1416 68 26 and
1748 1415 208 29 attendance
1976 1414 36 27 of
2032 1416 59 27 the
2114 1418 84 30 best.

974 1460 93 24 Famed
1078 1460 37 24 for
1129 1460 29 24 its
1172 1460 110 25 curative
1294 1458 94 25 natural
1403 1458 103 25 medical
1522 1458 52 24 Hot
1587 1458 100 32 Springs
1701 1459 49 23 and
1764 1458 82 24 Baths.
1883 1458 36 23 As
1932 1457 40 24 the
1987 1457 102 34 Springs
2101 1460 48 23 and
2164 1460 73 24 Baths
2251 1468 40 16 are
2302 1461 40 24 the
2355 1465 115 28 property
2483 1461 25 24 of
2521 1460 40 25 the
2575 1460 85 29 Hotel,
2674 1459 98 25 visitors

1006 1501 41 17 are
1056 1493 112 34 supplied
1179 1493 56 26 with
1245 1491 105 31 Towels,
1364 1493 46 24 and
1424 1501 44 16 can
1477 1492 57 25 take
1545 1500 29 15 an
1588 1491 126 25 unlimited
1727 1493 103 24 number
1844 1491 24 24 of
1881 1491 74 24 Baths
1967 1496 25 18 at
2004 1499 46 25 any
2063 1492 60 25 time
2136 1493 26 24 of
2173 1493 39 24 che
2225 1493 46 33 day
2286 1494 78 28 FREE
2376 1495 63 24 from
2453 1502 46 26 any
2507 1494 88 33 charge
2608 1494 131 25 whatever,

1159 1535 225 40 TARIFF
1402 1533 122 41 PER
1538 1532 141 50 DAY,
1699 1532 53 42 7s
1771 1535 66 45 8s;
1886 1532 120 41 PER
2020 1533 194 50 WEEK,
2235 1535 63 40 1
2348 1536 79 40 15s
2443 1537 51 39 to
2519 1536 73 40 2
2608 1536 69 40 2s.

1382 1590 159 33 Cottages
1555 1590 34 27 to
1602 1588 48 28 let
1662 1589 48 34 by
1722 1589 59 29 the
1800 1588 106 34 week,
1919 1588 129 35 month,
2065 1596 38 21 or
2123 1589 58 30 the
2199 1597 131 23 season,

974 1641 47 28 For
1038 1651 47 26 any
1097 1641 157 29 information
1266 1639 113 36 required
1392 1640 83 35 please
1487 1638 73 36 apply
1572 1644 25 21 to
1610 1639 145 35 Proprietor;
2025 1654 33 5 -
2110 1641 57 26 Post
2177 1641 47 26 and
2235 1641 141 34 Telegraph
2388 1642 91 26 Offices
2491 1641 126 35 adjoining
2642 1642 41 25 the
2698 1640 74 27 Hotel

1531 1682 59 46 A.
1618 1681 52 41 A.
1700 1682 203 48 SMITH,
2025 1683 279 47 Proprietor

2556 1842 47 35 EST

2642 1936 113 43 ASM)

2027 2654 180 30 II'P.C.L'.BRAKD;

2603 2595 102 37 HUES

2252 2721 206 47 Proprietors:-

2603 2775 151 80 o>l,

1895 2916 271 32 WHOLESALE
2187 2917 182 38 AGENTS,

2187 2957 51 40 L.
2266 2958 53 39 D.
2349 2959 264 42 NATHAN
2638 2963 116 41 &00.

1898 3072 174 68 THE
2117 3074 303 71 GR/VND
2478 3076 297 69 HOTEL.

2274 3183 139 19 fr^j-ogo^^a

2001 3234 339 31 prutoes
2378 3237 303 32 street,

2124 3290 2 31 .
2130 3290 427 31 AXTCKL.A.ISriD.

1929 3373 148 26 First-class
2089 3375 91 33 family
2193 3376 88 25 Hotel.
2322 3377 131 25 Situation
2472 3377 173 32 unsurpassed
2691 3376 73 25 Patro-

1896 3411 72 24 nised
1980 3411 35 33 by
2027 3412 69 26 their
2110 3413 180 25 Excellencies
2305 3415 45 24 the
2369 3416 135 23 Governor
2516 3414 51 25 and
2578 3413 126 25 Admiral.

2006 3499 147 32 Telegrams
2176 3499 53 24 and
2251 3500 89 25 letters
2349 3502 132 31 promptly
2493 3500 122 25 attended
2627 3502 34 22 to.

1966 3581 90 38 MRS
2084 3582 272 47 GALLAGHER,
2389 3584 283 50 Proprietress.

2166 3709 348 29 TKURKNGK

1896 3742 80 40 Smith
2006 3743 49 39 and
2072 3742 115 51 Carriage
2209 3743 105 46 Works,
2345 3744 81 40 Coach
2453 3745 48 38 and
2531 3743 110 51 Waggon
2677 3742 104 50 Factory

2102 3805 310 34 ESTASLISHEDJDVER
2429 3807 26 20 10
2470 3805 107 22 YEARS.

1914 3851 37 16 The
1960 3851 115 21 undersigned
2084 3857 30 11 are
2122 3852 138 17 manufacturers
2268 3853 18 16 of
2294 3854 22 15 nil
2326 3854 62 16 classes
2396 3855 19 15 of
2425 3853 78 17 Vehicles
2512 3853 12 16 &
2535 3852 120 22 Agricultural
2667 3852 115 20 implements.

1915 3872 38 17 Our
1961 3872 111 18 well-known
2079 3874 101 20 reputation
2187 3879 20 11 as
2214 3873 84 17 Practical
2314 3874 102 18 Mechanics
2431 3875 34 16 and
2479 3875 23 15 W
2549 3876 21 15 27
2585 3879 52 16 years
2647 3873 101 22 experience
2766 3873 18 15 in

1895 3892 29 18 the
1927 3893 119 17 Australasian
2055 3895 85 19 Colonics,
2149 3895 65 21 justify
2222 3900 20 11 us
2249 3895 18 17 in
2284 3896 83 21 claiming
2379 3898 39 15 that
2435 3902 24 10 we
2476 3902 31 10 can
2522 3895 68 17 furnish
2606 3901 11 9 a
2632 3895 57 15 better
2703 3894 45 16 class
2767 3895 18 15 of

1895 3915 73 16 voliiclos
1977 3915 94 16 consistent
2081 3915 41 17 with
2131 3916 63 16 honest
2202 3917 46 15 work
2257 3918 17 15 at
2284 3923 9 9 a
2302 3917 75 21 cheaper
2389 3921 36 13 rate
2434 3918 42 15 than
2486 3923 33 13 any
2528 3917 17 15 of
2555 3922 32 10 cur
2595 3916 117 21 competitors.

1915 3935 107 17 Tht.Public
2028 3936 35 16 will
2077 3936 34 17 find
2119 3936 17 17 it
2145 3938 18 16 fo
2178 3937 44 16 their
2237 3937 98 22 advantage
2352 3940 18 14 to
2385 3938 150 18 ENCOURAGE
2555 3937 79 17 LOCAL
2653 3936 131 19 INDUSTnY,

1895 3958 56 16 where
1958 3957 41 21 they
2016 3963 32 10 can
2056 3957 44 16 have
2106 3958 30 16 the
2141 3958 81 21 pleasure
2227 3959 20 16 of
2253 3959 60 21 seeing
2328 3961 92 16 first-class
2435 3960 79 16 material
2526 3959 35 16 and
2578 3958 126 20 workmanship
2720 3959 33 19 put
2768 3957 17 17 in

1915 3978 40 19 olesi
1965 3979 48 15 made
2022 3980 17 15 to
2048 3979 43 15 tlu-ir
2098 3980 61 15 valued
2169 3979 62 17 orders.

1915 4000 46 17 N.li.
1964 3999 101 18 Vehicles
2070 3999 21 17 of
2096 4001 23 16 all
2128 4001 114 21 descriptions
2251 4002 84 20 repaired,
2345 4003 79 20 painted,
2434 4003 94 15 renovate.!
2537 4001 33 16 and
2581 4001 49 16 made
2645 4003 19 14 to
2679 4000 38 17 look
2736 4001 50 20 equal

1895 4023 17 14 to
1921 4027 44 10 new.

1895 4069 202 27 WILLIAM
2117 4070 185 27 PARKER.
2323 4071 259 30 Coachbuilder.

2249 4107 141 27 JAMES
2410 4109 135 28 KAUA,
2566 4107 221 28 Blacksmith

2168 4140 146 19 DEVOM'OIiT
2326 4140 73 22 ROAD,
2411 4141 145 19 TAUBANGA.

2830 814 158 51 Steele
3027 814 138 49 Bros.

2804 959 114 22 ~\ESIRE
2929 962 20 16 to
2959 959 63 19 thank
3044 959 34 19 the
3097 959 68 26 public
3183 960 24 20 for

2803 982 31 26 _J
2864 989 46 22 past
2918 986 67 20 favors
2993 986 39 19 and
3042 985 36 26 beg
3086 987 19 17 to
3112 992 96 15 announce

2786 1013 43 19 that
2847 1013 74 23 having
2940 1019 11 12 a
2973 1012 56 25 large
3048 1012 59 19 atrck
3126 1012 21 19 of
3165 1013 43 19 well.

2786 1039 94 20 seasoned
2901 1039 105 19 first-ehiss
3026 1038 74 20 timber
3118 1044 24 13 on
3163 1038 45 20 hand

2786 1065 48 26 they
2844 1072 32 13 are
2886 1065 98 26 pnpjred
3004 1070 20 14 to
3042 1064 53 20 fuitil
3113 1065 68 19 orders
3191 1069 15 16 at

2787 1091 85 21 reduced
2883 1095 59 16 rates.

2788 1152 39 36 T
2869 1152 51 36 IVT
2963 1152 45 36 TJ[
3015 1150 127 21 AERISOI!f
3144 1167 5 8 .
3161 1150 16 20 B
3180 1150 2 38 -
3185 1152 14 19 A
3203 1166 7 9 ->

2802 1209 161 22 BARRISTER
2978 1211 61 19 AND
3050 1209 151 25 SOLICITOR,

2802 1244 44 23 US,
2857 1243 109 20 ViCTOHii
2977 1243 94 23 Aeca.dk,
3084 1243 118 19 Auckland.

2977 1278 58 19 Also

2791 1308 101 21 Barrister
2902 1308 39 20 and
2952 1308 93 20 Solicitor
3056 1308 22 19 of
3085 1310 33 18 tbo
3125 1308 87 25 Supreme

2869 1335 69 24 Court,
2950 1335 93 24 Ontario,
3053 1334 89 20 CaDada.

2796 1411 273 46 PHOENIX
3090 1410 123 46 FIRE

2896 1466 223 44 OFFICE.

2794 1572 80 22 Losses
2899 1571 53 21 Paid
3087 1570 128 27 20,000,000

2794 1625 53 22 Fiee
2857 1625 104 22 Phemium
2971 1624 100 22 Exceeds
3115 1624 57 27 1,5'Kl
3180 1625 35 22 100

2794 1679 161 22 Accumulated
3003 1679 70 19 Fund*

2795 1707 88 20 Exceed
3115 1705 99 21 IOOOOOO

2794 1759 24 22 W.
2834 1759 59 22 WARD
2902 1759 45 22 BAKi
2956 1759 11 22 R
3012 1757 41 25 IW.
3070 1759 16 21 A.
3100 1757 98 25 WILLIAMS

2830 1785 70 22 District
2915 1785 65 25 Manger
3064 1784 48 22 Local
3125 1784 51 25 Bgent

2881 1809 103 23 Auckland.
3015 1809 3 25 |
3109 1809 77 24 Rotorua,

2797 1875 164 41 ROTORUA
2980 1874 167 42 SAWMILL
3172 1872 43 41 CO,

2800 1954 133 49 WHITE
2943 1954 61 20 AND
3015 1954 57 19 KED
3082 1952 69 20 TINE
3161 1952 20 19 of
3192 1952 25 19 tin

2899 1982 57 18 finest
2976 1980 79 26 quality
3075 1980 40 19 and
3132 1978 85 25 carefully

2794 2009 40 18 cut.

2982 2034 54 18 Also

2795 2066 89 23 Matai,
2915 2064 128 27 Pukatea,
3076 2063 50 23 and
3152 2063 65 21 Tawa

2822 2092 134 25 Shingles,
2968 2092 118 24 Palings,
3104 2090 82 21 Block

2934 2119 50 20 and
3010 2118 83 21 Posts-

2819 2161 19 20 A
2851 2162 54 25 good
2916 2162 40 18 and
2965 2161 90 19 assorted
3071 2160 73 25 supply
3154 2159 63 26 always

2793 2194 26 13 on
2829 2188 56 20 hand
2897 2191 21 16 at
2928 2188 35 19 the
2973 2187 83 20 Timber
3065 2187 63 23 Yard,

2939 2218 140 22 ROTORUA.

2794 2270 33 19 N.,
2848 2269 108 28 Special
2964 2276 46 14 care
3018 2268 64 21 taken
3098 2269 22 19 in
3136 2267 34 20 the
3186 2273 25 13 sea-

2977 2296 80 25 soning.

2806 2344 100 20 PRICES
2922 2345 35 19 AT
2971 2343 135 20 CURRENT
3120 2341 89 21 RATES.

2846 2405 32 20 W.
2893 2403 154 25 HENSHAW,
3070 2403 111 19 Manager.

2844 2469 164 36 Rotopua
3024 2468 158 42 Library.

2789 2536 70 47 OP
2867 2536 16 20 E
2891 2536 19 20 N
2926 2537 52 19 from
2989 2537 26 18 10
3027 2542 11 13 a
3048 2542 25 12 in.
3082 2537 22 17 to
3114 2536 12 18 5
3134 2540 44 20 p.m.
3189 2531 30 21 and

2857 2565 12 17 (5
2877 2564 25 18 30
2911 2565 20 17 to
2942 2564 24 18 10
2975 2570 15 19 p.
2997 2569 24 13 m.
3033 2562 95 24 Sundays
3137 2560 31 20 till
3175 2562 45 23 Op.ra

2796 2595 195 21 .Subscription:
3000 2594 52 17 SOs
3065 2598 50 17 per
3128 2594 89 17 annum

2822 2625 87 20 Visitors
2930 2632 43 18 may
2992 2632 86 19 procure
3094 2623 68 20 Books
3177 2623 43 19 from

2796 2652 34 19 the
2847 2653 86 25 Library
2951 2658 24 13 on
2993 2651 84 25 making
3094 2658 12 12 a
3119 2650 77 25 deposit
3205 2648 15 19 of

2796 2680 36 18 not
2848 2678 40 20 less
2907 2678 48 20 than
2973 2685 29 16 os,
3020 2678 40 19 and
3077 2676 118 26 purchasing
3204 2676 15 17 h

2796 2712 80 18 coupon
2887 2705 32 19 for
2928 2711 61 19 every
3001 2705 56 18 Eour
3067 2704 71 19 books.

2822 2731 43 21 The
2884 2731 86 25 Library
2989 2731 17 19 is
3031 2737 51 20 open
3106 2730 71 24 during
3194 2727 26 20 the

2820 2831 44 41 M
2871 2831 16 17 E
2910 2830 52 39 W
2994 2830 40 39 J.
3060 2830 40 38 N

2848 2878 151 19 BARRISTER
3011 2878 17 18 &
3037 2876 141 20 SOLICITOR-

2797 2907 147 20 Commissioner
2954 2909 19 17 of
2982 2908 31 17 tbo
3031 2907 91 23 Supreme
3138 2907 56 17 Court
3205 2902 15 20 of

2990 2930 55 24 Fiji.)

2798 2954 87 19 Solicitor
2898 2956 20 17 to
2926 2955 32 18 the
2966 2955 25 17 N.
3001 2954 20 18 Z.
3032 2953 128 19 Government
3174 2950 47 20 under

2905 2979 96 17 Advances
3010 2980 20 15 to
3039 2977 77 18 Settlers

2797 3014 75 18 Victoi:
2875 3019 6 8 t
2883 3020 12 12 a
2904 3014 89 23 Arcade,
3002 3013 116 22 Queen-st.,
3127 3009 93 22 Auckland

2821 3051 70 23 Money
2901 3052 18 17 to
2929 3050 50 17 lend
2988 3055 25 12 on
3024 3048 83 19 freehold
3120 3047 78 24 security
3206 3048 14 16 at

2797 3074 37 18 low
2843 3076 49 16 rates
2898 3074 20 17 of
2922 3074 83 17 interest.
3031 3074 71 21 Money
3112 3072 82 18 invested
3200 3072 21 15 tor

2798 3098 67 17 clients
2876 3097 38 18 free
2923 3097 19 17 of
2952 3097 75 22 charge.

2850 3158 29 27 J.
2895 3157 50 33 W,
2959 3156 219 31 WRIGLEY,

2801 3195 421 24 ARCHITECT,

2942 3229 145 20 ROTORUA.

2825 3262 68 25 Agent
2901 3262 32 19 for
2945 3262 33 19 the
2989 3261 63 19 South
3068 3260 79 20 British
3157 3259 44 20 Fire
3210 3258 12 19 &

2801 3289 80 19 Marine
2893 3289 111 18 Insurance
3015 3288 110 25 Company.

2858 3370 72 20 When
2944 3370 23 19 in
2980 3368 126 21 Auckland
3116 3368 58 20 Visit

2874 3402 32 27 E.
2928 3400 229 29 SPENCERS

2841 3441 141 25 CURIO
3006 3439 183 30 DEPOT,

2888 3471 34 21 (On
2934 3471 59 18 Queen
3003 3471 55 15 Street
3068 3469 77 20 Wharf.)

2841 3514 41 20 For
2891 3514 28 19 all
2928 3514 61 19 kinds
2999 3513 21 19 of
3037 3513 60 19 Now'
3100 3511 90 21 Zealand

2876 3540 71 20 Curios
2957 3540 39 18 and
3011 3540 143 18 Greenstones.

2824 3629 69 45 W.
2919 3625 286 53 THOMAS,

2827 3690 253 23 MONUMENTAL
3091 3690 27 21 M
3125 3687 81 23 \SO\

2848 3732 139 22 VICTORIA
2998 3732 104 19 STREET
3112 3730 73 23 EAST,

2932 3773 172 21 AUCKLAND.

2836 3827 92 25 Orders
2949 3822 28 30 in
2998 3826 111 28 Marble,
3130 3822 97 26 Granite

2803 3861 49 24 and
2861 3861 86 29 Stone,
2958 3860 132 32 promptly
3100 3858 51 25 and
3158 3855 59 26 faith-

2806 3894 65 33 fully
2884 3894 133 25 executed.

2832 3954 110 32 Designs
2954 3953 51 24 and
3018 3953 82 31 prices
3110 3951 55 24 free
3177 3958 32 15 on

2938 3985 165 33 application.
