2510 4020
624 619 130 31 PORT
776 619 282 38 NICHOLSON,
1082 610 260 41 SATUAiDAY
1362 617 239 39 MORNING,
1623 619 120 31 JULY
1765 622 31 33 9,
1820 621 89 29 1842.

59 628 63 31 No.
139 621 85 42 151]

2231 620 99 41 [Vol.
2351 619 68 31 111.

41 267 2391 38 THE

41 305 377 55 NEW
544 305 881 55 ZEALAND
1551 305 881 55 GAZETTE

41 360 2391 54 AND

41 414 956 55 WELLINGTON
1093 414 287 55 AND
1476 414 956 55 SPECTATOR.

567 502 219 39 PUBLISHED
832 502 133 39 EVERY
1007 501 258 38 WEDNESDAY
1307 500 87 37 AND
1437 500 229 38 SATURDAY
1712 495 203 43 MORNINC.

232 716 54 21 For
299 714 114 24 Nelson,

49 754 59 21 With
117 751 118 22 immediate
243 748 106 27 despatch,
360 747 42 20 and
411 748 21 19 to
441 747 74 19 return
524 744 75 26 direct,

78 776 67 35 \f«Kr
204 782 90 22 riIHE
308 781 45 21 fine
362 780 45 22 fast
419 779 79 26 sailing
508 777 106 23 schooner

210 801 30 31 JL
275 809 63 25 Kate,
355 807 28 21 G.
395 806 26 22 E.
438 805 63 23 Read
517 807 82 19 master
606 812 5 19 ;

59 828 134 39 jgffiKFJj^,
216 836 38 21 has
263 835 79 26 nearly
350 833 29 22 all
387 833 41 21 her
433 839 66 20 cargo
505 830 108 28 engaged.

54 856 140 41 JjtApsßu,
217 863 42 22 For
267 861 84 27 freight
360 867 24 15 or
400 866 99 21 passage,
510 858 68 27 apply
591 860 23 19 to

37 892 161 38 lySj^wSfiP
256 899 78 26 Hort,
350 897 121 27 Mocatta,
489 896 44 22 and
548 896 39 22 Co.

58 936 59 21 June
130 935 33 25 24,
176 934 59 21 1842.

74 981 55 20 For
143 979 104 21 Nelson
261 977 56 21 and
330 976 70 21 New
413 974 155 27 Plymouth.

33 1016 28 21 To
70 1015 25 20 be
103 1012 124 28 despatched
236 1012 42 25 for
287 1012 35 19 the
331 1010 61 20 above
401 1010 62 25 ports
476 1007 139 25 immediately

165 1046 27 15 on
201 1040 37 20 her
247 1040 74 19 return
324 1038 62 26 from
394 1037 86 24 Nelson,

68 1072 73 32 ■^KjgT
195 1075 114 22 fXIHAT
319 1075 45 21 fine
369 1073 45 22 fast
419 1073 80 26 sailing
508 1071 107 22 schooner

58 1096 118 36 .xSgfNS^
203 1096 29 28 JL
267 1102 119 25 Elizabeth,
397 1101 28 20 60
440 1101 56 24 tons,
508 1098 22 22 J.
542 1097 73 22 Smith

55 1121 134 37 Ps3S3||»'
209 1131 87 24 master,
314 1127 40 22 has
368 1125 104 29 splendid
490 1131 125 15 accommo-

46 1149 143 39 *§*ftaffiMg~
210 1155 74 21 dation
319 1154 37 21 for
391 1158 136 22 passengers.
572 1151 43 21 For

34 1177 159 35 gigafr^-jPP
208 1181 81 28 freight
299 1188 26 14 or
333 1186 100 22 passage,
444 1178 66 28 apply
519 1180 22 20 to

165 1216 124 28 Wallace,
299 1214 94 26 White,
406 1212 43 23 and
463 1212 125 22 Wallace.

59 1252 60 23 June
131 1251 33 26 11,
176 1251 60 20 1842.

84 1303 55 20 For
152 1299 161 21 Manawatu
327 1298 55 21 and
396 1296 166 27 Wanganui.

38 1332 104 34 •s*^_=jl
181 1335 97 22 ,nnHE
298 1336 101 23 Industry
415 1332 51 23 sails
485 1332 35 21 for
535 1332 80 21 Mana-

194 1355 29 29 JL
247 1364 59 20 watu
316 1362 44 21 and
375 1359 133 27 Wanganui,
519 1365 29 15 on
562 1358 53 21 Sun-

33 1384 148 35 /«B_P_J»
202 1389 43 27 day
253 1389 112 26 morning.
393 1386 44 23 She
445 1386 49 26 lays
503 1384 112 28 alongside

35 1408 147 39 j^gMfa
201 1416 69 21 Waitt
286 1415 45 22 and
347 1414 56 22 Co's;
419 1412 76 27 wharf,
512 1412 45 22 and
574 1412 41 22 will

35 1440 146 32 aSßagpSr
202 1442 50 22 take
258 1443 24 20 in
287 1449 66 20 cargo
359 1440 57 23 until
420 1441 13 20 3
442 1438 85 23 o'clock
534 1447 49 14 p.m.
590 1445 25 15 on

206 1470 114 26 Saturday.

63 1501 43 23 For
115 1498 84 28 freight
208 1505 23 14 or
240 1503 99 22 passage,
350 1494 65 29 apply
424 1496 23 20 to

181 1532 101 23 Messrs.
292 1530 65 22 John
366 1529 74 22 Wade
449 1527 46 23 and
505 1528 45 26 Co.,
563 1534 24 14 or
597 1529 18 19 to

273 1574 4 3 -
291 1562 83 22 Waitt
385 1560 45 23 and
439 1560 84 22 Tyser.

148 1609 55 21 For
216 1607 111 28 Freight
342 1612 30 15 or
386 1606 119 24 Charter,

190 1642 113 22 HHHAT
312 1641 45 22 fine
371 1640 43 22 fast
423 1638 80 28 sailing
512 1638 103 22 schooner

70 1663 95 40 i|feyijL
197 1668 32 23 -*-'
255 1668 38 22 the
311 1670 72 24 Ocean,
400 1667 77 22 James
497 1666 118 26 Ferguson,

49 1689 139 42 -ji|B§ii§3^
204 1698 87 19 master.
320 1695 76 27 Apply
406 1697 21 18 to

38 1722 151 38 mJr^rrr*~fii
204 1732 123 26 Wallace,
338 1731 94 27 White,
442 1729 44 23 and
495 1729 120 23 Wallace.

246 1803 165 27 Wanganui.

39 1838 160 50 MESSRS.
217 1837 22 22 J.
254 1837 45 22 and
313 1837 30 21 A.
360 1834 206 27 ALEXANDER,
578 1834 37 26 beg

115 1869 23 19 to
148 1872 115 14 announce
277 1864 49 22 that
343 1863 52 29 they
402 1863 58 21 have
477 1861 138 23 commenced

38 1892 100 23 business
148 1898 23 15 as
181 1891 88 27 general
282 1889 117 24 wholesale
416 1889 43 22 and
473 1888 66 22 retail
553 1891 62 18 store-

37 1919 97 27 keepers,
145 1919 24 22 in
179 1918 58 21 their
246 1925 49 14 new
304 1920 58 19 store
373 1920 22 18 at
406 1915 131 28 Wanganui,
548 1914 67 22 where

39 1953 65 20 every
114 1945 132 27 description
255 1945 26 21 of
291 1944 71 27 goods
376 1943 45 23 will
429 1943 28 21 be
466 1943 72 21 found
546 1941 27 22 of
584 1948 31 20 ap-

24 1979 4 10 k
38 1973 84 27 proved
131 1972 88 28 quality,
231 1974 23 19 at
262 1971 114 22 moderate
385 1970 78 28 prices.

63 2006 135 28 Wanganui,
209 2006 58 21 June
277 2007 36 19 20.
453 2009 37 28 _J
614 2011 2 25 ;

36 2053 38 46 J7
103 2050 131 29 Hj^RERN
232 2049 81 25 JER^b
369 2044 89 28 legtyeW
458 2047 112 22 ot>*hi£oxm
573 2047 10 26 \

423 2073 31 22 in,
462 2071 100 28 general,
573 2070 42 23 that

37 2103 28 22 he
73 2102 42 22 has
125 2100 87 29 opened
218 2100 38 22 the
264 2099 79 27 house,
351 2099 105 27 formerly
461 2098 82 22 known
550 2105 24 14 as
583 2098 32 21 the

39 2129 50 22 Red
97 2129 85 25 House,
193 2127 25 21 in
225 2126 72 22 Willis
301 2129 81 24 -street,
393 2126 143 26 Wellington,
548 2131 25 15 as
585 2124 30 22 the

38 2156 85 22 Rising
138 2155 47 22 Sun
199 2154 51 26 Inn,
268 2153 47 21 and
329 2153 77 27 hopes,
416 2152 48 22 that
472 2152 31 26 by
517 2151 63 22 strict
588 2153 27 20 at-

159 2180 100 22 business
268 2180 46 21 and
322 2180 39 21 the
367 2179 93 22 comfort
468 2179 26 21 of
500 2178 63 22 those
570 2178 45 21 who

38 2217 51 20 may
96 2209 85 22 honour
188 2207 48 22 him
244 2207 54 21 with
306 2206 59 22 their
374 2206 49 27 call,
432 2209 22 18 to
460 2205 66 22 merit
534 2212 15 14 a
558 2204 57 22 share

40 2237 25 21 of
69 2236 76 27 public
153 2237 127 24 patronage.

66 2263 81 27 Wines,
165 2261 79 28 spirits,
254 2260 45 22 and
315 2260 63 22 other
388 2259 82 28 liquors
485 2258 26 22 of
522 2258 38 22 the
574 2258 41 22 best

40 2289 82 28 quality
132 2287 45 24 and
185 2287 112 23 moderate
306 2287 68 27 price.

221 2322 59 14 GOOD
293 2321 72 14 AIRED
378 2320 63 15 BEDS.

65 2341 135 26 Breakfasts,
209 2341 130 26 luncheons,
350 2340 95 27 dinners,
453 2340 48 27 &c,
508 2341 39 26 got
554 2338 61 28 ready

40 2377 27 15 on
77 2370 38 22 the
125 2369 94 23 shortest
228 2367 81 23 notice.

65 2402 115 23 Britannia
188 2401 76 27 Hotel,
276 2400 54 28 July
339 2400 20 27 7,
371 2402 61 21 1842.

40 2446 148 50 WANTS
199 2453 14 14 a
223 2444 170 23 SITUATION
403 2452 27 15 as
440 2444 175 26 GARDENER,

135 2481 13 14 a
158 2472 94 22 married
262 2479 58 20 man,
330 2472 70 27 thirty
408 2478 64 20 years
482 2471 26 21 of
515 2478 48 20 age,
574 2470 41 22 who

40 2501 106 27 perfectly
171 2499 149 22 understands
347 2498 38 23 the
412 2500 159 25 management
601 2497 14 21 oi

40 2527 87 28 forcing
132 2535 6 20 ;
155 2526 46 22 also
216 2526 36 21 the
266 2526 77 21 flower
357 2525 45 22 and
417 2525 92 22 kitchen
523 2524 84 28 garden
614 2532 2 19 ;

42 2561 40 15 can
91 2554 97 28 produce
199 2560 14 14 a
221 2552 59 28 good
294 2552 114 22 character
416 2552 59 21 from
482 2559 16 14 p.
505 2551 110 22 nobleman

42 2581 51 21 with
107 2581 74 22 whom
200 2579 27 22 he
245 2579 41 22 has
303 2579 61 22 lived
379 2578 35 22 six
432 2585 70 21 years.
530 2578 85 22 Furthei

42 2608 129 27 particulars
181 2609 24 19 at
214 2606 36 22 the
260 2606 64 22 office
334 2606 25 21 of
365 2605 43 22 this
416 2613 75 20 paper.

68 2641 55 27 July
132 2642 20 26 5,
163 2641 61 20 1842.

41 2684 182 50 WANTED,
247 2684 31 28 by
301 2692 14 14 a
336 2691 80 21 person
440 2684 143 22 accustomed
602 2687 13 19 tc

135 2711 107 27 business,
258 2718 13 15 a
287 2711 106 22 situation
408 2719 24 14 as
442 2711 145 28 Storekeeper
601 2718 14 14 oi

42 2738 71 23 Clerk.
141 2738 86 23 Letters
242 2738 120 21 addressed
375 2741 22 18 to
413 2738 65 26 A.8.,
489 2738 44 22 and
548 2738 42 21 left
602 2741 13 18 a1

42 2765 37 22 the
94 2766 71 21 Office
181 2764 79 33 of^this
272 2772 78 21 paper,
364 2764 45 23 will
423 2765 28 22 be
466 2765 113 27 promptly
593 2768 22 18 at-

42 2792 85 22 tended
138 2795 28 18 to.

68 2825 56 28 July
133 2827 20 25 5,
165 2825 60 21 1842.

266 2870 54 20 For
335 2870 69 24 Sale,

42 2904 94 50 THE
149 2903 143 21 COTTAGE
308 2903 95 21 situated
413 2903 24 21 in
453 2903 102 21 Oriental
571 2903 44 28 Bay

117 2929 45 23 and
176 2929 68 27 lately
252 2929 108 27 occupied
374 2929 30 27 by
414 2929 36 22 the
468 2929 147 28 undersigned

43 2958 23 22 A
79 2957 56 27 long
152 2955 60 22 lease
229 2955 25 22 of
270 2955 38 22 the
323 2956 84 21 section
421 2963 59 20 upon
498 2956 75 22 which
590 2956 25 22 th<

41 2983 70 23 house
122 2982 76 24 stands
207 2983 44 21 will
258 2982 29 22 be
296 2982 103 27 granted.

68 3011 71 22 Town
147 3009 57 22 land
212 3009 43 21 will
263 3009 28 21 be
301 3009 68 21 taken
378 3009 24 21 in
412 3009 120 28 exchange.

67 3038 45 22 For
120 3036 86 24 further
214 3035 135 28 particulars,
361 3035 66 28 apply
435 3039 23 19 to

364 3067 95 22 George
473 3067 90 28 Duppa,
578 3075 24 14 or

362 3093 35 22 W.
414 3094 28 22 V.
457 3095 109 21 Brewer.

67 3122 57 27 July
133 3122 20 24 7,
164 3122 61 21 1842.

117 3166 135 25 ■Wanted,
267 3166 46 20 the
328 3166 78 20 Loan
420 3166 30 21 of
462 3162 79 31 £150,

45 3200 89 49 FOR
145 3199 74 22 which
237 3206 14 14 a
267 3206 56 20 very
338 3198 79 22 liberal
433 3199 93 21 interest
540 3199 46 22 will
600 3199 15 22 b(

115 3227 75 28 given,
202 3225 45 23 and
261 3225 139 28 undeniably
409 3225 92 23 secured
510 3226 30 27 by
549 3233 15 15 a
578 3227 37 21 sub

45 3254 112 27 stentially
167 3252 102 22 valuable
278 3252 45 22 and
331 3253 55 26 long
395 3252 113 22 leasehold
516 3256 99 24 property

34 3280 103 23 •situated
145 3280 24 22 in
181 3279 37 22 the
228 3283 77 19 centre
315 3279 26 22 of
352 3279 38 21 the
405 3283 66 24 town,
486 3279 43 22 and
545 3279 70 23 advan

44 3307 112 28 tageously
164 3306 32 22 let
206 3310 21 18 to
236 3309 58 19 most
308 3305 137 29 respectable
458 3309 99 19 tenants.
585 3307 30 21 Fo:

42 3334 137 27 particulars,
190 3333 66 28 apply
265 3336 24 20 to

376 3360 50 22 Mr.
441 3359 64 23 John
520 3359 80 23 Wade.

70 3387 142 27 Wellington,
223 3387 54 28 July
286 3387 20 28 7,
319 3388 60 22 1842.

199 3432 108 27 Baking
323 3432 148 26 Company.

44 3465 182 49 NOTICE.—
226 3467 26 21 A'
263 3467 104 27 Meeting
382 3466 26 22 of
419 3466 37 22 the
472 3465 143 23 Shareholder

112 3494 27 21 of
150 3492 38 22 the
193 3493 70 22 above
273 3494 118 27 Company,
395 3493 46 23 will
448 3493 30 22 be
486 3492 54 22 held
549 3495 25 19 at
584 3493 31 21 Mr

45 3519 108 28 Jenkins',
164 3519 38 21 the
209 3519 54 23 New
278 3520 131 27 Zealander,
421 3528 28 14 on
458 3519 101 26 Monday
567 3523 48 18 next

44 3545 36 23 the
89 3547 54 21 11th
152 3545 66 28 June,
229 3550 23 18 at
261 3547 13 22 7
290 3547 92 28 o'clock,
393 3547 65 23 when
470 3547 31 22 all
515 3547 100 22 Member;

45 3578 35 16 are
87 3572 119 29 requested
216 3575 21 19 to
248 3573 83 23 attend.

45 3627 69 7 ____^
335 3601 64 22 John
409 3601 81 27 Wade,
501 3601 114 22 Treasurer

217 3644 106 21 Heifers
338 3645 29 20 in
382 3645 67 22 Calf.

44 3676 88 48 FOR
146 3676 85 26 SALE,
243 3677 68 21 about
325 3678 28 22 50
362 3679 98 27 superior
469 3677 57 23 bred
538 3677 77 23 heifers

101 3705 60 21 most
178 3703 25 21 of
214 3700 61 25 them
288 3704 74 27 heavy
375 3705 24 21 in
417 3705 49 28 calf,
485 3705 45 22 and
545 3705 70 27 having

43 3729 57 23 been
119 3737 61 16 some
197 3730 52 21 time
263 3730 24 22 in
301 3730 38 22 the
359 3731 90 28 Colony,
466 3735 42 19 not
521 3732 67 22 liable
604 3735 11 18 U

44 3757 64 23 suffer
117 3759 58 21 from
185 3756 37 22 the
232 3756 75 22 effects
317 3757 26 22 of
353 3757 38 22 the
407 3759 61 21 Toot.
498 3759 48 21 The
559 3759 56 21 abov<

44 3784 64 22 cattle
125 3791 42 15 can
183 3783 28 22 be
226 3784 100 27 strongly
339 3785 180 28 recommended,
537 3793 24 14 as
576 3785 39 28 the]

43 3808 56 24 have
115 3811 57 23 been
189 3810 97 22 selected
299 3811 60 21 from
374 3811 37 21 the
426 3818 122 16 numerous
562 3812 53 22 cattL

44 3836 57 29 ships
108 3836 75 24 -which
192 3836 56 22 have
265 3837 88 22 arrived
366 3837 61 23 here.
456 3839 75 27 Apply
546 3841 23 19 to
583 3839 32 21 Mr

44 3862 95 30 Revans,
152 3865 87 19 Gazette
248 3864 70 27 office,
331 3872 24 14 or
364 3867 22 19 to
397 3865 44 21 Mr.
452 3865 86 28 Hulke,
547 3866 68 22 Evans

43 3888 53 30 Bay.
279 3897 13 5 -
324 3897 4 5 •

68 3918 63 27 Also,-
141 3916 62 24 three
214 3917 109 23 well-brec
339 3925 73 15 mares
416 3918 26 22 in
450 3918 53 28 foal,
516 3923 22 19 to
548 3919 67 28 impor

43 3944 34 21 ted
87 3944 82 23 horses.
237 3945 4 5 '
318 3949 2 10 '

646 709 92 48 MR.
749 709 85 22 JOHN
848 709 93 21 WADE
951 708 40 23 has
1006 708 37 22 the
1056 708 87 22 honour
1155 711 23 19 to
1189 715 40 14 an-

722 743 93 19 nounce,
827 735 48 22 that
883 736 30 21 he
921 735 43 23 has
978 735 102 22 received
1088 734 140 23 instructions

644 762 57 22 from
714 762 36 22 W.
766 763 26 21 B.
809 762 97 27 Rhodes,
925 762 61 28 Esq.,
1006 765 21 19 to
1046 762 41 22 sell
1105 762 29 27 by
1152 761 76 30 pnbliq
1228 771 2 6 1

644 789 98 27 auction,
753 792 23 18 at
785 789 35 21 his
830 792 75 24 stores,
916 789 33 21 Te
959 789 52 27 Aro,
1019 796 29 14 on
1057 789 103 27 Monday
1165 791 63 26 next,*

644 816 38 21 the
694 817 51 20 lltn
754 816 61 27 July,
827 817 59 26 1842,
898 819 25 17 at
936 817 11 20 1
959 816 84 21 o'clock
1052 815 109 27 precisely
1167 823 35 15 :—r
1202 830 11 15 v
1215 824 14 15 v,

671 843 49 21 The
729 843 70 21 whole
810 843 26 21 of
847 842 36 22 the
894 842 64 22 stock
967 849 39 20 per
1013 842 216 25 JB/eo7ior,-importea,

645 869 72 21 direct
726 870 57 21 from
792 869 37 22 the
845 868 55 22 herd
915 870 27 20 of
953 868 36 22 the
1005 869 121 27 proprietor
1143 866 84 29 (WVB;

644 896 100 27 Rhodes,
754 896 69 27 Esq.,)
831 896 23 21 in
862 895 112 22 excellent
980 895 119 27 condition,
1108 895 121 27 consisting'

645 923 51 21 of—
964 933 16 19 -4
988 925 3 6 l
1058 925 3 14 '
1168 930 14 18 -7
1194 929 5 3 '

671 951 28 21 28
709 949 60 28 quiet
776 948 70 22 milch
856 955 56 15 cows
921 948 25 21 in
955 943 64 31 calf,'

685 978 13 19 9
708 975 99 22 bullocks
816 975 26 21 fit
850 975 34 21 for
893 972 93 29 yoke^or
995 974 98 26 butcher,

673 1004 26 20 12
710 1005 67 19 steers
787 1002 45 21 and
841 1000 81 23 heifers
932 1001 69 21 about
1009 1003 41 20 two
1059 1008 65 20 years
1133 1001 55 22 old.-

797 1032 62 29 Alsb,
870 1035 35 20 Ex
915 1035 61 20 Lord
983 1035 90 21 Hobart.

672 1064 41 20 130
722 1061 68 28 prime
800 1068 75 21 young
884 1061 76 28 sheep,
972 1061 37 22 the
1017 1063 87 26 greater
1112 1064 50 25 part
1172 1069 56 15 ewes

645 1089 24 21 in
676 1089 69 21 lamb.

672 1115 48 22 The
731 1115 68 21 above
808 1114 62 22 stock
878 1121 37 15 are
926 1114 31 22 all
967 1115 24 21 of
998 1113 36 23 the
1039 1115 50 22 best
1097 1115 76 25 breed,
1184 1115 45 29 and;

644 1143 59 21 have
715 1142 58 22 been
788 1141 111 28 imported
912 1141 56 22 with
982 1144 60 25 great
1057 1149 57 19 care,
1130 1142 45 22 and
1192 1141 37 30 ar<£

644 1176 50 14 now
705 1169 24 21 in
743 1164 110 26 excellent
867 1168 122 27 condition,
999 1168 83 27 having
1098 1169 131 28 completely

645 1195 119 22 recovered
773 1194 38 22 the
821 1195 75 21 effects
905 1195 27 21 of
943 1194 37 22 the
990 1202 92 20 voyage.
1110 1195 48 22 The
1168 1196 61 21 Auc-

645 1223 86 21 tioneer
739 1221 141 28 respectfully
884 1222 42 22 but
936 1221 134 28 confidently
1075 1221 154 23 recommends

646 1249 62 22 them
718 1252 23 18 to
748 1249 75 28 public
832 1245 117 25 attention.

673 1277 106 21 Terms—
781 1275 77 22 Under
874 1275 54 26 £20,
951 1275 63 28 cash;
1035 1275 72 22 above
1124 1275 47 22 £20
1187 1275 42 26 anii

646 1303 73 21 under
729 1303 52 27 £40,
793 1304 12 20 1
815 1302 45 22 and
869 1304 13 20 2
892 1302 88 22 months
987 1310 5 19 ;
1008 1302 44 22 and
1064 1302 70 22 above
1145 1303 53 26 £60,
1209 1304 19 25 1,

647 1331 20 25 2,
679 1329 44 22 and
732 1331 13 20 3
753 1329 97 22 months'
860 1329 78 27 credit,
954 1336 27 14 on
997 1329 110 27 approved
1122 1329 107 22 endorsed

647 1359 150 25 acceptances.

851 1400 96 21 Public
962 1400 68 24 Sale,

807 1435 28 19 To
853 1435 50 19 close
923 1435 156 24 consignments.

649 1468 161 49 MESSRS.
825 1467 92 27 HORT,
934 1468 156 26 MOCATTA,
1098 1468 20 21 &
1124 1468 52 27 CO.,
1188 1468 41 22 will

741 1495 39 22 sell
788 1495 31 26 by
828 1495 74 27 public
908 1494 96 26 auction,
1014 1494 24 22 in
1054 1494 38 21 the
1103 1494 126 28 Exchange*

648 1522 31 22 Te
690 1522 54 27 Aro,
756 1529 29 14 on
794 1521 103 27 Tuesday
905 1524 63 24 next,
980 1521 52 27 July
1042 1522 33 26 12,
1088 1523 52 20 1842
1151 1529 6 15 :
1193 1517 35 30 ;.'V

677 1553 117 28 Liverpool
804 1560 59 21 soap,
1163 1555 3 5 '
1202 1562 5 17 ;
1217 1565 5 4 -

677 1581 103 27 Superior
786 1583 51 29 port
847 1580 56 22 wine
912 1580 26 22 in
947 1579 76 28 bottle,
1169 1577 23 20 i?

675 1609 54 25 Tea,
741 1607 86 27 raisins,
1054 1617 4 3 •
1163 1604 28 22 <*,'
1228 1606 2 3 '

678 1635 78 21 Crown
765 1634 93 22 window
865 1633 68 28 glass,
944 1633 97 22 assorted
1050 1633 62 28 sizes,
1201 1640 3 6 '
1211 1648 6 13 ..

678 1661 116 27 Crockery,
806 1660 104 27 assorted,
1159 1675 3 4 .
1171 1659 27 28 fy
1204 1678 16 8 .„.

679 1688 141 27 Glass-ware,
830 1687 120 27 consisting
965 1687 25 21 of
1001 1686 48 22 rich
1064 1690 39 19 cut
1117 1685 112 35 andlpl^n

651 1715 122 25 decanters,
785 1714 48 22 rich
842 1717 37 19 cut
888 1714 46 22 and
943 1713 61 28 plain
1016 1714 113 27 tumblers,
1140 1714 89 22 riem'cut

652 1742 44 21 and
705 1741 60 28 plain
773 1741 58 22 wine
841 1741 88 27 glasses,
941 1740 48 22 rich
1004 1744 36 18 cut
1054 1741 46 21 and
1112 1741 61 28 plain
1183 1741 46 21 salt-

621 1786 2 4 ,
651 1769 83 26 sellars,
746 1771 61 19 cruet
816 1768 82 26 stands,
1170 1774 8 12 *
1206 1768 9 6 *
1222 1788 3 9 (

679 1795 134 26 Negrohead
825 1795 97 26 tobacco,
934 1794 77 27 cigars,
1022 1793 64 28 snuff,
1154 1809 36 13 *-„
1197 1805 20 16 v-
1226 1809 2 5 ■

679 1822 116 27 Saddlery,
807 1821 157 28 Europe-rope,
1161 1822 8 16 •^
1173 1818 7 15 i
1181 1823 9 17 *.
1201 1824 26 11 -'*

621 1852 2 18 !
680 1849 51 21 One
741 1856 47 14 case
799 1848 66 22 India
874 1848 42 22 silk
926 1847 177 27 handkerchiefs,
1223 1856 5 8 »

679 1875 210 22 Double-barrelled
896 1875 53 21 flint
958 1882 61 19 guns,

621 1899 2 30 [
679 1902 54 22 Iron
743 1902 44 22 and
795 1901 92 23 wooden
895 1901 95 23 window
1000 1902 88 26 frames,
1212 1901 10 26 £

621 1931 2 26 I
679 1929 162 27 Ironmongery
850 1928 44 22 and
901 1928 138 26 brass-ware,
1205 1926 18 26 \

679 1955 90 28 Diaper,
785 1963 59 19 rugs,
855 1955 122 28 carpeting,
994 1955 69 21 broad
1073 1954 67 27 cloth,
1154 1954 75 27 linens]

653 1983 98 23 damasK.
775 1982 100 27 calicoes,
883 1992 10 5 -
901 1982 100 27 muslins,
1030 1981 87 27 checks,
1148 1985 81 18 trowser

621 2012 2 24 I
651 2010 83 27 pieces,
744 2009 78 28 lining,
834 2009 83 26 thread,
929 2008 73 22 white'
1006 2008 43 22 and
1057 2008 111 27 coloured,
1179 2008 41 22 &c.

621 2047 2 19 j
710 2043 23 13 «-fr
971 2051 12 10 U
1163 2042 51 23 V,''*
1214 2039 5 8 1
1223 2051 5 3 -
1228 2046 2 5 1
1228 2049 2 5 '

622 2060 8 22 .'"
639 2057 246 32 '^*""Gunpo*w'der7"ahd
894 2066 13 15 a
1025 2059 26 22 of
1056 2059 96 28 poultry.

622 2086 5 27 [■
800 2094 76 15 LYNCH
896 2094 30 14 AT
946 2088 27 20 12
987 2094 13 14 O
1010 2094 78 14 CLOCK.

621 2114 2 26 [
860 2114 79 22 Terms
949 2117 23 18 at
981 2113 51 23 sale.

762 2159 169 20 Unreserved
945 2158 94 21 Public
1059 2158 69 20 Sale.

653 2192 160 50 MESSRS.
837 2191 151 22 BETHUNE
1011 2190 67 23 AND
1105 2190 124 23 HUNTER

743 2218 44 22 will
801 2218 40 22 sell
852 2218 30 28 by
891 2218 76 28 public
976 2218 94 26 auction,
1082 2220 23 19 at
1114 2218 115 21 Lambton-

622 2261 1 7 ,
652 2253 67 20 quay,
736 2253 28 14 on
779 2245 116 27 Thursday
903 2248 63 24 next,
983 2244 37 22 the
1035 2244 52 22 14th
1102 2244 60 27 July,
1173 2247 24 18 at
1209 2246 20 20 12

622 2272 1 7 '
653 2272 86 22 o'clock
747 2272 112 28 precisely,
870 2272 94 22 without
973 2279 84 14 reserve
1065 2279 5 14 :
1074 2282 27 5 —

679 2301 28 20 30
715 2300 65 21 hhds.
790 2299 51 27 pale
851 2298 40 28 ale,

622 2345 1 8 p
680 2327 28 21 10
715 2326 65 22 hhds.
789 2326 118 27 Taragona
915 2325 42 22 red
966 2325 62 28 wine,

679 2353 14 21 5
703 2352 64 22 hhds.
776 2353 78 21 brown
863 2353 86 31 sherry^

680 2380 42 22 150
732 2380 69 21 dozen
808 2381 50 26 port
867 2380 64 26 wine,
941 2379 26 21 in
976 2379 61 21 three
1047 2378 74 22 dozen
1131 2385 67 21 cases,

680 2409 14 19 6
703 2406 88 22 baskets
800 2406 98 27 superior
906 2406 144 28 champagne,

680 2434 13 20 5
703 2434 83 21 barrels
795 2433 82 27 golden
883 2432 85 28 sherry,

622 2460 1 31 J
680 2460 14 21 5
705 2463 49 19 tons
763 2467 59 20 soap,

622 2497 5 21 f
680 2488 29 21 20
718 2490 48 19 tons
775 2487 49 27 salt,

682 2516 28 20 10
719 2514 83 22 barrels
810 2514 69 27 prime
889 2521 61 15 mess
958 2514 58 26 beef,

622 2558 3 15 i
682 2543 12 19 1
705 2548 50 14 case
764 2541 71 27 shoes,

622 2587 1 12 L
622 2585 3 5 .
680 2570 16 20 2
706 2575 60 15 cases
773 2568 78 27 prints,

682 2597 28 19 10
719 2594 62 22 casks
790 2594 111 27 blacking,

681 2623 29 20 28
720 2628 59 15 cases
788 2621 76 22 mixed
873 2621 92 28 pickles,

682 2651 14 19 9
706 2656 60 14 cases
774 2648 106 28 mustard,

622 2692 3 14 ,
683 2675 26 21 15
720 2682 58 15 cases
788 2675 98 27 vinegar,
898 2674 63 23 three
969 2675 68 21 dozen
1045 2675 82 21 bottles
1136 2674 61 28 each,

622 2719 4 14 r
682 2704 15 20 2
707 2702 62 22 casks
779 2703 89 21 cabinet
876 2701 45 28 ink,

622 2741 4 18 f.
683 2731 27 19 10
719 2736 61 14 cases
792 2729 98 22 assorted
900 2735 83 21 sauces,

681 2757 17 21 4
707 2763 52 14 cans
769 2756 134 27 turpentine,

683 2785 43 19 200
734 2783 53 27 kegs
795 2783 67 22 white
874 2783 68 26 leads,

685 2811 27 21 10
722 2816 59 15 cases
790 2809 99 22 muskets
899 2809 45 22 and
952 2809 65 28 rifles,

685 2838 11 20 1
707 2839 76 29 patent
793 2844 53 14 corn
856 2836 54 27 mill,

685 2865 12 19 1
708 2863 80 27 hshing
798 2863 67 27 seine,

684 2890 14 21 5
707 2889 115 27 packages.
825 2890 47 27 slop
881 2889 107 28 clothing,

622 2920 5 11 »
669 2930 6 6 •-
686 2918 11 20 1
708 2919 39 19 ton
755 2916 119 22 Mauritius
882 2923 73 20 sugar,

622 2946 5 6 '
686 2943 22 21 A
727 2943 101 27 quantity
844 2943 26 21 of
884 2943 164 28 ironmongery,
1067 2943 52 23 well
1136 2943 93 23 assorted

659 2969 46 22 and
714 2969 88 21 various
811 2969 63 21 other
882 2969 77 27 goods.

733 3003 76 14 LUNCH
824 3003 14 14 A
853 3003 107 15 QUARTER
974 3004 86 14 BEFORE
1075 3004 99 15 TWELVE.

660 3022 143 27 Wellington,
815 3022 55 28 July
879 3024 21 25 6,
910 3023 63 21 1842.

850 3067 25 21 J.
891 3068 38 20 M.
945 3068 107 25 Taylor,

673 3100 153 22 LICENSED
850 3100 239 23 CUSTOM-HOUSE
1112 3102 116 27 AGENT,

905 3135 28 14 TE
948 3135 52 14 ARO.

715 3170 28 22 R.
772 3170 175 27 TURNBUDL,
977 3171 153 28 SURGEON,
1154 3171 75 22 intend

727 3197 120 28 practising
855 3197 38 22 the
902 3198 88 21 various
999 3198 143 24 branches,of
1152 3199 33 21 his
1194 3206 35 20 pro

622 3239 8 4 -
660 3223 88 28 fession,
759 3223 47 23 and
818 3232 53 19 may
878 3224 36 22 for
929 3225 39 22 the
981 3228 90 24 present
1084 3225 30 22 be
1131 3227 98 20 consultei

660 3253 23 19 at
692 3251 74 21 Baron
778 3250 120 23 Alzdorf's.

622 3293 7 3 -
687 3277 69 22 River
764 3277 66 28 Hutt,
842 3277 59 23 June
911 3277 34 28 17,
957 3279 59 21 1842.
1228 3287 2 7 ■

622 3314 8 14 r
661 3321 65 28 Ship
741 3323 82 20 Hotel
838 3323 20 20 &
874 3323 114 26 Tavern,
1002 3324 131 20 Manners
1148 3324 81 20 Street

809 3356 42 22 BY
864 3356 90 22 JOHN'
966 3356 129 27 FULLER,

661 3389 80 21 WINES,
753 3389 94 21 SPIRITS,
858 3390 46 14 AND
914 3390 63 14 MALT
987 3390 97 16 LIQUORS
1095 3390 27 15 OF
1133 3390 96 20 SIJPERIO]

898 3416 108 16 QUALITY.

735 3434 154 23 Commodious
898 3443 75 15 rooms
983 3436 51 22 with
1043 3436 58 27 good
1109 3437 62 22 beds,

622 3472 8 15 s
687 3470 91 20 Dinners
795 3471 37 24 got
853 3470 62 26 ready
936 3476 27 14 on
982 3470 34 21 the
1029 3472 93 19 shortest
1141 3472 75 21 notice.

742 3504 30 14 AN
782 3504 119 14 ORDINARY
910 3504 71 15 DAILY
991 3505 28 14 AT
1034 3499 11 20 1
1060 3498 103 22 O'CLOCK.

622 3554 7 14 s
802 3541 143 22 CHARLES
951 3558 4 12 ,
960 3542 140 28 HARVEY,
1202 3528 27 4 ~~

846 3575 10 3 ~
866 3576 103 26 Tailor,
983 3577 53 25 &c,
1046 3596 4 5 .

622 3617 7 17 Z
788 3610 113 26 Adjoining
915 3611 72 21 Kumu
1002 3611 50 21 Toto
1065 3612 56 27 Pah,

874 3650 156 20 WELLINGTON,

661 3668 106 49 BEGS
781 3670 24 19 to
820 3671 77 20 return
913 3669 83 22 thanks
1013 3673 21 18 to
1051 3670 38 21 the
1105 3672 80 25 gentry
1199 3676 30 14 an<

736 3695 75 28 public
821 3695 23 21 of
853 3696 56 22 New
920 3696 99 22 Zealand
1028 3697 35 21 for
1070 3697 38 21 the
1117 3698 90 28 support
1215 3695 14 21 hi

660 3722 41 22 has
715 3721 103 23 received
832 3722 58 22 from
905 3723 64 22 them
983 3724 59 21 since
1055 3724 30 21 he
1100 3730 129 15 commence!

622 3766 6 14 B
660 3748 107 27 business,
785 3749 45 21 and
849 3749 27 22 he
894 3757 87 14 assures
997 3750 60 22 them
1073 3750 50 23 that
1137 3750 18 21 it
1209 3749 20 21 hi

622 3793 6 4 „
660 3775 111 22 intention
780 3778 24 19 to
813 3776 104 22 continue
927 3777 36 21 his
978 3780 58 19 most
1050 3780 118 18 strenuous
1182 3782 47 15 exer

622 3820 6 14 g
661 3803 58 21 tions
729 3805 22 18 to
761 3802 67 22 merit
836 3810 14 14 a
859 3804 149 21 continuance
1017 3803 25 22 of
1049 3803 58 22 their
1115 3805 114 26 patronage

724 3834 28 21 H.
762 3833 63 22 takes
840 3834 43 22 this
904 3834 143 28 opportunity
1061 3832 31 25 of.
1099 3834 82 26 stating
1197 3832 32 22 tha

622 3866 6 20 i'
660 3860 34 23 his
705 3860 62 23 stock
776 3860 94 23 consists
879 3861 25 22 of
916 3868 14 14 a
939 3861 59 27 good
1006 3861 85 27 variety
1102 3861 26 21 of
1133 3859 96 29 superfin

661 3887 79 28 cloths,
750 3886 109 29 doeskins,
875 3889 91 25 tweeds,
1119 3886 110 22 velveteen

622 3931 7 5 _
660 3914 57 28 pilot
732 3914 65 27 cloth,
809 3914 40 22 &c.
859 3914 48 27 &c,
922 3914 47 23 and
983 3914 33 22 bis
1027 3914 94 27 charges
1131 3914 47 25 (for
1195 3919 34 14 cas,

660 3942 59 26 only)
731 3940 120 24 moderate.
903 3959 4 4 .
1062 3942 97 25 ,1

1392 707 87 20 Town
1496 706 31 21 of
1539 706 165 21 Manewatu.

1261 739 91 22 mHE
1371 738 214 24 PROPRIETORS
1610 739 26 22 of
1658 739 38 21 the
1717 738 61 22 three
1793 739 48 21 first

1236 782 3 3 .
1267 762 29 27 _L
1346 765 86 23 choices
1448 769 24 19 at
1480 766 38 22 the
1535 765 45 23 last
1594 765 104 23 selection
1709 765 25 22 of
1748 769 93 24 country

1259 792 70 27 lands,
1342 792 81 28 having
1442 793 138 21 determined
1593 800 60 19 upon
1669 792 39 22 the
1724 792 40 22 site
1778 792 35 22 for
1827 800 14 14 a

1235 831 2 9 -
1272 825 92 23 TOWN
1379 826 43 22 ON
1435 826 65 22 THE
1514 825 189 25 MANEWATU
1717 825 106 27 RIVER,

1259 853 55 21 after
1319 854 77 19 several
1403 854 59 19 visits
1471 856 22 18 to
1502 852 38 22 the
1550 852 184 27 neighbouroood,
1746 852 47 21 and
1803 851 36 22 the

1258 882 57 19 most
1334 879 82 22 careful
1433 879 45 22 and
1495 878 85 22 minute
1599 879 150 22 examination
1764 879 26 21 of
1803 878 36 22 the

1260 910 69 18 eiitire
1345 906 89 27 district,
1449 905 67 22 aided
1531 905 31 27 by
1571 905 38 22 the
1624 904 143 29 professional
1782 904 56 28 skill,

1259 932 133 27 knowledge,
1413 932 43 22 and
1470 932 132 28 experience
1617 932 24 21 of
1653 931 36 22 the
1705 935 61 18 most
1780 939 60 14 com-

1258 962 76 24 petent
1340 958 85 28 judges,
1442 965 94 21 propose
1551 962 24 17 to
1590 958 54 21 offer
1654 958 34 21 for
1703 957 103 28 disposal,
1817 962 24 17 at

1406 986 36 21 the
1456 988 89 25 present
1554 984 61 27 time,
1626 984 66 21 about

1259 1018 215 22 TWENTY-FIVE
1508 1017 107 26 ACRES,
1653 1017 35 21 IN
1726 1017 114 22 ALLOT-

1259 1045 110 27 MENTS,
1385 1045 85 22 EACH
1491 1044 40 22 OF
1556 1044 63 22 ONE
1639 1043 148 25 QUARTER
1801 1044 39 22 OF

1471 1071 45 21 AN
1531 1071 91 21 ACRE.

1284 1097 49 23 The
1340 1101 48 24 spot
1396 1098 50 22 thus
1456 1097 96 23 selected
1563 1104 109 21 possesses
1681 1096 38 22 the
1729 1100 58 18 most
1803 1104 38 14 ex-

1235 1125 2 4 '
1258 1125 84 21 tensive
1355 1125 100 26 frontage
1469 1127 22 18 to
1509 1124 56 27 deep
1576 1127 68 19 water
1658 1124 26 21 of
1694 1130 44 20 any
1754 1130 29 15 on
1803 1124 37 21 the

1235 1157 2 5 '
1259 1152 63 22 river.
1351 1151 21 22 It
1389 1151 19 21 is
1426 1150 96 22 situated
1537 1151 47 26 just
1597 1153 23 19 at
1635 1150 47 22 that
1700 1151 64 26 point
1782 1150 58 22 from

1321 1177 71 23 which
1401 1185 14 14 a
1423 1177 54 22 road
1488 1176 73 22 would
1569 1176 84 22 branch
1663 1176 33 22 off
1702 1180 23 18 to
1734 1176 39 22 the

1260 1212 93 15 WOODED
1375 1212 46 14 AND
1441 1211 99 15 FERTILE
1560 1210 115 15 DISTRICTS
1695 1210 77 15 ALONG
1796 1211 45 14 THE

1427 1238 55 14 BASE
1497 1237 27 14 OF
1540 1237 45 14 THE
1599 1237 73 20 HILLS,

1261 1257 42 23 and
1316 1257 69 22 above
1394 1257 74 22 which
1477 1256 36 22 the
1528 1256 127 26 navigation
1669 1256 34 21 for
1713 1256 82 22 vessels
1803 1256 39 22 be-

1263 1292 73 15 comes
1345 1285 83 25 tedious,
1439 1285 24 25 if
1467 1285 37 19 not
1513 1284 95 26 difficult.
1637 1283 21 21 It
1663 1283 20 21 is
1689 1282 108 22 therefore
1804 1283 37 21 the

1455 1310 63 28 point
1526 1310 73 22 where
1610 1310 37 21 the

1262 1344 87 23 LAND
1364 1344 66 23 AND
1444 1344 115 21 WATER
1573 1343 160 22 CARRIAGE
1748 1342 93 27 MEET,

1263 1372 42 21 and
1314 1371 73 22 where
1395 1379 22 15 a,
1418 1371 70 22 Town
1503 1378 61 14 must
1580 1378 28 13 be
1622 1377 90 14 formed
1728 1369 66 22 when
1804 1369 39 21 the

1263 1398 83 22 district
1360 1398 19 21 is
1389 1398 85 21 settled.
1503 1397 23 22 It
1535 1404 44 14 was
1589 1396 95 22 selected
1698 1396 32 27 by
1739 1396 39 21 the
1791 1397 53 21 Sur-

1262 1424 80 28 veying
1352 1424 56 22 Staff
1420 1432 23 14 as
1453 1424 37 21 the
1499 1424 138 21 rendezvous
1645 1423 36 21 for
1694 1422 58 22 their
1766 1422 61 27 body
1836 1430 5 19 ;

1263 1452 42 21 and
1315 1451 40 22 has
1363 1452 57 21 been
1429 1458 50 15 now
1491 1451 79 27 found,
1580 1451 57 20 after
1648 1449 85 22 several
1747 1449 96 21 months'

1262 1478 102 27 location,
1375 1480 22 19 to
1411 1478 27 21 be
1447 1477 37 22 the
1495 1480 58 19 most
1567 1477 164 26 advantageous
1738 1476 105 27 position,

1263 1505 58 22 from
1336 1505 26 21 its
1376 1504 98 27 peculiar
1493 1504 87 27 facility
1594 1503 26 22 of
1630 1502 112 29 approach
1751 1503 54 21 both
1813 1503 31 26 by

1263 1531 53 22 land
1326 1531 43 22 and
1378 1534 73 19 water.

1291 1558 29 21 In
1331 1558 150 21 confirmation
1490 1557 26 21 of
1522 1557 38 21 the
1570 1556 129 28 superiority
1710 1555 25 22 of
1743 1555 44 22 this
1797 1558 47 25 spot

1265 1591 52 16 over
1326 1591 43 21 any
1378 1584 61 22 other
1447 1586 39 25 yet
1493 1583 90 26 known,
1596 1583 37 21 the
1643 1583 90 21 Messrs.
1741 1582 103 27 Kebbell,

1265 1612 59 21 after-
1338 1611 37 22 the
1394 1611 150 22 examination
1561 1610 25 22 of
1601 1610 38 21 the
1655 1609 60 21 river
1731 1609 58 21 from
1808 1609 36 21 the

1266 1638 89 23 Paneiri
1363 1638 47 21 Pah
1418 1640 23 19 to
1449 1637 30 22 its
1488 1637 87 26 mouth,
1585 1635 138 23 determined
1736 1642 30 15 on
1776 1638 68 19 erect-

1499 1664 40 27 ing
1551 1663 59 22 their

1235 1696 2 28 i
1267 1698 66 22 SAW
1346 1698 79 22 MILL
1444 1696 230 24 IMMEDIATELY
1689 1696 155 22 OPPOSITE.

1236 1729 1 5 '
1265 1725 48 23 The
1418 1724 24 22 of
1458 1724 48 22 that
1524 1724 167 22 establishment
1710 1730 37 15 are
1766 1725 23 19 at
1805 1722 39 22 this

1236 1753 1 4 '
1266 1755 99 19 moment
1382 1752 23 21 in
1420 1751 62 28 rapid
1496 1757 108 21 progress,
1623 1750 41 22 and
1683 1750 38 21 the
1738 1749 106 28 proposed

1266 1779 70 22 Town
1343 1779 45 21 will
1396 1776 132 28 necessarily
1533 1778 92 27 partake
1632 1777 24 21 of
1661 1776 44 22 this
1716 1776 128 27 advantage.

1283 1804 58 24 'The
1359 1805 90 22 nucleus
1465 1804 25 22 of
1505 1812 14 14 a
1536 1806 70 20 Tovrn
1621 1804 25 26 is,
1655 1803 24 22 in
1693 1803 51 27 fact,
1757 1802 87 28 already

1267 1832 95 26 created,
1370 1832 31 27 by
1409 1832 37 21 the
1457 1830 165 22 concentration
1637 1830 24 22 of
1676 1830 37 21 the
1724 1829 120 27 Surveying

1267 1859 57 22 Staff
1332 1866 28 14 on
1369 1859 47 21 that
1425 1861 55 24 spot,
1491 1865 24 14 as
1524 1858 38 21 the
1573 1860 73 19 centre
1662 1856 24 22 of
1697 1856 147 22 commiinica-

1267 1886 46 21 tion
1324 1889 21 17 to
1356 1886 36 21 the
1402 1884 147 27 surrounding
1559 1884 95 26 district;
1670 1883 38 22 the
1719 1883 96 22 erection
1826 1883 18 21 of

1267 1912 90 22 Messrs,
1368 1912 114 22 Kebbell's
1496 1912 51 21 Saw
1562 1910 64 22 Mills
1641 1910 96 28 opposite
1745 1917 6 19 ;
1767 1910 30 26 by
1810 1909 34 22 the

1267 1943 161 23 arrangements
1441 1938 36 21 for
1491 1945 30 14 an
1538 1938 111 21 extensive
1660 1936 99 23 General
1771 1937 61 20 Store
1841 1944 3 19 ;

1236 1968 2 25 ;'
1267 1966 44 21 and
1322 1967 28 25 by
1358 1966 37 21 the
1404 1966 43 20 late
1457 1964 133 28 application
1596 1964 34 21 for
1639 1971 12 14 a
1656 1963 110 22 Licensed
1773 1962 71 22 House

1267 2000 28 14 on
1303 1992 39 22 the
1350 1995 49 24 part
1408 1992 24 22 of
1444 1999 30 14 an
1482 1990 124 22 individual
1620 1990 47 22 who
1681 1990 49 26 has,
1740 1990 61 21 since
1811 1989 33 22 the

1241 2035 4 2 -
1267 2019 122 21 formation-
1401 2019 25 21 of
1439 2018 38 21 the
1494 2018 91 26 Colony,
1601 2016 95 28 pursued
1713 2023 13 14 a
1743 2016 101 22 lucrative

1266 2046 129 20 ti-ade-"ith'
1401 2045 36 20 tits
1447 2044 99 25 aativcSf
1547 2044 54 20 -and.
1608 2043 71 21 whose
1689 2042 155 26 kn^lodgo-of

1267 2072 36 21 the
1314 2071 133 27 advantages
1458 2070 24 21 of
1489 2070 38 21 the
1537 2070 100 26 position,
1643 2068 117 28 prompted
1770 2068 46 22 him
1826 2071 18 19 at

1268 2105 56 14 once
1335 2101 21 18 to
1363 2098 74 31 prefer
1445 2096 49 22 that
1505 2096 142 27 application.

1293 2124 48 22 The
1351 2124 91 22 Natives
1456 2124 31 26 by
1496 2123 74 22 whom
1584 2122 45 22 this
1638 2122 53 21 land
1702 2129 45 14 was
1756 2121 88 23 claimed

1267 2159 37 14 are
1314 2152 59 26 quite
1383 2150 108 28 prepared
1500 2152 22 19 to
1531 2149 51 27 give
1588 2157 30 19 up
1625 2149 129 27 possession,
1764 2148 44 22 and
1813 2156 31 14 are

1267 2178 144 26 exceedingly
1420 2177 92 21 anxious
1526 2180 23 17 to
1564 2176 58 22 have
1631 2183 13 14 a
1653 2176 120 27 European
1782 2183 62 20 popu-

1236 2206 1 6 l
1266 2204 69 22 ation
1344 2211 80 20 among
1434 2204 66 26 them,
1512 2203 84 26 having
1613 2202 56 22 been
1677 2209 60 21 upon
1748 2202 38 21 the
1795 2205 49 18 raosl

1235 2229 2 28 ',
1266 2231 96 27 friendly
1367 2231 86 26 footing
1463 2230 53 21 with
1525 2230 38 21 the
1575 2230 128 26 Surveying-
1709 2228 57 22 Staff
1773 2228 71 27 during

1235 2258 2 7 '
1265 2258 38 22 the
1312 2258 50 22 four
1369 2265 26 14 or
1403 2258 43 21 five
1456 2256 89 23 months
1553 2256 54 27 they
1627 2256 56 21 have
1696 2256 58 21 been
1757 2255 87 27 .located

1265 2284 71 23 there.

1294 2312 33 21 As
1337 2311 36 22 the
1380 2310 137 28 Proprietors
1526 2317 95 20 purpose
1629 2312 22 19 to
1660 2308 87 28 dispose
1757 2308 26 22 of
1789 2308 40 22 but
1839 2315 5 14 a

1266 2338 85 22 limited
1364 2337 88 27 portion
1469 2337 26 21 of
1505 2336 39 22 the
1558 2337 71 22 Town
1643 2339 22 18 at
1681 2338 97 25 present,
1799 2335 45 27 thej

1265 2365 79 27 pledge
1354 2364 131 22 themselves
1493 2364 56 26 that,
1561 2366 22 19 at
1592 2370 30 15 no
1640 2362 73 22 future
1723 2362 62 26 sales,
1797 2362 47 22 shal

1268 2392 37 21 the
1316 2392 125 21 allotments
1449 2391 29 21 be
1487 2393 40 25 put
1533 2397 31 20 up
1575 2392 22 19 at
1607 2397 14 14 a
1630 2387 44 24 less
1684 2396 49 15 sum
1742 2389 55 21 than
1805 2396 39 15 nov

1268 2418 88 22 offered.

1295 2452 22 22 A
1336 2452 131 27 Prospectus
1485 2450 46 22 and
1550 2450 57 22 Plan
1627 2450 25 22 of
1664 2449 39 22 the
1722 2449 69 22 Town
1809 2449 35 22 wil

1269 2479 85 27 shortly
1362 2479 27 21 be
1399 2478 68 27 ready
1475 2477 34 22 for
1517 2477 126 27 inspection
1657 2479 23 19 at
1692 2476 38 22 the
1741 2475 81 23 Offices
1832 2483 12 14 o:

1270 2506 89 21 Messrs.
1369 2505 70 21 Waitt
1447 2504 46 22 and
1502 2505 76 26 Tyser,
1589 2504 33 22 Te
1631 2504 53 22 Aro.

1296 2536 142 27 Wellington,
1450 2536 65 27 April
1524 2537 35 25 22,
1570 2536 62 21 1842.

1303 2581 195 21 Manewatu—
1500 2580 85 26 cheap
1601 2580 76 20 Land
1692 2579 43 20 for
1749 2579 68 20 Sale.

1273 2615 51 48 A
1340 2613 198 23 GENTLEMAN
1556 2613 83 26 having
1653 2612 99 22 selected
1770 2619 74 15 severa

1352 2641 94 22 sections
1456 2641 24 21 in
1495 2647 44 14 one
1554 2640 67 21 block
1629 2641 23 20 in
1670 2639 39 22 the
1727 2639 117 22 Manewati

1272 2668 96 27 district;
1390 2668 64 21 offers
1472 2670 22 18 to
1508 2667 48 21 real
1570 2667 132 26 cultivators,
1721 2672 90 21 persons
1832 2673 12 13 o:

1272 2694 64 23 small
1351 2694 86 27 capital,
1448 2693 45 22 and
1509 2693 39 22 the
1564 2693 99 27 working
1679 2693 87 26 classes,
1778 2696 23 17 to
1811 2691 33 23 dis-

1271 2729 52 20 pose
1332 2721 24 22 of
1366 2722 36 21 the
1413 2728 67 19 same,
1489 2721 25 20 in
1524 2720 38 21 the
1572 2720 113 26 following
1693 2726 96 14 manner
1797 2726 6 14 :
1804 2729 29 5 —

1298 2748 24 21 It
1333 2748 18 21 is
1364 2747 109 29 proposed
1486 2750 23 18 to
1526 2747 137 28 appropriate
1679 2746 68 22 about
1761 2748 83 24 twenty-

1275 2775 42 21 five
1328 2782 60 15 acres
1397 2775 34 21 for
1441 2781 14 14 a
1463 2777 59 19 town
1533 2780 29 15 on
1571 2773 38 22 the
1623 2773 72 22 banks
1705 2773 26 21 of
1740 2772 39 22 the
1789 2773 55 21 river

1274 2801 68 27 depth
1356 2801 24 22 of
1398 2801 37 22 the
1450 2804 69 19 water
1533 2800 63 21 three
1615 2799 44 22 and
1676 2807 13 13 a
1704 2799 51 21 half
1766 2802 23 18 to
1805 2799 39 21 foui

1272 2828 96 21 fathoms
1383 2828 58 22 close
1455 2830 24 19 to
1493 2827 40 22 the
1548 2827 72 27 shore,
1634 2826 24 22 of
1668 2825 74 23 which
1757 2825 63 22 there
1837 2825 7 22 ii

1273 2855 124 27 something
1409 2855 44 21 less
1467 2854 56 21 than
1534 2860 13 15 a
1562 2853 54 22 mile
1625 2853 23 21 in
1661 2852 78 27 length
1747 2860 6 19 ;
1768 2852 38 22 the
1821 2860 23 14 re-

1274 2881 98 22 mainder
1382 2881 26 22 of
1418 2881 38 22 the
1470 2880 55 22 land
1541 2883 23 19 to
1580 2881 29 21 be
1626 2879 89 23 divided
1730 2879 46 22 into
1792 2879 52 22 smal

1273 2909 74 26 farms,
1359 2908 25 22 of
1394 2908 43 23 five
1446 2915 25 14 or
1481 2910 38 19 ten
1535 2914 63 15 acres
1615 2907 59 26 each,
1686 2914 67 19 every
1761 2906 83 27 purcha

1274 2942 34 15 ser
1319 2935 24 22 of
1354 2935 42 22 five
1406 2942 61 15 acres
1476 2937 23 19 to
1507 2935 31 21 be
1554 2933 90 22 entitled
1660 2936 23 19 to
1693 2940 42 15 one
1746 2933 98 22 sixteentl

1236 2959 5 11 '
1274 2962 25 21 of
1310 2969 14 14 a
1333 2964 57 21 town
1401 2969 48 14 acre
1460 2961 123 28 GRATIS,
1595 2961 46 22 and
1653 2968 25 14 so
1693 2967 31 15 on
1732 2960 25 22 in
1766 2966 78 21 propor

1274 2989 55 22 tion.

1302 3016 80 26 Spaces
1395 3015 45 22 will
1455 3015 29 22 be
1497 3015 43 22 left
1554 3014 37 22 for
1606 3013 136 23 ornamental
1757 3020 87 21 squares

1236 3053 6 5 -
1273 3044 87 19 market
1367 3042 81 28 places,
1459 3049 77 20 quays,
1546 3041 76 28 places
1630 3041 32 22 for
1670 3040 76 29 public
1754 3039 90 28 worship

1274 3069 74 27 public
1359 3069 120 27 buildings,
1491 3069 41 21 &c.
1774 3065 4 16 s

1302 3095 47 22 The
1358 3095 55 22 land
1420 3095 19 22 is
1444 3095 30 22 .of
1484 3095 39 22 the
1533 3102 54 24 very
1597 3095 47 21 first
1657 3093 93 28 quality,
1760 3095 84 20 watere<

1274 3122 30 27 by
1314 3122 64 21 small
1385 3125 98 24 streams,
1494 3121 70 28 finely
1571 3121 109 22 timbered
1688 3121 25 21 in
1729 3120 74 27 places
1812 3126 32 14 an<

1236 3159 5 3 -
1274 3152 61 24 parts
1343 3149 89 27 already
1442 3149 96 26 cleared,
1549 3148 45 22 and
1609 3148 20 21 is
1642 3146 152 27 immediately
1804 3152 40 16 con

1236 3179 9 14 s
1275 3176 88 26 tiguous
1378 3179 23 18 to
1416 3176 37 21 the
1470 3176 57 21 lines
1543 3175 26 22 of
1586 3175 39 21 the
1639 3175 50 21 best
1701 3173 76 28 public
1792 3172 52 22 road

1236 3209 9 7 *•
1274 3202 91 28 leading
1373 3205 23 19 to
1406 3202 53 23 Port
1468 3202 133 22 Nicholson.

1236 3225 13 26 d.
1302 3229 59 21 Cash
1368 3232 123 24 payments,
1502 3229 55 22 with
1564 3228 37 21 the
1611 3226 117 29 exception
1737 3226 26 22 of
1771 3233 13 14 a
1794 3225 50 23 smal

1275 3255 91 28 deposit,
1376 3256 46 22 will
1429 3259 41 18 not
1478 3256 28 21 be
1520 3254 110 28 required,
1641 3255 40 21 but
1694 3252 112 29 approved
1820 3259 24 15 ac

1276 3285 116 25 ceptances
1400 3282 93 28 payable
1503 3285 24 19 at
1536 3282 77 26 along
1622 3277 49 25 date
1688 3287 24 15 or
1723 3279 62 22 other
1794 3286 50 15 secu

1275 3309 62 22 rities
1347 3316 24 15 or
1384 3309 130 22 LABOUR
1526 3308 47 22 will
1587 3308 28 21 be
1624 3307 67 22 taken
1705 3313 25 15 as
1742 3309 102 25 payment

1236 3336 8 13 ''
1275 3335 71 22 There
1356 3336 45 22 will
1409 3336 28 22 be
1447 3343 30 14 no
1493 3335 43 22 law
1551 3335 91 26 charges
1655 3334 35 23 for
1705 3333 39 22 the
1759 3340 85 20 convey

1275 3369 71 15 ances'
1361 3363 24 21 of
1401 3363 38 22 the
1456 3364 112 26 property,
1585 3360 129 23 immediate
1732 3359 112 28 possessioi

1236 3390 10 15 R
1275 3389 46 22 will
1329 3389 28 22 be
1365 3390 65 26 given
1446 3392 23 19 to
1482 3389 40 21 the
1533 3388 121 28 purchaser
1667 3387 47 22 and
1730 3394 80 20 money
1819 3386 25 22 ad

1276 3416 86 22 vanced
1369 3416 21 21 if
1399 3415 110 29 required.

1303 3443 48 22 The
1361 3443 124 27 Proprietor
1493 3441 90 23 intends
1598 3444 23 19 to
1636 3441 70 22 reside
1723 3448 29 14 on
1760 3439 39 23 the
1807 3446 37 21 pro

1275 3472 71 25 perty,
1357 3469 44 22 and
1409 3470 91 27 pledges
1506 3468 93 23 himself
1604 3471 23 19 to
1637 3467 94 28 employ,
1739 3467 105 23 wheaeve

1274 3496 141 48 firacticable,
1425 3496 51 27 only
1486 3496 63 21 those
1564 3495 51 22 who
1632 3502 35 15 are
1683 3493 90 23 located
1782 3500 28 15 on
1819 3493 25 21 thi

1284 3523 51 21 and.

1302 3549 140 28 Application
1449 3549 46 22 will
1509 3549 29 22 be
1553 3548 67 23 made
1625 3550 31 19 'to
1670 3547 39 22 the
1724 3546 120 27 Legislativi

1276 3576 91 22 Council
1375 3577 35 21 for
1420 3583 28 14 an
1458 3577 45 20 Act
1511 3580 24 17 to
1544 3575 100 27 regulate
1653 3574 37 22 the
1699 3573 116 27 township.

1302 3603 36 26 By
1347 3603 37 22 the
1394 3603 69 22 above
1481 3605 156 24 arrangement
1644 3601 37 21 the
1691 3606 107 21 expenses
1808 3599 26 21 of
1843 3606 2 14 i

1274 3629 73 28 public
1357 3629 44 22 sale
1411 3629 44 22 will
1463 3629 28 22 be
1501 3627 101 28 avoided,
1614 3627 43 22 and
1666 3627 39 21 the
1714 3625 56 23 land
1775 3625 46 23 will
1830 3625 14 23 b

1236 3669 8 20 I
1275 3656 103 22 obtained
1387 3658 23 19 at
1423 3663 14 14 a
1451 3656 68 21 lower
1533 3657 49 19 rate
1598 3654 53 22 than
1664 3653 39 21 the
1720 3653 88 26 usually
1822 3660 22 14 re

1275 3683 79 22 served
1362 3683 64 27 price'
1430 3685 23 19 at
1462 3690 29 14 an
1507 3681 103 23 auction.'
1632 3679 157 28 Applications
1799 3683 22 18 to
1830 3679 14 21 b

1236 3703 8 28 5
1274 3709 66 22 made
1364 3714 22 17 to
1408 3710 44 21 Mr.
1460 3725 13 8 ..
1479 3709 22 22 J.
1510 3728 4 2 .
1527 3708 35 22 M.
1574 3727 4 3 .
1585 3707 87 27 Taylor,
1696 3707 34 21 Te
1748 3707 55 26 Aro,
1829 3706 15 28 b;

1236 3756 8 14 g
1275 3736 72 22 whom
1355 3736 89 22 further,
1449 3734 132 29 particulars
1590 3733 80 24 will.be
1679 3733 125 21 furnished.

1236 3782 9 15 :■
1461 3779 94 20 House
1572 3779 29 19 to
1612 3778 55 20 Let.

1236 3809 7 15 !>
1293 3815 15 19 A
1348 3813 84 22 GOOD
1451 3811 133 23 substantial
1601 3811 75 27 house,
1696 3810 55 23 with
1768 3810 76 22 kitchei

1274 3844 52 18 jljl
1354 3839 43 22 and
1408 3839 135 25 out-houses,
1555 3841 23 19 to
1586 3837 33 23 let
1626 3837 24 23 in
1658 3837 186 23 Manner's-streel

1236 3867 8 14 c
1275 3867 46 21 For
1328 3866 135 28 particulars,
1476 3865 67 28 apply
1556 3868 22 18 to
1589 3865 46 21 Mr.
1646 3865 122 22 Brewer's
1779 3865 65 21 Office

1236 3913 10 20 h
1276 3911 71 28 (~\s
1362 3911 84 26 SALE,
1461 3912 23 19 at
1493 3909 45 22 this
1549 3909 71 27 office,
1630 3909 67 22 blank
1707 3910 58 21 Bill
1775 3910 69 21 Books

1276 3931 48 29 VJ
1504 3936 72 28 offi«e,
1586 3937 57 22 Dec.
1651 3937 21 21 4.

1950 708 246 26 GOVERNMENT
2224 711 139 25 NOTICE.

2105 748 149 28 Wellington,
2269 749 54 27 July
2331 751 19 26 8,
2361 751 61 20 1842.
2439 765 5 4 -

1871 779 140 49 NOTICE
2031 781 27 22 IS
2080 781 131 22 HEREBY
2235 782 107 27 GIVEN,
2366 783 49 20 that
2437 789 14 15 a

1945 807 89 28 County
2041 808 68 21 Court
2117 808 27 21 of
2151 808 58 22 Civil
2218 809 46 21 and
2271 809 106 25 Criminal
2385 809 66 22 Judi-

1872 835 68 20 cature
1967 834 37 21 for
2032 833 37 23 the
2094 833 111 23 Southern
2229 835 94 22 District
2344 835 26 21 of
2395 836 57 21 New

1870 859 76 27 Ulster,
1959 860 47 22 will
2024 861 27 21 be
2064 861 92 27 holden,
2175 864 23 19 at
2213 862 117 22 Barrett's,
2339 862 73 25 Hotel,
2429 864 23 19 at

1870 885 133 28 Wellington
2021 887 114 27 aforesaid,
2158 895 29 15 on
2210 888 111 28 Tuesday,
2340 888 37 22 the
2400 889 51 21 19th

1870 911 83 28 instant,
1964 916 23 18 at
1997 915 27 20 10
2030 914 85 22 o'clock
2123 914 26 22 in
2156 914 37 22 the
2210 915 110 22 forenoon
2334 915 115 27 precisely,

1870 939 58 21 when,
1938 939 30 21 all
1974 946 90 21 persons
2077 941 72 21 under
2163 941 163 27 recognizance
2339 944 20 18 to
2370 948 82 20 appear

1870 972 24 14 as
1902 969 139 24 prosecutors,
2053 966 120 28 witnesses,
2185 975 25 14 or
2220 968 137 26 defendants,
2373 967 77 22 before

1870 990 50 24 sucli
1925 992 75 26 Court,
2012 1000 36 14 are
2057 993 104 27 required
2170 996 22 19 to
2196 995 55 25 'give
2257 994 57 22 their
2320 993 131 23 attendance

1871 1017 48 23 then
1926 1018 45 22 and
1980 1016 63 24 there
2050 1027 6 19 ;
2072 1019 43 22 and
2124 1019 32 22 all
2170 1027 92 20 persons
2276 1021 50 22 who
2341 1021 58 21 have
2413 1027 39 20 ap-

1870 1045 54 27 peals
1932 1047 24 19 to
1965 1045 111 28 interpose
2086 1053 25 15 or
2120 1046 65 22 other
2197 1047 104 22 business
2317 1051 22 18 to
2354 1049 99 19 transact

1870 1078 37 14 are
1916 1071 83 22 desired
2010 1075 22 19 to
2046 1072 52 27 give
2108 1072 58 22 their
2182 1073 142 28 attendance,
2340 1073 53 22 time
2406 1073 46 22 and

1870 1098 55 27 place
1937 1097 116 23 aforesaid.

1898 1132 81 22 N,B.—
1979 1132 49 21 The
2037 1132 86 28 sittings
2134 1132 27 22 of
2174 1132 38 23 the
2223 1134 89 27 County
2328 1134 68 21 Court
2408 1133 45 22 will

1871 1158 47 22 take
1933 1158 65 28 place
2018 1162 23 19 at
2062 1159 107 22 Barrett's
2192 1160 72 22 Hotel
2285 1160 58 22 until
2365 1160 86 21 further

1872 1186 73 21 notice.

2105 1212 96 23 Robert
2220 1213 30 22 R.
2269 1214 100 26 Strang,

2185 1246 67 22 Clerk
2260 1247 24 21 of
2297 1246 38 22 the
2345 1247 79 21 Peace.

2103 1290 108 21 Notice.

1873 1322 46 49 IN
1933 1322 225 25 CONSEQUENCE
2173 1324 25 20 of
2210 1323 38 22 the
2264 1324 97 27 burning
2378 1324 27 22 of
2415 1324 38 22 the

1923 1349 68 22 Court
2002 1350 83 26 House,
2097 1349 85 22 Divine
2197 1350 89 22 Service
2301 1350 44 22 will
2361 1350 28 22 be
2405 1358 50 20 per-

2160 1376 149 28 Macfarlane,
2319 1377 24 21 in
2358 1377 40 22 the
2408 1377 45 21 Ex-

1875 1402 83 27 change,
1974 1403 34 21 Te
2024 1403 46 21 Aro
2086 1402 57 27 Flat,
2160 1406 24 18 at
2199 1405 26 19 11
2242 1411 52 14 a.m.
2305 1404 45 21 and
2362 1405 13 20 2
2389 1411 64 20 p.m.,

1874 1428 50 23 until
1932 1428 89 23 further
2030 1433 167 23 arrangements
2208 1437 36 15 are
2255 1430 73 22 made.

2038 1474 113 20 -James
2164 1474 100 26 Spiers,

1875 1506 183 23 PROSPECT
2080 1507 213 23 BOARDING
2319 1507 133 29 HOUSE,

1944 1548 128 14 GUILDFORD
2087 1548 110 21 TERRACE,
2215 1549 56 15 HILL
2284 1549 92 20 STREET,

1923 1573 27 20 In
1970 1573 36 20 the
2025 1579 48 14 rear
2092 1574 26 25 of
2127 1574 43 21 Dr.
2184 1574 90 21 Evans's
2288 1574 114 26 residence,
2469 1575 5 8 '

2051 1612 74 15 TERMS
2140 1613 132 15 MODERATE.

2043 1651 89 25 Cheap
2148 1651 138 26 Clothing.

1879 1683 184 34 {COMPLETE
2077 1683 87 22 SUITS
2179 1684 25 21 of
2216 1684 77 27 neatly
2304 1684 65 22 made
2386 1684 69 22 Gam-

1879 1705 38 26 \j
1952 1710 70 21 broon
2041 1710 90 26 clothes,
2152 1713 23 19 at
2191 1710 60 22 from
2269 1712 35 22 £3
2323 1714 21 18 to
2362 1711 35 23 £3
2415 1712 39 26 55.,

1879 1736 110 28 according
1999 1741 23 17 to
2031 1737 51 21 size.

2056 1764 27 21 E.
2098 1764 126 26 Stafford,
2239 1763 84 28 Tailor,

2102 1807 5 4 •
2115 1797 63 22 Near
2188 1797 138 28 Wellington
2335 1798 94 21 Tavern.

1850 1837 2 4 •
1906 1823 49 28 May
1963 1823 36 28 27,
2010 1825 60 21 1842.

1850 1883 2 5 ,
2070 1868 78 21 Fruit
2168 1869 91 20 Trees.

1887 1901 74 49 FOR
1984 1902 85 26 SALE,
2089 1909 13 15 a
2119 1902 97 22 number
2238 1902 26 22 of
2282 1902 104 22 first-rate
2405 1903 54 21 fruit

1945 1932 65 23 trees,
2028 1929 109 26 imported
2146 1928 72 22 direct
2227 1929 60 22 from-
2300 1929 108 27 England,
2420 1929 37 22 the

1850 1972 2 6 ,
1879 1955 92 26 superior
1979 1955 54 21 fruit
2041 1957 24 19 of
2077 1955 74 21 which
2159 1955 83 27 gained
2250 1956 43 26 >t,He
2308 1957 70 26 prizes
2388 1960 23 18 at
2420 1955 38 23 the

1850 1979 2 31 j
1880 1984 38 19 two
1930 1981 43 22 last
1990 1981 154 23 horticultural
2163 1979 79 25 sfibws.
2271 1981 64 29 They,
2352 1990 38 14 are
2408 1989 54 15 now-
2477 1987 2 5 '

1850 2006 2 31 j
1878 2007 69 29 ready,
1957 2009 36 21 for
2011 2008 191 27 transplantation,
2223 2009 44 21 and
2278 2026 4 2 .
2290 2009 111 26 comprise-
2420 2009 38 21 the

1851 2042 6 21 I
1869 2035 53 26 .best
1930 2035 194 26 and>latest;ikjnds
2126 2053 9 6 T
2138 2035 60 22 from
2206 2035 39 22 the
2260 2035 73 28 Royal
2345 2035 118 26 Hor^tiwil--
2477 2053 2 5 ,

1850 2076 2 13 ;
1881 2061 50 21 tural
1943 2061 107 21 Gardens.
2078 2061 74 28 Apply
2164 2064 23 18 to

2002 2096 107 21 Charles
2121 2095 28 21 E.
2164 2095 54 22 Yon
2234 2096 115 26 Alzdorf,

1851 2122 1 21 L
2194 2122 75 21 Breda
2278 2129 30 15 on
2318 2122 36 21 the
2365 2122 67 22 Hutt.

1850 2156 2 14 s
1895 2144 3 4 '
1909 2148 48 26 May
1967 2148 34 26 27,
2013 2149 59 20 1842.

1851 2187 2 36 I
1932 2193 54 21 For
2004 2193 69 25 Sale,
2089 2199 35 14 ex
2164 2193 119 21 Thomas

1851 2236 2 18 j
2007 2226 139 24 QUALITY
2161 2226 106 22 FLOUR
2279 2227 25 22 in
2314 2228 38 21 100
2358 2226 29 23 lb.
2398 2227 61 27 bags,

1851 2256 2 21 I
1883 2247 31 28 JD
1949 2253 62 27 Rice,

1956 2280 55 27 Tea,

1850 2316 2 13 i
1957 2307 82 26 Coffee,

1851 2343 1 12 r
1958 2334 77 26 Sugar,

1851 2362 3 21 1
1958 2360 102 21 Tobacco
2070 2360 24 21 in
2104 2360 67 28 bond,

1851 2397 4 14 ir
1958 2387 113 26 Blankets,

1959 2413 44 22 Gin
2013 2414 23 21 in
2045 2414 67 26 bond,

1851 2449 4 21 1
1958 2440 171 23 Double-barrel
2138 2448 65 20 guns,

1851 2476 7 21 f
1958 2467 71 28 Slops,

1958 2494 109 27 Oatmeal,

1959 2521 61 22 Beef
2025 2522 22 21 in
2057 2521 85 22 tierces.

2156 2547 55 23 Hay
2225 2548 47 22 and
2285 2548 151 23 Machattie.

1913 2574 54 23 June
1978 2576 34 26 14,
2024 2576 59 21 1842.

1851 2612 4 21 1
2039 2620 44 21 Ex
2257 2620 45 22 &c.

1851 2646 8 29 i
1887 2653 65 24 /^VN
1967 2653 86 27 SALE,
2064 2656 24 18 at
2095 2653 39 21 the
2143 2656 71 19 stores
2224 2653 27 22 of
2262 2653 37 22 the
2309 2653 153 28 undersigned,

1851 2704 4 4 _
1887 2670 39 32 \J
1943 2680 140 22 ENGLISH
2098 2679 89 28 HOPS,

1911 2707 65 21 Dates
1995 2707 45 22 and
2058 2706 63 22 dried
2139 2707 72 27 fruits,
2229 2707 69 22 coffee
2317 2707 42 22 and
2375 2707 46 22 rice
2441 2707 24 21 in

1884 2732 55 28 bags,

1912 2760 73 21 Chests
1996 2760 44 21 and
2050 2761 12 24 I
2073 2759 72 22 chests
2153 2759 68 23 black
2231 2763 44 24 tea,
2286 2767 29 14 ex
2326 2761 104 26 Clarinda,

1851 2788 4 11 '
1913 2787 109 22 LADIES
2033 2787 100 26 SATIN,
2144 2786 40 22 kid
2194 2787 46 22 and
2250 2787 123 22 enamelled
2382 2787 85 22 leather

1851 2833 5 2 _
1886 2813 64 28 shoes,
1960 2815 72 20 men's
2041 2814 64 21 boots
2119 2813 46 22 and
2182 2814 71 27 shoes,
2264 2815 45 21 and
2319 2814 91 27 English
2420 2815 46 20 sole

1886 2841 85 25 leather,

1851 2864 6 25 T
1895 2870 5 5 '
1913 2867 103 22 WHITE
2030 2867 58 22 KID
2109 2867 131 28 GLOVES,
2261 2867 109 23 GENOA
2394 2867 71 22 VEL-

1851 2884 6 17 1
1887 2893 61 27 VET,

1851 2918 6 4 ~
1851 2940 6 14 x
1913 2921 100 22 CHEAP
2032 2921 118 27 PRINTS,
2166 2920 59 28 slops
2241 2921 27 22 of
2285 2928 66 20 every
2370 2920 96 28 descrip-

1885 2947 47 26 tion,
2008 2948 3 8 '

1913 2974 54 22 Shirt
1977 2974 78 22 collars
2065 2974 44 21 and
2116 2974 80 28 fronts,
2207 2974 95 22 woollen
2315 2973 95 28 hosiery,

1914 3001 98 28 Superior
2025 3001 68 22 broad
2109 3001 66 27 cloth,
2191 3001 56 27 pilot
2257 3001 62 27 ditto,
2336 3001 44 21 and
2394 3001 72 21 Cassi-

1851 3027 5 13 '
1886 3034 62 21 mere,

1851 3055 4 11 '
1914 3054 149 22 SUPERIOR
2077 3053 134 22 LONDON
2222 3053 93 22 MADE
2325 3053 140 28 BRIDLES,

1851 3092 4 12 3
1913 3081 58 21 Wails
1980 3081 27 21 of
2017 3081 29 21 all
2055 3080 61 27 sizes,
2128 3081 33 21 tin
2173 3081 71 26 tacks,
2251 3080 114 27 japanned
2372 3080 79 27 lamps,

1851 3098 7 42 I
1912 3107 70 22 PINE
1997 3107 84 23 CORK
2091 3107 123 22 BUTTER
2223 3107 46 21 and
2277 3107 84 22 barrels
2371 3108 26 21 of
2401 3109 64 26 pork,

1913 3134 69 22 ¥hite
1990 3133 58 28 lead,
2059 3133 86 22 linseed
2155 3133 45 22 and
2209 3133 77 23 boiled
2295 3134 47 27 oils,

1851 3180 6 14 g
1914 3160 47 22 Fine
1972 3160 39 22 old
2018 3162 49 26 port
2083 3159 57 23 wine
2157 3160 45 22 and
2216 3161 51 27 pale
2276 3160 76 29 sherry
2360 3160 25 23 in
2393 3161 15 21 4
2418 3161 47 22 doz.

1887 3194 62 15 cases.

1851 3225 5 11 i
1961 3231 6 2 -
2234 3214 23 22 J.
2267 3213 35 23 M.
2312 3214 100 27 Taylor,

2371 3241 34 22 Te
2412 3241 55 22 Aro.

1888 3267 137 26 Wellington,
2036 3266 59 22 June
2105 3268 20 25 3,
2138 3268 60 21 1842.

1851 3313 7 15 :.
2065 3312 44 20 Ex

1890 3345 66 34 f\N
1978 3345 85 28 SALE,
2083 3349 24 18 at
2123 3345 40 23 the
2183 3346 74 22 Stores
2281 3346 26 22 of
2327 3346 37 22 the
2385 3344 83 24 under-
2478 3346 2 4 '

1891 3368 39 27 \J
1959 3372 85 27 signed,

1888 3399 93 23 SEVEN
2007 3399 67 22 AND
2097 3398 23 22 A
2143 3399 89 22 HALF
2255 3399 79 22 TONS
2358 3398 110 23 SHING-

1990 3425 79 23 LING
2083 3425 68 23 AND
2165 3426 80 22 ROSE
2258 3426 101 27 NAILS,
2444 3437 17 15 *

1914 3453 36 21 200
1957 3452 58 27 kegs
2023 3453 49 22 best
2079 3453 69 22 white
2156 3453 60 27 lead,

1915 3479 93 23 Linseed
2018 3479 35 28 oil,
2065 3480 134 27 turpentine,
2211 3479 46 23 and
2265 3479 79 28 paints,

1914 3505 99 24 Window
2022 3506 64 28 glass,
2097 3506 30 22 all
2137 3507 64 27 sizes,
2211 3507 41 21 &c.
2263 3507 39 21 &c.

1851 3553 7 13 c
2225 3540 23 22 J.
2263 3539 35 22 M.
2312 3538 99 26 Taylor,

2338 3564 32 22 Te
2384 3566 55 20 Aro.

1851 3606 7 15 a
1905 3611 15 22 A
1949 3611 69 23 FEW
2030 3611 93 28 original
2132 3610 180 26 PAINTINGS,
2323 3616 28 14 on
2359 3605 66 31 sale.\

1851 3633 7 15 c
1889 3627 44 32 A
2286 3636 181 22 J.M.Taylor.

1851 3686 7 15 c
1890 3671 139 31 Wellington,
2040 3672 59 22 June
2109 3673 21 25 3,
2142 3672 61 21 1842.
2452 3673 15 31 '_

1851 3714 9 20 y
1967 3723 5 4 ■
2123 3716 106 24 Bricks,

1851 3763 9 4 -
1990 3750 83 27 SALE,
2085 3752 24 19 at
2122 3751 46 20 60s.
2185 3755 42 21 per
2241 3746 119 23 thousand.
2393 3745 78 33 Apply

1891 3775 30 24 JJ
1944 3780 22 19 to
1983 3777 23 22 J.
2024 3777 92 26 Pimble,
2127 3778 24 19 at
2164 3774 39 22 the
2220 3774 168 28 Sydney-street
2402 3771 69 24 Brick

1851 3818 9 14 n
1891 3803 39 23 and
1938 3804 49 22 Tile
2004 3803 86 26 Works,
2100 3805 24 19 at
2132 3802 43 25 the,
2186 3808 52 15 rear
2246 3801 26 21 of
2283 3799 93 23 Colonel
2389 3799 81 23 Wake-

1851 3841 9 19 k
1891 3835 4 3 '
2073 3829 71 22 field's
2157 3827 124 23 residence.

1851 3873 16 15 !.,
1951 3864 105 22 Terms—
2057 3862 52 22 cash
2119 3869 30 14 on
2160 3861 106 27 delivery
2270 3863 25 20 at
2304 3860 41 22 the*
2349 3860 57 23 kiln.

1851 3917 7 14 »•
1901 3913 79 22 TUST
1994 3911 132 26 OPENED,
2133 3910 45 22 and
2188 3917 37 14 on-
2229 3909 50 23 Sale
2286 3912 27 19 at
2321 3909 38 22 the
2368 3909 72 22 Office
2450 3909 26 22 of

1894 3944 23 18 V
1951 3940 45 21 tkia
2005 3939 77 27 Paper,
2092 3938 39 22 ink
2141 3937 78 22 »tan<U
2229 3937 26 22 of
2261 3937 88 22 various
2359 3936 62 22 sizes.
