2510 4020
755 1713 120 16 AGENTS
888 1713 58 16 FOR
961 1713 71 16 THIS
1045 1713 110 16 PAPER.

683 1739 35 15 Mr.
730 1739 126 15 BUItCHAM
950 1739 73 16 Petoni.

683 1758 34 17 Mr.
732 1758 18 17 F.
764 1757 21 18 G.
798 1757 87 18 MOORE
951 1758 70 18 Nelson
1030 1759 76 17 Haven.

683 1779 35 17 Mr.
730 1779 24 17 11.
765 1778 116 18 BAURETT
955 1780 45 17 New
1009 1780 109 21 Plymouth,
1125 1780 99 17 Taranaki.

683 1800 34 17 Mr.
730 1800 26 18 H.
767 1799 122 19 CHUK.TON
955 1801 113 21 Wanganui.

683 1820 34 18 Mr.
730 1821 29 17 W.
771 1821 34 17 Wl
809 1820 61 18 LSON
952 1821 40 17 Bay
998 1822 22 16 of
1030 1821 84 17 Islands.

678 1866 40 18 The
725 1867 98 22 following
828 1871 32 13 are
868 1867 33 17 the
909 1868 78 20 quarter
997 1867 47 22 days
1052 1868 23 17 of
1084 1867 40 18 this
1132 1872 68 17 paper:
1204 1877 22 4 —

765 1894 66 18 March
1091 1897 49 16 31st.

765 1915 50 18 Juno
1092 1917 52 18 30th.

765 1936 110 22 September
1092 1938 52 17 30th.

765 1958 105 18 December
1092 1961 49 16 3lst.

680 1978 82 18 Persons
769 1980 109 21 previously
884 1981 20 16 to
918 1979 146 23 discontinuing
1075 1981 52 16 tueir
1135 1985 68 17 papers
1211 1980 34 18 and

661 1999 163 23 advertisements,
833 2001 52 17 must
892 2001 58 17 settle
957 2001 33 17 the
1000 2002 94 17 accounts
1102 2001 37 18 due
1148 2006 24 16 up
1185 2003 20 16 to
1216 2002 29 17 the

661 2020 49 13 date.

102 1276 170 24 SHIPPING
289 1277 279 24 INTELLIGENCE.

262 1334 144 23 ARRIVED.

68 1367 51 27 July
130 1368 19 24 7,
162 1367 116 27 brig-antine
290 1370 122 25 Vanguard,
424 1371 37 25 61,
471 1371 95 27 Murray,
576 1373 53 20 from

41 1394 53 20 New
103 1395 121 26 Plymouth.

69 1422 62 20 Same
148 1423 47 26 day,
210 1423 103 21 schooner
328 1425 108 26 Industry,
456 1427 34 24 24,
509 1426 120 27 M'Gregor,

41 1449 55 20 from
105 1450 123 20 Manawatu
238 1452 39 19 and
287 1456 68 16 coast.

68 1477 61 19 Same
140 1477 46 26 day,
198 1479 102 20 schooner
309 1480 83 25 Henry,
400 1481 34 24 17,
446 1481 117 26 Daymond,
576 1482 53 20 from

41 1503 129 25 Manawatu,

276 1553 117 20 SAILED.

66 1583 52 26 July
128 1585 21 24 8,
167 1585 101 21 schooner
282 1587 73 26 Mana,
367 1588 34 25 27,
416 1588 82 27 Swany,
517 1590 34 20 for
564 1590 68 21 Wan-

43 1611 70 22 ganui.

267 1663 34 20 IN
315 1663 85 23 PORT.

67 1696 84 26 Barque
170 1696 110 26 Clydeside,
290 1699 42 19 256
349 1701 56 23 tons,
426 1699 130 27 Mathieson,
574 1703 57 19 refit-

39 1723 54 25 ting.
122 1724 67 19 Waitt
198 1724 42 20 and
248 1725 72 26 Tyser,
329 1726 87 26 Agents.

68 1750 109 21 Schooner
196 1753 86 20 Thomas
293 1753 67 28 Crisp,
376 1755 47 25 175,
435 1755 76 21 Beard.
540 1757 89 25 Agents,

40 1778 50 26 Hay
100 1778 41 19 and
151 1778 123 23 Machattie.

68 1806 107 20 Schooner
189 1808 62 24 Kate,
273 1809 32 23 70,
325 1808 62 21 Reid.
423 1809 77 26 Agent,
519 1811 35 21 W.
572 1811 59 21 Fitz-

38 1833 93 20 herbert.

66 1860 52 26 Brig
125 1861 99 25 Eleanor,
236 1863 39 19 253
293 1864 58 24 tons,
364 1863 90 22 Barlow.
483 1865 87 26 Agents,
582 1867 49 26 Hay

39 1888 43 19 and
95 1888 38 20 Co.

68 1915 108 21 Schooner
184 1916 61 26 Lady
252 1917 75 26 Leigh,
339 1919 49 24 109,
399 1919 81 21 Roche.
510 1921 76 24 Agent,
594 1922 36 20 W.

40 1942 139 21 Fitzherbert.

67 1970 108 21 Schooner
184 1971 116 26 Elizabeth,
314 1974 39 25 ,52,
366 1973 76 21 Smith.
470 1975 88 26 Agents,
568 1976 62 21 Wal-

39 1997 46 21 lace
95 1998 41 20 and
147 1998 39 20 Co.

68 2025 74 20 Cutter
155 2026 108 25 Brothers,
281 2028 35 25 44,
331 2028 76 21 Bruce.
436 2029 89 26 Agents,
544 2030 87 22 Rhodes

38 2053 43 19 and
92 2052 38 20 Co.

68 2079 108 21 Schooner
195 2081 71 26 Ocean,
278 2082 33 25 25,
323 2082 115 26 Ferguson.
467 2083 88 27 Agents,
569 2085 61 20 Wal-

36 2107 47 19 lace
94 2107 41 19 and
146 2107 39 20 Co.

66 2134 84 27 Barque
163 2135 85 25 Tyrian,
258 2137 48 23 227,
318 2136 112 21 Clarkson.
548 2140 80 21 Evans.

68 2162 123 25 Brigantine
210 2163 119 27 Vanguard,
340 2165 26 20 61
381 2167 55 22 tons,
449 2166 96 27 Murray.
572 2167 59 21 Hort

40 2189 40 19 and
94 2189 47 24 Co.,
152 2190 88 25 Agents.

69 2216 109 21 Schooner
186 2218 106 26 Industry,
304 2220 27 19 24
341 2221 56 24 tons,
409 2220 123 27 M'Gregor.
554 2222 75 26 Wade,

38 2243 78 26 Agent.

68 2271 108 21 Schooner
191 2274 81 25 Henry,
286 2274 25 20 17
322 2276 56 22 tons,
391 2275 120 27 Daymond.
539 2277 90 26 Agents,

38 2298 94 19 Wallace
142 2300 42 17 and
195 2300 38 17 Co.

650 2256 95 73 New
776 2256 221 73 Zealand
1028 2256 221 73 Gazette

701 2329 68 22 AND
784 2329 212 23 WELLINGTON
1011 2330 186 22 SPECTATOR.

213 2360 121 21 CUSTOM
348 2362 111 19 HOUSE.

279 2416 111 14 IMPORTS.

66 2442 31 20 In
111 2448 48 14 the
372 2450 65 15 from
456 2445 105 21 Sydney.
562 2456 29 4 —
595 2447 33 20 W.

37 2469 29 20 B.
75 2470 90 24 Rhodes,
177 2470 42 20 and
235 2470 41 25 Co.,
287 2471 87 26 Agents.
376 2482 27 4 —
405 2472 11 21 7
433 2479 57 14 cases
501 2474 30 19 oil
548 2477 80 21 stones,

38 2498 14 18 2
62 2497 50 26 bags
127 2498 72 23 coffee,
209 2498 13 19 4
240 2500 47 18 tons
299 2499 47 25 salt,
359 2500 13 19 2
389 2500 51 26 kegs
457 2507 75 19 spruce
547 2502 56 24 beer,
615 2503 13 19 4

38 2531 58 14 cases
106 2525 68 26 pipes,
186 2526 10 19 1
208 2524 72 21 basket
296 2526 37 24 oil,
344 2528 13 19 7
368 2527 60 20 casks
444 2528 93 26 vinegar,
550 2530 12 19 2
576 2530 52 25 kegs

38 2552 97 25 cordials,
155 2553 13 20 6
182 2552 60 21 casks
258 2553 64 25 cider,
336 2554 25 20 10
379 2554 63 21 boxes
461 2556 74 26 cigars,
548 2558 10 19 1
577 2557 51 20 cask

37 2580 71 24 shoes,
118 2581 14 18 2
144 2586 56 14 cases
216 2581 65 24 seeds,
292 2582 12 19 5
316 2582 79 20 barrels
404 2583 39 23 ale,
457 2584 26 19 66
497 2584 50 26 bags
557 2590 70 21 sugar,

38 2608 14 18 2
62 2607 62 20 hhds.
135 2608 45 25 gin,
191 2608 25 19 25
228 2613 56 15 cases
299 2609 45 25 gin,
356 2610 11 19 1
379 2610 51 19 hhd.
441 2610 88 26 brandy,
541 2612 26 19 20
577 2612 51 25 bags

38 2634 64 25 flour,
113 2635 12 19 1
135 2641 49 14 ca«e
193 2636 63 25 slops,
268 2637 12 19 2
290 2636 65 21 boxes
372 2643 58 20 soap,
442 2638 12 19 1
465 2637 47 21 bale
522 2639 106 26 blankets,

39 2662 11 19 1
62 2668 48 15 case
118 2662 92 25 whaling
219 2669 55 18 gear,
285 2664 12 19 5
308 2665 49 19 tons
368 2665 65 20 coals.

274 2724 113 13 EXPORTS.

66 2751 31 20 In
112 2757 48 14 the
309 2758 47 15 for
370 2753 105 21 Sidney.
478 2765 27 4 —
508 2754 69 21 Willis
587 2756 43 19 and

40 2780 44 23 Co.,
95 2778 87 26 Agents.
183 2789 27 5 —
210 2780 14 20 3
231 2786 57 13 cases
294 2780 81 21 British
384 2781 161 21 manufactured
554 2783 74 26 goods,

38 2807 14 19 4
73 2812 57 15 cases
149 2806 63 23 ditto,
229 2808 27 19 20
272 2807 103 27 packages
391 2815 125 20 passengers
530 2810 99 26 luggage.

40 2834 115 24 Passenger
156 2844 28 5 —
184 2834 44 21 Mr.
239 2834 107 21 Boulcott.

1280 127 138 31 Wanganui,
1437 128 38 23 via
1494 127 81 29 P.atea,
1579 134 4 4 1
1587 127 45 24 had
1650 127 58 24 been
1722 128 144 23 commenced

1279 160 29 31 by
1320 159 39 24 the
1369 160 60 23 New
1440 160 101 24 Zealand
1552 160 124 31 Company,
1689 167 27 16 so
1727 160 50 23 that
1781 159 84 28 .inland

1280 193 188 24 communication
1486 193 102 23 between
1606 192 57 24 Port
1679 192 128 25 Nicholson
1820 194 45 23 and

1279 225 56 24 New
1347 225 126 31 Plymouth
1484 226 47 23 will
1543 233 56 16 soon
1609 225 29 24 be
1650 226 146 31 practicable.

1312 258 22 24 A
1358 258 110 31 cheerful,
1481 260 67 29 spirit
1575 259 114 31 prevailed
1719 266 82 23 among
1825 259 40 24 the

1279 292 96 28 settlers,
1386 292 49 23 who
1446 299 58 16 were
1515 292 193 30 daily.becoming
1719 299 144 16 more-aware

1279 324 24 23 of
1312 324 38 24 the
1362 324 136 31 advantages
1512 325 25 23 of
1553 325 58 23 their
1628 324 99 24 location
1738 325 24 23 in
1773 324 38 25 the
1822 333 41 15 ex-

1278 358 93 28 tensive,
1394 358 87 29 fertile,'
1505 357 46 24 and
1572 357 136 32 practicable
1731 358 87 23 district
1840 358 27 23 of

1280 390 125 24 Taranaki.

1311 423 51 23 The
1377 423 99 32 whaling
1487 431 83 16 season
1586 431 46 16 was
1646 424 51 31 just
1715 428 25 19 at
1755 424 30 23 its
1801 431 62 16 com-

1279 460 148 25 mencement,
1437 457 42 23 and
1491 457 88 23 several
1591 457 81 23 whales
1683 456 47 24 had
1743 456 56 24 been
1809 465 54 15 seen

1278 489 23 23 in
1313 489 37 23 the
1364 489 50 31 Bay
1426 489 26 23 of
1461 490 128 23 Taranaki.

1869 526 2 2 ;

1869 526 2 2 I

1869 526 2 2 j

1310 539 95 25 Death
1414 548 70 16 from
1490 541 237 24 Drowning.—We
1732 541 56 23 have
1794 545 21 19 to
1821 548 41 16 an-

1278 580 87 16 nounce
1371 573 94 24 another
1472 574 23 23 of
1499 574 65 23 those
1569 574 106 31 unhappy
1681 574 114 23 accidents
1801 581 62 16 com-

1271 613 58 16 -mon
1341 611 23 18 to
1376 606 31 23 all
1419 614 38 16 sea
1463 612 52 26 port
1527 612 78 24 towns,
1613 607 41 23 but
1661 607 73 23 which
1742 607 120 23 invariable

1278 638 96 32 produce
1386 647 14 15 a
1411 637 85 33 feeling
1507 640 24 23 of
1540 640 40 23 the
1592 641 111 29 necessity
1717 640 25 23 of
1757 640 106 32 adopting

1279 679 60 16 some
1352 680 90 21 means;
1446 673 20 23 if
1482 677 40 19 not
1531 678 23 18 to
1562 678 99 26 prevent,
1673 678 23 18 at
1703 673 58 23 least
1767 674 25 22 in
1801 681 61 15 some

1278 712 101 17 measure
1404 710 23 18 to
1445 710 60 19 meet
1523 706 40 23 the
1581 706 141 23 misfortune.
1758 706 51 23 The
1825 707 37 22 in-

1278 738 97 23 dividual
1387 738 25 24 in
1425 738 44 24 this
1481 746 51 16 case
1553 746 47 16 was
1611 747 14 15 a
1642 739 44 23 fine
1706 743 62 19 stout
1786 747 77 24 young

1277 778 59 22 man,
1350 771 24 23 of
1383 772 40 23 the
1434 779 66 16 name
1513 772 25 23 of
1548 772 90 28 Brown,
1650 772 45 23 and
1707 772 118 31 employed
1836 781 25 15 as

1278 811 41 16 one
1335 804 25 23 of
1369 804 38 24 the
1419 805 73 23 hands
1512 805 22 23 in
1552 805 39 23 the
1610 805 179 23 Custom-house
1801 806 59 23 boat.

1279 837 22 23 It
1311 837 76 24 would
1404 846 83 23 appear
1506 838 51 23 that
1575 838 83 23 Brown
1675 837 47 24 had
1740 838 43 23 had
1800 846 62 16 some

1277 869 85 25 friends
1375 879 30 15 on
1418 871 70 23 board
1499 872 38 22 the
1548 870 85 24 Henri/
1641 869 25 32 (a
1675 870 68 24 small
1755 871 107 24 schooner

1277 903 73 24 which
1360 905 89 22 arrived
1461 912 28 15 on
1501 904 122 31 Thursday
1635 904 58 23 from
1710 903 151 33 Manawatu),

1278 936 43 24 and
1338 937 36 29 he,
1394 938 55 22 with
1466 943 44 18 two
1529 938 66 23 other
1611 945 59 21 men,
1690 937 46 23 had
1753 945 58 22 gone
1833 945 29 16 on

1277 970 68 23 board
1355 971 24 22 in
1398 971 39 23 the
1449 971 106 31 evening.-
1584 967 75 34 'Upon
1677 970 61 23 their
1752 975 76 18 return
1838 975 24 19 to

1277 1002 36 24 the
1325 1003 74 30 shore,
1412 1004 39 23 the
1463 1005 52 23 boat
1527 1012 46 15 was
1585 1008 72 27 upset,
1666 1004 53 29 and,
1729 1004 131 31 unhappily,

1278 1036 80 23 Brown
1367 1044 49 16 was
1427 1037 52 24 lost.
1515 1037 53 24 The
1579 1037 100 24 accident
1686 1037 107 23 occurred
1802 1037 61 31 early

1277 1070 22 22 in
1310 1069 38 24 the
1364 1072 95 29 evening
1461 1079 73 22 —say
1548 1071 71 23 about
1628 1072 15 22 9
1655 1078 25 15 or
1698 1072 31 22 10
1742 1070 86 24 o'clock
1828 1084 35 3 —

1277 1102 42 23 and
1331 1103 38 23 the
1385 1111 99 16 screams
1496 1104 24 23 of
1536 1103 105 24 Brown's
1650 1103 52 24 wife
1715 1102 51 32 (the
1785 1104 76 30 couple

1278 1135 54 23 have
1355 1136 54 31 only
1428 1136 56 24 been
1504 1137 100 23 married
1626 1144 40 16 one
1677 1143 8 9 r
1689 1136 92 31 month)
1804 1145 57 15 were

1277 1173 59 19 most
1346 1169 143 31 distressing.
1524 1169 47 24 We
1581 1170 85 23 believe
1675 1169 52 24 that
1736 1169 37 24 the
1783 1178 78 15 means

1277 1202 42 23 and
1331 1203 132 28 assistance,
1477 1210 24 16 so
1516 1202 108 24 essential
1641 1204 23 21 in
1682 1202 58 24 such
1754 1210 61 17 cases
1827 1204 34 23 for

1278 1235 36 23 the
1324 1243 109 23 recovery
1446 1236 24 23 of
1485 1235 39 24 the
1541 1236 68 30 body,
1621 1243 58 16 were
1694 1240 42 19 not
1754 1240 22 19 at
1792 1236 68 29 hand,

1277 1268 50 29 and,
1341 1268 90 30 indeed,
1444 1269 85 23 believe
1548 1269 57 29 that,
1624 1277 29 23 up
1666 1273 22 19 to
1708 1269 47 23 this
1767 1268 63 30 hour,
1843 1270 19 23 it

1277 1301 43 24 had
1331 1307 41 18 not
1383 1303 59 23 been
1452 1302 79 24 found.

1309 1352 69 24 From
1390 1354 40 22 the
1449 1354 95 23 colonial
1556 1361 89 24 papers,
1656 1360 33 16 we
1709 1353 93 23 observe
1814 1353 47 23 that

1277 1385 36 24 the
1324 1386 58 23 New
1397 1386 61 24 York
1470 1386 94 28 Packet,
1578 1387 71 23 which
1665 1386 71 24 sailed
1750 1386 54 23 from
1818 1387 43 23 this

1278 1419 54 23 Port
1351 1427 28 15 on
1392 1420 39 22 the
1451 1420 56 24 11th
1519 1421 69 30 April
1607 1420 35 23 for
1661 1420 132 28 Auckland,
1809 1420 52 22 with

1278 1453 35 22 the
1334 1453 105 23 Colonial
1458 1454 134 28 Treasurer,
1613 1453 46 24 Mr.
1681 1453 120 31 Shepherd
1818 1453 43 23 and

1277 1486 34 22 his
1322 1486 86 31 family,
1418 1494 29 15 on
1456 1487 70 23 board
1536 1494 24 16 as
1567 1494 143 23 passengers,
1720 1486 45 23 had
1775 1487 85 23 arrived

1278 1523 23 19 at
1315 1519 30 23 its
1359 1519 136 24 destination
1508 1528 29 15 on
1549 1521 44 22 3rd
1606 1521 62 27 May.

1309 1558 42 24 As,
1356 1566 29 15 an.
1400 1559 103 22 instance
1519 1559 26 22 of
1553 1559 39 22 the
1604 1562 56 19 state
1673 1557 25 24 of
1712 1558 40 23 the
1762 1555 99 26 markets

1277 1594 23 19 at
1310 1590 131 30 Auckland,
1463 1599 31 15 we
1511 1597 96 23 extract,
1626 1591 57 23 from
1703 1592 39 22 the
1756 1592 105 30 shipping

1277 1624 142 30 intelligence
1429 1625 25 23 of
1463 1633 13 15 a
1484 1625 45 23 late
1541 1625 93 31 Sydney
1642 1632 77 24 paper,
1728 1625 38 23 the
1776 1625 85 23 follow-

1277 1658 39 30 ing
1326 1657 61 24 brief
1402 1658 43 23 but
1459 1663 79 26 strong
1553 1663 128 18 statement.
1745 1658 50 23 The
1811 1658 51 30 brig

1277 1689 68 25 Lord-
1360 1690 129 29 Saumerez,
1504 1691 103 24 M'Lean
1625 1696 90 23 master,
1728 1691 59 23 from
1800 1691 61 23 Mel-

1278 1724 91 28 bourne,
1389 1724 88 23 arrived
1498 1723 35 32 (at
1550 1724 135 32 Auckland)
1707 1724 60 26 27th
1786 1724 75 31 April,

1278 1757 52 23 with
1342 1758 75 25 cattle,
1431 1757 72 24 which
1513 1766 59 15 were
1585 1758 48 23 sold
1646 1763 22 17 at
1679 1758 37 23 £8
1731 1757 63 24 each.

1310 1806 12 12 ft
1337 1804 30 14 J?*lT
1467 1800 208 4 —————.—^———.

1308 1815 72 31 Upon
1392 1816 39 22 the
1444 1816 102 30 strength
1560 1816 25 22 of
1597 1824 13 15 a
1621 1816 92 30 Sydney
1726 1824 133 24 correspon-

1278 1848 63 24 dents
1353 1848 74 28 letter,
1437 1856 32 16 we
1481 1849 72 23 stated
1567 1849 39 23 the
1618 1850 102 29 quantity
1733 1849 26 23 of
1767 1850 57 24 flour
1833 1858 26 16 on

1278 1882 67 23 board
1358 1882 37 23 the
1406 1881 104 24 Eleanor
1517 1882 46 23 and
1577 1882 81 31 Bright
1670 1882 92 29 Planet,
1775 1891 24 15 as
1811 1886 48 21 230

1278 1920 57 19 tons.
1374 1915 49 23 The
1437 1916 102 30 quantity
1548 1923 34 15 we
1595 1923 36 15 are
1644 1916 95 23 assured
1751 1924 44 15 was
1808 1917 51 31 only

1281 1950 44 24 1.1,0
1338 1953 59 24 tons,
1416 1949 45 22 and
1473 1949 37 22 the
1524 1948 96 24 Ihomas
1633 1947 86 33 Crisps'
1733 1957 45 16 was
1791 1950 68 23 stated

1278 1986 22 18 to
1311 1982 27 23 be
1352 1983 31 22 80
1392 1987 60 23 tons,
1465 1982 66 23 while
1541 1983 18 22 it
1571 1990 45 14 was
1628 1984 45 22 TOB
1688 1987 51 18 tons
1748 1992 7 20 ;
1769 1983 90 23 deduct-

1274 2016 41 29 ing
1327 2015 37 24 the
1378 2015 91 31 surplus
1480 2015 59 24 from
1552 2015 38 23 the
1604 2016 101 30 quantity
1714 2016 145 28 over-stated,

1272 2044 47 27 'and
1383 2055 95 22 appears
1503 2048 49 22 that
1575 2055 33 14 we
1761 2049 31 21 92
1811 2053 48 17 tons

1278 2088 60 15 more
1350 2080 54 23 than
1416 2088 46 15 was
1475 2079 105 27 shipped.

1310 2130 155 24 Important
1482 2137 31 16 to
1532 2130 171 23 Shipowners
1723 2137 53 17 and
1792 2130 69 24 Mas-

1277 2163 318 30 ters.—Notwithstanding
1607 2163 37 23 the
1654 2163 131 31 conflicting
1793 2168 68 19 state-

1277 2202 72 18 ments
1367 2197 122 30 regarding
1508 2197 37 23 the
1564 2196 98 31 burning
1680 2196 25 24 of
1722 2197 40 23 the
1779 2197 82 31 barque

1276 2229 65 31 Lady
1355 2229 96 31 Raffles,
1463 2230 73 23 which
1547 2230 60 23 have
1623 2230 58 23 from
1699 2230 57 23 time
1773 2235 22 18 to
1809 2231 52 23 time

1277 2263 93 24 reached
1383 2271 26 15 us
1421 2263 31 32 by
1471 2263 93 30 Sydney
1576 2270 87 24 papers,
1677 2264 18 22 it
1707 2271 95 24 appears
1814 2263 47 24 that

1278 2296 35 23 the
1324 2297 41 23 fire
1378 2305 45 15 was
1435 2297 71 30 really
1522 2296 85 24 caused
1618 2297 27 29 by
1658 2296 38 23 the
1709 2301 152 27 spontaneous

1277 2330 140 24 combustion
1430 2330 26 23 of
1465 2338 13 15 a
1485 2330 49 23 bale
1546 2329 26 24 of
1588 2330 63 28 wool,
1659 2331 87 30 arising
1753 2330 70 23 either
1833 2331 28 30 by

1277 2363 36 23 the
1325 2363 58 24 wool
1392 2363 71 31 being
1474 2363 85 24 stowed
1571 2364 24 22 in
1613 2371 12 15 a
1636 2363 65 31 damp
1715 2368 66 24 state,
1797 2371 24 16 or
1832 2364 29 30 by

1277 2397 106 30 capillary
1391 2397 212 30 attraction—bags
1612 2396 23 24 of
1644 2396 55 24 sand
1712 2396 85 31 having
1805 2397 56 23 been

1277 2430 82 23 stowed
1369 2430 100 23 beneath
1480 2430 38 23 the
1531 2430 67 23 wool.
1633 2429 43 24 We
1687 2429 56 29 find,
1753 2430 24 23 in
1790 2438 13 15 a
1817 2430 44 23 late

1277 2463 120 32 Liverpool
1406 2471 77 24 paper,
1497 2463 49 23 that
1557 2462 39 24 the
1605 2463 114 30 following
1738 2463 122 23 resolution

1276 2504 44 15 was
1348 2497 83 31 passed
1458 2501 22 18 at
1503 2505 13 14 a
1539 2496 91 31 general
1653 2497 100 30 meeting
1777 2497 25 22 of
1823 2497 38 23 the

1277 2531 121 22 American
1425 2530 114 23 Chamber
1561 2530 27 22 of
1605 2530 138 28 Commerce,
1764 2530 50 23 held
1833 2538 27 16 on

1280 2563 53 24 19th
1352 2563 102 24 October
1464 2564 51 28 last,
1528 2564 24 22 in
1563 2563 101 23 referenc
1676 2567 22 18 to
1711 2563 39 23 the
1765 2564 95 30 practice

1277 2596 24 24 of
1314 2597 104 30 carrying
1430 2601 76 19 cotton
1518 2604 28 16 on
1559 2596 39 23 the
1612 2596 63 28 deck,
1687 2596 46 22 and
1746 2604 25 15 as
1783 2601 21 18 to
1823 2597 37 23 the

1277 2630 102 30 dunnage
1399 2630 25 23 of
1440 2634 83 19 cotton.
1561 2629 25 23 It
1604 2629 117 31 appeared,
1737 2632 44 21 Ist.
1802 2630 59 23 That

1276 2664 37 22 the
1324 2664 98 31 practice
1442 2664 25 22 of
1484 2664 106 29 carrying
1609 2667 73 18 cotton
1701 2670 28 15 on
1743 2663 57 23 deck
1816 2664 45 22 had

1275 2697 87 31 greatly
1368 2697 124 29 increased,
1503 2696 83 28 which,
1596 2696 30 30 by
1633 2696 97 30 making
1742 2696 38 23 the
1789 2697 71 23 vessel

1277 2730 75 28 crank,
1371 2730 126 31 invariably
1508 2729 84 23 caused
1604 2729 92 30 damage
1708 2734 23 18 to
1745 2729 37 23 the
1795 2738 65 22 cargo

1277 2764 23 22 in
1318 2763 37 23 the
1372 2763 90 31 bilges;
1489 2763 79 31 2ndly.
1588 2762 61 23 That
1666 2762 70 23 much
1752 2763 47 23 loss
1819 2763 42 23 and

1277 2797 174 23 inconvenience
1468 2796 45 23 had
1532 2803 75 16 arisen
1623 2795 57 23 from
1693 2796 38 22 the
1750 2796 111 31 improper

1277 2831 95 31 practice
1386 2830 23 23 of
1416 2830 99 30 burying
1527 2830 38 22 the
1576 2829 68 23 lower
1653 2830 53 22 tiers
1717 2829 26 23 of
1753 2834 74 19 cotton
1838 2831 23 22 in

1277 2863 87 29 ballast,
1381 2863 75 23 which
1468 2864 19 22 is
1499 2863 60 23 often
1574 2863 26 23 of
1609 2871 13 14 a
1630 2862 66 32 damp
1708 2867 89 24 nature,
1810 2863 51 23 thus

1276 2897 84 31 rotting
1372 2896 38 23 the
1430 2897 108 30 bagging,
1552 2895 90 24 instead
1660 2896 24 23 of
1693 2895 71 31 being
1776 2897 85 23 suffici-

1277 2930 60 31 ently
1349 2930 128 30 dunnaged,
1487 2929 45 24 and
1543 2930 85 22 stowed
1642 2929 69 23 above
1722 2930 42 30 dry
1773 2929 86 24 ballast.

1278 2963 23 24 It
1315 2971 43 16 was
1403 2963 245 28 Resolved—That,
1666 2963 25 22 in
1710 2963 31 22 all
1760 2970 61 16 cases
1840 2964 21 23 of

1277 2997 92 30 damage
1388 3001 22 19 to
1430 3001 75 19 cotton
1525 2996 74 24 under
1618 2996 62 28 deck,
1700 2997 88 30 arising
1804 2997 57 23 from

1277 3031 37 22 the
1325 3031 70 22 above
1404 3031 121 30 .improper
1536 3030 107 31 practice,
1658 3030 36 23 the
1705 3029 51 29 law,
1770 3029 91 32 making

1277 3064 37 22 the
1334 3064 51 30 ship
1396 3064 69 22 liable
1477 3064 35 22 for
1531 3062 57 24 such
1606 3063 99 30 damage,
1726 3063 29 23 be
1776 3064 85 30 strictly

1418 3119 4 2 .
1442 3097 24 22 It
1477 3097 19 22 is
1509 3097 137 29 distressing
1662 3101 22 18 to
1703 3093 95 26 observe
1813 3097 48 22 how

1277 3130 36 23 the
1326 3130 76 24 efforts
1416 3130 25 23 of
1455 3130 37 23 the
1505 3130 46 23 real
1563 3129 142 23 benefactors
1717 3133 24 19 to
1754 3130 107 24 mankind

1277 3172 37 15 are
1332 3163 105 24 frittered
1457 3171 61 23 away
1538 3163 29 30 by
1589 3162 37 23 the
1646 3163 151 23 carelessness
1819 3164 42 23 and

1276 3196 89 32 general
1378 3196 85 31 apathy
1475 3196 25 23 of
1515 3196 39 23 the
1565 3196 172 23 million—that
1754 3196 107 24 careless-

1276 3230 143 25 ness—such
1440 3238 25 14 as
1487 3230 25 22 in
1534 3229 98 31 stowing
1649 3229 57 23 wool
1725 3229 136 33 improperly

1277 3263 54 23 after
1351 3264 18 22 it
1386 3263 42 23 has
1446 3263 58 23 been
1524 3262 101 31 brought
1636 3266 21 19 to
1670 3262 36 23 the
1722 3262 72 32 ship's
1806 3264 54 29 side,

1277 3298 19 23 is
1308 3304 13 15 a
1331 3296 88 31 subject
1432 3296 79 30 deeply
1521 3300 22 19 to
1556 3296 28 22 be
1597 3295 111 31 deplored,
1722 3304 30 15 no
1764 3304 42 16 one
1818 3297 43 24 will

1277 3331 64 30 deny,
1361 3329 43 23 and
1425 3330 30 22 its
1474 3328 91 24 baneful
1578 3329 77 23 effects
1667 3337 37 15 are
1727 3330 42 23 felt
1781 3339 52 15 over
1850 3339 11 15 a

1278 3363 53 24 wide
1451 3363 24 22 in
1498 3362 38 23 the
1556 3363 126 31 producing
1703 3368 103 26 country,
1826 3364 35 24 the

1277 3397 127 23 confidence
1412 3395 24 24 of
1444 3396 38 23 the
1491 3396 64 23 home
1565 3396 128 23 merchants
1705 3401 52 26 gets
1767 3396 93 30 shaken,

1277 3430 43 23 and
1339 3430 39 23 the
1386 3424 81 28 'entire
1486 3429 90 24 district
1596 3429 53 24 thus
1667 3430 83 23 suffers
1771 3430 35 24 for
1825 3431 36 24 the

1277 3462 110 25 misdeeds
1399 3463 26 23 of
1433 3470 14 15 a
1458 3462 50 23 few.

1310 3514 89 23 Steam
1411 3513 205 24 Engine.—The
1637 3514 178 30 improvements
1834 3523 27 15 on

1277 3547 36 23 the
1324 3546 104 31 working
1439 3546 45 23 and
1501 3554 76 23 power
1589 3546 25 23 of
1632 3546 52 28 this,
1697 3547 107 31 perhaps,
1825 3547 36 24 the

1277 3584 96 28 greatest
1386 3580 44 22 and
1442 3584 60 19 most
1510 3579 125 24 wonderful
1644 3580 26 23 of
1677 3580 87 23 human
1778 3581 82 29 efforts,

1277 3622 36 15 are
1325 3613 47 24 still
1383 3612 83 25 almost
1478 3612 25 24 of
1520 3612 61 31 daily
1600 3620 143 17 occurrance.
1786 3615 74 28 Since,

1277 3655 24 16 as
1313 3646 107 24 colonists
1439 3646 25 23 in
1484 3646 56 23 New
1552 3646 109 28 Zealand,
1679 3654 33 15 we
1726 3651 61 19 must
1799 3652 22 19 at
1833 3655 28 16 no

1277 3681 83 23 distant
1370 3679 81 31 period
1462 3679 27 23 be
1499 3679 98 23 familiar
1606 3680 54 22 with
1672 3680 37 23 the
1720 3680 80 24 Steam
1813 3680 48 24 En-

1277 3714 57 31 gine,
1348 3720 33 16 we
1394 3713 65 23 deem
1470 3713 19 22 it
1500 3713 40 22 but
1552 3712 83 31 justice
1648 3717 22 18 to
1684 3720 42 16 our
1737 3713 91 24 readers
1840 3718 21 19 to

1277 3748 64 30 bring
1353 3746 76 24 before
1439 3746 69 27 them,
1522 3746 59 22 from
1594 3746 53 23 time
1657 3751 20 18 to
1686 3747 55 23 time
1751 3746 110 24 whatever

1277 3779 114 24 authentic
1401 3779 146 23 information
1558 3786 34 15 we
1604 3786 40 16 can
1656 3779 87 24 collect.
1783 3780 26 23 C.
1822 3779 38 24 W.

1277 3813 120 28 Williams,
1419 3812 68 31 Esq.,
1501 3812 25 23 of
1535 3812 131 31 Liverpool,
1684 3812 87 31 having
1788 3817 73 19 enter-

1278 3846 74 25 tained
1364 3854 27 15 an
1404 3846 92 32 opinion
1508 3845 51 24 that
1569 3845 68 24 much
1647 3845 25 24 of
1679 3846 37 23 the
1729 3846 54 23 heat
1790 3846 71 23 which

1277 3888 54 23 goes
1342 3885 23 19 to
1378 3879 38 24 the
1428 3880 87 30 raising
1527 3880 25 22 of
1569 3884 72 18 steam
1653 3880 24 22 in
1694 3878 39 24 the
1745 3879 83 23 boilers
1840 3880 21 22 of

1279 3914 36 23 the
1327 3920 103 17 common
1443 3918 121 24 structure,
1583 3913 21 22 is
1617 3913 41 23 due
1671 3916 22 20 to
1704 3912 39 24 the
1756 3913 105 23 conduct-

1277 3948 40 31 ing
1327 3954 74 25 power
1413 3946 26 25 of
1447 3946 39 25 the
1498 3946 61 24 sides
1572 3946 27 24 of
1607 3946 38 24 the
1656 3946 104 29 furnacb,
1770 3946 46 24 and
1824 3950 37 20 not

186 2895 137 17 OTJTWARI3S,
337 2896 142 16 COASTWISE.

67 2924 30 21 In
111 2930 48 14 the
303 2924 113 26 Planet,'
418 2927 5 11 1
441 2932 46 15 for
504 2926 97 22 Kapiti.
602 2939 27 4 —

38 2951 125 27 Machattie,
179 2952 103 25 Agent.—
282 2953 14 19 4
313 2952 63 21 hhds.
388 2954 64 26 slops,
466 2956 11 18 1
494 2954 47 21 bale
554 2956 74 26 calico,

38 2980 13 18 4
63 2980 35 20 do.
109 2979 105 25 blankets,
221 2980 28 19 40
257 2980 47 26 bags
314 2980 63 25 flour,
386 2981 40 20 500
436 2981 44 20 feet
488 2982 51 20 boat
544 2983 84 25 planks,

39 3007 26 20 10
75 3008 64 19 boxes
149 3013 58 19 soap,
219 3008 26 19 20
256 3010 46 17 tons
313 3008 69 24 casks,
395 3009 25 20 12
431 3010 61 20 casks
504 3010 53 21 beef.

66 3042 31 20 In
105 3048 47 14 the
186 3041 95 21 Nelson
421 3049 47 14 for
479 3043 150 22 Manawatu

39 3075 50 15 and
101 3069 85 21 Coast.
187 3080 29 4 —
219 3070 89 20 Wallace
324 3071 43 19 and
385 3071 41 24 Co.,
438 3071 89 26 Agents.
529 3083 27 3 —
558 3073 12 20 9
580 3072 50 21 bar-

38 3097 42 20 rels
90 3097 61 26 flour,
161 3098 26 19 12
195 3097 34 20 do.
241 3098 60 25 pork,
310 3098 26 19 10
346 3098 52 25 bags
406 3098 64 25 flour,
478 3100 12 19 4
499 3100 59 19 casks
565 3100 63 26 flour,

40 3126 12 19 9
63 3125 78 19 barrels
156 3125 61 26 pork,
229 3125 12 20 9
252 3125 49 26 bags
317 3125 51 24 rice,
381 3126 24 19 10
417 3126 35 20 do.
470 3133 69 19 sugar,
555 3128 14 19 4
584 3128 47 20 half

39 3152 70 20 chests
118 3155 41 21 tea,
171 3152 13 20 2
200 3152 69 20 chests
285 3152 43 23 do.,
341 3154 11 19 2
369 3159 56 14 cases
436 3154 45 25 gin,
494 3154 9 19 1
515 3154 41 26 bag
565 3154 63 25 flour,

38 3180 12 19 2
61 3185 58 14 cases
129 3179 103 25 sundries,
242 3180 12 19 3
270 3180 46 20 half
329 3180 50 26 keg
385 3180 10 26 3
397 3181 96 25 tobacco,
506 3182 10 19 1
535 3188 38 14 can
583 3185 44 23 tar,

40 3207 12 20 1
62 3206 39 21 red
110 3212 43 18 gun.
163 3213 54 14 case.

67 3241 30 20 In
106 3246 47 14 the
186 3241 82 20 Royal
429 3248 47 15 for
486 3243 111 22 Akaroa.
599 3255 28 5 —

39 3269 22 21 7.
76 3267 71 25 Wade,
165 3268 75 25 Agent.
242 3279 26 4 —
269 3269 25 20 14
311 3270 62 20 casks
388 3270 127 26 provisions,
527 3272 26 20 20
568 3272 59 21 casks

38 3297 64 20 flour.
111 3295 13 20 4
142 3295 51 26 bags
212 3302 66 19 sugar,
297 3297 10 19 1
320 3298 61 20 chest
397 3300 41 22 tea,
456 3299 13 19 4
487 3299 64 20 boxes
569 3305 58 20 soap.

40 3323 153 25 Passengers—
193 3322 43 21 Mr.
254 3323 87 26 Ogilvie,
359 3325 44 21 Mr.
418 3325 43 21 and
478 3325 54 21 Mrs.
548 3326 79 21 Woods

38 3351 42 21 and
89 3350 83 25 family.

67 3384 30 21 In
107 3390 47 14 the
372 3392 46 14 for
435 3386 118 22 Hawse's
567 3388 61 22 Bay.

39 3413 22 19 J.
76 3412 70 26 Wade,
158 3412 104 24 Agent.—
263 3412 12 19 2
283 3412 131 26 sacks-flour,
424 3415 10 19 1
447 3415 59 20 chest
517 3418 40 21 tea,
568 3417 9 19 1
588 3416 40 26 bag

40 3446 70 20 sugar,
122 3440 12 20 2
150 3438 103 27 packages
266 3438 95 28 brushes,
373 3440 156 29 ironmongery,
539 3443 64 25 tools,
615 3445 13 19 2

40 3474 57 14 cases
115 3466 160 26 haberdashery,
287 3467 10 19 1
314 3466 46 20 bale
372 3467 42 25 do,,
426 3469 12 20 3
453 3471 62 19 casks
525 3471 79 26 spikes,
616 3473 10 19 1

40 3495 42 20 box
97 3494 68 24 seeds,
183 3494 13 20 2
213 3493 78 21 barrels
305 3493 62 27 flour,
380 3495 11 19 1
408 3495 41 26 keg
465 3497 78 24 butter,
559 3499 11 19 1
588 3499 40 26 bag

40 3528 70 19 sugar,
120 3523 13 19 4
144 3522 63 20 boxes
225 3527 57 20 soap,
295 3521 10 20 1
323 3523 47 18 cwt.
381 3522 95 25 tobacco,
489 3525 10 19 1
518 3525 41 20 coil
569 3532 58 20 rope,

41 3550 10 20 1
63 3556 48 14 case
127 3549 68 27 pipes,
206 3549 13 20 3
235 3548 50 26 kegs
299 3548 92 26 powder,
403 3551 11 18 2
431 3551 92 25 shovels,
534 3553 13 19 2
560 3554 68 19 haad-

40 3584 59 17 saws,
109 3577 14 20 4
132 3583 63 20 guns,
206 3577 13 19 5
229 3582 57 14 cases
299 3576 152 25 merchandize,
464 3578 56 21 801b.
532 3580 96 21 tobacco.

40 3604 125 27 Passengers
167 3615 26 4 —
194 3604 86 20 Messrs.
297 3603 33 20 M.
342 3603 65 24 Coen,
419 3604 84 26 Powell,
515 3606 32 20 M.
559 3607 69 20 Rack-

40 3633 49 25 isty,
101 3631 24 21 C.
144 3631 77 25 Smith,
232 3631 33 21 W.
277 3631 84 24 Brown,
373 3630 29 22 K.
413 3631 84 28 Sillery,
508 3634 43 19 and
568 3634 24 21 C.
603 3635 25 21 F.

40 3659 96 19 Browne.

66 3693 31 21 IN
118 3700 48 14 THE
396 3699 47 15 FOR
465 3699 48 15 THE
532 3694 51 22 Bay
600 3702 28 14 OF

40 3721 110 21 Islands.
151 3732 28 4 —
180 3721 22 21 J.
216 3721 79 25 (Wade,
312 3721 80 26 Agent.
392 3732 29 3 —
421 3722 12 18 2
453 3727 58 14 cases
531 3722 64 27 slops,
617 3725 11 19 1

39 3749 51 20 cask
106 3749 61 23 wine,
177 3749 14 20 3
201 3749 46 20 doz.
265 3749 82 26 spades,
358 3748 116 20 ironwork.
504 3747 124 28 Passengers

38 3786 28 5 —
68 3776 61 26 Capt.
140 3777 105 25 Mayhew,
256 3777 40 20 and
306 3777 26 20 18
344 3776 98 20 maories.

210 3840 120 16 LATEST
346 3839 108 17 DATES.

47 3874 80 16 London
213 3874 44 16 Jan.
287 3874 26 16 28.
327 3874 4 20 |
345 3874 72 16 Nelson
525 3874 51 17 June
590 3875 25 17 11.

48 3893 77 21 Sydney
215 3894 51 17 June
287 3895 27 17 14.
345 3894 41 21 Bay
392 3894 21 17 of
424 3893 93 18 Islands..
523 3894 44 18 Feb.
600 3897 15 16 4.

48 3914 43 18 Van
116 3914 99 18 Dieman's
344 3914 101 19 Auckland
521 3915 48 19 Alar.
591 3917 24 17 SO.

68 3935 55 18 Land
216 3935 45 22 May
286 3936 28 18 27.
344 3936 45 18 Port
398 3935 71 23 Phillip
482 3948 36 6 ....
523 3937 54 20 April
589 3938 26 16 20.

40 3956 56 23 .New
101 3956 120 23 Plymouth..
235 3956 45 23 July
297 3957 18 19 7.
343 3956 92 20 Adelaide
522 3958 50 19 Mar.
600 3960 15 16 2.

802 2399 131 26 Saturday,
944 2399 61 21 July
1015 2401 19 24 9,
1043 2400 61 20 1842.

693 2452 35 29 Ky
747 2451 38 23 the
807 2450 129 31 Vanguard,
956 2451 58 23 from
1038 2451 58 23 New
1116 2452 132 31 Plymouth,

658 2492 31 15 we
701 2485 58 23 have
771 2485 102 22 received
891 2485 130 22 favourable
1041 2490 109 18 accounts
1168 2486 25 23 of
1210 2486 38 23 the

658 2526 106 23 progress
787 2518 26 23 of
834 2525 40 15 our
897 2518 67 23 sister
984 2518 90 31 colony.
1111 2518 52 24 The
1185 2519 63 23 rural

658 2551 63 23 lands
741 2551 44 23 had
803 2551 56 23 been
877 2552 68 29 given
964 2556 45 24 out,
1030 2552 46 23 and
1095 2551 38 24 the
1152 2559 95 25 surveys

658 2592 57 16 were
734 2584 84 23 a-head
837 2584 24 23 of
879 2585 38 22 the
938 2584 52 24 land
1009 2585 86 23 orders.
1131 2586 25 23 A
1168 2585 40 23 few
1227 2586 24 23 of

658 2618 37 23 the
714 2625 87 18 o.wners
821 2617 25 24 of
862 2618 81 23 earlier
962 2618 76 23 orders
1058 2619 26 22 of
1103 2618 77 23 choice
1204 2619 44 24 had

681 2651 104 23 reserved
818 2651 35 23 for
865 2659 13 15 a
890 2650 104 32 splendid
1002 2652 84 22 timber
1095 2652 95 29 district,
1197 2653 50 28 but,

658 2685 116 31 generally
780 2683 119 33 speaking,
913 2684 38 23 the
957 2685 90 22 settlers
1059 2693 59 15 were
1124 2685 51 24 well
1180 2686 68 23 satis-

657 2718 45 24 fied
714 2718 54 23 with
779 2718 37 23 the
828 2717 102 23 districts
942 2718 85 31 opened
1040 2722 23 19 to
1079 2718 116 25 selection.

691 2751 93 31 During
796 2751 39 23 the
847 2752 55 22 time
912 2751 26 23 of
946 2751 110 31 unlading
1066 2752 38 23 the
1117 2751 131 31 Vanguard,

658 2785 38 23 the
721 2785 99 23 weather
838 2792 46 16 was
910 2784 83 32 superb
995 2798 33 3 —
1030 2784 39 24 the
1087 2786 51 29 bay,
1159 2786 89 23 smooth

658 2827 25 15 as
707 2819 61 29 glass
769 2831 33 3 —
803 2817 45 24 and
869 2822 41 19 not
935 2819 38 22 the
995 2818 58 23 least
1077 2819 94 31 damage
1200 2827 48 16 was

659 2852 98 24 suffered
779 2852 29 30 by
830 2851 39 23 the
890 2859 75 24 cargo,
985 2856 42 27 put
1047 2852 95 23 a-shore
1166 2853 23 22 in
1209 2853 39 23 the

660 2885 138 31 Company's
809 2885 75 24 boats.

692 2919 23 23 A
726 2918 169 29 north-wester,
909 2918 55 24 with
975 2919 57 27 rain,
1046 2926 88 23 sprung
1145 2926 30 23 up
1192 2919 58 24 after

659 2952 29 23 all
700 2960 46 15 was
757 2951 72 30 safely
841 2951 90 28 landed,
944 2951 44 24 and
1000 2951 44 23 the'
1051 2951 125 31 Vanguard
1183 2953 66 23 stood

659 2986 33 22 off
700 2986 45 22 and
757 2993 37 20 on,
808 2984 94 31 though,
913 2985 45 23 had
977 2985 40 23 she
1032 2985 61 23 been
1107 2985 103 24 fastened
1226 2991 22 18 to

660 3019 36 22 the
717 3019 123 29 moorings,
860 3026 25 15 as
905 3018 40 23 she
964 3019 73 29 might
1057 3018 59 23 have
1134 3019 65 29 been,
1210 3027 38 21 ,no

658 3052 99 24 removal
781 3050 72 24 would
877 3051 57 23 have
960 3052 93 22 become
1076 3059 120 24 necessary
1215 3051 34 25 *6r

658 3085 107 31 prudent.

692 3118 51 24 The
761 3118 100 31 Jupiter,
875 3118 54 23 with
950 3118 98 31 Captain.
1067 3118 86 31 King's
1171 3120 76 28 stock,

658 3150 99 32 (though
769 3151 39 24 she
822 3151 43 24 had
877 3152 45 23 bad
934 3152 96 23 weather
1047 3151 84 32 during
1143 3152 39 23 her
1195 3161 53 23 pas-

658 3193 54 24 sage
722 3186 60 22 from
795 3184 114 32 Sydney,)
921 3193 46 15 was
986 3184 71 31 safely
1075 3185 133 32 discharged
1227 3191 23 19 at

658 3219 57 23 New
731 3219 136 30 Plymouth,
881 3219 45 23 and
938 3218 51 23 held
1001 3219 45 22 fast
1058 3218 45 23 and
1114 3219 49 23 safe
1175 3224 22 19 to
1210 3220 39 23 the

658 3253 116 30 moorings
786 3252 82 31 during
880 3260 63 15 some
954 3252 73 30 heavy
1046 3252 73 29 gales,
1138 3250 44 33 (we
1196 3254 54 22 hear

657 3285 50 24 that
719 3285 37 24 the
770 3285 97 31 Captain
879 3285 25 24 of
914 3285 37 24 the
962 3284 94 31 Jupiter
1071 3285 85 31 speaks
1168 3286 80 31 highly

658 3319 24 23 of
692 3318 117 25 Taranaki
822 3323 23 19 at
863 3317 115 32 Sydney.)
1012 3318 34 24 At
1059 3318 39 23 the
1110 3327 62 15 same
1185 3321 62 27 time,

656 3352 39 23 the
717 3351 132 31 Brougliam
869 3360 73 15 never
959 3351 106 31 'dragged,
1090 3351 41 24 her
1155 3353 93 24 anchor.

657 3385 37 31 By
705 3386 45 22 and
762 3386 37 29 by,
812 3386 39 22 the
862 3386 129 30 navigators
1011 3385 25 23 of
1056 3385 89 23 Cook's
1165 3386 84 24 Straits

656 3419 47 22 will
714 3418 71 32 laugh
803 3423 24 18 at
846 3418 38 23 the
904 3419 126 31 imaginary
1051 3419 99 30 dangers
1168 3419 24 23 of
1210 3421 39 22 the

658 3452 118 23 Taranaki
798 3451 131 24 Roadstead
939 3461 5 19 ;
959 3452 113 32 -^though'
1087 3452 159 29 carelessness,

657 3485 44 24 and
714 3485 128 31 something
855 3492 80 22 worse,
943 3492 51 23 may
1003 3485 106 23 occasion
1121 3485 129 32 shipwreck

657 3518 64 24 there
733 3527 26 15 as
772 3518 130 24 elsewhere.

691 3551 143 25 Substantial
863 3551 95 24 farmers
985 3558 59 17 were
1073 3553 124 30 preparing
1225 3558 25 18 to

658 3593 85 23 occupy
755 3585 45 23 and
811 3585 108 23 cultivate
929 3584 57 23 their
997 3584 117 24 suburban
1128 3585 45 23 and
1187 3586 61 23 rural

656 3619 139 23 allotments.
832 3618 98 31 Captain
943 3617 64 32 King
1018 3617 45 24 and
1083 3617 48 24 Mr.
1150 3619 100 24 Cutfield

657 3652 45 23 had
710 3652 85 31 joiutly
801 3652 111 31 prepared
921 3652 100 23 between
1032 3655 84 26 twenty
1125 3652 44 23 and
1180 3652 69 31 thirty

658 3692 63 16 acres
738 3685 37 23 for
796 3685 62 28 seed,
877 3685 91 23 besides
984 3684 102 31 erecting
1105 3693 13 15 a
1135 3685 113 31 dwelling,

658 3718 44 23 and
712 3717 79 31 laying
806 3723 41 19 out
858 3718 108 32 grounds,
978 3718 35 23 far
1024 3718 144 31 surpassing,
1178 3727 25 15 as
1215 3727 35 15 we

658 3758 37 16 are
707 3751 102 28 assured,
822 3759 43 23 any
877 3751 68 31 thing
961 3751 26 24 of
996 3751 38 23 the
1051 3750 59 24 kind
1121 3752 24 23 in
1158 3760 25 15 or
1194 3760 56 16 near

659 3783 58 24 Port
729 3783 135 25 Nicholson.

691 3816 51 23 The
759 3817 90 23 settlers
867 3817 142 32 complained
1027 3817 25 24 of
1071 3817 39 24 the
1123 3823 61 19 want
1196 3819 25 23 of
1236 3827 15 15 a

657 3849 92 31 regular
761 3850 82 31 supply
855 3850 26 23 of
889 3851 70 30 goods
971 3850 59 24 from
1042 3850 60 25 Port
1113 3851 136 30 Nicholson,

657 3882 42 24 but
709 3882 47 25 this
776 3890 67 16 cause
853 3883 24 23 of
894 3884 123 31 complaint
1038 3884 55 29 will,
1105 3892 33 16 we
1155 3885 95 30 believe,

658 3923 56 16 soon
725 3916 29 24 be
762 3916 113 23 removed.

691 3949 24 23 A
742 3948 57 31 joftd
827 3949 103 24 between.
1049 3950 129 31 Plymouth
1206 3951 46 25 and

1893 132 23 19 to
1928 128 38 23 the
1985 132 90 21 contact
2086 129 54 24 with
2158 130 40 23 the
2210 130 84 25 bottom
2305 130 27 24 of
2345 130 40 25 the
2395 132 78 32 boiler,

1893 161 25 23 of
1926 162 38 22 the
1982 161 109 25 inflamed
2102 170 66 23 gases
2187 164 78 24 raised
2274 164 25 22 in
2315 164 157 32 combustion;

1892 193 29 24 he
1942 194 83 30 passed
2048 195 98 31 through
2164 196 41 23 the
2227 197 86 24 bottom
2331 197 26 23 of
2372 205 14 16 a
2404 197 71 26 boiler

1892 234 121 17 numerous
2035 228 51 23 iron
2096 230 51 29 pins
2166 229 26 23 of
2206 230 68 24 about
2284 228 156 26 half-an-inch
2449 232 26 24 iv

1893 259 114 30 diameter,
2021 268 43 16 one
2076 261 44 23 end
2129 262 129 32 projecting
2268 263 47 22 into
2328 263 38 24 the
2377 263 98 33 burning

1892 300 60 16 mass
1971 294 24 22 in
2016 294 38 23 the
2065 294 101 30 furnace,
2188 295 46 23 and
2252 295 37 25 the
2301 295 65 24 other
2377 296 48 24 into
2435 297 39 24 the

1893 330 67 19 water
1980 326 25 23 in
2028 326 39 24 the
2085 326 81 25 boiler.
2202 328 52 24 The
2270 329 140 29 experiment
2428 336 45 18 was

1892 358 70 24 tested
1974 366 30 16 on
2015 359 39 24 the
2072 359 123 32 Liverpool
2206 361 46 23 and
2263 360 145 25 Manchester
2420 363 52 23 rail-

1893 398 55 24 way,
1962 393 48 22 150
2021 393 50 23 iron
2084 393 50 30 pins
2147 393 86 31 having
2244 395 56 23 been
2316 395 99 23 inserted
2426 396 47 24 into

1893 424 36 23 the
1941 424 86 24 bottom
2039 426 26 23 of
2080 426 38 23 the
2129 426 80 30 boiler,
2228 427 64 24 when
2310 427 38 24 the
2361 429 114 30 saving-of

1892 457 52 23 heat
1955 458 85 29 proved
2060 463 22 19 to
2095 459 28 23 be
2140 460 120 24 immense.
2294 459 51 25 The
2364 462 57 30 pins'
2435 470 38 15 are

1885 490 141 24 introduced
2042 491 31 31 by
2084 491 66 32 being
2162 493 80 23 driven
2259 493 46 24 into
2323 493 64 24 holes
2398 495 75 30 previ-

1893 524 64 30 ously
1976 524 80 23 drilled
2073 525 25 22 in
2118 525 37 23 the
2172 527 74 30 plates
2266 525 56 24 from
2340 527 78 23 within
2435 527 42 26 the.

1892 556 88 29 boilers,
1994 565 14 14 a
2020 557 70 31 slight
2101 558 95 32 leakage
2209 566 77 17 occurs
2298 558 90 30 at'first,
2400 560 41 23 but
2449 560 25 23 in.

1893 597 13 15 a
1915 597 54 22 very
1981 589 65 24 short
2056 591 54 22 time
2122 591 52 28 they
2185 592 91 24 become
2282 592 109 27 perfectly
2405 593 67 26 tight.

1926 632 70 24 Fuel
2025 639 50 17 for
2105 633 90 24 Steam
2223 635 250 24 Vessels.—Grant's

1893 658 160 36 Paten(sftFuel
2064 667 20 22 is
2103 673 49 16 now
2171 666 57 25 used
2246 668 30 31 by
2294 667 40 24 her
2352 668 121 33 Majesty's

1892 698 78 24 Steam
1980 698 105 29 Vessels,
2098 699 43 23 and
2159 699 75 32 might
2244 708 33 16 we
2288 708 38 16 are
2338 701 25 23 of
2373 703 98 30 opinion,

1891 731 28 23 be
1936 739 54 23 very
2007 732 157 32 conveniently
2181 733 89 24 formed
2285 734 44 23 and
2345 735 90 30 applied
2450 740 23 20 to

1891 764 108 24 domestic
2007 773 51 16 use.
2093 765 50 24 The
2152 767 149 30 composition
2309 767 20 23 is
2338 768 81 31 simple
2430 769 43 24 and

1891 797 19 22 is
1922 805 25 15 as
1957 798 87 23 follows
2055 799 97 24 :—Coal
2171 804 36 19 tar
2218 807 26 16 or
2261 799 63 24 other
2335 800 138 25 bituminous

1891 835 80 19 matter
1982 832 20 22 is
2016 835 24 19 to
2056 832 28 24 be
2098 832 122 24 converted
2239 833 29 32 by
2279 832 37 24 the
2327 833 113 25 influence
2451 835 22 24 of

1892 862 51 24 heat
1953 865 47 22 into
2013 872 14 15 a
2046 866 119 23 substance
2184 865 139 32 resembling
2339 866 70 31 pitch,
2431 872 42 19 two

1892 896 74 30 gallon
1978 905 24 15 or
2011 899 31 21 20
2050 898 32 23 lb.
2091 899 83 30 weight
2181 899 26 23 of
2216 899 46 24 this
2271 899 61 31 pitch
2339 899 56 32 kept
2402 901 71 23 under

1893 929 36 23 the
1940 929 113 24 influence
2065 931 24 22 of
2102 931 52 24 heat
2164 932 25 23 in
2201 941 13 14 a
2227 932 55 24 fluid
2293 937 58 19 state
2362 941 39 16 are
2413 941 60 16 com-

1891 962 68 24 bined
1969 963 57 23 with'
2034 966 13 21 1
2061 968 51 19 cwt.
2126 964 24 24 of
2165 966 49 22 coal
2227 965 58 28 dust,
2303 966 45 22 and
2362 966 39 23 the
2413 974 60 17 com-

1891 996 96 30 position
2006 997 106 23 moulded
2129 998 47 22 into
2193 998 39 23 the
2242 998 57 23 form
2312 999 25 22 of
2350 998 77 24 bricks
2439 1000 34 23 for

1891 1028 38 24 the
1947 1030 150 23 convenience
2109 1030 25 23 of
2150 1031 110 31 packing.
2294 1031 53 24 One
2363 1033 78 30 pound
2451 1033 22 23 of

1892 1061 101 25 this'fuel
2006 1063 63 23 when
2082 1063 105 32 properly
2199 1063 87 25 formed
2296 1065 47 23 will
2354 1070 119 27 evaporate

1891 1103 24 15 or
1927 1101 91 19 convert
2029 1097 48 23 into
2089 1101 79 25 steam,
2181 1098 65 30 eight
2257 1098 86 31 pounds
2355 1098 26 23 of
2390 1100 81 24 water!

1924 1144 97 24 March
2032 1152 30 16 op
2071 1145 223 25 Invention.—ln
2304 1147 64 23 1840
2374 1155 24 14 or
2407 1146 66 25 about

1891 1177 37 23 the
1945 1178 78 30 period
2038 1178 66 23 when
2124 1186 32 16 we
2175 1186 59 16 were
2256 1180 90 30 leaving
2367 1179 106 32 England

1891 1210 34 23 for
1936 1211 55 22 New
2004 1211 109 29 Zealand,
2132 1220 70 22 many
2213 1212 26 23 of
2254 1213 37 22 the
2303 1212 98 23 London
2421 1213 51 24 Silk

1892 1242 131 25 Merchants
2035 1251 59 16 were
2110 1244 67 23 much
2195 1245 124 23 interested
2336 1246 24 22 in
2373 1246 38 23 the
2420 1254 53 23 pro-

1892 1275 89 24 duction
2000 1277 25 22 of
2042 1284 28 16 an
2089 1277 77 23 article
2186 1286 28 14 so
2235 1277 82 31 closely
2336 1279 137 32 resembling

1892 1309 51 29 silk,
1957 1309 49 23 that
2016 1310 89 23 neither
2117 1311 37 22 the
2166 1318 85 23 organs
2264 1310 24 24 of
2296 1311 61 30 sight
2369 1319 25 16 or
2406 1313 67 24 touch

1892 1342 63 23 could
1968 1343 74 23 detect
2059 1343 37 23 the
2108 1343 129 30 difference,
2256 1343 107 32 although
2375 1345 38 24 the
2424 1354 48 15 new

1892 1379 86 20 texture
1988 1383 46 16 was
2042 1377 103 30 actually,
2155 1376 83 32 chiefly
2246 1378 118 29 composed
2374 1378 24 23 of
2402 1379 68 30 glass.

1892 1408 48 24 The
1952 1414 59 18 most
2021 1410 133 31 interesting
2165 1411 88 23 feature
2264 1410 24 25 of
2297 1411 37 23 the
2346 1411 72 24 fabric
2427 1420 44 16 was

1892 1442 36 23 the
1947 1447 99 18 extreme
2064 1443 126 31 brilliancy,
2214 1445 46 23 and
2276 1444 100 23 richness
2395 1445 26 23 of
2437 1446 35 23 the

1891 1475 86 23 colours
1995 1475 132 32 andvariety
2145 1477 26 23 of
2185 1477 79 24 device
2282 1477 72 23 which
2366 1485 45 16 was
2433 1486 38 16 ex-

1891 1508 83 24 hibited
1985 1509 31 30 by
2028 1509 38 24 the
2078 1510 117 23 combined
2207 1510 67 24 effect
2284 1510 24 23 of
2324 1510 87 31 design,
2430 1512 42 24 and

1891 1541 36 24 the
1939 1541 108 32 blending
2056 1543 101 30 together
2167 1544 39 22 the
2216 1551 52 16 ever
2280 1545 93 29 varying
2385 1545 87 23 metalic

1892 1575 53 23 tints
1958 1575 116 31 displayed
2087 1576 30 30 by
2129 1576 37 23 the
2177 1576 71 32 glass,
2261 1576 65 25 when
2340 1578 99 30 exposed
2449 1583 21 18 to

1891 1608 37 23 the
1939 1609 112 23 influence
2063 1609 26 23 of
2104 1609 37 23 the
2153 1618 56 15 suns
2228 1618 60 23 rays.
2324 1610 44 24 We
2380 1611 91 24 observe

1891 1641 57 24 from
1959 1641 45 24 late
2016 1641 101 32 English
2129 1651 68 21 news,
2211 1643 50 24 that
2271 1642 36 25 the
2317 1644 155 24 manufacture

1891 1674 25 23 of
1936 1675 37 23 the
1995 1675 63 31 glass
2077 1675 58 24 silks
2155 1676 44 24 and
2218 1678 71 22 satins
2308 1677 21 22 is
2348 1677 124 31 advancing

1892 1708 93 31 rapidly,
2000 1708 44 23 and
2055 1708 48 23 that
2115 1709 35 24 the
2161 1710 79 23 article
2249 1711 19 22 is
2277 1717 47 15 now
2334 1711 138 31 extensively

1891 1742 56 22 used
1959 1750 23 14 as
1994 1742 216 29 window-curtains,
2225 1743 151 28 table-cloths,
2391 1744 43 23 &c.

1936 1785 125 24 Dangers
2079 1793 33 16 at
2133 1787 61 22 Sea.
2197 1787 85 23 —The
2305 1785 119 24 hurricane
2449 1795 23 16 or

1893 1818 36 23 the
1947 1823 104 26 tempest,
2064 1819 68 23 when
2147 1819 52 31 they
2213 1827 74 20 occur,
2301 1827 38 15 are
2357 1827 56 16 seen
2429 1821 43 23 and

1891 1852 150 30 appreciated,
2053 1853 43 22 and
2103 1860 66 23 many
2176 1861 58 15 even
2241 1858 40 26 get
2286 1860 22 15 so
2314 1853 98 23 familiar
2421 1854 51 23 with

1891 1885 38 22 the
1941 1885 68 30 sight,
2030 1885 49 23 that
2097 1886 53 31 they
2161 1893 43 16 can
2222 1885 81 30 calmly
2314 1886 85 23 admire
2416 1886 56 24 their

1891 1918 120 30 grandeur.
2048 1919 76 23 There
2131 1934 2 3 ■
2142 1927 37 15 are
2199 1919 148 31 occasionally
2361 1919 111 24 accidents

1891 1955 24 19 at
1926 1959 46 21 sea,
1984 1952 110 28 however,
2107 1952 72 23 which
2187 1953 88 30 though
2283 1952 87 31 equally
2378 1953 94 30 danger-

1893 1992 47 21 ous,
1959 1993 36 15 are
2015 1985 53 31 only
2079 1985 142 31 appreciated
2234 1987 31 29 by
2280 1985 35 24 the
2328 1987 144 31 experienced

1891 2025 99 16 seaman.
2006 2038 3 4 ,
2027 2018 50 23 We.
2089 2019 110 23 recollect'
2214 2020 75 22 whilst
2300 2027 29 15 on
2347 2028 17 14 a-
2372 2020 100 30 coasting

1887 2047 129 30 Excursion,
2039 2045 57 27 aVter
2114 2058 14 14 a
2140 2055 86 25 stormy
2364 2051 45 22 the'
2416 2051 57 24 wind

1891 2082 98 28 adverse,
2002 2089 34 16 we
2049 2082 111 23 anchored
2181 2083 23 22 in
2217 2091 13 14 a
2240 2083 43 31 bay
2294 2083 53 22 with
2366 2083 105 24 breakers

1891 2116 24 22 in
1929 2115 68 30 sight.
2034 2115 76 23 When
2129 2116 29 23 all
2170 2124 30 14 on
2221 2115 67 24 board
2300 2123 57 16 were
2369 2118 103 30 wrapped

1891 2149 23 22 in
1926 2149 55 29 deep
1996 2148 70 31 sleep,
2079 2148 38 23 the
2130 2149 73 23 vessel
2215 2149 98 31 dragged
2324 2150 41 23 her
2380 2151 90 24 anchor.

1892 2181 50 24 The
1953 2187 84 17 master
2050 2182 44 23 and
2106 2190 56 15 crew
2176 2190 60 16 were
2249 2191 28 15 on
2289 2182 57 24 deck
2361 2183 24 23 in
2398 2191 28 16 an
2437 2185 34 22 in-

1891 2219 68 22 stant,
1977 2215 41 23 but
2037 2215 38 24 the
2096 2223 78 24 repose
2188 2216 26 23 of
2229 2216 39 23 the
2284 2223 133 24 passengers
2436 2225 35 16 re-

1891 2248 89 23 mained
1987 2248 161 25 undisturbed:
2159 2249 46 23 had
2214 2249 38 23 the
2260 2249 83 24 anchor
2354 2255 40 18 not
2405 2251 64 30 again

1890 2281 109 29 fastened,
2020 2282 19 22 it
2051 2286 61 19 must
2122 2282 132 32 unevitably
2265 2283 55 23 have
2332 2283 64 29 been,
2415 2284 57 23 from

1892 2315 37 23 the
1940 2319 79 19 nature
2031 2315 25 23 of
2065 2316 38 23 the
2115 2316 134 31 anchorage,
2261 2316 58 24 their
2329 2316 46 23 last
2385 2324 85 24 repose.

1890 2348 22 23 A
1926 2348 89 24 sunken
2035 2349 56 23 rock
2109 2349 41 23 has
2167 2349 49 23 also
2237 2353 88 27 greater
2342 2350 92 23 horrors
2449 2352 23 22 in

1890 2382 65 23 itself
1964 2387 22 18 to
1998 2382 38 23 the
2048 2382 62 23 mind
2123 2383 25 22 of
2164 2382 38 23 the
2220 2384 97 22 mariner
2329 2383 56 23 than
2402 2389 21 18 to
2435 2383 35 25 the

1890 2415 125 28 landsman,
2035 2416 44 23 and
2100 2415 62 24 there
2175 2415 154 31 occasionally,
2338 2423 78 17 occurs
2434 2425 36 15 ac-

1891 2448 86 24 cidents
1989 2449 25 23 of
2032 2448 38 24 the
2082 2455 60 17 most
2157 2449 115 32 alarming
2282 2448 56 25 kind
2348 2450 21 22 if
2382 2450 88 29 known,

1890 2482 41 23 but
1943 2481 71 24 which
2025 2490 37 15 are
2072 2490 66 15 never
2147 2482 48 28 felt,
2208 2484 60 22 until
2279 2490 61 16 some
2352 2482 76 24 future
2436 2491 34 16 re-

1887 2516 52 29 pair
1947 2519 22 19 to
1979 2515 73 23 which
2061 2516 37 22 the
2106 2516 50 31 ship
2164 2524 52 22 may
2226 2516 27 22 be
2261 2516 122 30 subjected,
2393 2524 78 23 proves

1891 2548 48 23 that
1955 2549 39 22 life
2011 2549 83 23 indeed
2110 2549 72 31 hangs
2200 2557 61 23 upon
2279 2557 14 16 a
2308 2549 87 24 thread.
2430 2550 42 23 We

1891 2581 92 24 observe
1994 2582 24 22 in
2030 2582 39 23 the
2082 2581 104 24 Calcutta
2199 2581 157 32 Englishmen,
2370 2583 26 23 of
2405 2591 13 15 a
2428 2584 43 23 late

1891 2615 58 28 date,
1970 2615 49 23 that
2037 2623 30 15 on
2087 2616 132 30 examining
2237 2616 39 23 the
2292 2615 86 24 bottom
2396 2616 25 23 of
2437 2617 35 22 the

1891 2651 96 20 steamer
2003 2647 148 32 Enterprize,
2173 2649 39 23 the
2229 2649 59 23 horn
2298 2648 25 23 of
2341 2657 13 15 a
2372 2650 100 22 saw-fish

1890 2688 45 16 was
1947 2681 69 23 found
2028 2685 23 19 to
2063 2681 57 23 have
2141 2683 134 29 penetrated
2286 2681 35 23 the
2336 2690 83 23 copper
2430 2681 42 32 (28

1891 2713 90 32 ounce,)
2002 2714 45 23 and
2065 2714 36 23 the
2120 2714 87 24 bottom
2226 2715 89 30 planks,
2336 2715 51 30 just
2406 2716 68 24 above

1889 2747 39 23 the
1938 2747 61 31 bilge
2010 2747 70 29 keel;
2101 2747 38 23 the
2151 2747 58 24 horn
2221 2747 46 24 had
2275 2747 94 30 broken,
2381 2749 94 24 andthe

1889 2782 144 29 penetrating
2050 2781 89 30 portion
2152 2778 82 31 (about
2244 2781 51 24 four
2306 2781 78 23 inches
2402 2782 79 32 long,)'

1890 2814 44 23 had
1954 2813 123 29 remained,
2100 2813 52 25 thus
2173 2815 78 30 acting
2274 2822 24 16 as
2321 2822 14 15 a
2357 2819 51 27 stop
2430 2824 43 22 gap

1891 2848 89 29 against
1988 2847 38 24 the
2037 2847 122 24 admission
2169 2848 26 23 of
2204 2848 38 23 the
2251 2848 78 23 water!
2358 2848 24 23 A
2391 2850 83 22 similar

1891 2881 101 23 accident
2009 2881 41 23 has
2068 2881 59 23 been
2144 2885 41 27 put
2196 2889 31 15 on
2245 2880 78 25 record
2339 2889 63 16 more
2421 2882 53 23 than

1891 2921 62 17 once.
1984 2914 44 23 We
2036 2914 57 23 have
2101 2922 54 15 seen
2164 2923 42 15 one
2214 2915 122 30 specimen,
2337 2916 137 22 —removed

1889 2947 59 24 from
1960 2947 37 23 the
2006 2947 51 23 hull
2065 2947 25 23 of
2099 2956 13 14 a
2122 2948 75 23 vessel
2204 2948 67 23 when
2284 2947 68 24 under
2360 2950 82 29 repair,
2442 2961 29 5 —
2473 2947 10 5 ~

1891 2980 26 23 of
1933 2981 48 23 that
1996 2982 87 29 species
2096 2980 25 24 of
2130 2980 51 30 fish,
2200 2981 85 24 known
2297 2985 20 18 to
2336 2981 137 24 Naturalists

1891 3014 71 24 under
1967 3014 37 23 the
2012 3019 60 18 term
2078 3013 107 32 Xiphias,
2194 3013 38 32 (or
2239 3013 151 33 sword-fish).
2426 3015 48 24 The

1890 3048 138 23 instrument
2039 3048 54 23 thus
2105 3055 25 16 so
2143 3048 127 31 dangerous
2283 3053 21 18 to
2313 3048 94 29 vessels,
2418 3048 21 23 is
2451 3049 23 22 in

1891 3088 29 16 no
1932 3081 68 31 shape
2011 3090 14 14 a
2035 3080 67 29 horn,
2115 3080 41 24 but
2165 3081 88 31 merely
2264 3081 37 24 the
2313 3088 70 24 upper
2391 3081 46 31 jaw
2452 3081 24 23 of

1891 3114 38 23 the
1941 3114 44 24 fish
2000 3114 89 31 greatly
2101 3113 134 32 elongated:
2254 3116 26 22 in
2296 3113 37 24 the
2347 3113 128 25 sword-fish

1891 3145 123 34 {Xiphias)
2036 3148 25 24 of
2082 3147 74 24 which
2178 3147 64 24 there
2265 3154 37 17 are
2324 3151 42 19 two
2386 3147 88 31 species

1891 3180 91 30 known,
2002 3182 57 28 that,
2071 3182 25 23 in
2115 3181 38 23 the
2169 3180 86 25 Indian
2272 3182 62 26 Seas,
2347 3179 69 32 being
2432 3180 38 24 the

1891 3213 93 32 largest,
1985 3222 68 16 —we
2075 3214 49 24 find
2149 3221 27 17 no
2206 3213 64 25 teeth
2289 3212 134 30 whatever,-'
2435 3213 38 24 the

1891 3247 45 24 fish
1947 3248 68 31 being
2026 3248 144 30 remarkably
2177 3247 118 27 harmless,
2307 3245 44 24 and
2361 3245 74 32 living
2446 3254 28 16 on

1891 3281 67 23 small
1978 3281 35 31 fry
2034 3281 26 23 of
2077 3281 64 23 other
2161 3281 85 27 fishes;
2271 3280 23 23 in
2312 3278 38 24 the
2371 3280 102 23 saw-fish

1893 3314 100 29 fPristis
2004 3314 144 32 antiguorum
2159 3313 24 23 of
2193 3311 150 31 Goldsmith,)
2355 3311 39 26 the-

1891 3348 68 31 gated
1969 3356 70 23 upper
2045 3348 46 31 jaw
2098 3348 21 22 is
2126 3346 117 24 furnished
2250 3346 67 30 along
2324 3346 40 23 the
2373 3346 101 24 external

1891 3382 90 30 margin
1986 3380 53 25 with
2047 3387 120 17 numerous
2174 3379 116 31 exremely
2296 3378 54 24 hard
2355 3378 79 25 bodies
2438 3387 35 16 re-

1891 3414 113 31 sembling
2014 3414 63 24 teeth
2088 3422 5 21 ;
2117 3413 59 23 what
2185 3420 42 15 use
2238 3412 64 24 these
2314 3420 51 24 may
2374 3420 65 17 serve
2452 3417 20 19 to

1893 3448 38 23 the
1939 3448 45 23 fish
2000 3448 20 23 is
2033 3446 123 28 unknown,
2167 3445 42 23 but
2219 3453 34 16 we
2268 3446 91 23 remark
2376 3446 50 24 that
2436 3445 35 24 the

1891 3480 61 24 force
1963 3480 72 24 which
2048 3479 75 24 would
2140 3479 27 23 be
2186 3479 107 30 required
2309 3483 23 19 to
2344 3479 127 25 cause-this

1891 3518 112 19 structure
2009 3519 22 18 to
2038 3513 86 23 shatter
2129 3511 37 24 the
2172 3519 85 25 copper
2265 3513 122 31 sheathing
2394 3513 24 24 of
2423 3519 47 16 ves-

1891 3547 53 28 sels,
1953 3547 44 23 and
2007 3550 117 28 penetrate
2131 3545 58 23 their
2198 3546 95 24 wooden
2303 3546 62 24 walls
2374 3550 62 20 must
2445 3546 26 22 be

1891 3587 54 23 very
1956 3585 70 25 great,
2045 3586 63 16 more
2118 3579 123 31 especially
2252 3580 25 23 in
2288 3579 37 24 the
2337 3587 51 16 case
2401 3579 24 24 of
2437 3578 34 23 the
2476 3583 4 5 1

1891 3621 53 15 saw-
1950 3612 50 29 fish,
2014 3614 26 22 in
2051 3611 75 24 which
2141 3612 35 23 the
2184 3612 64 24 teeth
2258 3612 72 30 stand,
2345 3614 24 22 in
2379 3620 14 16 a
2400 3617 70 19 trans-

1891 3654 64 15 verse
1976 3646 118 28 direction;
2115 3645 45 24 and
2178 3645 55 24 thus
2253 3647 55 24 offer
2329 3654 30 15 an
2376 3645 94 24 obstacle

1891 3684 22 18 to
1926 3680 38 23 the
1981 3684 108 18 entrance
2100 3678 26 24 of
2142 3679 36 23 the
2189 3685 78 19 snout.
2309 3680 43 23 We
2369 3686 52 24 may
2431 3677 41 24 add

1891 3713 49 23 that
1958 3712 37 24 the
2015 3711 106 24 saw-fish
2143 3713 19 23 is
2181 3713 89 24 classed
2293 3713 27 31 by
2344 3711 126 32 systematic

1891 3745 130 24 naturalists
2034 3745 55 24 with
2111 3745 39 24 the
2162 3746 79 29 shark,
2261 3746 44 25 and
2321 3753 40 24 ray
2373 3753 26 15 or
2410 3744 61 24 skate

1891 3780 94 30 species,
2004 3779 43 24 and
2065 3779 87 24 seldom
2164 3780 96 23 exceeds
2273 3781 23 22 in
2308 3778 164 32 length-fifteen

1890 3812 53 29 feet,
1957 3812 99 24 whereas
2068 3812 39 24 the
2120 3812 131 24 sword-fish
2263 3812 91 25 reaches
2366 3820 14 14 a
2396 3809 76 32 length

1891 3845 27 24 of
1931 3846 147 32 twenty-five,
2101 3846 46 23 and
2161 3846 95 32 belongs
2268 3852 23 19 to
2307 3853 28 15 an
2354 3843 119 30 endirectly

1891 3879 104 24 different
2007 3880 61 23 class
2079 3879 26 24 of
2113 3879 79 29 fishes,
2205 3887 27 15 so
2244 3880 50 23 that
2304 3878 17 23 it
2331 3880 21 22 is
2364 3878 50 31 just
2421 3883 52 24 pro-

1891 3913 66 24 babls
1969 3913 48 24 that
2028 3913 40 23 the
2080 3918 58 18 term
2151 3921 53 21 saw,
2220 3920 46 27 pas
2278 3913 56 24 been
2345 3907 128 28 introduced

1890 3946 32 31 by
1933 3946 116 32 oversight
2060 3946 90 24 instead
2161 3947 24 23 of
2195 3946 84 29 swprd.
2418 3967 4 3 .
2446 3957 4 3 ■

564 40 102 47 Ttft
688 42 119 40 !st\xs
831 40 211 42 Ztartattti
1070 39 192 47 iSmtttt
1285 38 91 41 aiifo
1399 38 303 47 ©narlitngtou
1727 33 250 53 &p&tator*

753 125 288 23 METEOROLOGICAL
1055 125 109 22 TABLE.

694 160 42 21 for
748 160 34 20 the
791 160 56 19 week
856 159 75 25 ending
942 158 118 26 Thursday,
1070 158 53 26 July
1140 159 20 24 7,
1171 159 58 20 1842.

682 250 48 16 1842.

767 228 52 17 Time
826 228 20 17 or

763 248 88 18 Observa-

782 269 46 17 tion.

879 238 56 17 Baro-

874 261 64 14 meter.

954 238 86 17 Thermo-

964 261 65 15 meter.

1066 214 61 50 11l

1068 260 59 46 Ift

1167 248 61 18 Wind.

670 327 76 20 ?riday...

670 389 24 16 lat

786 327 10 15 8

784 348 54 20 Ip.m.

785 389 11 16 8

784 409 52 21 Ip.m.

784 430 11 15 5

786 452 10 14 8

784 471 54 21 Ip.m.

785 492 10 15 5

785 513 11 15 8

786 534 52 19 Ip.m.

785 555 10 14 5

784 575 11 15 8

784 595 53 20 Ip.m.

784 617 10 14 5

784 637 11 15 s

784 657 54 20 lpm.

784 679 9 15 5

784 699 10 16 8

784 720 52 19 Ip.m.

784 741 9 14 5

878 327 60 16 30.000

879 347 58 17 30.100

878 368 59 16 30.100

879 389 59 16 30.100

879 409 59 17 30.100

879 430 58 17 30.100

979 327 38 15 45.5

979 348 28 15 48.

979 367 28 17 47,

979 389 28 16 45.

980 410 27 16 52.

964 429 42 17 •4&

1076 349 39 16 0.05

1146 327 41 17 S.E.

1147 345 44 20 s.e.'
1203 349 4 7 i

1147 368 41 18 S.E.

1147 389 40 17 S.B.

1147 410 40 18 S.E.

1147 431 40 17 S.E.

1148 452 39 16 S.E.

1147 472 40 17 S.E.

1147 493 40 16 S.E.

1147 513 88 17 Variable.

1147 534 39 17 S.E.

1147 555 40 17 S.E.

1147 575 50 18 N.W.

1146 596 52 17 N.W.

1146 616 50 18 N.W.
1237 614 20 15 <■

1146 637 88 17 Variable.

1146 658 51 18 NW.

1146 679 50 17 N.W.

1146 699 51 17 N.W.

1146 720 53 17 N.W-

1146 741 54 17 N.W..
1221 748 4 4 •

1076 411 39 17 0.05

670 450 77 21 Sunday..

1077 473 38 16 0.05

670 512 76 21 donday.

670 574 75 21 Cuesday

670 635 35 16 Vei

878 512 60 16 29.710

878 532 61 17 29.710

878 553 60 17 29.710

878 575 59 16 29.720

878 595 59 16 29.650

878 616 59 16 29.620

877 636 60 16 29.810

878 657 59 16 29.850

877 678 60 16 29.850

878 699 59 16 29.800

877 720 60 15 29.870

877 740 60 16 29.854

980 513 27 15 46.

979 534 38 15 56.5

979 554 38 16 52.5

979 575 38 16 46.5

979 596 38 16 56.5

979 617 26 16 55.

979 637 38 16 57.5

979 658 27 16 60.

979 678 26 17 57.

978 700 38 15 44.5

979 720 26 15 60.

978 741 26 15 57.

1068 534 57 17 None.

1068 596 57 17 None.

1076 658 40 17 0.04

670 697 51 16 Jhurs
726 709 18 6 ...

1066 720 58 17 None.

784 804 9 15 8

993 785 127 17 REMARKS.

864 804 53 21 Light
924 805 61 16 breeze
993 805 37 16 and
1035 809 43 17 very
1085 805 42 18 fine.

783 846 53 19 Ip.m.

858 840 4 23 I
906 846 33 17 Do.
981 846 37 17 Do.
1060 850 88 14 overcast.

783 887 10 15 S

906 887 33 17 Do.
981 888 33 17 Do.
1058 889 35 16 80.

670 927 22 17 iat
746 925 1 16 i

783 929 10 15 8

864 928 50 17 Culm
922 929 35 17 and
963 934 44 16 very
1011 930 43 16 fine.

783 971 53 19 Ip.m.

906 971 33 17 Do.
981 971 35 17 Do.
1060 971 34 17 Do.

783 1012 10 15 5

869 1023 4 3 ■
906 1012 34 18 Do.
983 1013 33 16 Do.
1061 1013 35 16 Do.

670 1052 75 21 lunday..

784 1053 9 15 8

863 1053 54 21 Light
925 1054 60 17 breeze
993 1054 35 17 and
1039 1056 88 15 overcast.

783 1094 54 20 Ip.m.

906 1095 33 17 Do.
981 1089 44 24 Do.*
1058 1095 46 17 rain.

783 1136 9 15 5

862 1137 56 20 Light
923 1138 62 16 breeze
993 1138 35 16 and
1036 1138 43 16 fine.

667 1176 78 21 Monday.

783 1178 10 15 8

863 1178 52 17 Calm
921 1179 36 16 and
964 1183 43 17 very
1013 1179 43 16 fine.

783 1219 54 20 Ip.m.

905 1220 33 17 Do.
982 1221 35 18 Do.
1061 1221 34 16 Do.

783 1261 9 15 5

863 1262 55 21 Light
924 1263 61 16 breeze
992 1263 38 16 and
1036 1263 89 16 overcast.

673 1302 72 20 'uesday

783 1303 9 15 8

906 1303 33 17 Do.
981 1304 34 16 Do.
1059 1304 35 16 Do.

783 1344 54 20 Ip.m.

863 1345 65 21 Strong
934 1345 62 16 breeze
1004 1345 36 16 and
1048 1345 43 17 flue.

783 1386 9 15 5

906 1387 33 16 Do.
953 1385 2 4 '
982 1387 34 17 Do.
1059 1387 41 17 rain,
1105 1386 20 17 in
1133 1387 29 17 the
1169 1387 59 20 night.

679 1427 4 8 r
683 1427 22 16 ed

784 1427 9 15 8

859 1428 100 17 iCalnvand
967 1433 42 16 very
1016 1428 43 17 fine.

783 1469 54 20 Ip.m.

863 1470 55 21 Light
924 1471 62 15 breeze
993 1470 36 16 and
1035 1474 45 17 very
1087 1470 42 17 fine.

783 1510 10 16 S

906 1512 33 16 Do.
981 1512 34 16 Do.
1060 1512 34 16 Do.

673 1552 39 17 'hur
726 1564 18 5 ...

783 1553 10 14 8

905 1554 33 16 Do.
981 1553 33 16 Do.
1059 1554 34 16 Do.

783 1594 54 20 Ip.m.

906 1595 33 17 Do.
982 1595 35 18 Do.
1061 1595 33 17 Do.

758 1643 6 4 -
782 1637 10 14 s

858 1626 5 27 I
885 1644 6 3 -
905 1637 33 16 Do.
980 1637 34 16 Do.
1058 1637 34 17 Do.

780 2069 98 20 Notice
894 2070 30 19 to
939 2070 181 21 Subscribers.

660 2096 79 26 Papers
753 2096 44 20 will
809 2097 36 19 not
859 2096 25 20 be
896 2098 46 18 sent
959 2098 20 18 to
991 2103 89 19 persons
1094 2098 64 25 living
1174 2100 36 18 out
1228 2098 25 24 of

684 2131 56 20 Port
748 2131 121 25 Nicholson,
885 2132 69 20 unless
968 2134 156 23 arrangements
1138 2139 35 13 are
1189 2134 60 19 made

680 2164 38 33 for
729 2165 35 20 the
769 2167 100 23 payment
878 2165 27 25 of
911 2166 34 19 the
954 2171 61 21 same,
1027 2167 93 25 tnrwgh
1130 2173 28 14 an
1169 2168 79 25 Agent,

685 2201 24 18 at
720 2200 133 23 Wellington.

285 131 108 22 Notice.

132 181 4 3 -
172 184 4 7 ,
285 165 136 27 Wellington
432 164 60 22 June
501 164 36 27 27,
547 165 62 20 1842.

48 198 93 51 THE
156 196 145 25 BUSINESS
316 198 98 22 hitherto
429 197 124 22 conducted
563 197 73 22 under

123 225 38 22 the
177 225 50 22 firm
235 225 27 22 of
274 224 62 23 John
347 224 44 22 and
400 224 88 26 George
502 223 72 22 Wac're
584 223 51 27 will,

47 253 58 21 after
115 252 39 22 the
169 253 34 20 Ist
213 251 42 27 day
272 251 25 22 of
311 251 62 33 July,
386 252 63 25 1842,
462 250 30 22 be
507 250 86 22 carried
609 257 27 14 on

47 281 75 20 under
130 278 38 22 the
175 285 65 15 name
250 278 25 22 of
281 277 63 23 John
351 277 69 22 Wade
431 277 45 22 and
487 277 39 21 Co.
535 285 6 12 :
551 277 47 22 and
609 277 27 22 all

46 311 92 21 persons
147 304 105 23 indebted
258 308 23 18 to
291 304 38 22 the
337 304 50 22 firm
395 304 26 21 of
429 303 61 22 John
498 304 44 21 and
548 303 88 27 George

47 331 80 27 Wade,
139 338 36 15 are
191 331 117 27 requested
321 327 114 25 forthwith
445 334 22 17 to
477 337 44 20 pay
532 330 58 21 their
602 337 34 14 re-

47 358 100 26 spective
157 362 104 18 accounts
272 362 23 17 to
306 357 38 22 the
354 357 156 26 undersigned,
520 356 116 22 otherwise

46 384 53 28 they
111 385 45 22 will
165 384 29 23 be
207 384 90 22 handed
305 387 24 18 to
339 391 14 14 a
369 383 101 22 Solicitor
477 383 36 21 for
521 390 115 20 recovery.

428 425 3 5 •
448 416 63 21 John
525 416 84 21 Wade.

249 463 38 19 To
306 462 35 20 be
356 461 74 24 Sold,

46 496 74 49 ON
142 496 84 25 MOST
245 494 261 23 ADVANTAGEOUS
521 494 114 28 TERMS,

125 529 29 15 an
172 522 108 22 excellent
298 521 65 22 retail
379 526 60 17 store
457 521 106 27 business,
583 522 24 21 in
623 529 13 14 a

43 549 110 27 populous
160 549 44 21 and
212 548 42 22 fast
263 548 128 26 increasing
397 550 52 26 part
459 548 26 21 of
492 548 143 28 Wellington.

45 576 47 21 The
102 575 107 27 premises
217 581 37 15 are
260 575 25 20 of
292 581 25 14 so
326 574 60 27 good
396 574 44 22 and
447 581 76 21 roomy
530 583 13 14 a
548 579 86 23 nature,

44 602 49 21 that
103 602 111 21 sufficient
224 608 39 14 can
273 601 28 21 be
312 600 113 23 under-let
442 605 22 18 to
482 601 60 22 clear
556 602 80 27 nearly

44 628 39 21 the
101 632 57 17 rent.
196 628 70 21 Three
285 627 97 27 months,
405 631 51 18 rent
473 628 54 27 free,
548 628 45 22 will
608 629 27 21 be

43 654 145 27 guaranteed.

71 681 82 27 Apply,
165 680 30 27 by
202 680 71 28 letter,
283 684 23 18 to
318 680 67 28 X.Z.,
396 685 25 17 at
430 680 38 22 the
479 681 69 22 Office
558 682 28 21 of
591 681 44 22 this

45 714 78 20 paper.

72 740 55 27 July
136 743 20 24 8,
167 742 60 20 1842.
254 761 4 5 .

281 786 41 20 To
337 787 58 24 Let,

45 819 89 48 FOR
147 819 55 21 such
213 826 13 15 a
236 823 56 18 term,
302 819 26 21 of
332 826 64 20 years
407 826 23 14 as
447 826 54 20 may
510 819 27 22 be
551 819 82 27 agreed

118 853 37 19 on,
167 846 33 21 six
210 853 61 15 acres
287 846 66 26 along
370 846 37 21 the
419 846 45 22 Kai
480 846 152 27 Wavra-road,

43 879 30 13 on
83 872 88 22 Section
182 872 42 22 No.
234 874 20 25 4,
269 872 23 22 in
309 879 42 15 one
370 879 24 14 or
412 880 61 14 more
487 873 52 21 lots.
569 873 62 27 Also,

43 899 88 21 wanted
151 906 13 14 a
182 901 123 19 contractor
322 899 36 21 for
377 899 101 27 building
498 906 13 15 a
525 900 108 22 weather-

43 925 99 22 boarded
157 925 75 26 house,
250 926 52 21 with
320 925 63 22 brick
402 926 118 27 chimnies,
536 934 29 14 on
586 927 49 22 said

43 952 94 22 section.
167 952 73 27 Apply
251 955 22 18 to

233 985 48 22 Mr.
296 985 156 29 Macdonald,
464 986 45 23 Kai
520 987 86 22 Warra.

71 1018 45 22 Kai
127 1018 87 28 Warra,
226 1018 52 29 July
289 1021 20 25 8,
322 1021 60 21 1842.

43 1070 190 26 Subscription
252 1071 60 20 Sale
337 1071 32 21 of
387 1072 102 26 Books,
510 1073 123 27 Engrav-

211 1097 72 27 ings,
299 1098 92 24 Busts,
406 1099 56 25 &c,

43 1129 123 49 WILL
184 1129 51 22 take
252 1130 64 27 place
331 1131 45 21 this
391 1131 51 28 day,
460 1134 22 19 at
502 1132 130 27 Francis's,

139 1156 108 22 Southern
268 1157 63 21 Cross
352 1157 76 23 Hotel.
465 1159 48 21 The
532 1159 101 27 drawing

43 1181 43 23 •will
97 1189 129 15 commence
236 1186 23 18 at
268 1185 24 20 11
304 1183 94 23 o'clock.

69 1216 146 24 Wellington,
228 1216 52 24 July
294 1218 20 22 7,
326 1219 60 21 1842.
