2510 4020
1885 508 220 25 WHOLESALE
2132 510 124 25 PRICES
2290 510 173 26 CURRENT.

1985 554 132 16 CORRECTED
2131 556 29 14 UP
2174 556 32 15 TO
2206 556 64 15 LAST
2287 556 81 15 NIGHT.

1898 3400 39 18 The
1948 3401 49 17 New
2006 3401 99 17 Zealand
2116 3402 89 16 Gazette
2212 3402 35 16 and
2405 3406 57 16 Spec-

1877 3425 65 13 tator
1947 3422 15 16 is
1969 3422 97 21 published
2072 3422 61 22 every
2133 3422 111 22 Wednesday
2252 3423 37 17 and
2298 3424 95 23 Saturday.
2415 3427 44 17 Sub-

1868 3442 70 22 joined
1944 3447 30 12 are
1981 3443 30 16 the
2018 3444 64 15 terms:
2083 3451 23 3 —

1870 3479 7 6 „
1897 3463 65 17 Price
1969 3468 24 12 op
1999 3468 39 12 the
2045 3464 98 16 Paper.—
2142 3463 54 21 Forty
2201 3463 83 22 shillings
2289 3469 33 17 per
2332 3470 75 18 annum,
2418 3472 43 17 pay-

1877 3484 40 17 able
1923 3484 20 16 in
1950 3485 79 16 advance
2033 3490 5 14 ;
2049 3489 21 12 or
2075 3488 35 12 one
2116 3484 75 21 shilling
2196 3484 28 17 for
2230 3485 57 21 single
2294 3489 92 16 numbers.

1898 3505 187 17 Advertisements.
2085 3513 23 3 —
2108 3505 33 16 Six
2149 3505 46 17 lines
2206 3506 37 17 and
2252 3507 63 20 under,
2327 3510 26 15 3s.
2360 3510 30 16 6d.
2395 3510 28 16 for
2428 3510 30 16 the

1876 3525 41 18 first
1925 3526 94 20 insertion,
2031 3526 37 16 and
2078 3529 35 12 one
2123 3525 75 22 shilling
2202 3527 29 16 for
2237 3527 44 18 each
2287 3529 112 21 subsequent
2403 3531 60 16 inser-

1876 3546 49 20 tion;
1936 3547 49 16 from
1990 3546 29 17 six
2025 3548 19 14 to
2051 3548 30 14 ten
2088 3546 96 19 lines.five
2191 3547 83 22 shillings
2284 3549 29 17 for
2323 3551 32 16 the
2366 3551 43 20 first,
2421 3551 37 16 and

1877 3571 34 13 one
1922 3567 75 20 shilling
2005 3567 37 16 and
2053 3567 86 20 sixpence
2148 3567 28 18 for
2186 3569 44 16 each
2240 3570 112 21 subsequent
2361 3571 98 19 insertion;

1877 3588 56 17 above
1943 3589 33 15 ten
1985 3588 52 19 lines,
2047 3588 37 16 five
2094 3588 84 21 shillings
2188 3590 28 16 for
2226 3590 32 17 the
2268 3589 81 20 fifst'ten
2359 3592 53 20 lines,
2423 3592 35 17 and

1876 3609 98 20 fourpence
1980 3612 31 16 per
2016 3609 39 16 line
2061 3609 27 16 for
2095 3609 32 16 the
2134 3614 62 12 excess
2203 3611 20 17 of
2230 3611 42 17 that
2276 3613 77 17 number
2357 3618 5 15 ;
2373 3614 36 16 and
2416 3614 42 16 two-

1876 3633 57 18 pence
1939 3633 33 17 per
1976 3629 38 16 line
2019 3630 30 15 for
2055 3629 45 16 each
2106 3630 112 21 subsequent
2221 3632 95 18 insertion.

1898 3650 155 16 Advertisements
2059 3650 39 16 will
2104 3653 32 14 not
2142 3656 65 17 appear
2217 3652 19 17 in
2247 3654 30 16 the
2287 3654 80 21 ensuing
2376 3655 83 20 number*

1877 3671 17 16 if
1901 3671 84 16 received
1991 3670 45 17 later
2042 3671 45 16 than
2100 3672 19 15 10
2126 3672 73 20 o'clock,
2206 3678 48 16 a.m.,
2261 3679 24 12 on
2291 3675 31 16 the
2329 3675 92 21 mornings
2428 3676 28 15 be-

1877 3692 39 16 fore
1928 3692 117 20 publication.
2068 3692 156 19 Advertisements
2236 3694 39 18 -will
2284 3696 22 16 be
2317 3696 98 16 continued
2421 3695 35 17 and

1877 3713 78 20 charged
1965 3712 48 17 until
2021 3714 167 20 counter-ordered;
2199 3715 46 17 such
2251 3715 52 17 order
2308 3718 51 15 must
2363 3717 23 16 be
2393 3718 40 14 sent
2439 3717 18 15 to

1877 3733 33 17 the
1919 3734 55 16 Office
1986 3735 34 15 two
2038 3734 44 20 days
2101 3734 60 18 before
2171 3736 117 20 publication,
2299 3737 37 16 and
2345 3738 50 15 must
2404 3738 22 15 be
2435 3737 19 16 in

1877 3754 79 20 writing.
1979 3753 157 19 Advertisements
2148 3757 82 16 received
2247 3757 51 22 after
2315 3759 21 15 10
2352 3757 66 17 o'clock
2432 3761 22 13 on

1877 3775 84 20 Tuesday
1973 3774 36 18 and
2019 3775 66 21 Friday
2096 3777 93 21 mornings
2200 3778 37 17 will
2247 3779 23 16 be
2280 3778 77 21 charged
2367 3778 51 17 twice
2426 3778 30 16 the

1878 3795 53 17 usual
1936 3797 54 15 rates.

1898 3816 31 16 All
1935 3816 67 20 orders,
2012 3817 158 22 advertisements,
2180 3818 38 17 and
2227 3819 161 17 communications
2399 3820 19 16 to
2428 3818 30 17 the

1877 3837 70 20 Editor,
1953 3838 133 20 are.requested
2091 3839 20 16 to
2117 3840 23 16 be
2146 3840 97 16 addressed
2249 3842 17 14 to
2273 3840 37 17 this
2316 3840 62 17 Office.

1878 3883 76 17 Printed
1966 3883 37 16 and
2015 3883 98 21 published
2130 3889 54 16 every
2200 3886 112 20 Wednesday
2327 3886 36 16 and
2372 3885 87 20 Saturday

1899 3904 90 20 morning,
2003 3904 22 21 by
2044 3904 85 17 Samuel
2143 3906 88 18 Revans,
2247 3907 19 15 at
2280 3906 32 16 the
2327 3906 54 17 Office
2396 3905 20 17 of
2426 3906 32 16 the

1898 3922 50 19 !New
1962 3925 98 16 Zealand
2071 3926 91 17 Gazette
2172 3931 43 12 and
2227 3927 134 17 Weilingtok
2376 3926 82 17 Specta-

1898 3950 44 14 tor,
1953 3945 157 21 Manners-street,
2118 3947 114 21 Wellington,
2244 3948 45 17 Port
2298 3947 104 23 Kiqkolsra,
2414 3946 44 18 K«W

1899 3966 86 17 Zealand.
2318 3957 28 42 f

547 34 100 47 Wt>t
671 34 117 42 Wtto
814 34 210 41 ZtcUnm
1048 34 190 43 i&mttt
1262 34 93 40 ana
1378 32 302 49 Cffifrciitwrton
1703 29 252 52 gptttator*

1871 583 3 17 I
1936 598 4 4 ,
2222 583 17 17 £
2260 587 16 13 a.
2300 584 18 16 d.
2373 583 16 17 £
2411 588 16 12 s.
2451 583 20 17 d.

1887 607 63 23 Ale:
1966 607 28 23 In
2001 608 80 28 bottle,
2093 609 114 29 pefdoz..
2225 612 14 20 0
2252 612 27 21 13
2306 613 13 20 0
2337 626 19 7 ..
2374 614 13 19 0
2402 613 27 21 14
2454 614 15 19 0

1985 635 194 28 Alsop'sperhlid.
2189 651 17 6 ..
2225 639 14 20 8
2265 639 14 20 0
2305 640 50 20 0..
2373 640 14 20 0
2414 640 14 20 0
2453 640 16 21 0

1876 679 3 11 j
1886 661 97 22 Arrack
1992 669 5 14 :
2013 662 44 22 Per
2064 662 45 26 gal.
2119 663 23 22 in
2151 663 61 22 bond
2225 666 14 19 0
2267 665 11 20 1
2306 666 13 20 9
2337 680 5 6 .
2349 679 7 7 .
2373 666 14 21 0
2413 666 15 21 2
2453 670 15 20 0

1884 688 94 22 Bread:
1992 688 45 22 Per
2044 689 45 22 2lb.
2100 689 50 22 loaf
2163 704 45 7 ....
2226 692 13 20 0
2266 692 13 20 0
2306 691 13 22 7
2336 706 20 6 ..
2373 693 14 20 0
2413 694 15 20 0
2453 694 15 19 0

1885 715 74 22 Beef:
1974 715 77 29 Fresh,
2069 723 89 16 carcase
2173 724 40 20 per

1999 742 25 22 lb
2131 741 9 22 '."
2222 745 14 20 0
2262 744 13 20 0
2291 746 26 20 10
2334 758 18 7 ..
2371 746 14 20 0
2413 746 11 20 1
2451 747 15 20 0

1991 769 55 27 Salt,
2056 776 40 21 per
2108 770 68 22 tierce
2189 784 6 7 .
2202 784 5 7 .
2225 772 54 21 610
2305 773 14 20 0
2335 786 7 6 .
2348 786 6 6 .
2374 774 14 19 0
2413 773 15 20 0
2453 773 16 20 0

1991 795 46 22 Do.
2045 803 41 21 per
2098 796 78 23 barrel'
2189 798 90 21 ..410
2305 799 14 20 0
2336 812 6 7 .
2348 811 6 8 .
2372 800 14 19 0
2413 800 14 20 0
2453 800 15 19 0

1884 821 94 22 Butter
1984 829 5 14 :
2004 822 66 28 Irish,
2080 830 41 20 per
2128 823 30 23 lb.
2189 838 7 6 .
2202 838 6 6 .
2227 826 13 20 0
2267 826 10 20 1
2306 826 14 19 9
2337 839 5 6 .
2349 838 7 7 .
2374 826 14 21 0
2414 826 15 20 2
2455 827 15 19 0

2004 849 70 22 Fresh
2226 853 13 20 0
2265 852 14 21 3
2305 852 14 21 3
2337 865 19 8 ..
2373 853 14 20 0
2414 854 15 19 0
2453 853 16 20 0

1884 880 82 17 J3RAND
1971 882 11 14 y
1987 882 6 14 :
2008 875 59 22 First
2073 876 91 28 quality,
2172 884 39 20 per

2032 902 76 27 gallon
2117 903 23 21 in
2150 904 61 21 bond
2224 906 13 20 0
2264 906 13 20 6
2304 906 15 21 0
2335 919 7 6 .
2348 919 6 6 .
2373 906 13 20 0
2410 906 18 20 9
2453 906 14 20 0

1884 927 94 31 BrowNj
1989 928 74 22 Stout
2070 936 6 13 :
2100 937 39 19 per
2152 930 54 21 hhd.
2220 933 14 19 0
2260 933 15 20 0
2301 934 14 19 0
2332 946 6 6 .
2345 946 6 6 .
2371 933 14 20 6
2411 934 15 19 0
2452 933 14 20 0

1885 955 99 22 Cigars:
1994 955 103 27 Manilla,
2105 963 38 20 per
2149 958 60 26 1000,
2224 959 13 20 3
2264 960 14 19 0
2304 960 49 19 0..
2370 958 15 21 4
2413 960 14 19 0
2453 960 14 19 0

1990 981 99 22 Inferior
2224 985 53 20 118
2304 986 49 19 0..
2371 986 14 19 2
2411 986 15 20 0
2452 986 13 20 0

1992 1008 217 28 Havannah,perlb.
2222 1012 14 20 0
2251 1012 26 20 16
2304 1012 13 20 0
2333 1025 19 6 ..
2371 1012 12 20 1
2411 1013 14 20 0
2451 1009 14 24 6

1991 1035 169 27 Chinsurahper
2166 1037 68 22 10001
2250 1039 27 20 10
2304 1040 12 19 0
2333 1052 19 6 ..
2370 1040 14 19 0
2411 1040 14 19 0
2450 1036 19 23 0'

1990 1062 155 23 Alexandrian
2159 1065 118 21 ....110
2303 1066 81 20 0..0
2411 1066 14 20 0
2451 1067 14 19 0

1884 1089 88 22 Coffee
1978 1096 5 14 :
1994 1089 65 27 Java,
2068 1097 42 20 per
2117 1090 22 21 lb
2214 1093 23 20 -0
2264 1092 12 20 1
2303 1092 16 21 4
2334 1106 6 5 .
2347 1106 5 6 .
2371 1093 14 20 0
2412 1093 12 20 1
2452 1092 14 21 6

1884 1116 90 22 Cheese
1981 1123 5 14 :
2001 1115 106 23 Cheshire
2223 1120 13 19 0
2264 1120 10 19 1
2304 1120 81 19 6..0
2412 1120 14 19 0
2452 1120 13 19 0

1999 1143 56 21 Pine
2065 1143 73 27 Apple
2159 1146 77 20 ....0
2263 1146 14 20 0
2304 1146 80 21 0..0
2413 1146 11 20 1
2451 1146 14 20 2

1998 1169 77 22 Dutch
2223 1173 14 20 0
2263 1174 14 19 0
2304 1173 13 20 0
2333 1186 19 7 ..
2371 1174 13 19 0
2413 1173 11 20 1
2452 1174 13 19 0

1884 1195 105 23 Candles
1996 1203 4 14 :
2007 1196 95 27 English
2109 1203 55 21 wax,
2170 1205 41 19 per

2025 1223 25 20 lb
2222 1226 14 20 0
2262 1226 14 20 3
2303 1226 13 20 6
2334 1239 18 7 ..
2371 1226 14 21 0
2413 1227 14 20 0
2453 1227 12 20 0

2011 1249 82 22 Mould
2221 1253 14 19 0
2261 1252 14 20 2
2303 1254 49 19 0..
2371 1254 14 19 0
2412 1254 14 19 0
2451 1255 14 19 0

2013 1275 70 28 Dips.
2221 1280 14 19 0
2261 1280 14 19 0
2302 1280 14 19 0
2333 1292 18 7 ..
2370 1280 14 19 0
2411 1280 14 20 0
2451 1282 14 19 0

1883 1301 93 22 Flour:
1986 1302 130 27 lstquality,
2127 1306 82 24 perton

2004 1329 26 21 of
2041 1330 54 21 2000
2105 1329 33 22 lbs
2207 1332 27 20 22
2261 1332 13 20 0
2302 1334 13 19 0
2333 1333 49 21 ..28
2411 1334 13 19 0
2451 1335 13 19 0

1982 1355 110 22 2ndditto
2210 1359 26 20 18
2261 1360 14 19 0
2302 1360 14 19 0
2333 1360 51 21 ..20
2411 1361 13 20 0
2451 1362 13 19 0

1884 1382 60 22 Gin:
1964 1383 52 21 Pale
2033 1383 25 21 in
2067 1383 61 21 bond
2221 1386 13 20 0
2261 1386 14 20 2
2302 1387 13 19 6
2333 1400 18 6 ..
2369 1388 14 19 0
2409 1388 15 19 3
2451 1388 13 20 0

1933 1409 60 26 Case,
2001 1410 15 20 4
2022 1409 36 27 gal
2067 1411 37 20 4-5
2112 1410 24 21 in
2145 1411 61 22 bond
2220 1413 10 20 1
2258 1412 14 21 2
2300 1414 14 19 0
2330 1426 19 7 ..
2369 1414 11 20 1
2408 1414 14 20 6
2450 1416 13 19 0

1883 1435 69 23 Hams
1959 1444 6 14 :
1982 1437 125 27 Yorkshire,
2123 1445 38 19 per
2169 1437 23 22 lb
2201 1454 5 6 .
2221 1440 13 20 0
2261 1440 14 20 0
2302 1440 13 21 0
2332 1454 6 6 .
2345 1454 6 6 .
2370 1442 13 19 0
2411 1441 13 20 0
2451 1442 13 20 0

1882 1462 126 23 Mustard:
2023 1463 44 22 Per
2075 1463 71 22 dozen
2159 1468 75 19 ....0
2249 1466 26 21 18
2302 1468 82 19 0..0
2411 1468 13 20 0
2451 1469 14 20 0

1882 1489 113 22 Mutton:
2016 1490 97 21 Carcase'
2119 1498 40 20 per
2167 1490 23 23 lb
2201 1494 34 19 .0
2261 1494 14 19 0
2302 1494 49 19 9..
2370 1494 13 20 0
2411 1495 50 20 011

1882 1516 121 23 Muskets:
2019 1517 93 22 Walnut
2118 1517 92 23 stocked
2222 1521 13 19 0
2262 1520 13 21 0
2302 1520 14 21 0
2333 1534 18 7 ..
2370 1521 53 20 015
2451 1523 13 19 0

1882 1543 79 22 Milk;
1976 1543 97 28 Perpint
2221 1548 14 19 0
2261 1547 13 20 0
2301 1547 13 20 3
2333 1561 18 6 ..
2369 1549 14 19 0
2410 1548 14 20 0
2450 1549 14 20 4

1883 1570 43 21 Oil
1935 1578 5 14 :
1955 1571 103 25 Linseed,
2067 1577 41 21 per
2116 1571 75 27 gallon
2201 1574 34 20 .0
2261 1573 13 20 5
2302 1574 14 20 0
2332 1588 6 6 .
2345 1588 6 6 .
2370 1576 13 19 0
2411 1574 14 21 7
2452 1577 13 18 0

1956 1597 76 27 Black,
2037 1598 24 21 in
2066 1597 170 28 cask,pertonl6
2262 1601 14 20 0
2303 1602 13 19 0
2333 1614 18 7 ..
2370 1602 13 19 0
2411 1602 13 20 0
2451 1603 13 20 0

1992 1624 78 27 Sperm
2206 1626 26 21 75
2260 1626 11 20 0
2300 1628 12 19 0
2330 1642 18 6 ..
2368 1628 12 19 0
2410 1628 11 19 0
2450 1630 10 19 0

1882 1650 77 23 Pork:
1973 1650 77 28 Fresh,
2067 1658 87 15 carcase
2170 1659 40 20 per

1997 1677 23 22 lb
2116 1680 8 19 :
2220 1682 14 19 0
2261 1682 13 19 0
2300 1680 13 21 5
2331 1695 19 6 ..
2368 1683 14 20 0
2410 1684 12 19 0
2450 1682 13 22 7

1882 1703 77 22 Pork:
1975 1704 66 27 Irish,
2051 1711 41 21 per
2099 1705 72 22 barrel
2184 1708 50 20 ..0
2260 1708 14 20 0
2302 1709 12 20 0
2331 1722 20 7 ..
2369 1709 12 20 5
2397 1710 26 20 10
2450 1711 13 20 0

1882 1731 129 22 Potatoes:
2031 1731 58 22 New
2101 1732 106 28 Zealand,

2057 1765 40 20 per
2105 1762 38 18 ton
2220 1762 15 19 4
2261 1762 13 20 0
2302 1763 12 20 0
2331 1776 6 6 .
2344 1776 6 6 .
2369 1764 13 19 0
2410 1764 13 21 0
2450 1765 12 20 0

1882 1784 94 23 Porter
1984 1791 6 15 :
2017 1785 103 27 Dunbar,
2131 1786 23 21 in
2161 1786 45 22 bot.

2048 1819 40 20 per
2097 1812 41 22 doz
2220 1816 14 19 0
2248 1815 26 20 13
2300 1816 82 21 0..0
2410 1818 12 20 0
2450 1818 12 19 0

1989 1838 85 27 Bryant
2084 1839 45 21 and
2137 1840 69 21 Davis
2220 1842 54 21 013
2300 1844 14 19 0
2331 1857 6 5 .
2344 1857 6 5 .
2368 1845 28 25 0j
2410 1845 12 20 0
2450 1845 11 20 0

1881 1864 99 23 Pickles
1990 1873 4 13 :
2025 1866 115 27 AssorJed,
2169 1874 41 20 per

2052 1892 57 26 doz.,
2133 1897 74 23 quarts
2222 1896 50 20 11
2302 1897 13 20 0
2332 1910 19 7 ..
2370 1898 13 20 0
2410 1898 14 20 0
2451 1898 11 19 0

1881 1918 73 22 Pitch
1966 1926 6 14 :
2003 1918 136 28 Stockholm,
2168 1928 40 19 per

2027 1946 74 21 barrel
2220 1950 15 20 0
2261 1950 13 21 0
2302 1951 13 19 0
2331 1964 19 7 ..
2370 1951 18 20 1-
2397 1952 25 20 15
2453 1953 12 19 0

1881 1971 93 23 Plank:
2001 1972 55 23 Port
2076 1972 130 29 Nicholson,

2027 2007 40 20 per
2076 2001 40 20 100
2125 2000 46 22 feet
2184 2016 5 5 .
2196 2016 5 5 .
2220 2004 14 19 0
2260 2004 14 19 0
2300 2004 14 20 0
2331 2018 6 5 .
2343 2018 6 5 .
2369 2005 10 20 1
2410 2006 10 20 1
2449 2007 12 19 0

1878 2025 71 23 Rice;
1961 2026 109 22 Common
2078 2033 41 20 per
2125 2031 48 18 cwt.
2184 2042 19 6 ..
2220 2031 54 19 0.0
2301 2032 48 19 0..
2370 2032 8 20 1
2410 2033 12 19 0
2450 2034 12 20 p

1961 2052 64 21 Good
2218 2056 54 19 110
2299 2052 15 24 <J
2330 2070 5 5 .
2343 2068 6 8 k
2366 2058 14 19 0
2408 2059 14 19 0
2449 2060 12 19 0

1878 2077 56 24 Rust
1941 2085 6 14 :
1963 2078 24 21 P.
1997 2078 26 21 B.
2035 2078 33 27 P.,
2083 2085 40 20 per
2131 2079 76 26 gallon

1997 2105 25 21 in
2036 2105 62 21 bond
2218 2108 14 21 0
2258 2108 14 21 4
2300 2109 11 19 0
2330 2123 18 6 ..
2368 2111 13 20 0
2408 2111 12 20 5
2448 2113 12 19 0

1878 2131 89 22 Sugar:
1983 2131 118 22 Mauritius
2110 2139 39 20 per
2157 2136 49 19 cwt.
2219 2136 14 19 0
2260 2136 12 19 0
2300 2137 13 20 0
2330 2150 19 7 ..
2367 2138 13 20 0
2408 2139 13 20 0
2449 2140 12 19 0

1987 2158 80 22 Brown
2081 2159 55 21 ditto
2152 2174 7 6 .
2217 2162 11 21 1
2244 2162 26 21 14
2297 2164 14 20 0
2328 2177 5 6 .
2340 2177 7 6 .
2363 2164 15 20 2
2406 2166 14 20 0
2447 2167 12 19 0

1987 2185 96 22 Refined
2097 2186 52 28 loaf,
2166 2194 40 20 per

2011 2212 23 21 lb
2218 2216 14 20 0
2259 2217 13 20 0
2300 2218 14 19 9
2330 2231 18 6 ..
2367 2218 13 20 0
2408 2219 13 20 0
2448 2220 13 20 0

1987 2238 96 23 Manilla
2102 2247 39 20 per
2154 2244 47 19 cwt.
2217 2243 13 20 0
2258 2244 12 20 0
2298 2244 13 20 0
2329 2258 18 6 ..
2366 2245 13 20 3
2407 2247 14 19 0
2447 2247 13 20 0

1878 2265 73 22 Salt:
1966 2265 126 28 Liverpool,
2102 2274 40 19 per
2150 2271 39 18 ton
2197 2284 6 5 .
2217 2270 14 20 4
2246 2270 24 21 10
2298 2272 14 19 0
2329 2284 19 7 ..
2365 2271 14 20 5
2406 2274 14 19 0
2448 2275 12 19 0

1878 2292 60 22 Soap
1946 2300 6 14 :
1979 2293 100 22 Hawes's
2102 2289 102 33 London,

2002 2323 87 24 perton
2203 2324 27 19 30
2258 2324 12 20 0
2298 2325 13 20 0
2328 2337 19 7 ..
2366 2326 12 18 0
2408 2327 13 19 0
2448 2328 12 19 0

1996 2347 118 28 Liverpool
2204 2350 27 21 26
2258 2351 13 20 0
2298 2352 14 20 0
2328 2365 19 6 ..
2365 2353 14 20 0
2407 2353 12 20 0
2448 2355 12 19 0

1877 2373 93 22 Starch
1977 2381 5 14 :
1997 2373 43 22 Per
2048 2374 22 21 lb
2219 2378 13 20 0
2259 2379 13 19 0
2299 2379 13 20 9
2330 2392 5 6 .
2341 2392 7 7 .
2366 2380 14 20 0
2408 2381 13 20 0
2448 2381 12 20 0

1877 2399 143 23 Scantling:
2036 2400 42 23 Per
2086 2402 40 21 100
2134 2402 67 23 feet..
2219 2405 13 20 0
2247 2404 24 21 18
2299 2406 13 19 0
2330 2406 19 19 .:
2368 2407 10 19 1
2408 2408 13 19 0
2448 2409 12 19 0

1877 2426 127 23 Shingles:
2021 2428 43 21 Per
2070 2429 61 27 1000,
2140 2429 29 22 N.Z..
2177 2429 26 22 Z.
2219 2431 10 20 1
2258 2431 14 22 7
2298 2433 14 20 0
2330 2446 18 6 ..
2366 2433 14 21 2
2407 2435 15 19 2
2448 2435 12 19 0

2006 2454 70 28 Ditto,
2100 2454 27 23 V.
2137 2456 29 22 D.
2177 2456 26 22 L.
2217 2458 13 20 2
2258 2458 11 21 5
2298 2460 14 19 or..0
2313 2458 17 13 r
2329 2472 5 7 .
2342 2473 6 6 .
2366 2461 14 19 0
2407 2462 13 19 0
2447 2463 12 19 0

1876 2480 52 23 Tar
1934 2488 6 15 :
1956 2481 53 22 Coal
2218 2485 53 21 110
2298 2487 83 21 0..0
2408 2489 13 19 0
2448 2489 12 19 0

1959 2508 129 22 Stockholm
2220 2512 52 21 115
2299 2513 14 20 0
2330 2527 18 6 ..
2367 2515 13 19 0
2408 2515 14 20 0
2448 2516 12 19 0

1877 2534 49 23 Tea
1935 2543 5 14 :
1949 2535 81 27 Hyson
2035 2535 56 27 skin,
2097 2543 40 20 per
2145 2536 63 23 chest
2220 2540 13 19 0
2260 2540 13 20 0
2300 2540 14 20 0
2330 2541 52 20 ..10
2409 2542 13 20 0
2449 2543 20 19 0~

1953 2562 93 27 Congou
2208 2566 26 21 12
2260 2567 14 20 0
2300 2567 14 20 0
2331 2580 5 7 .
2343 2581 6 6 .
2368 2568 14 20 0
2408 2569 14 21 0
2448 2569 13 21 0

1876 2588 106 23 Tobacco
1989 2596 6 14 :
2007 2589 142 28 Negrohead,
2166 2598 41 20 per

2034 2616 32 21 lb;
2078 2616 25 21 in
2119 2616 59 23 bond
2218 2620 13 20 0
2260 2620 10 20 1
2299 2621 49 19 9..
2366 2622 14 20 0
2408 2623 15 19 2
2448 2623 14 20 0

1876 2641 163 23 Turpentine:
2056 2644 43 20 Per
2103 2644 98 26 gallon..
2219 2647 13 20 0
2260 2647 12 20 8
2300 2647 13 20 0
2330 2660 19 7 ..
2368 2649 14 19 0
2409 2651 13 19 0
2448 2650 13 20 0

1876 2668 149 23 Whalebone
2032 2677 5 13 :
2055 2670 43 21 Per
2105 2674 39 17 ton
2154 2685 45 6 ....
2206 2672 24 21 85
2259 2674 13 20 0
2298 2674 15 20 0
2330 2687 5 6 .
2343 2687 5 6 .
2354 2675 27 20 90
2408 2677 14 19 0
2448 2677 12 19 0

1876 2694 83 23 Wine:
1975 2696 88 27 Sherry,
2072 2703 40 20 per
2121 2697 50 27 pipe
2181 2700 50 19 ..28
2258 2700 13 20 0
2298 2701 14 19 0
2330 2701 50 20 ..40
2408 2703 14 20 0
2448 2704 12 19 0

1985 2722 71 28 Ditto,
2071 2730 41 20 per
2125 2723 79 22 dozen.
2218 2726 11 20 1
2257 2726 15 21 4
2298 2727 14 20 0
2329 2740 19 7 ..
2365 2728 15 20 2
2408 2730 14 20 0
2448 2731 13 19 0

1890 2776 107 21 'oultry:
2011 2776 81 27 Fowls,
2098 2783 40 20 per
2143 2777 61 27 pair.
2218 2779 13 21 0

2009 2803 87 27 Ducks,
2106 2803 55 22 ditto
2180 2819 7 5 .
2194 2819 5 5 .
2218 2806 11 20 1

2013 2830 80 27 Geese,
2104 2830 55 22 each
2181 2845 6 6 .
2194 2846 5 6 .
2219 2833 10 20 1

2010 2857 109 27 Turkeys,
2131 2857 55 22 each
2220 2859 10 21 1

2011 2883 103 28 Pigeons,
2125 2885 78 27 (wild,)

2037 2918 40 20 per
2085 2911 51 27 pair
2154 2927 47 5 ....
2219 2914 13 20 0

2010 2937 86 26 Ducks,
2105 2937 35 23 do.
2150 2939 51 21 do..
2219 2941 13 20 0

1890 2963 48 23 Iggs
1945 2971 6 15 :
1966 2963 43 23 Per
2018 2964 73 22 dozen
2220 2968 12 20 0

2259 2780 12 20 8

2258 2807 12 20 0

2258 2834 13 20 0

2260 2861 12 20 0

2259 2915 13 20 0

2260 2941 12 20 5

2259 2967 15 21 4

2299 2781 13 19 0
2329 2794 19 6 ..
2366 2782 14 20 0
2394 2782 28 21 16

2298 2808 14 20 0
2328 2821 19 7 ..
2366 2809 13 20 0
2407 2810 16 20 0

2298 2835 14 20 0
2328 2848 19 6 ..
2365 2836 14 20 0
2406 2836 16 20 0

2298 2861 14 21 0
2330 2875 19 6 ..
2367 2863 13 19 0
2408 2864 14 19 0

2299 2915 14 21 0
2330 2929 19 7 ..
2367 2917 14 20 0
2405 2917 15 20 2

2299 2943 14 19 0
2330 2956 19 6 ..
2367 2944 13 19 0
2408 2945 15 20 0

2299 2969 14 21 0
2330 2983 19 7 ..
2367 2970 13 20 0
2408 2971 15 20 0

1888 3017 65 22 lows:
1968 3017 72 23 Milch
2206 3022 26 19 20
2260 3022 12 21 0
2299 3023 13 20 0
2329 3024 51 20 ..30
2406 3024 15 21 0

1888 3044 85 22 ilares:
1988 3045 76 22 Brood
2204 3048 26 21 50
2258 3050 13 20 0
2298 3050 14 20 0
2328 3051 51 20 ..90
2405 3052 15 19 0

1888 3071 105 22 Vorking
2007 3072 134 22 Bullocks:
2162 3073 44 22 Per

1902 3098 50 27 pair
2206 3103 28 20 40
2260 3103 13 21 0
2299 3104 15 19 0
2329 3104 51 20 ..60
2407 3105 14 20 0

1888 3124 53 23 lire
1952 3132 26 15 of
1988 3133 68 14 ditto
2063 3134 5 14 :
2083 3126 44 22 Per
2134 3127 49 27 day,
2192 3135 14 14 a

1903 3154 61 20 team
1973 3153 45 21 and
2025 3153 111 22 driver.;;
2220 3156 10 21 1
2259 3157 13 20 0
2298 3157 14 20 0
2328 3170 19 6 ..
2364 3156 15 21 2
2406 3158 15 20 0

1888 3179 76 22 Iheep:
1980 3179 99 22 Each..:
2219 3183 10 20 1
2257 3184 13 20 3
2296 3184 14 19 0
2326 3196 19 7 ..
2364 3184 12 20 1
2404 3185 15 20 8

1888 3205 52 23 Soat
1950 3206 73 22 Hire:
2037 3207 44 21 Per
2087 3207 51 28 day,
2142 3208 64 21 with-

2067 3237 40 18 out
2115 3235 71 21 hands
2196 3236 33 21 .0
2244 3236 26 21 10
2296 3237 13 20 0
2326 3249 5 7 .
2338 3250 7 7 .
2364 3237 19 20 1-
2404 3239 15 20 0

1888 3286 88 23 Vages:
2002 3287 140 29 Mechanics,
2166 3295 40 21 per

2028 3314 65 22 week
2218 3316 14 19 2
2258 3316 14 21 0
2298 3317 14 20 0
2328 3330 19 7 ..
2365 3318 15 20 3
2407 3320 17 20 O

2011 3341 128 22 Labourers
2154 3355 45 7 ....
2218 3342 10 21 1
2244 3342 27 21 10
2297 3344 14 20 0
2328 3357 19 7 ..
2366 3345 12 20 1
2393 3346 27 21 16

892 124 42 19 On
953 123 71 25 Sale,

668 156 90 50 THE
772 156 76 22 BEST
862 156 75 22 CASE
953 156 66 27 GIN,
1033 156 95 21 incases
1141 156 46 22 and
1202 156 50 22 half

723 189 4 4 ■
740 185 79 19 cases.'
1152 187 3 3 '
1253 189 2 15 ;

979 209 83 22 Waitt
1077 208 45 22 and
1137 210 82 22 Tyser.

693 237 58 21 June
761 237 33 26 24,
807 237 61 21 1842.

666 280 198 48 JSUTTON
885 280 19 22 is
922 287 51 15 now
995 279 109 28 prepared
1120 283 23 18 to
1162 281 83 26 supply,

704 318 11 10 •
744 307 127 27 wholesale,
878 307 38 22 the
928 307 123 27 profession
1062 307 25 21 of
1094 307 53 21 Port
1155 306 92 23 Nichol-

666 341 46 19 son,
722 333 92 28 Nelson,
833 334 126 26 Auckland,
975 333 47 22 and
1040 333 37 22 the
1096 333 64 22 other
1174 334 73 22 settle-

666 364 71 18 ments
746 361 26 22 of
784 361 58 22 New
856 361 104 26 Zealand,
970 360 56 23 with
1037 359 73 28 drugs,
1122 359 123 28 chemicals,

666 387 71 27 stop'd
751 388 88 27 bottles,
855 390 53 26 pots,
925 388 40 21 &c.
981 388 49 25 &c,
1046 389 45 19 and
1099 394 69 20 -upon
1186 394 60 16 more

665 413 164 28 advantageous
838 418 66 18 terms
913 414 55 22 than
977 414 38 22 the
1026 413 90 28 Sydney
1124 414 104 22 markets.

692 448 20 20 A
720 448 125 26 respectable
852 447 64 26 youth
925 447 84 20 wanted
1016 453 24 14 as
1050 452 27 15 an
1085 446 134 26 Apprentice.

664 481 98 23 Medical
771 481 64 27 Hall,
845 481 141 26 Wellington,
995 480 60 22 June
1065 482 33 25 10,
1109 481 61 21 1842.

666 526 90 22 mHE
775 524 153 23 PREMISES
948 524 71 28 lately
1033 524 107 27 occupied
1157 524 32 28 by
1206 524 39 22 Dr.

673 547 27 28 X
739 552 95 25 Gilbert,
845 555 23 18 at
877 552 36 22 the
924 559 78 14 corner
1012 551 26 22 of
1044 547 151 26 Willis-street
1203 551 44 22 and

664 579 36 22 the
709 577 78 28 beach,
798 578 46 23 will
859 579 28 21 be
902 578 86 28 shortly
996 577 87 29 opened
1097 577 52 22 with
1160 585 14 14 a
1186 577 60 23 stock

664 606 24 21 of
701 606 94 26 genuine
810 605 67 27 drugs
892 605 44 22 and
951 604 110 23 chemical
1075 604 60 22 from
1147 604 99 28 Apothe-

664 633 69 21 caries
742 632 62 26 Hall,
815 632 102 22 London.
1083 652 4 6 ,
1152 650 9 14 t

690 658 37 23 An
746 658 148 28 experienced
909 658 112 23 Assistant
1036 657 94 27 wanted,
1148 658 67 28 apply
1224 660 21 20 to

664 686 21 22 J.
697 686 85 26 Sutton,
795 685 99 22 Medical
902 684 62 23 Hall.

690 718 59 21 June
759 719 32 26 10,
803 718 61 22 1842.

764 761 85 28 SALE,
860 762 30 27 by
899 762 38 22 the
947 761 178 28 undersigned—

689 815 102 28 Superior
800 817 51 25 port
860 815 44 22 and
914 815 78 27 sherry
1000 815 26 22 in
1037 822 67 21 cases,
1223 831 7 9 s

689 842 144 27 Champagne
842 841 24 22 in
876 842 62 27 ditto,
961 856 3 4 •
1214 839 3 6 '
1228 843 15 28 ';„

688 868 90 27 Brandy
787 869 25 21 in
822 872 89 24 quarter
920 865 77 31 casks/

688 894 46 23 Gin
741 895 26 22 in
776 895 66 23 hhds.

984 923 27 21 T.
1024 922 33 22 M.
1073 923 143 22 Partridge.

662 948 78 23 March
749 950 33 26 25,
795 950 62 21 1842.

855 1003 3 2 •
885 994 52 21 For
951 994 71 24 Sale,

661 1026 135 34 rjpEGG'S
812 1027 101 22 SHEET
927 1027 198 22 ALMANACKS
1141 1027 33 22 for
1184 1029 57 26 1842,

668 1049 29 25 JL
734 1053 80 27 Tegg's
825 1053 106 27 Washing
941 1053 73 27 Book,
1083 1058 12 14 n
1097 1053 11 14 v
1105 1058 5 3 '

686 1079 79 28 Tegg's
776 1080 146 22 Commercial
931 1080 86 22 Pocket
1027 1080 95 23 Diaries.

656 1113 90 20 .Gazette
756 1113 79 26 Office,
847 1112 57 23 June
914 1114 34 26 25,
960 1115 61 20 1842.

760 1159 75 20 John
849 1159 135 25 Medares,
1002 1158 140 21 deceased.

657 1191 204 49 WHEREAS,
878 1192 85 21 Letters
983 1191 26 22 of
1022 1191 184 23 Administration
1221 1192 24 22 of

753 1218 37 21 the
801 1221 70 18 estate
882 1217 43 22 and
935 1218 75 22 effects
1020 1218 25 21 of
1052 1218 63 21 John
1130 1219 110 27 Medares,

658 1245 44 21 late
719 1245 26 21 of
756 1245 86 27 Kapiti,
852 1245 57 22 New
918 1245 109 27 Zealand,
1042 1252 14 14 a
1072 1245 79 22 citizen
1170 1246 25 22 of
1205 1246 37 22 the

658 1272 83 21 United
751 1272 73 21 States
835 1272 24 21 of
871 1271 111 26 America,
994 1272 116 27 deceased,
1120 1272 57 22 have
1186 1274 56 21 been

658 1298 92 27 granted
767 1302 21 18 to
805 1298 99 22 William
918 1299 113 26 Mayhew,
1047 1299 149 22 Vice-Consul
1209 1300 33 21 for

659 1325 36 22 the
711 1325 84 22 United
814 1326 71 21 States
904 1325 26 22 of
944 1325 116 22 America.
1095 1325 39 22 All
1150 1334 91 20 persons

657 1352 82 27 having
756 1351 53 28 any'
819 1352 66 21 claim
902 1359 24 14 or
945 1351 98 22 demand
1062 1359 60 20 upon
1144 1356 35 19 the
1195 1354 47 21 said

659 1382 74 23 estate,
751 1386 37 14 are
801 1379 119 27 requested
931 1381 24 18 to
965 1379 57 21 send
1031 1379 38 21 the
1080 1379 130 27 particulars
1219 1383 22 18 to

659 1405 36 22 the
708 1405 164 28 undersigned;
887 1405 45 22 and
948 1405 28 22 all
991 1412 92 21 persons
1099 1406 106 23 indebted
1219 1410 21 19 to

658 1432 37 22 the
704 1432 48 21 said
762 1436 76 22 estate,
850 1439 37 15 are
897 1433 117 26 requested
1022 1435 24 18 to
1061 1440 43 20 pay
1114 1434 54 21 such
1179 1434 62 22 debts

659 1462 23 18 at
692 1459 36 21 the
738 1459 63 22 office
813 1459 26 22 of

710 1486 91 22 Messrs.
817 1486 77 22 Evans
908 1485 46 23 and
968 1486 124 27 Chetham,

1013 1513 119 27 Solicitors,

1069 1539 143 29 Wellington.

658 1573 32 21 Or
704 1575 23 19 to
744 1573 94 27 Captain
852 1573 102 21 William.
967 1572 112 28 Mayhew,
1090 1573 151 23 Vice-Consul

657 1600 26 22 of
688 1600 37 21 the
732 1600 86 22 United
828 1600 71 22 States
904 1600 26 21 of
935 1600 114 27 America,
1057 1600 49 28 Bay
1113 1600 23 22 of
1145 1601 93 22 Islands.

686 1626 142 27 Wellington,
840 1626 59 22 June
908 1628 34 25 29,
955 1628 61 21 1842.

826 1672 77 20 Land
916 1671 30 21 in
960 1671 109 21 Karori.
1226 1690 9 8 ,_

655 1704 178 50 WANTED
864 1705 40 21 TO
932 1704 174 28 PURCHASE,
1134 1705 55 22 land
1216 1705 22 22 in

751 1731 82 22 Karori
842 1731 90 22 district.
962 1731 77 28 Apply
1049 1734 21 19 to

1050 1758 64 22 John
1128 1758 83 23 Wade.

683 1784 30 23 Te
723 1785 54 25 Aro,
789 1785 63 22 June
862 1786 20 26 1,
894 1786 59 21 1842.

781 1829 134 27 Building
933 1829 178 21 Allotments.

655 1862 89 48 FOR
766 1862 86 27 SALE,
876 1862 100 27 building
1002 1862 131 28 allotments,
1156 1863 83 27 having

727 1889 114 27 frontages
850 1896 30 15 on
890 1889 72 22 Willis
971 1890 44 21 and
1029 1889 107 22 Ghuznee
1148 1890 88 27 Streets,

654 1918 41 19 two
712 1916 26 21 of
748 1916 37 22 the
799 1916 109 28 principal
923 1919 79 19 streets
1016 1916 26 21 of
1053 1916 37 22 the
1101 1920 64 18 town.
1195 1917 43 22 For

653 1942 62 28 plans
725 1942 45 23 and
778 1942 137 28 particulars,
926 1943 67 27 apply
1003 1946 22 19 to

1059 1970 29 22 A.
1105 1970 106 23 Ludlam.

849 2004 73 14 TERMS
936 2003 109 16 LIBERAL.

681 2022 144 26 Wellington,
838 2023 58 20 June
906 2025 32 23 28,
951 2025 60 19 1842.
1219 2035 7 16 j
1233 2034 3 7 .

654 2066 170 27 Wellington
847 2066 53 21 and
918 2067 186 27 Wanganui—
1104 2068 91 20 Lands
1208 2069 28 19 to

891 2094 33 21 be
939 2094 59 21 Let.

653 2126 120 49 TOWN
796 2126 212 23 ALLOTMENTS
1032 2127 25 22 in
1080 2128 29 21 all
1132 2131 61 25 parts
1216 2128 25 21 of

726 2153 138 28 Wellington
881 2153 44 22 and
934 2154 133 27 Wanganui,
1080 2154 45 22 and
1140 2155 98 27 Country

652 2180 96 21 Sections
761 2180 25 21 in
802 2181 55 22 both
874 2181 101 26 districts,
992 2184 23 19 to
1030 2181 27 21 be
1073 2181 31 22 let
1113 2189 29 14 on
1158 2182 78 22 leases.

651 2206 44 22 For
703 2207 62 27 plans
775 2207 47 22 and
830 2208 137 27 particutars,
979 2207 68 28 apply
1057 2210 22 19 to

981 2242 89 22 Henry
1083 2243 38 21 St.
1136 2243 72 22 Hill.

678 2268 54 27 July
741 2269 17 25 1,
772 2269 61 21 1842.
1205 2267 31 36 '_

797 2314 41 20 To
853 2313 34 21 be
901 2315 50 19 Let
965 2320 31 14 or
1013 2315 72 20 Sold.

649 2346 51 49 A
715 2346 106 22 SMALL
836 2346 91 23 FARM
941 2347 26 21 of
974 2348 27 21 25
1011 2354 62 15 acres
1083 2355 28 15 on
1122 2348 36 21 the
1169 2348 65 26 Hutt,

728 2373 37 22 the
773 2372 72 23 whole
855 2372 93 28 cleared,
957 2374 110 28 stumped,
1075 2374 106 28 inclosed,
1191 2375 45 22 and

648 2400 26 21 fit
683 2400 34 21 for
727 2400 36 21 the
777 2400 85 28 plough
869 2408 6 19 ;
890 2403 48 25 part
952 2401 73 21 under
1037 2409 59 19 crop.
1126 2402 109 27 Together

648 2426 53 22 with
719 2434 14 14 a
751 2427 132 22 substantial
901 2427 43 22 and
962 2428 147 22 comfortable
1127 2429 108 22 weather-

648 2453 98 22 boarded
760 2454 44 21 and
820 2453 71 23 slated
906 2454 76 27 house,
995 2454 124 23 three-stall
1128 2456 107 22 weather-

648 2480 98 22 boarded
755 2480 76 27 stable,
841 2481 43 21 and
892 2481 61 21 other
960 2482 168 22 conveniences.
1156 2483 79 22 Terms

648 2507 84 27 liberal,
744 2507 66 28 apply
820 2510 24 19 at
852 2507 42 22 this
905 2508 77 22 Office.

676 2542 55 27 May
740 2543 34 25 24,
785 2543 62 20 1842.

648 2588 86 21 Town
757 2588 55 21 and
837 2588 121 25 Country
977 2589 80 20 Land
1077 2590 29 19 to
1128 2589 50 22 Let
1198 2597 35 15 on

836 2615 79 26 Long
935 2616 109 20 Leases.

647 2648 99 49 NOS.
763 2648 26 21 of
805 2648 38 21 the
862 2650 58 20 town
939 2656 63 14 acres
1021 2656 29 14 on
1067 2649 38 22 the
1125 2650 109 28 Surveyor

848 2674 114 23 General's
972 2675 65 28 Plan,

754 2703 42 20 224
921 2703 41 21 510
1085 2705 40 20 263

648 2728 46 22 For
701 2728 138 28 particulars,
851 2729 65 27 apply
926 2732 22 18 to

810 2762 123 28 Wallace,
944 2763 95 27 White,
1051 2763 45 23 and
1110 2763 123 25 Wallace.

675 2789 56 28 May
739 2790 34 26 31,
784 2791 62 21 1842.

649 2841 67 48 TO
734 2841 40 22 BE
793 2840 89 27 SOLD,
895 2842 24 21 in
934 2841 43 22 lots
991 2844 24 20 to
1035 2843 45 21 suit
1096 2843 136 28 purchasers,

694 2885 1 7 ,
708 2868 43 24 ,the
766 2868 72 21 whole
856 2868 26 21 of
892 2871 58 19 town
966 2875 51 15 acre
1033 2870 45 21 No.
1089 2871 46 25 134,
1153 2878 28 14 on
1196 2871 38 22 the

648 2894 51 27 plan
711 2894 24 22 of
738 2894 37 22 the
780 2895 69 22 Town
856 2895 25 21 of
885 2895 141 27 Wellington,
1033 2896 84 27 having
1122 2897 112 28 frontages

648 2924 22 18 to
680 2921 190 22 Taranaki-street
880 2922 44 21 and
933 2922 197 27 Ingestrie-street.
1158 2925 77 22 Terms

647 2948 83 22 liberal.
759 2948 77 28 Apply
846 2951 22 18 to

983 2976 36 22 W.
1031 2975 38 23 V;,
1071 2976 107 29 Brewer,

1042 3003 192 25 Manners-street.

675 3028 59 22 June
743 3027 33 27 17,
787 3030 62 20 1842.

722 3073 134 26 Building
868 3074 172 22 Allotments
1055 3077 30 19 to
1099 3077 59 22 Let,

648 3106 91 49 THE
757 3106 200 23 ADVERTISER
972 3108 67 21 offers
1053 3115 61 21 upon
1130 3110 106 28 Building

722 3133 89 27 Leases,
822 3141 14 14 a
846 3134 95 22 number
950 3134 26 21 of
986 3134 71 23 Town
1065 3136 137 24 Allotments
1210 3138 25 22 in

648 3160 37 22 the
695 3163 58 20 most
761 3160 110 22 desirable
880 3164 60 24 parts
949 3161 26 22 of
985 3161 46 22 this
1041 3162 139 24 Settlement.

674 3188 47 22 The
739 3188 112 21 attention
868 3187 26 22 of
909 3187 38 22 the
963 3188 78 28 public
1056 3189 20 22 is
1091 3191 144 28 particularly

648 3214 71 23 called
737 3217 23 19 to
779 3214 38 22 the
835 3214 124 27 advantage
979 3215 27 22 of
1021 3215 108 29 Building
1142 3218 91 27 leases,

646 3241 73 22 which
728 3240 37 23 the
774 3241 153 27 undersigned
935 3242 19 21 is
965 3242 97 22 enabled
1070 3246 22 18 to
1102 3242 131 31 grant/viz.,

645 3268 59 22 from
713 3275 67 15 seven
791 3271 23 18 to
831 3271 138 25 twenty-one
986 3276 73 20 years,
1077 3271 120 28 according
1211 3275 23 19 to

647 3295 38 22 the
702 3294 65 23 value
786 3295 26 22 of
832 3294 39 22 the
893 3295 115 28 buildings
1028 3298 111 26 proposed
1160 3301 24 19 to
1207 3299 28 22 be

648 3321 95 23 erected.
751 3334 5 11 ,
771 3321 79 29 Apply
859 3324 23 19 to

808 3355 32 22 A.
855 3355 105 28 Ludlam,
972 3363 26 15 or

808 3389 38 27 W..
860 3389 30 22 V.
904 3390 108 28 Brewer,
1026 3390 195 28 MannersTstreet.

647 3438 117 49 LAND
779 3441 22 18 to
810 3438 31 22 be
852 3438 52 22 Sold
914 3445 25 16 or
948 3439 44 22 Let
1006 3447 29 14 on
1051 3440 102 30 building
1163 3442 72 23 leases

722 3466 24 21 in
756 3465 30 22 all
795 3467 62 25 parts
866 3465 26 22 of
899 3466 36 21 the
945 3466 77 23 Town.
1053 3467 76 29 Apply
1139 3472 21 19 to
1167 3466 2 8 '

756 3498 92 22 Messrs.
863 3498 78 23 Evans
954 3499 45 22 ami
1014 3499 123 30 Chetham,

951 3525 120 29 Solicitors,

1017 3553 189 27 Lambton-uuay.

676 3579 55 28 May
741 3581 32 24 23,
785 3580 62 21 1842.

814 3624 90 21 Beach
920 3625 147 27 Frontage.

650 3658 66 48 TO
729 3657 50 22 BE.
783 3658 67 27 LET,
865 3658 71 22 beach
944 3659 104 26 frontage
1062 3659 43 23 lots
1116 3660 23 22 in
1148 3665 87 20 section

720 3685 42 21 490
772 3691 28 15 on
817 3684 39 22 the
865 3684 57 22 Plan
932 3685 26 21 of
965 3685 38 22 the
1013 3685 69 23 Town
1096 3687 27 22 of
1129 3688 106 29 Welling-

648 3714 47 24 ton,
706 3711 114 27 adjoining
829 3712 44 21 Mr.
882 3712 88 22 Taine's
977 3715 70 24 store;
1062 3714 46 22 and
1117 3714 23 22 in
1149 3717 86 21 section

648 3739 47 25 616,
704 3738 98 22 between
810 3738 77 28 Major
895 3738 90 23 Baker's
995 3739 46 22 and
1049 3740 44 22 Mr.
1101 3741 134 25 Swainson's

647 3764 88 22 houses.

676 3791 54 21 Also
741 3790 36 22 the
786 3790 115 29 following
909 3792 97 23 sections
1016 3800 31 15 on
1056 3793 37 23 the
1100 3794 57 23 Plan
1165 3796 27 22 of
1198 3796 37 23 the

648 3817 76 28 Town,
735 3817 46 22 viz:
782 3828 29 5 —

749 3844 27 21 55
913 3846 41 21 319
1104 3849 41 21 922

738 3871 42 21 240
914 3873 41 21 718
1092 3877 54 21 1079

676 3897 75 29 Apply
764 3900 24 19 to

639 3924 2 31 |
824 3924 28 22 E.
867 3924 23 22 J.
904 3924 151 30 Wakefield,
1071 3935 25 15 or
1130 3932 2 6 '

876 3951 27 23 V.
918 3952 108 29 Breweb,
1042 3952 194 30 Mannejra-straet.

53 129 36 46 J
136 125 127 27 MILLER,
292 124 120 27 Plumber,
438 124 48 26 &c,
509 123 129 27 Mulgrave-

94 165 11 10 •
149 155 73 24 street,
241 154 56 19 next
315 152 55 21 door
387 154 23 19 to
429 151 40 22 Dr.
486 149 150 27 Fitzgerald's,

52 180 54 24 begs
115 182 23 19 to
147 178 71 22 thank
227 178 37 21 the
273 178 76 31 public
358 178 35 21 for
401 177 39 22 the
457 180 90 24 support
559 176 29 21 he
598 176 40 21 has

51 205 98 22 hitherto
157 204 102 23 received
271 204 24 22 in
306 204 33 23 his
348 204 109 25 business,
467 203 44 22 and
521 208 23 20 to
555 203 81 22 inform

52 232 62 22 them
129 232 50 21 that
191 231 29 22 he
234 231 41 22 has
292 239 28 14 on
326 229 74 24 'hand
417 239 14 13 a
446 230 41 22 few
507 229 131 24 substantial

235 264 86 22 LEAD
342 263 110 27 PUMPS,

104 290 74 23 which
186 290 29 22 he
225 290 44 22 will
283 291 32 21 fix
324 298 30 15 on
367 290 130 22 reasonable
507 293 76 18 terms.

53 337 93 48 THE
168 338 79 19 Nelson
269 337 117 20 Examiner
408 337 43 20 and
471 337 52 19 New
546 335 92 21 Zealand

130 364 106 21 Chronicle
251 363 127 27 (published
386 366 23 18 at
419 362 101 27 Nelson,)
535 362 19 21 is
572 368 66 21 regu-

50 390 57 28 larly
126 390 142 23 transmitted
281 394 23 17 to
319 389 146 27 Wellington,
484 388 44 22 and
543 395 53 20 may
609 388 27 22 be

50 417 43 22 had
106 421 23 18 at
136 417 39 22 the
186 418 62 21 office
257 417 26 20 of
293 417 45 20 this
346 423 75 25 paper.

78 444 48 22 The
136 446 77 19 Nelson
222 444 116 21 Examiner
353 443 43 21 will
407 443 27 21 be
444 441 69 22 found
523 448 28 15 an
563 441 74 22 excel-

49 470 49 23 lent
107 471 97 22 medium
215 472 34 21 for
259 470 137 21 advertisers.

75 498 78 21 Terms
164 498 33 21 for
206 498 37 21 the
253 504 74 20 paper,
339 499 36 18 ten
384 494 101 27 shillings
497 502 41 19 per
546 498 91 23 quarter

46 524 96 28 payable
151 524 24 21 in
186 524 107 21 advance.

77 551 81 22 Orders
182 551 33 20 for
235 550 37 21 the
295 556 68 21 paper
386 548 44 22 and
454 547 182 23 advertisements

48 577 103 22 received
162 580 22 18 at
194 577 37 21 the
241 575 71 22 Office
323 575 25 22 of
360 575 43 21 this
412 582 77 20 paper.

49 620 43 21 Ex
107 622 104 24 barque
420 620 55 21 and
490 620 76 21 other
579 618 55 23 late

283 646 121 21 arrivals.

49 673 102 50 FIVE
165 673 78 22 TONS
258 672 60 22 fresh
328 672 99 23 Colonial
436 672 63 27 flour,

122 700 75 21 White
207 698 46 23 and
261 700 78 21 brown
349 707 66 20 sugar
423 700 24 21 in
456 702 63 24 mats,
531 698 76 28 coffee,

71 726 72 22 Black
152 726 44 22 and
206 733 67 19 green
290 730 44 24 tea,
346 726 92 22 tobacco
447 726 24 21 in
480 728 41 20 200
530 726 30 21 lb.
572 725 61 29 kegs,

74 752 115 26 Blankets,
200 753 48 22 loaf
255 760 73 20 sugar,
339 753 61 27 piece
410 752 76 28 goods,

74 779 56 22 New
140 780 99 21 Zealand
248 780 57 27 pork
314 779 46 22 and
370 783 106 23 potatoes,

73 806 67 22 Wine
149 806 24 22 in
182 806 64 23 wood
252 806 46 22 and
306 806 77 27 bottle,
394 805 87 22 bottled,
491 806 41 26 ale,

74 832 46 22 Gin
130 834 23 21 in
165 841 67 15 cases.
260 834 68 26 Rum,
339 832 45 28 gin,
394 832 95 28 brandy,
501 832 45 22 and
555 832 78 23 arrack

48 860 24 21 in
81 860 69 22 bond.

300 886 35 21 W.
351 886 26 21 B.
393 886 95 21 Rhodes
504 885 44 22 and
563 886 40 22 Co.

76 913 58 22 June
144 914 33 26 28,
190 915 59 20 1842.

176 966 2 4 '
203 959 91 25 Maps,
306 958 104 25 Charts,
420 959 54 24 &c,

48 991 92 48 THE
154 991 153 26 undersigned
320 991 42 21 has
375 991 47 27 just
438 989 103 24 received
556 998 14 14 a
579 998 53 15 con-

123 1018 111 27 signment
253 1018 27 21 of
294 1025 64 20 maps
377 1017 45 22 and
441 1017 72 22 charts
532 1018 59 21 from
609 1018 21 21 J.

26 1047 5 6 *
46 1044 94 28 Wyld's,
165 1045 95 26 Charing
285 1045 70 26 Cross,
382 1044 144 27 Geographer
549 1047 21 18 to
595 1044 36 22 the

47 1071 86 26 Queen,
145 1071 35 21 viz
187 1079 5 13 :
194 1083 28 3 —

74 1097 73 27 Large
158 1101 42 18 two
209 1098 62 21 sheet
282 1104 51 20 map
344 1097 26 21 of
376 1097 57 28 Ne^v
442 1097 106 27 Zealand,

74 1124 49 21 One
135 1124 62 21 sheet
206 1132 51 19 map
267 1124 26 21 of
300 1124 56 21 New
367 1123 106 26 Zealand,

73 1150 106 22 Chaffers'
197 1151 62 21 chart
275 1151 27 21 of
316 1150 79 22 Cook's
415 1151 86 27 Straits,
519 1150 54 22 with
594 1150 36 22 the

42 1177 70 21 latest
121 1177 117 27 additions,

73 1203 106 23 Chaffers'
190 1204 62 22 chart
261 1203 27 22 of
293 1204 54 22 Port
356 1203 131 27 Nicholson,

72 1230 131 22 Mercator's
214 1231 63 22 chart
287 1231 25 21 of
323 1231 38 21 the
371 1231 76 26 world,
460 1231 39 21 &c.
511 1231 40 21 &c.
562 1231 40 21 &c.

401 1264 112 21 William
529 1264 73 21 Lyon.

44 1290 84 22 Corner
137 1290 26 22 of
169 1290 151 22 Willis-street
328 1290 46 22 and
384 1290 189 28 Lambton-quay.

215 1318 58 21 Jiuie
283 1319 33 25 21,
328 1319 61 20 1842.

96 1362 54 20 For
169 1362 60 21 Sale
250 1363 28 19 at
300 1363 45 20 the
369 1362 105 20 Nelson
492 1361 83 27 Dairy

324 1390 29 20 at

224 1415 104 21 Nelson
343 1416 103 20 Haven.

46 1448 70 32 Q/V
129 1448 83 23 COWS
228 1449 35 22 IN
279 1449 86 27 CALF,

41 1471 72 30 Oil
142 1478 27 19 30
178 1476 82 21 heifers
268 1476 24 21 in
303 1476 50 26 calf,

141 1503 28 20 50
177 1509 76 21 young
262 1502 89 27 heifers,

74 1529 16 20 4
98 1528 115 23 half-bred
222 1529 103 22 Durham
335 1529 66 27 bulls,

69 1556 24 20 11
104 1559 54 23 steer
158 1559 22 23 3,

95 1584 14 19 6
120 1582 100 27 working
229 1582 108 28 bullocks,

93 1610 15 20 4
119 1609 63 22 stock
189 1609 84 27 horses,

95 1637 42 20 100
147 1643 63 20 ewes,

93 1663 28 21 50
131 1662 103 28 wethers,

66 1689 48 22 The
130 1690 70 21 above
214 1697 38 14 are
266 1690 57 22 from
337 1690 42 22 Dr.
391 1689 92 28 Imlay's
501 1691 127 22 celebrated

39 1716 62 22 stock
111 1720 24 17 at
144 1716 100 23 Twofold
256 1716 57 28 Bay.
341 1717 48 22 The
400 1718 67 21 cattle
482 1725 36 14 are
529 1718 37 21 the
578 1718 50 22 best

39 1742 61 28 bred,
111 1743 58 22 have
180 1744 58 21 been
247 1743 84 22 landed
340 1744 23 21 in
377 1744 37 22 the
426 1744 65 22 finest
501 1744 70 26 order,
584 1744 43 22 and

38 1770 59 21 from
106 1770 39 22 the
158 1770 50 21 best
217 1770 106 22 selection
331 1771 26 22 of
363 1778 42 20 any
412 1771 33 22 lot
454 1774 38 24 yet
500 1771 97 27 brought
607 1775 20 18 to

38 1797 56 22 New
104 1796 107 23 Zealand.
242 1798 45 21 For
293 1798 136 27 particulars,
441 1798 66 27 apply
516 1802 23 17 to

229 1831 22 22 S.
267 1831 101 26 Revans,
384 1831 143 28 Wellington,
540 1839 24 14 or

228 1857 29 22 D.
268 1858 145 27 Drummond,
426 1858 85 22 Nelson
522 1859 89 22 Haven.

187 1904 44 19 Ex

37 1935 105 50 NOW
166 1935 155 30 LANDING,
342 1937 149 23 ORANGES
509 1938 25 22 in
554 1939 72 27 prime

120 1963 71 23 order.

298 1991 112 23 William
425 1991 173 23 Fitzherbert.

38 2033 71 48 ON
125 2034 85 27 SALE,
228 2042 28 15 ex
276 2037 88 19 Thomas
381 2037 66 27 Crisp,
463 2037 93 24 London,
579 2037 45 21 and

113 2062 71 25 Agnes
193 2071 5 10 :
200 2073 27 4 —
257 2069 5 6 •

63 2087 60 22 First
131 2088 56 21 flour
196 2088 24 22 in
231 2091 45 25 100,
289 2090 46 27 150,
348 2090 45 22 and
401 2092 42 21 200
452 2090 30 22 lb.
493 2090 61 28 bags,

62 2114 58 21 Fine
132 2115 87 22 Chilian
233 2116 35 22 do.

64 2141 99 22 Seconds
173 2141 63 29 flour,

63 2167 72 22 Patna
146 2168 52 27 rice,

62 2194 78 23 Finest
148 2196 95 21 Manilla
253 2203 73 21 sugar,

61 2221 102 22 Tobacco
173 2222 25 22 in
207 2223 86 26 tierces,
305 2224 54 28 duty
368 2224 52 28 free,
558 2234 9 8 *>

62 2248 92 28 Brandy
162 2249 24 21 in
194 2249 66 23 hhds.

62 2275 46 22 Gin
117 2276 25 21 in
151 2280 90 23 quarter
250 2277 64 22 casks
325 2277 45 22 and
378 2278 65 23 hhds.

60 2301 61 22 Rum
130 2302 24 22 in
165 2302 64 23 hhds.

38 2341 4 5 •
60 2328 95 28 Arrack,
163 2330 49 21 best
222 2330 54 22 East
285 2330 74 28 India,

61 2355 53 22 Port
123 2356 45 21 and
179 2356 75 28 sherry
263 2356 23 23 in
297 2358 64 22 hbds.
370 2358 42 23 and
422 2361 90 25 quarter
521 2358 70 28 casks,

60 2381 61 29 Port,
139 2382 83 28 sherry,
247 2384 107 27 Madeira,
375 2385 44 22 and
440 2386 136 28 champagne
596 2386 25 22 in

32 2409 69 21 bottle
109 2417 6 19 ;
133 2410 136 22 Rutherford
279 2412 46 21 and
335 2412 74 27 Drury
419 2412 79 28 brand,

60 2435 44 22 Ale
114 2436 25 21 in
149 2437 13 21 6
172 2436 71 23 dozen
252 2438 69 27 casks,

61 2462 51 22 Coir
121 2470 60 21 rope,
194 2467 34 18 tar
238 2464 43 22 and
291 2465 69 27 pitch,

60 2489 23 21 A
93 2490 85 27 variety
189 2491 24 21 of
220 2491 65 27 slops,
600 2505 7 10 ,

62 2516 66 22 Sawn
138 2516 79 23 timber
226 2518 56 21 from
292 2518 38 22 the
340 2518 67 28 Hutt,
419 2518 31 23 all
458 2518 74 23 kinds.

349 2545 84 23 Waitt
448 2546 45 22 and
506 2547 86 22 Tyser.

60 2569 146 28 Wellington,
217 2571 59 22 June
287 2573 33 25 16,
331 2573 61 20 1842.

33 2614 89 26 T7OR
131 2614 85 28 SALE,
228 2623 28 14 ex
264 2617 94 23 London,
367 2616 31 27 by
407 2616 37 22 the
455 2616 164 29 Undersigned,

33 2638 35 26 JO
105 2641 103 27 previous
218 2645 23 19 to
250 2642 89 29 leaving
346 2643 36 22 for
391 2643 92 22 Nelson.

59 2668 54 22 Port
122 2668 67 22 Wine
198 2669 22 21 in
230 2670 70 22 wood.

59 2696 44 21 Do.
114 2695 37 22 do.
161 2695 23 21 in
193 2696 76 22 bottle.

60 2722 82 28 Sherry
151 2722 24 22 in
184 2723 70 27 wood,

59 2749 44 22 Do.
114 2749 37 21 do.
161 2748 24 22 in
194 2750 76 22 bottle.

59 2776 92 27 Brandy
169 2776 11 21 1

59 2802 61 22 Rum
175 2808 12 16 >•
204 2803 24 21 in
238 2803 64 22 hhds.

60 2830 94 22 Geneva
168 2824 12 32 J

60 2856 57 22 Irish
127 2856 55 22 beef
188 2857 24 22 in
222 2857 86 21 tierces.

59 2883 128 28 Archangel
196 2883 55 28 pork
260 2883 24 22 in
293 2883 91 23 barrels.

59 2910 77 22 Crates
144 2910 26 22 of
177 2910 159 22 earthenware.

59 2937 134 22 Puncheons
204 2937 25 22 of
234 2937 66 28 glass.

58 2964 23 22 A
91 2964 102 27 quantity
203 2964 26 22 of
234 2965 63 21 boots
307 2964 45 22 and
361 2964 72 22 shoes.

59 2991 22 21 A
91 2991 65 22 small
165 2991 102 28 quantity
276 2991 26 21 of
308 2991 81 28 kersey
396 2991 129 23 moleskins.

265 3023 108 22 Charles
383 3023 103 28 Empson,
498 3024 44 22 and
552 3024 38 22 Co.

60 3056 110 23 Lambton
182 3057 71 27 Quay,
264 3056 59 22 Jnne
334 3057 33 27 17,
379 3059 62 21 1842.

180 3101 44 21 Ex

38 3127 196 35 'OLANKETS,

34 3157 46 27 _D
109 3161 63 22 Dark
181 3161 86 27 ground
275 3162 79 27 prints,

60 3187 106 28 Calicoes,
177 3188 66 22 white
253 3188 47 22 and
307 3196 63 20 grey,

60 3214 93 23 Printed
161 3215 84 22 merino
255 3215 91 27 dresses,

60 3241 93 22 Fustian
161 3244 61 19 coats
232 3242 44 21 and
284 3245 103 25 trousers,

60 3267 82 23 Mould
152 3268 90 22 candles
253 3268 86 28 (good),

59 3294 74 23 Tacks
142 3294 26 22 of
175 3294 61 27 sizes,
247 3295 48 22 iron
303 3296 44 22 and
354 3296 41 28 tin,

60 3321 65 23 Land
135 3320 45 23 and
188 3320 55 23 boat
250 3322 63 28 nails,

60 3348 58 22 Shoe
128 3347 64 26 nails,

61 3375 102 26 Oranges
171 3373 23 22 in
206 3374 64 22 small
279 3376 67 21 cedar
353 3375 80 29 chests,

60 3402 23 22 A
92 3402 43 22 few
143 3400 91 23 bushels
243 3401 105 23 Dei-went
359 3401 53 24 seed
419 3404 79 22 wheat.

60 3429 87 28 Copper
154 3428 54 21 boat
216 3427 56 22 nails
281 3428 46 23 and
335 3436 82 21 reeves,

60 3456 77 21 Dutch
147 3454 86 27 cheese,

60 3482 145 26 Champagne
213 3482 27 21 in
248 3480 72 23 dozen
329 3488 69 22 cases,

60 3509 104 22 Woollen
174 3508 73 28 shirts,

40 3553 6 8 ,
60 3535 98 23 Flannel
166 3535 103 23 drawers.

316 3560 107 25 Johnson
438 3563 46 22 and
496 3564 95 24 Moore.

60 3588 54 28 July
124 3590 20 25 1,
156 3590 60 21 1842.

146 3633 5 6 '
210 3633 43 21 Ex

34 3666 89 49 FOR
137 3665 85 29 SALE,
234 3666 30 28 by
274 3665 37 22 the
321 3665 157 29 undersigned,
489 3668 37 23 the
535 3670 86 24 follow-

106 3693 41 27 ing
154 3693 73 27 cattle,
239 3692 97 23 selected
344 3692 59 23 from
412 3693 37 22 the
459 3693 56 24 herd
525 3696 27 22 of
558 3698 61 28 Capt.

34 3718 98 28 Rhodes,
152 3722 23 19 at
193 3720 101 26 Broulee,
311 3720 57 21 New
387 3720 72 23 South
474 3720 81 30 Wales,
574 3726 47 22 and

33 3746 83 23 landed
125 3746 54 23 here
188 3746 24 22 in
221 3746 71 28 prime
300 3746 121 29 condition,

60 3775 28 21 28
97 3781 57 14 cows
162 3772 25 23 in
198 3773 50 28 calf,

61 3802 13 19 9
83 3799 110 27 bullocks,
262 3814 11 7 ,-

62 3827 26 21 13
99 3830 68 19 steers
176 3826 48 23 and
235 3825 89 30 heifers,
336 3827 103 27 eighteen
449 3829 90 23 months
549 3830 44 24 old.

297 3862 64 20 ALSO,

62 3879 42 22 150
113 3887 57 16 ewes
179 3880 45 23 and
233 3880 99 30 wethers,
344 3889 29 16 ex
380 3883 60 21 Lord
447 3884 92 22 Hobart.

293 3915 38 23 W.
345 3916 27 23 B.
387 3917 104 24 Rhodes'
499 3919 45 23 and
554 3919 39 24 Co.

63 3939 60 25 June
133 3942 33 26 28,
180 3942 61 22 1842.

2111 123 52 20 Fox
2178 122 69 21 Sale.

1889 154 121 49 SEEDS,
2021 154 146 28 the-produce,
2179 155 25 21 of
2215 154 38 23 the
2265 155 99 28 Colony,
2372 156 37 22 for
2425 156 44 23 sale

1953 181 72 25 at,the
2182 181 77 23 Office.
2276 196 23 10 ...
2360 194 4 3 -
2362 196 31 11 Al..

1887 224 89 48 FOR
1988 225 78 22 SALE
2081 228 24 18 at
2119 224 44 23 this
2178 225 69 28 office',
2265 225 79 28 Hynin
2353 222 79 26 JB'obki
2444 227 25 21 in

1948 250 48 23 '"the
2005 251 77 23 native
2090 251 117 28 language.
2228 256 5 6 '

1875 295 2 8 i
1913 283 127 22 December
2047 284 106 26 28,1841.
2390 309 7 6 ._

1980 328 155 27 Stationery
2151 329 60 27 just
2225 330 149 26 unpacked.

1888 360 72 49 ON
1974 360 84 28 SALE,
2073 364 25 19 at
2106 361 37 22 the
2155 363 85 20 Gazette
2254 362 77 27 Office,
2348 368 30 16 an
2390 365 78 19 exten-

1964 387 45 23 sive
2019 387 45 22 and
2073 389 76 22 varied
2157 392 134 19 assortment
2305 389 27 21 of
2347 389 122 28 stationery

1887 414 25 21 of
1923 421 66 20 every
1998 413 141 28 description.

1913 446 101 28 January
2024 447 20 27 7,
2058 448 60 22 1842.

1870 494 2 2 ;

1870 494 2 2 i

1276 121 121 26 Country
1411 120 124 22 Sections
1555 121 42 21 for
1616 121 61 21 Sale
1698 126 36 16 on
1752 121 107 22 Liberal

1520 147 101 21 Terms.

1276 178 164 49 SEVERAL
1474 179 101 22 Sections
1585 186 4 6 '
1602 179 28 22 of
1661 179 99 27 Country
1787 179 71 29 Land,

1339 205 91 27 already
1439 204 84 23 chosen
1530 206 26 21 in
1565 206 37 21 the
1616 206 94 22 Porirua
1723 206 93 28 district,
1825 206 34 22 for

1275 231 57 28 Sale,
1343 239 75 17 terms
1427 239 105 15 liberal.
1562 232 77 28 Apply
1647 235 24 19 to

1370 265 25 21 F.
1408 265 30 22 A.
1451 265 172 27 Molesworth,
1640 265 184 28 Murphy-street,
1834 273 25 15 or

1371 291 33 22 W.
1419 291 28 22 V.
1459 292 110 27 Brewer,
1579 292 195 22 Manners-street.

1441 337 90 20 Beach
1544 338 145 26 Frontage.
1791 350 3 5 ■
1854 352 6 9 <

1275 369 68 21 rriO
1353 369 40 21 BE
1406 370 86 26 SOLD,
1501 370 24 21 in
1532 370 44 22 lots
1586 370 26 22 of
1617 373 42 19 not
1667 370 43 22 less
1717 370 54 22 than
1780 371 28 21 20
1814 370 45 22 feet

1281 391 30 26 _L
1362 396 24 21 in
1403 396 101 27 breadth,
1525 396 37 22 the
1581 396 73 23 whole
1672 396 24 23 of
1717 396 37 22 the
1774 397 87 22 section'

1274 422 44 21 No.
1324 423 43 21 485
1377 430 28 14 on
1416 422 36 22 the
1458 423 59 21 Plan
1526 423 26 21 of
1556 423 37 22 the
1602 423 70 23 Town
1682 423 25 22 of
1712 423 144 28 Wellington,

1274 448 84 28 having
1367 449 111 27 frontages
1487 457 61 20 upon
1558 450 181 27 Lambton-quay
1744 450 46 22 and
1798 457 60 20 upon

1274 474 241 28 Wellington-terrace.
1544 476 112 22 One-half
1666 477 26 22 of
1703 477 38 21 the
1749 476 109 29 purchase

1275 509 81 20 money
1363 502 44 22 will
1416 502 27 22 be
1449 502 95 22 allowed
1554 506 21 19 to
1580 504 88 21 remain
1675 510 59 20 upon
1743 506 115 25 mortgage

1275 528 33 22 for
1317 528 45 22 five
1371 536 70 20 years,
1456 533 24 18 at
1497 531 26 20 10
1536 537 40 20 per
1591 533 59 19 cent.
1678 530 77 22 Terms
1764 537 54 20 may
1830 531 28 21 be

1274 554 92 23 learned
1376 562 28 15 on
1414 556 134 28 application
1559 559 22 19 to

1323 609 4 4 .
1540 591 100 21 Hanson
1656 590 44 22 and
1713 591 117 22 Alzdorf.

1383 640 3 3 *
1409 634 86 21 Town
1510 635 76 20 Land
1597 635 43 20 for
1654 635 67 21 Sale.

1274 666 93 35 rpHE
1381 666 70 22 whole
1468 667 27 22 of
1508 670 59 20 town
1577 668 97 22 sections
1687 667 54 23 Nos.
1750 669 48 26 285,
1809 670 45 26 106,

1280 690 29 26 X
1348 693 46 22 and
1409 693 46 28 878,
1466 693 47 23 and
1526 697 49 24 part
1584 695 26 21 of
1624 698 60 19 town
1697 695 97 21 sections
1808 697 47 25 204,

1272 721 48 26 248,
1331 720 45 22 and
1391 721 39 21 528
1446 728 37 14 are
1498 721 81 21 offered
1588 721 35 21 for
1632 721 53 22 sale.
1714 721 59 22 Half
1783 721 26 22 of
1821 722 35 22 the

1271 746 109 28 purchase
1396 754 82 20 money
1487 750 23 18 to
1520 748 84 21 remain
1616 754 29 15 on
1662 751 120 24 mortgage,
1794 751 24 19 at
1831 750 25 20 10

1272 780 39 21 per
1320 776 59 20 cent.
1390 786 5 8 >
1407 773 43 22 For
1457 773 139 29 particulars,
1607 774 68 27 apply
1683 778 22 18 to

1542 806 100 23 Hanson
1656 806 44 23 and
1713 808 117 21 Alzdorf.

1386 857 123 26 Country
1524 857 76 21 Land
1613 857 45 21 for
1672 857 67 21 Sale.

1271 890 68 48 TO
1355 890 39 22 BE
1407 890 78 22 SOLD
1504 890 35 22 IN
1554 890 83 28 LOTS,
1654 893 22 19 to
1691 891 45 22 suit
1749 891 39 22 the
1804 898 52 15 con-

1346 918 107 21 venience
1463 918 28 21 of
1496 917 137 27 purchasers,
1643 918 44 22 No.
1694 919 13 20 3
1717 918 23 21 in
1750 918 38 22 the
1798 921 58 19 town

1271 942 91 28 district,
1374 944 42 21 No.
1426 945 28 21 44
1461 945 25 21 in
1497 944 37 22 the
1549 944 58 22 Hutt
1617 944 93 22 district,
1721 945 46 21 and
1776 945 44 21 No.
1830 947 25 20 68

1269 969 24 22 in
1310 970 38 21 the
1368 970 89 22 Porirua
1477 971 86 21 district
1570 979 5 13 :
1591 970 52 22 half
1654 972 25 21 of
1694 966 37 26 the
1747 971 108 28 purchase

1271 1003 82 21 money
1362 998 44 20 will
1420 998 27 20 be
1456 998 95 21 allowed
1565 1001 23 18 to
1597 998 87 21 remain
1694 1005 28 14 on
1732 1001 122 24 mortgage,

1271 1026 22 19 at
1303 1025 26 20 10
1337 1031 41 20 per
1388 1027 57 18 cent.
1473 1024 47 22 For
1528 1025 138 27 particulars,
1678 1025 65 27 apply
1751 1029 24 17 to

1540 1058 100 22 Hanson
1653 1058 44 23 and
1711 1059 117 22 Alzdorf.

1271 1102 67 49 TO
1354 1102 39 22 BE
1407 1102 66 28 LET,
1490 1103 39 22 the
1547 1105 61 20 town
1626 1111 52 15 acre
1694 1104 45 22 No.
1749 1105 51 27 210,
1826 1112 27 14 on
1862 1090 2 34 !

1344 1128 101 28 building
1454 1130 69 26 lease,
1531 1130 36 21 for
1574 1131 104 22 fourteen
1689 1139 70 19 years.

1296 1155 33 22 To
1337 1156 30 21 be
1376 1156 32 21 let
1415 1163 25 14 or
1448 1156 56 27 sold,
1517 1156 36 22 the
1564 1159 59 20 town
1631 1165 51 14 acre
1691 1158 43 22 No.
1745 1159 48 21 6421

1595 1191 29 21 A.
1640 1190 105 29 Ludlam,

1409 1236 2 3 .
1669 1217 71 22 Willis
1750 1219 78 21 Street.

1287 1262 89 20 Town
1390 1262 53 20 and
1457 1262 125 26 Country
1596 1263 79 20 Land
1688 1264 29 19 to
1731 1264 34 20 be
1781 1264 56 20 Let.

1271 1295 167 49 SECTIONS
1454 1294 47 22 and
1515 1296 99 26 portions
1632 1296 27 22 of
1672 1296 99 22 Sections
1786 1296 25 22 in
1826 1296 29 22 all

1339 1326 62 23 parts
1417 1322 25 21 of
1456 1322 39 22 the
1514 1322 69 22 Town
1602 1322 26 22 of
1644 1323 144 27 Wellington,
1809 1323 45 22 also

1269 1349 100 26 Country
1379 1349 99 21 Sections
1492 1349 25 21 in
1528 1349 37 21 the
1581 1349 97 22 districts
1694 1349 26 22 of
1732 1350 38 22 the
1787 1349 65 28 Hutt,

1269 1375 37 21 the
1320 1375 88 27 Karori,
1422 1375 34 22 the
1466 1375 78 27 Ohiro,
1558 1375 44 23 and
1614 1375 39 23 the
1662 1377 98 21 Porirua.
1790 1376 65 28 Long

1269 1402 69 21 leases
1350 1402 26 21 of
1381 1402 37 22 the
1435 1405 95 24 country
1539 1403 54 21 land
1609 1403 47 21 will
1671 1403 27 22 be
1712 1403 95 27 granted
1826 1411 28 14 on

1268 1429 131 22 reasonable
1410 1433 72 18 terms.
1513 1429 44 22 For
1565 1430 131 27 particulars
1706 1431 66 27 apply
1783 1433 22 19 to

1294 1462 99 22 Hanson
1404 1462 45 22 and
1461 1464 118 25 Alzdorf,
1588 1463 200 29 Thorndon-quay,
1798 1471 25 15 or
1831 1467 22 19 to

1294 1493 96 23 Robert
1401 1495 92 26 Stokes,
1504 1494 65 22 Land
1584 1495 111 28 Surveyor
1711 1496 44 22 and
1769 1495 83 28 Agent,

1450 1521 220 23 Woolcomb-street.

1267 1565 81 22 PORT
1369 1566 182 22 NICHOLSON
1579 1566 69 23 AND
1671 1566 183 23 WANGANUI.

1381 1594 89 19 Lands
1482 1595 28 19 to
1520 1594 34 20 be
1565 1595 49 19 Let
1624 1600 31 15 or
1666 1594 70 21 Sold.

1451 1627 72 22 Town
1539 1627 45 22 and
1599 1627 100 28 Country
1717 1629 96 21 sections
1830 1628 24 22 in

1331 1653 39 22 the
1383 1654 52 22 Port
1444 1653 125 23 Nicholson
1585 1654 92 28 district,
1692 1655 45 21 and
1755 1656 99 26 Country

1267 1680 96 22 sections
1369 1681 24 21 in
1403 1681 37 21 the
1449 1681 128 26 Wanganui
1586 1681 92 27 district,
1689 1681 52 22 with
1750 1682 37 22 the
1796 1682 58 27 right

1267 1707 25 21 of
1311 1707 63 27 early
1393 1707 85 22 choices
1499 1707 80 27 (under
1596 1709 35 25 14)
1650 1709 26 21 of
1695 1709 37 21 the
1746 1709 108 21 intended

1266 1734 111 27 township
1383 1734 67 27 there,
1459 1737 23 19 to
1488 1735 28 21 be
1522 1735 48 21 sold
1577 1742 25 14 or
1607 1735 40 21 let.
1676 1735 43 22 For
1725 1735 129 28 particulars

1266 1760 45 22 and
1320 1764 75 24 terms,
1408 1761 64 28 apply
1482 1765 24 17 to

1450 1788 95 22 Robert
1560 1788 27 22 R.
1604 1788 99 27 Strang,
1717 1789 110 22 Solicitor.

1267 1839 7 2 .
1292 1814 145 27 Wellington,
1447 1815 59 21 Nov.
1517 1816 34 25 25,
1563 1816 51 20 1841

1409 1861 52 20 For
1475 1861 71 24 Sale,
1563 1863 27 19 at
1604 1861 106 21 Karori.

1264 1893 158 48 APIECE
1433 1894 37 22 OF
1482 1894 94 27 LAND,
1588 1895 128 27 containing
1725 1895 11 21 5
1748 1902 68 21 acres,
1830 1896 22 21 in

1343 1920 46 22 this
1406 1920 95 28 district;
1522 1925 50 24 part
1586 1921 24 22 of
1622 1921 39 22 the
1678 1922 87 22 Section
1784 1923 68 27 lately

1266 1947 45 21 Mr.
1330 1947 85 22 Yule's.
1448 1948 83 24 Terms,
1543 1948 85 22 liberal.
1664 1949 42 23 For
1724 1949 128 28 particulars

1266 1974 64 27 apply
1341 1978 21 17 to
1373 1975 28 21 R.
1412 1974 63 27 Park,
1490 1975 62 27 Esq.,

1256 2018 2 23 \
1471 2020 169 21 Manewatu.

1266 2051 90 48 FOR
1370 2051 84 27 SALE,
1471 2059 15 14 a
1500 2052 103 21 valuable
1618 2053 86 21 section
1721 2053 25 21 of
1758 2053 55 21 land
1830 2057 21 18 at

1339 2078 135 26 Manewatu,
1493 2078 98 23 selected
1600 2079 72 22 under
1684 2080 41 21 No.
1737 2080 25 21 of
1774 2080 76 22 choice

1264 2106 47 20 420.
1350 2105 45 22 Mr.
1416 2104 85 28 Kettle,
1523 2106 117 26 Surveyor,
1662 2106 44 22 will
1729 2106 61 22 shew
1812 2107 38 21 the

1264 2131 96 27 ground.

1292 2158 44 22 For
1346 2161 75 23 terms,
1433 2158 68 28 apply
1511 2161 23 19 to
1544 2158 37 23 the
1591 2160 129 27 proprietor,

1638 2192 32 22 A.
1686 2192 32 22 W.
1735 2193 87 22 Shand.

1418 2236 78 21 Land
1511 2242 36 14 on
1562 2237 45 20 the
1620 2237 79 20 Kutt.

1265 2269 67 48 TO
1347 2269 40 21 BE
1402 2269 86 28 SOLD,
1501 2276 12 14 a
1522 2269 59 23 lease
1591 2269 26 22 of
1623 2270 40 22 the
1673 2271 87 21 Section
1771 2271 45 22 No.
1823 2273 27 20 24

1339 2302 29 15 on
1377 2295 37 22 the
1421 2296 65 26 Hutt,
1494 2297 55 21 with
1558 2304 14 14 a
1580 2297 74 28 newly
1662 2297 87 22 erected
1755 2298 93 22 wooden

1263 2325 94 24 cottage,
1376 2323 37 21 the
1431 2326 88 24 potatoe
1537 2330 51 21 crop
1605 2331 29 14 on
1649 2324 38 22 the
1701 2325 93 26 ground,
1805 2325 45 22 and

1264 2349 61 21 other
1330 2349 181 28 improvements.
1542 2350 42 22 For
1592 2353 69 19 terms
1668 2351 24 22 of
1696 2351 52 27 sale,
1755 2351 66 28 apply
1828 2355 21 19 to

1491 2383 78 27 Hort,
1584 2384 123 27 Mocatta,
1724 2385 44 22 and
1783 2385 38 22 Co.

1412 2429 38 20 To
1464 2429 35 21 be
1514 2429 65 21 Sold
1599 2435 30 15 or
1643 2431 57 19 Let.

1262 2460 92 22 HPWO
1367 2461 101 21 Wooden
1478 2461 97 28 Houses,
1586 2469 29 14 on
1621 2462 40 21 the
1667 2462 180 29 Tinakore-road,

1271 2484 24 24 A
1337 2487 39 22 the
1395 2488 81 21 second
1494 2495 51 15 acre
1564 2490 57 20 from
1642 2489 92 28 Captain
1751 2490 96 28 Smith's,

1305 2514 131 27 containing
1448 2515 51 22 four
1508 2522 74 15 rooms
1591 2515 47 22 and
1652 2523 14 14 a
1678 2523 98 21 passage,
1793 2517 56 22 each

1263 2541 51 21 with
1332 2541 52 22 zinc
1400 2542 67 25 roofs,
1494 2542 47 21 and
1563 2542 22 21 in
1610 2550 68 19 every
1695 2548 87 23 respect
1800 2544 49 22 well

1391 2567 106 23 Terms—
1497 2569 26 20 lf
1530 2569 53 27 sold,
1595 2569 61 22 £150
1667 2570 34 21 for
1706 2570 54 21 each
1765 2570 70 23 house
1841 2579 6 20 ;

1261 2594 19 22 if
1290 2595 39 27 let,
1339 2595 33 22 £l
1383 2602 40 20 per
1433 2596 61 21 week
1504 2596 35 21 for
1548 2596 56 21 each
1612 2596 78 22 house.
1717 2597 77 27 Apply
1804 2600 22 19 to

1653 2630 74 22 James
1740 2631 81 22 Watt.

1273 2654 143 28 Wellington,
1425 2656 58 22 Nov.
1493 2656 35 26 27,
1539 2657 58 21 1841.

1355 2701 92 21 Union
1461 2701 80 21 Bank
1555 2703 30 20 of
1602 2703 149 20 Australia.

1262 2734 94 22 London
1376 2735 89 26 Office,
1482 2734 45 22 No.
1542 2736 35 26 38,
1596 2735 50 22 Old
1663 2736 184 24 Broad-street.

1315 2761 94 27 Capital,
1419 2761 122 28 £800,000;
1562 2762 52 27 paid
1621 2770 40 20 up,

1494 2792 120 13 DIRECTORS:

1367 2809 68 20 George
1442 2809 38 16 Fife
1487 2810 68 20 Angas,
1563 2810 49 20 Esq.,

1367 2830 68 16 Robert
1441 2830 76 19 Brooks,
1526 2830 49 20 Esq.,

1367 2851 60 16 James
1435 2850 47 16 John
1490 2850 100 20 Cummins,
1598 2851 50 20 Esq.,

1367 2871 68 16 Robert
1441 2871 97 20 Gardener,
1549 2871 48 21 Esq.,
1609 2872 122 21 Manchester,

1366 2892 49 16 John
1422 2892 44 16 Gore
1483 2892 50 20 Esq.,

1366 2913 49 16 John
1421 2913 80 16 William
1508 2912 75 20 Buckle,
1588 2913 50 21 Esq.,

1366 2934 99 19 Benjamin-
1468 2934 22 16 E.
1496 2933 65 20 Lindo,
1569 2934 47 20 Esq.,

1367 2955 72 15 Charles
1448 2955 76 16 Edward
1531 2955 87 21 Mangles,
1626 2956 51 20 Esq.,

1367 2976 113 20 Christopher
1487 2976 85 19 Rawson,
1580 2976 48 20 Esq.,
1640 2977 81 21 Halifax,

1366 2997 77 16 Thomas
1451 2997 64 19 Sands,
1524 2997 48 20 Esq.,
1579 2997 101 21 Liverpool,

1367 3017 61 16 James
1435 3017 55 21 Bogle
1497 3017 66 20 Smith,
1569 3018 48 20 Esq.,

1367 3038 61 16 James
1435 3038 80 16 Ituddell
1522 3038 55 20 Todd,
1585 3038 42 21 Esq.

1262 3067 94 17 Trustees:
1373 3066 80 17 George
1464 3066 57 17 Carr
1533 3066 60 20 Glyx,
1605 3066 50 21 Esq.,
1665 3068 53 16 John
1729 3068 61 20 Gore,
1798 3068 50 21 Esq.,

1409 3087 34 16 and
1450 3088 67 16 James
1525 3087 17 17 J.
1549 3087 100 21 Cummins,
1659 3089 43 19 Esq.

1289 3116 81 17 Bankers
1376 3120 5 12 :
1393 3115 73 17 Messrs.
1473 3115 63 19 Glyn,
1547 3115 115 21 Hallifax,
1670 3116 69 21 Mills,
1747 3118 37 16 and
1791 3117 32 17 Co.

1369 3149 5 4 -
1382 3144 99 20 Secretary:
1494 3143 83 17 Samuel
1583 3144 96 20 Jackson,
1686 3144 43 21 Esq.

1256 3187 2 5 v
1351 3171 82 17 Colonial
1438 3171 104 20 Inspector:
1553 3171 18 16 J.
1579 3171 18 17 C.
1604 3171 103 20 M'Laben,
1715 3172 43 21 Esq.

1384 3219 67 21 New
1468 3219 124 20 Zealand
1611 3219 114 21 Branch.

1261 3253 54 18 local
1320 3253 94 17 Directors
1419 3257 4 12 :
1438 3252 46 17 Geo.
1496 3252 19 17 S.
1526 3252 72 18 Evans,
1611 3252 50 22 Esq.,
1672 3254 64 17 D.C.L.
1753 3256 37 16 and
1802 3256 46 17 Geo.

1415 3278 5 7 '
1436 3277 4 4 ■
1480 3273 93 19 Htjnxer,
1584 3273 44 21 Esq.

1261 3303 96 20 Manager:
1369 3301 49 17 John
1425 3301 72 19 Smith,
1504 3301 49 20 Esq.,
1561 3301 37 17 late
1605 3301 21 17 of
1633 3302 33 16 the
1673 3302 117 19 Commercial
1796 3304 53 18 Bank

1429 3322 21 16 of
1457 3321 90 22 England,
1558 3322 124 19 Manchester.

1370 3349 113 23 Branches
1494 3352 25 19 at
1533 3350 97 28 Sydney,

1533 3376 89 24 Hobart
1630 3378 77 29 Town,

1535 3404 150 29 Launceston,
1696 3406 45 22 and

1534 3431 54 23 Port
1597 3431 83 29 Philip.

1263 3459 52 21 Port
1323 3457 131 28 Nicholson,
1465 3458 81 22 March
1555 3460 35 26 24,
1602 3460 62 22 1840.

1263 3512 90 49 THE
1500 3512 28 21 of
1543 3512 39 22 Ihe
1597 3512 59 23 New
1671 3514 100 22 Zealand
1784 3515 67 23 Land

1336 3539 117 27 Company
1466 3538 86 28 hereby
1567 3539 51 28 give
1633 3541 83 26 notice,
1733 3541 49 23 that
1797 3542 53 28 they

1261 3563 57 25 have
1324 3572 114 16 effected
1447 3572 30 15 an
1487 3572 175 16 arrangement
1670 3562 52 28 with
1728 3568 37 22 the
1773 3569 77 22 Union

1262 3592 64 23 Bank
1341 3592 26 22 of
1383 3592 119 27 Australia,
1520 3592 45 22 No.
1581 3594 34 25 38,
1629 3593 47 23 Old
1691 3594 158 29 Broad-street,

1262 3619 102 27 London,
1375 3619 35 21 for
1419 3618 37 22 the
1468 3619 170 22 establishment
1651 3621 28 21 of
1691 3628 13 14 a
1720 3621 131 24 BRANCH

1262 3646 89 22 BANK
1365 3645 40 26 IN.
1414 3645 72 22 NEW
1499 3645 160 29 ZEALAND,
1673 3647 95 29 through
1778 3649 73 23 which

1262 3673 38 22 the
1308 3673 104 21 business
1423 3673 26 21 of
1460 3672 39 22 the
1517 3673 57 21 New
1590 3672 102 24 Zealand
1704 3674 65 24 Land
1785 3676 66 22 Com-

1262 3707 60 21 pany
1330 3699 47 23 will
1385 3699 29 23 be
1423 3699 134 22 transacted.
1584 3699 48 23 The
1648 3700 114 24 Directors
1777 3702 74 23 there-

1262 3728 46 22 fore
1317 3726 146 22 recommend
1471 3729 23 19 to
1513 3726 110 22 Colonists
1638 3727 40 22 the
1696 3727 73 24 Union
1785 3729 66 23 Bank

1263 3755 26 21 of
1305 3753 117 23 Australia
1438 3760 23 15 as
1478 3760 32 15 an
1535 3753 170 23 establishment
1725 3756 126 27 possessing

1263 3781 57 22 their
1336 3781 71 21 entire
1429 3780 138 27 confidence,
1586 3780 45 23 and
1650 3781 51 23 able
1719 3785 22 19 to
1759 3783 92 24 provide

1263 3807 127 28 effectually
1404 3806 37 26 for.
1454 3806 37 23 the
1505 3806 107 23 financial
1626 3811 72 19 wants
1714 3809 26 21 of
1750 3809 38 23 the
1804 3809 48 23 first

1263 3835 135 23 settlement.

1430 3861 34 28 By
1473 3859 68 24 order
1550 3861 27 22 of
1586 3860 38 22 the
1632 3861 82 28 Board,

1508 3894 85 23 JOHN
1607 3894 104 28 WARD,
1727 3897 124 31 Secretary.

1264 3931 56 22 New
1328 3929 102 23 Zealand
1438 3929 65 23 Land
1513 3929 136 29 Company's
1658 3928 78 29 Office,

1290 3963 20 25 1,
1321 3962 160 26 Adam-street,
1492 3960 106 29 Adelphi,
1609 3961 54 24 2?th
1672 3962 59 26 Aug.
1750 3964 61 22 1839.
