3400 4360
403 10 2937 156 THE

403 166 1175 156 OXFORD
1774 166 1566 156 OBSERVER

403 322 368 156 AND
893 322 1224 156 CANTERBURY
2239 322 1101 156 DEMOCRAT.

1203 527 515 38 CIRCTJIL.A.TIISrG
1794 527 515 37 THROUGHOUT

507 717 4 8 :
634 720 3 4 .
1657 694 226 33 Established
1927 696 90 31 1889.
2204 696 4 7 '

1242 838 106 32 BAST
1371 833 185 41 OXFORD,
1579 837 242 41 SATURDAY,
1861 840 89 30 MAY
1977 842 49 34 16,
2055 841 90 29 1896.

163 852 64 33 VII
239 852 105 30 —No..
381 848 103 32 NEW
500 844 154 34 SEBIES.

2898 844 135 31 Price—
3034 845 84 32 ONE
3134 844 154 33 PENNY.

2802 1022 2 7 '
2888 1020 59 13 i^WHI
3001 1020 42 13 Wtm
3050 1020 48 14 ■■■
3102 1021 47 14 ■■■
3153 1020 54 18 H.lr
3224 1024 30 14 ■■■
3264 1026 28 13 .;a

2848 1284 8 26 ;
2875 1299 2 3 .
2918 1275 99 39 ';■'■,
3036 1282 65 23 and
3238 1274 38 32 ';';.
3299 1280 2 1 '

2808 1335 285 45 HARNESS
3127 1344 211 42 MAKER

2953 1428 71 27 Neap.
3041 1431 150 31 Saleyabds,
3355 1448 5 4 •

2808 1661 89 25 Orders
2907 1662 53 25 and
2975 1663 105 33 Eepairs
3089 1666 128 33 promptly
3226 1668 120 26 executed

2965 1709 33 26 .at
3008 1707 87 27 lowest
3106 1711 75 24 rates.

2913 1785 143 41 HORSE
3078 1788 163 41 COVERS

2812 1836 99 41 made
2923 1839 37 39 to
2975 1839 102 41 Order
3092 1841 69 40 and
3175 1841 173 51 Repaired

2827 1906 23 24 A
2863 1906 76 25 Stock
2949 1908 28 24 of
2986 1909 82 25 Horse
3079 1909 121 25 Medicine
3212 1918 33 17 on
3253 1911 86 30 band,;

2888 1960 160 22 SOLOMON'S
3064 1962 149 22 SOLUTION
3226 1965 36 21 &c.

2816 2120 296 80 HUNTER
3142 2124 49 78 &
3226 2124 118 98 CO.,

3044 2223 77 20 LATE

2858 2257 91 42 ■W.
2996 2259 311 49 STOCKS,

2817 2320 304 33 MONUMENTAL
3172 2322 179 40 MASONS,

2857 2376 119 26 Colombo
2992 2379 76 24 street
3078 2378 50 25 and
3140 2379 81 25 South
3238 2380 59 25 Belt

2901 2430 351 35 CHIMSTCHURCH.

2925 2533 104 22 AGENT
3042 2534 59 23 FOR
3116 2535 126 27 OXFORD,

2881 2585 53 47 R.
2965 2586 57 47 H.
3054 2586 238 49 PARISH.

2819 2657 135 27 Estimates
2967 2659 50 26 and
3027 2659 121 33 Designes
3160 2670 30 16 on
3203 2663 150 31 application

2909 2811 350 48 SPECIAL!!!

2822 2919 259 45 TjVULL-SIZE,
3125 2922 78 25 ALL
3215 2924 141 26 -WOOI*
3389 2941 7 11 >

3038 2995 116 26 WHITE

2850 3060 214 57 KAIAPOI.
3081 3061 251 52 BLANKETS

2925 3158 79 46 19s
3037 3159 60 46 6d
3136 3160 132 46 Pair.

2910 3300 3 4 .
2941 3275 162 26 SMALLER
3145 3276 100 27 SIZES

2916 3350 80 45 15s
3028 3351 61 46 6d
3144 3352 133 46 Paii-.

2874 3452 72 21 BEST
2959 3452 103 23 VALUE
3081 3455 82 22 EVER
3176 3456 137 22 OPFEBED

2872 3543 48 32 R.
2965 3544 56 33 H.
3066 3545 259 40 PARISH,

2960 3604 101 33 Easfe
3084 3604 158 33 Oxford

2891 3760 65 32 MR
2977 3760 177 33 SPECIAL
3184 3763 144 41 RAPI£),

2850 3818 3 3 •
2891 3816 16 36 ;
3000 3812 90 31 and
3114 3814 92 40 sun,
3271 3818 11 34 ;
3307 3829 2 3 •

2838 3868 202 39 TRAVELLING
3078 3870 306 44 PHOTOGRAPHERS;

2881 3930 114 39 Views,
3014 3932 130 42 Houses,
3159 3936 133 40 Groups,
3302 3938 78 31 Por-

2841 3973 98 37 traits,
2968 3975 141 32 Animals
3137 3976 55 40 <£c,
3215 3978 95 31 taken
3345 3982 37 29 at

2843 4025 61 29 any
2920 4015 107 40 place;
3058 4017 60 41 6/-;
3130 4019 83 42 10/-;
3229 4019 69 42 24/-
3318 4031 67 30 ,per

2843 4056 108 33 dozen.
2994 4058 164 41 Specimen
3171 4060 111 43 kindly
3295 4063 89 31 exhi-

2845 4098 85 32 bited
2944 4100 35 30 in
3001 4100 52 31 Mr
3082 4101 135 33 Parish's
3240 4103 146 34 window.

2848 4148 151 33 Address,—

2948 4195 53 28 MR
3013 4197 148 28 SPECIAL
3170 4199 118 31 RAPID,

3117 4247 189 36 Photographer
3313 4257 10 23 ;

3025 4300 11 30 5!
3170 4296 223 30 SWANNANOA.

2356 1014 347 47 WATCttMj/HCSn,

2260 1083 146 22 WORKING
2427 1084 171 28 JEWELLER,
2607 1087 151 27 OPTICIAN,
2764 1089 31 21 &c

2328 1135 79 40 MAIN
2439 1137 137 46 STREET,
2592 1139 127 38 OXFORD

2316 1206 133 49 W/H
2451 1245 20 21 r
2486 1209 250 48 ALFORD

2257 1303 259 28 JEWELLERY
2527 1306 34 25 of
2564 1312 94 27 every
2665 1308 128 31 descrip-

2258 1348 64 25 tion
2340 1349 89 25 made
2445 1350 33 24 to
2495 1350 98 31 order,
2616 1352 125 30 altered,
2760 1358 34 19 or

2436 1391 160 32 Repaired.

2295 1485 459 45 £i£CTpO-fIAT£

2467 1539 89 34 and

2263 1588 212 43 (JUItBIWQ
2500 1591 132 40 WOPK
2658 1589 136 44 fcONE,

2276 1667 92 32 Pipes
2384 1668 148 27 Mounted
2557 1671 59 24 and
2632 1670 150 32 Repaired

2261 1707 68 22 OLD
2338 1708 92 22 GOLD
2449 1709 44 21 AN
2500 1710 20 20 D
2527 1709 119 22 SILVER
2658 1710 139 23 BOUGHT

2294 1742 165 34 Specticles
2475 1747 34 25 to
2528 1747 61 25 suit
2601 1748 42 24 all
2661 1747 103 30 sights,

2324 1811 75 31 W.
2425 1812 52 39 H,
2509 1811 227 34 ALFORD

2421 1861 75 27 East
2517 1863 127 26 Oxford.

2284 2049 260 46 WALTER
2604 2052 179 45 ETDE.

2340 2149 5 3 ■
2361 2148 3 3 •
2373 2146 116 21 TIMBER
2514 2146 175 23 MERCHANT.
2738 2161 4 5 -

2349 2213 118 32 WEST
2538 2215 182 39 OXFORD.

2269 2324 222 60 ROBERT
2573 2325 226 72 FISHER,

2304 2402 180 27 GENERAL-
2506 2403 264 27 STOREKEEPER

2269 2449 96 46 Teas,
2406 2449 132 45 Coffees,
2576 2449 129 46 Cocoas,
2737 2448 64 39 and

2373 2498 144 39 General
2539 2497 182 40 Groceries-

2322 2549 146 32 WEST
2531 2548 223 32 OXFORD.

2278 2671 28 72 g
2331 2666 475 77 MANNm&iIJOMFANY

2473 2756 138 22 LIMITED.

2306 2815 269 26 CHRISTCHUROH
2592 2813 185 25 BREWERY.

2394 2878 3 3 •
2505 2874 63 21 THE

2423 2915 227 34 ALES

2408 2959 129 22 BREWED
2547 2959 40 20 BY
2601 2957 71 22 THIS

2269 2984 1 48 I
2366 2999 367 35 cojviiPANir

2467 3052 83 21 FROM
2559 3052 61 21 THE

2280 3094 220 45 ottoictsT
2516 3087 166 49 vifiitt
2691 3092 119 44 ttors

2392 3148 46 21 Are
2447 3146 174 27 acknowledged
2629 3148 26 19 to
2663 3146 29 21 be

2278 3188 148 21 SUPERIOR
2434 3187 36 20 IN
2480 3186 135 23 QUALITY
2625 3185 38 21 TO
2671 3185 64 21 ANY
2742 3180 71 26 PRO-

2345 3227 101 22 DUCED
2460 3227 36 21 IN
2509 3226 73 21 NEW
2596 3225 149 22 ZEALAND.
2768 3235 4 9 ,

2307 3266 108 28 Supplied
2419 3267 26 20 to
2448 3266 82 21 Hotels
2535 3265 47 21 and
2588 3265 93 21 Private
2686 3265 129 21 Customers

2280 3295 24 20 in
2313 3293 142 27 Hogsheads,
2465 3294 99 25 Barrels,
2575 3293 139 24 Kilderkins,
2724 3291 46 21 and
2779 3293 36 19 10-

2280 3322 88 27 --gallons
2449 3321 61 27 only.
2521 3339 3 3 .

2282 3374 117 43 PALS
2422 3374 92 43 ALE
2536 3374 94 42 AND
2660 3371 157 43 EXTRA

2476 3426 133 43 STOUT

2367 3480 93 22 Bottled
2481 3480 26 20 in
2516 3479 85 26 Quarts
2610 3479 47 21 and
2665 3478 71 21 Pints.

2314 3600 48 44 J.
2393 3597 62 46 M.
2486 3594 303 53 VERRELL,

2383 3695 307 28 PHOTOGRAPHER;

2347 3769 437 34 SWANNANOA.

2294 3854 89 24 Orders
2394 3853 28 30 by
2432 3853 60 23 Post
2502 3853 88 23 receive
2605 3851 128 23 immediate
2754 3854 71 19 atten-

2541 3896 56 23 tion.

2300 4039 532 52 P.C.JOHANNSEN

2404 4114 333 38 BASKETMAKEIt.

2305 4204 97 28 Chairs,
2425 4201 116 28 Baskets,
2567 4197 51 26 and
2639 4196 199 27 Perambulators

2436 4248 76 26 Made
2533 4247 57 30 and.
2595 4245 130 34 Repaired.

2341 4299 119 32 QUEEN
2474 4296 143 32 STREET,
2635 4296 65 26 Eatt
2711 4296 104 35 Oxford.,

1762 987 75 40 Or.
1889 987 315 47 SIMIETIH:,

1713 1062 86 45 ZINC,
1822 1061 70 41 TIN,
1916 1061 117 41 SHEET,
2057 1061 65 40 AND
2145 1061 103 40 STEEL

1916 1127 138 22 WORKER

1747 1165 88 42 High
1858 1165 111 39 Street,
1992 1165 80 31 East
2095 1165 125 31 Oxford.

1714 1276 41 26 All
1766 1276 73 26 kinds
1850 1276 28 26 of
1891 1278 96 31 Pumps
1998 1276 77 26 Fixed
2086 1278 24 24 &
2126 1276 120 34 Repaired

1829 1332 27 24 at
1867 1330 43 26 the
1923 1331 109 25 shortest
2042 1331 92 25 notice.

1740 1485 26 20 A.
1779 1483 85 21 Flesher
1872 1483 19 28 ].
2118 1469 26 42 [j
2144 1484 5 8 l
2147 1499 6 5 .
2166 1483 79 22 Fuller.

1728 1534 203 40 FLESHEE
1953 1535 70 39 and
2043 1532 188 41 FULLER.

1892 1591 180 26 SOLICITORS,

1754 1631 14 20 9
1777 1629 124 22 Cathedral
1910 1629 93 28 Square,
2018 1630 190 22 Chbistohttbch.

1717 1665 114 27 (Between
1839 1664 110 21 Morten's
1958 1664 116 27 buildings
2084 1664 18 21 &
2112 1664 56 21 Post
2174 1664 73 21 Office.

1754 1700 186 56 Money
1969 1701 53 43 to
2058 1699 143 45 Lend

1718 1769 32 21 On
1759 1769 32 20 all
1799 1768 57 21 kind
1865 1768 24 21 of
1898 1768 111 27 Security,
2017 1769 25 20 at
2061 1767 56 22 Low
2131 1768 78 20 Rates
2226 1767 22 21 of

1742 1812 106 23 Interest.
1878 1812 88 27 Special
1978 1812 78 21 Terms
2065 1812 37 21 for
2110 1812 110 21 Farmers.

1719 1931 311 80 BURRELL
2058 1930 191 95 BROS.,

1832 2031 164 45 Photop
2005 2030 142 45 aphers

1722 2096 186 40 VICTORIA
1931 2094 148 48 STUDIO,
2103 2094 59 39 CH.
2189 2093 59 39 CEL

1802 2158 69 25 Take
1888 2158 41 23 the
1946 2157 56 25 lead
2013 2163 66 18 -once
2096 2163 70 17 more

1723 2203 65 39 Our
1795 2200 247 51 Photographs
2049 2198 199 51 alltherage

1724 2254 104 81 Wof
1835 2260 41 14 our
1884 2252 52 21 -well
1941 2253 80 19 known
2030 2251 82 26 highly
2128 2252 56 19 iA
2206 2249 42 22 /A

1785 2280 101 21 finished
1902 2278 224 22 namelledCabinets
2133 2274 34 23 ■1
2172 2274 14 32 1
2197 2274 51 32 /It

1946 2308 35 19 lor
2008 2305 56 25 «gT
2129 2293 76 38 111/
2221 2293 27 36 U

1725 2375 16 39 1
1753 2374 103 39 dozen
1875 2370 204 41 Enamelled
2095 2369 154 40 Cabinets

1725 2425 95 39 with
1832 2434 61 29 one
1900 2422 212 40 15xl2Matt
2121 2421 130 39 surface

1726 2471 294 53 Enlargement
2035 2468 216 42 Beautifully

1832 2528 148 41 Framed
2001 2528 53 39 for
2075 2528 62 39 £1.

1727 2579 60 25 This
1797 2579 22 25 is
1830 2586 33 17 no
1874 2579 81 25 sham,
1966 2577 47 25 but
2024 2585 16 17 a
2050 2576 52 25 real
2114 2575 45 32 gift
2169 2576 38 24 for
2215 2575 40 25 the

1727 2619 98 30 coining
1844 2616 122 32 holidays.
2008 2615 46 25 All
2073 2614 66 26 work
2154 2614 63 24 done
2228 2613 27 31 bj

1729 2655 160 34 experienced
1910 2654 90 25 hands.
2051 2653 147 24 Remember
2216 2659 40 17 oui

1744 2695 154 27 Concession,
1908 2695 32 22 18
1952 2695 26 22 to
1989 2692 43 24 the
2039 2692 78 24 dozen
2129 2691 38 24 for
2176 2691 68 31 10/6.

1728 2735 58 25 This
1804 2734 44 26 the
1866 2734 58 31 only
1939 2734 61 24 time
2015 2733 27 24 in
2059 2732 44 25 the
2123 2731 102 31 History
2237 2730 21 25 ol

1729 2773 174 32 Photography
1915 2772 56 24 that
1988 2771 62 24 such
2068 2778 16 16 a
2107 2770 90 25 chance
2215 2769 44 24 has

1729 2820 53 17 ever
1802 2812 60 24 been
1881 2811 106 30 brought
2006 2809 83 24 before
2107 2809 45 24 the
2169 2807 91 31 public,

1729 2852 48 24 and
1787 2859 58 24 may
1856 2858 75 17 never
1946 2857 74 18 occur
2042 2849 82 31 again.
2144 2848 39 24 Sit
2194 2847 67 32 early

1730 2892 181 32 appointments
1923 2889 91 26 should
2023 2889 32 25 be
2065 2888 73 26 made
2155 2887 22 26 if
2194 2895 68 25 poss-

1731 2943 43 24 ble.
1796 2941 46 25 EE
1847 2939 149 27 MEMBER
2016 2938 71 26 OUR
2102 2938 69 25 BIGr
2184 2938 76 25 CON-

1731 2982 144 26 CESSION
1888 2981 67 25 FOR
1970 2981 15 23 2
1997 2979 144 26 MONTHS
2161 2978 100 25 ONLY.

1732 3056 95 24 Letters
1837 3054 33 32 by
1880 3055 57 31 post
1947 3052 148 32 punctually
2107 3051 119 25 attended
2237 3052 26 23 to

1744 3114 224 29 PICTURE
2016 3111 235 28 FRAMING

1881 3150 24 19 in
1915 3149 32 20 all
1955 3150 32 19 its
1995 3147 120 21 branches.

1733 3181 163 26 BURRELL
1912 3180 106 29 BROS.,
2041 3178 207 31 Photographers,

1859 3221 110 33 yictoria
1980 3221 85 27 street,
2078 3218 187 26 Christchurch.

1734 3267 110 32 opposite
1855 3266 43 24 the
1908 3264 129 27 Salvation
2049 3264 76 31 Army
2137 3261 130 26 Barracks.

1870 3394 266 47 NOTICE,

1981 3472 65 26 TO

1753 3525 362 41 WAIMAKARIRI-ASHLEY
2145 3525 113 39 WATER

1817 3589 125 39 SUPPLY
1966 3587 238 40 CONTRACTORS

1767 3659 54 22 Just
1829 3658 106 22 received
1943 3665 14 14 a
1963 3658 158 27 consignment
2129 3656 25 21 of
2169 3656 80 26 strong

1743 3729 89 25 wrm
1846 3728 154 26 vciTTiH
2028 3728 26 26 f
2060 3727 26 27 ii
2096 3726 56 28 fin
2159 3726 52 28 c^P
2220 3726 56 28 lie

1978 3799 46 14 AND

1765 3836 240 40 COTTON
2035 3834 225 38 SHIRTS

1748 3924 51 40 for
1814 3925 94 50 price
1924 3922 70 40 and
2009 3922 145 51 quality
2167 3921 63 39 not
2244 3921 37 39 to

1913 3992 42 39 tie

1799 4055 34 39 A
1861 4053 134 52 Special
2018 4052 112 50 Cheap
2153 4051 83 40 Line

1750 4123 226 48 WELSH
1997 4121 292 47 FLANNEL

1847 4202 39 27 for
1902 4204 83 25 men's
2002 4202 146 26 undershirt
2166 4204 48 24 etc.

1829 4246 34 33 R
1875 4246 42 35 H.
1933 4246 170 38 PARISH,
2116 4246 139 34 Draper

2052 4294 87 33 East
2159 4297 137 34 Oxeqrd

1168 1054 174 47 JOHN
1414 1052 285 48 INGRAM

1164 1247 2 21 i
1276 1250 133 7 .......

1360 1293 12 22 .■
1706 1289 1 19 !

1164 1349 112 27 .LICENCED
1295 1350 57 26 LAND
1362 1350 93 31 BROKER,
1469 1350 125 33 VALUATOR,
1609 1353 93 31 ESTATE,

1185 1390 130 31 INSURANCE,
1326 1392 14 25 &
1351 1393 99 25 GENERAL
1461 1394 138 27 COMMISSION
1608 1396 80 26 AGENT.

1169 1436 67 25 Agent
1240 1437 38 25 for
1287 1437 33 21 the
1329 1437 104 23 National
1440 1440 113 21 Insurance
1564 1441 104 28 Company
1681 1442 26 25 of

1344 1480 50 21 New
1408 1482 102 21 Zealand.

1193 1543 170 33 OXFORD
1384 1547 29 29 &
1436 1547 251 34 SHEFFIELD.

1337 1621 62 6 —
1399 1614 53 20 <-♦

1174 1853 147 28 Fortnightly
1330 1851 96 22 Auction
1437 1850 63 21 Sales
1509 1848 55 22 held
1572 1848 24 21 in
1600 1848 40 20 the
1647 1846 57 22 Mar-

1173 1890 41 20 ket
1222 1888 75 21 Yards
1306 1886 128 24 OXFORD,
1445 1891 68 20 every
1522 1882 82 23 second
1622 1882 83 21 Thurs-

1175 1922 50 25 day.
1240 1920 107 25 Monthly
1357 1919 63 20 Sales
1429 1917 54 21 held
1493 1917 25 20 at
1527 1915 89 21 Market
1624 1914 81 23 Yards,

1176 1950 177 23 SHEFFIELD.
1415 1948 92 22 Private
1525 1947 100 21 Auction
1643 1945 63 21 Sales

1175 1984 141 20 undertaken
1325 1988 45 21 any
1378 1982 55 26 part
1441 1980 24 21 of
1473 1981 42 20 the
1525 1979 102 25 country.
1653 1977 53 21 Pro-

1175 2016 65 27 perty
1250 2015 99 27 Bought,
1358 2013 59 25 Sold,
1427 2020 26 14 or
1461 2013 48 21 Let.
1521 2011 47 21 and
1572 2009 134 23 Valuations

1176 2051 109 27 carefully
1293 2050 73 22 made.
1396 2048 65 22 Land
1469 2046 105 28 Brought
1582 2046 72 21 under
1666 2045 40 21 the

1177 2087 105 20 Transfer
1290 2085 50 25 Act,
1369 2082 126 25 Transfers,
1509 2082 88 24 Leases,
1610 2080 18 21 &
1633 2079 74 22 Deeds

1177 2119 22 21 of
1207 2118 133 27 Mortgages
1354 2116 77 21 drawn
1438 2121 38 21 up.
1513 2114 83 26 Money
1604 2112 103 22 invested

1178 2150 46 22 and
1231 2149 108 22 obtained
1347 2149 34 20 for
1391 2148 85 21 Clients
1485 2153 29 15 on
1524 2146 127 25 Mortgage.
1671 2143 36 21 In-

1210 2188 94 15 surance
1322 2180 96 22 effected
1433 2186 29 14 on
1471 2178 123 26 Buildings
1604 2177 24 20 of
1636 2183 45 19 any

1252 2213 142 28 description,
1404 2211 46 23 and
1459 2211 62 22 their
1529 2209 111 22 contents.

1178 2273 58 21 HAS
1250 2272 57 21 FOR
1320 2270 71 23 SALE
1408 2270 38 21 BY
1461 2268 123 22 PRIVATE
1598 2266 109 22 TREAT'S

1207 2465 41 21 640
1257 2465 68 22 Acres
1335 2464 24 22 of
1368 2463 94 28 grazing
1471 2462 66 22 Land
1556 2463 25 21 at
1589 2462 65 21 View
1663 2461 45 21 Hil]

1181 2498 32 21 all
1222 2497 81 22 fenced
1313 2497 45 20 and
1367 2496 135 21 subdivided
1520 2495 46 21 and
1582 2495 46 21 two
1647 2494 62 21 dwel-

1181 2531 50 26 ling
1239 2531 82 20 houses
1330 2529 101 25 thereon,
1448 2529 61 27 price
1518 2528 33 21 £A
1564 2528 25 20 4s
1603 2533 41 20 per
1657 2532 50 15 acre

1181 2564 71 21 terms
1261 2563 51 21 half
1320 2561 55 22 cash
1383 2562 94 21 balance
1487 2561 24 21 at
1521 2559 47 28 b\%
1578 2558 132 23 interestfoi

1182 2600 14 18 4
1205 2604 71 21 years.
1454 2613 4 9 ,

1321 2642 37 21 TO
1372 2641 58 21 LET
1444 2640 39 21 OR
1497 2640 80 20 SELL.

1219 2682 47 21 The
1275 2681 86 22 Oxford
1370 2681 68 21 Flour
1447 2680 52 20 Mill
1507 2679 46 22 and
1562 2679 116 26 Property.

1183 2756 5 14 '
1211 2764 35 19 On
1259 2764 95 20 accounb
1366 2763 55 20 Rev.
1431 2763 21 20 J.
1462 2763 15 19 J
1491 2761 110 26 Pendray.
1619 2760 57 21 Half
1685 2767 30 13 an

1184 2803 51 15 acre
1248 2797 55 21 land
1320 2796 57 22 with
1393 2796 95 26 Cottage
1506 2795 95 22 thereon
1615 2795 100 21 situated

1184 2830 24 20 in
1218 2829 91 21 Church
1318 2829 81 24 Street,
1408 2827 58 22 East
1474 2827 91 21 Oxford.

1211 2900 36 21 On
1255 2901 95 22 account
1368 2900 25 21 of
1400 2900 38 21 Mr
1455 2900 30 21 H.
1502 2900 21 21 J.
1542 2899 103 22 Hawker.
1673 2898 42 21 His

1186 2935 148 28 delightfully
1344 2935 101 21 situated
1450 2935 114 27 property,
1580 2933 136 28 comprising

1186 2971 26 21 10
1220 2977 62 15 acres
1291 2970 23 21 of
1322 2971 50 21 rich
1380 2970 55 21 land
1442 2970 58 21 with
1513 2970 27 20 10
1547 2969 91 21 roomed
1651 2968 65 21 dwel-

1185 3003 49 26 ling
1247 3003 76 24 house,
1339 3002 92 25 stables,
1446 3002 73 25 sheds,
1537 3001 46 21 and
1600 3008 117 19 necessary

1185 3034 155 27 outbuildings
1348 3034 101 24 thereon,
1463 3035 69 20 water
1549 3033 47 21 laid
1605 3039 36 19 on,
1660 3033 57 27 good

1186 3067 95 21 orchard
1290 3067 91 26 gardeni
1410 3066 105 21 Situated
1523 3065 26 21 at
1567 3066 57 20 East
1633 3065 85 21 Oxford

1187 3099 156 27 commanding
1361 3105 15 14 a
1384 3099 57 20 view
1459 3098 24 21 of
1492 3098 79 27 nearly
1588 3098 41 21 the
1647 3097 71 22 whole

1187 3131 95 23 district.

1295 3185 32 21 To
1344 3186 29 20 be
1392 3186 49 20 sold
1462 3192 55 19 very
1535 3185 77 26 cheap.
1644 3204 3 2 .

1287 3313 33 20 On
1330 3313 90 20 account
1430 3312 22 21 of
1462 3312 35 20 Mr
1512 3312 123 21 Allpress.

1219 3358 41 20 His
1269 3363 51 20 very
1328 3357 51 21 nice
1388 3356 113 21 residence
1509 3356 99 25 opposite
1618 3356 37 21 the
1669 3355 56 20 Par-

1193 3396 80 19 sonage
1280 3389 57 21 East
1340 3389 85 21 Oxford
1430 3388 36 21 for
1472 3389 47 20 sale
1527 3394 56 20 very
1589 3387 77 27 cheap,
1675 3387 50 21 half

1193 3429 50 16 acre
1252 3422 24 22 of
1284 3422 62 24 land,
1356 3421 56 26 good
1421 3420 92 28 garden.

1381 3463 60 21 FOR
1455 3462 82 21 SALE.

1222 3500 35 21 Oh
1271 3499 96 20 account
1375 3497 25 21 of
1412 3498 38 20 Mr
1467 3497 96 26 Doidge,
1576 3491 38 26 his
1623 3497 69 21 Farm
1701 3497 26 20 at

1204 3535 34 21 Ea
1267 3532 92 26 Oxford,
1373 3532 102 21 contains
1485 3531 41 25 97£
1534 3537 62 15 acres
1616 3531 22 20 of
1655 3530 72 27 really

1196 3569 59 27 good
1271 3567 61 25 *and,
1369 3566 32 21 all
1422 3566 80 21 fenced
1520 3565 47 21 and
1584 3565 143 21 sub-divided

1196 3602 49 21 into
1255 3600 96 22 suitable
1365 3599 119 27 paddocks,
1497 3598 56 22 with
1575 3598 59 27 good
1649 3599 79 25 strong

1321 3632 72 21 house,
1400 3631 24 21 of
1442 3631 64 26 eight
1517 3636 81 16 .rooms
1616 3630 96 22 thereon
1721 3639 7 16 j

1197 3668 48 21 also
1255 3669 12 19 3
1277 3666 67 22 sheds
1353 3666 47 21 and
1407 3666 92 24 stables,
1513 3666 57 26 good
1584 3666 86 26 garden
1685 3665 45 21 and

1198 3701 94 22 orchard
1310 3700 46 21 arid
1382 3699 105 27 splendid
1507 3700 66 21 brick
1591 3700 57 21 well.

1226 3735 35 20 No
1274 3732 132 22 reasonable
1428 3732 55 21 offer
1496 3732 98 22 refused.

1232 4004 44 22 For
1290 4003 136 28 particulars
1441 4003 70 28 apply
1524 4004 25 21 to
1689 4008 3 5 :
1705 4003 3 9 '

1203 4069 193 35 JOHN
1427 4066 307 37 INGRAM

1323 4184 285 47 OXFORD.

342 997 160 47 JOHN
534 996 44 46 S.
612 991 212 57 COOKE,

171 1188 106 33 173
316 1180 228 39 Cashel
588 1176 225 41 Street,
859 1172 128 35 ISO,

440 1244 124 33 (Opposite
603 1241 36 25 the
666 1239 61 33 AI,)

441 1311 278 31 CHEISTCHUBCH.

18 1385 135 33 Allow
189 1385 68 26 me
290 1377 45 31 to
365 1370 159 36 submit
545 1370 45 31 to
618 1373 107 36 your
756 1361 309 36 consideration
1085 1360 73 32 the

14 1430 214 40 following
272 1421 271 46 Specialities,
590 1418 56 34 all
688 1416 45 33 of
760 1413 148 39 which,
939 1411 122 41 being
1086 1419 72 32 ray

13 1489 99 28 own
126 1472 320 45 compounding,
469 1470 17 32 I
507 1475 79 27 can
608 1462 259 41 confidently
881 1458 277 36 recommend,

17 1533 157 39 having
203 1523 273 40 successfully
497 1519 104 35 used
623 1517 119 35 them
761 1515 64 33 for
847 1520 115 27 some
982 1518 178 35 years.—

152 1638 13 20 I
183 1642 37 15 am
229 1632 146 28 exceedingly
387 1621 130 31 successful'
528 1628 26 20 in
573 1633 37 21 my
618 1625 110 22 remedies
746 1623 37 21 for
791 1623 48 21 this
858 1621 130 27 complaint,
1006 1619 60 21 have
1075 1625 15 15 a
1098 1619 62 26 large

179 1689 96 23 number
297 1687 25 21 of
343 1684 157 24 testimonials.

17 1731 83 30 NEW
116 1726 151 32 REMEDY
283 1724 72 28 FOR
370 1721 104 28 LIVER
488 1716 237 31 COMPLAINTS
739 1714 74 29 AND
830 1712 264 29 INDIGESTION-

150 1768 56 23 This
223 1766 43 22 has
277 1765 60 23 been
358 1762 52 23 well
427 1760 82 26 tested,
523 1758 47 23 and
575 1758 43 22 has
636 1755 87 30 proved
733 1755 84 28 highly
841 1752 152 28 satisfactory.

17 1807 149 33 GOLDEN
182 1802 123 31 CROSS
321 1798 204 31 NEURALGIA
540 1794 193 31 MIXTURE-

152 1846 37 26 By
201 1842 75 22 -which
288 1842 42 21 the
342 1840 54 27 pain
408 1839 21 21 is
441 1837 76 24 cured,
545 1842 52 15 ease
606 1832 112 26 obtained,
731 1832 32 26 by
777 1837 15 15 a
803 1831 45 22 few
860 1831 72 20 doses.

19 1881 218 35 CHILDREN'S
252 1875 201 32 WHOOPING
469 1872 158 29 COUGH-

153 1921 45 20 For
206 1917 73 23 which
295 1916 13 21 I
317 1915 60 21 have
389 1914 40 20 the
442 1914 52 20 best
506 1912 98 21 mixture
616 1910 26 20 in
655 1907 171 24 Christchurch,
839 1913 63 19 gives
912 1905 84 26 speedy
1008 1905 73 21 relief.

21 1956 198 31 DIARRHCEA
237 1954 74 27 AND
337 1948 224 30 DYSENTERY
615 1946 28 25 in
662 1944 115 27 Infants
793 1942 57 26 and
866 1941 134 27 Adults-

149 1990 13 20 I
176 1995 42 15 can
232 1988 52 26 give
297 1992 15 14 a
324 1984 49 22 safe
386 1983 46 21 and
445 1981 83 27 speedy
541 1987 53 14 cure
606 1979 33 27 by
654 1984 15 15 a
683 1978 44 20 few
740 1978 72 20 doses.

20 2033 77 26 Sore
114 2027 100 29 Heads
229 2025 18 21 &
264 2025 106 31 Legs-
728 2053 19 9 *.
813 2052 7 10 ,
887 2050 17 12 

153 2063 74 25 Cured
239 2063 32 26 by
284 2068 30 15 an
327 2058 118 30 agreeable
458 2056 47 22 and
516 2055 106 29 pleasant
638 2053 147 28 application,
800 2052 48 21 also
863 2052 95 20 relieves
970 2055 61 22 pain.

15 2103 192 33 Superlative
232 2100 129 27 Mixture
371 2096 47 26 for
434 2095 59 26 Bad
505 2093 154 32 Coughs-

149 2142 84 25 Brings
246 2143 63 21 away
330 2135 101 27 phlegm,
445 2133 73 26 allays
530 2130 135 25 irritations,
679 2128 47 21 and
742 2127 92 28 quickly
848 2133 73 15 cures.
1039 2129 6 14 /

20 2177 142 32 Eureka^
164 2198 42 8 ...,.,.
560 2200 1 2 .
578 2204 6 5 .

142 2207 34 27 '*A
189 2217 52 16 sure
249 2215 53 16 cure
314 2208 36 22 for
359 2207 33 22 all
399 2205 67 22 kinds
475 2205 24 21 of
512 2204 51 21 skin
576 2203 120 20 irritation.

22 2250 181 26 CHILDREN'S
218 2246 167 23 TASTELESS
399 2241 160 24 TEETHING
573 2238 174 24 POWDERS—

155 2287 49 22 The
221 2285 53 21 best
296 2284 26 20 in
344 2281 149 25 Canterbury,
515 2285 15 15 a
552 2277 57 22 trial
621 2277 48 21 will
691 2281 70 21 prove
783 2274 27 21 it.
845 2274 67 26 ijaly
942 2272 182 22 recommended
1137 2272 26 26 bj

22 2327 97 23 medical
145 2331 59 14 men.

25 2358 173 31 Bronchitis
214 2356 57 26 and
288 2354 155 28 Asthma-

153 2394 110 24 Relieved
276 2392 45 23 and
333 2389 173 29 rapidly^cured
518 2389 32 27 by
563 2394 38 21 my
615 2387 87 21 Acacia
714 2390 111 16 mixture.

159 2470 74 23 Cured
246 2469 37 22 for
297 2469 30 20 2s.
343 2467 36 21 6d.
406 2464 123 24 Hurdreds
544 2470 42 15 can
599 2462 82 26 testify
695 2461 25 20 to
742 2460 41 21 the
799 2458 59 29 good
870 2458 89 27 quality
972 2458 25 20 of
1010 2458 48 21 this
1071 2457 94 21 mixturt

124 2515 610 45 COISrSTJT.TA.TIOTSrS
771 2513 204 35 FREE-

121 2586 285 32 PRESCRIPTIONS
422 2585 118 32 carefully
557 2583 50 27 and
623 2581 112 31 correctly
752 2578 134 33 dispensed.

243 2712 436 99 SHEEP
723 2707 238 92 DIP

347 2873 87 32 Must
446 2872 40 30 be
498 2871 67 31 free
579 2868 33 32 of
626 2867 87 39 duty,
735 2865 131 31 because

458 2918 101 34 NEW
573 2913 196 36 ZEALAND

329 2971 33 32 Is
375 2970 53 31 the
441 2970 105 39 happy
559 2966 135 37 hunting
707 2960 122 43 ground
842 2958 34 33 of

29 3025 177 83 GOOPER,
222 3024 104 33 Little,
343 3018 132 40 QuibelJ,
488 3017 134 34 Cannon,
634 3012 111 35 Battle,
760 3008 112 33 Carbol
883 3006 132 39 Crystal,
1032 3004 140 35 Thomas,

82 3067 89 31 Ness.
189 3065 117 34 Lawes,
322 3062 125 33 Odams,
457 3055 196 41 McDougall,
665 3053 105 38 Jeyee,
780 3050 119 35 Peeles,
911 3047 129 37 Climax,
1052 3044 111 32 Crown

32 3111 53 34 &c,
100 3108 61 31 and
175 3107 53 30 the
242 3105 119 40 Agents
372 3102 32 29 of
419 3101 86 30 these
519 3097 79 41 Dips
623 3105 51 21 are
699 3093 171 46 beginning
883 3093 33 26 to
932 3098 55 31 cry
1018 3089 63 32 out,
1114 3088 60 28 and

31 3150 133 37 exciting
178 3147 82 31 their
288 3145 110 32 clients
413 3146 33 27 to
460 3142 40 29 do
516 3149 41 28 so,
573 3140 32 30 in
616 3147 70 22 case
700 3135 79 31 New
792 3131 137 33 Zealand
966 3128 109 33 should
1109 3137 66 21 imi-

29 3196 65 26 tate
108 3189 173 35 Freetrade,
295 3186 76 31 New
386 3183 99 32 South
507 3181 115 35 Wales,
636 3177 103 32 which
754 3175 109 38 colony
895 3171 78 32 with
1006 3180 74 21 over
1107 3167 68 41 fifty

30 3233 117 31 million
163 3231 100 38 sheep,
274 3230 132 38 imposes
421 3229 53 26 ten
488 3232 55 32 per
558 3224 70 28 cent
643 3220 76 38 duty
732 3228 40 20 on
801 3215 42 32 all
870 3215 86 30 these
972 3215 122 38 gentry.

411 3338 131 36 DUTY,
552 3336 59 32 OR
619 3335 56 31 NO
686 3332 122 39 DUTY,

395 3415 434 53 BROOKE'S

161 3521 412 59 PERFECT'
575 3520 15 23 5
632 3514 276 59 SHEEP
951 3509 159 56 DIP.

387 3632 11 39 (
407 3629 181 41 Registered
611 3626 86 31 trade
725 3621 108 39 mark)

284 3679 108 32 WILL
406 3678 84 33 NOT
505 3675 56 34 BE
572 3672 157 34 RAISED
741 3669 45 32 IN
799 3667 140 36 PRICE,

274 3742 73 31 And
370 3741 115 39 hereby
511 3738 181 39 Challenges
719 3732 41 31 all
789 3731 54 30 the
871 3728 97 31 above

391 3794 54 30 TO
460 3791 28 31 A
509 3788 156 34 PUBLIC
699 3782 139 37 TRIAL,

451 3841 63 30 £10
558 3848 34 21 or
608 3837 68 31 £20
691 3834 85 35 each,

44 3897 45 29 To
99 3896 39 29 be
147 3893 157 40 deposited
318 3893 45 31 for
378 3902 148 30 expenses
540 3890 34 31 of
587 3898 92 25 same,
709 3884 59 32 and
795 3879 172 35 conducted
1002 3876 98 31 under
1135 3873 51 30 the

42 3928 142 47 'auspices
198 3934 36 32 of
239 3935 52 31 the
326 3934 209 31 Government
572 3929 96 33 Stock
695 3926 216 41 Department,
923 3930 31 21 in
991 3920 196 45 conjunction

46 3979 76 30 with
137 3976 97 31 either
257 3977 53 30 the
321 3975 202 40 Wellington,
548 3971 206 38 Canterbury,
787 3977 35 19 or
848 3965 102 36 Otago
981 3960 206 39 Agricultural

48 4019 60 31 and
122 4017 136 32 Pastoral
272 4017 200 31 Association.

89 4111 110 33 P.S.—
198 4111 27 31 A
238 4111 112 40 special
363 4111 165 30 invitation
542 4109 28 31 is
594 4102 156 37 extended
765 4106 31 25 to
810 4100 54 30 the
878 4092 257 45 representatives
1158 4089 31 31 of

48 4153 140 41 Cooper's
202 4153 60 30 and
276 4152 120 31 Little's
410 4151 61 40 Dip
485 4153 42 39 by

490 4202 46 47 C.
566 4200 70 48 M.
668 4189 293 56 BEOOKE,

812 4253 256 38 ASHBTJRTON

21 155 9 15 1
39 155 11 15 1
77 155 23 23 >j
196 157 26 20 OS

24 183 26 30 fe
80 181 21 31 s
135 179 24 26 s
197 181 25 32 p

25 229 25 28 o
128 226 3 4 '

10 297 42 33 •pa
81 285 22 54 3
128 297 45 23 •'•"•'
197 290 27 40 §

11 331 225 102 |S.-*!.
257 339 3 31 :

25 440 26 30 pm
81 437 80 38 y■§
185 442 46 28 .3-

25 561 27 32 --525
83 562 21 31 3
138 568 23 15 N
200 571 25 21 eh

26 618 26 29 »J
83 624 21 26 s
161 628 2 2 ■
