3480 4580
68 203 49 23 eats
135 200 24 24 of
176 199 42 26 the
235 199 112 30 country.
392 198 40 24 He
448 198 109 25 believed
573 199 27 24 in

69 245 42 24 the
128 243 98 33 present
242 241 111 25 incident
370 241 25 25 of
420 242 126 31 taxation,,
568 242 31 28 he.

66 287 108 27 believed
191 287 27 25 in
235 294 33 17 an
284 285 98 26 income
399 287 51 27 tax,
475 285 50 26 and
540 285 61 26 land

66 335 51 21 tax.
150 329 86 26 Under
258 328 44 26 the
326 331 116 29 property
470 330 43 24 tax
542 328 58 32 they

66 375 50 25 had
133 375 25 23 to
174 381 49 24 pay
239 380 34 18 on
290 380 72 24 every
372 372 180 32 improvement
564 380 33 18 on

64 418 65 25 their
139 420 86 27 farms,
243 415 65 27 their
337 416 81 32 sheep,
442 416 66 25 their
524 424 73 21 oxen,

44 477 11 7 -
68 462 65 25 their
149 461 166 31 implements,
344 459 49 25 and
410 457 33 27 all
471 461 53 24 that
541 460 59 31 they

68 506 56 28 had,
141 512 57 17 now
214 504 54 24 that
284 503 44 25 the
345 506 43 21 tax
405 510 51 18 was
472 502 77 26 taken
565 502 37 26 off

70 549 186 32 improvement,
285 548 32 24 he
341 546 73 26 could
438 546 79 33 spend
532 555 69 17 more

43 607 11 6 -
68 593 27 24 in
112 589 121 34 ditching,
259 591 51 24 and
336 591 98 30 fencing
459 590 40 24 his
527 590 66 26 farm

190 635 42 25 the
249 635 52 24 fear
324 634 26 25 of
377 634 74 32 being
473 633 84 28 taxed,
565 633 36 26 for
606 650 2 16 ;

70 687 28 19 bo
115 679 82 32 dqing.
414 690 6 7 '
449 686 3 4 •
468 686 17 12 •-■
500 697 2 2 ■
606 686 2 19 j

104 723 39 25 On
160 723 44 26 the
219 722 96 26 motion
331 722 27 25 of
371 721 41 25 Mr
423 720 111 31 Watson,
550 728 50 18 seer

71 767 80 26 onded
167 768 34 31 by
216 766 42 25 Mr
273 765 85 30 Black,
374 773 17 16 a
402 766 56 23 vote
468 764 28 25 of
510 763 90 25 thanks

70 812 26 25 to
113 811 40 25 Mr
179 809 98 26 Collins
305 809 36 26 for
364 809 39 24 his
426 807 56 26 able
499 807 101 26 address

70 863 50 17 was
148 853 93 27 carried
269 853 61 25 with
357 852 168 28 acclamation,
559 850 41 26 Mr

71 899 79 26 Black
167 898 93 31 stating
287 897 56 25 that
367 896 21 25 it
404 903 50 18 was
477 896 44 24 the
538 896 62 24 most

71 944 53 24 able
141 942 100 25 defence
258 941 25 24 of
299 941 44 24 the
359 937 100 27 Liberal
570 938 30 24 be
606 949 2 10 i

68 987 51 25 had
129 995 27 17 as
165 988 40 29 yet
221 984 84 26 heard.
340 984 22 25 A
371 985 55 24 vote
435 983 27 25 of
471 981 89 26 thanks
573 983 27 24 to

71 1030 198 28 thevChairman,
292 1028 41 25 Mr
352 1027 91 29 Parish,
466 1025 134 26 concluded

70 1083 15 17 a
112 1076 64 23 moßt
210 1071 161 27 enthusiastic
408 1069 191 26 demonstration

70 1118 38 25 for
124 1117 154 26 Liberalism.

106 1163 62 23 Time
186 1162 49 22 and
251 1167 70 24 space
346 1159 53 24 will
421 1162 39 19 not
482 1158 70 23 allow
574 1157 32 31 of

69 1215 42 16 our
124 1207 81 32 giving
217 1214 16 16 a
254 1205 49 30 full
313 1207 79 28 report
402 1203 31 30 of
440 1202 46 25 tins
492 1202 101 31 ineeiing

71 1251 39 32 (or
127 1250 37 24 ilie
175 1248 141 25 Minister's'
326 1248 57 23 visit
398 1251 21 19 to
437 1245 116 32 'Qxfoi-d),
574 1246 33 22 in.

69 1295 45 23 this
136 1294 70 23 issue;
379 1296 29 12 ■'*
445 1297 21 11 '*''■
531 1299 3 4 '
537 1293 18 14 /:
559 1301 2 2 '
575 1297 4 13 ;
582 1305 3 3 -
585 1294 12 11 i:

111 1460 67 38 THE
202 1457 156 39 MINISTER
384 1456 37 38 OF
451 1454 106 39 LANDS

230 1532 42 27 AT
294 1531 144 26 OXFORD.
475 1517 4 7 '
560 1559 8 7 v

103 1578 52 24 The
172 1575 76 33 Hon',,
259 1576 68 25 John
345 1575 142 28 McKenzie*
505 1573 93 26 Messrs

68 1622 94 27 Buddo,
181 1620 130 28 Meredith,
330 1619 48 24 and
397 1617 99 27 Collins.
501 1616 96 25 arrived

43 1661 55 37 tby
115 1665 118 32 morning,
253 1664 64 25 train
334 1671 30 17 on
393 1661 127 33 Thursday
538 1660 57 26 last.

58 1706 116 31 IBuggies
191 1712 61 17 were
269 1704 27 24 in
319 1702 125 26 readiness
460 1705 27 21 to
505 1709 92 24 convey

61 1748 50 28 tlhe
128 1749 112 24 Minister
257 1749 26 23 to
300 1745 96 32 Ashley
416 1745 81 32 Gorge
507 1752 6 22 ;
535 1745 64 25 after

59 1790 108 34 lobking
183 1799 57 18 over
268 1791 50 27 the.
325 1789 85 26 Estate
427 1787 109 33 recently
553 1796 39 18 ac-

60 1830 93 35 qnnred
169 1830 32 32 by
218 1829 43 25 the
278 1828 171 29 Government,
454 1850 2 5 ,
467 1827 43 25 the
527 1828 71 31 party

61 1874 122 33 returned
208 1876 27 21 to
258 1872 43 25 the
329 1870 162 26 Commercial
522 1869 77 26 Hotel

57 1910 51 32 ■for/
120 1914 83 28 lunch,
237 1912 62 25 after
324 1911 81 26 which
430 1911 60 31 they
517 1910 50 25 had
585 1919 13 15 a

62 1959 60 27 look
139 1959 26 24 at
192 1957 42 25 the
261 1954 144 26 headworks
428 1954 28 25 of
481 1954 118 31 Cooper's

64 2003 80 26 Cre-ek
160 2001 84 25 Water
261 1999 73 31 Rape.
369 1998 52 26 The
438 1998 115 24 Minister
564 2005 31 17 on

62 2048 39 24 his
115 2047 90 24 ireturn
221 2043 64 25 from
296 2041 145 32 inspection,
452 2039 49 27 had
513 2048 15 17 a
539 2039 68 32 long'

64 2088 129 31 fctetfview
221 2086 60 26 with
315 2085 43 26 the
392 2085 85 24 Water
506 2083 93 33 Supply

57 2129 99 29 Boaird,
174 2136 25 18 re
228 2127 93 27 several
350 2125 172 26 amendments
540 2125 59 31 they

59 2159 103 40 wanVed
178 2172 27 24 in
222 2171 43 25 the
291 2170 54 30 Act,
371 2170 43 24 the
442 2170 113 24 outcome
575 2168 25 25 of

64 2213 83 32 •wbish
164 2223 49 16 was
231 2213 56 27 that
304 2213 43 25 the
364 2212 113 25 Minister
494 2212 103 31 premis-

69 2247 30 37 ed
117 2268 22 17 :o
157 2259 62 24 have
235 2266 16 16 a
267 2257 50 24 Bill
334 2255 94 26 drafted
441 2258 36 25 ,to
494 2255 30 25 be
541 2254 56 26 sub-

168 2304 25 23 to
201 2301 43 25 the
254 2299 82 26 Board
352 2299 38 25 for
406 2299 147 31 suggestion.
566 2297 32 25 In

67 2346 122 26 reference
206 2347 26 23 to
249 2343 152 26 endowment
434 2350 27 17 or
479 2343 71 30 grant
573 2345 25 22 to

68 2391 43 23 the
126 2389 90 28 Board,
234 2387 39 28 he,
292 2387 53 32 (the
357 2386 123 32 Minister)
491 2386 107 30 thought

68 2434 20 23 it
105 2432 79 25 would
200 2433 30 23 be
247 2430 101 24 difficult
365 2431 26 23 to
407 2428 85 26 obtain
501 2436 15 17 a
527 2430 72 29 grant

70 2485 26 16 or
113 2485 15 15 a
140 2474 108 32 subsidy,
267 2473 45 24 but
329 2473 20 24 it
365 2472 78 25 would
459 2471 30 26 be
506 2472 38 24 for
555 2471 44 25 the

68 2521 123 23 members
209 2520 24 22 to
250 2517 74 31 bring
341 2516 42 24 the
400 2517 91 23 matter
512 2514 87 25 before

68 2563 43 25 the
130 2563 95 24 House.

103 2602 21 24 A
151 2599 152 33 Deputation
326 2598 95 24 headed
447 2598 31 31 by
498 2596 40 25 Mr
557 2596 42 25 Me

64 2641 94 32 Narhy,
183 2639 90 26 waited
285 2646 32 17 on
340 2636 42 26 the
409 2636 43 31 W.'
477 2636 26 26 S.
515 2636 84 25 Board

66 2681 62 25 with
147 2679 119 25 reference
286 2679 26 23 to
334 2684 16 17 a
373 2677 68 31 large
463 2675 71 26 claim
557 2675 42 24 the

68 2732 58 17 men
153 2723 51 24 had
226 2729 33 17 on
292 2720 157 26 Contractors
472 2719 55 25 who
549 2718 50 24 had

67 2764 43 24 left
122 2765 42 22 the
180 2761 95 25 district
294 2759 103 25 without
418 2758 92 31 paying
519 2766 80 23 wages

66 2802 54 23 due.
167 2799 52 24 The
243 2798 135 24 Chairman
400 2796 27 25 of
448 2796 57 25 the.
513 2795 84 25 Board

68 2834 51 30 toid
139 2836 43 26 the
193 2844 57 17 men
261 2838 26 22 to
298 2836 45 31 put
357 2834 68 27 .their
436 2833 126 33 proposals
572 2833 27 24 in

68 2878 106 30 writing,
206 2875 50 26 and
281 2875 43 25 the
345 2874 81 25 Board
447 2874 80 25 would
546 2874 54 30 give

69 2917 69 25 them
150 2923 72 24 every
233 2912 188 27 consideration.
452 2911 54 26 The
519 2911 80 25 Board

66 2966 51 16 was
128 2958 57 30 only
197 2958 40 23 t6o
254 2955 106 24 desirous
378 2956 26 22 to
426 2960 41 17 see
489 2953 56 24 that
557 2953 43 24 the

68 3004 59 17 men
138 2994 43 25 did
191 2995 45 24 not
257 2992 83 30 suffer,
364 2991 50 24 and
430 2989 82 26 would
534 2991 66 24 meet

66 3035 65 26 their
136 3033 88 26 claims
233 3039 26 18 so
270 3031 38 24 far
320 3038 27 17 as
356 3030 56 31 they
423 3028 92 33 legally
526 3029 73 25 could

66 3076 35 26 4o
111 3083 35 21 so,
170 3073 86 25 within
277 3073 40 23 the
339 3077 93 25 powers
454 3069 28 25 of
501 3069 42 25 the
553 3069 48 25 Act

68 3115 80 25 under
158 3113 79 24 which
259 3113 58 30 they
339 3118 63 17 were
414 3109 118 32 working.

48 3159 20 15 «r
165 3149 136 26 DINNER
311 3148 44 26 AT
372 3150 25 23 6.
417 3148 28 25 P.
466 3147 36 25 M.

102 3193 39 24 An
158 3190 120 26 excellent
301 3189 89 25 dinner
412 3195 49 17 was
482 3185 116 33 provided

67 3231 32 31 by
110 3230 57 25 host
179 3229 85 30 Paget,
298 3229 27 23 to
341 3226 78 24 which
431 3233 62 16 were
506 3224 93 25 invited

68 3269 42 25 the
120 3267 138 32 gentlemen
275 3264 54 26 who
341 3264 86 32 tigned
438 3263 42 24 the
491 3270 108 24 guaran-

68 3310 47 26 tee,
128 3306 43 25 the
190 3303 114 26 M.H.R's
327 3302 49 26 and
400 3311 13 15 a
436 3301 48 25 few
506 3300 93 25 friends

43 3334 18 35 }
68 3344 127 32 including
218 3343 41 25 the
281 3340 204 34 representatives
505 3339 27 26 of
557 3339 43 24 the

188 3383 50 24 and
394 3381 63 24 after
479 3380 46 23 full
533 3379 62 31 just-

58 3421 4 7 '
69 3426 36 24 ice
115 3431 50 18 was
177 3423 63 24 done
251 3423 26 23 to
293 3421 43 25 the
356 3420 63 32 good
441 3419 92 33 things,
557 3419 42 24 the

68 3462 78 27 tables
157 3469 62 17 were
230 3459 95 26 cleared
336 3460 50 25 and
397 3459 44 26 the
454 3458 144 28 Chairman,

67 3504 41 26 Mr
117 3502 159 28 O'Halloran,
288 3500 120 33 proposed
428 3499 44 26 the
494 3501 67 26 toast
574 3499 27 24 of

72 3551 44 16 our
138 3541 94 28 visitor,
264 3539 42 24 the
332 3539 114 24 Minister
468 3539 27 24 of
515 3537 84 25 Lands

73 3581 80 26 which
164 3588 50 17 was
237 3579 76 25 drank
335 3579 59 24 with
411 3579 106 24 musical
536 3577 62 26 hon-

75 3629 65 18 ours.
184 3619 53 25 The
266 3618 66 25 Hon.
367 3618 67 25 Johh
456 3617 141 28 McKenzie,

71 3658 108 27 thanked
201 3657 43 25 the
265 3664 127 24 company,
434 3656 48 25 and
505 3656 53 25 eaid
568 3656 31 24 he

70 3703 50 26 had
131 3699 105 27 received
256 3707 66 18 some
343 3699 156 26 information
511 3699 26 26 of
556 3699 43 25 the

71 3746 65 24 work
148 3744 48 25 and
207 3743 106 26 troubles
325 3743 27 25 of
355 3744 42 24 the
407 3743 86 25 Water
504 3743 94 31 Supply

70 3784 91 29 Board,
188 3783 82 24 which
299 3783 50 24 had
370 3790 33 17 an
421 3783 57 24 idea
499 3783 21 24 if
539 3783 60 31 they

73 3828 71 25 conld
163 3828 41 30 get
222 3825 53 26 him
298 3827 26 24 to
343 3825 99 31 Oxford,
465 3826 58 32 they
541 3833 58 24 may

71 3871 92 25 receive
172 3877 68 18 some
249 3870 135 25 assistance
401 3870 65 24 from
477 3870 61 24 him.
571 3869 26 25 It

72 3924 50 16 was
141 3916 43 24 not
195 3913 43 26 the
248 3913 56 26 fiusi
322 3913 60 26 time
392 3913 31 26 he
444 3913 51 25 had
506 3913 90 26 visited

75 3955 97 29 Oxford,
203 3962 67 18 torn*
295 3953 46 26 few
367 3962 70 24 years
460 3954 74 29 since,
555 3954 44 25 'he

74 4004 69 16 came
150 3996 34 31 {to
202 4003 40 17 see
260 3994 22 24 if
290 3994 68 25 there
368 4002 51 18 was
435 4002 49 24 any
494 3994 59 25 land
571 3996 28 23 in

75 4038 43 25 the
135 4038 93 26 district
246 4037 119 26 available
387 4038 38 26 for
445 4038 152 30 settlement,

75 4082 48 24 and
131 4082 40 24 the
181 4084 111 22 outcome
302 4081 28 25 of
346 4081 40 25 hif
397 4082 57 25 visit
465 4090 58 23 was,
544 4082 55 25 that

77 4129 31 17 an
120 4122 140 24 association
271 4129 51 17 was
343 4121 95 25 formed
459 4124 27 22 to
497 4122 56 25 take
564 4129 35 25 up

74 4158 59 25 land
162 4158 127 27 elsewhere
311 4158 117 34 (ehears).
474 4159 122 26 Notwith-

74 4198 114 33 standing
209 4198 42 26 the
273 4197 139 27 difficulties
439 4198 27 25 of
491 4200 107 32 smarting

73 4242 44 24 the
127 4242 104 31 scheme,
250 4242 44 25 the
304 4242 84 25 Wattr
405 4242 94 33 Supply
515 4242 83 26 Board

43 4291 6 5 '
74 4284 51 25 had
131 4292 19 25 f
163 4287 70 31 great
254 4286 103 24 amount
379 4284 28 26 of
423 4285 94 27 trouble
536 4287 62 25 with

75 4328 40 25 the
127 4329 162 26 Contractor*.
322 4328 56 25 The
400 4329 88 30 Board,
508 4331 28 24 in
557 4331 41 25 bis

75 4372 104 31 opinion,
199 4372 48 26 had
266 4372 62 26 do»e
350 4372 63 28 well,
427 4393 3 3 .
437 4372 48 26 and
506 4381 33 18 on
558 4374 40 27 his

75 4416 82 18 return
164 4413 38 22 'to
224 4409 159 33 Wellington,
406 4409 32 24 he
456 4411 81 26 would
559 4419 38 18 re-

75 4455 96 29 present
182 4455 26 24 to
219 4453 43 26 the
273 4453 111 36 Cabinet,
405 4452 63 25 their
483 4454 114 32 position.

75 4491 41 25 He
127 4491 71 26 could
207 4493 46 24 not
262 4498 45 25 lay
317 4490 67 27 what
395 4491 80 25 would
486 4492 29 25 be
525 4492 72 31 done,

628 189 45 25 but
690 189 33 25 he
742 190 95 24 trusted
867 189 59 33 they
948 190 80 25 would
1061 189 42 33 get
1125 198 37 16 as-

628 229 106 25 sistance
743 228 29 26 in
781 236 70 19 some
867 230 85 29 form,-
964 230 33 25 he
1020 229 81 32 hoped
1120 230 44 25 the

628 273 88 26 Water
722 294 2 8 ,
728 270 95 36 Supply
834 273 83 26 Board
938 273 90 26 would-
1042 272 56 27 deal
1102 293 3 4 .
1119 273 43 26 lib-

628 312 76 30 erally
723 312 62 24 with
807 313 42 23 the
878 312 127 25 workmen
1037 311 54 24 who
1114 311 50 24 had

619 348 4 7 '
629 349 59 25 been
705 349 37 26 lef
743 353 9 21 t
752 369 5 9 (
764 349 35 31 ;hy
804 349 56 29 4tte.
864 349 155 26 Contractors
1042 348 108 34 (cheers)
1156 367 6 6 .

627 387 25 28 If
661 388 43 25 the
716 388 83 27 Board
819 388 42 25 did
880 388 63 31 that,
967 388 21 24 it
1011 388 82 24 would
1105 396 29 23 go
1148 395 14 17 a

627 426 60 31 long
698 434 53 23 way
761 433 2 17 :
773 426 38 24 in=,
821 426 66 25 their
908 426 94 28 favour,
1027 426 62 26 and.
1100 426 60 31 they

628 466 83 25 would-
719 468 45 23 not
774 466 59 32 only
838 466 139 34 .Jiavejihe
997 466 122 31 gratitude
1138 466 27 24 of

627 504 44 25 the
688 504 133 29 workmen,
844 504 47 24 but
910 504 81 25 would
1002 504 30 24 be
1054 504 106 24 entitled

628 544 26 24 to
665 542 180 26 consideration
854 542 64 25 from
929 543 43 25 the
982 542 178 28 Government,

627 586 220 32 notwithstanding
866 586 68 24 what
957 586 50 24 had
1029 593 64 16 neen
1107 586 55 24 said

628 630 98 33 against
745 629 43 26 the
800 629 177 28 Government,
990 630 30 23 he
1036 628 51 25 had
1098 628 63 26 been

627 673 76 26 much
714 673 83 26 struck
807 673 62 26 with
881 673 43 25 the
933 680 71 19 sense
1016 673 28 28 pf
1056 672 106 26 fairnesa

628 716 77 25 which
724 716 42 25 the
789 716 98 25 settlers
914 723 64 18 were
1001 716 114 32 disposed
1135 718 26 23 to

628 760 68 25 show
713 759 105 25 towards
840 759 78 31 them,
960 759 55 24 .and
1044 763 25 21 to
1087 759 74 27 know

628 803 56 26 that
692 803 58 32 they
760 803 88 26 looked
859 810 65 25 upon
937 803 42 25 the
989 803 171 25 Government

626 847 60 25 with
706 846 93 26 favour.

661 892 52 24 The
733 890 167 29 Government
933 897 50 18 was
1006 890 63 25 after
1091 890 32 25 all
1146 897 14 18 a

626 935 74 25 reflex
710 934 33 26 of.
747 934 39 25 the
805 934 214 31 representatives,
1033 933 50 25 and
1100 934 59 31 they

627 986 62 18 were
699 979 44 24 not
753 978 51 24 free
823 977 64 26 from
905 977 105 32 making
1032 974 130 33 mistake??

627 1021 45 26 but
677 1030 3 20 :
693 1029 33 18 on
747 1021 44 25 the
810 1020 80 26 whole
922 1028 61 18 were
1006 1021 104 24 anxious

626 1063 32 24 do
670 1063 43 25 the
727 1061 55 26 best
801 1062 39 25 for
858 1061 43 26 the
922 1061 111 33 Country
1046 1061 113 33 (cheers).

626 1106 41 24 He
677 1105 75 25 noted
775 1104 55 26 that
849 1105 44 25 the
916 1104 116 26 Counties
1052 1104 47 25 Act
1110 1113 50 16 was

626 1148 44 23 not
689 1145 104 32 adopted
812 1145 27 25 in
859 1145 49 24 this
937 1145 105 30 district,
1076 1144 83 26 which

624 1190 52 26 had
685 1189 100 25 effected
800 1188 69 26 them
882 1188 136 26 somewhat
1030 1190 128 32 seriously,

625 1231 33 24 he
668 1237 51 19 was
738 1229 58 32 glad
815 1231 27 23 to
853 1237 40 17 see
910 1230 137 31 prosperity
1060 1228 99 33 shining

626 1271 25 24 in
659 1271 44 25 the
717 1270 94 24 district
823 1270 66 24 since
900 1270 38 24 his
946 1270 50 24 last
1007 1270 66 27 visit,
1088 1270 69 25 there

626 1318 49 16 was
686 1318 13 14 a
712 1309 75 24 much
807 1308 81 32 larger
911 1315 57 18 area
987 1309 79 23 under
1087 1308 71 25 culti-

626 1346 169 30 vation/that
820 1346 42 24 the
880 1346 60 23 land
960 1346 121 30 appeared
1103 1346 56 25 well

626 1384 77 30 tilled,
722 1384 49 24 and
787 1383 51 26 free
854 1384 65 24 from
946 1384 105 24 noxious
1079 1384 80 24 weeds

628 1422 112 33 (cheers).

659 1463 40 24 He
717 1461 111 32 repeated
856 1461 67 25 what
946 1461 44 24 the
1013 1463 102 29 opinion
1126 1462 33 24 he

626 1506 50 25 had
687 1504 136 34 previously
864 1504 70 32 given
953 1506 27 23 to
992 1504 41 25 the
1077 1504 40 26 W.
1131 1505 26 25 S.

625 1543 82 25 Board
718 1543 53 24 that
783 1543 42 24 the
1078 1543 81 25 would

625 1586 62 26 hare
698 1586 102 25 entitled
821 1586 68 25 them
908 1587 26 24 to
953 1586 129 25 allocation
1094 1586 70 25 from,

625 1627 43 25 the
687 1626 51 25 sale
758 1626 27 25 of
800 1626 119 25 Midland.
931 1626 134 32 Railway's
1084 1626 72 25 lands

626 1672 43 32 (on
686 1671 33 25 its
738 1671 123 31 reverting
882 1672 25 23 to
919 1671 43 25 the
980 1670 177 33 Government)

626 1713 25 23 to
671 1711 29 25 be
720 1711 73 24 made
813 1711 103 24 towards
945 1711 51 24 thfs
1022 1711 137 30 important

625 1755 78 25 work.'
733 1753 193 32 Unfortunately
938 1753 153 32 Canterbury
1100 1753 59 25 held

625 1795 34 26 all
672 1797 40 24 the
723 1795 60 24 land
800 1795 55 25 that
875 1795 86 25 served
973 1803 26 16 as
1023 1803 16 16 a
1061 1794 52 25 bait
1133 1797 26 22 to

625 1836 43 25 the
690 1835 108 31 Railway
825 1835 130 31 Company,
980 1835 43 24 but
1044 1833 73 29 when
1137 1835 21 24 it

625 1875 43 26 lell
680 1875 60 26 back
757 1875 56 25 into
828 1875 43 25 the
888 1875 81 26 hands
988 1875 26 25 of
1027 1875 46 25 the
1091 1875 65 25 Gov-
1164 1872 2 38 1

626 1917 111 24 ernment
755 1915 43 25 the
818 1915 64 25 local
900 1915 82 24 bodies
1001 1914 52 25 had
1070 1915 88 24 claims

626 1960 82 25 which
725 1959 79 25 would
826 1959 31 24 be
882 1959 117 31 carefully
1012 1958 143 25 considered

627 1999 154 33 (cheers),he
795 1999 78 24 worild
887 1999 73 24 make
974 2006 32 17 no
1024 1999 58 24 rash
1100 2007 55 23 pro-

625 2038 81 28 mises*
725 2037 44 26 but
785 2036 72 26 when
874 2036 121 25 members
1011 2036 76 25 asked
1098 2044 58 24 any-

626 2082 72 31 thing
715 2080 56 26 that
793 2088 49 17 was
865 2080 47 24 fair
936 2080 49 25 and
1003 2080 152 28 reasonable,

626 2122 19 24 it
665 2120 81 27 would
771 2122 28 24 be
833 2120 42 26 the
900 2120 60 32 duty
987 2120 26 26 of
1032 2122 43 24 the
1093 2120 63 26 Gov

626 2163 112 23 eminent
755 2163 25 23 to
795 2163 73 29 grant
881 2160 76 26 them.

659 2200 40 25 He
719 2200 71 30 again
807 2199 109 25 thanked
947 2200 74 25 the.m>
1035 2199 38 24 for
1090 2199 67 24 their

626 2240 59 24 kind
701 2239 140 31 expression
856 2237 25 26 of
896 2238 94 32 regard,
1007 2239 49 24 and
1079 2238 78 32 hoped

625 2280 20 24 it
663 2279 78 26 would
757 2281 44 22 not
819 2280 30 23 be
863 2279 43 24 the
936 2279 49 24 last
1004 2279 114 25 occasion
1133 2279 27 24 of

625 2324 27 24 of
666 2324 39 24 his
720 2331 116 24 presence
852 2325 26 23 at
889 2331 28 17 so
933 2324 113 31 pleasant
1073 2331 16 17 a
1105 2331 52 17 me-

626 2369 66 30 eting
713 2369 26 23 at
760 2367 100 25 Oxford,
886 2367 144 32 (prolonged
1048 2366 111 33 cheers)-.

658 2411 40 24 Mr
710 2410 90 24 Paaish
812 2410 120 30 proposed
946 2410 44 24 the
1006 2411 66 23 toast
1079 2410 24 24 of
1114 2410 44 23 the

626 2454 119 25 Members
759 2454 26 23 of
800 2453 41 24 the
856 2453 84 24 House
948 2453 25 24 of
994 2453 163 31 Representa-

625 2499 69 28 tives,
721 2498 81 24 which
829 2505 49 17 was
904 2497 135 32 responded
1070 2498 26 23 to
1126 2496 31 31 by

626 2539 91 25 Messrs
732 2538 94 28 Buddo,
841 2537 126 25 Meredith-
984 2537 50 23 and
1052 2536 105 27 Collins.

658 2583 40 24 Mr
723 2582 102 31 Ingram
851 2581 120 32 proposed
982 2606 3 2 .
996 2606 2 2 .
1006 2581 43 25 the
1073 2581 85 25 Water
1164 2585 2 27 j

627 2626 94 32 Supply
742 2625 92 26 Board.

651 2670 48 25 ;Mr
710 2670 88 24 Buddo
809 2669 160 31 agricultural
987 2668 125 28 interests,
1133 2676 24 17 re

627 2713 108 32 sponded
744 2715 25 23 to
779 2713 33 30 by
830 2713 92 24 Messrs
941 2712 110 29 Dobson,
1076 2712 81 24 Weld.

627 2757 106 31 Wright,
762 2755 51 25 and
842 2756 106 24 Bassett.
992 2755 40 23 Mr
1065 2766 27 12 jr.
1127 2754 29 24 A.

627 2801 84 24 White
727 2799 119 31 proposed
873 2806 95 20 success
991 2800 26 23 to
1042 2798 116 31 Cpopp-r's

628 2844 77 24 Creek
727 2842 86 25 Water
843 2842 102 31 Supply,
979 2841 137 31 responded
1133 2843 26 24 to

626 2877 33 31 by
676 2876 41 25 Mr
730 2875 32 25 G.
797 2875 23 24 J-
842 2875 120 25 Webster.
997 2874 54 24 The
1070 2874 88 24 Chair-

627 2918 58 17 man
712 2908 119 33 proposed
867 2907 43 26 the
940 2907 159 26 Commercial
1123 2907 35 24 in-

627 2945 95 30 terests,
757 2941 146 32 Responded
918 2943 26 23 to
959 2942 31 30 by
999 2941 40 24 Mr
1047 2940 110 31 Ingram.

660 2977 41 24 Mr
713 2975 136 25 McKenzie
872 2974 118 32 proposed
1009 2974 42 25 the
1068 2973 88 26 health

628 3009 26 26 of
667 3009 43 25 the
726 3008 135 25 Chairman
874 3008 49 24 and
938 3007 145 25 Vice-Chair
1085 3015 67 21 man,

628 3042 49 26 and
691 3042 43 26 the
753 3041 108 31 meeting
878 3048 50 17 was
953 3041 103 31 brought
1085 3043 25 22 to
1145 3048 14 17 a

628 3077 64 24 close
710 3075 33 32 by
760 3075 44 25 the
822 3074 100 31 singing
946 3074 27 24 of
1088 3073 72 32 Lang

689 3269 401 33 CORRESPONDENCE.

630 3327 68 20 While
709 3331 42 15 our
759 3324 88 21 eolumru
861 3329 36 15 are
911 3328 51 21 open
977 3325 20 17 to
1007 3323 38 25 all,
1058 3328 30 14 we
1096 3323 26 20 do
1135 3328 26 15 no

654 3364 89 25 identify
762 3363 99 19 ourselves
877 3361 52 21 «ith
945 3361 94 26 opinions
1068 3367 93 19 txpreue

653 3401 88 21 therein.

678 3440 34 24 To
724 3438 36 26 ih*
778 3438 85 26 Editor
875 3438 32 31 of
918 3437 36 25 th*
968 3437 142 25 'Observer.'

743 3482 123 26 WATER
913 3481 132 26 SUPPLY

787 3515 92 26 Oxford
900 3515 102 32 Biding.

780 3569 29 16 TO
832 3569 48 15 THE
908 3567 97 17 BDITOn.

627 3595 49 26 Sic.
679 3607 31 7 —
710 3594 70 25 Prior
801 3595 24 23 to
837 3593 44 25 the
893 3593 120 24 elections
1029 3592 27 24 in
1070 3592 65 24 1894
1147 3591 14 24 I

625 3637 104 33 pledged
744 3638 27 24 to
785 3636 32 25 do
824 3644 43 24 my
878 3636 92 25 utmost
987 3635 21 24 if
1020 3634 102 30 elected,
1135 3636 25 23 to

625 3681 142 26 economize
774 3680 25 25 in
807 3679 199 26 administration
1014 3680 27 24 to
1049 3678 67 26 clear
1126 3686 34 24 up

627 3726 42 25 the
686 3724 193 32 Complications
896 3722 28 26 of
938 3722 43 26 the
999 3722 69 26 Rock
1093 3722 68 25 Ford

626 3768 97 26 scheme
734 3768 49 24 and
795 3766 76 25 break
881 3766 21 25 ifc
913 3774 42 23 up,
974 3766 50 24 and
1036 3767 25 23 to
1075 3765 84 26 obtain

626 3812 152 26 Gorermenfc
804 3809 87 26 *dvice
930 3809 50 25 and
1007 3809 152 31 supemsion

627 3856 79 25 before
722 3854 115 31 entering
853 3861 32 17 on
903 3852 48 25 and
967 3852 114 32 carrying
1091 3856 42 22 out
1144 3860 15 17 a

626 3888 117 33 drinking
766 3886 98 33 supply,
900 3885 52 26 also
975 3889 27 22 to
1027 3885 131 26 centralize

626 3932 43 26 the
686 3932 113 26 business
815 3930 29 27 of
857 3930 43 26 the
917 3930 82 25 Board
1013 3929 28 26 in
1058 3929 101 27 Oxford.

626 3977 62 26 This
705 3977 50 25 last
771 3983 52 19 was
840 3974 117 33 specially
974 3973 109 32 objeteed
1095 3976 26 23 to
1131 3981 28 18 as

626 4021 74 33 being
715 4028 35 18 va
1003 4017 33 33 by
1052 4023 43 27 my
1117 4025 41 25 op-

625 4066 102 31 ponent.
737 4085 4 3 ■
761 4064 54 25 The
836 4063 80 25 whole
933 4068 157 26 programme
1109 4067 50 18 was

625 4117 31 17 an
911 4105 25 25 Ik
952 4105 46 25 hati
1014 4104 62 26 been
1094 4104 65 25 since

625 4150 93 27 camel
734 4151 46 23 out
804 4149 104 24 because
933 4155 34 17 on
983 4146 176 33 investigation

625 4195 32 33 by
674 4201 40 27 my
731 4192 145 33 Colleagues
892 4190 20 26 it
929 4197 50 19 was
1002 4190 76 26 found
1099 4189 60 25 suit-

625 4238 65 28 able.

658 4282 54 25 The
723 4277 81 29 Board
823 4278 47 25 has
887 4278 56 25 sent
959 4284 15 18 a
991 4276 72 27 letter
1079 4277 26 25 to
1115 4284 46 19 oar

624 4325 97 31 worthy
739 4321 107 27 M.H.R.
880 4320 51 26 and
947 4320 57 26 that
1020 4321 57 31 part
1097 4320 28 26 of
1140 4320 22 25 it

626 4369 90 31 asking
732 4366 39 26 for
786 4373 16 18 a
827 4363 102 32 subsidy
954 4363 38 26 for
1018 4362 50 27 the-
1078 4362 84 27 Water

627 4411 95 33 Supply
740 4407 104 26 Boaid's
855 4405 88 26 Works
956 4412 51 19 was
1018 4405 143 26 denounced

626 4463 33 19 on
675 4451 132 34 Thursday
823 4450 74 33 night
914 4458 27 17 as
958 4456 33 19 an
1007 4449 100 26 election
1119 4456 42 25 cry

625 4498 33 33 by
670 4498 44 26 the
730 4503 65 19 earns
806 4494 144 33 gentleman
961 4491 57 29 who
1034 4492 60 27 used
1105 4492 56 27 thai

1192 200 66 25 term
1268 202 28 24 at
1306 208 44 25 my
1360 200 112 26 election.
1507 199 32 25 In
1550 198 50 26 this
1613 199 112 25 instance

1182 261 7 10 r
1191 243 32 25 hs
1239 246 85 22 meant
1341 243 43 25 the
1401 242 166 33 approaching
1586 241 103 27 election
1700 242 27 25 of

1191 285 127 27 M.H.R'B.
1329 275 40 34 '..•

1224 329 14 24 I
1255 337 41 16 am
1313 331 44 24 not
1368 337 15 17 a
1394 329 126 32 politician
1529 328 61 28 and,
1609 328 115 25 notwith-

1191 372 117 33 standing
1325 372 49 28 the,
1385 373 134 27 statement
1529 371 35 25 :in
1576 379 23 21 a*,
1609 370 73 29 letter
1699 372 25 24 to

1191 416 42 24 the
1256 412 73 28 Press
1346 416 47 25 last
1410 416 76 29 week,
1516 415 14 24 I
1553 422 41 17 am
1621 417 44 22 not
1682 415 43 25 the

1190 457 83 25 leader
1290 459 27 24 of
1332 458 42 26 the
1393 457 120 26 Liberal's
1531 460 26 22 at
1697 466 27 17 so

1184 501 27 24 •it
1226 501 22 24 is
1272 505 45 22 not
1331 502 40 25 for
1388 509 40 18 me
1445 504 27 23 to
1488 501 120 33 originate
1625 503 107 31 general'

1190 544 105 27 eleotion
1307 553 179 24 programmes,
1504 544 44 26 but
1560 545 51 25 this
1623 544 101 34 subsidy

1189 588 22 24 is
1223 595 55 17 now
1290 588 44 25 the
1345 584 85 30 Water
1447 588 105 26 Board's
1559 595 163 26 programme,

1189 635 46 21 not
1250 630 37 26 for
1304 631 101 26 eleotion
1425 638 116 25 purposes
1558 631 46 26 but
1620 631 103 27 because

1189 683 43 16 ow
1254 682 87 24 money
1359 675 45 25 has
1421 675 72 25 made
1519 683 71 18 rac«&
1609 675 28 26 in
1653 676 71 26 other

1188 719 68 30 parts
1273 718 26 25 of
1315 718 61 26 New
1393 718 110 26 Zealand
1519 718 50 26 and
1590 727 38 18 we
1639 719 83 27 claim,

1188 769 28 17 as
1233 762 99 32 aright,
1352 764 26 23 to
1395 762 82 26 which
1494 762 44 26 the
1553 763 73 25 value
1642 763 28 25 of
1677 771 46 18 our

1190 804 78 26 works
1285 804 85 27 entitle
1387 812 38 23 us,
1443 807 26 24 to
1486 805 30 26 be
1538 805 87 33 placed
1640 814 33 18 on
1689 814 33 18 an

1188 856 33 17 an
1238 848 110 32 equality
1372 848 60 26 with
1457 849 73 26 other
1557 849 84 26 bodies
1665 850 58 26 who

1188 896 42 17 are
1247 887 84 33 doing,
1349 896 29 17 or
1388 889 62 25 have
1461 888 71 30 done,
1550 889 95 26 similar
1655 890 67 26 work

1188 930 139 26 elsewhere.
1362 932 52 25 Oat
1430 939 57 19 case
1503 932 22 25 is
1541 932 28 26 in
1586 933 44 25 the
1640 933 81 26 hands

1188 975 27 24 of
1225 981 45 18 our
1281 974 96 33 worthy
1388 974 104 27 M.H.R.
1510 976 57 31 and,
1580 978 27 24 at
1614 978 106 31 present,

1187 1017 46 26 has
1244 1017 106 34 nothing
1367 1020 26 24 to
1409 1018 32 26 do
1452 1019 61 26 with
1530 1021 73 31 party
1613 1020 106 32 politics.

1188 1061 50 25 The
1255 1061 40 26 W.
1315 1062 26 26 S.
1360 1062 83 25 Board
1459 1063 22 25 is
1498 1063 109 34 working
1629 1063 39 28 for
1687 1064 34 27 its

1186 1106 151 32 ratepayers,
1367 1105 65 26 their
1456 1106 70 25 relief
1542 1106 25 26 is
1587 1107 34 25 its
1639 1108 80 32 study.

1187 1148 38 25 Its
1242 1156 53 18 new
1313 1150 77 31 ••cry''
1402 1150 20 24 is
1442 1148 144 35 ioxjusiiel
1596 1151 58 30 and,
1671 1151 50 26 like

1186 1192 33 26 its
1235 1191 56 27 first
1317 1200 165 25 programme,
1512 1193 49 27 this
1588 1193 51 28 will
1666 1202 53 19 suc-

1186 1235 68 26 ceed.

1186 1280 157 28 Valuation
1354 1281 79 25 Rate
1444 1287 18 19 a
1484 1284 149 29 necessity
1644 1282 76 26 until

1296 1326 97 24 water
1416 1325 25 24 is
1464 1325 146 30 supplied.

1220 1365 58 26 This
1294 1366 23 25 is
1334 1367 81 25 forced
1439 1374 33 18 on
1500 1367 43 26 the
1560 1367 84 26 Board
1670 1367 50 27 and

1186 1407 76 33 gives,
1281 1410 43 25 the
1341 1410 133 25 Treasurer
1491 1418 65 24 says,
1583 1412 52 24 £80
1653 1419 67 18 more

1188 1452 67 30 than;
1265 1453 22 24 is
1312 1452 96 26 wanted
1435 1452 39 26 for
1501 1454 102 24 interest
1630 1461 31 18 on
1679 1458 41 20 tne

1185 1496 104 29 £1,700.
1331 1494 38 33 By
1397 1496 87 33 voting
1501 1496 44 26 the
1561 1498 70 24 £500
1653 1498 66 29 loan,

1186 1540 51 24 £25
1261 1539 51 25 will
1328 1541 64 24 meet
1416 1535 33 30 its
1474 1539 112 30 interest,
1612 1542 49 23 and
1679 1541 41 25 tbe

1186 1580 105 35 striking
1307 1583 27 26 of
1355 1590 16 19 a
1393 1585 76 24 water
1493 1585 51 24 rate
1560 1584 52 26 will
1627 1584 92 32 replace

1186 1626 41 26 the
1244 1626 127 26 valuation
1387 1630 53 22 rate
1466 1626 80 27 which
1574 1628 42 26 the
1639 1628 80 26 Board

1185 1671 91 25 admits
1287 1672 22 24 is
1326 1679 82 17 severe
1419 1679 33 17 on
1464 1672 183 26 householders.
1666 1672 53 25 The

1186 1715 66 24 clear
1269 1714 60 32 duty
1346 1715 26 25 of
1398 1715 223 31 highly-improved
1646 1716 74 25 small

1185 1757 90 26 section
1292 1757 98 26 holders
1405 1759 23 24 is
1439 1759 27 25 to
1482 1761 55 23 vote
1548 1759 36 24 for
1595 1759 42 26 the
1648 1759 70 26 Loan

1185 1802 50 24 and
1252 1801 32 32 by
1301 1810 27 17 so
1345 1801 74 33 doing
1435 1804 85 24 reduce
1548 1802 43 26 the
1619 1805 42 23 tax
1683 1803 37 25 for

1185 1845 110 25 interest.

1219 1888 39 25 On
1270 1889 42 24 the
1328 1888 114 32 strength
1459 1888 28 26 of
1501 1889 89 25 honest
1614 1890 105 27 services

1185 1932 64 25 done
1266 1931 14 25 I
1296 1932 76 25 claim
1393 1933 43 24 the
1454 1934 103 31 support
1573 1933 28 25 of
1618 1932 33 26 all
1662 1933 56 26 who

1185 1974 73 26 voted
1275 1976 38 24 for
1341 1983 41 17 me
1400 1975 58 31 and,
1487 1983 27 17 as
1532 1980 26 21 to
1575 1976 43 25 the
1635 1976 82 26 others

1184 2018 27 24 in
1229 2017 100 30 Oxford,
1355 2018 14 24 I
1386 2018 52 25 will
1455 2026 44 25 say
1514 2026 43 24 my
1574 2018 143 33 Colleagues

1184 2061 64 25 have
1259 2061 64 25 done
1334 2061 57 26 well
1407 2061 38 25 for
1456 2062 43 25 the
1511 2061 115 33 Cooper's
1641 2062 78 26 Creek

1185 2105 162 26 sub-division
1364 2106 49 25 and
1442 2105 37 26 for
1508 2105 101 31 Oxford,
1638 2107 50 24 and
1705 2106 14 25 I

1185 2150 86 31 appeal
1288 2151 26 23 to
1326 2149 64 25 their
1407 2150 139 31 patriotism
1564 2152 24 23 to
1599 2151 41 31 lay
1651 2150 67 26 aside

1185 2192 74 25 small
1287 2200 28 18 or
1339 2193 139 32 imaginary
1503 2194 140 31 grievances
1668 2194 51 24 and

1185 2235 73 26 allow
1275 2244 15 16 a
1306 2235 122 26 beautiful
1454 2236 112 25 network
1583 2236 27 26 of
1635 2236 84 33 bright

1185 2281 140 24 streamlets
1334 2279 54 26 flow
1400 2279 108 33 through
1520 2280 114 32 gardens,
1646 2280 72 25 fields

1185 2323 49 28 and
1261 2322 32 33 by
1318 2324 168 29 homesteads,
1514 2332 15 16 a
1556 2324 110 33 blessing
1692 2326 27 23 to

1185 2374 70 24 every
1272 2374 46 18 one
1337 2368 49 23 and
1402 2369 25 23 to
1444 2370 115 29 property
1576 2375 96 18 owners
1682 2375 35 17 es-

1185 2409 109 32 pecially,
1313 2410 50 24 and
1379 2411 63 24 trust
1468 2410 43 25 the
1527 2409 41 26 W.
1587 2410 28 26 S.
1638 2410 81 25 Board

1186 2453 25 26 to
1228 2453 117 31 complete
1361 2453 34 25 its
1406 2453 100 26 mission
1519 2453 26 25 of
1558 2453 117 33 bringing
1685 2461 33 18 an

1185 2496 178 25 abundandant
1386 2496 87 33 supply
1501 2496 27 26 of
1553 2505 60 24 pure
1646 2501 73 21 water

1186 2541 25 23 at
1237 2548 15 16 a
1285 2540 47 26 low
1357 2541 54 25 rate
1439 2540 108 32 through
1572 2548 60 24 your
1659 2541 58 25 dist-

1185 2583 54 25 rict.

1176 2619 2 41 |
1352 2627 13 24 I
1394 2635 47 22 am,
1462 2627 48 31 Sir,

1366 2670 79 26 Yours
1480 2672 41 24 &o.

1320 2714 88 25 JOHN
1430 2714 224 25 O'HALLORAN

1372 2757 134 25 Chairman
1526 2757 37 25 W.
1583 2757 26 25 S.
1628 2757 89 25 Board.

1225 2800 29 24 P.
1266 2801 26 24 S.
1315 2801 37 23 Re
1364 2801 40 23 Mr
1415 2800 104 25 White's
1534 2800 72 24 letter
1616 2800 27 24 in
1659 2808 65 24 your-

1186 2844 47 25 lust
1244 2844 73 29 issue,
1337 2845 52 22 18s.
1401 2851 25 23 p.
1452 2850 42 18 an.
1512 2850 33 17 on
1555 2842 41 26 his
1611 2843 37 24 12.
1661 2844 57 31 28p.

1186 2895 88 17 means
1306 2887 58 24 that
1393 2886 39 24 his
1459 2886 129 25 valuation
1613 2886 107 32 through

1188 2931 124 32 buildings
1329 2931 41 25 &c.
1388 2930 21 25 is
1426 2938 34 24 up
1477 2932 26 24 to
1516 2930 78 30 £250,
1607 2929 113 27 Reduced

1187 2975 136 24 Insurance
1340 2973 102 33 charges
1468 2973 50 25 and
1543 2973 41 26 the
1606 2973 113 26 conveni-

1187 3025 60 18 ence
1265 3017 27 26 of
1318 3018 75 25 water
1420 3016 100 33 flowing
1546 3016 107 33 through
1679 3016 41 27 his

1188 3061 117 32 premises
1323 3060 90 26 should
1429 3060 31 25 be
1472 3061 76 30 cheap
1560 3062 26 23 at
1597 3062 54 23 18s.
1663 3068 57 17 even

1186 3105 21 25 if
1225 3105 41 25 the
1283 3105 53 25 rate
1361 3103 126 26 remained
1515 3110 31 19 on
1564 3111 15 17 a
1595 3103 125 27 valuation

1188 3147 75 31 basis,
1280 3149 45 24 but
1347 3146 15 25 I
1389 3148 92 24 cannot
1506 3147 92 25 believe
1621 3147 32 25 he
1670 3146 51 27 will

1188 3199 90 26 oppose
1294 3191 44 25 the
1355 3190 82 26 Board
1449 3199 33 17 on
1492 3190 96 33 polling
1604 3190 49 33 day
1663 3191 57 25 hav-

1188 3236 44 32 ing
1248 3235 76 25 taken
1340 3243 15 15 a
1380 3242 58 25 very
1466 3236 79 24 active
1563 3236 56 30 part
1635 3234 28 26 in
1685 3243 35 17 es-

1189 3279 135 32 tablishing
1334 3278 21 25 it
1371 3278 51 25 and
1432 3278 111 32 praising
1553 3278 44 25 the
1606 3277 116 33 Cooper's

1189 3323 77 26 Creek
1282 3331 29 17 as
1338 3330 16 17 a
1381 3329 85 19 source
1490 3323 27 25 of
1541 3321 97 34 supply.
1682 3323 40 24 An

1189 3366 103 26 election
1318 3366 26 24 of
1369 3365 125 27 members
1522 3365 51 25 will
1600 3373 61 17 soon
1693 3368 29 22 be

1190 3409 78 26 round
1284 3409 72 32 again
1381 3408 50 26 and
1458 3416 16 18 a
1501 3408 96 33 change
1624 3408 27 26 in
1679 3409 43 26 the

1188 3461 110 25 person©
1315 3452 27 27 of
1357 3452 43 26 the
1423 3451 82 27 Board
1532 3460 46 18 oan
1595 3453 75 32 easily
1687 3453 31 26 be

1188 3497 122 33 managed
1326 3497 22 26 if
1362 3495 83 27 unfair
1462 3496 109 27 taxation
1595 3497 77 26 exists
1694 3505 28 18 or

1188 3549 33 18 on
1237 3548 49 25 any
1302 3540 71 26 other
1388 3540 118 32 grounds.
1541 3540 25 25 J.
1593 3540 62 26 O'H.

1383 3658 63 19 View
1463 3658 59 19 Hill.

1343 3707 29 14 TO
1395 3707 49 14 THE
1466 3707 97 13 EDITOR.

1221 3735 46 28 Sir,
1270 3735 54 24 —A
1347 3734 69 25 short
1438 3735 60 24 time
1516 3741 55 24 ago,
1590 3741 48 25 you
1658 3734 60 31 pub-

1187 3773 83 24 lished
1280 3773 24 23 in
1316 3779 60 24 your
1384 3771 206 32 correspondence
1602 3771 119 30 columns,

1187 3824 15 16 a
1213 3816 73 24 letter
1303 3815 63 25 from
1378 3814 41 25 Mr
1436 3815 100 24 Renner
1555 3814 27 25 of
1596 3813 127 26 Eaikoura

1185 3858 151 32 intimating
1363 3858 40 25 his
1432 3858 123 25 intention
1577 3858 27 25 of
1624 3858 99 33 coming

1186 3902 105 26 forward
1303 3911 26 16 as
1342 3910 15 16 a
1368 3901 129 26 candidate
1509 3903 38 24 for
1557 3902 42 25 tbe

1283 3949 27 22 at
1354 3945 43 26 the
1430 3944 166 34 forthcoming
1623 3945 99 33 general

1186 3986 121 26 Election.

1219 4027 41 24 He
1274 4025 81 26 would
1365 4025 64 26 have
1439 4033 63 24 yonr
1512 4025 98 27 leaders
1620 4025 100 30 believe,

1187 4067 57 25 that
1260 4074 16 17 a
1295 4065 61 26 kind
1371 4065 27 25 of
1414 4066 114 31 compact
1538 4065 47 26 has
1597 4065 62 26 been
1679 4074 42 18 en-

1187 4105 69 27 tered
1272 4106 55 25 into
1346 4105 108 25 between
1476 4105 109 29 himself,
1604 4107 50 23 »nd
1671 4106 44 26 the

1186 4145 99 31 present
1295 4143 119 29 Member,
1423 4142 42 25 Mi
1672 4144 49 25 and

1187 4187 43 26 the
1247 4186 123 26 inference
1391 4185 31 32 is,
1444 4185 58 27 that
1516 4185 27 27 in
1561 4186 43 26 the
1620 4187 101 33 coming

1188 4231 108 30 context,
1324 4229 42 26 Mi
1387 4229 122 26 Mtredith
1525 4229 52 26 «ill
1600 4231 75 26 rathe
1693 4231 28 26 in

1190 4274 41 25 his
1248 4272 92 27 favour.
1385 4272 73 27 lam
1477 4274 44 24 not
1536 4272 28 26 in
1580 4279 17 20 a
1612 4274 108 31 position

1187 4319 27 25 to
1237 4324 44 26 tay
1298 4317 57 26 that
1365 4317 43 25 the
1418 4318 101 31 piescnt
1533 4316 111 27 meabei
1665 4318 56 29 has,

1187 4368 29 18 oi
1232 4360 47 26 hat
1294 4362 61 29 not,,
1365 4360 72 26 made
1454 4367 48 25 any
1518 4359 62 27 such
1604 4361 116 32 promise,

1187 4403 22 25 if
1223 4403 32 25 he
1265 4402 56 29 has,
1338 4403 23 25 It
1369 4408 59 26 may
1439 4401 31 26 be
1478 4401 55 33 just
1548 4408 133 28 necessaiy
1691 4405 28 24 to

1188 4446 94 27 remind
1300 4446 41 26 Mr
1363 4446 97 26 Renner
1482 4446 56 27 that
1557 4446 44 27 the
1616 4448 105 31 promise
1728 4455 2 26 j

1188 4491 68 25 must
1272 4490 63 26 have
1352 4489 61 27 beem
1430 4490 70 26 made
1516 4497 67 19 more
1599 4489 62 27 than
1672 4491 50 25 two

1752 195 70 24 years
1837 196 54 24 ago,
1909 188 61 25 thus
1991 188 84 32 giving
2097 187 41 27 Mr
2159 187 124 37 Meredith

1753 231 82 32 ample
1846 232 61 25 time
1919 233 26 25 to
1949 231 69 27 .hare
2035 230 109 33 changed
2154 230 41 26 his
2203 229 79 26 mind.

1753 274 22 25 A
1785 275 126 31 politician
1927 283 59 18 once
2004 274 136 30 remarked,
2161 273 70 27 there
2242 276 27 22 af
2269 282 14 16 e

1745 318 57 24 >two
1818 318 91 25 classes
1928 318 56 26 who
2001 318 32 27 d.o
2043 320 45 23 not
2111 317 95 32 change
2217 316 66 27 their

1752 360 121 32 opinions,
1902 362 107 32 namely,
2154 368 56 18 men
2232 360 50 25 and

1752 404 85 29 fools,''
1858 406 82 31 surely
1951 405 40 24 Mr
2011 405 100 25 Renner
2122 405 69 24 must
2210 404 71 28 know

1752 446 61 26 thai
1827 448 41 24 the
2038 448 38 24 for
2223 446 58 26 does

1750 491 45 23 not
1817 490 88 32 belong
1925 494 26 22 to
1973 490 79 26 either
2082 491 27 25 of
2126 490 42 26 the
2190 491 91 25 classes

1751 533 152 26 mentioned;
1934 533 98 30 Others,
2057 533 94 26 besides
2168 533 43 26 the
2222 533 57 25 Kai-

1750 575 77 26 koura
1836 576 113 32 aspirant
1959 583 43 19 are
2023 584 78 18 aware
2120 576 28 25 of
2168 576 43 25 the
2230 576 50 25 fact

1747 619 59 25 •that
1817 620 42 24 Mr
1865 618 122 27 Meredith
1994 619 114 32 changer
2111 620 38 24 his
2157 619 122 31 opinions;

1750 662 40 25 He
1801 670 59 18 once
1877 663 52 26 told
1940 670 30 18 us
1989 663 28 25 in
2027 670 48 19 one
2086 664 28 25 of
2130 662 38 26 his
2180 662 98 26 addres-

1750 712 39 19 ses
1806 707 27 24 at
1964 706 79 30 Hill/'
2065 706 56 26 that
2142 706 32 25 he
2196 714 50 19 was
2265 715 14 16 a

1750 747 105 28 believer
1865 749 28 26 in
1910 759 14 15 a
2175 750 44 26 the
2230 750 49 26 last

1750 792 61 26 time
1821 793 32 25 he
1864 793 130 26 addressed
2006 801 37 23 us,
2067 793 31 25 he
2109 792 47 26 had
2167 792 112 34 changed

1749 836 40 25 his
1800 836 77 26 mind.
1912 836 79 27 Them
2006 837 23 25 is
2046 838 103 25 another
2164 837 68 32 point
2252 837 26 26 in

1750 879 40 26 Mr
1801 879 121 27 Renner's
1943 881 72 26 letter
2032 881 56 25 that
2110 880 111 27 deserves
2236 889 42 18 no-

1749 924 55 28 tice,
1827 924 55 25 that
1893 924 28 30 is,
1931 924 128 33 assuming
2069 924 62 26 such
2143 932 16 17 a
2166 926 112 31 compaat

1747 969 28 23 to
1797 966 63 28 exist
1869 975 24 23 ;,
1902 969 68 25 what
1991 969 67 32 right
2079 968 63 26 have
2164 976 47 25 any
2229 969 49 25 two

1747 1011 147 27 individuals
1930 1013 27 24 to
1987 1020 106 23 assume,
2138 1011 58 26 that
2235 1010 43 27 the

1749 1054 110 27 Liberals
1877 1055 27 26 of
1935 1055 42 26 the
1997 1055 90 33 Ashley
2107 1057 171 31 constituency

1748 1107 40 17 are
1810 1101 26 24 to
1864 1099 29 25 be
1916 1099 122 32 governed
2062 1099 33 32 by
2114 1100 64 25 their
2200 1100 76 25 decis-

1747 1142 75 26 ions?
1828 1142 3 8 1
1837 1143 4 6 '

1944 1186 14 26 I
1976 1194 39 18 am

1975 1232 85 24 Yours
2084 1233 41 24 &c.

1792 1297 6 6 ,
2010 1281 45 25 *A.
2078 1280 104 26 BUNN.

1818 1446 10 15 •.
1858 1443 4 3 •
1900 1443 28 16 TO
1951 1443 48 17 THE
2025 1443 97 18 EDITOR.

1744 1483 8 10 *
1782 1472 51 26 Sir.
1834 1487 33 5 —
1868 1472 31 25 In
1917 1481 60 24 your
2010 1474 66 24 issue
2098 1474 28 25 of
2142 1475 43 25 the
2206 1475 69 25 18th.

1747 1513 88 25 ultimo
1846 1514 121 31 appeared
1989 1521 15 17 a
2022 1515 63 25 local
2105 1514 129 33 reflecting
2244 1523 32 17 on

1747 1551 43 25 the
1818 1559 59 17 men
1899 1552 127 31 employed
2055 1560 31 17 on
2118 1553 158 32 Craighead's

1747 1589 49 24 late
1817 1591 111 24 contract
1949 1590 36 25 for
2005 1591 41 25 the
2076 1590 84 26 Water
2182 1591 94 33 Supply

1747 1627 89 31 Board,
1865 1627 112 34 blaming
2009 1629 41 25 the
2081 1637 56 18 mtn
2170 1630 41 25 for
2231 1632 45 24 not

1747 1669 109 31 meeting
1866 1678 41 15 me
1928 1669 28 24 in
1978 1669 93 26 Oxford
2093 1678 28 17 as
2140 1671 136 32 previously

1747 1709 120 31 arranged
1889 1711 26 23 to
1936 1709 55 31 give
2013 1717 40 17 me
2062 1712 6 4 *
2075 1709 160 26 information
2252 1711 27 24 of

1747 1748 42 25 the
1813 1749 145 31 particulars
1980 1749 28 24 of
2027 1749 42 24 the
2091 1750 51 24 loss
2162 1750 27 24 of
2210 1750 65 25 their

1747 1796 85 22 wages,
1855 1796 28 19 so
1905 1789 56 25 that
1984 1789 14 24 I
2022 1789 82 32 might
2126 1789 61 26 send
2210 1791 71 24 their,

1746 1825 114 30 evidence
1882 1829 61 26 with
1965 1830 93 25 certain
2091 1830 72 25 other
2182 1830 58 25 data
2262 1831 14 24 I

1745 1869 51 25 had
1818 1869 117 26 collected
1961 1872 28 23 to
2021 1871 42 24 the
2084 1870 111 25 Premier
2218 1871 58 25 with

1746 1909 52 31 the,
1800 1909 62 25 view
1881 1909 28 25 of
1923 1910 92 32 having
2034 1911 42 24 the
2097 1911 99 25 Labour
2218 1911 45 32 Act
2264 1926 12 18 s

1745 1949 120 26 amended
1883 1952 26 23 to
1925 1950 62 32 fully
2006 1952 94 30 protect
2121 1951 50 25 and
2193 1959 83 19 secure

1746 1990 41 25 the
1809 1990 114 32 earning?
1945 1990 25 26 of
2003 1991 41 24 the
2057 2010 1 7 ,
2082 1991 107 31 working
2208 1999 66 17 men.

1745 2027 54 25 The
1811 2027 190 26 circumstances
2011 2028 28 25 of
2048 2029 42 25 the
2108 2036 56 18 case
2183 2029 14 25 I
2216 2038 57 24 may

1746 2065 86 33 briefly
1842 2067 70 25 state.
1948 2067 39 25 On
2007 2067 108 33 Monday
2137 2068 43 24 the
2205 2069 68 25 13th.

1747 2110 45 25 ult.
1813 2118 31 17 on
1865 2110 42 26 the
1930 2111 114 33 morning
2074 2112 65 25 train
2162 2113 25 24 to
2208 2113 67 25 Ran-

1745 2151 68 31 giora
1828 2151 15 24 I
1853 2152 51 23 met
1915 2159 46 17 one
1973 2151 27 25 of
2016 2151 42 26 the
2079 2159 56 18 men
2158 2152 56 25 who
2225 2151 50 26 had

1745 2190 96 25 worked
1862 2192 32 22 in.
1917 2191 158 31 Craighead's
2098 2193 119 29 contract,
2241 2192 32 25 he

1746 2230 79 25 stated
1846 2232 27 23 to
1895 2238 38 17 me
1954 2231 41 24 his
2016 2232 58 23 view
2097 2232 26 23 of
2145 2231 44 25 the
2211 2240 63 22 case,

1745 2276 33 17 on
1789 2268 40 25 his
1840 2269 140 31 suggestion
2000 2269 14 24 I
2033 2270 119 31 arranged
2170 2271 26 24 to
2208 2278 68 17 come

1745 2309 26 24 to
1792 2308 90 25 Oxford
1904 2310 26 23 to
1947 2311 65 22 meet
2035 2309 69 24 them
2126 2318 28 17 or
2177 2310 54 25 four
2251 2311 25 24 of

1745 2347 42 25 the
1797 2355 60 17 men
1879 2355 33 17 on
1932 2347 41 25 the
1994 2347 129 33 following
2145 2349 131 32 Thursday

1744 2385 81 32 night.
1860 2386 14 23 I
1884 2393 75 22 came,
1984 2385 58 32 they
2062 2386 40 24 did
2112 2388 46 23 not
2177 2394 97 25 appear,

1745 2422 15 25 I
1780 2422 64 26 have
1867 2431 54 17 now
1943 2424 108 24 received
2082 2433 13 14 a
2118 2425 73 24 letter
2213 2425 63 25 from

1746 2463 43 25 the
1799 2471 59 17 men
1869 2464 94 31 stating
1982 2463 54 25 that
2055 2464 41 25 the
2118 2473 60 17 man
2201 2466 15 24 I
2238 2474 38 16 ar-

1745 2501 92 32 ranged
1858 2501 60 26 with
1937 2504 26 23 to
1992 2502 54 31 give
2083 2503 143 26 intimation
2250 2507 26 23 to

1746 2540 43 25 the
1800 2547 58 17 men
1881 2539 49 25 and
1949 2539 55 26 who
2027 2541 116 31 expected
2165 2544 26 23 to
2213 2542 63 26 have

1745 2580 115 25 returned
1872 2588 32 17 on
1919 2580 153 33 Wednesday
2093 2583 42 23 the
2147 2580 70 28 15th.
2230 2584 45 24 ult.

1747 2619 41 24 did
1807 2620 45 23 not
1873 2621 86 22 return
1992 2619 65 25 until
2088 2620 43 25 the
2154 2621 124 33 following

1747 2658 113 32 Monday,
1884 2667 27 16 so
1923 2659 53 25 that
1989 2659 42 25 the
2052 2667 59 18 men
2123 2660 68 25 knew
2203 2662 73 25 noth-

1747 2697 42 31 iug
1811 2696 75 26 about
1919 2697 43 25 the
1996 2702 172 28 arrangement
2191 2700 14 24 I
2227 2700 50 26 had

1747 2735 72 25 made
1830 2735 60 25 with
1903 2743 46 17 one
1968 2735 27 25 of
2004 2736 65 24 their
2088 2739 76 22 mates
2177 2739 48 23 and
2237 2747 40 16 are

1747 2775 43 23 not
1812 2773 28 25 in
1862 2781 49 24 any
1941 2781 53 24 way
2027 2776 26 23 to
2075 2773 82 27 blame
2177 2775 38 26 for
2234 2778 44 23 not

1747 2811 110 32 meeting
1876 2819 32 17 on
1931 2813 40 23 the
1994 2812 132 31 appointed
2148 2814 81 31 night.
2264 2816 15 24 I

1747 2850 72 26 make
1839 2852 47 24 this
1909 2853 133 23 statement
2065 2855 44 23 out
2131 2853 27 25 of
2175 2854 103 26 fairness

1747 2891 26 23 to
1791 2889 43 25 the
1856 2896 57 18 men
1936 2890 143 26 concerned.

1910 2928 14 25 I
1942 2937 38 17 am
2008 2937 74 24 yonrs
2104 2932 41 24 &c.

1964 2967 30 26 R.
2027 2968 188 27 MEREDITH
2246 2986 5 10 ,

1918 3104 187 27 FOOTBALL.

1782 3169 22 26 A
1820 3179 58 24 very
1890 3172 127 32 enjoyable
2029 3173 104 33 evening
2146 3181 48 18 was
2206 3176 74 30 spent

1749 3209 27 24 in
1793 3210 43 24 the
1853 3209 63 26 East
1933 3210 92 25 Oxford
2054 3211 74 25 Town
2157 3212 62 25 Kail
2248 3221 31 16 on

1750 3249 153 33 Wednesday
1922 3250 110 32 evening,
2051 3251 34 33 by;
2111 3252 43 25 the
2183 3252 97 26 Oxford

1749 3286 153 27 Footballers
1918 3289 50 25 and
1991 3291 155 31 supporters.*
2180 3290 23 25 A
2219 3290 63 33 good

1749 3328 104 31 practice
1870 3336 72 25 game
1969 3329 27 25 of
2020 3330 103 26 football
2151 3330 38 26 for
2206 3331 77 26 about

1749 3375 32 16 an
1798 3367 64 26 hour
1878 3369 58 24 took
1962 3370 79 30 place,
2071 3370 71 25 when
2165 3370 114 32 dancing,

1749 3407 178 33 card-playing,
1956 3408 49 25 and
2026 3409 129 32 sing-song
2172 3417 50 18 was
2245 3410 36 25 in-

1750 3447 90 32 dulged
1855 3448 35 30 in,
1909 3448 62 26 after
1988 3449 82 26 which
2082 3457 15 18 a
2108 3450 109 32 meeting
2229 3458 48 18 was

1750 3486 66 26 held.
1862 3487 39 26 Mr
1918 3487 31 26 D.
1975 3487 123 27 McGrath
2115 3490 55 25 sent
2198 3489 26 26 in
2241 3489 41 27 his

1750 3526 150 32 resignation
1918 3534 27 17 as
1962 3528 97 30 captain
2076 3527 28 26 of
2118 3528 43 26 the
2177 3529 57 25 club
2245 3529 38 26 for

1750 3574 15 17 a
1782 3566 82 25 while.
1899 3566 24 25 It
1940 3574 50 18 was
2006 3568 127 35 proposed,
2152 3570 49 23 and
2231 3577 49 18 sec-

1751 3605 86 29 onded,
1862 3606 56 25 that
1945 3607 41 24 the
2015 3607 151 32 resignation
2190 3609 29 25 be
2241 3617 41 18 ex-

1750 3643 93 32 cepted.
1883 3652 28 18 as
1956 3645 41 25 Mr
2041 3646 117 27 M'Grath
2175 3647 45 26 has
2238 3650 45 24 not

1749 3683 99 27 decided
1872 3684 110 27 whether
2008 3686 33 26 he
2069 3687 64 26 shall
2159 3689 58 32 play
2245 3689 38 26 for

1750 3722 103 33 Eaiapoi
1871 3723 32 27 all
1921 3723 42 27 the
1998 3733 95 22 season,
2122 3727 49 25 and
2189 3727 40 26 Mr
2257 3728 24 25 J.

1752 3760 174 26 Summerfield
1954 3770 51 17 was
2033 3763 93 25 elected
2157 3773 46 22 pro
2238 3770 45 21 tern

1751 3798 113 32 Captain,
1893 3799 50 25 and
1981 3800 42 25 Mr
2050 3801 27 25 J-
2103 3801 101 33 Hooper
2231 3810 51 19 was

1750 3837 92 25 elected
1863 3837 90 26 referee
1980 3838 38 25 for
2046 3840 44 24 the
2118 3848 95 18 season.
2260 3842 22 25 A

1750 3876 70 26 letter
1830 3877 64 26 from
1911 3878 122 27 Hororata
2050 3880 130 34 expecting
2190 3890 14 16 a
2215 3882 66 26 chal-

1743 3916 76 32 lenge
1835 3917 64 25 from
1916 3918 42 25 the
1975 3917 93 26 Oxford
2079 3918 113 28 Football
2210 3921 70 29 Club,

1749 3957 27 24 to
1791 3955 57 33 play
1864 3964 16 17 a
1901 3957 85 25 match
2008 3958 28 25 at
2057 3956 93 28 Oxford
2171 3967 34 19 on
2225 3960 56 27 Sat-

1749 3994 87 32 urday,
1861 3995 50 25 and
1932 4002 16 18 a
1970 3997 66 24 team
2064 4004 49 17 was
2140 3997 92 26 elected
2255 4000 26 24 to

1748 4035 124 30 represent
1883 4033 102 26 Oxford.
2019 4034 53 25 The
2091 4035 110 33 meeting
2220 4037 61 26 then

1749 4073 92 26 cloßed.

1748 4186 188 69 LOCAL
1959 4194 25 57 and
2011 4195 269 61 GENERAL

1781 4298 129 27 Football
1911 4314 32 6 —
1944 4300 94 27 Oxford
2049 4307 29 20 w
2086 4301 131 26 Hororata.
2228 4302 52 27 The

1749 4338 125 34 following
1895 4339 52 26 will
1970 4343 125 29 represent
2116 4341 92 28 Oxford
2229 4343 52 26 first

1749 4379 82 24 fifteen
1841 4381 35 24 at.
1887 4379 94 26 Oxford
2003 4381 50 24 this
2073 4381 138 26 afterneen.
2245 4383 35 25 H.

1748 4416 109 36 Hopper,
1881 4418 26 26 J.
1928 4419 184 32 Sammerfield,
2130 4421 26 26 J.
2179 4422 48 26 and
2251 4423 29 27 T.

1749 4458 86 29 Harle,
1869 4458 42 29 W.
1931 4460 109 30 Clearer,
2072 4461 33 25 E.
2128 4461 152 35 Thompson,

1749 4496 41 26 W.
1810 4496 88 32 Haile,
1921 4498 31 26 A.
1974 4498 84 32 Sirett,
2078 4499 29 26 C.
2132 4500 149 30 Grirawood,

2303 191 32 25 IJ.
2359 191 126 31 M'Grath,
2509 191 157 34 M.,D6bdy,
2689 193 29 25 T.
2741 192 50 26 and
2813 194 26 25 C.

2312 229 181 30 Summerfield,
2516 228 25 25 J:
2566 229 89 31 Blank,
2677 230 41 26 W.
2741 231 97 26 Morris.

2310 268 110 30 Referee,
2433 269 46 27 Mr.
2483 268 145 34 J^jSqoper;
2662 271 63 32 Play
2741 274 27 24 to
2779 273 62 25 start

2311 305 61 26 af3.
2383 314 25 22 p.
2420 315 33 16 m.
2640 303 53 11 '""""
2760 314 19 15 r
2807 308 40 16 ■'*'■■•

2304 335 10 12 ■'-.
2352 336 4 3 •
2424 333 18 15 r.
2588 339 2 2 ■
2634 343 4 3 ■
2665 336 2 5 ■
2676 333 44 15 :■•■'.".
2773 333 2 3 '
2804 333 11 18 '-.
2827 337 5 7 ••

2342 348 178 26 Influenza.—
2525 350 62 25 Now
2603 350 52 26 ibis
2674 352 126 31 -epidemic
2818 352 22 26 is

2309 392 130 33 becoming
2448 393 127 32 prevalent
2583 401 37 18 we
2631 395 110 32 strongly
2749 404 89 17 recom-

2309 436 72 24 mend
2394 436 42 24 the
2447 436 50 25 free
2507 444 48 17 us&
2561 437 28 25 of
2598 437 121 32 Platypus
2725 438 82 25 Brand
2816 439 31 27 of

2309 479 153 32 Eucalyptus
2477 479 122 27 Globulus
2627 480 111 30 Extract,
2766 482 74 25 taken

2310 530 67 24 upon
2500 530 29 18 or
2546 523 27 25 in
2596 522 70 26 milk.
2702 524 53 29 The.
2775 526 66 24 most

2308 565 114 32 pleasant
2433 568 90 30 way-to
2532 564 57 29 takn
2599 566 154 33 Eucalyptus
2774 568 22 25 is
2813 569 27 24 in

2309 608 44 26 the
2384 607 116 35 EJiatypus
2527 609 86 26 Brand
2640 611 27 25 of
2688 611 159 33 Eucalyptus,

2309 649 115 36 jujubes.
2459 653 70 33 They
2539 662 43 20 are
2591 655 26 25 in
2633 655 62 26 such
2706 663 15 18 a
2732 655 108 33 portable

2307 693 71 29 form:,
2392 694 115 32 pleasant
2518 696 26 23 to
2555 693 74 31 taste*
2646 695 51 26 and
2713 697 126 31 antisepti-

2308 736 140 26 stimulant.
2671 745 12 17 ••;
2714 752 7 16 r
2723 757 4 5 ,
2728 736 28 25 '-.
2758 739 41 22 '■''...

2481 872 190 26 FOOTBALL.

2412 936 92 26 Oxford
2526 945 24 22 v,
2573 938 73 26 Birch
2669 938 61 26 Hill.

2339 981 26 24 A
2376 981 84 27 match
2476 989 50 17 was
2541 982 89 32 played
2652 979 49 29 last
2714 982 124 33 Saturday

2305 1021 110 25 between
2426 1021 43 25 the
2480 1022 76 25 above
2567 1022 78 25 clubs.
2657 1046 4 2 .
2671 1013 62 42 Pfay
2744 1023 93 25 started

2305 1069 61 17 soon
2378 1061 62 25 after
2451 1062 51 31 3p.
2517 1063 36 24 in.
2588 1061 77 26 Birch
2687 1062 52 25 Hill
2751 1061 86 26 kicked

2305 1103 42 30 off,
2382 1104 81 26 which
2480 1112 51 18 was
2553 1105 100 32 quickly
2671 1106 117 32 retjurned
2806 1107 31 31 by

2306 1147 97 30 Oxford,
2427 1149 50 24 and
2500 1147 32 33 by
2554 1156 68 18 some
2641 1148 68 34 good'
2726 1150 109 32 passing,

2305 1184 100 30 enabled
2429 1189 77 26 Sirett
2528 1191 26 24 to
2573 1197 76 23 score,
2669 1191 44 24 the
2732 1190 64 29 kick,
2819 1199 15 17 a

2305 1228 65 32 goal,
2382 1237 76 17 wasa
2468 1230 48 24 fair
2526 1234 61 21 one.'
2617 1230 77 26 Birch
2704 1230 56 27 Hill
2770 1230 65 26 kick-

2305 1269 36 26 ed,
2346 1272 43 22 out
2400 1270 62 24 from
2474 1272 32 23 25
2532 1271 45 31 yds
2596 1272 70 23 when
2677 1272 32 23 D.
2723 1271 112 25 M'Gfath

2304 1310 43 30 got
2363 1310 138 30 possession
2512 1310 28 25 of
2549 1310 42 25 the
2607 1310 49 25 ball
2668 1310 50 25 and
2735 1310 99 33 quickly

2305 1352 92 28 scored,
2410 1352 52 25 The
2473 1352 56 25 kick
2540 1360 51 17 was
2603 1360 14 17 a
2639 1353 94 25 failure.
2768 1353 68 25 After

2304 1392 43 25 the
2358 1391 57 25 kick
2425 1394 44 22 out
2480 1399 68 18 some
2566 1393 55 31 give
2642 1393 50 24 and
2711 1393 57 25 take
2779 1393 57 32 play

2304 1437 51 17 was
2365 1430 118 31 indulged
2494 1430 35 30 in,
2564 1430 44 25 but
2627 1439 68 17 some
2705 1439 58 25 very
2774 1432 64 32 good

2304 1473 99 32 passing
2422 1472 32 32 by
2482 1474 41 24 the
2543 1473 74 25 backs
2639 1474 28 25 of
2697 1474 43 25 the
2762 1474 74 26 home

2305 1512 65 23 team
2392 1511 105 26 enabled
2521 1512 77 25 Sirett
2614 1514 74 30 again
2710 1516 27 21 to
2760 1521 74 21 score,

2304 1554 43 24 the
2359 1554 56 26 kick
2427 1555 73 30 again
2512 1556 91 29 proved
2614 1564 15 16 a
2639 1556 86 24 failure
2734 1564 6 21 ;
2760 1556 75 24 Birch

2304 1597 55 26 Hill
2370 1597 71 33 again
2460 1597 86 26 kicked
2569 1599 41 30 off,
2644 1599 46 26 but
2713 1600 40 24 the
2773 1601 63 31 good

2304 1642 99 33 passing
2414 1641 27 26 of
2457 1642 44 26 the
2524 1642 91 27 Oxford
2636 1643 75 27 Team
2732 1644 102 26 enabled

2304 1685 31 25 D.
2352 1685 123 26 McGrath
2492 1688 26 23 to
2541 1694 76 22 score,
2641 1686 43 25 the
2707 1686 57 25 kick
2785 1695 50 17 was

2303 1728 125 31 improved
2439 1737 32 17 on
2483 1729 32 32 by
2535 1738 14 16 a
2572 1730 56 31 goal
2646 1730 75 33 being
2743 1730 91 26 kicked.

2304 1767 70 25 After
2385 1767 43 25 the
2439 1767 56 25 kick
2506 1768 36 25 off
2559 1768 64 26 from
2642 1768 54 26 half
2713 1777 60 24 way,
2792 1769 43 25 the

2303 1806 51 25 ball
2365 1814 50 17 was
2427 1813 58 19 soon
2505 1807 115 25 returned
2634 1809 24 23 to
2671 1808 43 25 the
2726 1808 107 26 visitors.

2304 1849 24 25 J.
2351 1849 78 26 Harle
2449 1851 97 30 getting
2577 1851 139 32 possession
2740 1852 92 25 scored.

2304 1889 132 26 Half-time
2454 1898 51 18 was
2525 1892 62 24 then
2606 1892 79 24 called
2707 1892 61 25 with
2791 1892 43 25 the

2303 1932 49 26 ball
2363 1932 26 26 in
2398 1932 76 27 Birch
2485 1933 76 26 Hill's
2573 1935 40 30 25,
2633 1935 93 30 Scores,
2741 1935 93 25 Oxford

2305 1974 31 25 17
2347 1978 25 20 to
2383 1973 44 25 nil.

2336 2016 71 25 After
2426 2016 41 25 the
2490 2016 55 25 kick
2565 2017 41 30 off,
2630 2017 43 26 the
2684 2018 76 25 Birch
2784 2018 47 25 Hil

2303 2055 46 26 full
2359 2055 61 26 back
2438 2064 61 21 soon
2521 2058 115 25 returned
2659 2057 56 26 well
2726 2058 54 25 into
2792 2058 42 25 the

2303 2093 91 26 Oxford
2406 2096 40 23 25.
2480 2095 51 24 But
2551 2095 43 26 the
2606 2095 91 26 Oxford
2716 2096 118 25 forwards

2304 2141 61 17 soon
2383 2133 96 25 worked
2489 2134 43 24 the
2542 2135 58 24 oval
2619 2134 69 31 back,
2712 2135 49 24 and
2772 2135 62 24 after

2303 2181 15 16 a
2340 2173 36 25 lot
2398 2173 27 25 of
2453 2173 168 32 scrimmages,
2655 2175 49 24 and
2726 2175 107 31 passing,

2305 2216 76 26 Sirett
2393 2216 92 29 scored,
2508 2215 46 26 but
2576 2217 42 24 the
2641 2217 56 26 kick
2719 2226 51 17 was
2790 2220 45 23 not

2304 2259 139 26 converted.

2337 2297 69 26 After
2417 2297 43 25 the
2471 2297 55 26 kick
2534 2299 50 29 out,
2594 2297 76 26 Birch
2680 2298 55 25 Hill
2744 2299 92 25 started

2304 2344 26 22 to
2340 2342 58 31 play
2409 2349 34 24 up
2454 2350 15 16 a
2487 2342 37 25 lot
2541 2343 85 29 better,
2650 2343 48 24 and
2718 2344 32 30 by
2761 2351 16 16 a
2799 2343 36 24 bit

2304 2382 27 23 of
2339 2381 64 31 good
2413 2381 101 31 passing
2533 2382 59 31 they
2607 2381 58 25 took
2683 2382 42 24 the
2747 2382 49 24 ball
2809 2384 26 22 to

2304 2419 43 25 the
2370 2419 92 24 Oxford
2484 2420 39 23 25.
2566 2419 39 31 By
2624 2419 64 25 hard
2707 2420 67 24 work
2792 2420 43 25 the

2305 2457 96 30 Oxford]
2417 2457 116 24 forwards
2562 2458 121 31 managed
2706 2459 24 23 to
2753 2460 48 30 get.
2814 2458 21 25 it

2304 2494 61 26 back
2375 2496 26 24 to
2412 2495 53 25 mid
2483 2495 68 30 field,
2573 2496 50 25 and
2645 2496 31 32 by
2698 2497 74 31 quiok
2790 2497 44 25 fol-

2303 2533 92 32 lowing
2411 2541 41 24 up,
2476 2534 28 24 T;
2530 2534 173 26 Summerfield
2725 2537 42 30 got
2779 2543 57 18 over

2304 2572 43 25 the
2358 2572 50 26 line
2420 2572 50 25 and
2486 2573 91 30 scored,
2600 2573 81 25 which'
2706 2581 48 18 was
2777 2582 57 17 oon-

2304 2612 85 24 verted
2402 2612 46 32 .by
2490 2613 33 28 H,
2547 2613 108 32 Hooper.
2690 2614 71 25 After
2793 2615 41 25 the

2304 2655 55 25 kick
2392 2657 44 24 out
2464 2656 43 25 the
2535 2656 52 25 ball
2622 2666 51 16 was
2707 2666 58 16 soon
2794 2666 40 17 re-

2305 2694 89 24 turned
2412 2694 33 31 by
2464 2694 98 29 Oxford,
2584 2695 49 25 and
2639 2713 4 3 .
2654 2695 32 26 D.
2692 2716 3 2 .
2711 2695 125 26 McGrath

2304 2733 43 30 got
2368 2732 138 31 possession
2526 2733 49 23 and
2591 2734 93 28 scored,
2715 2733 46 25 but
2786 2742 50 17 was

2304 2772 46 24 not
2358 2771 139 29 converted,
2515 2771 58 26 time
2592 2781 52 15 now
2666 2772 74 32 being
2751 2774 85 24 called.

2306 2809 41 25 Mr
2364 2809 25 25 J.
2412 2810 98 31 Hooper
2533 2810 70 25 acted
2620 2818 26 17 as
2666 2811 99 30 referee,
2789 2812 48 24 and

2305 2855 61 24 gave
2378 2855 71 23 every
2460 2848 161 25 satisfaction.
2656 2849 51 25 The
2730 2850 56 32 play
2810 2852 26 23 of

2306 2888 43 24 the
2361 2887 92 25 Oxford
2465 2887 62 26 Club
2542 2895 49 18 was
2602 2895 58 25 very
2673 2889 71 25 much
2756 2889 79 27 better

2307 2925 60 26 than
2378 2925 77 30 usual,
2474 2925 64 26 their
2550 2928 99 31 passing
2665 2927 49 26 and
2726 2928 110 33 tackling

2307 2973 50 18 was
2379 2966 175 32 exceptionally
2576 2967 70 32 good.
2680 2967 77 26 Birch
2780 2968 55 26 Hill

2307 3005 49 26 had
2366 3014 68 17 some
2445 3006 62 32 good
2515 3006 102 33 players,
2629 3007 46 26 but
2684 3010 78 24 wants
2771 3016 67 19 more

2307 3047 115 31 practice.
2467 3047 54 26 The
2550 3047 99 26 visitors
2666 3056 73 17 -were
2761 3051 78 23 enter-

2309 3085 83 27 tained
2403 3087 27 24 at
2440 3093 15 18 a
2466 3085 88 27 dinner
2566 3087 30 32 by
2608 3087 44 26 the
2664 3087 92 26 Oxford
2768 3088 70 30 Club,

2308 3123 50 26 asd
2368 3131 16 18 a
2394 3130 82 26 merry
2488 3124 104 33 evening
2608 3133 51 17 was
2674 3127 79 31 spent.

2343 3275 72 23 THE
2440 3275 121 24 MORAL
2594 3276 145 25 DEFEAT
2768 3277 44 25 OF

2493 3318 168 30 TORYISM.

2493 3363 48 24 The
2582 3364 84 24 Critic.

2344 3407 50 24 But
2405 3406 50 25 this
2466 3406 59 25 does
2536 3409 44 23 not
2590 3408 100 25 weaken
2702 3416 44 17 oar
2755 3409 87 32 charge

2309 3447 97 33 against
2418 3446 215 32 Conservativism,
2651 3449 57 26 that
2720 3450 86 25 hatred
2817 3450 25 25 of

2309 3488 44 26 the
2363 3487 85 33 people
2467 3488 21 25 is
2511 3488 43 26 the
2570 3497 88 18 reason
2669 3487 30 28 of
2716 3490 33 26 its
2770 3490 72 26 exist-

2309 3534 68 22 ence,
2395 3527 42 24 the
2449 3527 92 24 motive
2552 3535 81 23 power
2644 3528 27 25 of
2679 3529 33 24 its
2732 3529 110 31 activity,

2310 3565 50 25 and
2371 3565 44 25 the
2436 3565 66 25 chief
2523 3565 139 31 ingredient
2681 3566 28 25 of
2727 3567 34 24 its
2783 3567 59 32 poli-

2311 3606 55 24 tics.

2422 3656 114 20 *.*
2621 3657 15 14 *
2731 3658 15 14 *

2401 3679 58 17 man
2471 3678 22 18 is
2504 3672 90 25 known
2617 3672 31 32 by
2660 3672 43 26 the
2723 3681 119 25 company

2311 3711 32 26 he
2471 3712 49 24 and
2532 3713 21 23 it
2564 3720 27 17 as
2603 3720 31 16 an
2646 3715 78 23 active
2735 3715 107 24 member

2311 3752 27 24 of
2347 3751 42 25 the
2413 3751 117 25 National
2553 3753 154 25 Association
2727 3754 55 24 that
2806 3762 35 17 we

2310 3788 73 26 know
2394 3788 106 32 Captain
2512 3789 105 26 Russell.
2641 3790 25 26 It
2678 3791 20 25 is
2710 3800 27 16 as
2748 3800 15 16 a
2773 3792 69 25 land-

2309 3836 83 19 owner
2414 3828 27 26 of
2473 3828 108 27 Hawkes
2601 3830 61 32 Bay,
2696 3832 80 25 where
2801 3832 41 25 the

2310 3868 106 31 people's
2437 3866 112 33 heritage
2571 3869 22 25 is
2624 3869 98 26 divided
2753 3878 89 26 among

2382 3906 87 26 twelve
2648 3909 79 25 whose
2744 3910 97 31 spokes-

2311 3954 61 18 man
2384 3946 29 26 he
2424 3946 31 30 is,
2478 3947 48 25 and
2549 3950 45 24 not
2613 3950 27 24 at
2663 3949 43 26 the
2727 3949 105 32 plausibl

2308 3986 116 32 platform
2457 3987 134 32 politician,
2632 3990 53 25 that
2716 3997 36 18 we
2774 3991 68 24 must

2306 4026 75 33 judge
2400 4027 27 25 of
2441 4027 40 25 his
2503 4028 88 26 fitness
2613 4032 27 23 to
2660 4032 126 30 represent
2796 4038 46 16 our

2308 4065 140 31 democracy
2470 4066 28 25 in
2523 4066 162 28 Parliament,
2739 4068 42 24 All
2803 4068 39 25 his

2307 4106 160 25 antecedents
2476 4106 49 25 and
2536 4107 34 25 all
2589 4108 40 24 his
2647 4108 116 25 interests
2774 4106 68 27 iden-

2307 4143 46 33 tify
2364 4143 53 25 him
2438 4144 63 25 with
2526 4146 43 24 the
2591 4147 70 30 party
2682 4144 28 25 of
2727 4146 115 32 privilege

2307 4189 51 20 ami
2369 4184 141 34 monopoly,
2523 4185 50 25 and
2593 4184 118 33 altheugh
2734 4185 33 26 he
2777 4186 65 26 finds

2307 4225 12 21 t
2337 4230 128 26 necessary
2488 4227 26 22 to
2536 4220 73 28 affebt
2631 4224 42 24 the
2695 4227 86 23 accent
2805 4226 28 25 of

2307 4261 155 31 Liberalism,
2474 4263 21 28 it
2506 4264 21 24 Is
2540 4271 61 16 none
2613 4262 44 25 the
2667 4263 51 25 less
2725 4271 15 17 a
2749 4264 93 34 foreign

2307 4308 85 19 accent
2415 4304 26 23 to
2464 4301 61 25 him.
2536 4322 3 3 .
2566 4300 40 26 He
2629 4301 22 25 is
2673 4301 128 28 doubtless
2827 4312 15 17 a

2309 4344 212 28 straightforward
2539 4344 51 25 «nd
2600 4345 151 27 honourable
2774 4355 68 24 man,

2308 4385 49 24 and
2379 4392 48 17 one
2448 4388 56 20 who
2536 4385 120 31 lincerely
2692 4385 92 26 desires
2803 4386 39 26 the

2308 4416 97 33 welfare
2415 4420 51 27 and
2485 4421 137 33 prosperity
2643 4421 28 28 of
2691 4423 44 26 the
2746 4423 96 35 colony,

2308 4475 28 16 as
2362 4467 142 24 understood
2532 4466 33 32 by
2587 4468 44 24 the
2650 4466 120 30 National
2794 4470 48 26 As-

2309 4509 129 24 Bociation.

2882 188 101 28 WHAT
3017 190 70 26 THE
3118 190 162 27 MACHINE
3317 190 74 28 HAS

3087 228 102 19 DONE.

2949 283 40 11 .-,..>
3012 268 76 26 From
3106 268 182 32 ThiPevplt.:
3351 263 7 8 T

2865 310 20 14 ..i
2905 300 41 25 An
2965 301 129 24 American
3113 308 76 24 paper
3210 302 65 30 giTes
3294 303 41 24 the
3354 297 50 30 fol-

2871 339 90 35 lowing
2972 339 115 27 statistics
3090 339 47 26 ':—^
3185 337 103 30 ••-;'?-
3420 346 4 15 :

2902 377 92 27 Cotton
3008 379 118 32 spinning
3133 388 7 16 :
3149 379 4 5 '
3164 386 45 23 pne
3220 386 60 18 man
3291 379 49 26 and
3351 381 51 24 two
3412 388 23 23 ..r

2872 417 60 36 boys
2951 417 40 31 dp,
3002 418 43 26 i;he
3064 421 66 27 wprk
3147 418 79 26 which
3244 419 21 25 it
3278 418 122 34 -^required
3434 423 1 10 :

2873 458 64 24 1100
2949 458 110 31 spinners
3071 461 26 23 to
3108 460 31 24 do
3150 452 46 32 but
3211 466 15 17 a
3243 459 72 26 small
3325 467 74 18 num-

2872 494 42 25 ber
2926 495 27 25 of
2961 503 70 24 years
3041 504 56 24 ago.
3106 515 3 3 .
3107 503 2 10 ;
3186 506 6 12 j
3226 519 2 3 .
3256 517 3 3 .
3283 506 4 6 •

2906 533 89 25 Cotton
3006 535 110 32 weaving
3125 543 5 16 :
3153 534 52 26 One
3216 540 59 20 man
3287 536 56 25 doe's
3346 536 52 29 .the

2871 575 68 22 work
2949 581 63 17 now.
3022 575 27 25 of
3069 576 32 24 50
3109 597 4 5 ,
3119 578 107 23 weaieti
3245 575 81 27 which
3334 584 66 20 were

2872 613 112 31 required
2989 609 43 35 '.';&$
3040 631 3 10 ;
3055 614 50 27 the.
3119 611 60 31 time
3201 614 28 26 of
3248 614 40 26 his
3309 616 88 32 grand-

2871 651 88 27 father.
3118 672 2 11 :
3295 664 4 4 •

2897 692 160 27 •Horseshoes
3067 702 6 16 :
3087 694 53 26 One
3150 696 122 29 machine,
3284 696 60 25 with
3352 703 48 19 one
3417 699 5 7 '

2871 739 59 18 man
2950 740 28 17 as
2998 734 137 30 attendant,
3167 736 181 25 manufactures
3370 745 29 17 as
3417 738 4 6 '

2871 778 76 25 many
2968 771 143 26 horseshoes
3129 774 27 24 in
3187 782 47 18 one
3254 774 47 33 day
3325 783 28 17 as
3377 776 22 24 it

2871 811 78 24 would
2960 811 57 26 take
3037 813 48 27 500
3104 820 58 18 men
3179 815 26 24 to
3224 814 72 26 make
3317 816 25 23 in
3354 814 45 26 the
3411 832 4 7 -

2871 858 72 19 same,
2959 851 69 26 time.
3040 872 12 5 .,
3087 872 4 2 .
3115 871 2 1 ■
3135 863 25 15 v.
3168 861 2 2 ■
3375 866 7 5 -

2903 890 55 32 Log
2967 891 94 33 sawing
3071 899 5 17 :
3098 892 51 25 Out
3160 893 26 24 of
3195 895 48 24 500
3254 894 144 32 menfprmv

2870 930 50 32 erly
2931 953 4 3 .
2942 931 127 32 employed
3085 933 26 24 at
3135 931 49 27 this
3204 930 125 36 business,;
3347 932 60 34 490*

2869 969 62 26 haye
2942 970 48 26 lost
3001 972 65 25 their
3074 972 57 32 jobs
3143 972 107 34 through
3267 974 129 26 theintro-

2869 1007 101 26 duction
2981 1009 27 25 of
3017 1010 99 25 modern
3128 1012 150 32 machinery'.

2902 1047 70 31 Na^ls
2980 1056 6 17 :
3011 1050 51 25 One
3073 1051 53 24 nail
3137 1052 111 25 machine
3264 1053 47 25 has
3322 1053 76 26 taken
3411 1063 4 10 >

2869 1087 43 25 the
2923 1088 68 31 place
3003 1089 27 24 of
3033 1090 80 27 .l*ooo
3123 1097 66 18 men.
3429 1091 6 17 ='

2902 1127 78 32 Paper
2991 1136 5 16 :
3020 1128 30 25 In
3062 1129 43 24 the
3123 1130 171 25 manufacture
3304 1130 27 26 of
3345 1131 53 26 this

2869 1167 85 26 article
2973 1169 31 24 95
3024 1177 44 23 per
3087 1173 65 22 cent,
3175 1170 28 25 of
3222 1171 90 25 former
3331 1172 67 25 hand
3419 1197 3 5 ,

2868 1206 86 24 labour
2965 1207 47 25 has
3024 1208 60 25 been
3097 1210 118 30 replaced.

2876 1257 4 3 •
2901 1244 100 32 Pottery
3010 1254 18 16 :'
3040 1247 52 25 One
3111 1255 60 17 man
3184 1264 4 11 ;
3189 1247 63 30 n6w.
3267 1249 86 28 makes,
3368 1258 30 17 as
3412 1266 14 7 •••

2868 1285 76 24 nlu6h
2957 1293 63 17 ware
3031 1286 28 25 in
3071 1286 42 26 the
3135 1295 65 18 same
3212 1289 59 24 time
3283 1297 29 17 as
3323 1291 74 27 1,000

2869 1321 73 27 could
2961 1325 30 30 dp
3016 1326 83 24 before
3118 1327 142 32 machinery
3282 1336 49 17 was
3353 1337 44 23 ap-

2869 1360 72 32 plied;
2992 1374 14 15 .'
3038 1369 8 12 ':
3097 1378 18 9 ..•
3173 1365 78 27 .■;'•-

2902 1402 121 32 Shipping
3033 1411 5 16 :
3063 1403 37 32 By
3102 1404 4 6 1
3111 1404 43 25 the
3165 1413 44 17 use
3220 1405 28 25 of
3255 1406 141 33 machinery
3403 1399 17 36 /

2868 1438 27 25 in
2907 1439 101 32 loading
3029 1441 51 24 and
3100 1439 131 36 unloaiiing
3252 1442 74 33 ships,
3347 1442 57 36 pneT
3403 1463 5 13 ;
3411 1468 4 4 .

2869 1486 58 17 man
2939 1487 46 18 can
2996 1481 106 31 perform
3114 1482 42 25 the
3173 1482 85 26 labour
3277 1484 25 24 of
3320 1475 76 41 2;6Qti
3428 1507 3 2 .

2869 1527 64 16 men.
2949 1539 3 4 .
3026 1519 53 24 .'-.-.
3099 1543 1 4 ,
3106 1538 3 8 :
3111 1527 12 18 ,;
3155 1541 2 2 .
3210 1518 21 27 '".■.
3249 1534 38 11 ■■.
3300 1542 3 3 .
3316 1532 2 2 •
3349 1535 6 13 ;
3357 1541 1 2 .
3362 1537 4 11 ?
3365 1523 21 19 '-.
3401 1532 32 11 ■-...

2902 1559 67 26 Steel
2989 1561 46 24 ties
3057 1562 126 25 machines
3194 1571 7 16 :
3224 1563 21 24 A
3268 1564 86 31 saving
3371 1564 36 26 of.

2869 1601 49 22 500
2928 1607 41 24 per
2980 1603 65 22 cent.
3154 1612 13 9 •-
3180 1616 3 3 ■
3230 1605 2 2 '
3295 1610 3 18 :
3314 1626 3 5 ,

2902 1637 66 27 Steel
2980 1639 58 26 wire
3049 1640 52 30 nail
3120 1641 136 28 machines:!
3273 1634 25 36 X
3309 1643 89 33 saying

2868 1678 27 25 of
2904 1680 49 24 200
2963 1687 44 23 per
3137 1675 46 34 '".'...
3215 1678 21 32 Y
3271 1679 31 31 .!.
3322 1702 5 6 ,
3373 1683 4 25 ;

2881 1727 3 4 •
2901 1717 160 34 Typesetting
3073 1721 122 26 machines
3207 1721 75 28 make.
3287 1731 14 16 a
3310 1724 88 32 saving

2868 1755 27 25 of
2907 1757 49 25 150
2966 1765 44 24 per
3022 1759 65 24 cent.
3174 1778 2 3 .
3255 1762 7 4 *
3286 1774 4 8 >
3323 1767 22 18 :.

2960 1816 100 20 •■.*..
3123 1818 14 14 *
3189 1834 2 4 .
3203 1818 14 16 *
3285 1820 14 14 *
3342 1816 19 19 '■'■•;

2900 1837 53 28 The
2973 1837 67 26 Hon.
3061 1838 25 26 J.
3106 1839 135 26 McKenxie
3252 1862 2 3 .
3262 1849 56 24 says
3341 1841 57 26 that

2867 1876 50 24 last
2928 1884 59 23 year
2998 1877 64 26 3874
3074 1886 58 16 men
3148 1886 62 17 were
3216 1879 131 33 .employed
3357 1884 40 23 'on
3396 1889 4 6 1

2866 1915 80 29 roads,
2969 1915 133 33 absorbing
3123 1919 140 29 £219,000;
3285 1914 113 31 a'ndthis

2867 1949 62 34 year'
2937 1954 64 24 5125
3012 1962 64 17 were
3085 1955 116 32 provided
3208 1957 39 24 for
3248 1955 6 32 \
3267 1957 133 33 abs6rbiri|f

2867 1992 135 28 £250,000-
3074 2013 3 2 .
3201 1989 91 29 .•■■■■

2900 2039 52 24 The
2973 2039 129 26 Victorian
3133 2040 169 26 Government
3334 2042 64 25 have

2868 2079 152 25 determined
3032 2081 25 24 to
3068 2080 130 25 introduce'
3217 2089 16 17 a
3245 2082 69 25 State
3325 2082 74 28 Bank
3427 2098 5 3 -

2867 2118 59 25 Bill.
3353 2111 61 25 ■"-■•'

2900 2158 118 24 Forward
3037 2166 56 24 says
3104 2167 6 16 :
3193 2160 70 25 State
3282 2161 72 24 Bank
3365 2169 34 17 en

2867 2194 43 25 the
2928 2196 60 24 lines
3009 2196 131 25 advocated
3158 2197 33 31 by
3212 2199 47 23 The
3278 2199 88 31 People
3377 2199 24 26 is

2868 2232 43 25 the
2922 2232 58 33 only
2991 2233 71 32 right
3073 2234 110 25 scheme.

2966 2374 44 24 VOTE
3010 2374 33 24 FOR
3043 2374 11 24 LEWIS.

3050 2409 48 23 The
3137 2409 81 25 Critic.

2888 2464 4 1 -
2900 2444 66 25 Here
2978 2444 61 25 then
3055 2453 49 24 you
3127 2446 62 25 have
3212 2448 40 24 the
3274 2448 63 25 aims
3349 2448 52 26 and
3422 2455 4 8 :

2867 2484 93 32 objects
2971 2485 27 24 of
3016 2486 43 24 the
3080 2486 144 33 Stagnation
3244 2487 84 32 Party,
3351 2488 51 26 and

2866 2524 132 32 you,know
3020 2528 65 23 what
3108 2526 110 33 happens
3241 2529 26 23 to
3280 2530 117 30 stagnant

2867 2563 93 32 things.
2995 2564 34 25 As
3041 2573 14 17 a
3075 2565 54 25 rule
3147 2565 58 32 they
3223 2573 41 18 are
3284 2566 116 28 followed

2871 2608 28 25 Dj
2925 2602 135 25 obnoxious
3081 2602 105 25 effluria.

2980 2654 15 14 *
3041 2669 190 26 POLITICAL.
3277 2656 15 14 *
3346 2688 53 9 ...

2974 2722 6 13 r
3060 2710 48 24 The
3128 2710 84 25 Critic.

2902 2753 52 25 The
2965 2757 97 28 present
3081 2755 166 26 Government
3266 2757 22 24 is
3300 2757 98 25 neither

2868 2791 111 25 faultless
2990 2800 45 17 nor
3053 2793 143 30 infalliable,
3217 2795 43 23 but
3278 2795 19 24 it
3309 2796 21 24 is
3341 2803 56 23 pro-

2869 2832 105 30 gressive
2985 2832 49 26 and
3057 2832 163 31 Democratic,
3243 2834 21 24 it
3274 2834 46 25 has
3332 2834 65 26 done

2869 2872 73 23 much
2954 2873 25 22 to
2991 2871 75 25 break
3088 2872 42 25 the
3151 2880 82 24 power
3243 2873 28 25 of
3279 2874 117 33 privilege

2869 2911 50 25 and
2930 2914 137 31 monopoly,
3087 2912 20 26 it
3118 2914 22 24 is
3160 2914 127 26 amenable
3299 2916 26 24 to
3335 2915 62 32 pub-

2869 2950 33 25 lic
2913 2950 107 32 opinion,
3039 2951 49 24 and
3110 2952 22 24 is
3151 2952 26 24 in
3188 2960 72 25 every
3270 2960 54 25 way
3343 2961 55 24 pre-

2869 2990 91 26 ferable
2971 2992 25 23 to
3008 2998 48 25 any
3067 2992 104 31 possible
3193 2993 174 25 resuscitation
3378 2994 28 25 of

2871 3028 54 26 that
2947 3029 61 25 fatal
3029 3032 86 29 regime
3148 3030 27 26 of
3196 3032 133 31 capitalists
3351 3032 51 26 and

2871 3067 60 24 land
2947 3068 159 31 monopolists
3117 3069 156 31 represented
3283 3069 33 33 by
3327 3069 73 33 Capt-

2872 3105 41 25 ain
2933 3105 106 26 Russell.
3087 3129 3 2 .
3401 3126 9 19 f

2983 3164 145 16 #♦♦
3147 3166 13 14 #
3244 3166 14 14 ♦
3277 3166 14 15 #

2907 3183 52 26 The
2970 3192 71 18 cause
3053 3185 54 25 that
3126 3185 75 26 needs
3220 3185 136 33 bolstering
3367 3195 38 25 up

2873 3223 32 32 by
2916 3224 237 31 misrepresentation
3173 3227 64 24 must
3259 3225 30 26 be
3308 3236 14 15 a
3345 3236 58 24 very

2874 3262 112 31 hopeless
3004 3270 53 18 one.
3092 3263 52 25 Th«
3156 3264 146 26 uninitiated
3322 3266 83 26 would

2874 3302 80 31 thinkj
2968 3304 30 31 by
3020 3304 43 25 the
3085 3305 93 31 reports
3187 3316 2 14 ;
3200 3305 97 32 printed
3318 3306 27 25 in
3357 3305 43 27 the

2875 3342 117 25 National
3001 3342 152 26 Association
3161 3351 84 24 organ,
3255 3344 43 25 the
3307 3345 95 25 Christ-

2874 3378 91 26 church
3095 3381 122 32 solemnly
3229 3383 114 24 recorded
3354 3383 45 25 the

2875 3421 133 25 statement
3027 3420 56 26 that
3104 3423 26 23 at
3152 3421 124 32 Bangiora
3298 3431 13 16 a
3331 3423 69 33 large

2875 3458 108 33 meeting
2994 3467 49 17 was
3053 3459 67 29 held,
3132 3460 50 25 and
3193 3469 15 16 a
3219 3463 69 30 great
3299 3462 105 26 number

2874 3497 26 26 of
2911 3497 121 26 members
3053 3506 61 17 were
3137 3499 115 26 enrolled.
3287 3500 59 26 Now
3365 3502 41 25 for

2874 3536 70 25 facts.
2979 3536 46 25 We
3047 3544 41 17 are
3109 3537 28 24 in
3155 3546 15 15 a
3191 3538 104 32 position
3316 3542 26 23 to
3361 3548 44 23 say

2874 3574 55 25 that
2940 3575 42 24 the
2993 3575 109 31 meeting
3113 3584 52 16 was
3178 3584 56 22 rery
3252 3577 80 30 small,
3356 3578 52 26 and

2875 3613 41 25 the
2926 3611 103 27 number
3040 3613 28 25 of
3080 3620 55 18 new
3146 3614 120 25 members
3276 3615 63 26 four.

2999 3646 14 14 *
3131 3646 15 15 *
3262 3648 14 14 #

2983 3664 178 16 **•*
3171 3684 12 4 _
3246 3666 14 15 *
3278 3667 14 15 *

2907 3688 138 26 Mesdames
3059 3689 81 30 Stead,
3163 3690 82 27 Gould
3267 3693 50 25 and
3336 3694 72 25 other

2873 3732 182 32 distinguished
3076 3734 85 28 ladies,
3198 3734 64 25 have
3279 3738 44 23 not
3342 3736 63 25 been
3433 3757 2 4 .

2874 3779 59 17 seen
2944 3772 96 33 driving
3061 3773 55 25 *ith
3137 3774 164 32 laundresses,
3311 3798 3 3 .
3324 3783 79 18 seam-

2874 3812 108 28 stresses,
2995 3814 111 22 servants
3125 3812 49 25 and
3197 3814 65 27 such
3279 3813 51 26 folk
3340 3815 68 25 since

2874 3848 43 24 the
2928 3848 48 32 day
2986 3849 28 25 of
3031 3849 43 25 the
3096 3853 84 22 recent
3203 3850 163 33 bye-election
3377 3853 30 26 in

2875 3888 186 27 Chrwtchurch.
3081 3890 112 33 Strange,
3203 3892 59 26 isn't
3273 3892 21 26 it
3301 3894 13 24 ?
3325 3893 83 28 These

2876 3926 172 28 Conservative
3070 3928 79 27 ladies
3170 3939 42 17 are
3223 3933 64 30 cute,
3311 3932 47 26 but
3368 3932 41 26 in-

2875 3966 100 29 sincete,
2998 3967 50 25 and
3076 3968 44 24 the
3142 3971 183 32 wage-earning
3343 3971 67 27 class

2874 4006 88 26 should
2973 4008 60 32 keep
3043 4016 16 17 a
3078 4008 31 26 sh
3120 4017 43 25 arp
3186 4018 43 26 eye
3250 4019 67 24 upon
3339 4012 74 27 these

2873 4045 73 25 leetle
2956 4048 85 24 events
3052 4045 56 27 that
3119 4056 31 25 go
3162 4049 129 34 scurrying
3301 4049 41 34 by.

3080 4085 15 16 #
3108 4086 15 15 *
3135 4080 75 22 •'■*■*'
3241 4081 2 2 '

2908 4121 24 24 A
2953 4122 145 27 WANING
3115 4125 43 24 TO
3173 4126 141 26 EATJSBB
3333 4127 49 25 Q®
3405 4130 27 20 >/

3040 4162 204 30 LIQUORICE.

3002 4210 7 7 -■
3041 4206 2 3 -
3064 4201 49 28 The
3126 4203 108 25 -Critics
3254 4204 6 15 *

2911 4237 47 27 Wb
2968 4246 65 18 were
3043 4239 85 27 shown
3139 4248 16 17 a
3170 4240 69 32 piece
3249 4243 29 25 of
3294 4243 118 34 liquorice

2875 4276 45 28 the
2938 4279 71 27 other
3022 4279 58 35 days
3085 4279 81 28 which
3187 4289 51 20 was
3246 4282 80 35 .fairly
3347 4285 65 28 alive

2875 4319 63 26 with
2954 4327 90 19 worms
3062 4327 30 20 or
3114 4320 85 33 grubs.
3233 4320 23 29 A
3275 4323 67 28 ohild
3360 4325 55 28 had

2876 4356 61 26 beta
2954 4358 85 31 eating
3059 4358 30 26 it.
3121 4359 49 26 Let
3193 4363 102 29 parents
3316 4363 57 26 take
3394 4372 18 18 »

2876 4396 106 35 friendly
2993 4396 36 28 bit
3040 4397 27 27 of
3075 4398 92 33 advice,
3185 4401 49 25 and
3247 4400 82 30 ferbid
3344 4403 69 28 thai*

2878 4438 111 26 children
3008 4438 112 34 chewing
3151 4445 76 29 nasty
3247 4443 164 28 riniFwMch

2879 4478 58 33 only
2949 4478 70 28 beats
3029 4487 17 18 a
3062 4479 168 28 resemblance
3245 4485 26 23 to
3291 4483 124 33 liquorice,

2879 4517 29 27 in
2926 4516 92 27 colbni.
3130 4537 5 2 -

1123 47 173 33 OXFORD
1340 48 228 33 OBSERVER
1611 47 236 41 SATURDAY,
1902 50 100 32 MAY
2043 52 48 36 16,
2152 50 88 31 1896.
