2550 4039
614 493 220 38 PUBLISHED
880 494 133 37 EVERY
1058 494 257 37 WEDNESDAY
1359 495 87 37 AND
1493 496 229 37 SATURDAY
1769 496 204 38 MORNING.

551 606 130 32 PORT
708 607 289 40 NICHOLSON,
1018 608 320 47 WEDNESDAY;
1347 609 243 41 MORNING,
1612 613 264 33 DECEMBER
1898 618 51 34 22,
1974 619 89 28 1841.

103 607 65 33 No.
192 608 85 40 100.]

2309 618 97 40 [Vol.
2428 618 48 31 11.

60 95 318 149 THE
484 95 318 149 NEW
908 95 742 149 ZEALAND
1756 95 742 149 GAZETTE

60 244 2438 113 AND

60 357 1219 112 WELLINGTON
1401 357 1097 112 SPECTATOR

820 702 97 19 Public
932 702 68 22 Sale,
1004 702 54 19 this
1073 702 65 24 Day.
1149 708 7 12 .■
1180 716 2 4 .
1195 715 5 4 -
1216 717 4 3 .
1234 706 3 4 ■
1256 715 3 4 .

690 726 158 48 MESSRS,
872 727 150 22 BETHUNE
1045 728 72 26 .AND
1146 726 129 23 HUNTER

780 753 45 23 will
833 754 41 21 sell
882 754 31 27 by
922 754 77 28 public
1008 755 97 25 auction,
1115 757 25 19 at
1152 754 122 22 Lambton-

689 787 66 20 quay,
767 787 28 15 on
805 780 143 28 Wednesday
956 780 39 22 the
1004 781 59 21 22nd
1074 781 130 25 December,
1215 783 25 19 at
1249 782 25 20 12

689 806 86 22 o'clock
782 807 115 28 precisely,
908 815 30 14 ex
949 809 56 25 Tyne
1014 808 45 21 and
1065 808 111 20 'Pickwick
1182 814 5 14 :
1188 818 30 4 —

677 838 3 3 '
717 832 94 28 Raisins,
821 837 108 24 currants,
941 834 108 27 almonds,
1060 834 108 27 walnuts/

715 860 94 27 English
818 860 85 28 cheese,
914 864 95 25 tongues
1018 861 23 22 in
1051 861 61 27 kegs,
1124 861 58 22 Irish
1190 861 65 28 pork,

715 886 63 28 Rice,
789 895 72 19 sugar,
871 895 90 20 pepper,
973 888 80 26 starch,
1064 888 46 22 and
1119 888 100 27 tobacco,

716 914 51 21 Sole
776 914 45 22 and
830 914 38 27 kip
883 914 93 27 leather,
987 915 141 26 grindstones
1138 915 29 21 of'
1171 914 29 22 all
1209 915 64 27 sizes,

677 938 3 14 1
715 940 104 24 Anchors
828 940 46 22 and
884 940 65 22 chain
960 941 80 27 cables,
1052 941 125 25 Newcastle
1187 941 66 28 coals,

713 968 30 20 50
751 974 61 15 cases
820 974 93 20 geneva,
925 968 69 22 wines
1003 968 24 22 in
1036 968 64 21 wood
1109 968 44 22 and
1163 968 76 27 bottle,

715 994 66 27 Rum,
792 994 46 27 gin,
849 994 45 22 and
903 994 88 28 brandy
1000 995 25 21 in
1032 994 73 28 hhds.,

714 1020 92 22 Bottled
812 1020 35 22 ale
857 1021 45 22 and
912 1024 66 24 stout,

713 1047 103 23 Window
829 1048 60 27 glass
905 1048 31 22 all
950 1048 63 27 sizes,
1026 1048 63 22 sheet
1104 1048 51 22 lead
1169 1048 45 22 and
1224 1048 50 22 lead

685 1074 86 27 piping,

713 1100 102 23 Colonial
823 1100 64 28 flour,
899 1102 34 20 Ist
943 1100 92 29 quality,

712 1127 90 22 Hawes'
812 1126 96 23 London
920 1129 66 26 soap,'

712 1153 85 27 Paints,
807 1154 37 27 oil,
854 1154 46 22 and
908 1157 69 26 turps,

714 1180 140 28 Glass-ware,
866 1181 100 22 assorted
974 1182 51 27 lots,

712 1206 95 28 Pickles,
817 1208 107 27 mustard,
935 1208 46 22 and
990 1209 100 27 vinegar,

712 1232 114 30 Blankets,
841 1234 79 28 prints,
937 1235 46 23 and
1002 1236 101 27 calicoes,
1123 1236 46 23 and
1185 1237 88 21 various

685 1260 65 22 other
755 1261 77 27 goods.

946 1296 63 20 ALSO,

710 1315 57 21 5000
778 1314 46 23 feet
833 1314 51 23 Van
894 1315 118 23 Dieman's
1028 1316 65 22 Land
1106 1316 86 29 timber,
1203 1317 70 22 broad

681 1341 65 27 joists
748 1343 5 25 j
765 1342 44 21 and
817 1342 95 27 battens,

710 1369 78 26 25,000
797 1368 106 28 shingles,
914 1370 55 20 1300
977 1369 71 23 broad
1058 1370 94 27 palings.

843 1396 81 22 Lunch
933 1400 24 18 at
966 1398 27 20 12
1002 1397 115 27 precisely.

846 1441 53 22 ON
927 1441 182 23 FRIDAY!

710 1467 156 27 Important
880 1469 61 21 Sale
957 1469 31 21 of
1000 1469 78 21 Land
1092 1468 28 22 in
1138 1469 106 22 Karori.

684 1501 159 48 MESSRS.
853 1501 152 23 BETHUNE
1018 1502 45 22 and
1073 1502 129 22 HUNTER
1214 1503 58 22 have

774 1528 104 22 received
894 1529 146 22 instructions
1063 1530 57 22 from
1145 1528 44 24 Mr.
1204 1530 65 27 Yule,

673 1557 32 21 .to
724 1554 82 22 submit
818 1558 23 18 to
856 1555 76 28 public
947 1556 97 27 auction,
1056 1559 24 19 at
1088 1556 37 22 the
1132 1556 138 28 -Wellington

682 1581 130 28 Exchange,
821 1582 33 21 Te
865 1582 54 28 Aro,
930 1590 30 15 on
969 1582 91 28 Friday,
1068 1583 37 22 the
1114 1584 53 22 24th
1174 1584 98 22 Decem-

682 1608 47 28 ber,
740 1610 60 26 1841,

691 1641 193 23 SUBDIVIDED
899 1643 77 22 INTO
990 1643 75 22 FIVE
1080 1644 82 22 ACRE
1177 1644 82 28 LOTS,

682 1668 49 22 that
739 1669 152 28 exceedingly'
894 1670 105 22 valuable
1011 1670 46 22 and
1066 1670 143 24 well-known
1225 1679 46 14 sec-

936 1697 47 22 tion
995 1697 27 22 of

832 1730 88 22 LAND
935 1731 42 21 AT
990 1731 131 28 KARORI,

672 1775 4 2 .
682 1756 117 28 presently
807 1757 108 27 occupied
930 1757 31 28 by
970 1757 55 28 him,
1035 1758 84 28 having
1124 1766 19 20 ,a
1150 1758 61 27 large
1221 1766 51 21 por-

683 1783 48 22 tion
741 1783 87 22 cleared
840 1784 46 22 and
894 1784 94 28 bushed,
999 1785 46 22 and
1053 1785 68 29 ready
1130 1785 36 23 for
1175 1785 98 28 burning

683 1810 45 22 and
736 1810 114 27 receiving
858 1818 61 21 crop.

709 1836 55 22 This
776 1837 92 27 section.
879 1838 45 22 No.
933 1839 28 21 36
971 1845 29 15 on
1009 1838 38 22 the
1064 1839 129 28 Surveyor's
1206 1839 64 27 Plan,

682 1863 42 23 has
732 1864 58 22 been
798 1864 136 28 judiciously
944 1865 46 22 and
1000 1865 135 28 fortunately
1145 1866 82 22 chosen
1237 1867 35 21 for

684 1890 78 23 choice
784 1891 44 22 No.
847 1893 35 26 41,
908 1892 46 22 and
976 1900 112 19 possesses
1110 1893 99 28 peculiar
1232 1893 39 22 ad-

890 1925 109 20 vantages
1007 1919 24 22 in
1040 1919 30 23 its

682 1951 90 15 HIGHLY
786 1952 117 15 VALUABLE
919 1953 94 20 TIMBER,
1029 1954 95 15 FERTILE
1138 1954 47 14 AND
1199 1954 71 15 LEVEL

696 1978 57 17 SOIL.
769 1979 59 14 WITH
844 1980 29 14 AN
889 1980 124 14 ABUNDANT
1028 1981 84 14 SUPPLY
1127 1981 28 15 OF
1169 1981 87 15 WATER.

731 1998 34 22 Its
772 1999 121 27 proximity
902 2003 24 18 to
936 1999 38 22 the
983 1999 78 28 Town,
1073 2001 68 27 bring
1150 2001 70 22 about

680 2031 92 27 HALF,
785 2032 45 21 AN
849 2032 113 22 HOUR'S
985 2033 95 24 WALK
1097 2034 90 22 FROM
1206 2030 68 28 THE*

882 2057 190 29 EXCHANGE,
1242 2058 30 20 ''.

680 2086 23 19 at
719 2090 55 15 once
790 2083 74 28 points
877 2084 19 21 it
905 2088 40 18 out
953 2092 24 14 as
987 2092 14 15 a
1013 2085 79 28 highly
1102 2086 108 22 desirable
1220 2094 50 20 pos-

679 2110 85 22 session
771 2110 35 22 for
813 2111 82 27 parties
902 2111 96 27 wishing
1006 2115 23 18 to
1035 2112 94 23 become
1135 2114 135 26 proprietors

937 2138 25 22 in
968 2138 50 23 that

734 2170 169 23 VALUABLE
918 2171 133 23 FERTILE
1064 2172 149 29 DISTRICT,

855 2205 25 15 so
889 2198 52 22 well
953 2199 97 28 adapted
1057 2200 37 21 for

679 2231 168 22 ORCHARDS
866 2231 69 22 AND
956 2232 137 23 MARKET
1112 2234 155 28 GARDENS,

913 2266 26 16 as
948 2259 52 22 well
1009 2267 24 14 as

679 2292 114 27 FARMS,
814 2293 109 26 DAIRY,
945 2293 43 23 OR
1011 2295 146 23 GRAZING
1181 2295 87 23 ESTA-

870 2320 207 30 BLISHMENTS,

937 2355 25 15 or
976 2349 35 21 for

793 2381 148 22 COUNTRY
954 2382 199 23 RESIDENCES.

676 2406 50 23 The
736 2407 85 23 district
828 2409 20 21 is
856 2408 84 23 known
950 2412 23 19 to
989 2410 92 22 abound
1095 2410 23 22 in
1131 2417 73 20 game,
1222 2410 45 22 and

677 2434 40 22 the
726 2438 92 19 streams
826 2443 38 14 are
873 2435 52 22 well
934 2436 92 23 stocked
1036 2436 54 23 with
1098 2437 49 22 fish.

703 2462 50 22 The
768 2462 60 22 main
843 2462 55 23 road
915 2462 120 29 bounding
1051 2464 43 22 this
1110 2464 92 27 section,
1221 2464 46 22 and

676 2487 92 29 leading
788 2493 23 18 to
830 2489 86 23 several
934 2490 103 22 valuable
1056 2491 96 22 districts
1175 2491 91 28 already

675 2515 69 27 given
763 2519 38 19 out
817 2516 46 23 and
877 2516 74 23 under
967 2525 90 20 survey,
1066 2518 20 22 it
1100 2518 17 22 is
1129 2518 137 22 understood

668 2542 55 23 -will
738 2543 118 28 positively
868 2543 29 23 be
912 2544 149 22 commenced
1069 2544 119 24 forthwith.
1217 2545 48 22 The

675 2570 111 22 attention
796 2570 26 22 of
828 2577 97 20 sawyers
934 2571 46 22 and
989 2572 105 22 saw-mill
1102 2572 134 28 proprietors
1246 2573 19 21 is

673 2596 145 28 particularly
836 2598 72 22 called
927 2601 24 18 to
969 2598 39 22 the
1027 2598 102 29 splendid
1145 2598 82 23 timber
1242 2600 26 21 of

673 2621 92 25 Karori.
792 2621 73 25 There
880 2625 19 21 is
917 2625 92 28 already
1026 2633 14 14 a
1057 2626 58 27 good
1131 2626 70 22 house
1219 2626 46 22 and

672 2650 85 27 garden
768 2658 29 15 on
806 2651 38 22 the
853 2652 65 26 farm,
928 2652 75 22 which
1012 2652 139 26 will'be'jsold
1162 2653 54 23 with
1226 2653 37 22 the

672 2677 119 23 allotment
807 2685 30 15 on
851 2678 73 22 which
939 2679 18 21 it
973 2679 85 24 stands.
1091 2680 45 23 Mr.
1152 2680 58 22 Yule
1229 2688 35 14 re-

672 2704 75 28 siding
762 2704 62 23 there
842 2705 45 23 will
905 2706 29 22 be
953 2706 76 29 happy
1044 2710 24 19 to
1086 2707 64 28 point
1169 2711 38 19 out
1226 2707 36 22 the

670 2730 74 24 lands:

698 2758 106 23 Terms—
803 2758 79 24 Under
891 2760 55 27 £30,
958 2761 27 21 15
993 2768 42 20 per
1044 2764 58 19 cent,
1113 2760 93 29 deposit,
1218 2761 45 23 and

670 2787 14 20 3
699 2786 98 24 months'
807 2786 72 23 credit
894 2787 37 22 for
948 2787 128 23 remainder
1084 2796 5 19 ;
1104 2788 59 22 from
1239 2794 22 16 to

671 2812 56 29 £50,
747 2814 26 21 15
790 2820 41 21 per
848 2817 60 19 cent,
928 2814 95 28 deposit,
1042 2815 47 23 and
1105 2817 21 26 3,
1144 2817 20 26 6,
1185 2815 45 23 and
1247 2817 14 21 9

670 2839 104 28 months;
794 2840 47 22 £50
861 2840 45 23 and
924 2841 111 32 upwards,
1053 2844 22 26 3,
1091 2844 20 26 6,
1131 2844 20 25 9,
1171 2843 45 21 and
1235 2844 26 20 12

670 2866 99 28 months,
784 2867 55 22 with
847 2874 15 14 a
875 2867 89 28 deposit
977 2868 27 22 of
1018 2869 31 21 15'
1060 2877 41 20 per
1113 2873 60 19 cent,
1184 2876 29 16 on
1223 2877 38 21 ap-

670 2893 86 28 proved
766 2893 109 23 endorsed
884 2898 154 24 acceptances.

840 2921 82 23 Lunch
930 2925 23 18 at
962 2923 27 21 12
999 2921 94 24 o'clock.

698 2946 129 29 Wellinton,
839 2947 127 23 December
975 2950 34 26 15,
1021 2951 63 21 1841.

835 2992 20 22 O
865 2992 23 22 N
915 2992 51 23 FR
976 2993 12 22 I
999 2993 21 22 D
1033 2994 49 21 AY
1090 2994 6 22 !

875 3020 90 21 Cattle
985 3020 70 22 Sale.

671 3045 161 50 MESSRS.
852 3045 97 24 WADE
966 3046 86 29 having
1066 3047 46 24 had
1138 3056 120 15 numerous

762 3073 146 28 applications
916 3073 36 22 for
961 3073 39 22 the
1016 3081 59 16 cows
1085 3083 40 20 per
1133 3077 123 27 Middlesex,

669 3099 60 22 have
739 3099 140 23 determined
893 3103 24 19 to
933 3101 84 22 submit
1026 3101 39 22 the
1075 3100 71 25 whole
1155 3111 67 21 cargo
1236 3107 22 19 to

669 3126 77 28 public
762 3127 150 27 competition,
929 3134 29 15 on
972 3128 84 26 Friday
1070 3133 61 25 next,
1150 3130 38 23 the
1206 3131 52 22 24th

669 3153 133 28 December,
823 3155 60 27 1841,
903 3156 31 22 at
944 3154 39 22 the
1003 3154 79 23 Public
1101 3156 86 29 Pound,
1204 3161 24 19 at
1247 3160 9 20 1

710 3181 87 22 o'clock
804 3181 117 27 precisely,
931 3181 40 22 the
980 3189 74 20 cargo,
1066 3184 122 28 consisting
1196 3185 28 22 of

669 3214 206 24 SEVENTY-SIX
894 3214 40 22 OF
953 3215 66 23 THE
1041 3215 111 25 FINEST
1176 3219 82 22 COWS

741 3241 84 23 EVER
839 3241 163 23 IMPORTED
1016 3242 78 23 INTO
1107 3244 81 23 PORT

868 3268 192 34 NICHOLSONj

668 3302 62 16 some
748 3295 55 23 with
819 3295 75 24 calves
911 3295 33 29 by
963 3295 60 24 their
1040 3297 55 28 side,
1116 3299 48 22 and
1185 3299 74 22 others

666 3322 76 28 heavy
750 3322 24 22 in
785 3322 52 23 calf.

694 3349 65 28 They
767 3349 58 23 have
838 3349 30 23 all
880 3349 61 23 been
948 3349 87 24 broken
1043 3353 25 20 to
1080 3351 38 23 the
1127 3352 70 29 dairy,
1213 3353 45 23 and

666 3384 39 15 are
715 3376 108 29 perfectly
833 3377 78 22 docile.

693 3403 175 25 Termsr-From
877 3405 11 21 1
899 3407 23 19 to
929 3405 14 21 3
950 3404 99 24 months'
1055 3405 77 28 credit,
1139 3407 119 28 according

666 3434 24 20 to
702 3434 100 21 amount.

694 3458 57 24 Dec.
767 3459 34 26 17,
818 3458 62 22 1841.

665 3503 172 50 HENRY
861 3502 265 24 MARTINEAU
1152 3506 55 27 begs
1233 3509 23 19 to

753 3530 83 23 inform
847 3530 39 23 the
901 3530 139 23 inhabitants
1060 3532 27 21 of
1100 3532 54 22 Port
1164 3533 92 22 Nichol-

665 3565 49 20 son,
726 3556 48 23 that
781 3557 36 22 his
828 3558 89 21 General
933 3558 64 20 Store
1005 3558 19 22 is
1040 3565 52 15 now
1101 3566 58 21 open
1173 3560 35 21 for
1217 3560 38 22 the

665 3584 46 23 sale
722 3584 27 23 of
755 3584 124 28 Groceries,
890 3584 172 28 Ironmongery,
1073 3585 42 23 Tin
1131 3586 48 23 and
1188 3587 66 22 Brass

664 3619 65 20 ware,
740 3612 41 21 &c.
791 3612 41 22 &c.

662 3642 110 48 varied
781 3638 59 23 Solar
839 3657 2 9 '
847 3638 61 28 lamp
910 3646 14 16 *
928 3639 25 22 in
1041 3639 12 36 1
1065 3652 78 23 Direct
1150 3654 57 22 from
1216 3654 38 22 the

690 3694 82 25 Patent
779 3692 63 23 brass
851 3692 83 30 cocks..
1039 3685 14 35 J

676 3719 6 4 '
689 3720 190 28 Lambton-quay,
890 3720 57 22 Dec.
957 3721 35 26 16,
1002 3721 61 21 1841.
1175 3720 3 3 '

740 3778 7 12 v
776 3787 3 5 ,
901 3764 110 22 Notice.

660 3799 93 50 ALL
775 3798 137 26 PERSONS
931 3798 73 23 found
1021 3798 80 31 felling
1117 3799 89 28 timber,
1220 3807 33 14 -or

750 3826 103 28 carrying
870 3826 18 22 it
905 3833 65 21 away
988 3826 59 22 from
1066 3826 38 22 the
1123 3829 60 20 town
1201 3834 51 15 acre

659 3853 95 22 marked
767 3854 39 21 621
821 3861 30 14 on
870 3853 38 22 the
927 3852 241 28 Surveyor-General's
1187 3853 63 28 Plan,

659 3880 95 22 without
772 3887 13 15 a
801 3880 90 22 written
909 3880 132 27 permission
1062 3880 80 27 signed
1159 3880 30 28 by
1213 3880 38 23 tlie

658 3906 159 28 undersigned,
826 3906 44 23 will
880 3907 28 22 be
918 3906 142 28 prosecuted.

981 3933 25 22 C.
1022 3932 32 23 HT
1068 3933 153 23 Townshend.

687 3960 157 27 Willis-street,
856 3960 56 22 Dec.
924 3961 33 25 16,
969 3961 61 21 1841.

1305 701 106 30 Second
1420 702 187 27 Anniversary
1616 703 31 21 of
1658 703 47 21 the
1714 702 177 22 Foundation

1324 731 17 29 $
1352 741 9 6 -
1388 755 4 3 .
1491 729 30 21 of
1532 730 46 20 the
1594 731 114 24 Colony.
1750 726 7 22 .'

1320 761 27 27 \,
1366 762 144 23 MEETING
1520 763 83 22 will.be
1612 763 53 22 held
1675 766 23 18 at
1708 762 184 28 Barrett's-hotel,

1305 788 50 33 -ZgL
1365 812 4 3 .
1392 786 45 25 tliis
1452 790 105 27 .evening,
1576 793 25 19 at
1616 792 13 20 8
1649 789 93 27 o'clock,
1764 792 22 19 to
1804 790 58 21 form
1879 797 14 14 a

1305 811 138 36 C^nmittee,
1454 816 99 22 to-make
1566 820 169 24 arrangements
1744 816 36 21 for
1794 816 99 22 celebra-

1305 841 47 27 ting
1362 842 38 21 the
1410 842 87 23 second'
1502 844 146 27 anniversary
1653 842 26 24 of
1686 842 37 23 the
1731 843 131 22 foundation
1870 843 26 22 of

1305 867 36 23 the
1349 868 95 28 Colony.

1307 915 34 25 ~!-'x
1513 910 164 32 Wanganuii

1306 947 158 52 MESSRS.
1489 948 94 22 WADE
1611 948 58 22 have
1692 947 38 22 the
1754 947 87 22 honour
1868 950 23 19 to

1397 982 117 15 announce
1531 975 48 22 that
1594 975 54 27 they
1662 974 57 22 have
1736 975 103 21 received
1856 974 36 22 in-

1304 1001 120 24 structions
1439 1004 24 19 to
1476 1002 84 22 submit
1568 1005 24 18 to
1606 1002 75 27 public
1696 1001 150 27 competition,
1861 1009 30 14 on

1305 1027 108 28 Monday,
1425 1028 38 22 the
1477 1028 53 23 27th
1546 1028 132 27 December,
1689 1029 62 25 1841,
1762 1031 23 18 at
1794 1028 37 21 the
1846 1028 46 21 Ex-

1304 1053 86 28 change
1407 1055 81 26 Room,
1498 1056 32 21 Te
1547 1056 55 26 Aro,
1613 1059 22 18 at
1645 1057 11 20 1
1674 1055 87 21 o'clock
1776 1055 113 27 precisely,

1301 1081 57 22 'Nos.
1367 1082 28 21 45
1414 1082 46 21 and
1475 1084 27 20 39
1519 1089 29 15 on
1565 1082 38 21 the
1613 1082 56 22 Plan
1681 1082 26 21 of
1718 1082 132 27 Wanganui,
1866 1089 24 15 m

1303 1107 43 24 lote
1355 1109 28 20 of
1396 1109 13 20 5
1427 1116 62 15 acres
1503 1109 62 22 each.
1594 1109 54 22 This
1663 1112 112 24 property,
1790 1108 59 22 from
1861 1109 30 21 its

1305 1135 123 27 contiguity
1436 1138 23 19 to
1474 1136 38 21 the
1521 1135 111 28 proposed
1642 1139 67 23 town,
1722 1135 77 27 (being
1812 1135 76 22 within

1304 1161 43 28 fiye
1363 1162 104 22 minutes'
1478 1163 56 22 walk
1551 1162 27 22 of
1588 1162 38 22 the
1635 1162 51 27 site)
1698 1162 45 21 and
1753 1162 95 21 situated
1860 1169 31 15 on

1305 1184 36 28 tfie
1351 1189 63 27 High
1425 1189 64 22 Road
1498 1193 23 18 to
1533 1189 120 27 Taranaki,
1663 1189 19 22 is
1691 1189 51 22 well
1757 1189 85 27 worthy
1853 1189 37 22 the

1303 1216 110 21 attention
1423 1216 26 21 of
1454 1223 93 21 persons
1557 1216 25 22 of
1589 1216 30 21 all
1629 1216 88 26 classes,
1729 1223 24 14 as
1769 1215 47 22 well
1828 1216 62 21 those

1303 1242 118 28 intending
1429 1246 23 19 to
1462 1244 71 21 reside
1543 1246 23 19 at
1574 1242 45 23 this
1632 1242 123 28 promising
1764 1242 128 23 settlement

1303 1277 24 14 as
1351 1269 64 23 those
1440 1270 98 28 desiring
1565 1270 117 28 profitable
1709 1270 136 21 investment
1868 1270 27 21 of

1303 1296 88 28 capital.

1313 1343 7 14 tßotht
1330 1329 59 23 Both
1399 1330 37 22 the
1444 1331 56 22 land
1509 1331 46 23 and
1563 1331 92 28 locality
1663 1338 38 16 are
1707 1331 81 22 second
1797 1335 24 18 to
1830 1339 59 15 none

1302 1356 23 22 in
1336 1357 128 28 Wanganui
1472 1366 6 19 ;
1495 1357 39 23 the
1544 1359 139 22 auctioneers
1693 1358 54 27 only
1761 1359 36 21 ask
1808 1360 82 26 parties

1303 1386 23 19 to
1334 1385 88 26 inspect
1431 1384 38 22 the
1480 1384 55 22 Plan
1545 1389 23 18 to
1584 1385 63 23 learn
1663 1385 45 22 the'
1718 1385 113 27 situation,
1846 1386 43 22 and

1303 1410 71 23 either
1384 1414 23 19 to
1414 1411 93 28 enquire
1516 1419 26 15 or
1551 1413 104 21 examine
1665 1411 38 23 the
1713 1411 60 29 land,
1785 1412 43 22 and
1835 1412 54 28 they

1302 1444 38 16 are
1349 1438 126 27 persuaded
1485 1438 37 22 the
1532 1439 81 23 results
1622 1439 45 23 will
1676 1439 29 22 be
1715 1439 146 28 satisfactory.

1308 1481 11 11 *
1566 1473 63 27 Also,

1411 1505 87 23 LAND
1513 1506 35 22 IN
1562 1506 221 24 WELLINGTON.

1301 1540 47 23 The
1358 1540 140 23 auctioneers
1507 1541 45 22 will
1568 1541 83 22 submit
1665 1540 70 23 Town
1752 1542 66 27 Acre,
1828 1542 61 22 Wel-

1301 1566 95 29 lington,
1407 1567 44 22 No.
1461 1568 41 22 658
1518 1575 30 15 on
1566 1568 38 22 the
1620 1569 63 26 Plan,
1691 1568 137 28 judiciously
1843 1570 46 22 laid

1560 1599 39 18 out
1611 1596 24 21 in

1428 1628 63 22 TEN
1505 1628 158 23 BUILDING
1677 1628 83 23 LOTS.

1300 1662 55 22 This
1367 1662 56 22 land
1432 1662 19 22 is
1466 1662 97 22 situated
1579 1666 23 18 at
1617 1663 38 22 the
1671 1665 100 19 extreme
1787 1663 64 23 north
1867 1665 26 21 of

1301 1689 144 28 Wellington,
1456 1697 30 15 on
1502 1690 39 21 the
1557 1690 55 27 only
1620 1690 61 22 main
1692 1690 60 22 road,
1763 1691 26 20 of
1797 1691 93 27 import-

1301 1723 56 15 ance
1371 1720 40 24 yet
1421 1716 70 28 going
1507 1719 40 19 out
1563 1717 27 21 of
1603 1717 145 25 Wellington,
1759 1717 43 21 and
1818 1718 19 22 is
1851 1718 39 22 de-

1301 1743 90 28 cidedly
1409 1750 42 15 one
1471 1744 27 21 of
1514 1744 38 21 the
1569 1744 51 22 best
1637 1744 113 22 sheltered
1767 1744 44 22 and
1831 1749 59 18 most

1301 1770 110 22 beautiful
1420 1773 50 26 spot
1479 1771 23 21 in
1512 1770 30 22 all
1552 1770 38 22 the
1601 1771 48 27 City
1658 1770 27 23 of
1689 1771 145 27 Wellington.

1565 1804 63 28 Also,

1355 1837 236 23 LEASEHOLD
1620 1837 212 28 PROPERTY;

1301 1871 39 23 the
1348 1872 62 22 lease
1426 1872 46 21 and
1486 1872 113 27 buildings
1609 1872 25 22 of
1646 1871 53 23 half
1701 1879 32 14 -an
1745 1879 49 15 acre
1803 1872 27 22 of
1835 1872 54 22 land

1295 1898 122 28 -adjoining
1426 1898 38 23 the
1474 1899 71 22 above
1554 1899 69 22 Town
1632 1900 61 21 Acre
1704 1898 53 27 (No.
1767 1900 57 26 658),
1835 1900 53 21 with

1301 1933 13 14 a
1323 1926 155 22 considerable
1493 1926 103 27 frontage
1611 1926 55 23 both
1682 1928 23 19 to
1719 1925 38 22 the
1772 1926 117 22 Tinakori-

1300 1952 54 23 road
1364 1953 46 22 and
1420 1952 47 23 also
1482 1956 23 19 to
1514 1952 39 23 the
1568 1954 79 26 beach,
1663 1952 54 22 with
1733 1960 15 15 a
1761 1952 60 28 large
1837 1954 51 21 sub-

1300 1980 90 22 stantial
1407 1980 49 29 clay
1472 1980 71 22 house
1559 1980 89 23 erected
1663 1987 30 14 on
1708 1980 25 26 it,
1752 1980 43 21 and
1810 1988 14 14 a
1839 1980 50 22 well

1301 2006 79 23 fenced
1395 2007 85 27 garden
1498 2007 92 22 stocked
1604 2007 54 22 with
1674 2006 134 27 vegetables.
1838 2008 50 21 One

1306 2034 135 31 ripalljpiece
1458 2034 27 22 of
1496 2034 45 22 this
1554 2034 20 22 is
1588 2034 85 23 sub-let
1691 2034 35 21 for
1740 2034 61 22 three
1815 2042 72 20 years,

1301 2057 214 25 whicnlea'veiT'the
1530 2063 88 20 tenant'
1625 2061 26 21 of
1663 2060 40 21 the
1717 2060 52 21 half
1780 2068 49 14 acre
1843 2064 24 19 at
1875 2069 14 14 a

1299 2086 72 23 rental
1388 2086 26 22 of
1427 2086 53 28 only
1494 2086 35 23 £4
1544 2094 41 20 per
1599 2095 61 19 year.
1689 2086 44 21 For
1745 2086 85 23 further
1839 2095 50 19 par-

1299 2113 97 27 ticulars,
1407 2113 67 28 Bpply
1484 2116 22 20 to
1516 2114 45 22 Mr.
1571 2114 107 28 Heaphy,
1689 2119 28 16 on
1728 2113 38 22 the
1776 2115 112 27 premises.

1561 2148 63 27 Also,

1298 2182 21 21 A
1329 2182 99 22 LEASE
1442 2182 40 22 OF
1496 2182 89 22 LAND
1600 2182 68 23 AND
1683 2182 156 23 BUILDING
1854 2184 34 21 IN

1406 2211 14 5 -
1468 2209 111 22 WILLIS
1595 2208 124 23 STREET.

1297 2241 47 23 The
1354 2243 99 22 erection
1461 2243 20 21 is
1491 2250 14 15 a
1514 2243 133 22 substantial
1657 2243 182 28 wooden-house,
1849 2243 39 22 the

1296 2273 51 18 rent
1366 2277 54 20 very
1436 2270 123 22 moderate.
1588 2271 44 21 For
1647 2269 88 23 further
1749 2271 137 27 particulars,

1298 2297 66 27 apply
1380 2297 67 22 toMr.
1458 2297 96 28 Branks,
1565 2305 30 14 on
1606 2297 38 22 the
1653 2297 116 28 premises.

1323 2330 79 22 Terms
1410 2331 86 28 liberal,
1504 2332 24 21 in
1538 2332 75 21 future
1622 2331 182 23 advertisement.

1298 2384 160 49 MESSRS.
1474 2384 111 22 WILLIS
1599 2384 45 22 and
1654 2384 54 26 CO.,
1719 2384 59 21 have
1794 2392 29 14 on
1841 2384 45 22 sale

1371 2419 30 15 ex
1412 2413 62 27 Tyne,
1486 2412 37 22 the
1533 2412 121 27 following-
1658 2411 71 28 goods
1740 2414 23 18 at
1773 2412 114 22 moderate

1295 2438 79 27 prices.

1322 2465 127 23 Newcastle
1460 2465 67 28 coals,

1322 2492 65 22 Ditto
1396 2493 149 28 grindstones,
1555 2493 59 22 from
1624 2494 9 20 1
1647 2493 48 22 foot
1705 2495 22 18 to
1738 2493 26 25 4£
1778 2492 51 27 feet,

1321 2519 46 22 Bar
1376 2520 46 22 and
1430 2520 49 22 bolt
1488 2521 57 27 iron,

1321 2546 66 28 Rope
1396 2547 26 22 of
1432 2547 89 23 various
1531 2548 64 27 sizes,

1320 2573 107 23 Anchors
1433 2574 59 22 from
1501 2576 13 20 8
1525 2579 49 18 cwt.
1585 2578 23 18 to
1618 2576 11 20 1
1641 2576 50 20 cwt.
1702 2573 45 21 and
1754 2573 78 27 under,

1321 2600 73 23 Chain
1404 2601 73 22 cables
1486 2601 58 23 from
1555 2603 11 24 J
1575 2601 55 23 inch
1640 2605 23 19 to
1674 2602 10 20 1
1695 2599 53 23 inch
1759 2600 72 27 chain,

1321 2627 95 23 Geneva
1425 2629 24 21 in
1456 2628 51 22 half
1512 2629 70 28 pipes,

1320 2654 65 23 Ditto
1393 2655 25 22 in
1428 2663 65 15 cases.
1500 2657 15 20 4
1523 2655 72 28 galls.,

1282 2688 3 4 '
1320 2681 60 23 Rum
1390 2682 24 22 in
1425 2682 132 28 hogsheads,

1320 2709 84 28 Sherry
1413 2709 23 22 in
1445 2709 78 28 bottle,

1320 2736 96 27 Spanish
1425 2737 59 21 wine
1491 2737 24 21 in
1524 2736 64 28 pipes
1599 2736 45 23 and
1652 2734 134 28 hogsheads,

1320 2763 44 22 Ale
1373 2763 24 22 in
1406 2763 78 28 bottle,

1319 2790 70 22 Table
1398 2790 80 22 raisins
1487 2789 24 23 in
1520 2790 59 22 281b.
1590 2798 69 18 cases,

1306 2836 4 2 .
1319 2817 105 27 Pudding
1432 2817 80 23 raisins
1521 2817 24 22 in
1552 2817 70 25 28lbs.
1633 2816 46 24 and
1687 2816 69 22 56lbs.
1768 2824 67 19 cases,

1319 2844 109 22 Carotells
1438 2845 27 21 of
1475 2848 109 23 currants,

1319 2871 85 22 Biscuit
1412 2871 22 22 in
1444 2871 93 28 barrels,

1301 2909 7 5 -
1317 2898 78 22 Dutch
1404 2898 87 27 cheese,

1318 2925 75 22 Prime
1404 2925 66 22 India
1479 2925 45 22 and
1534 2933 59 14 mess
1602 2925 58 27 beef,

1317 2952 139 28 Tongues|!n
1465 2953 54 27 kegs
1530 2953 44 22 and
1585 2954 19 24 i,
1609 2951 91 28 barrels,

1317 2979 97 22 Linseed
1425 2980 28 21 oil
1462 2980 26 21 in
1496 2980 65 22 casks
1568 2980 38 26 (50
1614 2979 83 28 galls.,)

1317 3007 64 22 Ditto
1462 3007 25 21 in
1498 3014 54 15 cans
1563 3007 22 26 (5
1595 3006 82 28 galls.,)

1316 3034 140 28 Turpentine
1465 3033 23 22 in
1499 3041 53 14 cans
1564 3034 21 26 (5
1595 3034 83 27 galls.,-)
1844 3053 2 8 ,

1316 3061 58 27 Soap
1383 3060 24 23 in
1416 3060 78 27 281b5,,
1504 3060 77 28 561b5.,
1593 3060 46 23 and
1648 3059 82 23 112lbs.
1740 3059 76 28 boxes,

1316 3087 76 23 White
1402 3088 64 28 paint
1474 3088 85 26 initins,
1569 3088 70 22 281bs.
1649 3086 46 23 and
1704 3087 78 25 561b5.,

1317 3114 77 23 Green
1404 3115 63 28 paint
1475 3114 25 23 in
1508 3114 62 28 kegs,

1316 3142 69 22 Sheet
1393 3142 58 27 lead,

1315 3169 75 22 Boxes
1400 3168 26 23 of
1435 3168 59 28 glass
1505 3168 26 22 of
1540 3168 66 27 sizes,

1316 3195 62 23 Flint
1387 3196 94 27 glajssin'
1488 3195 111 28 packages
1608 3194 107 27 assorted,

1317 3222 140 23 Lambswool
1466 3222 96 28 hosiery,
1572 3222 76 26 white,
1657 3221 60 27 blue,
1729 3221 46 22 and
1784 3228 60 20 grey,

1317 3250 77 22 White
1394 3257 3 4 1
1403 3249 104 27 flannels,
1516 3251 28 20 29
1554 3249 61 27 inch,
1620 3250 31 23 ,3l
1662 3248 61 26 inch,

1308 3277 143 27 /Stationery,
1462 3276 88 27 ledgers
1561 3276 81 23 double
1652 3274 46 23 and
1708 3274 80 28 single,

1315 3304 58 22 Fine
1392 3304 101 28 printing
1510 3304 73 27 demy,
1601 3306 57 25 post,
1668 3301 115 28 'foolscap,
1800 3301 78 23 white-

1288 3337 48 21 cap,
1347 3330 46 23 and
1402 3330 103 28 imperial
1511 3330 86 27 brown,

1316 3357 82 23 School
1408 3357 66 28 quills
1483 3357 46 22 and
1538 3357 70 22 office:
1613 3356 73 28 quills;

1315 3384 71 28 BJack
1396 3384 51 23 lead
1456 3384 93 28 pencils,
1565 3384 41 23 red
1621 3384 47 26 ink,
1688 3382 65 23 office
1771 3382 45 28 ink,
1834 3383 44 22 and

1286 3410 53 25 blue
1350 3412 64 27 fluid,

1315 3438 89 23 Pickles
1413 3439 22 21 in
1445 3438 62 27 pints
1517 3438 108 26 assorted,

1317 3465 103 23 Alustard
1430 3465 43 25 Jib.
1484 3465 45 22 and
1539 3466 10 20 1
1561 3465 31 22 lb.
1602 3464 91 26 bottles,

1314 3492 117 28 Congreve
1441 3491 160 23 candle-sticks
1609 3491 46 22 and
1664 3490 110 23 matches.

1410 3546 39 20 To
1466 3544 133 26 Captains
1618 3544 36 23 of,
1663 3543 88 27 Ships.
1758 3558 4 4 ■

1287 3578 91 50 THE
1393 3575 229 25 UNDERSIGNED
1632 3577 59 22 have
1703 3584 13 14 a
1724 3576 62 23 fresh
1796 3577 80 28 supply

1361 3605 27 22 of
1412 3605 128 26 vegetables
1552 3603 148 28 'constantly,
1716 3610 30 15 on
1769 3604 60 22 hand
1853 3608 29 21 at,

1284 3632 132 23 reasonable
1427 3633 79 27 prices.
1657 3649 3 4 .
1826 3636 3 9 '

1601 3658 31 22 H.
1642 3658 104 27 Taylor,
1756 3657 45 23 and
1810 3658 39 22 Co.

1311 3693 159 26 Willis-street,
1482 3692 128 23 December
1620 3694 34 26 16,
1664 3692 60 22 1841.
1860 3703 13 22 >_

1284 3738 172 50 BARRELS
1475 3738 49 22 coal
1541 3741 40 24 tar,
1594 3737 45 23 and
1653 3739 80 26 patent
1745 3737 132 21 anti-corro-

1334 3773 4 6 1
1347 3765 48 23 sive
1404 3765 63 28 paint
1475 3765 24 22 in
1510 3765 71 27 casks,
1593 3772 30 15 on
1633 3765 46 21 sale
1689 3767 25 18 at
1720 3763 39 22 the
1770 3764 73 22 Stores
1853 3762 26 24 of

1660 3797 75 23 Levin
1750 3796 44 23 and
1809 3798 39 21 Co.

1310 3826 128 22 December
1447 3826 35 27 17,
1493 3827 61 21 1841.

1283 3870 163 50 BARLEY,
1464 3871 46 22 and
1521 3870 80 29 barley
1611 3870 45 22 and
1671 3869 76 22 wheat
1762 3872 64 20 straw
1841 3870 35 22 for

1360 3898 54 22 sale.

1675 3923 77 23 James
1767 3923 79 23 Watt.

1310 3958 151 29 Berhampore
1474 3959 73 26 Farm,
1560 3959 50 22 Oct.
1621 3960 34 24 28,
1667 3959 61 21 1841.

2086 706 170 28 Wellington
2269 709 76 21 Club.

1939 737 56 25 AT
2024 738 32 24 A,
2074 738 146 23 MEETING
2247 741 39 21 OF
2315 742 194 24 GENTLEMEN

1923 763 51 22 X\.
2001 764 122 23 interested
2131 766 26 21 in
2173 766 39 22 the
2221 767 118 23 formation
2350 769 27 21 of
2389 769 52 23 tliis'
2448 770 59 27 club,

1925 790 27 21 G.
1964 790 22 21 S.
1994 790 83 28 Evans,
2089 792 60 28 Esq.,
2161 792 92 29 D.C.L.,
2262 795 24 21 in
2296 795 39 21 the
2345 795 66 23 chair.

1950 823 23 21 It
1991 823 85 28 having
2089 825 59 22 been
2158 827 117 26 suggested
2288 827 48 22 that
2352 832 62 24 great
2425 830 85 27 advan,-
2516 847 5 4 .

1923 852 62 25 tages
2004 855 23 17 to
2051 851 44 22 this
2113 852 100 27 Colony,
2218 854 73 21 would
2313 855 69 22 result
2398 856 57 22 from
2470 856 40 23 the
2520 863 2 5 '

1924 877 168 23 establishment
2100 879 27 21 of
2133 886 14 14 a
2156 879 51 22 club
2216 879 72 23 which
2295 881 79 27 -might
2386 887 105 23 promote,
2496 891 14 14 a

1922 903 63 26 spirit
1997 905 25 21 of
2029 905 67 21 social
2105 905 136 23 intercourse
2251 914 83 21 among
2344 908 36 22 the
2390 909 118 27 Colonists,

1922 930 45 21 and
1984 931 71 21 afford
2069 939 14 14 a
2096 939 79 15 means
2192 933 26 21 of
2225 933 105 28 .shewing
2344 935 127 28 hospitality
2486 941 24 17 to

1922 960 111 24 strangers
2043 966 5 19 ;
2073 958 48 22 that
2144 959 64 22 these
2229 960 137 27 advantages
2388 962 70 27 might
2480 964 30 21 be

1922 984 100 27 secured,
2031 985 25 21 in
2070 985 37 22 the
2124 985 48 22 first
2178 984 4 5 '
2188 986 107 29 instance,
2308 988 91 22 without
2415 990 37 21 the
2469 997 40 14 ne-

1922 1011 80 26 cessity
2013 1011 26 21 of
2044 1012 115 27 requiring
2167 1013 58 21 from
2239 1013 38 22 the
2287 1015 110 22 members
2406 1016 37 21 the
2455 1024 54 19 puv-

1921 1041 63 17 ment
1993 1037 26 21 of
2032 1046 45 19 any
2091 1041 36 19 fee
2140 1046 62 20 upon
2217 1044 111 24 entrance,
2341 1042 44 21 and
2395 1042 47 22 that
2457 1043 53 22 with

1921 1063 43 21 this
1973 1065 54 21 view
2038 1065 38 22 the
2086 1065 84 28 objects
2180 1066 27 22 of
2213 1066 36 22 the
2260 1067 50 22 club
2320 1068 79 23 should
2407 1069 29 22 be'
2441 1070 70 21 limit-

1921 1089 34 28 ed,
1966 1091 37 21 for
2015 1091 38 22 the
2062 1096 96 23 present,
2170 1096 23 18 to
2203 1100 13 14 a
2232 1094 85 28 weekly
2326 1095 80 22 dinner
2415 1099 22 18 at
2447 1103 63 16 some

1922 1118 137 22 convenient
2067 1119 71 27 place.

1921 1177 7 5 %
1934 1154 6 22 I
1949 1150 23 23 It
1978 1159 45 14 was
2033 1153 161 27 unanimously
2203 1154 108 28 resolved,
2321 1155 50 22 that
2379 1155 36 23 the
2424 1156 86 24 follow-

1920 1177 39 28 ing
1968 1178 137 28 regulations
2114 1180 28 21 be
2154 1180 94 28 adopted
2262 1181 170 30 provisionally.-
2443 1191 5 3 -
2468 1189 2 3 '

1948 1213 20 20 1.
1983 1212 60 22 That
2059 1221 14 14 a
2089 1213 51 23 club
2157 1214 28 22 be
2202 1214 92 28 formed,
2314 1219 22 18 to
2349 1216 28 22 be
2390 1216 71 23 called
2472 1217 37 22 the

1921 1237 140 29 Wellington
2072 1240 63 22 Club.

1947 1267 21 20 2.
1983 1266 59 22 That
2051 1267 38 21 the
2103 1267 58 22 Club
2171 1267 29 22 do
2216 1269 89 26 consist,
2321 1269 25 22 in
2363 1269 36 23 the
2416 1270 48 23 first
2474 1271 35 22 in-

1921 1294 84 26 stance,
2016 1294 27 21 of
2056 1293 37 22 the
2107 1295 27 21 25
2149 1295 130 26 gentlemen
2293 1295 75 23 whose
2382 1305 76 14 names
2472 1305 37 15 are

1921 1318 78 23 hereto
2009 1321 85 26 signed.

1947 1347 22 21 3.
1984 1347 60 22 That
2065 1354 45 20 any
2124 1355 82 20 person
2225 1348 99 23 desirous
2344 1350 27 21 of
2383 1350 68 28 being
2469 1352 40 21 ad-

1921 1373 79 22 mitted
2007 1381 13 14 a
2029 1375 102 21 member
2139 1375 28 21 of
2172 1374 39 22 the
2225 1375 62 27 Club,
2298 1376 58 22 shall
2364 1377 27 22 be
2400 1379 110 27 proposed

1921 1400 29 27 by
1960 1408 14 14 a
1983 1401 101 22 member
2093 1404 23 19 at
2125 1409 44 14 one
2178 1402 28 21 of
2211 1401 35 22 the
2258 1403 87 27 weekly
2357 1404 103 27 dinners,.
2464 1406 45 22 and
2514 1413 4 3 •

1921 1426 56 22 shall
1985 1427 28 22 be
2020 1427 97 22 balloted
2123 1429 36 21 for
2166 1432 23 17 at
2196 1428 36 22 the
2239 1433 61 23 next,
2309 1432 72 26 when,
2389 1431 20 22 if
2415 1431 94 29 elected,

1920 1453 29 22 he
1959 1462 53 19 may
2022 1455 95 29 tukejiis
2126 1458 48 19 seat
2174 1467 28 3 —
2203 1463 40 14 one
2251 1456 67 22 black
2326 1457 47 22 ball
2387 1458 23 22 in
2420 1458 35 23 six
2466 1460 44 26 (tor

1921 1481 37 21 the
1969 1480 103 29 present)'
2077 1485 21 18 to
2109 1482 103 22 exclude.

1945 1509 22 20 4.
1982 1508 60 22 That
2051 1509 38 21 the
2098 1509 113 22 members
2220 1509 24 22 of
2251 1509 38 22 the
2304 1510 56 23 Club
2371 1511 27 22 do
2413 1512 52 23 dine
2475 1516 34 19 to-

1919 1534 78 27 gether
2007 1542 29 15 on
2046 1535 118 28 Thursday
2172 1536 25 22 in
2213 1544 66 20 every
2289 1538 69 27 week,
2370 1542 22 18 at
2400 1538 37 23 the
2450 1539 60 23 hour

1911 1577 3 6 ,
1921 1561 25 21 of
1952 1562 41 27 six,
2006 1566 22 17 at
2038 1562 37 21 the
2082 1563 113 22 Southern
2205 1564 71 26 Cross,
2288 1564 158 23 orsuch'other
2455 1574 54 14 con-

1919 1589 93 21 venient
2023 1589 63 27 place
2096 1597 23 14 as
2129 1597 53 20 may
2192 1590 28 22 be
2229 1591 122 27 appointed
2360 1592 30 28 by
2398 1592 38 23 the
2447 1601 60 17 com-

1919 1615 85 22 mittee.

1945 1643 21 21 5.
1983 1643 59 21 That
2050 1643 38 22 the
2097 1643 63 22 chair
2168 1644 29 21 be
2208 1643 65 22 taken
2284 1647 23 18 at
2316 1645 55 22 such
2380 1646 89 23 dinners
2477 1647 31 28 Ly

1920 1669 55 22 each
1984 1670 100 21 member
2094 1670 22 21 in
2127 1670 105 27 rotation,
2239 1670 45 23 and
2293 1671 50 22 that
2349 1672 36 23 the
2393 1673 113 23 chairman

1921 1696 27 21 do
1959 1696 63 22 leave
2033 1697 37 21 the
2080 1697 60 22 chair
2150 1701 23 18 at
2183 1698 173 23 eleveno'clock.

1946 1724 21 21 6.
1982 1724 60 21 That
2048 1731 29 14 no
2088 1724 63 22 cards
2161 1725 28 21 be
2198 1724 132 23 introduced
2339 1726 58 22 until
2406 1727 57 22 after
2470 1728 38 22 the

1921 1749 115 24 chairman
2052 1750 40 22 has
2109 1751 95 22 vacated
2218 1752 37 21 the
2271 1752 67 27 chair,
2355 1754 44 21 and
2413 1754 48 22 that
2477 1762 31 15 no

1919 1784 66 19 game
2001 1777 26 22 of
2043 1785 54 19 pure
2114 1778 86 22 chance
2216 1778 28 22 be
2262 1778 95 23 allowed
2376 1780 70 23 under
2462 1789 46 21 any

1921 1803 178 23 circumstances.

1946 1831 20 22 7.
1982 1830 59 23 That
2058 1831 38 22 the
2115 1835 160 24 management
2293 1832 26 22 of
2331 1833 39 22 the
2388 1834 74 23 affairs
2479 1836 28 21 be

1919 1858 77 22 vested
2015 1858 24 22 in
2060 1865 13 15 a
2091 1859 129 22 committee
2236 1860 26 21 af
2273 1859 50 28 five,
2331 1878 3 6 ,
2340 1864 24 19 to
2378 1861 28 22 be
2422 1862 87 22 elected

1919 1884 108 28 annually
2037 1893 29 14 on
2081 1886 37 21 the
2129 1886 47 21 first
2186 1886 43 27 day
2239 1886 26 22 of
2275 1886 125 24 December
2406 1888 24 23 in
2440 1897 68 20 every

1918 1918 61 20 year,
1991 1912 45 21 and
2046 1912 48 22 that
2102 1912 98 33 the^first
2209 1914 126 22 committee
2350 1914 29 22 do
2393 1917 82 21 consist
2485 1917 26 21 of

1919 1938 38 22 the
1980 1938 115 28 following
2116 1940 136 27 gentlemen,
2253 1952 30 4 —
2284 1941 40 22 Dr,
2344 1942 81 28 Evans,
2449 1943 58 23 J.P..

1919 1964 44 23 Mr.
1982 1966 102 27 Hanson,
2102 1966 61 27 C.P.,
2178 1968 45 21 Mr.
2238 1968 116 26 Chetham,
2366 1968 56 28 J.P.,
2433 1970 76 28 Major

1919 1992 77 28 Durie,
2016 1993 46 22 and
2080 1994 45 21 Mr.
2141 1994 77 27 Waitt,
2237 1994 51 22 who
2306 1995 57 22 shall
2379 1998 86 20 remain
2482 1998 25 21 in

1919 2019 64 22 office
1992 2020 59 22 until
2058 2020 37 22 the
2104 2020 49 22 first
2163 2022 26 21 of
2196 2022 130 27 December,
2338 2024 60 21 1842.
2410 2037 9 5 -
2438 2037 4 4 •
2482 2033 11 16 ;.

1945 2048 21 20 8.
1981 2047 60 22 That
2055 2055 43 19 any
2110 2048 102 22 member
2226 2048 98 23 desirous
2339 2050 26 21 of
2378 2050 66 28 being
2458 2058 50 20 pre-

1919 2077 51 16 sent
1986 2078 23 16 at
2023 2081 45 19 any
2078 2074 26 21 of
2117 2074 39 22 the
2172 2075 86 27 weekly
2273 2075 98 28 dinners,
2386 2075 56 23 shall
2448 2078 59 26 -give

1919 2099 75 22 notice
2004 2100 25 21 of
2036 2100 37 22 the
2082 2108 62 15 same
2154 2105 22 18 at
2186 2101 39 22 the
2232 2102 63 27 place
2306 2102 25 22 of
2345 2103 77 27 dining
2430 2104 77 22 before

1920 2128 25 19 12
1954 2127 87 22 o'clock
2051 2135 28 14 on
2089 2128 38 22 the
2136 2136 63 14 same
2209 2128 49 28 day.

1945 2155 21 20 9.
1991 2154 59 22 That
2077 2162 44 20 any
2151 2156 99 21 member
2272 2163 53 21 may
2348 2156 116 24 introduce
2493 2166 14 14 a

1919 2183 102 25 stranger
2032 2183 49 25 (not
2096 2182 70 28 being
2178 2189 15 15 a
2209 2182 99 24 resident
2320 2184 25 21 in
2360 2184 37 22 the
2410 2185 95 28 Colony)

1920 2215 60 19 upon
1990 2208 77 28 giving
2077 2217 13 14 a
2098 2209 46 22 like

1947 2237 33 20 10.
1995 2236 60 21 That
2070 2243 66 21 every
2151 2238 100 21 member
2265 2237 54 22 hold
2335 2237 92 23 himself
2432 2239 75 22 .liable

1919 2261 33 22 for
1961 2262 39 22 the
2009 2267 106 23 payment
2126 2264 26 21 of
2158 2271 13 14 a
2180 2271 49 15 sum
2244 2264 28 22 of.
2282 2264 40 28 £5,
2336 2265 119 23 whenever
2470 2267 38 21 the

1918 2296 60 15 same
1997 2290 58 21 shall
2073 2290 27 21 be
2121 2290 73 22 called
2212 2292 33 21 for
2263 2292 30 27 by
2310 2292 37 21 the
2366 2293 103 28 majority
2485 2294 27 22 of

1917 2316 112 22 members
2037 2320 91 24 present
2133 2321 23 17 at
2163 2325 13 13 a
2183 2318 91 26 general
2281 2319 100 28 meeting
2388 2321 119 28 especially

1917 2344 117 21 convened
2044 2344 35 22 for
2088 2344 48 22 that
2146 2351 102 21 purpose.
2260 2347 2 4 '

2177 2371 29 23 E.
2221 2373 122 27 Chetham,

2262 2408 113 26 Secretary
2380 2414 39 20 pro
2429 2411 48 20 tern.

2140 2467 141 16 COMMITTEE.

1945 2494 89 28 George
2044 2495 89 21 Samuel
2150 2495 82 27 Evans,
2244 2495 61 27 Esq.,
2317 2496 90 26 D.C.L.,
2418 2498 56 24 J.P.,

1944 2521 28 22 R.
1983 2522 29 21 D.
2025 2522 101 27 Hanson,
2138 2522 63 27 Esq.,
2213 2523 57 26 C.P.,

1943 2549 98 21 Edward
2050 2549 117 26 Chetham,
2177 2550 61 27 Esq.,
2250 2550 59 27 J.P,,
2467 2564 3 6 ,

1921 2575 51 23 •D.
1985 2576 21 22 S.
2018 2576 77 27 Durie,
2105 2576 63 27 Esq.,
2328 2596 4 3 .
2368 2594 3 4 .

1943 2603 87 22 Robert
2040 2603 75 27 Waitt,
2127 2603 53 28 Esq.

2023 2664 76 15 NAMES
2114 2665 28 14 OF
2157 2665 110 16 ORIGINAL
2283 2666 115 16 MEMBERS.

1915 2690 56 23 Geo.
1982 2691 91 22 Samuel
2085 2692 83 27 Evans,
2226 2692 79 22 Alfred
2316 2694 116 26 Chetham,

1914 2718 91 23 Robert.
2009 2718 76 26 Waitt,
2225 2720 25 22 T.
2260 2720 28 22 B.
2299 2720 69 29 Hine,

1903 2744 4 5 '
1914 2745 97 21 Edward
2023 2745 117 28 Chetham,
2226 2746 24 22 C.
2261 2747 27 22 E.
2298 2747 29 23 V.
2340 2748 99 29 Alzdorf,

1915 2772 63 22 Isaac
1989 2772 116 28 Ridgway,
2224 2773 97 24 William
2330 2775 145 26 Fitzherbert,

1913 2798 29 22 D.
1953 2800 23 20 S.
1987 2800 78 26 Durie,
2225 2801 21 22 J.
2258 2801 33 22 M.
2303 2803 85 27 Stokes,

1913 2826 82 27 Henry
2004 2826 89 28 Taylor,
2226 2828 27 22 G.
2263 2829 63 22 Blair
2336 2829 85 29 Virtue,

1913 2852 29 23 N.
1953 2853 79 27 Levin,
2134 2872 4 3 .
2227 2855 27 22 R.
2265 2856 86 27 Stokes,

1912 2880 28 22 R.
1950 2880 85 28 Dayies
2044 2880 103 28 Hanson,
2227 2882 29 22 K.
2265 2883 111 27 Bethune,

1914 2907 95 23 Edward
2019 2908 110 28 Johnson,
2192 2925 3 3 .
2227 2910 22 22 C.
2260 2910 35 22 M.
2305 2908 86 31 Penny,
2402 2923 3 6 ■

1913 2934 88 27 George
2011 2935 86 27 Moore,
2224 2937 76 22 James
2312 2937 67 28 Watt,

1912 2961 22 22 S.
1946 2962 107 27 Mocatta,
2147 2970 6 4 -
2224 2963 23 23 F.
2256 2965 30 21 A.
2295 2964 153 27 Molesworth,

1912 2988 86 22 Walter
2009 2989 102 28 Mantell,
2225 2991 24 21 P.
2261 2991 30 22 D.
2302 2991 75 26 Hogg,
2417 3003 6 7 v

1910 3015 27 22 T.
1947 3016 35 22 M.
1990 3016 121 28 Partridge,

1938 3049 146 29 Wellington,
2096 3050 127 23 December
2232 3053 33 26 16,
2277 3054 62 20 1841.

1914 3087 164 34 QTORAGE
2092 3088 40 23 TO
2147 3089 40 22 BE
2203 3089 76 28 HAD,
2295 3092 69 27 apply
2373 3095 23 19 to

1912 3111 33 26 O
2276 3117 27 22 T.
2314 3118 34 22 M.
2359 3118 144 24 Partridge.

1937 3141 32 22 Te
1980 3142 47 22 Aro
2037 3142 84 23 Beach.

2153 3188 107 27 Bricks,

1912 3221 88 48 FOR
2016 3222 83 27 SALE,
2112 3225 23 19 at
2150 3224 47 21 60s.
2215 3231 38 20 per
2270 3224 120 24 thousand.
2424 3227 78 29 Apply

1970 3252 23 17 to
2011 3248 21 22 J.
2051 3249 93 27 Pimble,
2156 3253 23 19 at
2192 3250 38 23 the
2247 3252 171 28 Sydney-street
2432 3254 70 22 Brick

1910 3275 45 22 and
1964 3275 49 22 Tile
2030 3276 87 27 Works,
2129 3280 24 18 at
2162 3277 39 22 the
2216 3285 50 15 rear
2276 3280 26 21 of
2314 3280 92 22 Colonel
2421 3281 81 22 Wake-

2100 3303 73 23 field's
2187 3305 123 23 residence.
2403 3310 3 10 '
2406 3309 3 5 l

1976 3336 107 22 Terms—
2084 3333 52 26 casli
2147 3345 29 15 on
2188 3338 100 29 delivery
2297 3343 24 18 at
2330 3341 39 22 the
2378 3342 55 22 kiln.

2154 3383 104 22 Bricks.

1910 3415 142 50 BRICKS
2063 3424 28 14 on
2102 3417 46 22 sale
2157 3415 31 30 by
2198 3416 43 24 tlie'
2245 3419 158 28 undersigned,
2418 3425 25 19 at
2455 3424 45 21 60s.

1986 3451 40 20 per
2037 3445 61 22 1000.
2212 3441 3 7 '
2397 3438 6 11 '

1937 3477 79 23 Terms
2017 3489 28 5 —
2047 3478 56 23 Cash
2112 3486 31 15 on
2154 3479 99 29 delivery
2263 3484 24 19 at
2295 3482 39 22 the
2343 3482 55 23 kiln.

2319 3516 32 22 A.
2368 3516 104 23 LUDLAM.

1937 3538 158 29 Williy-street,
2104 3539 55 23 29th
2169 3541 105 22 October.

1964 3584 45 26 To.
2016 3585 84 20 Stand
2115 3586 30 20 to
2160 3586 86 22 Cover
2260 3588 56 21 this
2333 3588 110 26 Season,

2072 3619 31 20 At
2112 3619 144 28 Berhampore
2263 3622 73 26 Farm,

1908 3651 59 23 That
1976 3652 51 23 well
2036 3652 83 23 known
2128 3653 68 23 horse
2205 3655 88 28 Figaro,
2309 3655 39 22 the
2361 3659 105 25 property
2476 3657 26 21 of

2092 3680 78 23 James
2180 3682 67 27 Watt,
2259 3682 54 28 Esq.

1910 3713 147 22 THIGARO
2067 3721 44 15 was
2121 3715 77 22 foaled
2206 3715 24 22 in
2241 3715 125 22 December
2383 3716 60 28 1837,
2461 3720 40 24 got

1909 3737 29 25 X
1980 3740 33 27 by
2022 3741 117 28 Operator,
2151 3742 53 21 dam
2214 3742 116 27 Adelaide,
2342 3743 31 27 by
2379 3743 119 24 Theorum.

1936 3767 110 28 Operator
2055 3775 43 14 was
2108 3768 75 22 foaled
2193 3769 23 21 in
2228 3770 60 26 1832,
2298 3773 40 23 got
2351 3770 31 26 by
2397 3770 101 29 Emilius,

1907 3793 52 23 dam
1970 3794 123 22 Worthless
2101 3796 32 26 by
2142 3795 99 28 Walton,
2252 3799 41 18 out
2302 3796 26 22 of
2342 3796 118 23 Altisidora
2470 3798 30 28 by

1907 3821 60 21 Dick
1976 3821 119 22 Andrews.

1934 3848 75 28 Every
2019 3849 110 22 attention
2139 3849 83 22 willbe
2230 3849 58 28 paid'
2293 3852 24 19 to
2330 3857 73 16 mares
2416 3854 51 19 sent
2476 3854 24 20 to

1906 3873 55 23 him.

1934 3902 98 27 Charges
2051 3902 35 23 for
2104 3902 57 22 each
2177 3910 69 20 mare,
2266 3903 53 22 with
2338 3911 14 14 a
2371 3908 128 23 guarantee,

1907 3936 67 15 seven
1985 3930 104 26 guineas;
2106 3930 94 22 without
2209 3934 127 24 guarantee,
2349 3931 42 22 five
2397 3933 105 29 guineas,

1907 3956 126 27 Groomage
2044 3956 112 23 included.

99 701 148 24 Auckland
261 701 55 21 and
329 700 172 26 Wellington
519 700 111 21 Packet.

78 726 101 41 j^fel
230 733 92 23 nnHE
331 733 122 22 Auckland
469 734 45 22 and
521 733 137 27 Wellington

103 759 99 28 JIHKL
237 755 30 27 J-
303 761 86 22 Packet
403 762 148 20 Abercrombie
565 760 44 23 will
624 767 34 14 re-

297 788 79 22 within
393 795 69 15 seven
477 788 55 28 days
547 788 57 22 after
618 786 41 23 her

68 810 158 38 2iMHb
229 822 25 16 ar
273 822 28 15 v&
301 814 9 22 l
317 819 24 18 at
348 815 51 22 tbat
407 818 63 25 port;
484 815 46 22 and
539 814 44 23 will
592 814 66 27 again

267 841 136 28 despatched
410 841 59 22 from
478 842 54 22 Port
535 841 123 22 Nicholson

228 869 79 22 within
313 876 69 15 seven
390 868 55 28 days
454 869 57 22 after
519 868 42 23 her
570 867 89 24 arrival.'

96 900 45 22 For
148 900 89 28 freight-
241 905 26 15 or
275 903 99 22 passage,
386 896 66 27 apply
461 899 24 19 to
581 919 11 13 y

188 954 3 4 ,
228 929 11 23 '.
268 929 3 6 '
274 954 6 6 t
308 931 82 27 .Hort,
400 930 121 27 Mocatta,
537 929 45 23 and
592 928 38 22 Co.

179 984 60 21 Tor.
248 983 112 21 Akaroa
375 982 55 21 and
444 982 99 26 Otago,

110 1013 87 29 OKflSi.
241 1016 91 38 npHU
346 1020 46 22 fine
408 1020 109 22 schooner
535 1020 61 21 Anne
612 1019 45 22 will

100 1042 133 39 •fiSSSsS^,
252 1049 25 19 •*•
313 1047 29 21 be
350 1044 49 24 laid
413 1055 30 13 on
459 1046 36 22 for
503 1046 92 22 Akaroa
612 1046 44 22 and

68 1081 4 3 ~
96 1069 128 31 fJrT^lg
288 1074 80 27 Otago,
379 1074 46 21 and
433 1073 145 25 intervening
585 1076 69 24 ports,

256 1100 21 22 *f
289 1100 83 27 freight
381 1101 73 22 offers.
482 1100 45 22 For
535 1099 83 28 freight
631 1107 25 14 or

58 1146 5 6 ■
73 1122 164 33 W&S&Smm
255 1134 99 21 passage,
372 1128 68 29 apply
449 1130 24 19 to
490 1126 93 28 Captain
595 1126 59 27 Joss,

57 1160 36 16 .or
101 1158 24 18 to
143 1166 6 3 -

313 1197 8 3 -
349 1180 46 22 Mr.
410 1180 24 22 C.
449 1179 36 22 W.
501 1179 126 22 Schultze.

66 1207 148 28 Wellington,
225 1208 67 21 Deer.
303 1208 34 25 10,
348 1208 62 21 1841.

81 1249 3 3 '
112 1261 22 4 •-
143 1261 5 4 -
220 1262 4 3 -
235 1255 3 7 '
289 1253 55 20 For
355 1251 73 26 Sale,

74 1288 109 36 •*<<yj*g.
219 1290 91 34 npHE
335 1291 46 21 fine
409 1291 44 23 fast
480 1291 82 27 sailing
583 1293 73 20 cutter

89 1313 115 34 jBSBsk
230 1324 25 14 *■
307 1319 116 26 Pickwick,
452 1317 28 23 of
504 1318 149 26 Launceston,

264 1345 98 23 burthen
375 1345 69 22 about
452 1346 27 20 40
497 1347 58 20 tons.
582 1343 45 23 She
636 1344 18 22 is

56 1368 166 38 -WSBkSkE
235 1379 73 15 anew
314 1380 15 24 Y
330 1380 22 14 es
354 1372 39 31 ?el,
402 1371 52 23 sails
462 1371 50 28 fast,
524 1371 45 23 and
577 1371 18 22 is
605 1371 41 22 wel

219 1396 4 7 '
234 1399 72 22 found
320 1399 25 21 in
453 1398 45 23 and
510 1398 41 22 has
567 1406 14 14 a
595 1397 59 28 good

63 1425 72 24 cabin'
141 1425 36 23 for
184 1425 42 23 her
235 1426 52 22 size.
316 1425 77 29 Apply
403 1429 23 19 to

47 1461 3 3 ■
125 1449 2 5 '
425 1451 88 23 Willis
527 1451 47 23 and
586 1451 40 23 Co.

225 1498 39 20 To
274 1498 34 20 be
318 1498 51 21 Let
384 1503 31 15 or
425 1497 74 26 Sold,

66 1526 138 166 S.
236 1534 18 21 A
291 1533 179 23 BEAUTIFUL
486 1536 72 20 cutter
576 1533 77 28 rigged

193 1562 16 20 i*
219 1556 52 26 Jl\-
284 1560 54 22 boat
354 1561 27 21 of
395 1561 70 21 about
478 1561 35 21 six
529 1564 57 24 tons,
605 1561 52 22 half

193 1586 30 28 fit'
233 1587 92 27 decked,
332 1595 83 20 copper
418 1587 109 28 fastened,
532 1587 53 22 with
592 1588 59 27 sails,

193 1609 32 27 Br
232 1615 95 27 rigging,
337 1617 46 19 and
393 1613 132 29 everything
534 1614 117 29 complete.

193 1648 26 19 W
233 1641 45 22 She
286 1642 20 21 is
322 1641 50 22 well
381 1641 96 28 adapted
491 1641 36 22 for
543 1641 42 22 this
601 1641 51 22 liar-

193 1669 18 22 is
221 1668 86 29 worthy
315 1667 38 23 the
362 1668 112 22 attention
487 1667 26 22 of
522 1668 130 27 gentlemen

61 1697 71 27 going
143 1699 26 18 to
182 1696 38 21 the
235 1702 51 15 new
301 1695 129 22 settlement
445 1695 27 22 of
485 1694 95 25 Nelson.
607 1695 45 22 For

61 1723 140 28 particulars,
211 1722 69 28 apply
288 1724 23 20 to

442 1749 23 22 J.
479 1749 33 22 M.
522 1748 101 25 Taylor.

75 1798 4 5 ,
90 1777 99 27 Te,Arg,
200 1777 55 24 Dec.
264 1777 35 26 20,
308 1777 62 22 1841.

136 1836 11 7 
174 1838 4 4 .
216 1822 54 21 For
284 1822 109 26 Sydney
407 1822 96 26 direct,

171 1858 30 21 To
214 1857 41 19 sail
267 1857 23 19 in
303 1856 63 20 about
372 1856 104 26 fourteen
489 1857 59 26 days,

89 1889 75 31 Xm&L
188 1894 91 22 rriHE
292 1894 47 23 fine
353 1895 45 22 fast
409 1896 81 27 sailing
504 1896 85 28 barque
603 1897 48 20 Ma-

81 1920 107 29 flfrpfr,
198 1925 25 18 M.
261 1923 60 26 Hlda,
341 1922 94 29 Captain
458 1923 104 22 Roberts.
598 1923 54 22 This

65 1945 119 39 JKjfjsjm
256 1949 76 26 .vessel
340 1949 41 22 has
391 1952 59 19 most
459 1950 99 27 superior
565 1957 87 15 accom-

202 1975 125 23 modatiohs
345 1975 35 23 for
397 1984 139 20 passengers,
559 1977 20 22 is
602 1977 50 22 well

59 2001 79 28 found,
150 2002 46 22 and
208 2002 76 22 famed
293 2003 35 22 for
336 2003 99 27 making,
439 2004 68 27 quick
517 2004 62 28 trips.
607 2004 44 22 For

58 2028 86 27 freight
163 2036 27 15 or
204 2036 107 20 passage,,
319 2029 73 28 .apply
395 2033 49 22 _tp_
452 2029 39 23 the
503 2030 101 28 .Captain
616 2038 34 21 .on

57 2053 79 28 board,
148 2061 26 15 or
184 2058 21 18 to
548 2065 7 2 -
585 2056 5 4 *

381 2081 84 22 Waitt
479 2081 45 22 and
538 2081 84 23 Tyser.

88 2127 77 39 ■•gs&k
200 2131 112 35 f>IAPT.
333 2132 187 24 ROBERTSON
542 2133 44 23 will
608 2138 42 18 not

266 2159 29 21 be
313 2160 138 22 answerable
468 2160 35 22 for
521 2168 46 20 any
585 2161 64 23 debts

59 2182 139 29 vaSs9B9
226 2185 129 23 contracted
373 2186 31 29 by
422 2187 38 22 the
483 2194 59 16 crew
565 2188 27 22 of
610 2187 39 23 the

59 2213 65 25 Tyne.

86 2258 75 39 •^gSL
200 2262 186 24 /CAPTAIN
401 2264 157 28 SALMON,
574 2266 26 22 of
609 2266 39 22 the

59 2314 5 7 '
256 2291 124 27 Middlesex,
391 2291 46 22 will
446 2294 41 19 not
496 2292 54 22 hold
559 2292 93 24 himself

57 2314 139 34 tnEsP999
205 2318 139 27 responsible
353 2318 36 22 for
394 2325 46 21 any
447 2318 63 22 debts
517 2320 131 22 contracted

56 2343 32 28 by
97 2343 34 22 his
142 2351 64 15 crew.

57 2389 73 50 O~N
146 2389 86 27 SALE,
250 2396 30 17 ex
298 2391 60 26 Lucy
375 2391 90 27 Sharpe,
480 2391 101 26 Eleanor,
602 2392 45 22 and

134 2417 120 20 Middlesex
259 2424 6 14 :
266 2428 29 4 —

83 2450 58 22 Zinc
146 2451 28 21 in
184 2450 80 28 sheets,
275 2451 39 23 7ft.
324 2451 45 23 3in.
379 2452 32 27 by
420 2452 39 22 2ft.
470 2452 52 28 Bin.,

83 2478 64 22 Ditto
165 2478 108 22 diamond
290 2478 78 28 plates,
386 2481 39 19 cut
442 2479 47 22 and
505 2479 80 23 welted
601 2480 46 22 and

53 2505 71 32 ready,
132 2506 39 21 for
176 2505 95 27 roofing,
285 2505 95 23 without
393 2505 39 23 the
442 2506 112 29 necessity
563 2507 25 22 of
599 2515 48 15 em-

52 2532 95 27 ployiug
155 2539 35 15 an.
200 2532 90 27 artisan,

50 2577 3 3 .
83 2559 62 22 Zinc
149 2558 58 23 nails
212 2561 28 19 .to
249 2558 83 28 match,
499 2560 6 12 '

83 2586 110 22 Blankets
200 2589 143 24 super-stout,
353 2587 46 26 8-4,
409 2587 45 27 9-4,
465 2586 45 23 and
520 2588 57 27 10-4,

47 2629 2 5 ,
80 2613 87 26 Tilting
174 2613 35 21 for
214 2612 120 23 .bed-room
343 2612 75 29 floors,
428 2613 38 23 7-8
475 2617 23 19 to
507 2615 41 22 7-4
557 2615 76 29 width,

81 2639 66 23 Ditto
157 2646 60 21 rugs.
219 2639 64 27 ditto.

80 2667 66 22 Ditto
155 2666 68 23 horse
231 2666 70 22 cloths
300 2683 8 16 ;

47 2713 2 3 .
80 2694 150 23 Assortment'
233 2694 30 22 of
270 2693 121 23 children's
400 2694 45 22 and
454 2695 63 28 boys'
527 2695 72 29 shoes,

79 2720 100 23 Printed'
190 2720 46 24 and
252 2720 59 28 dyed
328 2721 131 28 moleskins,
476 2723 100 23 assorted
592 2726 51 26 pat-

50 2750 77 20 terns:,

80 2774 117 24 Coloured;
200 2774 74 27 lining
282 2774 80 28 linens,

78 2801 61 24 Irish
146 2801 82 27 linens,
239 2802 100 22 assorted
348 2801 111 30 qualities,

78 2828 44 22 Do.
132 2828 107 22 coloured
247 2828 47 23 and
301 2828 68 24 white
378 2829 69 28 drills,
459 2829 63 29 ditto,

76 2855 127 23 Embossed
212 2855 132 26 velveteens,
348 2855 38 23 for.
392 2857 98 24 couches
498 2864 29 19 or.
532 2857 80 28 chairs,

79 2881 60 23 Irish
147 2881 63 26 linen
219 2881 101 26 holland.

77 2909 78 28 Apply
172 2911 28 23 to,
207 2909 47 22 Mr.
269 2909 93 27 Pexny,,
373 2916 27 15 or
415 2913 24 19 at
454 2909 92 24 Messrs.
562 2911 36 23 W.
612 2911 28 24 B.

50 2935 101 24 Rhodes:
155 2937 47 21 and
212 2932 52 29 C.o's
275 2936 77 25 Store.,

247 2977 61 28 £20.
320 2980 126 25 Reward.

49 3014 175 28 nnHEjaboye
230 3014 87 25 reward
327 3014 83 32 willbe
418 3015 68 28 given
500 3015 23 23 to
533 3023 46 25 any
589 3024 53 21 per-

44 3038 44 27 .JL
111 3049 41 15 son
162 3049 26 15 or
196 3049 93 20 persons
298 3041 51 23 who
357 3049 54 21 may
418 3043 95 22 succeed
520 3043 26 23 in
554 3044 88 27 getting

47 3076 33 25 up
97 3068 39 23 the
153 3069 55 22 boat
224 3069 71 28 lately
311 3068 45 23 lost
370 3069 27 23 in
415 3068 44 24 this
475 3069 104 30 harbour,
594 3071 47 23 and

45 3095 86 23 known
144 3103 27 16 as
179 3095 39 23 the
230 3099 105 29 property
346 3096 26 22 of
381 3095 37 23 W.
428 3097 31 22 A.
469 3096 107 29 Wansey,
586 3098 53 29 Esq.

47 3123 49 23 The
111 3130 63 15 same
188 3126 23 19 to
225 3123 29 23 be
269 3123 114 23 delivered
400 3125 23 21 to
435 3124 38 22 W.
482 3123 90 30 Meech,
586 3125 55 23 boat

46 3149 97 28 builder,
153 3149 158 28 Wellington.'

49 3194 266 50 GMOUNSHER,.
324 3194 98 28 Tailor,
431 3195 55 28 begs
495 3196 145 28 respectfully

96 3232 12 11 •
137 3224 26 19 to
171 3221 83 22 inform
263 3222 38 22 the
316 3225 83 25 gentry
407 3222 47 22 and
468 3223 138 23 inhabitants
616 3224 26 23 of

46 3248 149 28 Wellington,
204 3248 52 22 that
262 3248 30 23 he
306 3248 42 23 has
353 3249 112 24 removed
476 3253 23 19 to
515 3250 124 23 Lambton-

46 3283 72 21 quay,'
124 3278 58 20 next
190 3274 59 23 door
254 3278 24 19 to
293 3276 76 27 Major
379 3276 93 22 Durie's
486 3280 67 24 store,
564 3278 73 23 where

45 3303 32 22 he
82 3306 71 19 trusts
162 3302 56 28 that,
225 3302 34 28 by
265 3302 130 28 producing,
399 3302 106 24 first-rate
512 3304 126 23 workman-

45 3329 59 29 ship,'
113 3330 108 27 elegance
230 3329 27 22 of
263 3332 45 24 cut,
317 3329 47 22 and
372 3330 116 23 moderate
498 3330 98 30 charges,
607 3332 29 22 he

47 3356 45 23 will
99 3357 29 22 be
137 3356 122 28 supported
267 3356 32 28 by
306 3363 15 15 a
329 3356 130 28 discerning
468 3358 84 26 public.

48 3414 18 17 t,
81 3394 3 10 '
169 3393 35 39 [\
240 3393 3 7 '
284 3393 109 35 Notice.

46 3435 91 50 ALL
150 3435 134 25 PARTIES
296 3433 87 29 having
391 3434 79 23 claims
479 3443 31 15 on
519 3436 39 25 the
566 3440 69 20 estate

125 3462 27 25 of
158 3462 39 23 the
203 3462 46 23 late
260 3461 71 27 G..H[.
342 3461 93 29 Coglan,
447 3462 45 23 will
506 3463 75 28 please
590 3464 47 23 for-

46 3489 62 25 ward
122 3489 41 22 the
181 3496 62 15 same
261 3488 36 23 for
318 3490 155 25 examination
496 3494 24 19 to
543 3490 91 25 Messrs.

46 3516 72 25 W,.8.
131 3515 93 25 Rhodes
238 3515 46 24 and
298 3516 47 28 Co.,
360 3516 80 23 within
456 3524 69 16 seven
541 3518 55 28 days
612 3520 27 21 of

44 3542 175 30 tbiq.Qptice......

50 3588 2 7 ,
72 3570 86 22 Parties
173 3568 107 28 indebted
297 3571 24 20 to
339 3568 49 25 the,
392 3570 50 23 said
456 3574 71 21 estate
545 3579 38 16 are
598 3579 25 16 re
624 3585 11 11 r

44 3596 95 26 quested;
154 3600 25 18 to
196 3603 47 21 pay.
256 3595 46 22 the-
308 3600 95 19 amount
418 3598 27 22 of
456 3598 60 23 their
531 3599 63 23 debts
609 3604 24 20 to

45 3623 89 23 Messrs.
144 3622 37 23 W.
192 3624 26 21 B.
228 3622 92 23 Rhodes
336 3623 46 22 and
391 3624 47 28 Co.,
449 3632 26 15 or
483 3626 54 28 they
547 3626 44 23 will
604 3627 28 23 be

44 3650 125 26 proceeded
177 3650 87 27 against
271 3649 161 29 immediately.

47 3701 4 4 .
393 3677 93 24 Jemima
501 3680 102 24 Coglan,

63 3716 3 12 ;
69 3702 32 23 Te
111 3703 55 27 Aro,
176 3703 126 23 December
310 3704 35 26 22,
355 3704 64 22 1841.

44 3747 88 49 ALL
146 3748 132 22 PARTIES
291 3748 88 27 having-
394 3747 79 23 claims
491 3751 88 26 against
592 3751 38 23 the

118 3774 47 22 late
181 3772 45 24 Mr.
242 3775 77 26 Dunn,
336 3774 90 26 Petoni,
444 3782 38 16 are
501 3776 87 24 desired
605 3782 24 19 to

42 3799 64 29 lodge
120 3800 38 23 the
171 3809 62 14 same
242 3801 54 22 with
306 3797 91 27 Messrs.
407 3802 72 22 Waitt
493 3803 49 23 and'
552 3805 76 28 Tyser,

42 3833 29 15 on
82 3835 24 14 or
115 3828 75 22 before
200 3828 115 28 Saturday,
325 3828 37 22 the
371 3829 54 21 25th
433 3829 87 23 instant
524 3838 7 19 ;
547 3832 44 22 and
599 3832 30 22 all

41 3854 80 26 parties
129 3854 108 23 indebted
244 3858 24 18 to
284 3854 39 23 the
335 3856 50 21 said
398 3856 44 22 Mr.
453 3857 79 26 Dunn,
543 3864 38 16 are
589 3859 39 22 de-

41 3880 58 23 sired
117 3884 22 19 to
157 3889 44 20 pay
215 3882 46 22 the.
269 3889 62 15 same
346 3885 24 19 to
389 3883 92 23 Messrs.
497 3884 71 22 Waitt
583 3885 45 23 and

40 3906 75 29 Tyser,
134 3915 26 15 or
180 3911 23 19 to
226 3909 44 21 Mr.
291 3909 106 27 Mensies,
418 3911 59 22 their
498 3911 130 24 authorized

40 3938 68 22 agent
115 3935 35 21 for
159 3935 118 27 collecting
285 3936 39 22 the
332 3936 72 22 debts.

68 3960 141 29 Wellington,
221 3962 125 23 December
356 3963 33 27 17,
402 3965 61 21 1841.
