2550 4039
178 1815 2 6 ■
187 1817 2 5 ■
203 1806 124 26 Middlesex,
337 1807 92 21 Salmon.

113 1834 76 20 Cutter
204 1835 114 21 Pickwick,
331 1835 94 22 Guillan.

113 1861 52 26 Ship
175 1861 121 24 Mandarin,
307 1862 71 20 Yuile.

228 1912 123 22 CUSTOM
366 1913 108 21 HOUSE.

294 1974 109 14 IMPORTS.

84 1995 94 19 Cutter
369 2002 65 14 from
450 1996 166 22 Launceston.
618 2008 27 4 —

55 2022 55 20 4442
128 2023 42 19 feet
188 2023 84 24 timber,
289 2024 54 20 1300
365 2024 67 20 broad
455 2024 90 26 palings,
568 2026 76 23 25,0,00

55 2049 99 26 shingles,
167 2051 23 19 11
202 2051 51 26 kegs
263 2051 60 24 nails,
336 2051 12 20 6
364 2058 57 14 cases
435 2052 101 24 mustard,
550 2052 24 21 12
587 2059 57 14 cases

54 2077 88 25 pickles,
159 2079 13 17 4
189 2078 35 19 do.
240 2078 83 20 bottled
338 2079 55 24 beer,
411 2080 13 18 2
437 2079 26 19 do
481 2079 81 24 cheese,
583 2080 9 19 1
610 2080 34 19 do.

53 2104 79 24 starch,
143 2105 11 19 5
166 2105 49 25 bags
230 2105 50 24 rice,
293 2106 25 19 14
336 2106 33 20 do.
380 2112 69 19 sugar,
461 2107 13 19 2
485 2106 50 25 kegs
546 2107 97 25 tobacco,

55 2131 25 20 10
96 2132 50 25 bags
163 2133 61 23 flour,
235 2134 13 18 4
267 2133 88 20 bundles
369 2133 87 24 leather,
469 2134 10 19 1
493 2140 45 13 case
554 2134 66 26 slops,
634 2135 9 18 1

52 2159 41 25 bag
108 2160 96 24 walnuts,
216 2160 11 19 1
245 2160 53 20 ditto
312 2161 102 24 almonds,
428 2162 12 19 2
459 2161 51 26 bags
526 2168 87 20 pepper.
616 2173 28 3 —

58 2186 71 20 Willis
139 2186 17 26 Sf
169 2188 44 23 Co.,
223 2188 87 24 Agents.

670 587 8 5 _
691 564 3 6 '
714 565 57 23 Port
783 565 133 30 Nicholson,
941 567 121 30 according
1081 571 22 18 to
1158 567 111 31 Matanga

680 598 49 23 Nui
771 596 132 26 ancToThers
915 600 50 22 who
978 600 82 31 spread
1071 600 43 22 lies
1134 600 70 23 about
1221 601 46 23 this

681 631 95 31 Colony,
787 632 20 22 is
820 633 139 23 surrounded
973 633 29 30 by
1040 633 138 31 impassable

681 664 47 23 and
739 672 67 23 many
819 665 48 23 who
880 666 55 23 wish
947 666 50 23 well
1009 670 23 19 to
1048 673 29 16 us
1094 674 37 15 are
1142 666 127 31 impressed

680 697 55 23 with
747 697 37 23 the
796 698 78 23 notion
893 699 49 23 that
961 699 189 23 communication
1169 699 32 31 by
1212 700 57 23 -land

680 730 56 23 with
747 730 64 24 other
828 736 63 26 parts
903 732 25 23 of
942 732 39 23 the
993 737 95 26 country
1105 732 21 23 is
1145 733 124 30 extremely

681 763 104 30 difficult,
806 764 17 23 if
851 765 136 30 practicable
1011 769 24 19 at
1056 765 40 23 all.
1131 765 45 24 We
1195 766 74 23 would

681 796 71 24 direct
764 797 37 23 the
814 798 108 23 attention
942 798 25 23 of
989 798 73 23 these*
1070 805 97 24 persons
1185 803 23 19 to
1221 799 46 32 ,the

680 830 55 29 fact,
761 831 50 23 that
839 831 48 28 the.
893 831 98 32 journey
1012 831 60 24 from
1093 831 130 31 Wanganui
1244 836 23 20 to

680 863 149 31 Wellington,
854 872 41 15 one
912 864 103 24 hundred
1034 864 44 23 and
1098 865 80 23 twelve
1194 866 72 28 miles,

679 896 42 23 has
745 897 101 30 recently
872 897 56 24 been
957 897 128 32 performed
1114 898 30 31 by
1175 899 94 23 Colonel

680 929 136 29 Wakefield,
824 938 29 15 on
858 930 131 30 horseback,
997 931 23 23 in
1028 935 42 18 two
1077 931 55 31 days
1140 932 45 23 and
1193 940 13 15 a
1211 932 55 29 half,

679 963 29 22 he
716 970 45 16 was
769 963 63 23 three
844 963 54 31 days
910 972 30 16 on
952 964 37 23 the
1002 964 62 29 road,
1082 964 42 23 but
1134 964 51 24 half
1201 973 12 15 a
1222 965 46 31 .day

681 1003 46 16 was
740 1000 66 26 spent
818 1002 22 17 at
851 997 38 23 the
901 997 139 24 Manawatu.
1077 997 51 24 The
1139 998 57 23 road
1211 1006 56 15 runs

679 1030 118 30 generally
806 1030 69 31 along
886 1030 37 24 the
936 1038 39 16 sea
990 1035 70 24 coast,
1081 1031 45 23 and
1144 1036 81 26 except
1243 1032 24 22 in

679 1070 56 22 very
746 1063 43 22 few
800 1063 83 31 places,
896 1064 37 23 the
945 1063 54 24 land
1009 1064 124 30 bordering
1144 1064 25 29 it,
1184 1073 41 15 can
1238 1064 28 24 be

680 1096 108 30 explored
805 1104 29 15 on
845 1096 127 24 horseback
990 1105 25 15 or
1034 1105 29 15 on
1081 1097 48 23 foot
1148 1097 34 24 for
1199 1106 68 23 many

679 1129 67 23 miles
757 1130 86 23 inward
855 1130 93 23 without
959 1130 118 31 difficulty.
1114 1130 52 24 The
1187 1137 79 18 exten-

679 1162 49 23 sive
875 1163 23 24 of
921 1163 71 23 Otaki
1004 1163 44 24 and
1067 1163 139 30 Manawatu,
1228 1172 38 16 are

679 1195 80 23 within
780 1203 52 23 easy
851 1197 59 22 rides
931 1197 25 23 of
978 1197 141 31 Wellington
1129 1206 4 20 ;
1156 1198 45 23 and
1211 1198 56 30 they

679 1228 50 23 who
743 1237 37 15 are
792 1230 142 23 accustomed
943 1235 23 18 to
975 1230 102 31 journies
1089 1231 24 22 in
1126 1230 57 24 New
1194 1231 73 23 South

679 1261 86 29 Wales,
790 1262 54 24 Van
862 1263 118 23 Diemen's
1000 1263 75 29 Land,
1096 1263 37 24 the
1153 1264 112 29 Canadas,

679 1295 45 23 and
736 1295 63 23 other
811 1296 73 31 thinly
895 1296 95 31 peopled
1000 1304 50 16 new
1065 1297 122 29 countries,
1206 1299 60 30 quite

678 1328 70 31 laugh
761 1334 22 17 at
795 1329 38 23 the
845 1330 156 30 impediments
1020 1334 24 19 to
1063 1338 14 15 a
1096 1330 47 23 ride
1164 1339 25 15 or
1206 1331 59 23 walk

679 1366 22 18 to
714 1361 137 31 Wanganui.
898 1363 66 24 Now,
972 1363 49 23 that
1041 1363 38 23 the
1100 1364 71 31 rocky
1190 1364 76 31 places

679 1402 55 16 near
763 1395 109 24 Pukaroa
900 1397 44 22 and
974 1397 55 23 Pari
1051 1397 57 22 Pari
1129 1397 58 23 have
1209 1398 57 23 been

679 1428 125 29 smoothed,
818 1430 67 22 cattle
895 1437 52 24 may
959 1430 27 23 be
1006 1430 71 31 safely
1094 1435 50 18 sent
1164 1430 29 31 by
1213 1431 53 23 land

679 1466 22 18 to
714 1462 38 23 the
764 1462 99 23 districts
876 1463 23 23 in
919 1463 38 23 the
970 1463 79 29 north;
1071 1463 45 23 and
1133 1472 63 15 some
1215 1464 51 23 idea

678 1495 27 23 of
719 1495 37 23 the
768 1496 66 23 value
846 1496 43 23 and
897 1501 78 18 extent
986 1497 25 23 of
1026 1496 64 24 these
1100 1497 106 23 districts'
1213 1506 53 23 may

679 1528 126 23 beformed
818 1529 57 23 from
888 1529 36 24 the
935 1529 54 29 fact,
1008 1529 74 24 which
1103 1538 33 15 we
1156 1535 58 19 state
1237 1539 28 16 on

679 1561 38 23 the
729 1562 50 23 best
800 1562 119 31 authority,
941 1563 49 23 that
1008 1563 64 23 there
1094 1564 20 22 is
1134 1572 14 14 a
1166 1568 59 19 tract
1244 1565 25 23 of

679 1600 94 26 country
787 1603 28 15 on
825 1596 45 23 this
882 1597 47 22 side
942 1596 26 23 of
976 1596 37 23 the
1024 1596 140 30 Manawatu,
1174 1598 91 30 capable

669 1628 35 23 .of
719 1630 135 30 supporting
865 1633 23 19 at
898 1629 57 23 least
968 1637 41 15 one
1020 1630 90 23 million
1128 1630 25 23 of
1175 1631 90 23 inhabi-

678 1666 69 19 tants.
795 1662 58 23 This
874 1663 87 23 district
982 1664 20 22 is
1023 1668 52 26 part
1095 1663 24 23 of
1145 1664 39 23 the
1208 1665 58 23 New

677 1695 102 23 Zealand
801 1696 136 31 Company's
967 1697 151 30 possessions,
1149 1697 45 23 and
1218 1698 47 23 will

677 1736 57 16 soon
744 1729 28 23 he
785 1729 83 24 offered
881 1734 21 19 to
914 1730 37 23 the
964 1729 90 24 holders
1068 1730 25 23 of
1108 1731 156 32 Preliminary

678 1761 68 23 Land
759 1762 96 22 Orders.

710 1795 42 23 All
769 1795 68 31 along
856 1796 37 23 the
905 1800 63 20 coast
978 1797 38 23 the
1037 1797 76 23 native
1131 1798 133 30 population

678 1829 112 30 appeared
802 1830 94 23 anxious
909 1835 22 18 to
943 1831 87 22 receive
1049 1830 37 23 the
1102 1830 87 24 White'
1194 1839 68 22 men;

677 1861 44 24 and
741 1862 94 24 Colonel
856 1863 126 24 Wakefield
1001 1871 47 15 was
1068 1864 93 31 pressed
1180 1865 31 31 by
1226 1865 38 23 the

675 1896 112 31 principal
799 1896 69 23 chiefs
882 1898 24 22 to'
912 1897 56 23 send
978 1892 118 28 hundreds
1109 1897 24 23 of
1142 1898 92 23 settlers
1243 1903 20 19 to

675 1929 74 23 reside
761 1937 86 23 among-
852 1952 4 7 v
862 1929 67 24 them.
968 1930 111 23 Nowhere
1092 1938 46 15 was
1157 1931 45 23 this
1214 1932 49 23 dis-

675 1962 98 31 position
793 1971 63 15 more
875 1963 115 31 decidedly
1009 1964 136 23 manifested
1166 1965 56 23 than
1241 1969 23 19 at

676 1995 141 29 Manawatu,
837 1997 37 23 the
887 1997 129 22 settlement
1028 1997 25 23 of
1063 1997 72 23 which
1147 1997 43 24 has
1202 2006 61 15 com-

675 2029 93 23 menced
780 2030 72 22 under
863 2030 38 23 the
913 2035 60 18 most
983 2030 133 24 favourable
1128 2032 114 31 auspicesj

709 2062 95 30 Having
817 2063 85 29 opened
913 2070 13 15 a
939 2063 190 23 communication
1141 2064 55 23 with
1208 2065 55 22 such

674 2094 101 24 districts
793 2103 25 16 as
830 2096 70 28 these,
919 2096 45 23 and
978 2098 135 32 possessing
1125 2096 48 24 also
1185 2105 14 15 a
1209 2098 55 22 road

675 2128 72 23 round
759 2128 38 24 the
809 2129 98 23 harbour
918 2133 23 19 to
950 2129 38 23 the
1001 2129 70 29 Hutt,
1084 2138 33 15 we
1129 2138 53 22 may
1190 2131 73 31 safely

674 2162 52 30 defy
738 2162 36 23 the
794 2167 123 26 opponents
930 2162 25 23 of
973 2162 45 24 this
1041 2162 88 32 Colony
1149 2168 23 18 to
1191 2172 70 23 prove

675 2195 58 23 their
752 2196 130 28 assertions,
902 2195 48 24 that
962 2204 32 15 we
1013 2204 37 15 are
1067 2196 55 23 shut
1131 2205 31 23 up
1182 2197 82 24 amidst

675 2229 140 30 impassable
826 2229 62 24 hills.

1915 480 27 19 To
1951 480 35 20 the
1994 480 77 21 Editor
2080 481 27 25 of
2119 483 35 19 the
2191 483 52 19 Neio
2253 484 92 20 Zealand
2356 484 87 21 Gazette
2452 486 42 20 and

2066 509 126 26 Wellington

2079 537 11 9 *'
2100 537 37 11 '"'"
2149 547 4 2 •
2268 538 82 27 Barque
2362 539 64 25 Tyne,

2067 561 233 30 '""^'-""Wellington,'
2309 564 53 22 Port'
2368 565 125 28 NicKolson,

2215 592 115 21 December
2339 594 35 23 20,
2388 595 62 19 1841.

1918 628 3 7 .
1938 616 48 26 Sir,
1987 628 27 4 —
2017 617 116 27 Observing
2143 619 46 20 that
2198 626 12 13 a
2220 620 141 26 subscription
2370 621 19 20 is
2399 621 65 21 about
2472 624 22 18 to

1912 643 23 21 be
1951 646 134 20 commenced
2094 646 34 20 for
2145 647 34 19 the
2189 648 92 19 erection
2292 647 24 20 of
2328 654 12 14 a
2352 648 85 20 Beacon
2453 650 42 19 and

1912 671 137 25 Light-house
2059 671 161 28 atrtfiVHeads,-
2233 675 38 20 and
2283 681 22 14 as
2314 675 19 19 it
2339 675 41 20 isa
2382 672 5 13 ;
2390 676 105 20 desidera-

1912 700 42 18 tum
1964 702 22 16 to
1996 701 128 24 accomplish
2133 701 37 21 the
2178 708 65 18 same,
2258 705 20 17 at
2288 702 36 21 the
2339 703 54 20 least
2403 709 92 20 expence

1913 726 112 20 consistent
2039 727 51 19 with
2106 729 37 19 the
2158 729 114 26 important
2289 730 69 25 object
2373 730 93 25 in*view,
2483 730 11 21 I

1912 753 46 20 take
1968 753 35 19 the
2011 753 78 26 liberty
2095 755 23 19 of
2124 756 115 26 proposing
2245 757 34 20 the
2286 757 101 25 adoption
2393 758 24 20 of
2418 764 19 14 -a
2443 758 51 27 plan

1912 780 64 20 which
1991 781 38 19 has
2044 782 101 20 occurred
2160 784 22 18 to
2198 789 36 14 me
2249 790 56 13 more
2387 791 61 18 once,
2453 796 4 4 •
2466 791 28 14 on

1913 807 81 26 making
2003 809 42 19 this
2053 809 99 20 harbour.
2181 810 45 20 The
2232 810 49 20 land
2286 811 55 20 from
2347 810 80 26 Baring
2432 811 68 22 Head'

1912 841 48 13 runs
1970 835 61 20 down
2042 836 22 20 in
2075 842 13 14 a
2097 837 69 25 wedge
2180 837 44 20 like
2232 838 63 25 form,
2309 838 90 21 towards
2409 839 85 26 Fitzroy

1909 862 52 25 $ay.
1991 863 63 26 Upon
2065 864 36 19 the
2109 864 84 26 highest
2202 865 67 25 point
2272 866 23 19 of
2308 866 42 19 this
2363 866 130 21 remarkable

1912 889 62 26 slope,
1990 890 18 19 is
2022 897 12 13 a
2045 891 56 25 peak
2110 892 68 19 which
2192 892 10 20 I
2215 895 22 17 at
2246 893 46 20 first
2300 893 99 25 mistook,
2410 894 85 26 coming

1911 916 52 21 from
1972 917 36 20 the
2018 918 127 25 southward,
2155 920 34 19 for
2198 926 12 13 a
2218 920 53 26 heap
2281 920 24 20 of
2318 922 71 19 stones
2398 920 57 26 piled
2465 927 28 20 up

1911 944 31 20 for
1956 951 14 13 a
1984 944 83 27 leading
2084 946 67 20 mark.
2181 946 22 20 If
2216 946 43 23 this
2272 947 54 26 peak
2341 953 25 14 or
2382 948 42 26 pile
2439 954 54 15 were

1911 972 82 25 painted
2001 972 63 20 white
2073 973 71 26 facing
2159 973 49 22 S.E.
2220 975 42 20 and
2269 974 67 25 West,
2353 975 19 20 it
2389 975 63 20 could
2467 976 26 20 be

1911 1005 46 14 seen
1965 1000 55 19 from
2030 1006 12 13 a
2057 1003 59 23 great
2125 1001 100 22 distance.
2255 1002 138 26 Considering
2403 1003 35 20 the
2447 1003 43 20 vio.

1910 1026 62 24 lence,
1984 1027 24 20 of
2020 1028 36 19 the
2069 1028 42 20 late
2122 1028 50 20 S.E.
2182 1030 47 24 gale
2243 1036 17 13 a-
2267 1028 133 28 tem'poraray
2410 1030 83 20 Beacon

1911 1059 20 14 or
1943 1054 108 26 Flag-staff
2059 1056 69 25 might
2137 1059 38 17 not
2185 1057 53 19 have
2243 1057 113 26 withstood
2362 1057 36 20 the
2405 1057 59 20 force
2471 1058 24 20 of

1910 1081 21 24 it,
1949 1082 38 19 but
2003 1083 40 23 the.
2056 1082 84 21 Beacon
2149 1084 68 20 which
2234 1084 11 20 I
2260 1090 96 21 propose,
2373 1084 19 20 is
2409 1084 85 27 already

1911 1109 50 20 built
1962 1120 26 3 —
1989 1110 41 19 and
2038 1110 78 26 having
2125 1111 62 20 stood
2196 1111 34 21 for
2239 1118 55 19 ages,
2309 1111 99 21 could.be
2416 1112 77 26 always

1910 1136 103 26 depended
2019 1144 66 19 upon,
2096 1139 42 19 and
2144 1139 68 25 might
2221 1139 27 21 be
2257 1139 100 21 rendered
2366 1139 127 20 serviceable

1909 1167 18 16 at
1937 1165 55 19 little
2001 1171 99 20 expence.
2128 1165 52 21 This
2189 1167 50 25 plan
2245 1167 66 20 would
2321 1167 58 20 leave
2389 1167 36 19 the
2436 1172 57 15 more

1909 1191 59 21 funds
1977 1193 22 19 at
2009 1192 93 27 disposal
2106 1193 34 20 for
2150 1200 12 13 a
2172 1193 147 26 Light-house,
2330 1194 68 20 which
2405 1193 10 21 I
2422 1193 71 21 would

1909 1220 130 19 recommend
2047 1224 23 16 to
2081 1221 24 19 be
2114 1221 57 20 fixed
2180 1228 28 14 on
2217 1221 37 21 the
2263 1228 55 14 same
2328 1222 69 23 shore,
2407 1228 52 14 near
2469 1228 24 14 or

1909 1252 55 19 upon
1973 1245 123 22 Pencarrow
2104 1248 61 20 Head
2174 1255 22 13 as
2206 1256 13 12 a
2224 1249 62 25 guide
2293 1252 22 17 to
2324 1249 55 20 clear
2388 1249 104 21 Barrett's

1909 1273 43 21 reef
1959 1273 42 20 and
2010 1276 59 18 enter
2079 1275 35 19 the
2126 1275 91 20 harbour
2227 1278 21 18 at
2259 1277 69 26 night.,

1933 1299 28 22 In
1971 1301 85 26 making
2065 1302 44 20 this
2118 1304 56 24 port,
2186 1302 10 20 I
2206 1303 54 20 have
2268 1303 74 26 always
2351 1303 99 21 followed
2457 1304 36 20 the

1909 1327 41 21 rule
1961 1328 24 19 of
1998 1329 63 26 going
2071 1330 47 20 well
2128 1336 49 14 over
2189 1332 22 18 to
2222 1330 36 20 the
2269 1330 89 20 Eastern
2368 1331 69 25 shore,
2451 1331 42 20 and

1909 1355 67 26 seeing
1982 1355 83 21 Ward's
2076 1357 73 20 Island
2158 1364 54 19 open
2219 1358 25 19 of
2251 1358 101 20 Barrett's
2361 1358 51 26 reef,
2422 1358 71 21 which

1908 1383 15 19 is
1933 1389 13 13 a
1954 1389 49 14 sure
2012 1384 42 20 and
2071 1384 43 21 safe
2127 1391 74 14 course
2210 1385 35 20 for
2256 1392 11 13 a
2274 1388 102 23 stranger,
2391 1386 41 19 and
2438 1385 13 21 I
2459 1392 34 14 re-

1909 1411 106 19 commend
2022 1411 17 20 it
2049 1417 53 15 even
2112 1414 23 18 to
2145 1412 65 20 those'
2215 1413 46 20 who
2270 1413 53 20 have
2333 1413 54 20 been
2396 1414 50 19 here
2455 1414 26 19 be
2487 1425 6 6 •

1908 1438 49 25 fore,
1973 1445 23 13 as
2006 1438 35 20 the
2051 1439 60 20 West
2128 1439 61 20 Head
2204 1447 48 19 may
2262 1440 24 20 be
2300 1440 105 21 mistaken
2417 1440 30 27 by
2455 1441 37 20 the

1909 1466 132 25 experienced
2050 1467 56 20 until
2113 1473 12 14 a
2136 1468 59 19 mark
2205 1468 19 19 is
2233 1468 73 26 plaoed
2313 1475 28 13 on
2350 1468 18 19 it
2378 1468 53 21 also.
2459 1468 33 26 By

1907 1493 104 26 following
2028 1494 36 19 the
2074 1495 66 20 above
2150 1495 119 26 directions,
2286 1496 37 20 life
2333 1496 41 19 and
2390 1498 102 24 property

1907 1520 40 20 will
1956 1521 26 19 be
1992 1522 68 24 saved,
2078 1524 22 17 at
2111 1522 36 20 the
2155 1524 44 19 cost
2207 1524 25 19 of
2239 1523 46 20 half
2293 1530 28 13 an
2330 1524 61 23 hour,
2402 1525 22 18 to
2430 1524 62 19 those

1909 1548 80 26 coming
1995 1549 55 19 from
2058 1550 37 19 the
2101 1550 114 20 westward.
2245 1550 79 21 Should
2332 1557 11 14 a
2351 1551 81 20 sudden
2439 1551 53 20 shift

1909 1575 20 20 of
1937 1576 55 19 wind
2002 1583 63 13 occur
2071 1577 48 20 fron
2129 1573 65 25 N.WI
2205 1579 22 18 to
2236 1578 59 24 S.E.,
2305 1578 35 20 the
2352 1584 87 20 passage
2448 1579 44 19 will

1907 1603 23 19 be
1942 1604 51 20 then
2003 1604 54 20 clear
2065 1604 47 21 into
2123 1605 35 20 the
2161 1606 66 25 finest
2238 1605 40 20 and
2286 1605 65 26 safest
2356 1607 54 24 port
2420 1607 49 19 that
2477 1612 13 14 a

1907 1630 43 26 ship
1963 1637 38 14 can
2010 1638 40 13 run
2053 1632 49 25 for.

73 2240 41 18 The
122 2240 94 23 following
216 2246 2 3 1
225 2246 33 12 are
266 2241 32 17 tha
305 2242 79 21 quarter
395 2241 47 22 days
451 2242 21 18 of
482 2242 40 18 this
529 2247 60 18 paper
595 2249 5 12 :
602 2251 22 5 —

159 2262 67 17 March
486 2265 49 16 31st.

159 2283 52 17 June
449 2299 3 6 v
467 2285 71 17 ..30th.

157 2304 113 22 September
487 2306 51 17 30th.

157 2326 107 17 December
485 2329 49 16 31-st.

73 2346 82 18 Persons
162 2347 109 21 previously
278 2349 20 15 to
312 2347 147 23 discontinuing
470 2348 52 18 their
528 2353 70 17 papers
606 2349 37 17 and

50 2367 166 23 advertisements,
225 2369 54 17 must
286 2369 58 18 settle
352 2369 31 18 the
394 2371 95 16 accounts
496 2370 37 17 due
541 2374 26 18 up
580 2371 19 16 to
611 2371 33 16 the

54 2388 52 18 date.

1327 132 43 24 We
1392 137 78 26 regret
1493 134 50 23 that
1568 134 94 24 Colonel
1686 134 131 25 Wakefield
1839 144 46 16 was

1293 170 47 18 not
1355 170 93 26 present
1467 160 82 30 atUhe
1568 167 77 31 public
1665 168 108 31 meeting*
1791 177 29 15 on
1846 169 39 24 the

1295 195 58 27 state'
1388 199 26 22 of
1429 201 7 19 \
1444 199 39 23 the
1645 200 69 34 andv^
1719 200 53 24 the&
1789 202 96 26 conduct;

1295 231 26 23 of
1335 229 8 6 *
1349 227 48 27 'the
1434 228 124 27 Auckland
1592 232 164 25 Government.
1830 234 55 24 Had

1295 264 28 23 he
1347 264 57 23 been
1427 269 24 18 at
1477 265 58 23 Port
1710 274 25 15 or
1765 267 120 31 anywhere

1295 304 54 16 near
1360 298 26 28 it,
1399 305 30 15 no
1441 297 71 24 doubt
1522 298 30 23 he
1566 299 74 22 would
1651 299 58 23 have
1719 299 65 24 made
1797 308 13 15 a
1821 301 64 29 point

1296 330 26 23 of
1338 330 118 31 attending
1467 331 39 23 the
1515 332 100 30 meeting
1625 340 6 20 ;
1653 332 44 23 and
1709 332 55 24 then
1775 333 110 30 probably

1296 362 63 24 those
1372 363 274 31 gentlemen^whowere
1658 365 31 23 so'
1692 365 69 31 ready
1773 365 37 28 tof
1809 366 76 23 attack

1295 395 39 23 the
1355 396 57 23 New
1430 390 240 38 Zealand/Compariy
1690 398 45 23 aiid
1745 395 138 34 *its>agehtsj

1295 428 74 24 would
1380 429 57 23 have
1448 426 59 27 beeli
1643 430 68 24 silent
1719 440 5 19 ;
1738 439 26 15 or
1775 431 46 24 had
1832 431 53 31 they

1296 462 109 23 ventured
1420 470 63 24 upon
1494 463 59 23 their
1565 464 171 30 extraordinary
1752 465 132 29 assertions,

1296 494 54 31 they
1361 495 74 23 would
1446 495 56 24 have
1514 496 102 24 received
1627 502 13 18 a
1643 494 89 26 "direct'
1736 497 50 30 and,,
1792 497 93 25 author-,

1296 528 77 23 itative
1385 528 171 23 contradiction.

1331 560 49 24 The
1391 562 87 23 burden
1491 562 25 23 of
1523 562 126 31 their'song
1660 563 108 23 vras'that
1779 563 38 24 the
1827 563 58 25 New'

1296 593 101 24 Zealand
1416 595 122 31 Company-
1545 595 44 23 had
1595 608 4 4 -
1608 596 57 23 done
1685 596 97 32 nothing
1794 597 36 23 for
1846 597 38 23 the

1298 626 101 31 Colony;
1428 628 44 22 and
1491 628 47 24 Mr.
1559 629 86 30 Strang
1667 629 50 23 said
1737 630 29 23 it'
1778 630 106 24 reflected

1296 664 63 26 great
1371 661 101 31 disgrace
1491 668 62 24 upon
1560 678 3 4 .
1573 661 94 24 Colonel
1679 662 136 30 Wakefield,
1835 663 49 23 that

1295 692 29 24 he
1335 692 45 24 had
1398 698 39 18 not
1449 694 89 23 erected
1557 702 13 15 a
1587 695 74 30 signal
1680 697 91 27 station,
1785 704 25 14 or
1830 704 54 15 even

1295 725 80 31 placed
1394 734 14 15 a
1428 727 60 31 buoy
1507 728 24 22 in
1554 727 38 23 the
1611 727 108 24 harbour.
1755 729 59 23 Now
1834 729 47 24 Mr.

1296 759 92 31 Strang,
1410 760 48 22 who
1477 768 79 23 passes
1575 761 34 22 for
1628 769 12 15 a
1658 761 91 30 lawyer,
1771 761 70 30 ought
1862 766 21 18 to

1296 791 66 25 know
1382 793 48 23 that
1450 793 22 24 it.
1487 794 20 22 is
1527 793 38 23 the
1584 793 54 31 duty
1651 794 25 23 of
1694 794 156 23 Government
1862 800 21 17 to

1296 830 60 19 erect
1367 826 75 31 signal
1461 827 103 29 stations,
1578 827 44 23 and
1634 827 49 23 that
1694 831 23 23 t,o
1733 828 73 22 throw
1820 828 64 23 down

1296 866 25 15 or
1333 859 90 31 destroy
1435 867 44 23 any
1490 860 179 31 distinguishing
1680 861 65 22 mark
1757 865 41 18 not
1811 866 72 18 erect-

1296 891 27 24 ed
1341 892 29 30 by
1387 892 38 23 the
1445 892 155 24 Government
1618 894 19 22 is
1657 901 29 15 no
1698 894 86 23 offence
1796 895 88 30 against

1295 924 39 24 the
1351 924 57 25 law?
1438 926 36 23 As
1495 931 22 18 to
1536 926 102 30 buoying
1658 926 37 23 the
1714 927 106 29 harbour,
1836 927 48 24 that

1296 958 74 24 would
1380 958 58 24 have
1450 960 57 22 been
1518 959 65 29 done,
1591 960 21 23 if
1621 960 49 23 Mr.
1682 960 105 31 Strang's
1794 964 88 27 patron,

1296 991 98 32 Captain
1422 991 106 30 Hobson,
1551 992 49 24 .had
1625 998 41 18 not
1695 993 121 24 dismissed
1842 993 41 24 the

1295 1024 207 25 Harbour-master
1524 1026 54 30 paid
1594 1026 31 30 by
1646 1026 38 23 the
1702 1026 57 23 New
1783 1026 101 24 Zealand

1296 1057 125 32 Company,
1434 1059 45 23 and
1488 1059 102 23 declined
1603 1059 51 24 Col.
1665 1059 149 24 Wakefield's
1828 1060 55 23 offer

1294 1095 23 18 to
1329 1092 105 23 continue
1450 1092 38 23 the
1501 1092 74 31 salary
1587 1093 25 22 of
1620 1094 71 23 £300
1705 1101 12 16 a
1736 1101 55 22 year
1803 1097 22 20 to
1837 1101 45 23 any

1294 1123 195 25 harbour-master
1510 1125 28 23 he
1559 1126 73 30 might
1649 1127 101 30 appoint.
1786 1126 56 24 And
1853 1127 29 23 he

1295 1157 101 24 declined
1416 1158 44 23 this
1473 1158 62 28 offer,
1557 1158 86 31 though
1664 1160 116 30 distinctly
1792 1160 90 24 warned

1294 1190 50 23 that
1360 1191 37 23 the
1416 1199 155 24 consequence
1583 1192 74 23 would
1673 1193 111 30 pr.obably
1794 1193 29 24 be
1844 1193 37 23 the

1295 1224 74 23 wreck
1386 1224 25 23 of
1431 1232 62 15 some
1515 1224 63 31 large
1596 1225 72 24 vessel
1681 1225 34 24 off
1733 1226 38 22 the
1793 1226 86 24 Heads.

1295 1257 44 23 We
1350 1257 75 31 firmly
1443 1258 86 23 believe
1547 1258 49 23 that
1614 1258 39 24 the
1671 1258 80 31 people
1769 1258 50 24 who
1839 1267 42 15 use

1295 1290 45 23 this
1350 1290 119 24 Governor
1479 1290 35 24 for
1528 1291 58 24 their
1597 1299 50 16 own
1655 1292 97 31 jobbing
1762 1299 118 24 purposes,

1295 1324 164 31 contemplated
1470 1324 39 24 the
1519 1325 138 30 probability
1676 1325 25 23 of
1708 1329 3 3 '
1718 1325 88 23 wrecks
1825 1325 56 23 with

1296 1357 108 31 pleasure,
1428 1358 46 23 and
1493 1358 50 23 that
1568 1358 96 32 Captain
1689 1358 79 31 Crimp
1790 1358 94 24 himself

1295 1390 71 23 would
1378 1395 40 19 not
1428 1395 77 27 regret
1523 1399 44 23 any
1579 1396 74 25 event,
1670 1391 104 24 however
1792 1392 88 23 melan-

1294 1423 65 31 choly
1371 1424 45 23 and
1426 1424 133 29 disastrous,
1572 1424 74 24 which
1662 1424 76 25 would
1749 1424 75 32 injure
1836 1425 44 24 this

1294 1457 136 24 settlement.

1327 1491 43 23 We
1381 1491 57 23 have
1450 1491 77 23 shewn
1547 1491 49 24 that
1611 1499 24 16 as
1657 1496 100 27 respects
1777 1492 38 23 the
1827 1492 52 23 har-

1293 1524 57 22 bour
1370 1524 38 24 the
1428 1524 119 31 Company
1568 1525 36 23 did
1626 1525 137 31 something,
1783 1525 45 23 and
1848 1534 32 14 we

1293 1565 50 14 now
1354 1557 44 31 beg
1410 1558 109 23 attention
1532 1563 23 18 to
1566 1558 38 23 the
1617 1563 93 18 amount
1721 1558 25 23 of
1761 1558 39 24 the
1811 1558 68 24 Com-

1293 1590 80 31 pany's
1385 1591 147 31 expenditure
1543 1592 25 22 in
1576 1591 43 23 the'
1624 1591 95 32 Colony.
1719 1595 2 5 1
1751 1591 45 24 We
1807 1593 73 23 vouch

1293 1624 35 23 for
1340 1624 38 23 the
1392 1629 138 18 correctness
1552 1625 25 22 of
1591 1625 39 23 the
1649 1629 129 25 statement,
1791 1625 36 23 for
1847 1633 33 16 we

1293 1657 57 23 have
1360 1658 59 22 been
1430 1658 93 23 allowed
1535 1662 22 19 to
1575 1658 87 31 inspect
1675 1658 38 24 the
1732 1659 99 30 original
1842 1667 37 15 ac-

1294 1694 87 19 counts.

1330 1724 28 23 In
1371 1729 119 26 payments
1498 1729 22 19 to
1534 1733 127 22 surveyors,
1672 1726 44 23 and
1723 1726 117 24 labourers
1852 1734 29 15 on

1294 1757 38 24 the
1352 1758 73 29 roads,
1445 1759 25 22 in
1488 1759 134 31 supporting
1643 1759 38 24 the
1702 1760 99 30 hospital
1819 1764 60 19 esta-

1292 1790 130 30 blishment,
1436 1792 43 23 and
1491 1792 39 23 the
1541 1792 80 31 police,
1634 1793 24 22 in
1675 1793 108 30 pensions
1801 1797 23 19 to
1837 1792 42 24 dif-

1292 1824 192 30 ferent-nersons,
1505 1825 53 29 &c,
1577 1825 52 29 &c,
1642 1821 48 28 the'
1702 1826 56 23 New
1778 1826 102 23 Zealand

1295 1858 118 31 Company
1423 1858 58 23 have
1500 1858 117 32 expended
1634 1859 106 32 upwards
1763 1859 24 23 of
1802 1859 78 24 fifteen

1292 1891 112 23 thousand
1435 1892 89 30 pounds
1556 1892 95 31 sterling
1680 1891 148 33 (£15,000,)
1857 1894 22 21 in

1293 1924 57 24 Port
1362 1925 125 23 Nicholson
1500 1925 65 24 alone
1566 1939 32 3 —
1599 1925 45 23 and
1661 1925 64 24 there
1740 1934 38 15 are
1791 1926 88 23 besides

1292 1965 62 16 some
1373 1959 146 31 outstanding
1530 1959 125 24 liabilities.
1691 1959 120 24 Recollect
1832 1959 46 24 also

1291 1991 39 23 the
1342 1996 64 25 great
1418 1992 124 31 advantage
1554 1992 26 23 of
1594 1992 95 31 having,
1702 2001 25 15 as
1744 1994 28 23 it.
1781 2000 67 21 were,
1867 2001 13 15 a

1291 2023 77 32 dep6t.
1380 2025 26 24 of
1413 2046 5 5 ,
1423 2025 81 24 labour
1526 2026 25 23 in
1573 2025 38 24 the
1635 2026 139 32 Company's
1797 2026 81 23 hands.

1291 2056 74 24 When
1378 2058 117 22 labourers
1512 2065 38 15 are
1567 2058 95 28 wanted,
1677 2065 33 15 we
1726 2059 68 29 apply
1806 2062 23 18 to
1841 2058 37 22 the

1293 2090 137 31 Company's
1442 2091 78 29 Agent
1528 2099 5 20 ;
1553 2090 65 23 when
1630 2091 54 30 they
1692 2098 38 15 are
1740 2095 42 18 not
1794 2091 85 22 needed

1292 2123 29 31 by
1333 2124 143 28 individuals,
1493 2124 55 30 they
1568 2131 36 15 are
1624 2124 67 30 again
1711 2124 118 31 employed
1848 2124 30 31 by

1292 2157 37 23 the
1343 2157 117 31 Company
1471 2157 35 23 for
1517 2157 39 23 the
1575 2157 85 23 benefit
1679 2157 25 23 of
1721 2157 38 23 the
1777 2157 100 23 settlers.

1291 2189 55 25 And
1357 2190 45 23 this
1415 2191 19 23 is
1446 2190 57 24 done
1514 2190 32 31 by
1556 2190 63 24 those
1630 2190 60 29 who,
1702 2190 109 29 forsooth,
1821 2190 57 23 have

1292 2223 57 24 done
1383 2223 127 32 absolutely
1521 2224 97 30 nothing
1652 2228 22 19 to
1688 2223 36 24 aid
1738 2224 38 23 the
1789 2224 89 23 settlers

1291 2257 50 23 who
1364 2265 62 15 came
1445 2261 39 19 out
1505 2258 72 22 under
1594 2258 60 22 their
1674 2258 104 30 auspices
1787 2258 5 22 !
1836 2257 43 23 We

1291 2291 85 22 admire
1386 2291 37 23 the
1436 2291 99 23 candour
1547 2291 43 23 and
1601 2291 97 31 honesty
1710 2291 25 23 of
1744 2291 38 23 the
1794 2291 85 31 parties

1291 2324 51 22 who
1350 2324 44 23 had
1405 2324 38 23 the
1455 2324 132 31 intrepidity
1593 2329 22 18 to
1625 2324 68 24 make
1702 2324 38 23 the
1753 2325 112 23 assertion
1871 2333 6 20 ;

1291 2357 44 23 and
1346 2359 67 29 again
1423 2357 87 24 declare
1521 2366 40 15 our
1574 2359 127 22 conviction
1712 2358 57 29 that,
1782 2357 46 24 had
1838 2358 40 23 the

1293 2391 136 30 Company's
1453 2391 118 31 Principal
1592 2392 79 29 Agent
1692 2392 59 23 been
1778 2395 100 28 present,

1291 2424 54 30 they
1350 2424 55 25 .who
1418 2424 68 24 dared
1501 2429 41 19 not
1555 2425 84 23 hazard
1658 2433 13 15 a
1682 2425 62 23 word
1759 2426 25 22 in
1803 2425 78 23 behalf

1292 2458 25 23 of
1326 2458 57 23 their
1396 2458 125 31 employers
1534 2462 23 19 at
1566 2458 38 23 the
1616 2458 109 29 Thames,
1734 2458 75 24 would
1820 2458 59 24 have

1290 2491 54 24 held
1355 2491 58 24 their
1424 2496 97 26 tongues
1533 2492 70 23 about
1613 2491 40 24 the
1665 2492 129 30 Company.

1291 2955 45 23 and
1348 2959 131 26 spectators.

1325 2553 31 23 In
1366 2552 94 24 another
1469 2557 52 28 part
1532 2553 25 23 of
1573 2561 40 15 our
1624 2561 72 24 paper
1703 2561 34 15 we
1742 2553 61 24 Tiave
1811 2554 68 31 given

1291 2595 15 15 a
1316 2590 76 28 report
1415 2587 25 23 of
1452 2584 3 6 '
1462 2587 38 23 the
1517 2587 149 31 proceedings
1674 2586 2 4 '
1688 2592 24 18 at
1731 2587 38 23 the
1787 2587 92 31 inquest

1291 2620 54 23 held
1355 2620 30 31 by
1397 2620 23 24 J.
1434 2620 29 24 P.
1477 2620 146 31 Fitzgerald,.
1637 2620 70 31 Esq.,
1728 2620 109 29 Coroner,
1851 2628 28 15 on

1291 2653 42 24 thei
1342 2653 58 31 body
1423 2653 25 24 of
1475 2654 51 23 Mr.'
1547 2653 128 24 Archibald
1697 2654 83 23 Milne.
1795 2663 2 5 ■
1829 2654 50 23 The

1291 2687 70 23 whole
1375 2686 64 24 affair
1450 2687 20 23 is
1481 2687 106 23 involved
1597 2687 25 23 in
1633 2691 109 27 mystery.
1779 2686 25 24 A
1811 2687 68 23 white

1291 2728 54 15 man
1354 2720 42 23 has
1409 2721 131 30 undergone
1553 2728 29 15 an
1593 2721 161 27 examination,
1763 2720 43 23 but
1817 2721 62 22 since

1291 2754 141 30 discharged.
1441 2754 78 25 ..The
1537 2754 76 23 native
1624 2754 91 30 against
1726 2753 82 28 whom,
1820 2753 59 23 from

1292 2788 38 23 the
1343 2787 112 29 evidence,
1467 2787 64 23 there
1541 2788 20 22 is
1574 2795 61 14 some
1648 2787 125 31 suspicion,
1794 2786 47 23 will
1851 2787 28 22 be

1430 2825 29 18 at'
1472 2820 51 23 'the-
1539 2820 125 31 adjourned
1683 2820 98 31 inquest,
1806 2819 73 24 wliich

1291 2855 46 22 will
1349 2855 27 22 be
1387 2854 53 23 held
1451 2856 24 21 at
1488 2855 29 22 11
1531 2852 88 25 o'clock
1632 2853 45 24 this
1690 2853 50 31 day,
1752 2855 23 22 at
1787 2853 91 24 Petoni.

1293 2888 50 24 The
1354 2888 108 23 deceased
1474 2895 49 15 was
1534 2887 100 23 interred
1645 2895 30 15 on
1686 2887 89 30 Friday,
1782 2886 71 29 last,,.
1855 2888 24 22 in

1291 2921 39 24 the
1341 2929 112 23 presence-
1461 2921 27 23 of'
1501 2929 13 15 a
1523 2921 63 31 large
1603 2928 124 15 concourse
1747 2920 26 23 of
1793 2921 86 23 friends

1326 3015 49 24 The
1390 3015 86 31 barque
1486 3032 3 6 ,
1495 3015 139 31 Brougham,
1648 3015 68 31 Capt.
1739 3015 140 29 Kettlewell,

1291 3049 89 23 arrived
1399 3053 34 19 at-
1443 3048 105 29 London,
1570 3056 28 16 on
1612 3050 44 22 'the
1665 3046 54 26 ''6th'
1737 3049 25 23 of
1774 3048 13 31 '
1787 3048 91 31 August.

1292 3083 46 24 She
1350 3082 71 23 sailed
1430 3082 60 24 from
1509 3082 58 24 Port
1578 3082 134 24 Nicholson,
1717 3082 36 23 on'
1758 3082 39 23 the
1813 3082 71 31 night,

1291 3117 26 23 of
1337 3115 38 25 the
1397 3115 42 25 sth
1459 3116 25 23 of
1490 3137 4 8 ,
1500 3116 57 31 May
1566 3125 6 19 ;
1591 3115 45 24 and
1654 3115 42 24 has
1716 3116 163 31 consequently

1290 3149 65 24 made
1366 3157 14 16 a
1390 3149 147 31 remarkably
1548 3149 59 31 good
1625 3157 126 23 passage.,.,
1761 3149 50 26 .We
1826 3157 53 23 iuay

1289 3183 55 23 look
1361 3182 60 31 daily
1432 3183 36 23 for
1484 3182 144 31 intelligence
1636 3201 3 4 .
1646 3183 59 23 from
1719 3182 124 31 'England,
1857 3182 24 24 of

1289 3216 39 24 the
1339 3220 100 27 greatest
1448 3216 139 31 importance
1599 3220 29 19 to-
1634 3216 47 23 this
1695 3215 112 32 Colony..»
1821 3230 3 6 .
1836 3232 13 4 ■•

147 2449 278 18 METEOROLOGICAL
439 2449 104 18 TABLE.

68 2473 44 20 For
122 2474 34 19 the
165 2474 54 19 week
233 2474 75 25 ending
320 2475 117 25 Thursday,
447 2475 53 19 Dec.
514 2475 33 24 16,
561 2475 62 21 1841.

706 2279 25 24 A
750 2279 135 31 distressing
907 2280 102 24 accident
1032 2281 43 23 has
1098 2281 119 32 happened
1240 2286 22 19 to

674 2313 98 30 Captain
794 2312 94 24 Liardet
908 2319 24 17 at
949 2313 57 25 New
1031 2314 135 31 Plymouth.
1213 2315 50 24 The

673 2346 115 31 following
807 2346 134 32 plirticulars
962 2355 52 23 may
1025 2348 28 23 be
1072 2348 71 23 relied
1163 2357 61 23 upon
1239 2357 24 15 as

674 2384 95 18 correct.

708 2413 97 31 Captain
825 2413 101 29 Liardet,
940 2414 47 23 Mr.
1002 2414 108 30 Cutfield,
1132 2415 49 24 Mr.-

674 2454 41 16 son
734 2445 56 32 (late
809 2446 25 24 of
855 2447 37 23 the
910 2447 91 23 Amelia
1023 2447 151 33 Thompson),'
1189 2449 45 23 and
1251 2458 14 15 a

674 2488 91 15 seaman
786 2480 129 31 belonging,
928 2485 22 18 to
972 2481 37 24 the
1027 2481 99 31 Regina,
1143 2491 61 15 were
1222 2491 41 16 ex-

673 2514 102 30 amining
793 2521 13 15 a
818 2514 63 31 piece
892 2514 25 23 of
932 2514 113 24 ordnance
1057 2515 71 23 taken
1140 2521 40 18 out
1192 2517 24 23 of
1226 2516 38 24 the

672 2547 98 31 Regina.
807 2547 51 23 The
867 2547 106 24 chamber
985 2548 24 23 of
1020 2548 38 23 the
1069 2556 48 23 gun
1128 2557 47 16 was
1187 2550 43 23 full
1242 2550 25 23 of

672 2581 50 23 iron
743 2584 49 20 rust
813 2580 44 24 and
879 2581 63 29 sand,
966 2581 44 24 and
1041 2581 97 32 Captain
1169 2583 96 24 Liardet

674 2613 93 24 ordered
775 2614 69 23 about
851 2614 61 23 three
921 2620 102 25 quarters
1032 2614 24 25 of
1066 2624 13 15 a
1085 2616 77 31 pound
1171 2616 25 24 of
1204 2625 60 22 gun-

672 2647 91 32 powder
771 2651 23 19 to
801 2647 28 23 be
837 2648 85 31 poured
928 2648 73 24 down.
1039 2649 50 23 The
1098 2657 47 23 gun
1152 2658 47 16 was
1209 2650 56 24 then

672 2680 97 24 lowered
781 2685 23 19 to
816 2681 39 23 the
865 2681 96 31 ground,
974 2682 38 23 the
1026 2682 135 25 touch-hole
1174 2677 94 31 cleared.'

674 2714 43 24 and
730 2714 102 32 primed;
852 2714 51 24 but.
908 2715 64 23 three
989 2720 107 27 attempts
1109 2721 28 19 to.
1142 2717 43 23 fire
1197 2719 18 21 it
1234 2717 33 24 off

672 2748 78 23 failed.
759 2748 3 4 '
787 2747 97 32 Captain
902 2748 95 24 Liardet
1015 2749 55 24 then
1090 2750 71 23 threw
1173 2759 13 15 a
1197 2751 68 23 small

674 2782 63 31 piece
750 2781 25 23 of
784 2781 86 31 lighted
882 2782 49 24 coal
942 2782 67 24 down-
1021 2782 38 24 the
1077 2783 98 30 muzzle,
1187 2785 43 23 but
1246 2785 19 23 it

675 2815 77 24 stuck-
769 2814 144 30 somewhere,
940 2816 45 23 and
1004 2816 40 23 did
1065 2821 40 19 not
1127 2818 74 23 reach-
1224 2818 38 23 the

674 2849 97 31 powder.
808 2848 25 24 It
844 2856 46 16 was
901 2849 55 23 then
967 2850 112 31 proposed
1093 2855 23 19 to
1129 2851 86 24 elevate
1225 2851 39 24 the

674 2881 90 29 breech,
783 2889 58 24 pour
863 2886 39 19 out
924 2882 39 24 the
984 2883 98 31 powder,
1108 2884 45 23 and
1174 2885 32 23 let
1225 2886 38 22 the

673 2915 141 24 blacksmith,
825 2915 59 23 clear
891 2920 39 19 out
942 2916 37 24 the
991 2917 46 23 dirt
1047 2917 56 23 with
1112 2924 28 16 an
1147 2918 53 24 iron
1212 2919 50 23 bar.

674 2949 24 24 It
710 2950 19 22 is
741 2953 60 19 most
813 2949 170 32 extraordinary
995 2950 50 24 that
1062 2959 30 15 no
1110 2959 85 23 person
1210 2959 53 24 pre-

674 2987 55 19 sent
747 2982 134 24 recollected
902 2983 38 23 the
963 2984 63 31 piece
1049 2985 25 23 of
1082 2982 6 13 N
1099 2984 90 31 lighted
1211 2986 51 23 coal

673 3016 88 23 thrown
771 3016 26 23 in
815 3016 44 23 five
875 3023 25 16 or
918 3017 37 23 six
973 3018 99 23 minutes
1089 3018 87 24 before.
1212 3019 51 23 The

672 3058 56 23 gun.
732 3058 45 14 was
788 3049 80 31 placed
881 3050 52 23 with
942 3051 40 24 .its
993 3051 90 23 muzzle
1102 3051 75 26 in^he
1189 3052 57 23 sand
1255 3062 7 19 ;

672 3083 40 24 the
722 3082 92 32 powder
824 3090 41 16 ran
886 3083 64 24 down
969 3084 45 23 and
1031 3084 104 24 reached'
1147 3086 43 23 the'
1206 3086 56 29 coal,

672 3117 45 23 and
740 3124 28 16 an
792 3115 125 32 explosion,
946 3117 26 23 of
995 3126 87 21 course,
1107 3117 56 25 took
1188 3119 74 31 place.

674 3150 97 31 Captain
783 3150 97 23 Liardet
891 3150 46 25 and
948 3150 48 25 Mr.
1009 3151 98 24 Watson
1118 3153 104 23 received
1233 3154 30 22 its

671 3183 43 23 full
735 3183 68 30 force,
825 3184 44 24 and
890 3183 38 25 the
947 3192 93 16 seaman
1057 3185 98 32 escaped
1175 3187 55 22 with
1249 3195 15 15 a

672 3217 104 31 quantity
790 3217 25 23 of
824 3218 57 23 sand
891 3218 24 23 in
922 3217 41 24 .his
977 3226 62 22 eyes.

707 3250 96 31 Captain
826 3251 94 25 Liardet
935 3259 46 16 was
1004 3251 71 25 taken
1098 3256 23 20 to
1137 3253 46 23 bed
1200 3254 62 30 quite

672 3284 106 29 sensible,
799 3284 47 24 but'
857 3284 36 25 his
910 3286 50 23 face
969 3293 46 16 was
1034 3285 139 30 coal-black,
1192 3287 70 23 much

672 3317 99 30 swollen,
785 3317 45 24 and
841 3317 54 25 both
907 3326 53 24 eyes
973 3318 82 25 closed.
1093 3319 47 24 Mr.
1154 3319 111 30 Watson,'

670 3358 47 16 was
736 3351 68 24 much
816 3352 25 23 in
851 3352 38 23 the
900 3359 63 17 same
975 3356 66 25 state,
1061 3352 42 24 but
1115 3353 66 23 could
1197 3361 39 16 see
1248 3363 13 14 a

670 3384 59 24 little
741 3384 54 24 with
813 3393 43 15 one
874 3393 48 23 eye.
959 3385 50 24 The
1029 3394 93 15 seaman
1133 3387 68 22 could
1213 3388 48 22 'not

671 3425 58 23 open
741 3417 35 24 his
790 3426 60 23 eyes,
868 3419 42 23 but
921 3418 97 32 thought
1034 3419 36 24 his
1082 3420 67 30 sight'
1156 3427 47 16 was
1212 3420 48 29 ;tfri-

670 3451 99 31 injured.
898 3455 2 5 '

704 3484 58 23 This
780 3492 45 16 was
836 3484 39 25 the
887 3489 57 27 sjtate
957 3486 25 23 of
997 3486 42 23 the
1048 3486 108 24 sufferers
1169 3495 30 15 on
1217 3487 43 24 the

671 3517 59 24 29th
743 3517 25 23 of
782 3517 137 31 November,
940 3518 38 24 the
997 3519 44 31 day
1051 3517 50 33 (we
1112 3519 99 31 believe)
1230 3528 30 15 on

669 3550 75 24 which
764 3551 38 24 the
825 3552 104 24 accident,
938 3552 125 24 'occurred.
1074 3569 2 4 .
1105 3553 124 32 Accounts^
1246 3563 14 15 a

669 3583 66 24 week
744 3584 58 24 later
813 3585 99 24 mention
924 3585 50 24 that
982 3584 12 33 '
994 3584 97 33 Captain'
1105 3585 97 25 Liardet
1211 3595 47 16 was

669 3617 116 24 delirious.
826 3618 105 25 Another
941 3618 67 25 letter
1018 3620 116 23 intimates
1147 3628 15 15 a
1174 3620 84 24 chance

670 3651 24 23 of
708 3651 36 23 his
764 3651 133 32 recovering
903 3670 3 4 .
915 3651 38 24 Kis
969 3645 112 38 eyesight*,
1100 3657 24 19 at
1133 3653 61 24 least
1204 3646 54 39 jiar-

670 3684 49 22 tiall

700 3742 1 5 ,
714 3717 58 24 This
793 3717 41 25 sad
856 3726 133 16 occurrence
1011 3718 47 24 had
1070 3719 127 31 .produced

669 3755 100 26 greatest
787 3751 107 24 affliction
914 3756 24 19 at
957 3752 58 23 New
1035 3752 134 32 Plymouth,
1182 3754 76 26 wjiefce

670 3784 96 31 Captain
779 3784 94 24 Liardet
890 3786 20 22 is
926 3785 69 23 much
1008 3785 44 23 and
1071 3786 135 32 deservedly
1216 3788 42 23 be-

667 3817 75 24 loved.
779 3818 40 23 He
830 3825 94 25 appears
937 3823 22 18 to
971 3818 65 24 have'
1041 3820 90 30 gained'
1140 3821 119 23 universal

667 3850 129 30 good-wilL
815 3851 27 31 by
863 3851 35 23 his
917 3851 155 24 cheerfulness
1096 3853 44 23 and
1162 3861 96 24 energy,

668 3883 44 22 and
723 3883 36 23 his
778 3884 68 30 ready
862 3884 120 31 sympathy
1002 3885 56 24 with
1076 3893 97 24 persons
1183 3887 25 22 of
1227 3888 31 22 all

668 3916 84 23 classes
762 3916 80 31 placed
852 3917 70 23 under
933 3917 37 23 his
982 3918 111 31 guidance
1111 3919 45 23 and
1168 3925 90 26 protec-

668 3950 56 22 tion.
755 3952 3 4 '

1291 3284 30 20 To
1324 3284 40 19 ,tke
1373 3282 77 21 Editor
1459 3282 25 25 of
1491 3279 35 23 ttie
1557 3281 53 21 New
1624 3282 95 20 Zealand
1735 3282 86 20 Gazette
1837 3282 42 21 and

1295 3307 3 5 '
1309 3312 3 3 ■
1333 3313 3 4 ■
1349 3307 2 8 •
1378 3304 42 13 '•■'-■
1444 3310 130 25 Wellington
1584 3310 118 25 Spectator.
1705 3311 14 10 11
1720 3324 3 7 ,
1737 3305 3 5 '
1762 3312 4 5 '
1783 3303 2 24 '•

1284 3365 2 5 ,
1296 3368 4 3 .
1321 3366 2 5 ,
1341 3361 30 15 ,<i
1441 3349 14 21 i)
1470 3353 21 16 of
1512 3357 4 11 i
1527 3359 3 8 i
1542 3349 24 20 \-
1582 3349 4 3 '
1629 3347 94 27 Basque.
1729 3347 107 25 Ele.an.or,-

1607 3373 128 24 December
1740 3376 38 25 20,
1791 3376 60 20 1841.

1316 3409 76 26 Sir,—
1393 3408 29 22 ln
1430 3415 46 19 -my
1474 3413 7 11 J
1490 3407 190 22 communication
1686 3407 136 27 'last-week,
1832 3408 45 21 'the

1287 3436 120 26 following,
1422 3435 31 26 by
1467 3442 61 14 some
1547 3434 110 26 accident,
1672 3441 45 15 was
1733 3435 102 21 omitted.
1848 3443 3 7 <
1863 3434 14 22 -I

1287 3463 64 26 have,
1371 3462 117 26 therefore,
1508 3464 23 19 to
1550 3465 88 23 request
1656 3460 57 29 you!
1719 3461 44 22 will
1782 3461 58 27 givel
1853 3462 31 21 in*

1286 3490 109 22 insertion
1439 3488 160 27 Wednesday's
1608 3489 80 26 pajjer.'
1738 3509 4 10 t
1765 3508 3 2 .
1794 3505 3 11 ,

1422 3523 12 22 I
1444 3530 44 19 am,
1495 3523 45 26 [Sir,
1648 3539 19 9 ,
1682 3538 2 5 ,
1709 3538 10 12 tl
1728 3517 17 33 \,
1751 3544 3 6 i

1357 3572 2 4 ,
1386 3563 3 12 i
1454 3550 22 21 Y
1472 3567 4 9 ;
1477 3545 40 26 ouir
1528 3549 107 22 obedient
1641 3547 97 29 servant,
1747 3557 3 6 •

1450 3588 5 15 :
1474 3600 3 4 .
1491 3605 2 3 .
1687 3583 161 23 Holderness.
1862 3585 4 3 '

1314 3619 54 22 Care
1378 3617 80 23 should
1471 3618 29 21 be
1509 3617 68 22 taken
1593 3620 22 18 to
1625 3617 72 22 watch
1716 3624 66 20 every
1789 3617 87 22 indica-

1286 3646 48 21 tion
1352 3645 28 22 of
1396 3645 38 22 the
1448 3645 130 21 .barometer
1578 3655 28 3 —
1606 3644 34 21 for
1660 3644 61 26 here,
1740 3644 78 21 unlike
1837 3644 39 21 the

1287 3676 87 19 eastern
1385 3675 61 19 coast
1456 3671 26 22 of
1493 3671 57 22 New
1560 3670 74 23 South'
1640 3670 83 27 Wales,
1734 3670 18 21 it
1760 3670 51 21 falls
1822 3670 54 21 with

1286 3707 14 14 a
1310 3699 49 22 S.E.
1371 3706 24 15 as
1410 3698 49 22 well
1469 3705 24 14 as
1510 3705 17 19 a,
1538 3698 65 21 N.W.
1618 3697 77 27 wind,~
1702 3697 45 22 and
1762 3696 54 22 with
1831 3703 44 20 any

1285 3726 108 26 lowering
1569 3728 21 18 to
1610 3723 39 22 the
1675 3724 66 21 south
1768 3723 108 22 eastward

1287 3753 64 22 when
1360 3760 56 15 near
1425 3752 59 26 Cape
1493 3751 133 26 Terriwitte,
1636 3749 164 28 accompanied
1805 3749 31 27 by
1846 3748 28 23 ah

1287 3780 109 26 unsteady
1413 3779 67 21 N.W.
1497 3777 30 22 or'
1537 3778 63 21 other
1617 3777 66 26 wind,
1695 3777 82 22 vessels
1795 3776 80 21 should

1286 3811 45 18 not'
1336 3805 111 29 approach
1462 3808 46 18 too-
1516 3811 56 15 near
1582 3804 36 21 the
1627 3814 3 7 *
1635 3806 62 19 coast
1705 3803 58 22 until
1777 3803 38 21 the
1824 3803 53 22 liar-,

1286 3834 57 21 hour
1356 3833 17 22 is
1385 3832 70 28 ,open,
1472 3831 65 22 when
1553 3831 52 26 they
1689 3829 70 28 safely
1773 3830 54 21 haul
1843 3830 31 21 in.

1287 3861 79 22 Before
1378 3859 37 22 the
1424 3858 109 28 approach
1545 3858 26 21 of
1581 3857 37 22 the
1627 3857 45 21 last
1682 3857 51 21 S.E.
1741 3857 58 26 gale,
1810 3857 65 22 when

1288 3888 62 21 those
1367 3885 84 23 vessels
1469 3892 59 15 were
1543 3884 56 27 lost;
1625 3890 39 20 my
1683 3884 125 21 barometer
1831 3883 45 22 had

1286 3914 69 21 fallen
1373 3920 24 14 a3
1412 3912 43 22 low
1470 3919 23 14 as
1509 3912 34 21 29.
1554 3913 42 25 20.,
1607 3910 133 27 continuing
1756 3917 23 14 so
1796 3910 80 27 during

1288 3941 36 22 the
1335 3940 69 22 whole
1416 3939 25 21 of
1452 3938 110 28 Saturday
1573 3937 44 22 and
1627 3938 110 25 Saturday
1748 3937 77 27 nigh*,'
1832 3938 44 20 and

1288 3968 53 22 then
1359 3966 115 27 gradually
1493 3972 49 15 rose
1564 3972 28 15 on
1613 3964 92 27 Sunday
1723 3964 112 27 morning,
1854 3967 22 18 to

1931 1658 77 20 Before
2027 1666 40 19 any
2085 1659 87 21 decided
2186 1662 57 24 steps
2259 1667 34 14 are
2309 1661 64 20 taken
2387 1661 51 20 with
2457 1668 34 14 re-

1908 1688 55 23 spect
1972 1688 23 18 to
2003 1687 35 19 the
2047 1687 95 20 erection
2152 1687 23 21 of
2183 1694 12 14 a
2203 1687 147 26 Light-house,
2360 1689 19 20 it
2387 1689 69 20 would
2466 1689 26 21 be

1907 1713 66 21 useful
1989 1714 41 20 and
2045 1715 117 26 important
2178 1717 22 18 to
2215 1716 74 20 collect
2305 1715 35 21 the
2356 1717 98 25 opinions
2469 1717 24 20 of

1908 1741 25 19 all
1944 1744 118 23 competent
2076 1748 88 20 persons
2173 1749 23 14 as
2210 1745 23 18 to
2243 1743 35 20 the
2288 1743 40 21 site
2337 1746 56 18 most
2408 1744 83 26 eligible

1907 1769 31 19 for
1947 1769 36 19 the
1991 1775 99 20 purpose.
2189 1779 3 4 •
2231 1781 3 6 <

1931 1795 35 21 No
1981 1802 39 14 one
2031 1803 39 14 can
2086 1798 119 27 appreciate
2219 1805 58 14 more
2286 1798 51 21 than
2353 1800 85 26 myself,
2453 1800 38 21 the

1908 1823 58 21 relief
1973 1825 67 19 which
2055 1831 41 20 any
2105 1826 60 19 mark
2175 1826 24 20 of
2215 1823 125 24 civilization
2354 1827 70 20 would
2438 1828 53 20 have

1908 1851 104 25 afforded,,
2017 1852 60 20 when
2086 1854 30 19 off
2125 1854 34 19 the
2170 1856 48 24 port
2225 1854 23 19 in
2257 1860 12 13 a
2283 1854 50 21 S.E.
2343 1854 55 26 gale,
2413 1855 23 20 in
2446 1856 45 19 Au-

1907 1881 45 24 gust
1958 1879 47 24 last,
2016 1880 60 19 when
2083 1880 36 20 the
2125 1881 51 20 lives
2185 1882 23 19 of
2215 1888 23 13 so
2248 1888 61 20 many
2316 1882 108 26 depended
2432 1889 58 21 upon

1908 1906 33 20 the
1948 1906 110 26 judgment
2069 1907 24 20 of
2102 1914 47 14 one.
2185 1903 4 9 :
2276 1928 5 4 „
2292 1910 2 6 '
2422 1918 2 4 ■

1930 1933 44 20 The
1982 1941 69 14 access
2058 1937 23 18 to
2090 1935 51 20 Port
2149 1936 115 21 Nicholson
2274 1936 63 26 being
2344 1943 24 14 so
2376 1944 49 19 easy
2431 1939 60 20 when

1908 1967 48 14 once
1966 1962 84 24 known,
2067 1963 59 20 there
2135 1964 43 19 will
2187 1970 64 14 never
2264 1964 75 20 be-two
2350 1965 98 26 opinions
2464 1972 28 14 on

1907 1988 43 20 that
1961 1989 86 25 subject.

1932 2016 22 20 If
1964 2023 42 19 you
2017 2018 96 20 consider
2123 2025 42 19 any
2174 2021 48 23 part
2232 2019 25 20 of
2264 2019 41 20 this
2316 2020 176 22 communication

1907 2044 80 24 worthy
1994 2044 24 19 of
2022 2046 113 22 insertion,
2145 2052 23 12 as
2176 2046 67 24 likely
2248 2049 21 17 to
2279 2050 97 22 promote
2386 2048 35 18 the
2430 2048 62 20 noble

1905 2069 149 21 intentions-of
2065 2071 36 19 the
2118 2071 87 25 spirited
2216 2073 129 26 community
2354 2073 25 20 of
2387 2074 105 27 Welling-

1907 2098 42 22 ton,
1960 2103 35 19 my
2003 2098 69 24 object
2080 2098 43 20 will
2133 2098 25 20 be
2168 2098 54 27 fully
2231 2100 105 20 obtained.

2014 2125 10 20 I
2035 2131 41 18 am,
2088 2126 41 23 Sir,

2039 2152 62 21 Your
2110 2155 57 18 most
2177 2153 97 21 obedient
2284 2158 91 23 servant;
2394 2170 3 4 .

2194 2181 120 24 Charles.
2317 2183 147 26 Kobebltson-,

2115 2208 140 21 Commander
2265 2210 23 19 of
2297 2211 35 19 the
2339 2211 78 27 barque
2430 2213 56 25 Tyne

1909 2256 26 19 To
1945 2256 35 21 the
1989 2256 77 21 Editor
2076 2257 28 24 of
2112 2258 36 19 the
2184 2258 54 20 New
2249 2259 93 20 Zealand
2353 2259 86 21 Gazette
2449 2261 41 20 and

2059 2285 127 25 Wellington
2199 2286 119 25 Spectator.
2321 2287 14 11 11

2038 2311 106 21 Lambton
2152 2313 101 25 harbour,
2262 2313 115 21 December
2388 2315 32 25 17,
2431 2316 61 20 1841.

1931 2339 48 27 Sik,
1982 2350 28 4 —
2010 2339 49 20 You
2069 2340 69 20 would
2149 2340 68 26 oblige
2228 2347 34 13 me
2273 2341 29 26 by
2310 2341 72 26 giving
2391 2340 110 24 insertion'

1907 2369 18 18 to
1937 2367 35 20 the
1984 2367 107 26 following
2101 2370 114 18 statement
2231 2369 25 19 of
2267 2369 36 19 the
2318 2370 95 20 accident
2424 2371 68 20 which

1907 2395 97 19 occurred
2013 2398 23 17 to
2045 2401 38 20 my
2093 2395 56 26 ship,
2160 2395 78 27 during
2247 2396 35 20 the
2293 2397 46 25 gale
2350 2403 30 14 on
2391 2397 102 28 Saturday

1906 2423 45 19 last.
2398 2434 3 5 .
2471 2425 2 8 '

1930 2449 45 21 The
1989 2451 125 26 Middlesex,
2125 2451 55 20 from
2196 2451 90 26 Sydney,
2297 2452 60 20 made
2370 2453 36 20 the
2417 2454 75 20 mouth

1907 2476 21 20 of
1940 2478 35 19 the
1985 2477 91 24 harbour
2086 2478 66 20 about
2159 2479 13 19 5
2190 2479 82 20 o'clock
2285 2486 27 13 on
2329 2479 103 28 Saturday
2441 2481 49 20 last.

1907 2504 42 20 The
1957 2505 56 20 wind
2027 2506 64 25 being:
2105 2505 57 27 right
2176 2508 44 24 out,
2233 2506 11 20 I
2253 2513 40 14 was
2309 2507 85 27 beating
2410 2509 30 24 in,
2451 2509 41 20 and

1906 2532 59 20 ■while
1973 2533 25 20 in
2008 2535 56 24 stays
2074 2534 56 19 close
2140 2540 29 13 on
2178 2536 22 18 to
2211 2534 37 20 the
2258 2536 80 19 eastern
2348 2536 69 24 shore,
2429 2536 11 20 I
2450 2543 40 14 was

1907 2560 100 27 auddenly
2016 2561 77 26 caught
2102 2561 28 26 by
2145 2567 12 14 a
2173 2559 68 28 squall
2254 2562 46 20 first
2309 2562 55 21 from
2373 2564 38 20 the
2421 2563 66 25 S.W.,

1898 2588 56 25 .then
1970 2595 28 13 as.
2008 2588 82 26 rapidly
2095 2589 89 25 iveering
2200 2589 80 20 round;
2288 2592 28 18 to-
2328 2590 35 20 the
2382 2591 50 20 S.E.
2446 2595 3 13 s
2459 2591 31 20 To

1907 2616 58 19 avoid
1974 2616 92 26 running
2076 2623 28 13 on
2113 2618 37 18 the
2159 2618 84 19 eastern
2257 2617 68 25 shore,
2335 2618 63 21 Lwas
2405 2618 85 26 .obliged

1907 2649 19 14 as
1938 2644 34 19 the
1988 2644 50 25 only
2053 2644 78 20 chance
2147 2644 117 26 remaining
2278 2647 23 18 to
2306 2658 2 5 .
2318 2651 74 21 escape
2399 2657 2 5 •
2408 2646 63 26 being
2479 2653 12 13 a

1907 2671 50 20 total
1965 2671 74 26 wreck,
2051 2674 23 17 to
2091 2677 41 14 run
2147 2672 36 19 the
2196 2672 49 26 ship
2254 2672 92 21 between
2359 2674 37 19 the
2412 2674 41 19 end
2470 2674 22 20 of

1906 2698 34 19 the
1964 2698 67 26 rocky
2048 2699 48 20 reef
2123 2700 42 19 and
2184 2705 12 14 a
2209 2697 3 10 ;
2220 2699 108 21 detached.
2332 2708 3 9 >
2346 2701 53 20 rock
2422 2701 70 20 which

1903 2725 18 20 -1
1925 2731 43 14 saw.
1975 2726 23 19 it:
2001 2732 42 14 was
2049 2726 126 26 .impossible
2188 2729 22 18 to
2221 2728 97 24 weather,
2328 2728 94 20 between
2431 2728 59 20 these

1906 2754 39 18 two
1968 2753 71 26 points
2062 2754 60 19 there
2144 2760 42 13 was
2208 2754 72 26 barely
2303 2761 61 19 space
2388 2755 104 21 sufficient

1906 2780 32 20 for
1947 2780 36 20 the
1994 2780 45 26 ship
2050 2782 24 18 to
2090 2787 47 20 pass
2154 2780 105 26 through';
2276 2781 71 21 whilst
2359 2783 88 26 passing
2451 2784 40 20 'be-

1907 2811 64 17 tween
1980 2808 37 20 the
2034 2808 62 20 rocks
2113 2808 38 20 she
2159 2814 42 16 was
2216 2809 40 19 felt
2268 2811 29 18 to-
2306 2816 63 19 graze
2379 2810 62 27 along
2454 2811 37 20 her

1907 2835 106 21 starboard
2021 2835 54 25 bow,
2090 2835 40 21 but
2138 2836 37 20 she
2189 2842 63 14 never
2260 2836 42 21 lost
2309 2843 54 20 way.
2392 2837 46 21 The
2446 2839 45 25 gals

1907 2863 42 19 still
1957 2863 184 26 'inbreasingwith
2150 2865 58 24 great
2221 2864 108 21 thickness
2339 2865 24 19 of
2370 2866 98 23 weather,
2479 2865 11 21 I

1906 2896 39 14 ■was
1955 2890 82 27 obliged
2048 2891 103 26 although
2163 2891 36 20 the
2208 2891 57 20 wind
2278 2897 42 15 was
2328 2892 122 21 favourable
2457 2893 34 20 for

1907 2918 90 26 running
2004 2924 37 20 up,
2048 2920 33 19 'to
2091 2919 63 20 avoid
2159 2919 72 26 'doing
2239 2919 82 21 further
2333 2920 72 26 injury
2413 2922 77 25 to-my-

1907 2946 39 20 self
1963 2952 24 14 or
2003 2946 109 26 others_to
2122 2947 30 20 let
2161 2953 35 19 go-
2203 2953 38 20 my
2250 2947 89 25 anchor,'
2349 2948 70 20 which'
2425 2948 17 20 T
2455 2947 35 21 did

1907 2973 64 21 under
1980 2973 36 21 the
2025 2975 47 19 first
2082 2974 116 28 sheltering,
2205 2974 68 27 point,
2281 2975 70 20 where
2361 2975 37 20 she
2407 2975 83 20 fortun-

1907 3001 54 26 ately
1970 3002 50 20 rode
2030 3003 37 24 put
2081 3001 57 21 until
2149 3002 36 20 the
2199 3002 47 26 gale
2260 3001 80 22 abated.
2363 3002 55 22 ,Had
2429 3003 60 22 .there

1973 3035 23 14 as
2005 3030 18 19 is
2026 3051 3 5 _
2032 3029 84 26 usually
2121 3030 37 19 the
2168 3035 47 14 case
2224 3029 24 20 in
2257 3029 101 22 harbours
2368 3030 24 20 of
2399 3025 44 31 any*
2448 3030 40 21 im-

1906 3058 107 24 portance,'
2022 3062 13 15 a
2043 3057 55 26 pilot
2107 3055 85 22 station*
2195 3056 56 21 from
2259 3057 69 20 which
2335 3058 77 20 vessels
2420 3058 68 26 might

1906 3084 24 19 be
1943 3083 95 26 .boarded
2049 3084 33 26 .by
2090 3084 66 27 pilots
2170 3083 125 27 acquainted
2304 3085 52 20 with
2368 3085 37 20 the
2422 3088 65 22 coast,

1902 3111 48 24 'and,
1959 3112 36 20 the
2005 3112 80 20 sudden
2099 3112 90 26 changes
2198 3112 25 20 of
2234 3112 91 21 weather
2333 3114 23 19 to
2365 3113 69 20 which
2439 3110 27 23 'it'
2469 3114 18 19 is

1907 3139 85 25 subject,
2004 3135 12 24 i
2024 3140 45 20 feel'
2078 3145 27 14 no
2114 3140 116 19 hesitation
2239 3140 24 19 in
2272 3140 78 26 stating
2359 3140 47 20 that
2414 3140 29 20 all
2452 3140 34 20 the

1906 3167 103 20 accidents
2022 3167 76 20 which-
2106 3168 53 19 have
2175 3168 101 20 occurred
2288 3168 68 26 might
2369 3168 52 20 have
2432 3167 54 22 been

1905 3194 93 21 avoided.
2029 3206 7 12 -,
2050 3197 50 21 ,■>_•,,]
2169 3211 3 5 .
2226 3197 67 21 .;.,!',
2328 3199 4 4 '
2351 3204 12 7 ••
2441 3202 5 17 ;
2466 3202 13 21 \

1897 3227 8 19 ',
1917 3236 2 8 ;
1918 3238 1 3 .
1931 3222 21 20 It
1961 3222 19 20 is
1990 3222 35 20 the
2034 3228 66 15 .more
2114 3228 111 20 necessary
2229 3222 39 23 .for
2282 3223 110 26 strangers'
2405 3223 81 26 coming

1900 3249 48 21 into
1958 3249 43 21 this
2011 3252 55 24 port,
2076 3251 23 19 to
2114 3250 26 20 be
2156 3250 113 26 provided.!
2271 3251 54 19 with'
2338 3256 58 15 some
2410 3256 76 21 person

1906 3277 121 26 acquainted
2041 3277 52 20 with
2109 3277 36 20 the
2158 3277 90 26 changes
2257 3277 35 21 <of
2300 3289 3 6 <
2309 3277 64 26 wind,
2391 3279 41 21 and
2441 3293 4 5 >
2450 3279 36 19 the

1905 3305 55 25 signs
1976 3305 30 26 by
2016 3305 69 20 which
2100 3305 51 26 they
2159 3311 35 14 are
2209 3305 106 20 indicated
2321 3313 6 18 ;
2333 3312 32 13 <as
2375 3306 37 19 the
2419 3306 67 20 .baro-

1905 3335 64 18 meter
1984 3333 28 26 by
2021 3329 69 23 Which
2105 3339 32 13 we
2153 3339 36 13 are
2203 3333 75 26 always
2295 3333 106 25 regulated
2408 3332 24 20 in
2435 3343 10 13 •,
2447 3339 39 15 our

1905 3360 96 25 opinions
2010 3366 22 14 as
2041 3363 23 17 to
2075 3361 36 19 the
2119 3360 98 24 weather;
2232 3366 86 20 appears
2328 3362 26 17 to,
2359 3362 35 18 act
2403 3359 81 21 here'jin

1905 3393 64 20 away
1978 3387 151 26 diametrically
2138 3387 107 26 opposite.
2249 3389 22 17 to
2283 3387 48 19 that
2342 3386 25 20 in
2467 3388 18 20 it

1905 3414 46 21 does
1962 3415 22 20 in
1994 3422 40 19 any
2044 3415 61 20 other
2121 3415 24 19 of
2156 3415 41 19 the'
2208 3414 99 20 southern
2322 3413 107 22 latitudes.
2457 3415 27 20 In

1905 3443 98 20 southern
2008 3451 2 6 1
2018 3443 114 24 latitudes/
2136 3442 62 20 south
2215 3441 89 26 easterly
2312 3441 67 21 winds
2392 3448 35 14 are
2436 3448 47 21 pre-

1905 3470 61 20 ceded
1975 3470 30 26 by
2013 3476 26 14 an
2055 3469 104 21 elevation'
2169 3469 23 19 of
2204 3465 41 23 the-
2251 3472 101 23 'mercury
2360 3469 24 20 in
2383 3471 3 13 ;
2391 3467 91 23 'the4>a-

1904 3500 95 22 rometer,
2009 3497 62 20 while
2079 3496 49 27 .the,
2137 3496 64 20 north
2205 3497 3 8 1
2215 3496 96 26 westerly
2316 3502 39 14 -are
2368 3496 115 27 proceeded

1905 3524 23 26 by
1938 3531 12 14 a
1957 3524 123 27 .depression
2086 3531 9 16 ;■
2095 3533 26 4 —
2121 3523 44 20 the'
2173 3528 59 14 exact
2246 3523 94 26 opposite
2345 3528 4 7 '
2354 3519 120 30 ho|ds'here
2473 3519 6 11 f
2475 3537 6 6 .

1905 3552 53 20 Such
1966 3552 19 19 is
1996 3554 37 17 not
2042 3550 54 25 only;
2102 3556 36 19 my
2147 3556 46 16 own
2203 3550 139 25 observation,
2352 3551 39 20 but
2396 3552 51 19 'that
2452 3551 31 20 'of

1904 3585 59 20 every
1971 3585 40 14 one
2020 3577 20 20 'l
2054 3578 188 19 hay
2253 3583 33 15 •on
2288 3579 5 11 I
2297 3576 42 22 'the
2340 3578 2 7 l
2349 3572 102 32 'subject;'
2470 3578 11 20 I

1903 3606 60 20 think
1977 3606 21 19 it
2011 3605 73 26 highly
2092 3604 116 26 important
2224 3603 47 22 thai
2282 3611 87 21 persons
2384 3606 66 26 likely
2457 3606 24 19 to

1902 3634 47 19 visit
1958 3633 48 20 this-
2015 3635 56 24 port,
2086 3632 77 21 should
2178 3632 26 21 be
2220 3632 65 21 made'
2295 3632 124 27 acquainted
2431 3632 51 21 with

1902 3660 97 21 thisfact.
2022 3683 3 4 ,
2097 3665 5 5 •
2121 3663 9 18 '.
2166 3662 3 3 '
2234 3659 19 11 ■'■
2268 3655 3 4 '
2345 3667 3 4 ■
2436 3665 4 4 '

1927 3687 11 20 I
1947 3688 52 19 have
2008 3690 23 17 to
2041 3693 84 21 express
2131 3691 41 23 'my
2175 3689 97 18 warmest
2280 3687 77 20 thanks
2363 3689 23 18 to
2394 3686 87 22 Messrs.

1902 3714 119 23 Machattie.
2027 3715 42 20 and
2076 3714 76 26 .Wade,
2166 3715 48 20 who
2230 3714 90 21 boarded
2330 3721 33 14 me
2377 3714 64 21 about
2445 3713 4 11 (_IQ(
2446 3716 35 22 _1Q

1903 3742 80 21 o'clock
1993 3749 27 14 on
2031 3742 104 26 Saturday
2146 3742 68 26 night,
2225 3742 41 20 and
2274 3742 106 21 remained
2388 3742 50 20 with
2448 3748 33 13 me

1902 3770 68 26 giving
1979 3777 33 13 me
2022 3770 54 20 their
2087 3776 46 14 own
2143 3770 120 25 assistance,
2278 3770 42 19 and
2330 3770 45 19 that
2389 3768 23 21 of
2426 3768 55 21 their

1903 3804 49 14 crew
1962 3798 56 20 until
2027 3797 111 27 day-light,
2149 3796 61 21 when
2221 3797 49 25 they
2278 3796 99 21 returned
2385 3802 27 14 on
2419 3797 61 19 shore

1902 3825 30 20 for
1942 3825 81 20 further
2032 3825 122 20 assistance.-

1928 3853 35 19 On.
1973 3852 84 26 Sunday
2067 3852 104 25 morning,
2181 3858 31 13 we
2225 3853 38 24 got
2271 3857 11 14 a
2293 3851 38 20 sail
2342 3850 80 21 matted
2429 3849 51 21 -with

1904 3882 58 18 straw
1968 3880 66 20 under
2041 3880 37 19 the
2082 3879 161 26 shipVbottom,
2248 3879 27 25 by
2281 3878 67 20 which
2351 3878 36 19 the
2393 3877 87 25 draught

1903 3907 21 21 of
1928 3909 61 19 water
1997 3907 91 25 through
2093 3907 36 19 the
2133 3905 47 20 leak
2184 3912 41 14 was
2229 3905 113 26 materially
2349 3904 130 24 diminished,

1904 3935 38 19 and
1951 3941 30 13 we
1995 3940 53 14 were
2065 3933 87 21 enabled
2167 3935 23 18 to
2203 3940 65 19 pump
2281 3933 38 20 her
2335 3933 38 26 dry
2383 3938 33 14 ere
2431 3937 49 14 sun-

1904 3963 64 18 down.

547 47 99 30 THE
672 47 111 30 NEW
795 48 227 31 ZEALAND
1043 48 227 32 GAZETTE
1288 50 101 30 AND
1413 51 325 32 WELLINGTON
1761 54 290 32 SPECTATOR.

769 131 128 22 AGENTS
897 131 64 22 FOR
976 135 72 18 THIS
1060 135 111 18 PAPER.

699 161 39 13 Mr.
748 161 214 17 8UHCHA11..'..'....
967 161 76 17 Petoni.
1220 160 10 2 ''

698 177 39 18 Mr.
748 178 23 18 R.
783 179 183 20 BOHEro.-.'....
971 182 45 17 New
1023 182 110 21 Plymouth,
1140 181 104 18 Taran&Vi.

699 199 39 17 Mr.
750 199 29 18 H.,
785 200 34 17 CII
973 203 112 22 Wanganui.
1114 205 3 4 '
1134 201 4 13 !

700 219 41 18 Mr-
749 221 29 17 W.
790 221 98 19 WILSON
969 224 40 21 Bay
1015 224 23 17 of
1046 223 84 18 islands.
1145 229 10 4 -
1187 229 3 5 •

852 266 119 15 LATEST
986 266 110 15 DATES.

688 290 79 13 London
853 290 49 20 Aug.
935 291 17 15 8.
982 290 41 20 Bay
1029 290 21 16 of
1060 290 94 17 Islands..
1159 290 50 17 Nov.

689 306 76 22 Sydney
855 309 47 18 Nov.
924 311 29 16 27.
981 310 82 17 Thames
1156 311 50 17 Nov.
1228 312 28 16 29.

689 327 42 17 Van
755 328 99 18 Diomau's
982 330 45 18 Port
1036 331 69 22 Phillip
1121 343 35 6 ....
1162 332 49 17 Nov.
1239 333 17 16 3.

710 349 54 17 Land
855 351 48 17 Nov.
924 353 29 17 29.
981 352 91 17 AcUlaida
1159 353 49 17 Oot..
1238 354 18 16 9.

675 384 93 73 New
799 384 218 73 Zealand
1048 384 218 73 Gazette

726 457 67 22 AND
808 458 209 24 WELLINGTON
1034 460 187 23 SPECTATOR.

1914 138 31 20 29.
1955 138 36 20 50.
2018 137 48 22 The
2076 138 125 23 batometer
2216 139 22 22 if
2241 138 61 23 'used
2311 140 23 21 in
2350 142 145 25 conjunction

1914 163 50 21 with
1974 164 38 22 the
2020 164 165 29 thermometer!
2196 166 21 21 is
2225 166 52 28 herp
2286 167 135 23 invaluable.
2453 182 2 7 ,

1939 189 23 22 It
1971 198 52 19 may
2031 198 23 14 as
2064 191 49 22 well
2123 191 53 23 here
2191 193 29 21 be
2233 193 96 27 noticed,
2339 194 49 22 that
2402 195 38 22 the
2449 196 48 23 best

1914 217 121 26 anchorage
2052 215 72 25 se'dms
2140 226 59 19 upon
2215 219 162 22 consideration
2394 224 23 18 to
2433 222 28 22 be
2472 223 23 22 in

1914 243 44 21 mid
1971 243 103 27 channel,
2091 245 101 21 between
2208 245 105 25 Barrett's
2331 247 51 21 reef
2398 248 45 21 and
2457 249 38 26 $he

1914 273 84 18 eastern
2017 269 71 28 shore,
2108 271 74 21 rather
2199 271 56 23 than
2271 273 72 22 under
2361 273 133 24 Pencarrow

1914 295 75 28 Head;
2008 296 94 22 because
2120 297 24 21 in
2159 297 37 22 the
2214 299 95 21 channel
2322 300 37 21 the
2375 301 60 21 wind
2452 305 43 19 sets

1913 321 57 27 right
1980 320 64 24 down
2053 323 24 27 it,
2088 323 44 23 and
2149 324 66 22 N.W.
2228 325 102 23 becomes
2344 334 14 14 a
2367 327 43 22 due
2425 328 68 22 north

1914 348 57 22 wind
1981 349 69 21 there.

1937 375 48 22 The
1995 383 77 15 course
2079 377 58 22 from
2147 377 66 22 Point
2220 378 106 23 Halswell
2335 382 23 19 to
2370 380 66 21 Point
2446 381 49 22 Jer-

1911 400 113 28 iiingham,
2035 403 78 23 should
2132 403 56 23 have
2198 405 57 21 been
2262 406 34 22 W.
2307 408 11 23 £
2330 407 28 26 S.,
2370 407 87 22 instead
2472 408 25 21 of

1915 428 22 22 E.
1949 430 10 24 |
1968 429 30 26 S.,
2008 429 73 22 which
2091 429 19 23 is
2118 437 29 15 an
2157 431 90 22 evident
2258 440 65 14 error.

929 513 134 22 December'
1074 514 33 26 22,
1124 513 78 32 1841/;

120 1335 169 24 SHIPPING
308 1336 276 23 INTELLIGENCE.

281 1386 152 20 ARRIVED.

87 1414 53 20 Dec.
152 1415 22 18 21
181 1428 5 10 ,
197 1414 48 26 ship
254 1414 122 24 Mandarin,
387 1416 41 19 423
440 1417 55 22 tons,
505 1414 61 27 Capt.
578 1415 70 25 Yuile,

59 1442 56 19 from
124 1441 94 25 London,
230 1442 52 21 with
293 1442 130 24 immigrants
434 1442 41 21 and
484 1444 154 19 merchandize.

296 1487 114 21 SAILED.

86 1513 53 22 Dec.
150 1515 34 21 21,
195 1514 46 27 ship
255 1515 101 24 Oriental,
367 1515 48 26 56Q,
426 1515 91 24 Wilson,
529 1515 34 21 for
573 1515 74 25 India;

60 1541 24 19 in
95 1541 83 19 ballast.

87 1569 59 20 Same
166 1569 49 24 day,'
233 1568 112 21 American
369 1569 47 26 ship
436 1571 79 19 Robert
540 1571 108 24 Pulsford,

58 1597 42 18 40'J
117 1598 55 21 tons,
190 1596 90 25 Clough,
296 1597 35 19 for
347 1597 118 21 Auckland.
496 1597 124 27 Passengers
621 1609 27 4 —

59 1623 89 26 Captain
159 1623 120 24 Merrihew,
291 1625 41 19 and
342 1625 100 20 Messiers
454 1625 84 20 Clarke.

288 1671 31 18 IN
333 1671 82 18 PORT.

116 1699 50 23 Ship
176 1699 66 21 Arab,
254 1699 100 18 Sumner.

116 1724 79 26 Barque
205 1724 98 25 Eleanor,
315 1724 137 22 Holderness.

116 1752 104 19 Schooner
229 1752 67 22 Anne,
303 1752 57 20 Joss.

116 1779 80 23 Barque
209 1779 62 23 Tyne,
284 1779 126 21 Robertson.

71 2554 48 16 1841.

157 2532 52 17 Time
216 2533 20 16 of

153 2554 88 16 Observa-

173 2575 44 16 tion.

270 2544 56 16 Baro-

265 2566 63 15 meter.

346 2544 86 17 Thermo-

357 2567 64 15 meter.

459 2522 38 26 £~
506 2526 13 18 8

459 2543 59 26 ilsg

560 2555 61 17 Wind.

51 2632 83 20 Friday...

50 2694 30 17 Sat

50 2757 84 21 Sunday..

50 2820 84 21 Monday.

174 2633 11 15 8

174 2654 52 20 Ip.m.

174 2675 9 15 5

174 2696 10 15 8

174 2717 50 20 Ip.m.

173 2739 10 14 5

173 2759 10 15 8

174 2780 53 20 Ip.m.

173 2801 10 14 5

173 2822 11 15 8

174 2842 52 21 Ip.m.

172 2885 11 14 8

172 2906 54 20 Ip.m.

172 2927 10 14 5

172 2947 10 16 8

172 2968 54 21 Ip.m.

172 2989 9 16 5

172 3010 10 16 8

172 3031 52 20 Ip.m.

171 3052 10 15 5

268 2633 59 17 29.762

268 2655 59 16 29.688

268 2676 58 16 29.668

268 2697 59 16 29.550

258 2729 3 3 .
268 2718 58 16 297400

268 2739 58 15 29.362

268 2760 58 16 29.486

269 2781 58 15 29.608

268 2801 59 17 29.782

268 2822 59 16 29.842

268 2841 67 19 29.818'

269 2865 58 16 29.800

268 2885 61 17 29.874

268 2906 60 17 29.814

268 2923 66 21 29.760'

267 2946 62 19 29.758'

267 2969 60 17 29.744

266 2990 60 17 29.728

267 3012 58 16 29.582

267 3033 59 15 2U.888

266 3054 59 15 29.900

370 2634 26 16 57.

370 2657 27 14 59.

370 2677 27 15 58.

370 2698 37 16 60.5

370 2719 27 16 66.

370 2740 26 16 64.

369 2761 27 16 59.

370 2782 27 16 CO.

370 2803 37 16 59.5

350 2832 4 6 s
370 2824 27 16 59.

370 2844 27 17 61.

370 2866 27 16 G4.

345 2892 5 3 -
370 2886 27 17 61.

370 2908 37 16 66.5

370 2929 27 16 62.

370 2950 27 16 63.

370 2971 37 17 69.5

370 2993 26 15 69.

369 3013 27 16 62.

369 3034 27 16 67.

369 3055 36 16 66.5

468 2659 38 15 0.08

467 2721 37 16 0.26

469 2783 36 17 1.78
513 2776 9 12 '

468 2847 37 15 0.10

538 2634 24 18 N.
569 2637 24 19 by
599 2636 27 16 W.

538 2656 63 17 South.

537 2678 18 16 S.
563 2678 23 21 by
593 2678 21 16 E.

537 2698 23 16 N.
569 2700 22 20 by
599 2699 27 17 W.

537 2719 23 16 N.
569 2721 23 19 by
600 2720 27 16 W.

537 2740 24 17 N.
569 2742 22 19 by
600 2741 27 17 W.

537 2761 64 18 South.

539 2783 63 17 South.

538 2804 64 17 South.

538 2825 64 16 South.
623 2831 2 5 '

539 2845 93 21 Westerly.

539 2867 79 17 N.N.W.

537 2888 25 16 N.
569 2889 23 20 by
599 2889 27 17 W.

538 2909 24 16 N.
569 2910 23 20 by
599 2910 27 17 W.

538 2930 22 16 N.
570 2931 23 20 by
600 2930 27 17 W.

537 2951 24 17 N.
570 2951 51 17 N.W.

537 2972 24 17 N.
569 2973 23 20 by
600 2972 27 17 W.

538 2993 24 17 N.
569 2995 23 19 by
599 2994 27 16 W.

538 3014 18 17 S.
564 3015 23 20 by
594 3015 22 16 E.

538 3036 18 16 S.
564 3036 23 20 by
594 3036 22 16 E.

538 3057 97 19 Southerly

49 2882 84 22 Tuesday

457 2909 59 16 None.

49 2944 44 17 Wed

457 2972 59 16 None.

48 3007 83 18 Thurs...

457 3035 60 17 None.

58 3102 75 22 'riday...

170 3105 10 16 8

381 3088 17 15 B.
401 3088 34 16 ISM
436 3088 72 17 AUKS.

251 3106 53 21 Light
319 3107 27 17 air
361 3108 35 16 and
411 3109 45 19 rain,
471 3110 117 16 commenced
606 3110 27 20 lap
637 3111 7 15 t

272 3128 84 21 evening.

294 3150 33 16 Do.
369 3150 34 16 Do.
448 3151 34 17 Do.

171 3148 52 20 Ip.m.

171 3190 9 14 5

294 3191 11 1 _

293 3191 34 17 Do.
354 3208 5 3 .
373 3192 86 22 showery.

58 3228 22 16 iat

152 3234 4 3 ■
170 3231 10 16 8

294 3232 33 17 Do.
370 3235 82 16 overcast
458 3235 35 16 but
499 3235 41 18 fine.

171 3273 52 20 ll>.m.

252 3274 91 17 Moderate
351 3275 68 21 breeze,
427 3276 90 22 inclining
526 3279 17 15 to
548 3278 46 17 rain.

171 3315 10 14 5

528 3305 2 4 •

294 3316 34 17 Do.
371 3317 43 18 Do.,
450 3319 34 17 Do.

57 3349 80 25 luuday.J

171 3356 10 15 8

253 3357 45 21 Very
305 3360 63 20 strong
375 3359 40 21 gale
422 3361 37 15 and
465 3361 59 21 heavy
531 3361 47 17 rain.

172 3397 53 20 Ip.m.

294 3399 33 18 Do.
370 3401 88 21 showery.

569 3428 5 3 -

172 3439 10 15 5

294 3441 33 17 Do.
370 3443 42 17 fine.
493 3438 7 7 v

57 3479 77 19 ilonday.

144 3488 3 3 ■
173 3481 10 15 8

253 3481 52 21 Light
311 3483 29 16 air
346 3485 35 16 and
389 3489 43 16 very
440 3486 42 16 fine.

172 3523 53 19 Ip.m.

253 3523 91 17 Moderate
351 3525 62 18 breeze
420 3527 36 16 and
463 3532 44 16 very
514 3528 42 17 fine.

172 3564 9 16 5

294 3564 35 18 Do.
370 3567 33 18 Do.
446 3569 35 18 Do.

57 3604 77 20 Cuesday

172 3606 10 16 8

253 3605 54 21 Light
313 3607 62 17 breeze
383 3609 37 17 and
428 3609 89 23 inclining
524 3613 17 15 to
548 3611 47 18 rain.
641 3620 2 10 ,

172 3648 53 20 Ip.m.

253 3648 56 16 Fresh
319 3649 61 16 breeze
387 3651 36 16 and
431 3652 22 16 do
461 3648 45 24 j*T>ut
514 3653 41 17 fine.

173 3690 9 15 5
211 3691 3 4 '
227 3688 3 3 '

606 3674 3 5 •

295 3690 34 16 Do.
371 3691 33 17 Do.
449 3693 34 17 Do.

55 3729 39 16 Wed

173 3731 10 16 8

253 3731 65 21 Strong
324 3732 63 17 breeze
395 3733 35 16 and
437 3738 44 17 very
488 3735 36 16 fine

173 3773 52 19 Ip.m.

294 3773 34 16 Do.
338 3789 2 6 4
372 3773 33 17 Do.
428 3786 3 8 ,
448 3775 34 17 Do.

173 3815 9 15 5

294 3815 34 16 Do.
371 3815 33 17 Do.
449 3817 33 17 Do.

58 3855 76 16 L'lmrs...

173 3857 10 14 8

294 3857 35 16 Do.
371 3857 36 16 and
414 3857 90 22 inclining
510 3859 19 17 to
536 3860 46 17 rain.

172 3897 53 20 Ip.m.

294 3898 33 16 Do.
371 3899 34 16 Do:
448 3899 34 17 Do.

172 3939 9 15 5

483 3930 3 4 •

371 3940 33 17 Do.
448 3940 33 17 Do.

174 128 56 22 New
244 128 100 22 Zealand
360 128 135 28 Company's
511 128 114 28 Principal
636 140 2 6 ■

318 155 95 27 Agent's
428 155 77 27 Ofhce,

228 181 144 27 Wellington;
383 181 98 22 October
490 181 23 27 B,'
519 182 63 21 1841.

66 213 124 48 BILLS,
204 217 21 18 at
241 214 68 27 thirty
320 214 61 27 days'
396 214 78 26 sight,-
479 214 76 22 drawn
565 215 37 26 -by
613 214 44 22 tKe>

144 240 109 27 Principal
269 241 76 26 Agent
358 248 29 14 on
397 241 38 21 the
446 241 115 27 Secretary
576 241 26 21 of
613 241 38 21 the

65 266 56 22 New
138 267 98 21 Zealand
253 268 122 26 Company,
394 267 102 27 London,
508 274 41 15 can
566 268 28 21 be
606 268 45 21 had

65 301 29 13 on
105 294 132 26 application
247 297 23 17 at
279 294 37 20 the
327 294 69 21 above
406 294 72 21 office.

310 320 29 22 D.
354 320 80 26 Lewis,

263 346 66 22 Clerk
339 350 21 18 to
371 347 36 21 the
420 347 108 27 Principal
540 347 83 27 Agent.

293 405 4 4 -
303 391 70 21 Court
383 391 84 27 House,
481 391 142 27 Wellington,
656 395 1 3 *

338 417 123 23 December
473 420 32 25 16,
517 419 61 21 1841.

227 445 112 25 Quarter
355 445 133 21 Sessioiis.

64 477 145 48 NOTICE
233 477 28 22 IS
287 477 124 22 HEREBY
436 476 107 28 GIVEN,
569 477 49 22 that
639 484 14 14 a

146 504 68 21 Court
223 504 23 21 of
256 504 96 21 General
367 505 95 23 Quarter
473 504 100 21 Sessions
583 504 25 22 of
615 503 38 22 the

65 530 72 21 Peace
147 530 21 21 in
180 530 44 21 and
233 530 35 21 for
277 530 37 22 the
326 530 84 22 district
420 530 25 21 of
454 531 52 21 Port
521 530 130 26 Nicholson,

64 557 44 21 will
120 558 26 20 be
157 557 80 21 holden
249 561 23 17 at
282 557 37 21 the
329 558 68 21 Court
407 558 85 25 House,
501 564 28 15 on
540 556 110 28 Tuesday,

64 584 38 21 the
112 584 38 21 4th
161 584 43 26 day
213 584 24 20 of
249 583 101 28 January
360 587 61 23 next,
433 587 23 18 at
466 584 53 21 nine
533 583 87 22 o'clock
628 591 24 14 in

65 610 38 21 the
120 610 107 22 forenoon
235 619 5 18 ;
267 614 22 17 at
308 611 71 21 which
398 611 53 21 time
471 610 45 21 and
534 610 70 27 place,
623 610 28 21 all

65 637 94 22 Persons
169 637 71 21 under
251 637 180 27 Recognizances
442 640 21 18 to
474 644 81 20 appear
566 645 23 14 as
600 637 42 22 Pro

64 668 105 22 secutors,
178 664 126 25 Witnesses,
315 671 24 14 or
349 664 146 26 Defendants,
503 671 25 14 or
535 663 50 22 who
594 664 58 21 have

64 690 89 27 appeals
164 694 21 17 to
195 690 118 27 interpose,
326 698 24 13 or
364 690 64 21 other
437 690 101 22 business
548 694 23 18 to
582 694 71 18 trans-

64 721 43 22 act,
119 724 36 14 are
166 716 85 23 desired
259 721 21 17 to
289 717 51 25 give
350 717 57 21 their
417 717 140 22 attendance.
588 730 2 4 •

291 744 93 21 Robert
400 744 27 21 R.
443 744 99 26 Strang,

389 770 66 22 Clerk
465 770 26 22 of
499 770 36 22 the
547 770 77 22 Peace.

118 816 38 18 To
171 816 34 19 be
219 815 63 20 sold
294 816 38 24 by
345 814 105 26 private
468 814 125 28 bargain,

63 848 71 48 AT
157 848 57 21 KAI
239 847 115 22 WARRA
376 847 124 27 WARRA,
524 849 26 20 13
569 848 81 21 heifers

130 882 49 14 now
201 875 68 21 about
286 878 51 18 two^
345 875 90 21 months
454 875 23 21 in
501 874 37 22 the
557 875 92 26 Colony,

63 908 58 15 were
131 901 109 27 regularly
252 901 82 21 herded
344 901 45 22 and
406 901 75 22 folded
493 904 22 18 at
526 901 69 27 night,
606 901 45 21 and

63 935 37 14 are
110 928 23 21 in
144 928 68 21 calf-—
216 928 70 21 either
295 928 24 21 in
330 936 43 13 one
382 928 39 27 lot,
433 936 25 13 or
473 928 24 21 in
515 928 42 21 lots
575 932 22 17 to
607 928 44 21 suit

63 954 130 27 applicants.
222 955 75 27 Apply
308 958 23 18 to

422 981 48 22 Mr.
482 982 141 21 M'Donald.

90 1008 44 21 Kai
145 1015 69 14 warra
223 1015 75 18 warra,
311 1008 55 22 Dec.
378 1010 16 23 It
394 1010 16 23 3,
423 1010 60 20 1841.

166 1052 130 27 Whaling
310 1053 121 20 Stations
446 1054 29 19 to
491 1054 56 19 Let.

63 1085 96 49 TWO
170 1086 98 22 Stations
279 1086 67 27 lately
356 1086 87 22 whaled
453 1089 23 19 at
484 1087 31 26 by
521 1086 90 22 Messrs.
620 1087 28 21 G.

138 1113 43 21 and
196 1113 24 21 E.
234 1113 88 21 Weller.

86 1139 50 22 The
146 1139 155 27 undersigned,
313 1139 82 28 having
404 1139 57 23 been
478 1139 125 23 instructed
618 1140 30 27 by

61 1165 37 23 the
113 1166 103 22 Trustees
227 1170 22 17 to
260 1166 31 22 let
307 1166 38 22 the
355 1167 77 26 above,
444 1166 46 22 will
503 1167 28 21 be
541 1167 75 27 happy
628 1170 22 18 to

59 1193 52 26 give
131 1200 65 20 every
215 1193 144 21 information
379 1197 21 18 to
418 1193 82 27 parties
517 1193 94 28 wishing
628 1197 23 18 to

61 1224 65 17 enter
134 1220 47 21 into
192 1220 37 21 the
240 1219 98 28 whaling
349 1221 109 21 business.

401 1247 25 21 C.
443 1247 35 21 W.
496 1247 125 22 Schultze.

89 1273 52 21 Port
154 1273 131 28 Nicholson,
296 1273 58 22 Dec.
364 1275 32 25 14,
409 1275 61 21 1811.
