1234 2190
44 138 59 18 man
115 132 25 24 1b
151 132 31 22 fill
194 132 37 23 his
241 132 104 30 position
356 132 11 22 ?
401 132 49 22 Not
471 132 26 22 m
519 132 46 23 Ox-

42 169 53 25 ford
103 171 6 21 !
143 168 81 24 When
234 175 36 17 we
278 168 24 24 lo
309 168 24 24 ik
345 167 93 25 around
457 168 47 24 and
527 175 38 18 see

41 206 43 25 the
95 206 86 31 youths
193 206 26 25 of
233 206 39 24 the
295 207 64 23 town
384 205 51 24 who
458 206 59 24 have
540 213 25 18 so

41 244 78 32 vastly
130 243 124 32 improved
272 243 75 24 under
370 242 37 24 his
429 243 95 28 tuition,
547 243 18 23 it

39 282 84 24 makes
135 282 18 24 it
164 281 32 25 all
207 281 41 24 the
260 288 64 17 more
347 279 91 32 galling
462 280 53 25 that
531 288 34 17 we

41 319 85 25 should
137 319 50 25 lose
199 319 61 25 such
271 326 15 16 a
297 326 95 23 person,
404 318 47 24 and
458 319 39 30 yet
509 318 56 24 mis-

41 358 106 24 fortunes
157 365 74 17 never
242 364 66 18 come
319 356 79 28 alone,
412 356 35 24 for
453 354 40 26 his
505 356 60 31 good

39 394 56 32 lady
116 395 50 24 also
189 395 66 31 gives
277 401 32 23 up
332 394 43 24 her
402 394 103 30 position
538 401 27 17 as

6 433 129 37 t^ipianist.
169 432 23 25 It
204 432 49 25 will
264 431 41 24 fall
318 439 65 23 upon
403 431 42 25 the
467 438 53 17 ears
542 431 23 24 of

39 469 43 25 the
92 470 95 30 Society
199 478 26 16 as
236 478 15 15 a
262 471 68 28 great
339 469 48 24 loss
396 469 48 24 and
465 469 99 29 irrepar-

39 506 60 24 able.
134 506 123 31 Although
269 506 55 29 they
335 514 38 16 are
383 505 74 25 about
468 507 25 23 to
516 505 48 24 dis-

37 544 114 23 continue
170 543 128 30 attending
316 542 126 31 practices,
466 551 35 15 we
524 551 39 16 are

4 603 2 11 ,
39 580 49 25 still
97 580 90 32 buoyed
199 589 32 23 up
243 580 55 24 with
311 580 42 24 the
360 580 63 31 hope
431 580 54 25 that
493 580 68 25 when

36 618 43 25 the
92 618 93 32 Society
207 618 45 25 has
275 626 14 16 a
311 619 103 27 concert,
438 618 54 31 they
515 617 48 25 will

22 676 3 6 ,
34 655 56 25 lend
107 664 15 17 a
144 655 101 32 helping
265 655 71 25 hand.
370 655 13 24 I
405 664 39 15 am
468 664 53 16 sure
544 655 21 24 if

35 694 103 24 another
149 696 95 22 concert
252 692 49 26 like
312 693 43 25 the
367 693 82 28 above,
469 700 47 18 was
536 695 26 23 te

35 730 30 26 be
87 732 70 30 given
179 732 32 31 by
233 732 41 24 the
295 730 104 31 Society,
420 730 26 25 a*
460 730 102 31 bumper

35 768 75 25 house
122 768 77 25 would
216 768 28 25 be
267 768 40 24 the
330 770 116 23 outcome.
481 768 80 32 Every

34 814 45 18 one
91 806 94 25 seemed
197 808 26 23 to
234 806 134 30 appreciate
376 805 28 28 it,
417 814 24 15 as
462 806 97 25 witness

34 845 41 22 the
83 843 117 29 complete
212 846 64 20 want
293 843 26 23 of
340 843 122 28 rowdyism
480 843 78 24 which

32 879 23 25 is
65 879 120 32 generally
197 881 40 23 the
246 887 52 17 case
309 882 26 22 at
346 879 43 25 the
401 879 58 25 back
470 879 27 25 of
516 879 42 25 the

32 917 59 24 hall.

65 955 60 24 Now
135 963 42 23 my
189 954 64 25 sable
265 954 97 28 friends,
386 956 36 23 set
445 955 41 25 the
509 954 48 25 ball

33 993 127 31 a-rolling.

154 1064 3 5 t
162 1053 13 3 -
273 1045 31 18 4*

67 1080 132 26 OXFORD
218 1084 122 22 PUBLIC
362 1085 158 21 LIBRABY.

43 1151 52 29 >ln
105 1143 70 32 Mese
192 1150 60 31 days
274 1150 26 24 of
319 1151 155 28 cablegrams,
497 1149 57 26 tele-

28 1182 100 32 phones,
140 1182 134 31 telegrams,
284 1182 47 24 and
343 1182 71 31 quick
425 1182 87 25 transit
529 1182 29 25 of

30 1215 80 28 mails,
123 1222 35 17 we
168 1222 57 23 may
246 1214 30 24 be
287 1213 128 31 pardoned,
438 1214 21 24 if
475 1222 77 16 some-

30 1247 80 26 times,
122 1254 36 17 we
169 1254 92 24 engage
272 1253 46 17 our
328 1246 94 23 readers
434 1246 120 25 attention

29 1287 31 16 on
69 1279 103 31 subjects
180 1278 174 31 cosmopolitan
364 1286 6 20 ;
382 1286 45 16 our
434 1278 119 25 endeavor

27 1311 31 29 is,
70 1311 116 29 however,
198 1319 72 17 never
281 1313 25 22 to
318 1311 29 24 do
359 1320 26 15 so
398 1312 26 23 at
446 1311 42 25 the
510 1320 41 16 ex-

27 1352 73 23 pense
105 1344 30 24 of
139 1346 99 22 matters
245 1344 113 30 affecting
363 1351 44 17 our
411 1343 141 26 immediate

27 1376 179 32 neighborhood
217 1383 60 18 even
288 1375 71 26 when
370 1375 68 25 those
455 1377 97 24 ontside

27 1417 40 17 are
77 1417 57 24 very
156 1410 134 24 attractive.
323 1409 52 25 The
397 1408 91 33 subject
510 1410 41 24 be-

27 1441 50 25 fore
89 1450 37 20 us,
137 1441 49 25 and
197 1449 54 23 you,
274 1448 45 21 pur
338 1441 101 28 readers,
462 1441 23 25 is
505 1442 44 25 the

25 1474 85 24 Public
131 1473 110 31 Library.
276 1473 47 25 For
344 1481 73 23 many
451 1474 98 25 months
567 1478 13 7 *•

25 1506 90 24 several
126 1506 27 24 of
161 1514 44 16 our
224 1505 80 32 public
324 1513 63 20 men,
411 1506 61 24 have
490 1514 60 24 per-

23 1539 113 31 sistently
147 1538 145 25 endeavored
314 1542 25 21 to
360 1538 64 24 draw
446 1539 42 24 the
511 1542 36 21 at-

23 1572 93 24 tention
136 1570 28 25 of
184 1571 43 25 the
245 1570 118 25 residents
384 1572 26 23 to
432 1571 42 24 the
505 1572 42 24 de-
581 1589 2 1 ■

23 1603 116 31 sirability
149 1603 27 25 of
185 1603 124 31 removing
326 1603 42 25 the
390 1603 75 26 books
485 1603 62 26 from

23 1636 43 24 the
76 1638 96 28 present
193 1634 118 31 building,
331 1635 87 27 which,
441 1645 25 14 »9
488 1636 59 31 they

23 1668 63 31 truly
95 1668 82 31 allege,
188 1668 49 24 and
248 1668 78 24 which
338 1668 20 24 is
369 1669 84 30 patent
464 1670 26 24 to
502 1668 42 29 all,
565 1684 5 9 <

21 1701 23 24 is
54 1701 25 24 m
91 1701 43 24 the
145 1702 62 24 most
229 1700 169 25 inconvenient
417 1704 53 28 spot
491 1701 54 27 that
558 1693 12 34 i

20 1734 71 24 could
112 1734 106 31 possibly
239 1734 30 24 be
291 1733 129 29 imagined,
440 1735 25 23 to
498 1725 78 40 on^'.

21 1766 79 25 where
112 1767 42 24 the
166 1766 76 25 whole
253 1767 75 22 traffic
340 1767 25 24 of
384 1766 42 25 the
447 1758 135 47 districts-

18 1805 135 24 converges.
187 1799 52 23 The
262 1798 120 24 exertions
415 1798 27 25 of
472 1799 70 25 these
558 1815 4 7 .
568 1802 5 26 )

18 1830 137 31 gentlemen
166 1830 61 25 have
237 1830 89 31 proved
338 1838 25 17 so
382 1830 37 25 far
438 1831 102 29 fruitful,
571 1829 8 26 \

18 1871 27 16 as
52 1865 25 23 to
88 1862 62 25 have
163 1863 96 25 secured
270 1871 15 16 a
295 1862 111 33 powerful
429 1864 113 31 majority
575 1855 6 33 I

18 1902 33 16 on
62 1897 40 23 the
114 1895 99 31 Library
222 1895 146 25 Committee
380 1896 54 24 who
453 1904 40 16 are
514 1897 27 23 m

18 1927 68 24 favor
96 1927 27 24 of
131 1927 44 24 the
185 1926 108 26 removal
304 1927 26 24 of
339 1927 43 25 the
393 1927 74 26 books
478 1932 26 21 to
525 1936 17 17 a

18 1960 46 24 site
74 1960 27 24 m
113 1967 15 17 a
138 1967 66 18 more
227 1959 96 32 general
343 1959 194 32 thorough-fare,

13 1991 54 30 but,
79 1992 131 25 associated
220 1993 56 24 with
288 1991 41 25 the
338 1992 143 26 Institution
498 2002 40 16 are

15 2025 40 24 the
67 2026 123 24 executors
199 2025 26 25 of
235 2024 42 25 the
289 2024 83 30 donor,
385 2024 42 26 the
439 2025 48 26 late
498 2026 40 25 Mr

15 2057 88 26 Brootn
104 2080 7 13 f
126 2058 52 24 who
190 2057 103 32 opposed
305 2057 42 26 the
358 2059 103 24 removal
483 2059 26 24 m
521 2067 16 17 a

13 2092 62 23 mast
86 2090 221 32 uncompromising
325 2091 72 25 voice.
434 2092 52 24 And
508 2099 28 18 so

13 2123 42 25 the
66 2125 88 22 matter
171 2123 91 25 stands.
298 2123 41 25 Wo
362 2123 98 30 believe,
482 2125 54 24 that

12 2155 25 24 m
49 2156 42 24 the
112 2155 45 25 few
178 2155 121 30 foregoing
318 2157 76 24 words
417 2164 34 17 we
474 2157 61 25 have

658 126 136 31 gentleman
806 127 54 24 who
872 127 121 25 advanced
1005 128 48 24 this
1066 129 118 31 objection

659 159 105 31 pushing
776 159 37 25 his
825 163 89 27 tongue
929 159 53 25 into
1005 161 37 23 his
1064 161 76 25 cheek
1160 164 24 22 to

658 191 41 24 the
711 191 75 31 rising
798 192 75 23 smile.
908 192 36 24 To
963 193 140 29 sentiment,
1126 201 58 24 pure

657 224 48 24 and
718 225 59 27 true,
791 231 33 16 we
836 232 40 16 are
888 223 177 27 old-fashioned
1089 226 95 32 enough

657 258 26 22 to
695 256 52 25 bow
759 256 55 25 with
826 259 100 29 respect,
940 257 42 26 but
994 258 72 25 when
1078 259 66 25 there
1164 259 20 24 is

653 288 58 32 only
723 288 41 24 the
775 288 80 33 flimsy
877 290 92 25 surface
991 290 27 25 of
1038 290 42 26 the
1101 291 83 25 article

653 321 112 30 covering
782 330 14 15 a
819 321 67 25 thick
907 325 55 22 coat
984 323 25 24 of
1031 323 150 30 dog-in-fche-

654 353 137 32 tnangerish
801 353 117 32 jealousy,
932 363 43 20 we,
987 359 49 25 too,
1049 364 46 17 can
1117 356 62 32 poke

655 385 41 25 the
708 388 90 29 tongue
808 387 24 24 m
845 387 41 24 the
908 387 79 25 cheek-
1047 389 46 24 and
1113 396 69 17 move

653 418 42 25 the
708 418 80 25 hooka.
822 419 59 25 This
888 420 70 28 done,
966 420 42 25 the
1016 420 163 32 appreciation

653 450 27 25 of
697 451 42 25 the
761 451 188 32 neighborhood,
980 453 126 32 especially
1139 453 41 25 the

641 490 119 24 -younger
773 484 113 24 members
906 484 27 24 of
952 486 61 23 farm
1035 485 143 25 house-hold

652 515 48 23 will
723 516 96 31 quickly
841 516 29 24 be
902 519 124 29 apparent.
1060 518 30 23 In
1120 524 57 17 con-

650 547 122 25 firmation
794 549 25 23 of
839 556 44 16 our
905 549 115 24 assertion
1050 550 52 23 that
1135 549 41 24 the

649 578 109 33 Library,
770 582 26 22 at
807 580 32 25 its
850 584 96 28 present
956 582 44 23 site
1022 582 20 24 is
1052 581 90 25 useless
1151 580 22 25 is

648 612 43 25 the
702 613 125 25 miserable
850 613 103 26 number
973 611 26 28 of
1021 614 151 27 subscribers.

649 645 43 25 We
704 645 60 25 have
775 653 71 16 never
854 646 72 24 heard
938 655 47 16 one
996 646 65 26 word
1083 647 28 25 of
1128 646 41 25 ob-

643 676 90 33 jectipn
745 678 61 24 from
818 678 42 25 the
871 678 45 25 few
927 679 118 25 residents
1056 679 55 25 who
1121 679 48 25 live

645 710 24 24 m
682 711 41 24 the
735 711 139 24 immediate
886 711 178 33 neighborhood
1075 712 26 25 of
1123 712 43 25 the

645 745 96 28 present
752 743 115 25 Institute
876 751 7 21 ;
900 751 33 17 no
945 745 60 25 such
1020 742 80 31 smalU
1123 744 47 24 sel-

644 775 46 25 fish
700 777 101 23 motives
813 784 38 17 arc
865 775 126 28 harbored.
1026 777 36 25 To
1070 776 97 32 pretend

643 808 56 24 that
710 808 42 25 the
763 808 77 25 desire
862 809 38 24 for
921 810 43 24 the
986 809 178 32 contemplated

631 856 3 7 :
643 841 103 23 removal
759 843 24 21 to
793 840 106 26 Pearson
922 841 65 26 Park
1009 842 21 24 is
1052 841 113 25 actuated

643 870 30 32 by
685 872 81 23 selfish
775 879 26 17 or
812 872 109 32 personal
933 874 98 25 motives
1052 873 26 24 of
1095 872 68 26 these

640 903 77 32 living
723 904 109 31 adjacent
839 906 20 23 m
871 912 31 17 an
914 906 76 24 insult
999 908 39 22 too
1045 905 46 25 low
1100 907 25 23 to
1134 904 29 25 be

640 936 104 25 noticed.
780 936 42 25 We
833 937 117 26 therefore
961 937 94 26 counsel
1074 937 89 29 action;

641 968 52 25 The
704 977 61 16 onus,
776 969 27 24 of
811 970 101 31 proving
923 971 41 24 the
972 970 146 26 Committee
1138 972 25 22 to

639 1000 30 26 be
679 1010 89 23 wrong,
790 1001 79 26 would
890 1002 60 27 then
971 1005 48 23 rest
1041 1001 57 28 with
1120 1001 43 27 the

639 1041 56 25 very
707 1035 72 24 much
791 1036 152 25 sentimental
963 1038 129 24 executor*,
1115 1035 46 25 and

639 1067 57 32 they
706 1067 71 25 could
787 1067 129 26 disburden
928 1068 64 27 their
1002 1070 55 23 torn
1080 1067 82 26 hearts

639 1101 26 22 to
676 1108 13 15 a
710 1100 157 33 sympathetic
888 1101 92 32 lawyer,
1003 1100 48 26 and
1116 1107 45 25 pay

638 1132 61 26 him.
733 1133 68 24 Even
812 1133 86 25 should
910 1133 43 25 the
965 1133 88 26 Oxford
1059 1133 102 32 Library

638 1164 93 32 dispute
752 1173 53 16 soar
827 1168 25 22 to
874 1166 40 25 the
933 1166 94 32 heights
1060 1165 27 24 of
1117 1165 43 25 the

639 1196 117 31 Supreme
767 1197 83 28 Court,
862 1198 42 24 tho
915 1200 92 24 utmost
1024 1197 38 25 his
1082 1197 76 25 Lord-

638 1228 54 32 ship
704 1229 69 24 could
785 1236 41 24 say
838 1229 75 24 would
926 1229 27 25 bo
1001 1229 92 31 replace
1116 1229 42 25 the

638 1260 80 28 books,
941 1262 33 25 At
995 1262 39 24 the
1053 1261 50 26 risk
1133 1261 27 26 of

636 1292 73 33 being
719 1293 84 33 prolix,
815 1302 35 18 wo
872 1297 66 23 must
959 1297 76 23 revert
1054 1294 38 26 for
1112 1302 45 17 one

636 1328 107 23 moment
754 1330 26 21 to
790 1327 41 25 the
843 1328 134 31 suggestion
987 1327 26 25 of
1019 1327 101 32 keeping
1128 1327 28 25 m

636 1358 59 25 view
706 1358 42 26 the
759 1359 118 25 intention
899 1360 27 24 of
942 1360 135 33 ultimately
1078 1374 30 5 —
1109 1360 48 25 and

636 1391 54 25 that
701 1393 187 31 soon—getting
898 1400 14 17 a
935 1392 109 33 building
1064 1393 26 24 m
1111 1400 45 18 our

634 1423 71 26 Park.
739 1424 25 25 It
770 1424 22 26 is
801 1425 138 32 something
946 1427 25 24 to
975 1426 60 24 have
1042 1427 114 30 amongst

635 1464 29 16 us
672 1464 15 17 a
697 1464 56 17 man
764 1457 60 26 with
832 1458 42 24 the
885 1458 79 32 public
972 1458 58 25 weal
1038 1461 26 22 at
1072 1459 68 24 heart
1146 1465 7 22 ;

634 1488 59 25 with
704 1489 129 32 principles
841 1490 99 28 defined,
965 1491 47 23 and
1022 1490 60 25 with
1099 1490 48 25 suf-

632 1520 83 27 ficient;
726 1521 75 26 belief
808 1521 26 26 m
843 1523 69 24 those
921 1522 129 32 principles
1057 1525 29 24 to-
1089 1522 64 32 fight

632 1553 38 25 for
678 1553 62 26 their
749 1554 117 32 adoption.
900 1555 64 25 That
975 1563 35 17 we
1020 1554 63 27 hare
1093 1554 62 27 such

632 1593 15 17 a
658 1593 53 18 man
723 1586 42 26 the
775 1587 118 26 existence
903 1587 27 25 of
938 1588 105 25 Pearson
1053 1587 63 27 Park
1131 1588 25 26 iff

632 1626 17 17 a
657 1619 76 31 proof.
766 1619 46 25 Lnt
822 1628 28 17 us
862 1620 61 29 hope
935 1620 30 25 he
975 1619 49 26 will
1033 1620 68 26 fitror
1108 1628 48 18 our

630 1650 53 25 idea
688 1652 28 24 of
719 1652 42 24 the
918 1652 64 26 Park

630 1683 49 25 and
690 1684 73 25 foster
773 1684 33 25 its
817 1685 109 26 fortunes
937 1685 36 26 till
984 1686 43 25 the
1034 1685 51 33 flag
1095 1685 55 26 flies

630 1724 30 17 on
672 1716 71 33 high.
776 1716 36 26 To
833 1725 83 18 secure
935 1718 61 26 such
1017 1727 14 15 a
1053 1718 98 30 benefit,

630 1749 46 25 and
688 1749 19 26 it
718 1751 75 24 would
805 1751 27 24 be
843 1758 15 19 a
869 1750 95 30 benefit,
987 1751 65 26 there
1071 1751 81 26 would

629 1781 29 25 be
667 1789 64 18 some
742 1782 123 33 difficulty.
900 1784 73 25 Some
989 1784 117 33 difficulty
1127 1785 24 25 is

631 1814 75 25 worth
714 1814 87 31 facing.

526 10 167 34 OXFORD
733 13 90 31 AND
867 12 103 32 CUST
1014 15 217 35 OBSERVER
