3290 4240
1540 2510 58 20 THE
1608 2509 87 19 FIERY
1710 2507 122 22 ORDEAL.

1465 2563 31 20 On
1507 2564 84 25 pottery
1607 2569 33 20 my
1660 2562 44 19 love
1723 2568 40 12 was
1780 2559 81 27 pleased
1881 2561 21 17 to

1517 2591 59 25 paint

1463 2617 91 23 Dedgns
1564 2617 46 19 that
1619 2622 51 13 were
1682 2614 109 25 exceeding
1800 2620 44 13 rare
1861 2611 39 21 and

1516 2643 73 23 quaint
1599 2643 3 23 •

1463 2670 47 19 And
1520 2670 56 18 when
1587 2669 35 19 she
1631 2668 38 20 had
1678 2667 53 20 them
1753 2667 51 19 clone
1823 2673 23 13 as
1865 2665 36 20 she

1516 2695 86 25 desired,

1463 2722 59 20 With
1535 2726 95 16 neatuess
1641 2721 38 19 and
1698 2719 92 27 dispatch
1802 2719 34 20 the
1853 2719 47 25 pots

1517 2756 51 12 were
1576 2748 57 24 fired,

1550 2775 11 19 I
1580 2782 30 12 am
1621 2775 38 19 but
1676 2780 12 13 a
1707 2780 46 14 vase
1771 2773 22 19 of
1809 2778 89 14 common

1516 2803 73 25 clay-

1464 2828 77 27 Design
1552 2827 155 26 measyouwill,
1718 2827 11 19 I
1737 2825 84 26 humbly
1827 2831 50 20 pray
1887 2825 4 30 !

1463 2855 41 20 The
1529 2855 80 19 maiden
1639 2853 106 21 fashioned
1775 2859 32 13 me
1822 2859 22 12 as
1863 2851 36 20 Bhe

1516 2881 90 26 thought
1615 2881 45 20 best

1463 2908 46 19 And
1518 2908 128 25 then—why,
1658 2907 11 19 I
1680 2913 39 13 waß
1729 2905 49 21 firod
1796 2904 49 21 with
1863 2904 36 19 the

1516 2937 49 17 rest.

1503 2995 134 20 KEEPING
1646 2996 49 19 HIS
1707 2993 149 22 CHILDREN

1612 3022 118 20 HONEST.

1674 3058 12 11 ♦

1489 3080 18 19 A
1518 3080 154 25 seedy-looking
1681 3079 111 20 individual
1804 3078 63 21 called
1877 3080 22 17 at

1463 3113 11 12 a
1483 3106 64 20 house
1556 3114 37 12 one
1604 3107 37 25 day
1663 3107 39 19 and
1723 3106 47 19 thus
1790 3105 107 20 addressed

1462 3133 34 20 the
1503 3133 102 20 mistress:

1601 3160 11 19 I
1623 3159 56 20 don't
1689 3159 36 19 ask
1733 3165 49 19 very
1792 3158 66 20 much.
1887 3158 11 19 I

1463 3186 46 24 only
1519 3186 36 19 ask
1564 3193 11 12 a
1585 3186 98 23 pittance.
1712 3186 49 19 lam
1768 3187 38 18 not
1812 3185 86 24 hungry,

1463 3212 40 19 and
1514 3212 16 19 if
1541 3219 40 18 you
1601 3219 50 14 were
1663 3216 21 15 to
1694 3213 46 25 give
1761 3219 29 12 me
1809 3217 77 19 employ-

1464 3242 54 16 ment
1529 3243 21 15 at
1561 3246 52 18 your
1627 3240 104 24 woodpile,
1742 3239 17 18 it
1775 3238 65 20 would
1851 3238 48 24 only

1463 3265 56 24 delay
1529 3272 31 12 me
1569 3266 53 19 from
1634 3273 12 12 a
1656 3266 79 19 scheme
1754 3266 10 18 I
1784 3265 52 19 have
1853 3267 34 16 out-

1463 3292 56 18 lined
1530 3292 91 24 wheieby
1634 3292 55 19 lean
1705 3291 58 19 make
1780 3297 26 13 an
1827 3290 73 19 honest

1464 3318 62 24 living
1545 3318 33 19 for
1588 3318 75 26 myself
1677 3317 39 21 and
1733 3317 54 20 little
1804 3323 54 14 ones.
1887 3317 8 18 3

1463 3344 73 24 simply
1547 3344 36 19 ask
1594 3344 33 19 for
1644 3345 38 18 five
1698 3343 92 26 shillings
1811 3346 20 16 to
1852 3342 46 26 help

1464 3370 60 25 along
1535 3377 31 18 my
1578 3370 134 26 enterprise.''

1562 3397 51 19 have
1621 3403 40 19 you
1671 3404 12 12 a
1691 3397 69 24 family
1770 3396 20 19 in
1800 3396 98 19 destitute

1463 3425 157 17 circumstances
1679 3423 94 25 inquired
1790 3422 35 19 the
1844 3422 54 25 lady,

1465 3449 45 19 with
1520 3450 108 24 sympathy
1639 3450 19 18 in
1668 3449 36 20 her
1714 3450 50 19 face.

1610 3483 39 12 was
1659 3476 34 19 the
1712 3475 64 25 reply.
1850 3475 48 19 have

1463 3502 56 23 eight
1533 3502 97 23 chilhren,
1649 3502 40 19 and
1709 3501 11 20 I
1739 3508 31 13 am
1789 3502 69 25 trying
1877 3505 21 15 to

1464 3528 59 25 bring
1533 3528 54 19 them
1598 3535 27 18 up
1646 3530 23 17 to
1685 3527 44 20 le-id
1750 3527 73 20 honest
1842 3528 56 19 lives.

1465 3555 10 19 I
1484 3556 75 17 cannot
1579 3554 48 20 bear
1647 3556 22 18 to
1684 3554 56 20 tbmi
1762 3554 43 19 that
1823 3561 39 12 one
1877 3555 23 19 of

1464 3580 53 20 them
1525 3580 73 19 should
1606 3586 48 14 ever
1663 3581 23 18 bo
1699 3580 70 20 driven
1785 3585 20 15 to
1814 3580 24 20 do
1850 3587 34 18 air,
1891 3592 7 3 -

1465 3607 57 22 thing
1533 3606 46 20 that
1589 3614 39 12 was
1639 3609 38 17 not

1565 3633 41 19 this
1627 3633 46 25 holp
1785 3633 62 19 asked
1865 3633 34 19 the

1465 3659 52 24 lady,
1528 3659 48 19 with
1587 3662 53 16 tears
1660 3659 19 19 in
1693 3655 37 23 her
1745 3659 62 24 voice,
1823 3661 23 17 at
1865 3659 35 19 the

1465 3692 53 12 same
1528 3685 49 19 time
1589 3686 90 23 handing
1697 3686 40 18 him
1747 3685 38 20 live
1801 3686 98 25 shillings.

1545 3710 40 20 will
1720 3718 39 14 was
1783 3712 35 19 the
1836 3716 63 21 reply.

1521 3737 39 19 will
1580 3737 46 26 help
1647 3744 31 14 me
1695 3740 22 17 to
1738 3745 56 19 carry
1811 3740 37 18 out
1868 3745 32 19 my

1465 3764 113 21 enterprise
1587 3764 74 25 during
1674 3764 55 20 these
1738 3772 65 17 warm,
1816 3766 83 19 autumn

1512 3816 41 18 ind
1572 3817 53 19 what
1649 3817 18 19 is
1686 3817 41 19 this
1747 3821 113 22 enterprise
1879 3819 22 18 of

1464 3848 66 19 yours,
1542 3849 31 18 my
1589 3843 52 25 good
1654 3850 44 12 man
1749 3845 94 25 inquired
1866 3845 34 19 the

1467 3868 47 19 kind
1521 3869 52 25 lady,
1585 3869 47 19 with
1644 3870 35 20 the
1687 3870 84 25 deepest
1781 3872 92 18 interest.

1491 3895 25 19 'T
1535 3902 32 12 am
1587 3896 61 26 going
1657 3898 22 17 to
1699 3897 100 22 purchase
1818 3904 11 12 a
1845 3897 55 23 boat,

1467 3921 82 23 madam,
1561 3921 48 20 with
1621 3922 62 20 which
1693 3923 11 19 I
1716 3923 51 19 shall
1777 3923 24 19 be
1816 3923 45 19 able
1880 3925 20 17 to

1465 3948 51 18 steal
1536 3948 56 19 wood
1608 3950 80 24 enough
1707 3949 53 19 from
1780 3949 21 19 II
1865 3951 36 17 not

1466 3974 44 25 only
1533 3975 20 18 to
1573 3974 50 26 keep
1641 3982 32 18 my
1688 3975 71 26 family
1779 3982 60 13 warm
1860 3975 39 19 this

1467 4000 76 23 winter,
1556 4000 38 19 but
1612 4001 43 19 also
1676 4001 48 20 have
1743 4008 53 13 some
1815 4005 22 16 to
1856 4002 44 19 sell.

1467 4026 36 24 My
1514 4026 97 23 children,
1623 4034 32 18 my
1667 4027 47 19 dear
1735 4028 96 22 children,
1849 4028 50 19 shall

1467 4055 36 16 rot
1522 4053 23 18 be
1562 4052 58 25 givon
1640 4055 21 17 t»
1672 4057 44 16 act=>
1737 4054 22 19 of
1778 4054 119 26 dishonesty

1467 4077 87 27 through
1566 4079 52 19 their
1628 4080 85 19 father's
1724 4080 91 26 poverfv.
1843 4080 57 19 Kind

1468 4104 84 24 madam,
1572 4111 46 19 may
1634 4105 86 24 Heaven
1740 4106 52 21 bless
1810 4113 39 19 you
1868 4106 32 20 for

1468 4130 40 22 thiß

2064 111 33 20 IN

1928 172 42 20 The
1989 172 160 24 Parliamentary
2169 170 166 19 Commissioners

1903 199 106 25 appointed
2021 201 21 16 to
2052 197 84 26 enquire
2146 197 44 19 into
2199 196 34 19 the
2241 195 94 26 question

1903 226 21 19 of
1932 226 36 19 the
1976 226 75 23 import
2060 224 22 19 of
2093 222 138 27 prison-made
2242 221 61 25 goods
2314 223 22 17 to

1905 252 64 19 Great
1978 251 78 19 Britain
2074 252 41 17 met
2137 252 20 17 at
2169 248 34 20 the
2227 249 71 18 House
2316 247 21 19 of

1905 279 107 18 Commons
2025 277 31 19 for
2071 276 36 20 the
2121 275 47 20 first
2187 275 47 19 time
2251 281 25 12 on
2287 274 50 25 May

1905 304 46 23 2nd,
1962 305 64 19 under
2037 304 34 18 the
2091 301 150 25 chairmanship
2252 301 22 18 of
2283 301 54 18 Lord

1905 331 82 24 Thring.
2021 330 35 19 Mr
2070 329 69 19 James
2154 327 69 24 Tollit,
2242 327 42 19 who
2300 327 37 18 had

1907 357 44 24 paid
1962 364 11 12 a
1983 357 47 19 visit
2037 360 21 15 to
2073 356 103 23 Germany
2194 357 21 16 to
2224 353 84 26 enquire
2318 360 20 12 as

1907 386 20 16 to
1943 382 135 27 prison-made
2094 381 62 26 goods
2171 380 65 23 there,
2249 386 37 12 was
2306 386 22 12 ex-

1907 410 77 19 amined
1995 410 25 24 by
2039 408 80 20 Colonel
2135 406 90 21 Howard
2244 405 96 21 Vincent.

1907 435 42 21 The
1959 437 80 19 witness
2048 435 44 19 said
2100 435 24 19 he
2133 433 73 20 visited
2216 440 12 12 a
2239 432 90 26 penitent-

1907 462 44 26 iary
1967 469 48 13 near
2032 461 95 26 Cologne,
2144 459 41 20 and
2199 466 12 12 a
2227 459 113 25 long-term

1909 495 67 18 prison
1987 490 21 18 at
2024 487 125 21 Poltzenzee.
2186 485 89 20 Various
2293 484 38 20 arti-

1909 515 40 19 cles
1959 522 51 12 were
2021 514 56 20 made
2086 514 27 26 by
2123 513 36 19 the
2167 513 103 25 prisoners
2300 510 41 20 The

1910 548 70 18 money
1990 547 40 13 was
2041 541 45 25 paid
2093 539 85 25 entirely
2190 542 21 16 to
2223 538 35 19 the
2265 538 65 19 Gover-

1909 574 43 17 nor,
1963 568 38 19 but
2010 567 34 20 the
2055 574 44 12 men
2115 566 39 20 had
2171 572 12 12 a
2202 565 64 23 share,
2282 564 60 24 being

1910 593 82 19 allowed
2003 596 21 17 to
2035 594 97 24 purchase
2142 591 95 21 luxuries.
2269 591 15 18 A
2303 597 30 17 pri-

1910 626 58 14 soner
1978 621 57 19 could
2044 626 46 13 earn
2102 619 62 20 about
2173 618 47 20 four
2230 617 92 25 shillings
2332 623 11 12 a

1910 646 76 24 month,
1999 647 38 18 and
2053 646 63 24 might
2126 645 49 20 send
2193 645 44 18 that
2255 644 57 18 home
2323 646 20 15 to

1911 672 29 19 hi»
1950 673 70 24 family
2030 673 50 19 if'he
2095 672 59 19 liked.
2183 672 29 19 At
2222 670 121 19 Poltzenzee

1912 699 33 19 the
1954 699 90 19 convicts
2055 705 50 12 were
2204 696 139 26 ridiog-whips

1911 732 25 12 on
1946 725 131 25 complicated
2087 725 69 23 looms,
2167 724 39 19 and
2216 724 20 18 in
2244 729 37 13 one
2288 729 55 12 room

1911 752 56 19 there
1976 758 51 13 were
2044 751 134 25 twenty-four
2196 751 61 18 looms
2274 748 68 19 driven

1912 778 25 26 by
1956 785 11 12 a
1983 777 215 26 twenty-horsepower
2213 783 35 19 gas
2265 775 78 24 ongiue.

1913 805 67 18 About
1989 804 57 19 three
2057 806 46 17 tons
2112 803 21 20 of
2142 803 63 24 whip's
2213 809 50 12 were
2271 801 72 20 turned

1911 833 36 17 out
1957 830 47 21 each
2020 830 43 24 day.
2105 830 66 25 Large
2195 828 108 26 quantities
2323 827 22 20 of

1911 858 85 19 tinware
2007 863 49 13 were
2072 856 59 26 being
2149 856 61 23 made,
2230 855 49 19 both
2299 854 45 19 Bi--

1912 884 100 24 minglnm
2036 883 39 19 and
2098 883 85 20 London
2203 889 58 12 ware.
2290 880 54 25 They

1915 917 49 13 .-ere
1975 909 81 25 making
2070 912 53 23 toys,
2133 909 99 25 lanterns,
2243 908 47 19 wire
2301 908 32 18 bas-

1911 936 45 20 kets
1966 936 40 20 and
2029 938 58 17 other
2109 936 88 19 articles.
2238 934 42 19 The
2300 939 44 14 men

1912 969 51 14 were
1986 962 90 25 working
2092 962 54 19 from
2164 960 85 26 English
2263 960 82 21 models.

1912 991 88 18 German
2014 989 138 25 ironmongers
2175 988 82 19 refused
2277 991 21 16 to
2309 986 36 20 sell

1912 1015 134 25 prison-made
2057 1016 67 24 goods.
2154 1014 55 25 They
2220 1014 123 26 complained

1911 1043 46 19 that
1966 1042 33 20 the
2010 1042 52 19 work
2074 1049 39 12 was
2124 1041 117 23 unreliable,
2252 1040 38 19 and
2307 1047 38 11 was

1912 1073 33 16 too
1961 1075 90 14 common
2062 1068 31 19 for
2103 1068 53 19 their
2171 1074 105 19 purposes.
2303 1066 42 20 Tho

1911 1096 84 24 English
2011 1095 74 19 models
2095 1101 52 13 were
2170 1094 69 20 shown
2263 1096 22 17 to
2305 1093 40 19 him

1912 1122 47 19 with
1975 1129 24 12 an
2017 1120 29 21 air
2067 1120 22 21 of
2112 1120 64 26 pride.
2206 1120 65 20 There
2295 1127 51 12 were

1912 1148 103 24 bulls-eye
2027 1148 96 23 lanterns,
2149 1147 134 24 lamp-fillers,
2299 1146 48 20 wire

1912 1175 52 24 lamp
1975 1174 76 24 shades,
2062 1174 28 19 all
2101 1174 22 19 of
2131 1174 34 18 the
2174 1173 73 26 shapes
2256 1173 88 19 notused

1912 1202 19 19 in
1943 1201 111 25 Germany,
2077 1201 39 19 arid
2141 1200 62 20 wnich
2221 1207 51 12 were
2287 1200 59 23 being

1912 1228 78 22 treated
2001 1234 21 12 as
2032 1228 100 24 patterns.
2148 1227 41 19 The
2201 1226 82 20 witness
2291 1230 54 16 went

1911 1261 25 12 on
1947 1258 21 15 to
1976 1261 35 19 say
2022 1253 45 20 that
2083 1253 24 19 he
2123 1260 39 12 saw
2178 1253 84 26 English
2281 1252 66 20 marks

1912 1283 37 24 put
1959 1287 25 13 on
1996 1280 35 20 the
2041 1280 69 26 goods.
2140 1280 32 19 He
2183 1286 39 13 saw
2239 1280 35 18 the
2291 1279 54 19 word

2017 1308 57 23 being
2083 1308 38 24 put
2130 1312 26 13 on
2166 1305 131 21 note-books.
2314 1306 32 19 On

1912 1334 33 19 the
1956 1335 68 21 carpet
2039 1340 99 17 sweepers
2154 1339 52 13 were
2226 1332 34 19 the
2280 1339 67 13 names

1912 1361 21 19 of
1943 1367 38 13 one
1991 1359 107 26 Liverpool
2114 1359 38 19 and
2162 1361 41 17 two
2216 1358 131 20 Manchester

1912 1387 60 24 firms,
1985 1387 46 19 with
2042 1393 25 13 an
2083 1385 85 26 English
2191 1386 53 18 word
2262 1385 74 19 describ-

1912 1414 34 25 ing
1956 1414 34 18 the
2001 1413 78 26 quality
2089 1412 22 20 of
2122 1412 35 19 the
2175 1412 67 25 goods,
2253 1411 40 20 and
2313 1411 34 20 the

1913 1440 65 20 words
2208 1439 33 19 Ho
2265 1444 40 14 saw
2321 1445 26 12 no

1912 1468 69 19 cotton
1992 1465 61 27 goods
2062 1472 21 13 so
2093 1465 89 20 marked.
2212 1465 32 20 He
2255 1464 37 22 had
2301 1471 46 14 seen

1912 1496 58 23 great
1987 1492 113 27 quantities
2116 1491 22 21 of
2156 1494 69 23 carpet
2242 1498 105 19 sweepers,

1914 1520 63 20 which
1988 1519 25 21 he
2028 1518 117 26 recognised
2163 1525 21 14 as
2203 1517 67 28 prison
2284 1517 63 26 made,

1912 1546 40 21 and
1976 1546 89 21 believed
2083 1545 36 21 the
2142 1548 76 24 import
2241 1545 22 19 of
2286 1545 63 27 cheap

1913 1572 80 29 'dandy'
2018 1572 83 22 brushes
2124 1571 39 21 had
2190 1571 75 21 caused
2289 1579 60 20 many

1913 1599 151 22 brush-makers
2079 1602 22 17 to
2117 1605 58 15 cease
2192 1598 82 26 moking
2293 1598 55 21 them

1912 1628 21 19 in
1943 1626 100 27 England,
2072 1626 82 20 Several
2175 1628 70 24 agents
2265 1626 21 19 in
2303 1626 46 20 that

1912 1656 87 24 country
2010 1660 45 14 now
2065 1653 120 21 announced
2197 1653 119 20 themselves
2327 1660 22 13 as

1913 1679 169 22 concessionaires
2089 1679 34 21 for
2134 1680 69 25 prison
2213 1680 58 20 made
2279 1680 69 25 goods.

1912 1708 64 21 There
1992 1715 38 13 was
2045 1715 25 13 no
2086 1706 99 26 difficulty
2201 1707 20 19 in
2238 1707 111 26 importing

1915 1735 67 24 prison
1994 1734 56 20 made
2061 1734 61 25 goods
2133 1734 43 20 into
2187 1733 64 21 Great
2260 1730 88 23 Britain.

1913 1762 55 25 They
1980 1761 62 26 might
2058 1760 49 21 bear
2117 1760 35 20 the
2169 1761 66 19 words
2255 1760 64 20 'made
2328 1760 21 20 in

1914 1788 116 26 Germany',
2041 1787 37 20 but
2093 1787 88 26 nothing
2200 1788 46 19 else.
2276 1787 72 20 Prison

1914 1815 56 20 made
1980 1816 61 24 goods
2056 1815 37 19 had
2120 1815 49 19 been
2192 1814 102 25 imported
2317 1813 32 21 for

1913 1844 34 17 tne
1957 1842 40 19 laßt
2021 1841 129 26 twenty-five
2174 1848 65 18 years,
2264 1841 37 19 but
2314 1844 35 17 not

1915 1875 53 13 more
1978 1875 21 13 so
2011 1875 43 13 now
2065 1867 49 20 than
2123 1868 106 25 formerly.
2246 1867 103 27 Replying

1914 1898 20 16 to
1945 1895 53 19 Lord
2010 1895 75 25 Thring
2105 1894 25 20 he
2149 1895 41 19 said
2210 1895 29 19 his
2250 1894 49 20 visit
2310 1900 39 14 was

1914 1923 36 18 not
1973 1921 63 26 really
2058 1921 132 26 permissible.
2220 1921 66 19 There
2296 1928 53 13 were

1915 1949 51 19 1200
1992 1948 99 25 prisoners
2109 1951 21 15 at
2155 1947 135 24 Brauweiver,
2310 1948 38 19 and

1915 1975 46 24 they
1973 1975 55 19 made
2038 1975 62 19 about
2109 1975 54 19 2500
2179 1975 67 24 dandy
2265 1974 84 20 brushes

1914 2008 11 12 a
1942 2001 60 20 week.
2044 2002 58 19 Some
2123 2001 21 19 of
2168 2001 35 20 the
2217 2001 63 26 whips
2298 2008 51 12 were

1915 2028 94 25 wrapped
2016 2027 20 20 in
2046 2034 62 19 paper
2116 2027 81 26 printed
2209 2028 19 19 in
2240 2028 32 18 the
2282 2028 67 24 prison

1917 2055 45 18 with
1972 2054 33 20 the
2016 2053 84 26 English
2112 2054 71 20 words.
2221 2054 28 20 To
2268 2054 81 20 Colonel

1917 2081 108 25 Bridgn.an
2036 2080 24 20 he
2070 2081 66 19 Btated
2153 2081 45 19 that
2214 2080 24 20 he
2248 2086 41 14 saw
2298 2087 51 13 none

1915 2107 22 19 of
1948 2107 34 19 the
1992 2107 101 19 hardware
2103 2107 64 24 goods
2178 2113 26 13 on
2215 2107 41 19 sale
2267 2107 21 19 in
2297 2106 42 20 iron-

1905 2133 4 25 |
1918 2140 91 18 mongers
2020 2133 59 25 shops
2087 2133 21 19 in
2120 2133 110 25 Germany.

1985 2194 125 22 CLOTHES
2126 2194 158 23 CLEANING.

1944 2249 41 20 The
2004 2250 109 26 chemistry
2131 2250 21 19 of
2163 2249 93 27 cleaning
2276 2250 77 20 clothes

1918 2276 17 19 is
1945 2283 21 14 so
1976 2276 54 21 forth
2037 2276 21 21 in
2069 2284 11 13 a
2088 2276 98 20 scientific
2196 2277 108 25 magazine,
2314 2277 39 19 and

1920 2304 58 19 while
1988 2310 74 13 women
2077 2303 40 20 will
2133 2310 45 13 care
2195 2303 54 20 little
2268 2304 32 19 for
2319 2304 36 20 the

1919 2330 67 20 actual
1997 2337 79 17 procesß
2083 2331 94 25 suggests
2188 2337 11 12 a
2208 2330 68 20 useful
2284 2330 71 20 modus

1920 2357 102 24 operandi.
2050 2356 60 23 Take,
2130 2357 33 20 for
2185 2356 100 25 instance,
2309 2364 46 19 says

1921 2384 33 19 the
1964 2384 114 19 'American
2090 2382 101 25 Analyst,'
2213 2391 11 12 a
2244 2384 58 25 shiny
2321 2384 32 19 oid

1920 2411 52 23 coat,
1982 2412 48 21 vest,
2041 2417 23 12 or
2074 2410 43 25 pair
2128 2410 21 19 of
2159 2411 92 19 trousers
2262 2410 21 19 of
2296 2410 59 20 black

1921 2436 123 24 broadcloth,
2071 2436 102 21 cashmere
2205 2444 21 12 or
2255 2437 99 25 diagonal.

1921 2463 41 19 The
1973 2469 80 14 scnurer
2077 2463 67 19 makes
2159 2470 11 11 a
2194 2465 78 23 strong,
2294 2471 58 12 warm

1921 2490 99 24 soapsuds
2039 2489 38 20 and
2102 2490 86 25 plunges
2211 2489 35 20 the
2263 2492 92 22 garment

1921 2516 42 19 into
1974 2519 21 21 it,
2006 2523 68 12 souses
2083 2516 17 19 it
2124 2523 27 17 up
2169 2516 39 20 and
2224 2516 65 24 down,
2306 2516 48 21 rubs

1921 2542 34 19 the
1966 2544 36 24 dry
2020 2543 72 24 places,
2109 2543 39 19 and
2159 2542 17 20 if
2186 2549 105 20 necessary
2306 2545 49 22 puts

1921 2570 15 18 it
1944 2568 88 27 through
2043 2569 76 20 several
2135 2571 80 22 waters,
2232 2570 41 19 and
2293 2570 62 24 hangs

1919 2595 17 19 it
1955 2602 28 18 up
1999 2598 21 17 to
2038 2596 37 25 dry
2095 2603 26 12 on
2144 2596 35 19 the
2204 2596 47 19 line.

1920 2622 69 25 nearly
2000 2623 36 23 dry
2047 2622 23 19 he
2085 2622 57 19 takes
2152 2622 18 19 it
2185 2622 27 24 in,
2229 2622 48 19 rolls
2294 2624 16 18 it
2327 2629 27 19 up

1961 2656 25 11 an
1997 2649 53 19 hour
2060 2655 21 12 or
2091 2650 47 22 two,
2149 2649 40 18 and
2208 2648 48 20 then
2275 2656 79 18 presses

1920 2676 21 18 it.
1970 2676 33 18 An
2015 2675 31 19 old
2058 2676 69 19 cotton
2138 2675 54 20 cloth
2208 2675 17 20 is
2236 2676 40 19 iaid
2286 2683 26 12 on
2320 2676 34 19 the

1919 2702 79 19 outside
2008 2702 21 19 of
2043 2702 34 19 the
2093 2704 51 21 coat,
2165 2702 39 19 and
2217 2702 33 19 the
2271 2702 44 19 iron
2337 2702 17 19 is

1919 2728 78 26 pressed
2009 2735 46 12 over
2079 2728 45 19 that
2139 2728 53 20 until
2208 2728 34 20 the
2257 2728 96 20 wrinkles

1918 2761 34 14 are
1962 2758 42 20 out,
2014 2754 37 20 but
2058 2754 35 20 the
2100 2755 44 19 iron
2157 2755 16 19 is
2182 2755 92 19 removed
2286 2755 67 20 before

1918 2780 34 21 the
1961 2784 63 17 steam
2031 2787 66 14 ceases
2106 2784 21 16 to
2136 2781 39 20 rise
2182 2782 51 19 from
2245 2781 106 25 thegoods,

1917 2808 41 20 else
1968 2808 49 26 they
2024 2808 66 19 would
2100 2808 24 19 be
2134 2808 65 26 shiny.

2073 2834 46 19 that
2141 2841 34 14 are
2194 2834 104 21 obstinate
2319 2841 34 14 are

1917 2861 93 20 removed
2024 2861 26 25 by
2067 2860 68 26 laying
2153 2868 11 12 a
2180 2863 40 18 wet
2238 2861 57 20 cloth
2305 2869 47 12 over

1917 2888 52 19 them
1986 2888 38 19 and
2036 2888 90 25 pressing
2140 2887 35 20 the
2185 2888 42 19 iron
2243 2895 47 13 over
2300 2888 51 20 that.

1918 2914 20 20 If
1949 2921 38 19 any
1998 2914 58 25 shiny
2071 2914 66 25 places
2147 2920 35 13 are
2191 2921 53 18 seen,
2256 2915 48 24 they
2319 2921 33 12 are

1919 2941 78 19 treated
2009 2947 20 12 as
2038 2940 34 19 the
2088 2940 94 21 wrinkles
2192 2941 96 19 are—the
2307 2941 44 19 iron

1917 2968 17 19 is
1944 2968 59 19 lifted
2015 2966 58 20 while
2083 2967 33 19 the
2137 2967 38 19 full
2187 2968 60 19 cloud
2257 2968 21 18 of
2288 2970 63 17 steam

1918 2994 50 19 rises
1978 3001 33 18 up,
2027 2994 37 19 and
2077 2994 67 26 brings
2154 2994 37 19 the
2211 3001 39 19 nap
2271 2994 47 19 with
2329 2994 22 19 it.

1918 3020 82 20 Clothes
2015 3020 69 19 should
2110 3022 74 23 always
2208 3020 50 20 have
2278 3027 10 12 a
2304 3020 47 20 suds

1917 3048 56 18 made
1984 3045 106 27 especially
2101 3047 34 19 for
2145 3046 61 25 them,
2228 3054 22 13 as
2269 3048 20 18 in
2307 3047 44 19 that

1917 3073 64 20 which
1991 3073 36 19 has
2037 3073 48 19 been
2097 3073 48 20 used
2160 3073 34 20 for
2209 3074 61 19 white
2282 3076 68 18 cotton

1917 3107 23 12 or
1950 3099 83 20 woollen
2044 3099 77 20 clothes
2133 3100 38 19 lint
2188 3100 39 19 will
2239 3102 22 19 be
2279 3100 39 20 left
2330 3100 21 19 in

1917 3126 35 20 the
1961 3128 65 21 water,
2037 3126 38 20 and
2084 3126 39 20 will
2133 3126 54 27 cling
2197 3130 21 16 to
2226 3128 32 19 the
2267 3126 61 21 cloth.

1943 3153 25 19 In
1983 3153 40 19 this
2034 3159 82 13 manner
2131 3153 36 19 the
2184 3160 53 13 same
2251 3156 46 17 coat
2312 3153 38 19 and

1917 3182 91 17 trousers
2032 3186 35 12 can
2090 3179 24 20 be
2126 3181 92 18 renewed
2241 3180 49 20 time
2312 3179 38 20 and

1916 3205 49 20 time
1976 3206 65 25 again,
2051 3205 40 20 and
2099 3206 50 20 have
2166 3205 28 21 all
2203 3206 34 20 the
2248 3206 45 20 look
2313 3206 38 20 and

1917 3232 40 19 feel
1971 3233 23 18 of
2010 3240 42 12 new
2066 3234 109 23 garments.
2210 3233 57 20 Good
2282 3233 60 20 broad

1917 3258 54 20 cloth
1984 3259 38 19 and
2039 3258 27 20 its
2083 3259 69 20 fellow
2169 3259 65 20 cloths
2252 3260 39 19 will
2306 3257 46 21 bear

1917 3291 60 20 many
1987 3284 98 27 washings
2100 3286 39 18 and
2151 3285 46 20 look
2217 3286 66 20 better
2292 3293 59 18 every

1917 3312 47 18 time
1976 3312 82 19 because
2069 3311 21 19 of
2100 3311 61 20 them.

1943 3364 42 19 The
1996 3364 139 21 Government
2145 3365 35 19 has
2197 3367 68 19 cabled
2286 3368 21 17 to
2317 3366 34 19 the

1916 3390 120 20 Australian
2048 3391 87 20 colonies
2152 3393 78 25 stating
2246 3393 26 19 its
2284 3393 55 19 inten-

1917 3417 42 19 tion
1971 3417 22 19 of
2003 3419 97 24 adopting
2111 3425 48 18 very
2171 3419 102 24 stringent
2283 3419 59 20 restri-

1916 3444 67 20 ctions
2002 3450 22 14 as
2043 3449 19 15 to
2077 3445 39 19 live
2126 3446 63 19 cuttle
2212 3452 24 12 on
2255 3448 96 17 steamerß

1917 3471 51 19 from
1981 3471 103 19 Australia
2098 3473 21 17 to
2137 3471 92 26 England
2241 3472 78 25 coming
2330 3474 21 17 to

1917 3497 50 19 New
1978 3497 87 19 Zealand
2077 3500 62 21 ports,
2149 3499 38 18 and
2199 3497 35 21 the
2254 3498 97 20 Minister

1916 3523 23 19 of
1959 3523 67 20 Lands
2050 3524 40 18 said
2114 3525 106 25 yesterday
2241 3525 46 19 that
2304 3531 47 18 very

1916 3556 64 18 angry
1993 3550 74 25 replies
2077 3549 49 19 have
2136 3551 48 19 been
2196 3551 89 19 received
2297 3551 52 19 from

1917 3578 20 17 at
1948 3577 50 18 least
2014 3583 37 12 one
2067 3576 71 25 elony
2157 3584 22 12 as
2198 3579 22 17 to
2235 3577 34 19 the
2285 3579 64 18 action

1917 3603 60 24 being
1989 3602 184 25 'unneighbourly.'
2202 3603 50 20 New
2262 3604 86 20 Zealand

1918 3629 60 25 sheep
1989 3635 50 13 wore
2050 3628 64 24 freely
2133 3629 101 20 admitted
2248 3631 38 19 and
2307 3630 42 20 sold

1917 3655 20 19 in
1949 3655 50 19 New
2011 3655 62 19 South
2084 3655 76 20 Wales.
2188 3656 22 20 If
2221 3656 49 20 New
2286 3656 63 20 South

1921 3681 68 20 Wales
1999 3688 51 12 were
2060 3688 24 13 an
2101 3682 71 23 island,
2191 3683 38 19 and
2243 3683 38 19 had
2300 3683 49 19 been

1919 3708 56 19 made
1986 3708 51 19 clear
2048 3707 21 19 of
2083 3707 83 24 disease,
2178 3709 16 19 it
2210 3709 65 19 would
2290 3709 24 19 be
2324 3709 25 19 nil

1919 3734 58 24 right,
1994 3734 36 19 but
2053 3734 33 19 the
2098 3734 98 26 difficulty
2212 3742 39 12 was
2273 3735 46 20 that
2337 3737 14 17 it

1919 3767 40 12 was
1983 3762 46 23 part
2048 3760 21 19 of
2088 3767 12 12 a
2117 3761 106 20 continent
2241 3769 24 12 on
2286 3761 63 20 which

1919 3787 77 18 disease
2018 3793 40 12 was
2082 3786 72 20 known
2179 3791 21 16 to
2224 3789 59 19 ixist.
2309 3789 42 18 The

1919 3812 136 20 Government
2062 3820 39 12 was
2116 3820 47 18 very
2188 3815 56 19 much
2262 3815 51 20 alive
2330 3817 21 16 to

1919 3839 35 19 the
1965 3839 123 25 importance
2103 3840 21 19 of
2139 3840 34 19 the
2183 3841 100 25 question.
2310 3840 41 20 The

1919 3867 110 17 statement
2039 3873 39 12 was
2087 3866 57 19 made
2151 3866 20 19 in
2182 3873 137 19 consequence
2330 3867 21 18 of

1919 3892 35 19 Mr
1964 3891 92 20 Stevens'
2067 3892 90 25 question
2178 3899 81 19 apropos
2278 3893 20 20 of
2318 3892 33 21 the

1918 3917 102 20 Southern
2045 3918 65 24 Cross,
2140 3918 48 20 with
2212 3920 63 19 cattle
2297 3920 54 19 from

1918 3944 88 25 Sydney,
2021 3944 62 24 being
2097 3946 117 19 announced
2238 3949 22 16 to
2279 3946 37 19 call
2331 3948 20 18 at

1919 3970 113 24 Lyttelton.
2073 3970 33 19 Mr
2124 3971 84 20 Stevens
2234 3975 63 16 waotß
2317 3973 34 19 the

1919 3996 138 19 Government
2072 3999 21 17 to
2110 4000 84 21 prevent
2206 3998 48 20 such
2277 3999 74 20 vessels

1919 4022 74 26 calling
2003 4024 21 18 at
2034 4022 32 20 all.

2358 115 50 20 THE
2430 115 70 19 CASE
2514 113 38 21 OF
2571 113 44 19 MR
2636 113 24 19 B.
2676 110 100 21 FRANK-

2539 140 57 20 LIN.

2380 195 16 19 A
2408 193 57 21 small
2485 193 24 20 bo
2511 200 12 9 w
2534 200 38 12 was
2591 191 89 26 brought
2693 189 72 21 before
2776 195 11 12 a,

2358 221 113 24 magistrate
2476 226 53 16 upon
2540 226 11 13 a
2559 219 76 20 serious
2646 218 79 23 charge.
2754 216 33 19 He

2358 254 36 12 was
2404 254 11 12 a
2425 246 53 20 little
2488 245 74 24 fellow,
2577 245 48 20 with
2636 244 34 20 red
2690 243 50 19 hnir.
2769 242 18 19 A

2358 273 40 20 tuft
2408 273 21 19 of
2439 273 44 19 hair
2494 273 59 19 stuck
2570 271 87 25 through
2668 270 32 19 the
2720 272 35 21 top
2767 268 21 19 of

2358 307 8 12 a
2377 299 83 27 pointed
2478 298 94 21 slouched
2584 298 40 22 hat,
2636 296 40 21 and
2686 296 31 19 his
2726 295 62 19 knees

2358 327 60 18 shone
2429 326 88 24 through
2535 325 56 19 holes
2601 324 20 19 in
2632 324 57 19 those
2698 322 91 26 portions

2358 353 19 19 of
2388 352 30 19 his
2428 355 95 17 trousers.

2384 379 38 19 His
2439 379 68 19 mothe
2521 378 46 19 hold
2588 376 40 21 him
2639 376 49 22 fast,
2703 374 47 24 and,
2769 380 21 13 as

2358 405 34 20 she
2403 405 104 25 struggled
2521 405 45 18 into
2586 403 33 20 the
2633 402 62 23 office,
2705 400 35 20 the
2751 400 40 25 boy

2358 438 70 19 swung
2448 432 49 19 back
2508 432 39 18 like
2566 437 11 12 a
2596 431 95 23 contrary
2707 426 52 21 mule
2770 428 21 18 at

2359 458 34 19 the
2403 458 39 19 end
2453 458 21 19 of
2485 465 10 12 a
2505 458 72 19 halter.

2385 484 96 19 'What's
2505 484 35 19 the
2565 480 99 23 matter?'
2690 479 43 21 said
2756 479 37 20 the

2359 510 122 24 magistrate.

2385 538 5 8 '
2399 536 125 26 Everything
2535 536 10 19 !'
2574 534 43 21 said
2641 534 35 20 the
2709 539 83 13 woman.

2360 562 63 20 'He's
2442 563 44 23 bad,
2503 562 39 20 and
2559 562 47 20 thar
2629 561 43 19 a'nt
2692 567 24 12 no
2732 559 61 24 doing

2361 588 78 20 noth'in
2453 590 29 19 wi'
2493 588 47 20 him.
2568 588 52 19 Thar
2636 586 44 20 a'nt
2693 593 13 12 a
2713 586 69 24 cherry-

2360 618 43 17 tree
2413 616 64 19 round
2492 615 33 20 the
2544 617 54 17 town
2617 614 24 19 be
2660 613 58 20 don't
2727 612 66 23 know,

2361 642 38 19 and
2417 641 47 20 thar
2482 642 43 19 a'nt
2545 649 11 12 a
2570 643 33 17 cat
2621 640 53 19 what
2689 639 66 19 shows
2766 639 27 18 its

2361 674 48 13 nose
2427 668 45 19 that
2488 668 25 19 ho
2527 668 59 19 don't
2609 667 29 19 let
2661 665 55 20 drive
2732 665 31 19 wi'
2783 672 11 12 a

2361 697 64 16 stone.
2454 694 52 20 Thar
2526 694 45 19 a'nt
2599 701 11 11 a
2643 691 104 21 door-bell
2770 691 24 19 ha

2362 720 64 20 ha'n't
2436 720 75 25 pulled,
2528 720 40 20 and
2577 727 14 13 a
2603 719 48 26 high
2662 719 37 19 hat
2708 725 25 12 on
2745 718 48 25 days

2363 749 55 17 when
2430 747 61 20 ther's
2511 753 54 13 snow
2583 747 41 25 jest
2638 748 42 16 sets
2700 744 40 19 him
2752 744 21 18 in
2783 751 12 12 a

2363 774 22 18 fit
2395 774 52 18 until
2467 774 24 20 he
2509 776 44 23 gets
2568 768 18 24 a'
2599 772 39 20 lick
2657 771 20 19 in
2697 773 21 17 at
2733 770 32 24 it.',
2784 771 10 19 I

2362 800 48 19 have
2431 807 54 13 worn
2502 802 45 18 out,
2556 799 56 19 three
2628 797 68 20 Bibles
2711 796 84 25 reading

2362 826 39 20 'um
2413 828 20 18 to
2447 826 46 24 bim,
2513 826 38 20 but
2565 826 16 19 it
2592 825 56 19 don't
2665 824 26 19 do
2701 830 25 13 no
2736 824 58 25 good.

2364 853 33 19 All
2417 853 35 19 the
2469 856 52 16 trees
2539 853 20 18 in
2579 852 35 19 the
2629 850 50 20 back
2695 852 49 23 yard
2760 851 34 19 has

2363 880 49 18 been
2435 879 60 19 killed
2518 879 80 25 getting
2618 877 92 20 switches
2724 875 30 20 off
2773 879 21 17 to

2362 906 39 20 lick
2418 905 48 24 'um,
2476 906 40 19 and
2537 905 24 19 he
2579 905 66 19 chaws
2659 904 27 19 all
2701 902 35 20 the
2755 906 30 18 ter-

2363 932 71 20 backer
2455 931 45 20 that
2523 931 33 20 the
2573 931 33 19 old
2622 937 45 13 man
2692 936 36 13 can
2747 930 47 25 buy.

2365 959 46 19 He's
2429 957 120 26 a-breaking
2568 957 21 20 of
2607 964 34 19 my
2656 957 62 22 heart,
2734 957 39 19 and
2785 957 9 19 I

2363 988 64 16 wants
2458 984 39 20 him
2530 984 106 25 punished.
2676 983 49 23 Yes,
2751 983 42 19 Ben

2365 1011 102 24 Franklin,
2483 1018 40 18 you
2542 1017 34 13 are
2591 1010 96 25 bringing
2698 1016 32 18 my
2746 1016 48 19 gray

2363 1039 53 19 hairs
2428 1039 21 17 to
2467 1038 33 18 the
2509 1036 71 27 grave.'

2389 1067 5 7 '
2404 1063 105 26 Benjamin
2547 1062 111 25 Franklin,'
2687 1062 42 19 said
2762 1062 34 19 the

2363 1091 123 24 magistrate,
2507 1090 19 19 in
2539 1097 24 12 an
2577 1089 110 26 imperious
2706 1096 88 16 manner,

2364 1115 4 26 '
2376 1119 9 17 I
2397 1124 30 12 am
2438 1116 65 20 afraid
2523 1123 39 18 you
2572 1122 32 14 are
2615 1115 83 20 derelict
2708 1118 20 16 to
2739 1115 57 19 those

2364 1143 48 26 high
2445 1143 108 25 principles
2582 1143 21 19 of
2634 1142 92 24 morality
2756 1141 40 20 and

2365 1170 99 20 rectitude
2491 1169 62 19 which
2579 1171 95 17 maternal
2699 1168 96 19 affection

2366 1197 35 19 has
2420 1195 140 21 endeavoured
2576 1198 20 17 to
2612 1195 55 20 instil
2683 1195 43 19 into
2746 1201 50 19 your

2364 1221 145 24 composition.'

2391 1247 4 25 '
2403 1250 59 22 Now,
2473 1248 44 20 look
2537 1248 55 24 here,
2607 1248 36 19 Mr
2662 1247 74 25 Judge,
2754 1247 42 20 said

2365 1276 33 19 the
2410 1282 82 16 woman,
2512 1274 4 25 '
2525 1275 47 20 that
2585 1275 40 19 'ere
2644 1274 38 25 boy
2692 1274 57 19 ha'nt
2759 1274 37 19 had

2366 1302 56 20 much
2447 1301 99 27 learning,
2570 1301 38 21 and
2632 1301 24 20 he
2677 1300 55 20 can't
2755 1299 41 20 talk

2365 1329 83 19 Dutch.'

2392 1352 4 28 '
2405 1355 62 23 Well,
2478 1355 11 19 I
2504 1354 68 20 didn't
2589 1361 35 19 say
2643 1354 24 19 ho
2683 1352 73 23 could,'
2768 1359 19 12 re-

2366 1382 51 26 plied
2431 1382 34 19 the
2476 1381 123 25 magistrate.

2392 1406 4 26 '
2409 1408 46 19 War
2459 1408 30 19 n't
2513 1408 45 19 that
2584 1406 69 21 Dutch
2684 1412 41 20 you
2749 1411 47 14 were

2365 1435 79 25 talking
2455 1434 49 20 then
2512 1433 16 21 ?'

2392 1458 4 28 '
2405 1462 37 23 No,
2455 1461 76 20 madam
2540 1458 4 28 ;
2559 1460 45 20 that
2613 1467 40 13 was
2664 1465 49 21 pure
2723 1458 73 26 Anglo-

2365 1488 80 21 Saxon.'

2392 1511 4 29 '
2406 1514 84 22 What's
2513 1513 35 22 Bhe
2563 1515 36 25 got
2615 1515 21 19 to
2651 1513 25 20 do
2691 1511 48 22 with
2758 1511 38 22 this

2366 1541 68 21 case?'

2392 1568 5 13 '
2407 1568 54 21 Who
2469 1566 16 23 P'

2392 1596 5 11 '
2406 1595 64 27 Why,
2481 1593 101 29 Ar.gslina
2592 1592 89 23 Saxton,'

2393 1622 5 14 •
2406 1622 54 21 Who
2471 1622 42 20 said
2523 1621 165 27 anythiDgabout
2700 1618 96 28 Angelina

2366 1649 76 21 Saxton
2450 1648 18 21 P*

2393 1672 4 24 '
2405 1675 46 21 You
2462 1672 47 24 did.'

2393 1731 5 9 '
2406 1728 47 21 You
2464 1729 47 20 did.'

2393 1756 4 26 '
2405 1756 11 20 I
2425 1758 72 24 repeat
2507 1757 11 19 I
2530 1756 33 20 did
2575 1756 48 19 not.'

2394 1783 57 20 'You
2485 1782 45 21 did!
2566 1789 39 19 you
2635 1781 58 21 did!!
2727 1778 69 23 did!!!

2366 1810 33 19 did
2408 1806 43 23 !!!!
2467 1809 32 20 did
2509 1806 31 23 !!!
2549 1806 17 23 I!
2586 1809 33 20 did
2629 1806 55 23 !!!!!
2695 1809 5 20 !
2716 1808 33 20 did
2758 1806 3 23 !
2770 1806 26 23 I!!

2367 1834 29 26 !!!
2413 1837 39 19 and
2462 1836 40 24 did,
2514 1837 38 19 and
2563 1843 42 17 you
2615 1835 40 25 did,
2666 1836 33 19 did
2710 1834 40 26 did,
2761 1834 35 20 and

2367 1863 33 20 I'll
2412 1870 60 13 never
2481 1863 44 26 give
2535 1863 21 20 in
2565 1862 12 19 !'

2393 1891 25 19 In
2429 1890 35 19 the
2479 1890 106 19 meantime
2605 1889 106 26 Benjamin
2723 1887 61 21 Frank-

2366 1917 29 20 lin
2415 1919 32 18 sat
2465 1923 25 13 on
2509 1923 11 12 a
2538 1917 46 23 bos,
2594 1916 38 19 and
2648 1916 49 24 said,
2717 1914 79 25 'Groin,

2366 1943 33 20 old
2411 1950 84 18 woman,
2505 1943 39 20 and
2555 1942 55 20 don't
2620 1942 44 25 give
2675 1949 27 20 up
2713 1950 5 16 ;
2732 1941 12 20 I
2754 1948 42 13 seen

2367 1977 40 19 you
2418 1970 47 20 take
2475 1970 57 19 down
2551 1970 38 19 dad
2606 1969 46 20 that
2662 1975 43 19 way
2719 1975 61 19 many
2791 1975 5 12 a

2367 1995 60 21 time.'

2394 2023 46 20 Her
2456 2022 70 21 breath
2546 2022 69 26 nearly
2629 2022 118 24 exhausted,
2766 2021 30 20 she

2368 2049 97 20 snatched
2485 2050 34 19 the
2533 2048 106 21 namesake
2657 2048 21 19 of
2689 2048 35 20 the
2742 2049 54 25 great

2369 2076 129 25 philosopher
2516 2076 26 25 by
2552 2075 33 20 the
2603 2081 50 19 nape
2663 2075 22 19 of
2704 2074 31 19 his
2750 2073 46 20 neck

2367 2102 39 19 and
2417 2103 65 23 swept
2491 2104 37 17 out
2544 2102 22 19 of
2579 2102 34 19 the
2623 2102 63 21 court,
2698 2100 98 24 declaring

2368 2128 36 19 she
2413 2127 39 20 had
2462 2134 62 13 never
2533 2128 51 19 been
2597 2133 22 14 so
2630 2126 90 20 insulied
2738 2126 22 19 in
2774 2126 22 19 all

2370 2154 35 19 her
2415 2154 42 24 life,
2478 2154 38 19 and
2535 2153 53 25 that,
2601 2156 38 21 too,
2655 2153 26 25 by
2701 2160 11 12 a
2726 2153 59 25 magis-

2370 2182 54 18 trate
2434 2180 44 20 who
2488 2180 37 19 had
2537 2180 39 19 had
2586 2187 26 12 no
2621 2179 96 26 bringing
2728 2186 33 18 up.

2397 2236 19 19 A
2427 2235 104 25 Waipawa
2541 2235 90 20 resident
2644 2234 70 20 named
2724 2234 78 26 Joseph

2373 2263 59 19 Peers
2443 2264 40 18 met
2493 2261 47 20 with
2550 2261 30 20 his
2590 2260 59 21 death
2660 2262 19 18 in
2689 2268 13 12 a
2711 2261 91 26 singular

2373 2295 87 14 manner.
2489 2289 33 19 He
2545 2295 40 13 was
2608 2288 88 25 erjgaged
2714 2287 21 20 in
2759 2289 33 18 dis-

2372 2315 102 25 tributing
2484 2315 132 25 phosphorus,
2631 2314 55 20 when
2698 2314 16 19 it
2724 2314 78 25 ignited

2372 2343 20 19 in
2413 2342 30 19 his
2467 2342 96 19 trousers'
2580 2340 78 27 pocket.
2684 2340 72 21 While
2769 2348 22 13 en-

2373 2368 123 26 deavouring
2512 2370 21 18 to
2550 2367 118 26 extinguish
2682 2366 35 21 the
2735 2367 67 20 flames

2373 2395 30 20 his
2427 2396 42 24 legs
2491 2395 38 19 and
2553 2394 63 20 hands
2639 2400 52 14 were
2714 2395 88 26 severely

2373 2422 64 20 burnt
2455 2421 38 20 and
2505 2421 24 19 he
2542 2428 40 12 was
2591 2420 82 20 advised
2682 2421 23 19 to
2723 2420 79 21 become

2373 2455 12 13 a
2404 2448 78 26 patient
2496 2448 20 19 in
2536 2448 34 19 ths
2585 2446 94 26 hospital.
2708 2447 94 27 Lockjaw

2374 2477 31 18 set
2415 2475 19 19 in
2449 2474 39 19 and
2496 2474 25 19 he
2531 2474 83 26 oxpired
2622 2480 13 13 a
2642 2474 39 19 few
2686 2474 49 25 days
2746 2474 56 20 later.

2399 2509 64 20 There
2474 2516 33 12 are
2517 2516 23 13 on
2552 2516 11 12 a
2573 2508 55 21 table
2637 2508 21 20 in
2667 2508 35 21 the
2712 2509 59 26 lobby
2782 2510 20 19 of

2373 2536 34 19 the
2417 2536 71 19 Honse
2504 2538 38 17 two
2562 2536 86 24 turnips,
2663 2543 12 12 a
2684 2536 35 25 big
2727 2538 75 23 potato,

2372 2563 38 19 and
2422 2569 11 13 a
2449 2562 84 20 handful
2551 2562 22 20 of
2583 2564 50 18 oats.
2661 2562 55 26 They
2731 2569 35 13 are
2776 2563 26 19 all

2374 2588 79 20 marked
2463 2595 22 13 as
2496 2589 33 19 the
2539 2588 88 25 produce
2646 2588 22 20 of
2683 2588 119 21 Pomahaka.

2374 2616 17 19 A
2402 2618 91 23 stranger
2506 2615 83 19 entered
2597 2615 35 19 the
2642 2615 61 26 lobby
2713 2615 39 19 and
2763 2623 37 12 saw

2373 2642 40 20 this
2437 2641 87 26 produce
2538 2642 21 18 of
2580 2641 112 19 Pomahaka
2707 2642 39 19 and
2770 2649 22 13 ex-

2371 2669 115 19 claimed—'
2495 2668 69 23 What,
2583 2668 16 19 is
2615 2667 45 20 that
2682 2668 27 19 all
2732 2669 56 19 Poma-

2373 2695 50 19 haka
2434 2695 34 19 has
2487 2694 102 25 produced
2602 2694 74 25 during
2691 2701 38 13 one
2740 2695 62 19 whole

2371 2721 73 26 year?'
2472 2721 64 19 Those
2560 2724 82 23 present
2665 2721 97 25 indulged
2780 2721 21 20 in

2372 2749 69 24 hearty
2451 2747 99 25 laughter.

2398 2782 163 20 Commissioners
2569 2781 23 20 of
2597 2782 72 19 Crown
2676 2782 68 19 Lands
2751 2782 51 19 have

2372 2809 48 20 been
2432 2808 110 20 instructed
2554 2809 21 18 to
2591 2808 81 25 dispose
2682 2808 21 20 of
2713 2815 25 13 no
2749 2815 53 13 more

2372 2835 44 20 lime
2427 2835 97 25 quarries,
2533 2835 38 18 and
2583 2841 11 13 a
2602 2835 40 19 Bill
2650 2835 16 19 is
2676 2837 20 17 to
2706 2835 23 20 be
2738 2835 53 20 intro-

2370 2862 63 19 duced
2443 2862 22 24 by
2473 2860 34 21 the
2515 2860 96 21 Minister
2618 2861 31 19 for
2656 2862 68 19 Lands
2730 2863 60 24 topro-

2369 2888 45 19 vide
2423 2888 30 19 for
2464 2888 34 19 the
2508 2888 98 26 purchase
2617 2887 22 20 of
2648 2888 85 20 suitable
2741 2895 48 19 quar-

2369 2915 45 20 ries.

2395 2954 61 20 News
2463 2954 52 19 from
2526 2954 35 19 the
2570 2954 50 19 East
2636 2954 28 25 by
2682 2954 35 20 the
2736 2954 66 21 China

2369 2980 48 21 mail
2435 2983 62 17 states
2520 2980 45 19 that
2583 2987 12 12 a
2615 2985 79 21 cyclone
2712 2984 67 16 recent
2783 2983 18 23 iy

2369 3008 62 25 swept
2441 3013 48 12 over
2497 3006 109 21 Macassar.
2634 3006 83 26 Twenty
2726 3008 75 19 vessels

2369 3033 57 25 lying
2435 3033 21 18 in
2475 3032 35 19 the
2528 3032 90 20 harbour
2637 3032 92 26 dragged
2748 3034 54 19 their

2369 3059 86 20 anchors
2476 3058 40 19 and
2535 3065 52 13 were
2615 3060 96 19 wrecked.
2740 3060 62 20 Their

2369 3086 63 19 entire
2455 3091 87 19 cargoes,
2564 3085 110 25 consisting
2691 3086 22 19 of
2731 3087 68 25 coffee,

2368 3111 111 26 petroleum
2496 3110 40 20 and
2545 3117 66 19 copra,
2622 3118 52 13 were
2684 3112 45 20 lost.

2394 3145 42 19 Tho
2444 3151 58 19 space
2512 3144 82 25 already
2604 3145 81 25 applied
2693 3145 33 19 for
2736 3147 21 18 at
2767 3145 34 20 the

2368 3171 142 20 Christchurch
2520 3171 112 19 Industrial
2646 3171 104 20 Exibition
2767 3178 22 13 ex-

2369 3198 56 19 ceeds
2435 3197 45 20 that
2489 3197 106 23 available,
2606 3203 50 14 even
2669 3198 73 25 taking
2757 3198 43 19 into

2369 3225 82 18 account
2460 3223 35 19 the
2505 3229 45 14 now
2566 3229 66 14 itimex
2642 3223 66 20 which
2725 3224 17 19 it
2759 3231 42 13 was

2371 3250 89 24 recently
2478 3249 83 20 decided
2580 3251 20 18 to
2620 3250 63 19 build.
2711 3250 25 19 In
2756 3257 33 13 con-

2370 3282 101 20 sequence,
2484 3276 16 18 it
2508 3276 38 19 has
2561 3276 51 19 been
2630 3276 84 19 decided
2729 3279 21 17 to
2766 3283 23 13 ex-

2369 3302 48 19 tend
2427 3302 33 19 the
2470 3302 95 26 building
2574 3302 27 24 by
2611 3302 85 20 another
2713 3305 23 16 44
2752 3303 47 23 feet,

2369 3328 39 19 and
2412 3330 20 17 to
2439 3334 104 14 announce
2550 3331 21 16 to
2576 3328 108 26 intending
2689 3329 111 20 exhibitors

2369 3355 44 18 that
2423 3354 40 19 this
2472 3354 17 19 is
2496 3354 35 19 the
2541 3354 50 20 final
2599 3354 94 21 decision.

2394 3385 21 19 It
2423 3385 18 18 is
2455 3385 34 18 the
2505 3385 99 19 intention
2621 3386 21 19 of
2656 3386 35 19 the
2711 3386 76 19 Govern-

2368 3413 60 21 ment,
2446 3413 21 16 to
2484 3411 59 19 assist
2556 3411 22 20 in
2596 3411 34 20 the
2648 3412 150 20 establishment

2369 3437 20 19 of
2403 3437 57 25 dairy
2477 3437 94 20 factories
2590 3438 20 19 in
2625 3438 87 19 districts
2733 3438 66 20 where

2368 3464 33 18 the
2416 3463 79 19 settlers
2515 3463 119 21 thomselves
2649 3471 35 13 are
2698 3465 35 18 not
2747 3464 22 19 in
2787 3471 12 12 a

2368 3489 92 25 position,
2472 3490 67 24 owing
2549 3492 20 17 to
2578 3493 54 16 want
2642 3491 21 18 of
2677 3490 79 26 capital,
2778 3493 21 16 to

2369 3517 51 18 erect
2430 3515 39 19 and
2479 3517 51 18 start
2543 3516 51 19 such
2602 3517 93 19 factories
2703 3516 94 19 unaided.

2369 3541 142 20 Considerable
2527 3548 93 19 pressure
2634 3545 19 16 to
2663 3548 68 13 secure
2742 3542 56 19 State

2369 3568 47 24 help
2432 3567 21 18 in
2469 3568 34 18 tho
2527 3568 96 19 direction
2641 3568 101 19 indicated
2761 3568 37 19 has

2369 3600 54 12 come
2433 3594 51 18 from
2498 3594 108 19 Auckland
2625 3596 120 23 up-country
2758 3594 30 19 dis-

2368 3620 60 23 tricts,
2444 3619 40 19 and
2500 3620 35 19 the
2549 3626 55 13 same
2618 3622 54 17 want
2688 3620 16 19 is
2719 3620 45 19 paid
2778 3622 20 17 to

2368 3646 50 18 have
2428 3644 51 20 been
2489 3645 37 20 felt
2535 3646 20 19 in
2566 3646 35 19 the
2609 3646 72 19 South.

2394 3683 42 19 Tho
2445 3682 99 20 Adelaide
2552 3682 101 25 Register,
2665 3683 134 25 commenting

2369 3716 25 12 on
2412 3709 34 19 the
2465 3708 19 19 S.
2497 3708 23 20 A.
2538 3708 135 20 Government
2695 3708 41 20 Bill
2754 3716 33 17 pro-

2368 3735 69 24 viding
2445 3735 32 18 for
2488 3735 97 19 advances
2598 3737 20 16 to
2629 3733 83 26 settlers,
2728 3741 46 18 says
2783 3735 16 19 it

2369 3761 40 19 will
2418 3760 48 19 tend
2481 3763 20 16 to
2517 3760 72 19 reduce
2609 3760 83 20 interest
2707 3761 40 19 and
2764 3761 35 19 the

2369 3787 85 24 earning
2463 3792 67 20 power
2540 3787 21 18 of
2571 3786 71 26 saving
2656 3786 55 20 bank
2722 3787 65 25 deposi-

2369 3815 46 21 tors,
2427 3812 40 19 and
2476 3814 95 24 suggests
2589 3812 45 19 that
2649 3818 12 13 a
2675 3813 40 19 fair
2729 3818 69 14 course

2369 3839 66 19 would
2444 3838 26 19 bo
2479 3840 21 17 to
2509 3839 68 18 obtain
2589 3845 12 12 a
2615 3838 104 26 plebiscite
2734 3839 22 18 of
2764 3839 34 18 the

2369 3865 81 23 savings
2460 3864 55 19 bank
2529 3864 117 26 depositors,
2658 3864 39 19 and
2716 3865 81 25 appoint

2369 3897 12 14 a
2390 3890 133 21 Commission
2531 3892 21 18 to
2571 3890 79 26 inquire
2668 3890 42 19 into
2720 3897 11 12 a
2749 3890 47 24 Bill,

2369 3917 40 20 and
2419 3917 69 19 obtain
2498 3917 34 18 the
2542 3917 93 18 mandate
2646 3917 21 18 of
2684 3916 35 19 tho
2728 3916 70 25 people

2369 3945 20 17 at
2399 3944 35 18 the
2443 3942 100 26 hustings.

2839 105 129 21 PUTTING
2982 105 160 20 PRISONERS
3156 106 37 19 ON

2922 131 90 19 THEIR
3026 131 85 21 OATH.

2913 185 106 20 ASIUSINO
3030 190 89 15 JIESUM.

2831 220 43 20 The
2896 220 100 26 proposed
3016 219 74 20 reform
3110 219 22 20 of
3154 225 56 22 puttir

2812 247 95 26 prisoners
2918 253 54 18 upon
2989 245 51 20 their
3051 247 46 18 oath
3113 246 40 20 and
3164 248 46 23 lettir.

2812 274 49 18 theui
2885 273 62 26 speak
2966 272 33 20 for
3020 272 120 20 themselves
3164 281 48 16 recor

2812 300 65 19 mends
2887 299 57 20 itself
2953 298 21 21 in
2986 305 58 18 many
3054 306 52 18 ways
3117 303 21 16 to
3149 307 56 15 eotntn

2812 333 59 16 sense,
2892 326 37 19 but
2946 325 40 24 has,
3002 326 142 24 nevertheless,
3163 329 40 19 Berio-

2812 353 158 23 disadvantages,
2994 358 45 18 says
3059 359 10 12 a
3085 352 68 20 writer
3172 353 19 20 in
3207 352 4 25 [

2812 379 81 25 English
2914 378 113 25 periodical,
3056 379 18 18 A
3089 379 51 24 good
3157 379 42 21 deal

2812 406 84 19 latitude
2907 407 54 17 must
2972 404 24 20 be
3005 404 83 20 allowed
3099 406 21 17 to
3130 404 36 21 the
3181 413 32 16 met

2812 432 43 19 berß
2874 431 21 20 of
2906 438 11 13 a
2926 431 52 19 class
2993 430 74 24 wholly
3083 434 129 19 unaccustomi

2812 460 19 18 to
2850 458 68 25 public
2929 456 103 26 speaking,
3047 457 40 20 and
3106 457 68 21 whose
3189 466 24 15 ore

2812 491 49 19 nary
2879 484 99 26 language
2994 484 17 19 is
3022 490 54 13 more
3090 483 89 21 familiar
3191 487 22 20 tk

2812 510 68 26 polite.
2909 513 18 16 A
2947 513 93 22 reporter
3057 517 25 12 on
3097 510 35 20 the
3149 510 62 23 Midla:

2812 537 79 20 Circuit
2900 536 35 20 has
2947 536 108 26 preserved
3071 536 33 19 for
3114 543 25 12 us
3148 543 12 13 a
3175 538 35 21 choi

2812 563 76 25 sample
2897 563 22 19 of
2933 565 82 23 oratory
3029 562 23 19 of
3061 563 40 19 this
3117 562 56 21 kind.
3199 566 11 18 T

2812 597 45 12 case
2867 596 41 13 was
2918 588 45 20 that
2977 588 22 20 of
3008 597 11 11 a
3037 595 44 13 man
3092 589 84 26 charged
3193 593 21 19 wi;

2812 617 88 26 attempt
2907 618 19 17 to
2936 615 86 25 murder,
3029 615 70 20 before
3107 616 54 19 Lord
3171 616 42 23 Wet

2812 642 84 25 leydale,
2907 649 38 12 one
2956 641 21 19 of
2987 642 33 19 the
3035 644 81 23 gravest
3131 642 23 19 of
3164 642 45 28 judg

2813 670 43 18 who
2881 668 37 19 had
2937 668 109 26 permitted
3062 668 46 24 him,
3132 668 54 21 after
3206 668 4 26 t

2813 694 129 26 prosecution
2966 694 75 23 closed,
3063 697 21 16 to
3104 695 82 20 address
3207 694 3 26 t

2812 722 48 25 jury
2871 720 3 27 :
2895 720 4 27 '
2912 721 36 25 My
2967 720 52 20 Lord
3034 721 41 19 and
3094 722 111 24 gentlemen

2812 748 34 19 the
2857 748 54 25 jury,
2926 754 41 17 you
2977 754 33 13 see
3026 754 22 12 as
3059 747 42 20 how
3116 748 38 19 I'm
3165 748 47 21 what

2812 774 64 20 called
2887 781 11 12 a
2909 774 104 25 peaceable
3031 780 51 18 man,
3094 774 40 20 and
3151 781 39 14 was
3200 779 14 16 ta

2812 801 35 25 ing
2859 807 32 19 my
2900 800 59 20 drink
2970 800 83 26 quietly,
3064 807 21 13 as
3095 807 11 13 a
3118 807 44 13 man
3174 802 40 21 shoe

2813 827 32 24 do,
2866 827 56 19 when
2934 834 27 17 up
2977 834 64 12 comes
3056 827 39 19 this
3114 827 47 20 here
3178 835 37 19 pro;

2813 858 63 19 cutor,
2888 853 38 19 and
2944 860 45 19 says
3000 853 29 23 he,
3041 853 33 19 I'll
3088 853 51 21 have
3149 861 11 13 a
3176 861 34 19 sup

2812 886 52 19 your
2887 879 59 20 beef.'
2987 880 5 9 '
3003 877 46 26 No,'
3073 887 46 18 says
3148 880 17 25 I,
3190 882 27 26 'yi

2813 907 68 19 sba'nt
2892 906 10 19 !'
2931 906 4 25 '
2946 906 12 19 I
2969 906 40 19 will
3020 906 9 19 !'
3040 913 47 18 says
3103 907 29 19 he.
3161 906 4 25 '
3175 907 41 21 The:

2813 940 47 18 says
2870 933 18 24 I,
2899 932 3 28 '
2914 932 16 20 if
2939 940 40 18 you
2990 932 60 20 tench
3062 933 40 19 this
3118 933 40 20 'ere
3168 940 43 20 mug

2813 960 53 23 beer,
2887 959 31 19 I'll
2934 959 67 19 smash
3020 959 17 19 it
3057 966 24 12 on
3101 966 53 17 your
3168 961 50 20 bless:

2813 985 52 20 bead
2876 986 12 18 !'
2916 985 47 20 This
2983 985 38 19 'ere
3033 992 43 12 man
3093 986 32 19 did
3142 986 47 20 take
3199 987 17 20 ho

2813 1012 23 19 of
2846 1018 32 19 my
2886 1012 51 22 beer,
2948 1011 38 19 and
2998 1012 24 18 ho
3031 1013 37 24 got
3077 1019 11 12 a
3099 1012 66 20 knock
3175 1020 25 13 on
3210 1011 4 26 t

2815 1038 56 23 head,
2891 1038 37 20 but
2939 1040 15 16 it
2966 1044 51 13 were
3033 1039 28 18 Ins
3078 1046 44 12 own
3142 1039 59 24 fault,
3214 1038 3 25 ,•

2814 1065 123 24 gititleuien,
2959 1064 43 25 why
3025 1064 71 20 should
3112 1065 24 20 he
3156 1065 30 20 ha'
3201 1074 16 15 pr

2816 1091 62 19 voiced
2891 1098 10 12 a
2913 1098 43 12 man
2968 1091 77 25 quietly
3059 1091 117 26 a-drinking
3186 1093 21 19 of
3214 1091 2 26 I

2815 1117 66 20 beer?
2911 1118 57 19 Now.
2980 1124 32 17 my
3028 1117 53 19 Lord
3095 1118 5 8 '
3121 1118 91 25 (turning

2815 1143 34 20 the
2859 1143 73 26 judge)
2946 1143 4 26 '
2961 1143 37 19 I'm
3010 1150 45 12 sure
3064 1150 40 18 you
3115 1145 50 19 likes
3176 1152 11 12 a
3197 1147 18 18 dr

2815 1170 23 19 of
2856 1171 50 22 good
2926 1171 52 23 beer,
2993 1169 57 20 don't
3064 1177 42 18 yer,
3125 1178 31 18 my
3171 1172 48 20 Loni

2818 1197 60 23 Well,
2888 1196 54 24 then,
2954 1203 32 18 my
2994 1196 59 24 Lord,
3064 1197 16 19 if
3088 1204 51 18 your
3147 1197 68 21 Lordsl

2816 1223 39 19 had
2874 1230 12 12 a
2897 1226 35 22 pot
2946 1223 17 18 o'
2984 1223 45 19 beer
3043 1223 57 20 afore
3114 1230 40 19 you
3173 1227 21 17 at
3208 1225 12 19 tl

2817 1252 92 20 moment,
2921 1249 37 21 and
2971 1248 43 20 that
3024 1250 38 18 'ere
3073 1249 50 26 chap
3133 1257 22 13 as
3165 1251 17 19 is
3191 1258 25 12 a-s

2816 1278 46 23 ting
2879 1275 56 20 aside
2949 1275 22 20 of
2989 1282 36 18 yer
3039 1275 4 27 '
3057 1275 94 27 (turning
3175 1279 21 18 to
3213 1275 4 27 t

2817 1302 56 25 High
2893 1302 84 26 Sheriff)
2999 1302 4 26 '
3013 1302 71 20 should
3100 1309 41 19 say,
3156 1310 45 18 says
3215 1305 5 19 L

2817 1328 3 28 '
2833 1329 34 19 I'll
2878 1328 47 19 take
2935 1335 12 13 a
2957 1335 37 18 sup
3005 1328 19 20 o'
3033 1336 36 18 yer
3080 1329 61 24 beer,'
3160 1330 38 19 and
3208 1337 12 19 yi

2817 1355 42 20 said
2871 1357 22 18 to
2913 1355 47 24 him,
2971 1359 44 20 says
3026 1362 46 18 you,
3087 1357 5 7 '
3104 1356 21 19 If
3134 1362 36 20 yer
3187 1358 35 20 tow

2817 1381 41 20 this
2869 1382 38 19 'ere
2928 1382 52 22 beer,
2991 1381 33 20 I'll
3040 1382 66 25 punch
3124 1390 36 17 yer
3170 1383 47 19 bless

2817 1408 59 19 ribs!'
2905 1408 25 19 In
2942 1415 70 13 course
3019 1414 36 18 yer
3064 1408 64 20 would
3137 1415 33 19 my
3182 1409 40 20 Lo.-„

2819 1434 76 22 (Roars
2920 1434 20 20 of
2963 1434 111 26 laughter.)
3118 1435 5 10 '
3133 1435 59 23 Now,
3215 1443 7 13 n

2817 1460 62 25 Lord,
2895 1460 43 20 I've
2949 1461 50 20 been
3014 1460 64 21 called
3088 1468 11 13 a
3114 1462 108 26 quarreler

2819 1493 46 16 man
2876 1487 4 28 ;
2896 1488 62 20 that's
2968 1495 12 12 a
2997 1487 115 27 downright
3130 1488 76 27 falsity,
3214 1489 9 20 f;

2817 1514 49 21 look
2885 1514 53 26 here,
2957 1514 16 21 it
2987 1513 52 22 ain't
3053 1514 61 28 likely
3123 1515 12 21 I
3145 1522 37 14 can
3203 1516 16 19 be

2817 1540 139 28 quarrelsome
2980 1547 44 14 man
3053 1540 57 22 when
3133 1541 44 23 I've
3200 1542 23 22 bet

2818 1566 69 23 bound
2906 1574 48 15 over
2978 1566 146 28 twenty-three
3147 1568 58 22 times
3222 1566 1 28 :

2818 1594 52 28 keep
2880 1594 35 22 tbe
2925 1594 78 21 blessed
3018 1601 58 20 peace
3087 1593 11 23 1'

2859 1655 19 21 A
2893 1653 51 24 BIT
2961 1653 34 24 OF
3012 1653 50 24 OLD
3080 1653 129 24 HISTORY.

2858 1709 47 20 TllE
2914 1712 105 17 I'IBATING
3029 1710 25 19 Oi
3064 1712 44 17 THE
3125 1713 85 22 3Ult<JlJis

2987 1736 97 20 Nelson.

2846 1771 88 25 Captain
2953 1771 91 26 Wright,
3065 1771 35 21 the
3124 1768 101 26 well-kno:

2818 1796 34 21 old
2863 1804 33 13 sea
2905 1798 88 25 captain,
3004 1797 46 21 died
3060 1798 21 20 in
3097 1796 117 23 Melbourne
3221 1807 10 14 o:

2819 1824 34 20 the
2872 1825 51 19 25th
2938 1825 20 19 of
2974 1823 60 21 June.
3065 1825 87 26 Captain
3168 1825 57 28 Wrigl

2819 1858 39 12 was
2869 1851 74 19 known
2954 1851 21 19 in
2985 1851 34 20 the
3033 1851 79 26 history
3122 1853 22 19 of
3160 1851 64 21 Victor

2819 1884 22 13 as
2852 1877 35 19 the
2902 1880 81 23 captain
2999 1877 22 19 of
3031 1877 35 20 the
3081 1879 76 26 barque
3166 1879 61 20 Nelso:

2819 1903 65 21 which
2904 1911 39 13 was
2954 1904 94 20 attacked
3059 1912 25 12 on
3100 1905 35 20 the
3154 1905 57 26 night
3224 1903 3 28 [

2819 1930 59 27 April
2898 1931 46 23 2nd,
2954 1931 59 23 1852,
3024 1931 34 19 the
3073 1938 36 13 eve
3119 1931 23 21 of
3156 1932 36 20 her
3205 1940 18 18 pr

2821 1957 60 25 posed
2892 1963 82 20 voyage.
3003 1957 39 19 She
3052 1959 77 19 carried
3139 1965 12 13 a
3161 1959 68 25 consigr

2820 1985 56 18 ment
2895 1983 21 20 of
2933 1990 46 13 over
2993 1985 83 22 3,0000z
3093 1985 23 19 of
3130 1985 53 26 gold.
3209 1985 19 21 It

2820 2010 81 26 captain
2911 2017 39 13 was
2961 2010 73 20 known
3044 2012 22 18 to
3076 2010 26 21 be
3116 2012 71 19 ashore
3197 2012 30 20 ma!

2819 2037 36 25 ing
2873 2036 49 20 final
2931 2039 143 24 preparations
3087 2037 32 21 for
3137 2041 49 17 next
3196 2038 33 26 day'

2820 2063 115 25 departure,
2942 2063 56 21 when
3005 2063 34 20 the
3048 2064 63 20 vessel
3117 2072 40 12 was
3165 2065 63 19 boardi

2820 2089 26 25 by
2877 2091 127 23 twenty-two
3038 2090 139 26 desperadoes,
3207 2091 22 19 wl.

2820 2114 82 20 readied
2914 2114 35 18 her
2959 2114 42 19 sirle
3011 2114 20 17 in
3043 2115 57 20 hoats
3114 2116 49 19 with
3173 2116 54 21 mui!!;

2820 2147 51 14 oarß.
2904 2140 55 27 They
2984 2141 64 20 seized
3067 2142 40 20 and
3127 2142 68 21 bound
3216 2142 17 21 tie

2820 2174 58 17 crew,
2898 2167 75 25 having
2983 2168 98 19 wounded
3095 2169 35 20 the
3146 2172 52 18 mate
3211 2177 17 12 an

2820 2194 64 26 freely
2896 2194 48 19 used
2955 2194 54 20 their
3021 2194 96 21 firearms.
3144 2196 55 26 They
3209 2203 22 13 car

2821 2220 41 21 ried
2874 2220 30 20 off
2914 2220 35 20 the
2958 2220 53 26 gold,
3022 2222 38 19 and
3072 2222 64 20 threw
3154 2222 35 21 the
3199 2230 31 13 arm

2820 2247 65 20 found
2896 2248 20 19 in
2928 2246 35 21 the
2977 2248 70 24 vessel,
3058 2248 49 20 with
3122 2248 35 21 the
3173 2257 56 13 cannc

2820 2281 26 12 on
2857 2274 34 19 the
2906 2274 150 25 quarter-deck,
3067 2274 115 26 overboard,
3199 2276 32 20 ma!;

2822 2300 35 26 ing
2875 2300 52 26 good
2947 2300 31 20 for
2994 2300 35 21 the
3044 2302 48 19 time
3109 2302 54 20 their
3175 2309 55 20 escapi

2822 2327 87 25 Finally,
2916 2326 98 25 however,
3022 2328 76 19 several
3109 2328 21 20 of
3137 2328 55 21 them
3203 2336 28 14 wei

2822 2353 68 24 taken,
2914 2353 41 20 and
2974 2361 11 12 a
2999 2354 85 20 number
3107 2356 60 24 tried,
3188 2356 42 20 foun

2821 2380 65 25 guilty
2906 2380 40 19 and
2964 2381 105 20 executed.
3104 2382 127 26 Subsequent!

2822 2406 33 20 the
2862 2406 81 25 captain
2954 2406 80 21 became
3041 2407 34 20 the
3081 2414 68 15 owner
3159 2416 21 13 or
3188 2414 44 15 coast

2821 2432 34 26 ing
2874 2433 81 25 vessels,
2966 2434 38 19 and
3017 2441 38 12 was
3069 2434 31 20 for
3111 2442 11 12 a
3138 2436 82 20 number
3227 2443 5 12 c

2821 2465 58 20 years
2888 2460 91 25 engaged
2989 2460 21 19 in
3021 2460 34 20 the
3066 2463 95 19 customs.

2822 2513 207 22 INTEMPERATE
3051 2515 184 23 TEMPERANCE

2860 2564 43 19 The
2927 2564 145 21 Christchurch
3095 2566 43 20 Sun
3161 2568 36 20 has
3218 2566 20 22 the

2820 2589 105 27 following
2934 2592 82 19 :—Men
3027 2592 39 19 and
3077 2599 75 14 women
3164 2594 42 20 who
3218 2601 20 14 are

2821 2616 44 20 able
2875 2618 21 17 to
2908 2621 27 15 sit
2944 2617 57 20 down
3013 2618 40 19 and
3070 2620 72 25 calmly
3157 2621 80 20 considc:

2820 2644 106 25 questions
2936 2644 23 19 of
2976 2648 57 22 great
3048 2649 89 17 moment
3152 2653 35 14 are
3203 2655 33 13 com

2821 2670 30 24 pel
2855 2670 31 19 led
2897 2672 21 17 1o
2930 2670 35 20 ask
2975 2672 120 20 themselves
3107 2672 33 20 the
3147 2674 86 25 question

2823 2696 62 19 What
2895 2699 43 17 sort
2948 2698 22 18 of
2979 2698 44 19 rule
3041 2699 65 19 would
3117 2699 16 20 it
3148 2700 24 19 be
3182 2701 16 19 if
3208 2707 31 13 met

2820 2722 48 20 such
2879 2729 22 13 as
2911 2722 48 20 Isitt
2969 2724 39 19 and
3015 2724 73 26 Taylor
3096 2726 38 19 had
3145 2726 34 20 the
3189 2733 50 20 uppe:

2820 2749 52 20 baud
2881 2749 8 19 ?
2918 2750 67 19 Drink
2994 2757 44 19 may
3048 2752 22 19 be
3081 2759 12 12 a
3102 2755 85 23 tyrant;
3198 2756 41 18 thert

2820 2782 45 19 may
2876 2776 24 20 be
2910 2779 56 22 giant
2976 2777 51 19 evils
3034 2778 112 20 connected
3161 2780 48 20 with
3219 2780 21 21 the

2820 2802 75 30 traffic;
2919 2802 35 20 the
2976 2803 49 24 path
3043 2804 22 19 of
3084 2804 59 21 drink
3167 2813 44 19 may
3228 2806 13 21 be

2820 2831 74 17 strewn
2907 2829 45 19 with
2963 2836 82 19 corpses
3065 2831 21 19 of
3105 2838 50 18 men,
3177 2840 63 13 womec

2819 2855 40 19 and
2870 2855 97 24 children,
2990 2856 107 21 murdered
3113 2858 87 27 through
3218 2859 22 20 the

2819 2882 62 20 abuse
2890 2882 22 20 of
2926 2882 84 20 alcohol.
3038 2883 47 20 This
3107 2891 28 14 we
3149 2893 35 12 are
3194 2886 47 21 read'

2820 2911 20 18 to
2852 2909 76 23 admit;
2938 2909 37 19 but
2985 2916 49 13 even
3055 2916 23 13 so
3089 2917 28 14 we
3130 2912 41 19 who
3183 2916 25 16 do
3218 2918 22 14 no:

2819 2936 62 20 abuse
2891 2942 23 13 or
2929 2942 48 13 even
2993 2943 35 13 use
3038 2936 34 21 the
3088 2938 59 19 drink
3162 2945 34 14 are
3210 2939 31 20 fret

2820 2963 38 19 and
2869 2961 46 21 able
2926 2966 20 16 to
2957 2963 87 20 exercise
3058 2969 38 14 our
3104 2965 56 20 wills.
3177 2965 64 20 Should

2820 2997 28 12 we
2860 2989 24 20 be
2894 2989 41 20 left
2943 2989 21 19 in
2976 2991 34 17 the
3021 2989 119 27 enjoyment
3154 2992 22 19 of
3185 2992 40 20 this
3232 2992 10 19 if

2818 3017 36 19 the
2863 3022 47 14 men
2920 3015 43 20 who
2973 3022 43 13 now
3027 3016 64 20 insult
3105 3024 30 18 us,
3150 3019 40 19 and
3210 3018 33 20 who

2819 3043 84 25 indulge
2912 3048 19 13 in
2943 3049 10 12 a
2968 3048 102 17 grossness
3080 3044 21 19 of
3111 3044 88 21 conduct
3209 3046 33 18 that

2818 3069 18 19 is
2849 3068 138 27 disreputable
3003 3069 56 19 when
3083 3077 26 13 on
3132 3071 34 20 the
3185 3072 57 24 public

2819 3095 102 27 platform,
2931 3101 51 13 were
2992 3096 20 18 to
3024 3095 48 21 have
3083 3096 34 21 tho
3126 3097 88 26 framing
3229 3097 13 20 of

2819 3122 34 20 the
2863 3122 49 20 laws
2928 3122 67 19 under
3009 3122 65 20 which
3091 3130 29 13 we
3137 3124 71 20 should
3226 3125 16 19 be

2818 3148 110 25 compelled
2941 3152 21 16 to
2973 3147 52 21 live?
3054 3149 40 20 We
3112 3157 35 20 say
3166 3151 44 20 that
3224 3150 19 20 all

2817 3174 118 21 reasonable
2957 3182 44 13 men
3011 3175 39 20 and
3072 3183 75 14 women
3159 3177 39 21 will
3215 3176 28 22 aafc

2818 3200 119 21 themselvos
2945 3201 59 21 these
3018 3208 48 19 very
3083 3204 109 24 questions,
3212 3204 31 20 and

2818 3236 25 13 on
2867 3229 52 20 their
2943 3235 86 13 answers
3051 3229 40 19 will
3115 3230 79 25 depend
3217 3232 27 19 the

2818 3262 79 14 success
2909 3262 21 13 or
2945 3255 74 19 failure
3041 3255 22 19 of
3079 3256 34 20 the
3137 3259 107 24 tempranco

2817 3289 67 13 cauee.
2913 3282 25 19 In
2949 3281 144 21 Christchurch
3111 3283 34 21 the
3164 3286 69 24 temper-

2817 3316 49 12 ance
2889 3308 131 20 escutbchiou
3038 3308 35 19 has
3097 3309 50 21 been
3156 3310 88 20 blotched

2817 3335 39 20 and
2867 3334 96 23 smeared,
2974 3333 34 20 the
3021 3341 58 13 name
3093 3337 23 19 of
3125 3339 120 24 temperance

2817 3361 36 19 has
2863 3361 50 19 been
2921 3361 87 24 dragged
3023 3361 21 19 in
3055 3361 34 21 the
3099 3363 53 21 mud.
3180 3364 22 20 It
3211 3363 34 21 will

2818 3387 46 20 take
2873 3394 58 18 years
2943 3389 20 17 to
2971 3393 79 13 remove
3057 3388 54 20 from
3122 3389 33 20 tho
3164 3390 80 26 people's

2817 3415 66 18 minds
2891 3413 34 20 the
2940 3413 157 21 shamelessness
3110 3415 63 22 which
3184 3416 34 20 has
3229 3417 16 20 of

2816 3440 41 20 late
2874 3439 146 21 characterised
3042 3441 27 19 its
3084 3443 106 20 advocates
3210 3443 34 21 and

2816 3466 54 20 their
2893 3467 82 21 pitiable
2999 3468 104 24 catspaws.
3131 3469 42 19 The
3189 3471 56 19 Isitts

2816 3493 39 19 and
2867 3493 33 19 the
2915 3492 83 25 Taylors
3013 3500 35 12 are
3070 3497 37 17 not
3131 3497 114 25 destroying

2817 3519 34 19 the
2862 3519 63 25 liquor
2935 3519 73 23 traffic;
3025 3519 47 26 they
3086 3528 35 12 are
3130 3521 92 27 building
3232 3524 13 18 it

2815 3552 35 19 up.
2878 3546 76 25 To-day
2963 3545 19 19 in
2993 3545 145 23 Christchurch
3144 3549 17 19 it
3169 3548 17 20 is
3196 3555 49 14 mora

2816 3571 107 25 reputable
2934 3575 19 16 to
2964 3571 24 20 be
2998 3571 34 20 tho
3043 3572 73 27 keeper
3126 3575 22 19 of
3157 3582 51 13 even
3214 3575 31 20 the

2817 3598 156 25 George-street
2982 3598 36 19 bar
3037 3599 49 19 than
3102 3602 22 18 to
3138 3601 25 21 be
3173 3602 71 20 known

2816 3631 21 13 as
2847 3631 25 13 an
2884 3629 88 15 extreme
2982 3624 161 23 Prohibitionist.

1085 65 57 20 THE
1156 64 60 21 HOT
1233 65 91 19 LAKES
1339 63 174 23 CHRONICLF,
1529 60 191 26 WEDNESD.iT,
1745 61 116 20 AtTaUSU
1875 60 21 26 7,
1910 62 48 18 U95

2836 4068 73 16 Printed
2921 4069 33 16 nud
2965 4068 91 22 published
3074 4070 28 17 for
3118 4071 29 16 tho
3155 4073 87 19 proprioto

2838 4090 18 16 at
2872 4089 26 17 hia
2919 4090 92 19 rejjiHtercd
3016 4090 80 22 printing
3101 4092 47 16 oflioo
3161 4092 80 20 Kotorun

2836 4110 24 22 by
2867 4111 59 16 I'eecy
2936 4111 58 16 James
3003 4111 99 21 Hamkond,
3115 4113 18 16 oJ
3140 4113 84 21 Botorua,

2858 4135 160 26 WEDNESDAY,
3027 4137 98 21 AUGUST
3132 4139 17 23 7,
3159 4140 42 21 IbO*

223 120 635 61 WAiWERA
970 115 377 59 SANAT

869 224 237 70 simeE

92 336 86 33 Only
207 337 43 26 30
281 335 97 26 miles
411 334 111 26 North
553 332 36 28 of
615 331 192 33 Auckland,
838 329 87 28 with
954 328 95 32 daily
1080 327 297 27 communication
1406 324 86 29 with
1521 324 114 27 Coach
1666 330 39 20 or
1725 322 160 27 steamer

417 376 53 20 See
485 375 167 20 advertised
661 375 85 20 Time
760 372 78 21 table
850 371 30 20 of
889 376 45 15 s.s.
950 371 78 19 Rose
1038 369 98 27 Casey
1148 369 58 20 and
1223 369 128 21 Butler's
1361 368 33 21 R.
1407 367 38 21 M.
1464 366 106 21 Coach.

87 413 104 59 THE
215 412 120 24 ABOVE
349 411 298 24 ESTABLISHMENT
657 409 138 25 STANDS
810 406 231 25 UNRIVALLED
1054 414 26 14 as
1099 414 14 14 a
1124 404 92 24 Health
1226 413 27 15 or
1266 405 110 32 pleasure
1388 404 98 26 Resort,
1499 402 46 23 and
1560 402 44 22 has
1615 398 100 33 special-
1735 398 140 31 advantage
1877 397 10 15 8

174 446 38 24 for
224 445 77 25 either
325 445 111 23 Tourists
452 453 27 15 or
494 445 116 26 Invalids,

452 551 174 28 Beautiful
645 550 155 32 Scenery,
822 547 240 32 Sea-Bathing,
1090 546 158 33 Boating,
1268 544 150 36 Fishing,
1433 542 54 30 &c.

643 583 125 27 Cusine
781 583 70 26 and
866 581 208 28 attendance
1094 580 37 27 of
1152 580 60 27 the
1233 579 85 29 best.

91 628 92 24 Famed
194 628 37 23 for
243 628 31 23 its
288 627 95 24 urative
396 628 93 23 natural
504 626 103 25 medical
624 626 52 23 Hot
689 626 101 31 Springs
803 625 50 23 and
868 624 82 24 Baths.
986 623 37 23 As
1036 623 40 23 the
1092 622 103 32 Springs
1207 621 48 24 and
1270 619 73 26 Baths
1355 626 41 15 are
1406 617 41 23 the
1460 620 116 27 property
1588 614 26 24 of
1626 614 40 24 the
1692 612 85 28 Hotel,
1791 611 87 25 visitor
1880 612 9 14 8

121 670 42 14 are
172 661 112 31 supplied
294 661 57 23 with
361 661 105 26 Towels,
480 661 46 23 and
540 668 42 16 can
593 660 57 22 take
660 668 30 14 an
702 658 128 24 unlimited
843 658 104 23 number
960 657 25 23 of
998 656 74 23 Baths
1084 661 25 18 at
1122 665 45 22 any
1181 656 59 22 time
1253 654 25 23 of
1289 653 38 24 the
1341 652 46 30 day
1402 649 77 28 FREE
1492 649 65 23 from
1569 657 47 22 any
1624 648 89 31 charge
1725 647 131 23 whatever.

325 703 223 39 TARIFF
565 700 277 46 PEBJDAY,
864 700 54 38 8s
933 699 71 46 6d;
1041 698 120 38 PER
1176 694 193 45 WEEK,
1390 691 71 39 £2
1512 691 93 38 10s.

502 756 160 32 Cottages
675 756 34 26 to
723 755 48 26 let
782 755 49 32 by
843 754 60 27 the
921 754 106 30 week,
1039 752 130 31 month,
1185 757 39 20 or
1245 749 56 27 the
1321 753 123 21 season

94 800 48 24 For
161 809 46 17 any
221 800 156 25 information
393 799 109 27 required
519 799 81 27 please
612 797 85 29 apply,
699 802 25 19 to
737 797 127 29 Manager.

649 840 59 44 A.
735 839 53 39 A.
817 839 203 45 SMITH,
1141 833 279 47 Proprietor.

141 1084 29 42 i

486 1091 24 18 m

402 1308 26 12 .■:•■■■/

293 1373 76 26 mm

246 1622 93 24 VEFY-OLD
348 1622 71 24 SPECIAL
425 1623 19 22 L

318 1665 28 28 ®

847 1672 102 32 LLOW

881 1727 1 28 :
883 1727 2 28 ;
886 1733 18 22 ,:

624 1774 29 27 ■W

657 1784 28 21 £L

562 1791 11 7 •»■■

499 1900 31 17 '/«

521 2014 169 32 WWMG/f.
712 2015 142 31 SCW/MA

101 2097 270 35 WHOLESALE
394 2097 179 36 AGENTS,

387 2138 48 39 L.
465 2147 52 29 jj.
547 2138 262 39 NAtjiAM
835 2139 121 40 &Co.

103 2225 513 48 SPECIAL
676 2225 304 46 SALE

521 2295 52 28 OF

149 2356 192 44 Cutlery,
367 2352 256 44 Hardware,
649 2353 287 43 Brasswares,

239 2408 149 35 House
406 2406 278 45 Furnishing
700 2407 142 36 Goods

382 2459 53 33 (in
446 2459 99 32 great
556 2459 147 32 variety)

101 2498 157 39 ITickle
284 2498 87 35 and
397 2498 94 34 E.P.
521 2498 164 44 Spoons
722 2497 86 36 and
842 2497 140 36 Forks

402 2543 94 40 E.P.
525 2544 156 36 Cruets

242 2597 88 35 Tea
355 2596 114 41 Pots,
496 2596 156 35 Butter
681 2595 157 36 Dishes

105 2649 102 37 Jam
226 2650 165 45 Spoons
647 2648 156 35 Sutter
822 2648 149 35 IQiivei

362 2701 145 41 Sugar
557 2700 149 42 Tongs

283 2759 81 34 etc.
506 2758 77 36 etc.
730 2758 78 33 etc.

191 2810 710 80 SPLENDIDn^SORTMEWT.

167 2908 256 50 Cr.&DCT-
459 2907 512 59 DIGKET,

315 2967 94 42 234,
443 2966 147 44 Queen
627 2970 151 36 street.

337 3073 5 5 ■
360 3058 17 35 5
397 3070 51 23 Tj
463 3065 51 28 Ti
528 3058 54 35 ft'
596 3066 39 27 X
655 3058 189 35 SSmJrJSK
880 3058 72 35 fcSjwi

390 3082 61 20 cftx#
456 3082 58 19 else*
521 3082 34 18 eMs
562 3086 22 15 ®
596 3082 41 18 cA©
713 3082 55 22 %c#
778 3082 67 18 eJtofli
879 3082 46 20 (ftc/
932 3082 20 18 Ml

298 3313 518 48 BETWEEN

227 3429 266 52 Rotorua
529 3426 117 51 and
679 3427 206 64 Taupo,

383 3699 346 30 TKURHNGK

119 3739 80 41 Smith
228 3735 48 43 and
295 3735 113 49 Carriage
428 3735 105 46 Works,
562 3734 81 40 Coacli
670 3734 48 38 and
748 3732 110 50 Waggon
892 3730 90 40 Factor

321 3797 210 22 ESTABLISHED
547 3796 81 20 OVER
645 3795 26 20 10
686 3795 105 20 YEARS.

116 3840 4 27 1
135 3848 37 17 The
179 3847 116 20 undersigned
305 3852 28 10 arc
341 3843 137 19 roanufaoturers
486 3843 17 17 of
512 3844 21 16 all
543 3844 61 17 olasses
612 3843 18 17 of
639 3842 80 18 Vehiolea
728 3841 13 16 &
750 3840 120 22 Agricultural
879 3840 101 25 Implement

138 3870 35 17 Our
180 3869 113 16 well-known
301 3868 98 20 reputation
408 3871 18 10 as
434 3866 81 15 rructiunl
532 3864 100 18 Mcohanica
648 3864 34 16 and
696 3862 58 18 W.P's
765 3863 19 17 27
800 3861 162 22 yearsexperienoe

116 3892 29 16 the
154 3882 117 27 .Australiibian
279 3889 85 19 Colonien,
373 3887 62 22 justify
444 3892 19 10 uc
471 3887 17 15 in
505 3886 82 20 olaiming
597 3888 40 14 that
651 3891 26 10 we
693 3890 31 11 can
739 3883 67 17 furnish
822 3888 10 11 a
847 3883 56 16 better
918 3882 44 16 cluss

116 3913 79 18 Tehiclbtt,
203 3908 94 21 ooDsistenl
305 3911 42 15 with
354 3910 62 15 honest
424 3909 46 15 work
478 3909 19 15 at
505 3913 9 10 a
523 3907 72 21 cheaper
606 3909 37 15 rate
652 3907 41 16 than
702 3911 33 15 any
745 3905 17 17 of
770 3911 31 9 cur
809 3905 117 20 competitors.

137 3934 36 15 The
180 3933 61 16 Public
249 3932 34 16 will
296 3932 34 16 find
340 3932 14 15 it
364 3933 17 14 to
396 3930 45 16 their
454 3929 99 20 advantage
568 3930 18 14 to
601 3927 149 17 ENCOURAGE
768 3926 80 16 LOCAL
867 3925 114 17 INDUSTIt.

117 3955 56 16 where
183 3955 42 19 they
235 3959 33 11 can
275 3953 45 16 have
326 3953 28 16 the
360 3953 79 20 pleasure
446 3951 17 16 of
471 3950 58 21 seeing
544 3949 91 18 first-class
650 3949 78 16 material
741 3948 34 16 and
789 3947 129 21 workrauuship
933 3948 33 19 put

117 3976 78 17 Vehicle
201 3975 50 17 made
258 3977 18 14 to
284 3974 45 17 their
334 3973 64 18 valued
404 3973 63 16 orders.

138 3996 146 19 N.B.—Vehicles
293 3996 17 16 of
317 3996 23 16 all
348 3995 114 20 descriptions
471 3993 85 21 repaired,
567 3992 78 21 painted,
655 3992 93 16 renovated
758 3992 32 15 and
801 3990 49 18 made
866 3993 17 14 to
898 3990 39 16 look
954 3995 27 15 eqi

119 4021 18 15 to
145 4024 43 11 ntw.

118 4066 201 30 WILLIAM
338 4063 182 34 PARKER,
541 4062 256 30 Coaclibuilder.

470 4101 139 27 JAME&
629 4099 133 31 i±AUA,
783 4097 199 29 Blacksmit]

375 4134 147 19 DEVONPORT
535 4134 31 16 140
568 4133 40 17 AD.
621 4132 146 17 TAUI4ANG:V.

1090 971 6 1 -
1146 962 222 27 OFFICIAL
1392 959 290 27 TESTIMONY.

1101 1022 243 39 KITCHEN'S
1371 1021 149 38 BLOOD
1543 1016 243 41 RESTORER

1118 1077 40 11 ours
1165 1074 19 14 at
1192 1073 29 15 tlie
1230 1071 75 16 Colonial
1312 1070 92 17 Industrial
1412 1069 98 17 Exhibition
1520 1068 40 16 held
1567 1068 18 16 in
1594 1067 109 19 Wellington,
1712 1065 33 16 and
1766 1070 10 10 n
1792 1064 27 15 the
1839 1062 49 16 officii,

1036 1093 56 15 redort
1099 1093 91 14 submitted
1197 1094 17 12 to
1221 1092 28 15 the
1257 1091 114 15 Government
1381 1090 28 15 the
1416 1088 87 20 following
1510 1089 85 16 reference
1602 1092 34 10 was
1644 1087 47 14 made
1699 1087 16 14 to
1723 1086 36 14 it.—
1774 1093 8 3 -•

1094 1112 20 15 A.
1126 1112 23 15 11.
1158 1111 87 18 Hitchens,
1251 1110 94 19 Auckland,
1352 1110 48 14 sends
1405 1114 11 10 a
1423 1109 53 18 small,
1484 1109 32 15 but
1523 1108 78 15 valuable
1609 1106 70 18 exhibit,
1687 1105 91 18 consisting
1792 1105 18 14 of
1824 1107 10 10 a.
1840 1106 39 14 vege-

997 1132 43 15 table
1048 1131 93 18 compound
1148 1132 44 14 from
1199 1131 43 17 New
1250 1130 72 16 Zealand
1329 1129 53 19 herbs,
1389 1129 59 15 forthc
1455 1133 39 10 cure
1502 1128 17 15 of
1534 1127 108 19 Indigestion,
1657 1124 122 22 Rheumatism,
1792 1123 96 14 Khcumatic

997 1152 46 15 (lout
1053 1151 138 18 andlmpurities
1197 1151 17 15 of
1220 1151 29 14 the
1256 1150 59 16 Blood.
1336 1149 35 15 The
1376 1149 57 15 maker
1441 1148 33 15 and
1481 1146 83 16 exhibitor
1578 1146 56 16 claims
1649 1146 26 14 for
1692 1145 33 15 this
1736 1143 80 16 medicine
1829 1142 59 14 several

997 1171 88 17 important
1094 1171 83 19 qualities,
1185 1171 33 15 and
1226 1171 30 15 has
1264 1169 58 20 gained
1330 1169 27 14 the
1368 1169 37 15 first
1412 1168 47 15 order
1466 1167 18 16 of
1494 1166 50 15 merit
1551 1166 44 15 from
1602 1166 30 15 the
1642 1165 66 20 judges.
1739 1164 32 15 lho
1786 1163 102 18 preparation

997 1191 13 15 is
1017 1192 30 15 not
1054 1192 17 14 to
1079 1190 20 16 be
1106 1190 105 17 confounded
1219 1190 40 15 with
1267 1189 78 18 ordinary
1352 1188 54 19 quack
1414 1187 94 18 medicines,
1517 1186 87 15 inasmuch
1610 1190 18 10 as
1635 1186 14 13 it
1662 1189 13 11 is
1689 1183 29 17 the
1724 1183 71 17 product
1810 1183 16 12 ot
1841 1185 47 14 many

998 1215 46 13 years
1051 1211 18 14 of
1079 1210 51 19 study
1139 1210 32 15 and
1179 1209 118 20 investigation
1301 1208 23 20 by
1331 1213 20 10 an
1359 1207 73 16 eminent
1440 1206 84 20 physician
1532 1206 18 14 of
1555 1206 28 14 the
1598 1208 46 15 wmy
1651 1203 71 16 Medical
1734 1202 42 15 Staff
1790 1202 39 14 with
1837 1202 51 12 whom

997 1230 29 16 the
1032 1229 83 17 exhibitor
1121 1228 60 17 served
1187 1228 62 20 during
1254 1228 30 16 the
1297 1228 41 15 New
1346 1227 70 15 Zealand
1428 1231 35 10 war
1476 1231 17 9 as
1507 1225 81 16 assistant
1597 1224 90 18 Dispenser
1692 1223 20 16 to
1729 1222 28 16 the
1771 1222 42 14 Now

997 1249 58 16 Forces
1082 1249 28 14 Mr
1117 1249 82 15 Hitchens
1206 1248 75 19 explains
1289 1248 38 15 that
1333 1247 27 14 the
1369 1251 46 10 cures
1423 1246 17 15 of
1448 1246 121 17 Rheumatism,
1578 1244 30 17 etc,
1618 1242 68 16 ellectcd
1693 1242 22 19 by
1730 1241 25 15 his
1766 1241 87 16 medicine,
1865 1243 23 10 an

997 1269 32 15 due
1034 1268 71 19 entirely
1111 1270 17 14 to
1136 1268 21 15 its
1165 1268 92 15 wonderful
1265 1267 48 15 effect
1320 1271 44 15 upon
1372 1266 27 14 the
1406 1265 50 15 blood
1468 1265 23 19 by
1505 1265 22 15 its
1534 1263 91 19 cleansing,
1632 1263 92 19 purifying,
1738 1261 32 14 and
1779 1261 109 18 invigorating

1004 1293 50 10 ower.
1077 1289 17 14 It
1105 1289 14 14 is
1126 1287 47 16 made
1182 1288 43 14 from
1233 1287 42 15 New
1282 1286 72 15 Zealand
1365 1286 49 14 herbs
1420 1286 33 14 and

1236 1332 222 26 NOTABLE
1493 1330 163 25 CURES.

998 1366 91 21 Mention
1098 1367 17 20 is
1125 1367 59 20 made
1195 1367 21 19 of
1224 1366 35 20 tho
1270 1366 105 24 following
1382 1371 22 13 as
1414 1371 12 12 a
1435 1365 39 19 few
1482 1364 21 19 of
1510 1364 35 19 tho
1555 1361 109 21 multitude
1673 1360 23 20 of
1706 1366 56 14 cures
1772 1357 116 21 effected:—

1017 1400 137 21 Sciatica—Capt
1177 1400 94 21 Farquhar,
1279 1406 14 10 s.
1302 1405 12 9 s.
1336 1399 100 15 'Clansman'
1456 1409 7 10 B
1464 1405 7 14 t
1473 1409 20 10 an
1496 1405 7 14 t
1511 1404 107 20 Dysentery,
1628 1401 63 17 caused
1702 1401 24 20 by
1734 1399 80 19 working
1823 1399 17 15 in
1859 1396 29 17 bad

997 1421 89 16 Auckland
1091 1421 56 16 whose
1153 1426 37 10 case
1196 1426 34 10 was
1236 1420 96 16 considered
1337 1421 18 14 to
1360 1419 21 15 be
1386 1419 50 19 hope-
1456 1431 10 10 a
1467 1426 5 15 j
1474 1431 8 10 r
1490 1430 27 12 an(
1517 1425 8 16 j
1531 1427 34 13 wet
1572 1429 56 11 mmeß
1637 1429 10 10 a
1649 1425 7 14 t
1661 1423 29 16 the
1694 1422 75 16 Thames
1771 1420 44 17 —D.
1832 1419 56 16 Elkin,

998 1440 23 15 les
1018 1460 20 8 «,
1094 1460 13 8 u
1148 1460 24 8 r«
1192 1461 13 7 t,
1226 1460 73 8 .n<■
1320 1459 9 9 t
1383 1458 8 10 a
1418 1440 3 28 ,
1478 1445 174 18 Rheumatism—Mr
1660 1444 61 17 James
1729 1442 54 21 Pook,
1793 1440 95 18 Auckland

1017 1460 115 16 Rheumatism
1137 1461 18 14 of
1160 1460 28 15 the
1192 1460 107 16 Feet-Cant
1318 1459 58 16 James
1380 1458 57 16 Avon-
1478 1468 98 17 Canoerous
1603 1467 53 17 Ulcer
1675 1466 19 16 in
1714 1463 96 18 Face-Mr
1825 1461 30 19 W.
1873 1460 15 18 0.

998 1480 42 18 dale,
1048 1480 91 16 Auckland
1152 1480 16 20 11
1178 1485 48 15 years
1234 1480 84 18 standing.
1456 1489 73 11 Woii™,.
1550 1488 88 12 i„„n«nfl

1019 1500 100 15 Rheumatic
1127 1501 52 18 Gout,
1187 1505 17 10 so
1211 1500 34 15 bad
1254 1499 37 15 that
1298 1497 27 17 the
1331 1497 67 20 patient
1404 1497 34 17 had
1460 1494 75 16 Walker,
1546 1494 100 11 AUCKiana.
1719 1507 16 12 ~p
1737 1507 47 13 Amr
1785 1506 19 9 a.
1816 1505 72 15 Waters'

1000 1519 36 15 obe
1042 1519 50 16 lifted
1099 1519 18 17 in
1124 1520 35 16 and
1167 1520 30 14 out
1204 1519 18 15 of
1228 1519 82 16 bed-Mr
1317 1519 28 15 W.
1360 1517 76 20 Hunter,
1478 1511 105 17 Kheumatio
1602 1507 99 20 Gout~Mr

1000 1540 73 16 Ormoud
1080 1539 74 18 Poverty
1165 1540 43 19 Bay.
1456 1533 45 17 Conf
1503 1534 82 19 eotioner,
1601 1530 95 20 Auckland;
1706 1529 29 17 Mr
1849 1528 39 15 Bex-

1021 1559 105 16 Rheumatic
1134 1559 107 17 Fever—Mr
1259 1558 69 21 Brown,
1345 1557 93 17 Britannia
1456 1557 39 17 rett,
1506 1554 61 19 Queen
1583 1554 62 19 Street,
1662 1552 91 17 Auckland
1764 1552 49 19 ;Mr
1821 1552 2 27 .
1830 1552 23 14 fi.
1868 1552 20 13 A>.

1000 1578 76 24 Height',
1091 1580 73 18 Nelson,
1456 1576 93 19 Kaistead,
1558 1574 110 28 yeterlMiy
1673 1574 199 22 Burgeon,_Anosiana.

1022 1602 104 16 Rheumatic
1143 1602 54 21 Gout,
1213 1602 49 22 Drop
1264 1608 7 11 ß
1273 1607 16 16 y,
1310 1602 59 21 Ague,
1386 1600 52 18 Liver
1467 1598 123 17 Rheumatism
1598 1597 18 17 in
1623 1595 29 18 the
1658 1594 59 18 Knees
1722 1594 34 17 and
1760 1594 128 19 Feotbroughi

1001 1623 103 21 Complaint,
1115 1625 35 16 and
1158 1625 82 16 Stomach
1258 1624 68 22 Oough,
1343 1625 47 15 moot
1399 1623 36 16 dis-
1457 1625 21 12 on
1487 1620 23 21 by
1520 1618 80 23 working
1608 1623 18 12 in
1635 1618 106 17 water—Mr
1753 1618 86 14 Matthew
1856 1618 32 12 urn

1002 1645 125 22 treating—Mr
1144 1646 79 21 Waugh,
1241 1646 84 21 Bombay,
1348 1644 88 19 Wallmto;
1456 1641 82 17 Thames.
1867 1641 4 26 .

1000 1668 52 20 given
1061 1674 29 14 up,
1100 1674 22 10 no
1131 1668 45 16 hone
1184 1667 40 17 held
1233 1670 37 18 out,
1281 1667 131 17 recommended
1421 1669 16 13 to
1478 1662 131 20 Rheumatism,
1620 1665 74 17 oausing
1704 1660 67 17 intense
1779 1660 49 21 pain,
1837 1660 51 14 whiot

1001 1694 22 16 go
1031 1690 49 16 home
1089 1689 34 16 and
1134 1690 29 17 die
1456 1684 95 24 prevented
1560 1684 30 18 the
1599 1684 67 22 patient
1673 1684 46 16 from
1726 1682 53 20 being
1786 1684 40 13 over
1832 1682 56 14 turnec

1023 1710 130 18 Inflammation
1169 1712 18 16 of
1202 1712 29 16 tho
1246 1710 53 18 Liver
1318 1711 35 17 and
1369 1710 69 17 Gastric
1456 1709 19 15 in
1484 1707 33 17 bed
1540 1707 29 15 Mr
1577 1705 59 17 David
1646 1705 62 21 Barry,
1717 1703 75 17 Newton

1000 1733 50 15 Juice
1057 1734 18 14 of
1083 1733 29 16 the
1124 1733 135 17 Stomach—Mr
1273 1734 77 16 Thomas
1365 1732 71 21 Mucky,
1479 1729 75 16 Chronic
1562 1726 153 23 Dysentery-Mr
1722 1726 23 16 A.
1754 1726 82 19 Bettany,
1848 1726 40 14 lon-

1002 1754 96 21 Merchant,
1108 1755 99 17 Auckland.
1457 1751 53 20 sonby
1519 1750 57 18 Road,
1594 1748 96 18 Auckland.
1714 1766 159 7 .....

1023 1776 60 20 Lupus
1089 1777 19 15 of
1113 1778 29 14 the
1148 1776 97 18 Face-Mr
1252 1777 83 19 Dickson,
1345 1775 93 17 Auckland
1479 1772 76 16 Chronic
1571 1771 123 16 Rheumatism
1713 1775 18 10 in
1750 1769 29 16 the
1790 1773 54 16 spine,
1856 1769 31 18 hip

1025 1799 103 15 Rheumatic
1136 1799 101 16 Gout—Mr
1256 1799 102 19 Blaokman,
1374 1797 63 16 'Even-
1458 1795 48 19 knee,
1513 1794 62 21 joints,
1590 1793 34 16 calf
1632 1792 18 16 of
1660 1792 30 16 tho
1703 1792 35 19 leg,
1759 1792 33 14 and
1814 1792 72 13 toes—l

1002 1820 29 20 ing
1040 1820 45 15 Star'
1095 1820 54 18 office,
1163 1820 101 17 Auckland.
1458 1816 80 20 Morgan.
1548 1815 63 16 Mount
1620 1813 50 18 Eden
1678 1813 56 19 Road,
1744 1811 96 16 Auckland.

1024 1841 121 17 Rheumatism
1154 1842 18 16 of
1188 1842 20 17 23
1228 1842 57 21 years'
1303 1840 136 21 standing-Mr
1458 1837 106 16 Rheumatic
1572 1836 53 20 Gout,
1636 1835 60 16 which
1704 1833 78 17 confined
1791 1833 28 15 the
1826 1834 62 19 patient

1002 1863 78 16 William
1087 1863 86 20 McEvov,
1183 1864 38 17 Pitt
1228 1864 82 22 Terrace,
1316 1862 100 17 Auckland.
1458 1861 17 14 to
1484 1859 27 16 his
1519 1858 33 16 bed
1560 1859 27 15 for
1600 1856 107 18 weeks-Mr
1714 1856 21 16 T.
1745 1856 17 30 J.
1780 1856 107 19 Uainbnage

1023 1886 79 19 Sciatica,
1113 1886 33 15 and
1155 1880 114 25 Lumbago—
1270 1886 29 16 Mr
1307 1887 23 15 N.
1338 1884 99 19 McMillan,
1458 1881 98 19 Ponsonby,
1567 1879 97 17 Aucklund.

1002 1906 67 16 Vulcan
1078 1907 54 19 Lane,
1142 1908 99 15 Auckland.
1485 1901 76 18 General
1579 1900 80 22 Debility
1672 1899 34 16 and
1726 1898 116 21 Indigestion,
1860 1902 28 10 anc

1024 1929 152 19 Lumbago-Mrs
1187 1930 52 19 Mary
1248 1929 60 20 Knox,
1317 1928 73 20 Rokeby
1404 1927 33 16 St..
1458 1924 82 20 inability
1549 1925 18 14 to
1576 1923 43 20 keep
1626 1921 87 21 anything
1726 1926 22 9 on
1757 1920 30 15 the
1795 1920 93 15 stomach-

1002 1950 92 16 Auckland
1458 1946 28 15 Mr
1495 1945 65 16 Gerald
1570 1945 62 19 Grace,
1641 1943 61 21 Kyber
1708 1942 47 19 Pass,
1763 1940 98 17 Auckland.

1023 1971 134 17 Sciatica-Mrs
1165 1972 18 16 J.
1193 1968 91 25 Ren'wiek,
1299 1972 59 16 Drake
1374 1971 64 18 Street,
1492 1966 127 16 Sciatica-Mr
1634 1965 47 16 John
1698 1963 50 20 Ross,
1764 1962 52 16 Duke
1832 1961 56 15 Street

1004 1993 96 16 Auckland.
1282 1988 2 21 '
1458 1988 101 16 Auckland.

1024 2015 120 16 Rheumatism
1153 2015 18 16 of
1179 2016 21 15 20
1208 2016 56 20 years'
1282 2015 82 18 standing
1382 2013 56 17 which
1480 2009 98 21 Discharge
1583 2009 19 16 of
1610 2008 55 16 Blood
1674 2009 45 14 from
1725 2006 29 16 tho
1760 2004 127 21 Bowels-Cap

1004 2036 76 20 brought
1087 2042 21 10 on
1116 2037 75 16 Asthma
1199 2037 32 16 and
1239 2036 122 22 Dropsy—Mr
1368 2034 71 17 Samuel
1458 2032 20 16 T.
1489 2031 92 20 A'.dndge.
1774 2031 2 27 .

1003 2057 53 18 Field,
1068 2057 45 17 Lorn
1123 2058 57 16 SUeet
1188 2059 98 16 Auckland.
1480 2053 54 16 Great
1543 2051 77 18 Debilitv
1630 2051 33 17 nnd
1669 2049 86 20 Bleeding
1763 2051 18 14 at
1790 2048 29 16 tho
1828 2046 60 17 Nose-

1024 2078 173 18 Rheumatism—Mr
1203 2080 25 16 H.
1237 2080 65 20 Lewis,
1312 2080 61 18 Queen
1382 2078 58 17 Street
1458 2075 29 16 Mr
1494 2075 77 15 Thomas
1578 2074 83 19 Pellican,
1677 2072 99 19 Ponsonby.

1003 2100 97 17 Auckland.
1480 2096 98 19 Neuralgia
1586 2095 35 16 and
1630 2095 81 15 Nervous
1719 2091 139 21 Debility—Mrs
1870 2091 18 15 H

1024 2114 76 24 Sciatica'
1107 2123 34 15 and
1150 2122 145 21 Lumbago—Mr
1305 2122 50 18 Chas.
1365 2123 73 18 Honey-
1460 2117 64 20 Waile,
1534 2116 100 18 Auckland.
1641 2137 22 4 __
1731 2114 3 29 _

1003 2145 66 19 combe,
1080 2145 98 17 Auckland.
1481 2143 52 12 Alter
1541 2142 60 12 eitects
1616 2142 19 23 pi
1640 2142 107 12 xuJeuniuMo
1764 2141 61 11 j-ovor.
1842 2141 46 9 wura.

1031 2164 103 19 Rheumatic
1153 2166 99 17 Gout-Mr
1268 2166 61 21 Elliot,
1348 2166 90 20 MoGuire,
1459 2161 32 16 left
1501 2161 29 15 tho
1539 2161 69 20 patient
1616 2157 129 23 helpless-Mr
1753 2156 47 16 John
1809 2156 26 15 H.
1844 2156 44 14 Jone

1002 2187 108 22 Contractor,
1120 2189 100 15 Auckland.
1460 2185 15 14 A
1477 2187 21 11 ™
1505 2191 8 18 \
1514 2182 39 15 limd
1556 2182 3 27 '
1580 2182 3 27 .
1668 2201 26 8 JT
1730 2200 5 9 ,
1799 2199 36 10 ~„
1845 2202 30 7 „„
1877 2202 11 7 rl

1024 2208 73 18 Chronic
1117 2208 175 19 Rheumatism-Mr
1311 2209 71 17 Ronald
1401 2209 38 16 Mc-
1481 2203 71 21 Kidney
1561 2203 73 16 Disease
1643 2202 34 16 and
1683 2200 93 20 Lumbago
1788 2199 47 16 of-0
1844 2202 44 16 year,

1002 2230 73 21 Donald,
1086 2231 89 17 Rolleston
1188 2232 63 18 Street,
1263 2232 81 16 Thames.
1459 2225 136 20 standing-Mr
1607 2224 79 17 William
1694 2223 56 19 Trice,
1771 2222 36 20 Pop
1815 2222 27 14 lar
1861 2222 27 13 in

1023 2251 114 22 Indigestion,
1152 2253 74 16 General
1242 2253 86 21 Debility,
1345 2253 34 16 and
1393 2251 45 17 Con-
1460 2251 42 13 near
1509 2246 84 17 Howiok.

1002 2286 64 19 Theso
1075 2293 57 12 cures
1142 2292 35 13 are
1183 2286 29 19 all
1221 2286 87 19 attested
1317 2285 28 26 by
1354 2283 142 24 testimonials,
1505 2282 68 21 which
1581 2283 44 30 the_
1633 2281 152 20 manufacturer
1794 2279 43 24 has,
1849 2277 39 21 wit!

1238 2312 105 19 hundreds
1354 2312 21 19 of
1385 2311 75 24 others,
1470 2310 21 19 in
1497 2309 32 19 Lis
1539 2309 122 26 possession.

1092 2380 36 17 Sold
1138 2380 24 21 by
1174 2380 23 16 all
1204 2380 106 21 respectable
1319 2378 86 18 Chemists
1412 2378 36 16 and
1460 2377 126 21 Storekeepers,
1597 2376 35 16 and
1642 2376 24 20 by
1679 2375 28 17 the
1715 2375 104 21 proprietor,

1106 2406 28 20 H.
1144 2406 26 19 A.
1181 2406 28 19 11.
1220 2404 154 24 HITCHENS,
1387 2406 24 17 50
1435 2403 125 20 Siiortlanji
1572 2403 87 24 Street,
1671 2401 123 19 Auckland.

1019 2522 11 15 A
1043 2521 78 19 DVICE,
1141 2519 153 18 PERSONALLY
1314 2519 29 16 OR
1354 2518 31 17 BY
1396 2518 44 15 LET

1006 2536 36 21 _ri.
1182 2540 51 19 TBR,
1245 2538 65 18 FREE.

1025 2580 36 16 DR.
1078 2580 56 16 NEIL
1145 2580 30 14 has
1192 2579 75 20 pleasure
1282 2578 17 16 in
1315 2577 91 21 informing
1420 2577 24 15 Ms

1006 2601 70 20 patrons
1084 2601 33 15 and
1125 2600 29 15 the
1162 2599 56 21 public
1226 2599 37 15 that
1273 2599 21 14 he
1301 2598 29 15 has
1341 2597 68 16 secured
1416 2598 28 14 tlie

1006 2620 67 16 services
1081 2620 17 15 of
1110 2625 9 9 a
1125 2619 94 20 competent
1225 2622 80 16 manager
1317 2618 26 15 for
1353 2617 25 15 his
1388 2617 15 15 A
1409 2624 9 10 s
1425 2616 19 16 ck

1007 2640 40 15 land
1063 2640 80 17 husiness,
1161 2638 55 16 whoso
1234 2638 70 15 medical
1321 2636 73 19 training
1412 2635 32 17 and

1006 2660 71 19 hospital
1091 2659 97 19 experience
1199 2658 68 16 enables
1284 2657 35 15 him
1336 2658 16 14 to
1364 2656 37 19 give
1416 2655 28 16 the

1006 2680 36 15 best
1049 2679 57 16 advice
1113 2679 27 14 for
1147 2678 28 15 the
1187 2678 89 14 treatment,
1284 2677 17 15 of
1308 2676 77 16 diseease.

1026 2699 64 15 BALM
1108 2699 29 14 Ob'
1155 2697 113 16 UILKAD.—
1269 2697 35 14 The
1320 2696 73 19 greatest
1404 2695 40 15 Cold

1006 2723 47 10 eurer
1070 2719 18 14 of
1098 2718 28 14 the
1137 2715 41 22 age;
1196 2717 29 14 has
1240 2716 50 15 cured
1308 2716 43 14 colds
1369 2715 18 15 of
1401 2715 43 14 from

1006 2743 48 10 rcvcu
1062 2739 17 13 to
1087 2739 29 15 ten
1126 2742 49 15 years
1185 2736 83 19 standing.
1292 2735 53 19 Price,
1357 2735 16 14 L's
1385 2735 19 15 lid
1415 2739 29 14 per

1006 2758 57 15 bottle.

1026 2777 63 16 LUNG
1103 2775 153 17 BALSAM—WiII
1268 2779 39 11 cure
1324 2774 119 18 Consumption

1007 2798 16 15 in
1032 2798 20 14 its
1061 2796 44 21 early
1113 2801 19 10 or
1142 2796 61 15 middle
1214 2796 60 17 stages.
1297 2794 46 15 Miss
1354 2794 88 18 Russell,

1007 2817 75 14 Woollen
1169 2814 99 20 Onehunga,
1287 2814 63 20 speaks:
1410 2817 34 10 was

1007 2841 49 15 gsveu
1065 2840 22 15 up
1094 2836 22 19 by
1123 2837 32 13 two
1169 2835 65 15 doctors
1248 2834 57 14 defore
1319 2833 9 15 I
1340 2832 104 16 commenced

1007 2856 58 18 taking
1079 2860 42 15 your
1136 2855 49 17 Lung
1192 2852 1 23 .
1204 2854 73 15 Balsam,
1296 2852 32 16 uud
1355 2854 6 13 L
1378 2853 65 14 declare

1007 2874 72 18 without
1089 2879 33 16 any
1133 2874 120 19 exaggeration
1265 2873 37 15 that
1319 2872 13 14 it
1349 2872 50 14 saved
1416 2876 27 14 my

1007 2895 35 16 life.
1063 2895 38 19 Any
1122 2894 69 17 sufferer
1201 2893 60 15 should
1272 2891 118 17 communicate
1403 2891 40 15 with

1073 2914 49 16 Price
1128 2914 18 16 2s
1153 2913 22 16 Gd
1180 2917 30 16 per
1215 2912 58 18 bottle;
1293 2912 31 14 rive
1334 2912 26 14 for
1371 2911 32 15 IDs.

1028 2939 102 18 OASCARA
1147 2937 152 18 BITTERS—The
1310 2937 39 19 only
1359 2937 35 15 real
1405 2941 29 13 cur

1008 2961 26 16 for
1051 2959 104 20 costiveness,
1173 2958 109 19 Indigestion,
1298 2956 92 17 Headache
1411 2958 32 15 and

1008 2979 100 19 Flatulence,
1120 2979 68 19 making
1202 2983 11 10 a
1229 2977 88 16 miserable
1334 2977 29 15 life
1380 2975 62 22 happy:

1008 2999 36 16 well
1055 2999 59 16 named
1126 2999 20 18 by
1157 2998 47 15 those
1214 2998 37 15 who
1263 2997 41 15 have
1315 2996 42 16 used
1367 2996 14 15 it

1008 3018 109 18 ScfHSREB's
1240 3017 47 15 Price
1294 3016 18 16 2s
1320 3016 20 15 (id
1347 3020 29 15 per
1383 3015 59 17 bottle

1028 3039 66 16 Ladies
1122 3038 130 16 Complexions
1279 3035 90 17 beautvfled
1395 3036 48 15 made

1009 3060 50 14 clean,
1068 3056 68 22 pimples
1147 3057 33 14 and
1190 3057 75 14 blotches
1275 3055 77 16 removed
1362 3055 21 19 by
1395 3056 47 18 using

1009 3083 30 10 our
1049 3078 70 16 LIVER
1129 3076 74 16 TONIC,
1216 3076 52 14 which
1280 3076 14 14 is
1305 3076 33 14 also
1355 3074 28 16 the
1400 3078 44 12 most

1009 3097 89 17 successful
1103 3101 40 12 euro
1150 3096 28 15 for
1182 3095 103 16 Biliousness
1296 3094 31 15 and
1339 3095 22 15 all
1373 3095 70 15 diseases

1009 3118 18 15 of
1035 3118 28 14 the
1072 3117 45 15 liver.
1140 3116 47 15 Price
1193 3116 18 14 'Js
1217 3116 20 14 lid
1243 3120 30 14 per
1280 3114 3 20 1
1291 3114 45 18 oitle;
1344 3115 31 14 live
1383 3114 26 15 for
1417 3115 26 14 10s

1030 3136 62 17 IRISH
1109 3136 58 15 MOSS
1184 3135 48 15 AND
1254 3134 46 16 COB
1319 3133 69 16 LIVER
1406 3135 37 14 OIL

1011 3156 120 17 EMULSION-
1146 3155 36 15 Tlie
1188 3155 38 15 best
1232 3154 33 15 and
1271 3154 81 18 Cheapest
1358 3153 84 17 Emulsion

1009 3177 18 15 in
1033 3175 107 19 tlie.market;
1148 3180 11 11 a
1172 3174 61 20 special
1246 3179 40 10 cure
1300 3173 27 14 for
1333 3173 71 20 wasting
1411 3173 33 15 and

1013 3191 78 23 debility.
1113 3194 48 17 Price
1169 3195 17 14 '2s
1197 3198 29 15 per
1236 3194 60 14 bottle.

1032 3216 31 15 DP
1075 3213 80 20 NEIL'S,
1176 3213 153 20 Wellesley-street
1344 3212 42 15 East
1414 3213 30 20 (tw

1013 3236 48 15 doors
1070 3235 52 15 abuve
1130 3234 53 16 Milne
1190 3233 35 16 and
1228 3233 87 19 Choree's,
1319 3232 14 16 is
1340 3232 104 20 thochcapos

1012 3255 50 14 house
1068 3256 17 14 to
1089 3255 33 19 buy
1127 3254 62 15 Patent
1195 3252 33 15 and
1232 3252 212 20 HoiiucpathioMedicines

1012 3274 55 16 Toil-it
1086 3273 94 20 Requisites
1201 3273 34 15 and
1256 3272 91 19 Druggists
1367 3271 77 16 Sundries

1011 3295 54 14 Herbs
1072 3293 33 16 and
1112 3293 62 15 Herbal
1183 3292 124 18 Preparations.

1147 3321 85 15 ADVICE
1247 3321 60 15 FREE

1035 3371 44 39 M
1084 3369 17 16 R
1124 3367 66 38 W.
1223 3367 41 37 J.
1289 3367 26 37 TS
1316 3366 88 24 TAriEB

1061 3411 151 19 BARRISTER
1224 3410 17 17 &
1250 3409 141 18 SOLICITOR.

1012 3433 152 21 (Commissioner
1173 3432 20 17 of
1202 3432 31 17 tin:
1250 3432 89 21 Supreme
1355 3431 59 17 Court
1425 3430 20 18 of

1203 3455 54 22 Fiji.)

1012 3479 87 19 Solicitor
1111 3480 19 17 to
1140 3478 31 19 tlie
1180 3478 24 18 N.
1215 3478 20 17 Z.
1245 3477 128 19 Government
1388 3477 57 18 under

1118 3502 98 18 Advances
1223 3503 20 16 to
1252 3500 77 19 Settlors
1423 3500 3 21 '

1013 3535 95 18 VICTOWA
1118 3534 89 22 AIICADE,
1217 3533 114 23 QtJEEN-ST.,
1340 3532 104 19 Auckland.

1035 3566 69 24 Money
1114 3569 18 15 to
1142 3566 8 18 I
1157 3566 35 18 end
1202 3571 24 12 on
1238 3565 84 18 freehold
1334 3565 80 22 security
1426 3568 19 14 at

1013 3591 36 17 low
1059 3592 49 16 rates
1113 3589 21 19 of
1136 3590 83 18 interest.
1245 3590 70 21 Money
1326 3589 85 17 invested
1416 3588 29 18 for

1015 3615 46 17 lions
1072 3613 37 19 free
1118 3614 19 17 of
1148 3613 69 21 charge.
1234 3613 4 21 .

1042 3681 99 20 Smithers
1152 3681 39 19 will
1202 3684 37 16 not
1257 3681 57 18 allow
1334 3679 32 19 his
1381 3678 66 20 eldest

1016 3707 103 26 daughter,
1129 3707 43 19 who
1183 3707 35 19 has
1229 3706 83 20 reached
1324 3705 35 20 the
1369 3708 77 16 mature

1015 3740 37 15 ace
1062 3734 21 19 of
1093 3733 86 24 sixteen,
1190 3736 20 16 to
1220 3733 52 19 have
1281 3740 12 12 a
1307 3738 68 19 young
1395 3738 51 11 man.

1015 3760 33 19 He
1058 3767 45 18 says
1114 3759 44 20 that
1169 3760 29 18 lua
1209 3759 46 19 wife
1267 3766 36 12 cai.
1324 3759 25 18 do
1368 3757 26 19 all
1412 3758 34 17 the

1017 3786 69 24 billing
1096 3786 40 19 and
1155 3785 35 20 the
1209 3786 51 24 baby
1281 3785 26 18 all
1324 3784 35 19 the
1376 3783 71 25 cooing

1016 3812 46 19 that
1076 3813 34 18 the
1120 3813 60 18 house
1191 3818 36 13 can
1239 3811 59 19 stand
1317 3813 21 16 at
1359 3813 87 21 present.

1042 3853 41 19 The
1091 3853 102 19 Pahiatua
1202 3850 80 21 Herald
1291 3850 141 25 says:—Wood-

1016 3879 47 19 villo
1080 3879 67 25 might
1164 3884 49 19 very
1232 3877 47 19 well
1291 3877 26 18 he
1327 3876 76 19 termed
1413 3876 34 19 the

1016 3904 120 26 birth-place
1146 3904 20 19 of
1176 3902 58 21 small
1245 3903 53 18 farm
1312 3902 134 20 associations.

1016 3931 41 18 The
1067 3931 47 21 only
1123 3929 79 20 trouble
1213 3929 17 18 is
1239 3928 45 19 that
1290 3928 61 20 death
1359 3928 89 26 speedily

1015 3957 77 20 follows
1102 3956 62 19 birth.

1041 4001 19 20 A
1069 4001 76 26 cynical
1152 4000 95 26 Fielding
1255 4007 48 12 man
1313 4000 43 19 said
1369 4000 45 19 that
1427 3999 21 19 in

1017 4028 57 19 order
1083 4031 20 15 to
1114 4028 55 18 *ho\v
1178 4027 54 19 what
1243 4034 11 12 a
1263 4027 43 18 free
1316 4027 83 23 country
1408 4026 40 18 this

1018 4055 21 23 is,
1060 4061 10 11 a
1089 4053 40 19 Bill
1149 4054 36 18 has
1194 4053 52 19 been
1256 4052 118 19 introduced
1383 4052 21 18 in
1414 4051 34 18 the

1018 4080 70 25 Upper
1096 4079 72 20 House
1176 4081 21 17 to
1207 4079 76 19 muzzle
1293 4078 35 19 tho
1340 4073 78 29 judges
1428 4076 20 21 of

1018 4106 33 19 the
1062 4105 96 27 Supreme
1168 4106 68 22 Court,
1248 4105 39 19 and
1297 4104 84 19 another
1387 4104 21 18 in
1415 4103 33 19 tho

1018 4132 70 21 Lower
1098 4132 71 20 House
1178 4133 21 19 to
1209 4138 42 19 gug
1260 4131 35 20 the
1309 4136 61 21 press,

1938 4075 56 21 Every
2000 4080 37 14 pers
2048 4077 35 14 nin
2091 4077 32 15 tin's
2139 4077 66 16 diHtrict
2231 4078 58 17 should
2310 4078 38 15 hoikl

1918 4093 54 22 hcopy
1989 4096 18 15 of
2020 4096 29 15 tho
2064 4093 49 23 Now'
2129 4096 73 17 Ztivliiml
2217 4098 74 18 Cookery
2302 4098 46 15 Book

1918 4114 36 16 noir
1963 4114 68 17 friends.
2052 4115 16 15 A
2086 4120 44 11 inoro
2145 4117 55 16 useful
2219 4117 67 17 preeuut
2301 4117 47 16 could

1918 4134 44 17 otbe
1975 4134 132 18 fouud.—Adyi

2842 3682 63 20 After
2924 3683 90 26 working
3029 3685 139 21 considerable
3186 3686 59 21 havoc

2816 3711 93 23 amongst
2919 3709 34 20 the
2963 3710 81 26 poultry
3052 3711 21 19 in
3083 3711 98 21 different
3190 3716 55 23 parts

2816 3735 22 20 of
2847 3735 107 25 Kangiora,
2965 3736 34 20 the
3009 3739 64 17 stoats
3083 3744 22 13 or
3121 3739 81 20 weasels
3214 3746 30 13 are

2816 3761 85 25 turning
2910 3762 51 20 their
2978 3764 102 19 attention
3095 3766 21 18 to
3126 3767 48 22 eats,
3191 3766 54 20 three

2816 3795 22 12 or
2845 3788 48 19 four
2900 3788 74 26 having
2983 3789 51 20 been
3042 3790 62 20 fonnd
3116 3792 50 20 dead
3178 3793 67 19 within

2816 3814 34 19 the
2869 3817 48 21 past
2930 3815 39 20 few
2989 3817 49 25 days
3051 3817 50 19 with
3119 3819 84 20 wounds
3226 3819 19 20 in

2816 3840 52 20 their
2876 3840 89 22 throats.

2841 3867 43 19 The
2891 3867 69 21 Island
2968 3869 82 26 trading
3057 3870 64 20 vessel
3129 3871 37 19 Sea
3177 3871 68 24 Shoot,

2816 3893 15 19 is
2843 3893 88 26 missing.
2960 3895 40 20 Sho
3010 3903 39 13 was
3060 3903 47 13 scon
3122 3897 89 26 cruising
3225 3904 20 13 in

2819 3919 138 26 Bougainville
2968 3922 78 24 Straits,
3057 3923 94 20 Solomon
3167 3924 78 25 Group,

2816 3946 76 19 several
2902 3948 80 19 months
2993 3955 43 19 ago,
3051 3949 39 19 and
3101 3950 144 26 subsequently

2816 3972 104 26 wreckage
2939 3981 38 12 was
2989 3974 63 20 found
3067 3976 20 18 in
3104 3976 35 19 the
3156 3977 89 25 vicinity!

2816 3998 22 19 It
2847 3999 17 19 is
2874 3999 89 21 believed
2973 4000 35 20 the
3017 4007 51 13 crew
3079 4008 51 13 were
3139 4002 106 21 murdered

2816 4024 25 25 by
2851 4026 85 23 natives,
2948 4027 39 19 and
2998 4026 33 20 the
3047 4028 63 19 vessel
3120 4028 47 21 lost.

2387 4007 43 15 Pure
2437 4007 54 15 Bini.nl
2503 4010 13 10 is
2530 4005 27 15 tho
2566 4005 53 15 secret
2632 4005 18 14 of
2659 4005 62 16 health.
2724 4005 45 15 —Dr
2783 4005 5 15 1

2368 4025 81 17 Gordon's
2458 4025 74 16 BLOOD
2540 4024 63 15 BILLS
2610 4024 63 15 clcanes
2680 4024 27 15 the
2714 4024 74 20 systemo

2367 4045 22 16 all
2397 4045 65 19 impure
2469 4045 54 17 blood,
2533 4048 40 11 cure
2578 4043 106 19 Indigestion,
2692 4043 104 20 Coustipatio

2368 4064 47 16 Liver
2432 4062 108 21 Complaints,
2557 4062 49 16 Paiii9
2623 4063 18 16 in
2657 4062 42 16 back
2718 4062 32 16 and
2761 4063 35 16 side

2368 4084 104 17 llilloiisiiess,
2483 4082 38 16 Siok
2534 4082 102 18 Headaches;
2650 4085 66 12 remove
2727 4082 69 19 pimples

2366 4102 81 18 Scrofula,
2456 4102 70 19 Scurvy,
2533 4102 31 15 etc.
2646 4101 37 18 box,
2691 4102 17 14 (is
2717 4102 32 14 two
2764 4102 32 15 box

2366 4122 35 15 10s;
2409 4122 37 20 post
2453 4122 40 17 free,
2515 4122 16 17 J,
2543 4121 27 18 >V.
2578 4121 88 18 GLAvros
2677 4122 32 17 bos
2716 4121 28 19 231
2752 4122 40 17 Duu

2367 4140 44 18 odiui
