4190 5840
2427 1333 152 41 Mount
2620 1333 160 48 Benger
2822 1330 116 40 Mail.

2562 1446 62 20 JUST
2643 1445 56 20 AND
2718 1445 68 19 FEAR

2528 1525 118 26 FRIDAY,
2664 1523 74 22 JULY
2757 1523 30 26 16,
2810 1523 53 22 1897.

2434 1616 33 21 Mr
2476 1614 82 23 Seddon
2568 1612 41 23 will
2619 1611 35 22 sail
2665 1611 32 21 for
2712 1611 52 21 Mew
2779 1610 89 21 Zealand
2882 1617 25 13 on
2924 1610 35 20 the

2406 1645 45 21 21st
2460 1643 59 27 July.

2433 1683 26 21 In
2472 1682 50 21 New
2530 1679 89 23 Zealand
2633 1679 40 20 last
2680 1684 49 20 year
2735 1676 100 27 £27<\ooo
2844 1683 39 14 was
2897 1683 50 20 spen
2950 1666 9 18 4

2410 1718 25 14 on
2443 1710 102 27 imported
2554 1709 59 21 fruit.

2434 1750 44 21 The
2487 1746 108 23 Warden's
2604 1745 118 22 conference
2729 1750 62 20 opens
2800 1744 21 20 in

2409 1785 24 14 on
2444 1777 36 21 the
2488 1776 36 21 4th
2534 1782 59 21 prox.

2435 1817 49 20 You
2494 1815 52 21 have
2555 1813 71 21 ruined
2635 1819 52 20 your
2697 1810 133 22 constitution
2841 1810 122 25 sufficiently

2409 1844 27 20 bv
2448 1843 97 23 drinking
2559 1841 83 20 inferior
2656 1843 40 15 tea.
2725 1838 85 20 Recruit
2825 1837 24 23 by
2867 1837 96 24 drinking

2409 1870 48 26 only
2467 1869 65 22 Kozie
2542 1870 39 19 tea.
2609 1867 21 20 It
2639 1866 17 20 is
2662 1872 51 19 pure
2719 1865 38 19 and
2766 1864 90 21 reiiabh.
2867 1876 8 2 -
2883 1863 67 21 Advt.

2437 1910 43 21 The
2490 1908 137 23 examination
2637 1905 66 22 under
2713 1904 35 22 the
2756 1904 121 26 Companies
2889 1905 39 19 Act
2942 1902 21 21 of

2411 1938 36 21 the
2458 1938 54 20 Hon.
2528 1936 21 20 J.
2566 1936 26 20 G.
2604 1934 62 19 Ward
2677 1933 28 25 (in
2715 1931 137 26 bankruptcy)
2863 1938 40 13 was
2916 1930 48 21 held

2411 1967 21 18 at
2457 1961 133 28 Invercargill
2610 1960 69 22 before
2701 1959 33 21 Mr
2757 1959 81 20 Justice
2861 1958 102 20 Williams

2407 1991 117 29 yesterday.

2434 2033 44 22 The
2487 2031 124 27 application
2621 2029 27 27 by
2669 2027 117 23 Alexander
2804 2027 83 21 Patrick
2905 2026 33 21 for
2951 2033 11 15 a

2409 2060 74 28 special
2494 2060 58 20 claim
2564 2065 48 13 over
2623 2057 77 21 section
2709 2057 32 25 33,
2752 2055 61 21 block
2824 2056 18 25 1,
2853 2055 108 20 Cromwell

2409 2094 74 20 survey
2510 2086 82 21 district
2607 2085 45 24 (the
2670 2085 89 19 Elecetic
2776 2083 59 19 claim
2854 2084 61 23 case),
2926 2081 36 20 has

2408 2116 50 21 been
2475 2112 84 23 refused
2579 2112 27 27 by
2627 2111 87 21 Warden
2736 2109 110 22 M'Carihv
2864 2116 26 14 no
2907 2115 53 15 costs

2408 2143 59 27 being
2474 2141 85 23 allowed

2432 2182 44 21 The
2486 2181 122 26 resignation
2619 2179 21 22 of
2651 2179 47 21 Miss
2707 2179 94 21 Brunton
2817 2184 21 14 as
2847 2178 82 20 matron
2940 2175 23 22 of

2407 2211 36 21 the
2466 2209 98 26 Tuapeka
2587 2207 95 26 Hospital
2703 2213 41 14 was
2762 2205 96 26 accepted
2877 2208 23 17 at
2920 2204 40 20 lust

2408 2238 89 25 meeting
2505 2237 21 20 of
2534 2236 35 21 the
2577 2235 70 22 board.
2665 2236 33 19 An
2706 2234 161 20 advertisement
2874 2238 87 25 appear*

2407 2265 110 21 elsewhere
2526 2264 20 21 in
2561 2263 43 21 this
2618 2264 53 19 issue
2687 2262 73 25 calling
2774 2260 33 21 for
2823 2259 138 27 applications

2408 2293 32 21 for
2450 2293 36 21 the
2496 2292 151 27 appointment.

2433 2333 40 21 We
2482 2333 68 25 regret
2559 2333 21 19 to
2590 2331 56 21 learn
2660 2329 46 22 that
2716 2330 32 20 Mr
2757 2327 68 27 Reilly
2837 2327 37 21 has
2886 2326 40 21 had
2938 2333 24 13 an

2407 2361 70 21 attack
2485 2360 21 20 of
2515 2360 82 26 quinsy,
2608 2358 39 21 and
2658 2358 37 19 has
2708 2358 49 19 been
2770 2356 39 21 laid
2825 2363 28 18 up
2863 2355 54 20 sine-*
2927 2354 37 21 the

2408 2389 38 22 end
2466 2388 21 22 of
2505 2387 41 22 last
2560 2387 63 21 week.
2651 2385 43 22 The
2710 2384 70 22 attack
2797 2390 40 14 w<s
2851 2382 113 23 som-what

2408 2417 85 26 serious,
2508 2415 39 21 but
2559 2414 49 22 with
2618 2412 136 24 unremitting
2762 2412 67 20 medic
2833 2411 15 20 d
2858 2410 103 21 attention

2409 2445 38 21 and
2458 2443 76 22 careful
2544 2442 84 25 nursing
2639 2442 24 19 he
2673 2447 40 14 was
2722 2440 46 20 able
2778 2444 22 15 to
2811 2443 70 16 returu
2891 2440 21 18 to
2924 2438 35 20 the

2409 2472 67 22 school
2486 2479 26 14 on
2524 2469 136 26 Wednesday.

2435 2512 43 21 The
2496 2510 104 25 following
2617 2507 84 22 football
2720 2509 54 19 team
2799 2506 41 21 will
2858 2509 106 23 represent

2412 2538 111 27 Roxburgh
2533 2537 80 26 against
2622 2535 101 21 Limerick
2735 2535 20 20 in
2766 2535 36 19 the
2816 2535 68 19 match
2901 2535 21 18 to
2940 2533 24 20 be

2411 2567 72 28 played
2494 2573 38 15 -on
2552 2565 36 22 the
2604 2563 78 28 ground
2701 2563 23 21 of
2741 2563 35 21 the
2797 2562 61 22 latter
2877 2561 47 22 c'ub
2943 2562 21 20 to

2411 2602 85 13 morrow
2542 2592 125 21 Forwards—
2672 2592 24 20 L.
2704 2592 89 24 Rooney,
2806 2591 26 20 D.
2844 2590 118 21 Buchanan.

2411 2622 26 23 G.
2456 2620 121 26 Haughton,
2597 2619 27 21 D.
2637 2618 90 26 Manuel,
2744 2617 81 22 Martin.
2847 2617 26 21 A.
2894 2616 68 25 Torus,

2413 2648 80 23 Micliell
2517 2648 35 26 (2),
2575 2647 26 22 R.
2624 2646 85 25 George.
2746 2644 109 22 Half-W.
2877 2643 86 21 Turner.

2413 2676 156 26 Five-eight—l.
2593 2674 25 21 B.
2642 2674 91 24 Rooney.
2768 2672 66 21 Three
2844 2673 115 26 quarters--

2411 2705 34 21 W.
2455 2705 79 24 George
2543 2701 105 28 (captain),
2663 2700 91 22 Sinclair,
2769 2700 115 21 O'Connor.
2912 2697 49 23 Fall

2411 2732 97 22 back—J.
2520 2730 108 24 Tamblyn.

2436 2770 43 22 The
2497 2768 96 23 schedule
2619 2768 22 21 of
2668 2773 98 20 expenses
2783 2766 22 21 of
2823 2766 129 25 theTunpek
2960 2774 5 12 i

2411 2798 107 25 Licensing
2527 2796 124 23 Committee
2660 2795 31 20 for
2701 2794 54 21 their
2763 2794 45 21 first
2827 2795 90 24 meeting
2927 2801 39 13 was

2411 2834 21 13 as
2444 2826 80 21 follows
2564 2825 19 21 S.
2597 2824 24 25 E,
2639 2822 117 26 M'Caithv,
2767 2821 43 22 £ls
2820 2822 48 24 JBs;
2891 2820 33 22 W.
2941 2821 22 21 8.

2412 2853 98 26 Laidlaw,
2537 2852 29 21 £3
2589 2852 48 24 15s;
2656 2850 22 21 J.
2701 2848 113 28 Campbell,
2833 2849 28 22 £3
2878 2849 36 25 3s;
2938 2848 26 22 H.

2412 2882 67 25 Craig,
2491 2880 28 21 £3
2534 2881 23 20 3s
2566 2887 5 18 ;
2581 2880 26 20 G.
2616 2880 85 24 Jefiery,
2712 2877 28 21 £3
2749 2877 12 21 3
2762 2885 9 12 s
2783 2885 5 16 ;
2797 2878 21 20 J.
2833 2878 41 19 Ben
2877 2880 43 23 net,
2938 2876 28 22 £2

2413 2909 21 21 2s
2443 2916 5 19 ;
2563 2908 79 26 Benger
2764 2904 25 21 £1
2800 2912 6 19 ;
2849 2904 117 22 Alexandra

2523 2936 24 20 £1
2557 2937 22 19 4s
2587 2935 27 22 9d
2622 2942 5 18 ;
2639 2935 12 11 '*
2661 2933 96 26 Tuapeka
2879 2932 33 23 17s
2922 2932 26 22 fid
2961 2939 5 17 ;

2439 2965 94 19 Dunstan
2656 2961 28 21 £1
2698 2961 34 22 7s;
2748 2961 22 19 J.
2785 2960 128 26 Horsburgh,
2933 2960 33 20 16<

2413 2991 38 21 lid
2461 2997 7 19 ;
2479 2990 55 21 Wm.
2544 2989 73 26 Fouhy
2627 2987 80 27 (clerk),
2717 2987 42 21 £l2
2769 2987 41 20 10s.

2437 3030 26 22 In
2473 3029 120 22 accordance
2603 3027 50 22 with
2663 3034 11 14 a
2686 3026 112 22 resolution
2811 3027 71 23 passed
2893 3027 26 22 by
2929 3026 36 22 th?

2413 3057 93 24 Borough
2517 3055 94 26 Council,
2626 3055 82 21 tenders
2723 3061 35 14 are
2776 3056 21 18 to
2813 3054 24 20 be
2854 3054 65 21 called
2934 3054 32 21 for

2412 3085 36 21 the
2458 3083 109 23 formation
2577 3083 22 21 of
2607 3090 12 13 a
2626 3082 95 27 footpath
2730 3082 53 20 from
2802 3081 37 21 the
2853 3082 71 25 bridge
2939 3089 26 13 on

2412 3113 35 21 the
2466 3112 49 22 Coal
2535 3111 65 21 Creek
2622 3110 48 21 road
2688 3112 23 18 to
2725 3109 32 21 Mr
2777 3109 55 21 Wm.
2851 3109 113 21 Courtier's

2412 3140 110 26 residence,
2533 3146 26 14 on
2569 3138 36 22 the
2615 3140 50 18 west
2674 3137 43 21 side
2727 3136 21 22 of
2757 3136 36 21 the
2799 3136 55 22 road.
2882 3137 81 21 Several

2413 3167 100 21 members
2524 3167 22 20 of
2559 3167 36 20 the
2614 3165 63 21 works
2693 3164 119 21 eommittee
2828 3165 40 20 laid
2883 3165 29 20 off
2929 3165 36 20 the

2413 3194 50 28 path
2473 3195 21 20 in
2505 3194 35 20 the
2551 3193 56 24 early
2624 3194 47 25 part
2680 3192 21 20 of
2712 3191 36 21 the
2758 3191 63 25 week,
2833 3191 40 21 and
2884 3191 82 21 tenders

2413 3222 41 21 will
2465 3222 24 20 be
2498 3221 29 20 let
2537 3228 21 13 as
2567 3228 49 12 soon
2634 3226 22 14 as
2666 3219 88 26 possible
2763 3226 22 12 so
2795 3219 46 20 that
2850 3221 114 24 advantage

2410 3257 50 20 may
2470 3250 24 21 be
2501 3248 63 22 taken
2573 3247 22 22 of
2604 3247 35 22 the
2649 3248 83 26 present
2740 3246 38 25 dry
2787 3251 78 18 season.

2438 3290 44 20 Our
2493 3288 78 22 Millers
2581 3287 47 21 Flat
2637 3286 159 25 correspondent
2813 3287 152 22 writes—Yerv

2411 3317 134 26 satisfactory
2560 3322 93 20 progress
2675 3315 17 21 is
2708 3315 59 26 being
2785 3314 59 21 made
2861 3315 50 21 with
2929 3315 36 21 the

2413 3344 133 26 preliminary
2559 3343 55 20 work
2621 3344 21 19 in
2649 3342 119 21 connection
2779 3342 51 20 w?th
2839 3342 36 20 the
2887 3342 77 21 Millers

2411 3372 49 20 Flat
2470 3371 76 25 bridge.
2574 3370 44 20 The
2632 3370 50 25 piles
2698 3370 52 19 have
2767 3368 52 21 been
2837 3369 71 20 driven
2925 3370 39 19 and

2411 3400 37 20 the
2458 3400 118 24 temporary
2595 3397 80 26 staging
2691 3395 80 22 erected
2791 3398 22 18 to
2832 3396 35 20 the
2886 3396 78 21 water's

2411 3428 59 25 edge,
2480 3426 40 21 and
2529 3433 11 13 a
2551 3425 41 27 pile
2601 3425 69 21 driver
2679 3424 39 21 and
2734 3424 73 25 engine
2827 3424 40 21 will
2886 3424 78 26 shortly

2410 3455 25 20 be
2450 3454 88 26 brought
2554 3460 25 13 on
2599 3455 22 18 to
2639 3452 36 21 the
2691 3452 78 25 ground
2788 3452 32 19 for
2837 3452 80 26 driving
2927 3452 37 20 the

2411 3482 50 26 piles
2473 3482 21 20 in
2505 3481 36 21 the
2556 3482 88 20 cement.
2671 3480 43 22 The
2724 3479 38 21 low
2772 3480 54 20 state
2835 3479 22 21 of
2867 3480 35 21 the
2911 3479 55 22 river

2409 3511 17 21 is
2451 3509 59 26 being
2533 3509 61 21 taken
2621 3508 40 22 full
2684 3508 113 26 advantage
2827 3508 22 20 of
2878 3508 26 26 by
2929 3508 35 20 the

2409 3539 132 20 contractors.

2435 3578 43 21 The
2493 3576 52 22 need
2560 3576 21 20 of
2596 3582 12 14 a
2625 3577 76 20 station
2719 3578 81 20 master,
2820 3575 143 27 permanently

2409 3605 103 21 stationed
2522 3606 21 18 at
2557 3603 82 26 Heriot,
2649 3604 17 20 is
2680 3611 13 13 a
2701 3604 61 20 much
2774 3604 39 20 fe't
2824 3607 53 15 w*nt
2887 3603 20 20 in
2917 3604 47 19 that

2410 3633 88 21 district.
2526 3631 74 21 Heriot
2620 3631 17 21 is
2655 3631 36 21 the
2709 3634 70 18 centre
2793 3631 21 20 of
2832 3637 39 14 one
2889 3631 21 19 of
2928 3631 24 20 th-

2411 3663 52 19 most
2473 3661 114 26 important
2597 3659 87 27 farming
2694 3659 90 23 districts
2794 3659 20 21 in
2832 3659 36 21 the
2884 3659 79 27 co'onv,

2409 3689 105 25 including
2537 3688 116 25 Dunrohin,
2677 3689 122 24 Crookston,
2825 3687 40 21 and
2893 3687 70 20 Herinr

2409 3717 38 19 itse
2456 3716 16 25 f,
2484 3715 39 21 and
2534 3716 19 19 in
2564 3715 36 21 the
2607 3715 56 23 grain
2675 3722 69 12 season
2762 3715 36 19 the
2818 3717 73 20 export
2907 3714 44 20 trad
2959 3722 5 6 *

2409 3744 16 19 is
2435 3743 49 27 only
2501 3742 148 27 accomplished
2668 3742 48 21 with
2736 3742 59 21 much
2807 3741 157 22 inconvenience

2409 3772 38 19 and
2460 3777 60 18 many
2530 3770 70 25 delays
2610 3773 22 16 to
2642 3770 92 21 farmers.
2764 3771 17 19 A
2790 3770 76 19 station
2879 3773 83 22 master,

2409 3799 15 20 if
2435 3806 14 12 r>
2458 3798 68 21 sident
2535 3797 64 25 there,
2616 3797 60 21 could
2686 3796 93 22 combine
2794 3797 34 20 the
2844 3797 65 25 postal
2924 3804 25 13 an
2959 3796 3 26 i

2409 3825 110 27 telephone
2537 3825 75 26 duties,
2630 3824 64 22 which
2712 3831 34 14 are
2757 3829 45 16 now
2814 3824 77 20 civried
2903 3831 25 13 on
2942 3825 20 19 in

2408 3861 11 14 a
2437 3855 93 23 separate
2544 3854 64 24 office,
2625 3852 40 21 and
2683 3852 32 21 his
2729 3852 51 21 time
2795 3852 66 21 would
2872 3853 24 19 be
2907 3852 55 27 fully

2408 3882 95 25 occupied
2513 3881 28 21 all
2551 3880 36 22 the
2597 3888 47 16 year
2654 3880 73 22 round.

2435 3922 38 20 We
2482 3921 52 22 have
2543 3923 22 19 to
2575 3920 143 25 acknowledge
2725 3920 48 21 with
2782 3920 76 20 thanks
2867 3920 53 21 from
2933 3921 31 20 Mr

2409 3950 23 21 F.
2444 3948 26 22 N.
2486 3948 101 21 Mendows
2597 3948 54 24 (who
2664 3948 58 21 ac*ed
2732 3955 22 13 as
2769 3951 100 17 secretary
2891 3950 22 17 to
2928 3948 36 20 the

2409 3977 55 21 Hon.
2477 3976 136 21 MrLarnach.
2624 3976 51 19 New
2686 3976 105 19 Zetland's
2801 3982 95 18 repiesen
2901 3976 4 24 r
2908 3976 55 19 a'iv"

2408 4008 21 18 >it
2440 4004 34 21 the
2485 4003 129 28 Queensland
2629 4002 127 28 Exhibition,
2776 4002 39 22 and
2831 4010 95 19 maimer
2944 4003 21 21 <>f

2408 4033 35 20 the
2463 4033 51 21 New
2532 4031 88 22 Zealand
2639 4035 59 17 court
2717 4032 66 24 th-re)
2799 4038 33 12 r»c
2845 4032 32 24 ipt
2891 4031 21 20 of
2929 4031 36 20 the

2409 4060 119 19 Exhibition
2548 4059 86 20 number
2654 4059 22 18 of
2723 4059 42 19 The

2410 4087 56 20 From
2478 4092 56 14 some
2543 4085 92 26 splendid
2647 4085 136 21 illustrations
2802 4085 18 19 in
2837 4085 45 19 that
2902 4091 52 19 paper-

2408 4115 36 19 the
2456 4115 49 20 New
2512 4113 87 21 Zealand
2609 4116 58 18 court
2677 4120 85 19 appears
2773 4118 20 14 'o
2803 4112 52 20 luve
2869 4113 94 20 worthily

2408 4141 132 22 represented
2559 4141 51 21 New
2628 4139 75 23 Zeilan
2714 4141 22 19 I'm
2756 4139 105 28 prolucs.
2874 4140 38 21 anl
2928 4140 36 21 the

2407 4170 80 25 display
2506 4177 40 13 was
2568 4169 51 21 both
2641 4169 78 21 artisnc
2741 4176 27 14 an
2775 4169 6 21 l
2794 4167 94 26 striking.
2918 4168 29 20 Ui-

2531 4197 35 19 the
2581 4197 52 18 New
2651 4195 89 21 Zealand
2759 4198 59 17 court.
2835 4198 56 17 mint
2910 4195 52 19 have

2409 4224 48 20 been
2468 4231 11 13 a
2490 4223 94 27 splendid
2596 4223 160 20 advertisement
2766 4223 31 19 for
2807 4222 41 20 this
2858 4223 71 24 colony

2433 4264 33 20 Mr
2477 4263 56 21 John
2543 4263 74 25 Rylev,
2627 4268 95 14 manager
2734 4262 22 20 of
2763 4261 35 21 the
2809 4261 66 21 Edina
2881 4261 81 26 dredge,

2409 4292 48 19 with
2470 4293 41 18 two
2521 4290 22 20 of
2553 4290 32 20 his
2595 4296 55 19 men,
2661 4290 100 24 narrowly
2772 4290 82 24 escape-!
2868 4296 10 12 a
2887 4289 76 20 seriou*

2409 4318 94 21 accident
2518 4319 22 18 at
2553 4317 35 20 the
2604 4318 39 18 end
2658 4316 22 20 of
2694 4316 39 20 l**t
2750 4316 63 21 week.
2840 4316 56 20 Tiiev
2912 4323 51 12 were

2408 4346 60 25 going
2482 4344 71 23 ashore
2563 4344 51 21 from
2626 4343 35 22 the
2670 4343 82 28 dredge,
2760 4343 58 21 when
2829 4343 130 26 thepainte-,

2410 4374 63 20 which
2485 4380 39 13 was
2538 4372 83 21 hitched
2630 4379 25 12 oil
2673 4373 22 18 to
2710 4372 35 19 th*
2759 4372 43 19 side
2817 4371 52 21 line,,
2884 4371 70 24 parte!

2408 4401 74 25 letting
2502 4400 36 20 the
2560 4399 49 20 boat
2626 4398 51 20 drift
2695 4398 60 20 down
2776 4398 35 19 the
2830 4398 59 20 river.
2918 4398 41 19 S!ie

2408 4428 75 21 drifted
2494 4427 32 20 for
2535 4426 76 21 several
2621 4425 93 22 hundred
2724 4426 59 20 virds
2799 4424 31 21 wh
2845 4432 11 13 n
2872 4424 36 21 «h?
2919 4431 40 13 wn

2407 4456 89 22 brought
2502 4455 27 26 by
2536 4455 35 20 the
2577 4456 83 19 current
2666 4454 26 20 in'
2698 4460 12 15 o
2715 4452 160 27 comparatively
2882 4459 55 14 smoo
2948 4452 14 21 h

2409 4491 16 11 w
2439 4486 39 22 t.er,
2496 4482 39 21 at.d
2560 4482 35 20 the
2610 4489 45 13 men
2672 4488 52 13 were
2740 4480 85 21 enabled
2842 4485 21 15 to
2886 4482 33 20 get
2939 4482 21 17 to

2407 4510 66 20 store.
2501 4510 21 19 It
2532 4510 16 19 is
2557 4509 105 20 fortunate
2671 4508 36 19 she
2717 4507 19 20 di
2745 4507 5 20 I
2767 4508 35 19 not
2812 4513 31 18 ge:
2861 4513 84 18 anong<

2408 4538 36 19 the
2462 4536 58 21 rocks
2535 4543 11 12 a
2565 4535 55 21 little
2639 4534 63 21 l»wer
2720 4534 67 21 down,
2810 4533 63 19 which
2891 4538 43 13 won
2945 4532 12 19 d

2408 4564 52 19 have
2469 4564 50 19 been
2530 4562 88 21 difficult
2629 4564 20 17 to
2659 4564 53 17 st'.er
2731 4560 53 21 clear
2800 4560 22 19 of
2844 4567 24 12 an
2876 4559 7 21 1
2896 4559 66 20 where

2409 4591 34 20 the
2453 4596 147 20 consequences
2609 4588 66 24 might
2685 4588 52 19 have
2748 4588 51 19 been
2809 4587 58 20 fatal.

2436 4630 17 20 A
2464 4635 49 19 very
2523 4627 109 25 impudent
2642 4626 55 21 theft
2705 4633 39 12 was
2759 4625 119 29 commi'te'
2891 4625 71 26 lato'y,

2411 4657 56 21 when
2478 4663 49 14 over
2536 4655 43 22 £lO
2591 4654 21 23 in
2634 4661 73 18 money
2726 4656 38 18 Was
2778 4653 65 22 stolen
2862 4653 50 22 from
2928 4653 36 21 the

2410 4686 63 21 house
2481 4685 21 21 of
2514 4684 32 22 Mr
2555 4684 56 22 John
2621 4683 24 23 C.
2656 4682 75 27 Smith,
2747 4682 19 21 of
2778 4682 16 22 B
2800 4682 28 22 i'd
2847 4682 43 22 Hill
2911 4682 44 21 Flat

2413 4714 20 20 It
2448 4713 101 26 appeared
2567 4713 47 19 that
2630 4712 100 23 suspicion
2744 4714 44 17 vest
2801 4711 13 20 d
2832 4717 19 13 in
2868 4717 13 14 a
2897 4717 68 19 young

2411 4747 45 14 man
2473 4740 71 20 named
2563 4738 91 20 William
2671 4738 104 25 Pengt-lly,
2792 4738 45 19 who
2860 4737 36 20 has
2914 4737 49 20 been

2411 4767 90 23 nsident
2519 4767 57 21 there
2597 4765 31 23 for
2644 4772 56 15 more
2715 4765 49 21 than
2780 4772 12 14 a
2807 4772 57 20 year.
2893 4764 66 21 When

2411 4796 98 26 Pengelly
2519 4802 40 14 was
2566 4795 88 25 clearing
2661 4796 37 18 out
2704 4793 51 21 from
2764 4793 57 20 there
2831 4793 6 20 1
2843 4797 27 15 ist
2878 4793 86 26 Sunday

2412 4823 108 22 Constable
2531 4822 106 22 Ghisholm
2649 4821 93 21 followed
2750 4821 41 20 him
2799 4823 21 17 to
2830 4821 50 20 Coal
2890 4821 3 24 1
2907 4828 20 12 re
2936 4825 26 20 -tc,

2411 4851 39 21 and
2461 4850 89 22 arrested
2572 4849 41 21 him
2625 4849 57 20 there
2697 4854 25 14 on
2734 4854 11 14 a
2757 4847 73 23 charge
2844 4849 20 19 of
2879 4847 87 27 steali-g

2411 4887 48 14 corn
2469 4879 57 21 sacks
2540 4878 52 21 from
2606 4877 76 21 Barron
2700 4875 40 21 and
2758 4876 90 27 Barc'ay,
2869 4875 22 21 of
2909 4875 40 21 Dun-

2412 4908 65 19 robin.
2504 4907 60 20 None
2573 4905 22 20 of
2606 4905 32 19 Mr
2653 4903 83 21 Smith's
2752 4910 71 16 money
2842 4910 39 13 wis
2898 4903 64 20 found

2412 4942 25 13 on
2452 4934 50 25 him,
2515 4933 38 20 bnt
2562 4932 17 21 it
2589 4932 16 20 is
2614 4931 66 21 stated
2691 4931 46 19 that
2749 4929 97 26 Penge'ly
2858 4930 13 20 h
2879 4938 15 12 .s
2904 4931 44 19 sine
2957 4929 2 30 •

2412 4960 105 23 confessed
2526 4962 22 18 to
2557 4959 74 25 having
2641 4957 66 22 stolen
2716 4957 25 27 it,
2750 4957 41 21 and
2798 4957 43 21 told
2851 4959 66 19 where
2926 4957 35 20 th«

2412 4996 73 17 money
2496 4988 57 21 made
2564 4988 23 20 be
2597 4986 61 21 found
2669 4985 72 27 intact,
2749 4992 21 13 as
2787 4985 26 21 he
2827 4985 40 22 had
2886 4987 47 19 s-nt
2947 4985 18 21 it

2412 5025 24 12 on
2447 5016 64 21 ahead
2520 5016 22 19 of
2551 5016 42 19 him
2603 5014 27 25 by
2639 5016 47 24 post
2720 5012 91 21 Accused
2823 5019 40 14 was
2873 5013 92 25 brought

2412 5045 68 21 before
2490 5044 36 21 the
2533 5042 66 22 Police
2608 5037 71 29 Court,
2690 5040 124 26 Alexandra,
2830 5047 24 13 on
2867 5040 97 26 Monday,

2411 5072 40 21 and
2460 5069 196 24 remanded.—Bald
2667 5068 41 21 Hill
2719 5068 47 20 Flat
2774 5068 171 26 Correspondent.

2437 5110 43 22 The
2501 5108 101 23 attention
2633 5107 21 21 of
2675 5113 39 14 our
2736 5106 80 21 readers
2839 5106 16 21 i-<
2884 5106 76 22 hereby

2413 5138 63 22 called
2486 5140 22 18 to
2517 5145 12 13 a
2538 5143 44 14 new
2591 5134 158 23 advertisement
2760 5134 25 26 by
2796 5134 72 20 Messrs
2875 5134 70 21 Nimm
2955 5134 4 26 •

2412 5166 39 21 and
2463 5165 63 27 Blair,
2537 5164 36 21 the
2589 5163 45 21 well
2651 5162 74 21 known
2736 5161 46 20 seed
2804 5161 121 26 merchants,
2937 5161 21 18 <>f

2413 5193 104 27 Dunedin,
2527 5191 66 22 which
2602 5197 85 21 appears
2696 5190 20 21 in
2726 5189 85 21 another
2820 5189 88 22 column.
2937 5189 21 21 Io

2414 5223 40 20 will
2465 5228 61 20 repay
2535 5219 80 28 perusal
2622 5219 26 26 by
2657 5218 84 21 farmers
2750 5217 41 21 and
2800 5218 70 19 others
2880 5217 65 27 requir-

2413 5251 34 23 ing
2468 5249 65 26 seeds,
2557 5253 100 19 manures,
2685 5248 48 23 etc.,
2752 5244 21 21 of
2787 5251 60 19 every
2870 5245 50 20 kind
2942 5245 22 20 at

2413 5277 73 21 lowest
2491 5277 62 20 rates.

2440 5315 44 21 One
2503 5315 21 20 of
2541 5314 35 21 the
2598 5313 60 21 finest
2673 5311 91 21 business
2788 5310 114 26 catalogues
2918 5310 48 21 that

2414 5343 37 21 has
2461 5342 91 22 hitherto
2560 5341 51 21 been
2616 5339 68 22 issued
2690 5339 20 21 in
2717 5339 35 20 the
2759 5338 79 26 colony,
2846 5338 69 21 consid
2922 5346 11 12 ;i
2939 5345 11 14 e
2957 5338 5 19 1

2415 5378 21 12 as
2442 5378 11 13 a
2460 5371 100 26 specimen
2568 5369 22 20 of
2595 5368 37 22 the
2638 5367 90 27 printing
2733 5369 40 23 art,
2783 5366 16 21 is
2809 5366 45 21 that
2861 5366 21 21 of
2892 5366 74 21 Messrs

2414 5398 85 21 Nimmo
2508 5397 40 21 and
2562 5396 61 26 Blair,
2632 5395 65 20 which
2708 5394 35 20 has
2753 5394 43 26 juit
2803 5400 56 14 come
2869 5395 24 18 to
2900 5393 61 21 hand.

2414 5425 44 21 The
2475 5426 45 20 fiim
2533 5425 36 20 has
2585 5424 75 24 always
2677 5421 63 21 taken
2757 5428 12 13 a
2784 5421 81 21 leading
2878 5421 86 25 position

2415 5454 93 23 amongst
2529 5450 85 22 colonial
2632 5449 47 21 seed
2698 5448 115 21 meichants
2823 5448 40 20 and
2881 5454 85 14 nursery

2416 5485 53 20 miri,
2479 5479 39 21 and
2529 5481 21 19 to
2559 5479 26 21 do
2593 5477 74 28 justice
2685 5478 22 19 to
2722 5475 54 21 their
2786 5479 104 17 extensive
2905 5474 57 21 stock

2416 5514 12 12 a
2444 5512 47 20 very
2518 5506 65 27 bulky
2607 5504 105 26 catalogue
2729 5503 75 21 indeed
2821 5510 41 12 was
2879 5502 85 21 needed.

2417 5533 77 21 Herein
2512 5533 102 26 however,
2627 5532 27 21 all
2663 5531 95 21 varieties
2775 5531 22 20 of
2806 5537 14 13 s<
2828 5529 40 21 eds.
2886 5529 75 26 plants,

2417 5562 53 19 trees
2479 5567 23 14 or
2510 5561 109 26 requisites
2627 5566 104 19 necessary
2748 5558 32 21 for
2789 5558 36 20 the
2839 5556 125 27 postoralist,

2417 5587 82 26 farmer,
2510 5588 136 26 fruitgrower,
2652 5587 72 24 florist,
2734 5592 23 14 or
2766 5588 93 18 amateur
2867 5584 97 26 gardener

2416 5621 34 14 aie
2468 5614 59 27 given
2536 5614 51 22 with
2596 5614 36 22 the
2651 5613 70 22 fullest
2733 5613 71 26 detail,
2814 5611 40 22 and
2878 5617 83 22 persons

2416 5642 104 25 requiring
2534 5643 51 21 such
2669 5641 67 22 would
2752 5641 27 21 do
2788 5640 45 21 well
2844 5642 21 18 to
2875 5639 56 20 write
2941 5641 21 17 to

2416 5669 76 20 Mesnrs
2509 5669 84 20 Nimmo
2607 5670 41 19 and
2668 5669 56 20 Blair
2734 5668 32 20 for
2780 5668 54 19 their
2847 5666 112 23 catalogue.

2417 5696 22 19 It
2454 5696 16 19 is
2482 5696 124 26 beautifully
2616 5696 89 26 printed,
2712 5694 123 23 illustrated,
2845 5692 40 21 and
2895 5691 67 21 bound

2416 5723 20 20 in
2451 5729 10 14 a
2471 5729 84 15 manner
2571 5723 68 21 wlitch
2648 5723 79 21 reflects
2740 5725 57 23 great
2811 5721 64 20 credit
2886 5726 26 14 on
2927 5718 35 22 the

2416 5751 44 21 firm
2468 5751 123 26 rtsponsible
2596 5751 32 22 for
2634 5750 36 23 the
2676 5748 158 27 workmanship.

3003 136 44 21 The
3057 133 142 23 Government
3205 133 17 21 is
3228 130 83 22 advised
3320 129 48 21 that
3375 128 47 21 Earl
3432 126 102 23 Ranfnrly

2979 163 17 21 is
3005 163 40 20 due
3052 164 22 18 at
3083 161 82 27 Sydney
3172 167 26 13 on
3208 159 35 20 the
3253 157 49 21 30th
3312 157 58 25 inst.,
3379 156 19 19 in
3409 154 66 21 which
3491 160 44 13 case

2979 191 19 20 it
3015 189 41 22 will
3064 189 26 21 be
3099 196 12 14 a
3121 188 55 22 week
3186 187 54 21 later
3253 183 72 23 before
3333 183 27 21 he
3377 181 82 23 reaches
3478 180 43 21 Wel-

2981 218 88 24 lington.

3007 269 48 21 The
3064 267 58 21 Good
3137 266 39 22 Die
3186 263 187 28 Young.—Unlike
3382 263 54 20 most
3448 260 88 32 popular

2983 296 88 26 sayings,
3097 295 42 19 this
3165 293 37 21 has
3228 298 50 18 very
3304 291 55 20 little
3385 289 59 20 truth
3479 289 21 20 in
3510 288 6 20 i
3520 293 6 11 f
3530 304 5 5 .

2985 322 124 27 Experience
3119 327 61 19 every
3190 319 40 26 day
3245 325 73 18 proves
3328 317 46 21 that
3384 323 56 14 some
3456 317 22 20 at
3487 315 51 22 least,

2984 351 21 20 of
3024 349 35 21 the
3078 349 50 25 good
3152 354 34 15 are
3204 346 73 28 spared
3295 347 23 19 to
3335 345 61 21 make
3417 343 36 22 the
3476 343 61 21 world

2984 377 93 23 brighter
3082 377 41 20 and
3133 377 75 24 better,
3219 374 38 21 and
3268 380 56 14 more
3333 373 120 26 p!ea>antto
3461 371 41 21 live
3508 371 30 21 in.

2985 406 25 20 In
3020 405 51 25 fact,
3081 410 37 13 our
3128 403 120 25 experience
3257 402 17 20 is
3284 401 46 19 that
3339 400 51 25 good
3409 398 80 27 people,
3499 398 40 20 and

2984 432 52 27 good
3064 430 69 26 things
3152 429 110 26 cenerally,
3282 428 41 21 live
3339 429 36 19 the
3388 427 85 23 longest.
3500 425 41 21 F>r

2986 458 102 28 example,
3094 457 93 22 consider
3202 455 37 22 the
3245 454 111 23 thousands
3361 455 22 21 of
3388 453 81 22 articles
3476 451 63 23 which

2986 488 52 21 have
3062 486 50 23 been
3133 484 74 28 widely
3229 483 115 22 advertised
3368 483 40 21 and
3431 488 34 14 are
3494 487 47 15 now

2987 516 30 21 for
3020 517 32 21 got
3055 517 44 23 ton,
3126 513 67 25 Why?
3219 513 88 21 Because
3333 510 51 27 they
3408 517 53 14 wtr«
3492 508 47 22 had.

2986 544 31 20 On
3034 542 37 21 the
3081 542 60 21 other
3149 540 63 26 hand,
3231 547 29 13 we
3278 540 52 19 have
3342 538 124 26 Holloway's
3487 536 50 21 Pil's

2986 570 39 21 and
3041 570 118 25 Ointment,
3175 567 67 22 which
3260 567 53 21 hav«
3325 566 76 23 proved
3410 566 35 19 the
3455 563 86 22 faithful

2986 597 64 22 friend
3059 597 21 21 of
3090 604 49 17 poor
3146 596 109 26 humanity
3264 595 31 20 for
3305 594 47 26 fif'y
3361 600 58 19 years
3426 592 39 21 and
3476 598 62 14 more.

2987 625 64 27 Why?
3076 625 89 21 Because
3175 624 49 26 they
3232 630 34 14 are
3275 622 59 25 uood.
3361 621 28 21 Of
3396 628 12 14 a
3415 620 68 26 truth,
3494 619 45 21 that

2987 653 65 21 which
3070 653 17 21 is
3106 651 51 28 good
3175 651 49 21 does
3245 652 37 20 not
3292 650 40 26 die,
3354 649 39 21 but
3401 648 51 21 lives
3471 647 32 22 for
3513 646 28 21 all

2986 681 58 21 time.

3012 732 29 22 At
3051 731 36 21 the
3097 730 68 22 Police
3180 730 73 25 Court,
3267 728 122 25 Alexandra,
3407 734 26 15 on
3452 726 87 22 Mondav

2987 760 46 26 last,
3057 759 70 21 before
3154 758 73 20 Mes«rs
3244 757 23 22 J.
3285 756 116 22 Simmonds
3415 755 40 22 and
3474 755 26 22 R.
3519 754 21 22 S.

2987 788 100 23 Gilkison,
3098 787 39 21 J.'s
3147 786 33 26 P.,
3189 785 71 21 James
3269 785 86 21 Stevens
3365 791 39 13 was
3414 783 93 26 charged,
3514 789 26 14 on

2987 817 36 20 the
3055 814 131 21 information
3224 813 21 19 of
3280 812 94 21 Malcolm
3409 810 128 22 Macdonald.

2988 844 46 20 that
3043 843 26 21 he
3076 841 35 22 did
3121 848 26 14 on
3153 848 22 14 or
3185 841 63 20 about
3258 840 35 21 9th
3302 839 104 26 February
3412 839 7 21 1
3426 841 26 18 ist
3459 839 82 21 convert

2988 874 21 19 to
3019 871 31 21 his
3060 877 45 14 own
3113 876 34 15 use
3158 876 38 14 one
3204 868 106 25 gladstone
3324 867 39 26 bag
3379 867 40 21 and
3438 867 101 24 contents,

2988 898 104 25 including
3101 904 12 14 a
3132 897 87 21 number
3233 896 22 21 of
3267 895 52 26 legal
3335 895 128 23 documents,
3481 894 60 21 value

2988 933 48 15 over
3046 926 35 26 £5,
3100 925 36 20 the
3147 926 97 25 property
3260 923 21 21 of
3296 923 119 21 informant.
3444 923 97 26 Sergeant

2989 956 76 26 Dwyer
3087 952 101 27 appeared
3212 952 31 20 for
3267 951 36 21 the
3323 951 70 27 police.
3422 951 60 21 From
3506 950 36 20 the

2989 982 95 21 evidence
3093 981 21 20 of
3128 980 17 19 M
3151 978 3 26 •
3161 987 40 12 ssrs
3209 979 126 21 Macdonald.
3351 978 20 21 J.
3389 978 110 26 Staunton,
3517 978 23 21 P.

2989 1011 82 24 Young,
3088 1010 26 20 A.
3132 1006 120 28 M'Donald,
3277 1006 109 22 Constable
3408 1005 73 22 Fouhv
3502 1005 39 20 and

2989 1038 98 26 Sergeant
3095 1034 118 28 Fleming,it
3219 1034 99 28 appeared
3325 1034 46 21 that
3379 1034 31 20 Mr
3419 1032 120 23 Macdonald

2989 1066 39 20 left
3038 1063 113 26 Roxburgh
3162 1063 26 25 by
3203 1063 60 20 coach
3275 1062 32 21 for
3317 1062 117 21 Alexandra
3443 1064 21 17 at
3473 1062 12 20 4
3492 1068 11 14 a
3513 1067 28 14 m.

2990 1100 25 14 on
3027 1092 37 22 9th
3075 1092 111 25 February,
3197 1090 39 20 and
3243 1090 47 20 that
3299 1089 31 21 his
3339 1088 40 27 bag
3388 1096 40 13 was
3437 1088 70 28 placed
3515 1095 26 14 on

2990 1121 36 20 the
3044 1119 60 21 coach
3128 1118 70 21 before
3222 1117 87 26 leaving.
3337 1118 30 19 At
3382 1116 120 21 Alexandra
3516 1116 26 20 he

2991 1147 72 23 missed
3073 1147 37 21 the
3117 1145 46 25 bag,
3172 1144 39 22 and
3230 1144 46 21 that,
3290 1151 54 14 same
3358 1144 85 22 evening
3459 1144 83 21 accused

2990 1175 75 25 caught
3074 1182 28 19 up
3111 1175 22 20 to
3139 1173 101 22 Staunton
3249 1172 122 26 (waggoner)
3382 1180 18 14 n«
3407 1179 22 14 ar
3437 1170 105 22 Bu'cher's

2991 1203 62 28 Gully
3065 1203 48 22 with
3123 1210 11 14 a
3144 1202 55 25 large
3208 1208 60 17 swag,
3288 1201 39 21 and
3342 1200 39 22 left
3398 1200 42 22 him
3455 1203 22 19 at
3491 1200 52 21 Raes

2989 1232 99 20 Junction
3106 1232 51 19 next
3170 1230 56 25 day*
3245 1229 32 21 On
3297 1229 36 20 the
3356 1229 63 19 latter
3441 1229 40 24 day
3507 1228 36 20 the

2991 1260 82 19 witness
3087 1258 76 22 Young
3179 1256 79 25 bought
3272 1262 11 13 a
3305 1255 46 21 hair
3368 1255 79 26 clipper
3466 1254 76 25 (which

2989 1285 42 22 had
3046 1285 51 21 been
3113 1284 19 22 in
3148 1283 36 21 the
3200 1283 83 26 missing
3297 1282 45 27 bag)
3357 1281 53 22 from
3425 1281 85 22 accused
3522 1284 22 18 at

2991 1314 46 20 Moa
3059 1312 48 21 Flat
3130 1311 66 21 which
3218 1311 26 20 he
3268 1309 121 22 afterwards
3413 1309 81 21 handed
3521 1311 21 18 to

2991 1340 108 23 Constable
3110 1335 80 30 Fouhy.
3219 1337 21 21 It
3247 1337 100 27 appeared
3358 1337 46 21 tint
3410 1337 85 21 accused
3503 1335 40 22 had

2991 1369 50 24 kept,
3046 1372 37 17 out
3093 1368 23 20 of
3121 1367 35 20 the
3164 1373 43 20 way
3216 1366 62 21 since,
3288 1365 38 21 but
3333 1372 39 14 was
3384 1365 63 24 lately
3453 1364 91 22 arrested

2991 1400 21 16 at
3022 1396 62 25 Gore,
3094 1394 39 21 and
3144 1401 10 13 a
3164 1394 87 20 number
3262 1393 22 20 of
3288 1393 82 20 articles
3380 1399 52 14 were
3447 1392 64 21 found
3521 1393 21 20 in

2991 1424 31 21 his
3032 1430 61 20 swag,
3101 1424 53 19 most
3163 1420 22 22 of
3195 1420 65 21 which
3271 1420 33 21 Mr
3311 1420 118 21 Macdonald
3436 1420 104 21 identified

2990 1459 23 13 as
3022 1451 75 25 having
3113 1450 49 20 been
3172 1450 22 20 in
3209 1448 32 21 his
3253 1448 82 25 missing
3351 1448 45 26 bas,
3413 1455 21 13 as
3450 1448 42 20 also
3507 1448 37 20 the

2992 1480 43 20 hair
3041 1478 85 26 clipper.
3153 1476 43 21 The
3201 1475 92 27 accused,
3305 1475 42 20 *ho
3355 1476 91 20 declined
3455 1477 22 18 to
3485 1475 58 21 make

2991 1513 38 19 any
3039 1506 117 22 statement,
3169 1511 39 12 was
3222 1503 120 21 committed
3356 1503 32 20 for
3403 1503 47 20 trial
3467 1506 22 17 at
3503 1503 38 20 the

2990 1535 100 26 Supreme
3098 1533 70 23 Court,
3180 1532 105 24 Dunedin,
3295 1537 25 14 on
3329 1530 35 21 the
3372 1530 50 21 30th
3433 1530 88 26 August.

3018 1585 28 20 At
3059 1583 36 20 the
3104 1581 108 21 Warden's
3230 1581 73 25 Court,
3313 1580 102 25 Waikala,
3429 1580 39 20 last
3485 1580 57 20 week

2992 1610 89 21 Warden
3116 1608 98 21 Hawkins
3241 1608 56 20 dealt
3323 1607 49 20 with
3401 1608 37 19 the
3471 1607 60 20 under-

2992 1637 117 23 mentioned
3119 1636 91 21 business
3249 1635 43 21 The
3313 1634 104 25 following
3427 1633 117 27 unopposed

2991 1665 134 27 applications
3153 1670 51 13 were
3228 1662 85 24 grant-d
3328 1663 91 24 -George
3448 1661 93 26 Vernon,

2992 1691 102 23 extended
3110 1690 60 22 c'aim
3186 1689 22 22 of
3217 1696 38 15 one
3264 1696 45 15 acre
3325 1691 22 19 at
3358 1690 71 25 Upper
3437 1688 91 22 Waikaia
3539 1695 5 19 ;

2994 1721 26 21 A.
3038 1718 137 26 Macdonnell,
3194 1717 100 22 extended
3315 1717 59 21 claim
3391 1716 21 21 of
3422 1723 38 14 one
3469 1723 45 14 acre
3524 1721 18 16 a*

2993 1747 71 21 Weir's
3074 1747 57 25 point
3151 1745 70 27 Upper
3231 1744 94 22 Waikaia
3335 1752 5 19 ;
3351 1744 82 21 Samual
3452 1744 92 26 Vernon,

2992 1775 101 21 extended
3109 1774 59 20 claim
3178 1773 22 20 of
3209 1780 37 13 one
3263 1780 45 13 acre
3318 1779 21 13 a'.
3350 1772 72 26 Upper
3439 1772 99 21 Waikaia.

2992 1804 67 20 Laura
3076 1801 85 22 Vernon
3175 1800 40 21 and
3227 1800 79 27 George
3324 1800 92 25 Vernon,
3433 1800 112 26 protection

2993 1831 31 20 for
3047 1830 31 20 six
3097 1828 82 22 months
3198 1828 32 20 for
3245 1827 102 21 extended
3365 1827 59 20 c'aim
3438 1829 22 18 at
3475 1827 71 25 Upper

2994 1856 98 21 Waikaia.
3122 1857 25 19 A.
3173 1854 132 21 Macdoneli's
3332 1854 124 26 application
3473 1854 40 19 .for
3535 1859 12 13 a

2996 1889 60 17 water
3073 1889 44 15 race
3135 1883 22 20 at
3172 1882 73 27 Upper
3266 1881 92 22 Waikaia
3379 1887 40 14 was
3434 1880 113 27 adjourned

2994 1916 21 18 to
3030 1912 59 21 allow
3106 1912 41 20 him
3158 1913 22 18 to
3197 1910 58 21 mark
3266 1911 29 20 off
3304 1909 40 21 and
3356 1912 38 23 put
3417 1916 29 18 up
3467 1916 13 17 p
3482 1917 10 7 u
3493 1916 22 19 gs
3527 1914 22 15 at

2993 1941 38 19 2<)o
3039 1939 61 24 yards
3107 1945 25 13 ou
3143 1938 36 20 the
3187 1936 42 22 line
3239 1937 21 20 of
3269 1937 35 21 the
3315 1936 4 27 >
3325 1944 40 12 ace.
3395 1936 24 23 E.
3430 1937 23 19 J.
3466 1936 81 20 Vernon

2993 1972 22 16 V.
3026 1966 24 22 P.
3061 1965 90 22 Riordau
3161 1964 41 21 and
3212 1964 70 20 others
3290 1964 70 20 -Ctse
3369 1963 32 20 for
3417 1963 132 20 cancellation

2993 1994 22 21 of
3041 2001 12 14 a
3072 1995 62 19 water
3153 1999 44 15 race
3223 1993 22 19 at
3276 1991 83 22 Whitec
3367 1991 59 21 >mbe.
3455 1991 33 20 Mr
3517 1989 32 22 W.

2996 2022 117 22 Henderson
3132 2020 33 21 for
3182 2020 146 27 complainant,
3351 2019 45 21 who
3410 2018 79 27 a'leg'd
3504 2018 47 21 that

2992 2051 37 20 the
3040 2057 45 13 race
3093 2056 39 13 was
3142 2048 106 25 originally
3259 2047 85 27 granted
3353 2048 20 19 in
3385 2047 58 24 18S8,
3454 2046 40 20 and
3502 2046 48 25 only

2993 2076 82 21 worked
3097 2076 32 21 for
3142 2076 63 19 about
3226 2075 25 20 18
3271 2074 84 21 months
3370 2074 28 25 by
3417 2073 131 25 defendants,

2993 2111 12 15 o
3013 2111 18 14 ie
3040 2103 22 22 of
3072 2103 67 20 whom
3149 2108 40 14 was
3198 2101 52 22 dead
3259 2102 41 20 and
3311 2101 87 21 another
3410 2100 42 21 had
3462 2100 38 20 left
3516 2099 36 21 the

2992 2132 81 22 coloov.
3099 2130 66 22 There
3176 2136 40 14 was
3226 2136 25 14 no
3263 2131 62 18 water
3335 2129 22 21 iu
3368 2128 36 21 the
3417 2135 52 19 race,
3484 2127 68 22 which

2994 2168 40 13 was
3052 2160 76 20 broken
3151 2158 68 21 down.
3246 2157 119 22 Defendant
3385 2155 111 26 (Riordan;
3508 2156 44 19 said

2993 2189 46 19 that
3049 2188 36 20 the
3095 2190 63 17 water
3170 2186 38 20 had
3216 2186 51 20 been
3277 2185 48 21 used
3337 2184 71 25 lately,
3422 2184 65 24 thoug
3496 2184 4 25 i
3516 2185 37 19 not

2992 2215 20 21 in
3024 2215 35 21 the
3069 2221 55 14 same
3134 2214 41 21 line
3184 2213 22 20 of
3215 2220 11 14 r
3231 2220 36 18 »ce,
3276 2212 41 21 and
3327 2212 46 21 that
3384 2212 20 21 iu
3417 2211 49 21 1891
3483 2210 16 21 it
3513 2217 40 14 wis

2992 2243 30 21 let
3048 2244 23 18 to
3096 2248 39 14 one
3153 2242 59 20 Crow
3226 2240 32 21 for
3283 2242 42 18 two
3354 2245 58 16 vears
3452 2238 32 21 He
3513 2238 39 21 had

2992 2269 82 27 applied
3084 2276 49 13 once
3143 2271 22 17 to
3171 2271 34 23 get
3215 2268 17 20 it
3241 2266 108 22 cancelled,
3360 2266 38 21 but
3411 2272 39 15 was
3461 2265 92 25 refused,

2992 2298 41 20 and
3052 2295 129 28 registration
3196 2295 39 21 had
3254 2297 37 19 not
3309 2294 51 21 been
3380 2293 97 22 renewed
3498 2294 55 19 since

2996 2326 10 21 L
3006 2326 42 21 893.
3077 2324 140 22 Cancellation
3226 2322 92 28 granted,
3332 2322 115 21 informmt
3458 2320 95 22 declared

2992 2355 46 19 first
3052 2353 111 26 applicant,
3182 2351 40 21 and
3241 2351 123 21 deferid<nts
3383 2352 23 18 to
3426 2356 39 19 piy
3478 2349 30 21 423
3521 2349 32 21 17s

2992 2384 60 19 costs.
3080 2381 17 21 E
3121 2379 15 22 J
3147 2379 100 21 Vernon's
3265 2377 124 28 applicition
3403 2377 31 21 for
3450 2377 37 21 the
3497 2383 56 14 same

2994 2410 62 19 wnter
3066 2415 40 13 was
3116 2407 93 26 granted,
3222 2407 68 21 whilst
3300 2407 46 19 that
3356 2406 21 20 of
3394 2405 25 21 R.
3431 2405 17 21 T
3464 2405 89 21 Stewart

2994 2443 40 13 was
3045 2435 90 21 refused.

3099 2530 142 43 Serious
3272 2529 176 43 Accident.

3045 2638 49 30 AT
3114 2638 78 29 THE
3213 2636 169 30 MILLERS
3410 2635 96 29 FLAT

3198 2689 156 30 BKIDuE.

2998 2771 22 29 A
3042 2768 88 32 MAN
3145 2767 121 31 FALLS
3281 2768 35 29 25
3331 2765 98 31 FEET
3448 2766 105 29 FROM

3083 2819 80 30 THE
3187 2816 278 32 SCAFFOLDING.

3031 2899 27 29 A
3083 2897 104 30 serious
3218 2895 126 30 accident
3369 2894 116 31 occured
3524 2897 29 26 at

2996 2940 104 28 Millers
3126 2938 63 29 Flat
3214 2942 29 24 at
3268 2937 86 28 about
3381 2938 16 27 5
3422 2947 67 30 pm.
3513 2947 36 16 on

2998 2979 120 36 Monday
3142 2977 131 35 eveuing.
3314 2978 26 27 A
3368 2986 96 28 young
3490 2986 61 18 man

2996 3019 97 29 named
3107 3017 104 39 Jeseph
3233 3017 114 38 Crecey,
3358 3015 153 40 belonging
3525 3020 28 24 to

2995 3059 154 38 Lyttelton,
3175 3069 56 18 was
3257 3057 128 38 engaged
3418 3057 66 28 with
3510 3056 42 29 his

2996 3104 81 31 mate,
3090 3098 99 32 Alfred
3207 3097 187 35 Westeombe,
3415 3101 122 24 crosscut-

2995 3141 61 38 ting
3069 3151 16 17 a
3097 3140 48 37 log
3158 3150 36 18 on
3209 3143 48 34 top
3274 3138 30 29 of
3315 3139 47 28 the
3376 3137 175 37 scaffolding.

2996 3180 132 39 Through
3148 3182 81 26 some'
3245 3179 187 38 unexplained
3455 3188 98 18 reason

2995 3221 102 38 Crecey
3111 3219 127 39 dropped
3259 3219 74 28 from
3347 3219 47 28 the
3415 3217 85 39 plank
3515 3228 36 17 on

2994 3262 89 28 which
3112 3262 35 27 he
3177 3271 54 17 was
3260 3259 134 39 standing
3434 3263 28 24 to
3503 3259 50 28 the

2994 3301 118 40 ground,
3141 3312 31 19 or
3205 3300 93 30 rather
3323 3300 59 29 into
3411 3299 48 30 the
3479 3299 75 29 river

2996 3344 87 32 (there
3105 3352 55 17 wa3
3182 3341 85 28 about
3291 3351 16 17 a
3332 3341 59 27 foot
3420 3341 29 27 of
3471 3344 83 23 water

2995 3382 88 28 where
3098 3381 35 28 he
3147 3381 69 35 fell),
3227 3391 16 17 a
3267 3379 125 29 distance
3417 3380 29 28 of
3468 3379 86 28 about

2994 3424 34 28 25
3042 3422 65 29 feet.
3148 3421 93 29 When
3255 3421 102 38 picked
3378 3431 37 28 up
3440 3420 35 29 he
3499 3431 54 17 was

2994 3462 190 36 unconscious,
3212 3462 55 28 and
3291 3461 143 29 remained
3457 3471 30 19 so
3511 3461 43 28 for

2993 3515 75 18 some
3093 3503 75 29 time.
3211 3502 44 28 He
3281 3512 54 18 was
3366 3508 28 23 at
3420 3512 69 18 once
3512 3511 28 19 re-

2996 3544 95 30 moved
3106 3551 28 21 to
3149 3543 45 29 Mr
3207 3542 74 30 Win.
3296 3542 145 30 Crossan's
3453 3542 85 29 board-

2994 3586 49 38 ing
3063 3586 93 33 house,
3178 3584 55 28 and
3260 3594 34 17 on
3319 3582 187 30 examination
3533 3583 21 28 it

2996 3636 52 18 was
3064 3625 85 29 found
3165 3624 32 28 he
3213 3623 52 29 had
3281 3623 127 29 received
3422 3635 16 16 a
3459 3633 94 19 severe

2996 3667 97 29 wound
3124 3677 35 19 on
3187 3666 45 28 the
3267 3665 69 29 heal
3372 3666 85 28 about
3489 3664 64 30 nine

2993 3709 95 26 inches
3112 3707 67 36 long
3213 3706 56 28 and
3295 3707 29 26 of
3350 3711 81 30 great
3457 3705 97 33 width,

2994 3747 104 30 several
3122 3747 95 29 inches
3239 3745 30 29 of
3298 3746 46 28 the
3371 3745 72 29 skull
3469 3744 85 39 being

2994 3787 131 39 exposed.
3165 3786 27 29 It
3216 3787 23 27 is
3262 3786 131 37 thought,
3417 3786 136 34 however,

2996 3829 59 28 that
3083 3829 45 27 the
3162 3827 71 29 skull
3265 3826 22 28 is
3323 3833 46 21 not
3403 3826 150 33 fractured,

2994 3870 134 37 although
3144 3868 45 29 the
3203 3878 96 28 young
3322 3867 88 29 fellow
3426 3867 46 28 lies
3497 3867 25 28 in
3539 3878 15 17 a

2996 3920 64 27 very
3072 3910 155 38 precarious
3239 3915 82 22 state.
3358 3907 193 38 Immediately

2994 3951 72 28 after
3078 3956 47 23 the
3134 3949 127 29 accident
3277 3948 112 29 medical
3402 3949 150 27 assistance

2996 4001 54 19 was
3064 3989 163 30 summoned
3238 3989 69 29 from
3318 3988 165 40 Roxburgh,
3497 3988 54 28 and

2995 4034 46 26 the
3054 4032 95 28 doctor
3163 4033 48 26 has
3227 4032 68 27 been
3311 4030 27 27 in
3352 4032 73 26 close
3439 4030 95 27 attend-

2993 4082 67 17 ance
3073 4071 85 28 since.

3031 4111 29 28 It
3091 4112 23 28 is
3146 4110 60 29 said
3238 4111 59 28 that
3332 4110 78 27 when
3453 4108 100 40 falling

2994 4151 103 39 Crecey
3113 4162 53 18 was
3175 4158 28 23 at
3218 4151 59 29 first
3288 4151 88 39 going
3391 4151 55 28 feet
3458 4150 76 29 down-

2995 4193 96 33 wards,
3107 4193 51 26 but
3172 4193 33 26 he
3218 4195 95 24 struck
3332 4202 15 15 a
3363 4194 83 24 brace
3464 4190 87 27 which

2992 4232 104 28 altered
3112 4231 41 28 his
3167 4241 104 25 course,
3285 4241 16 17 a
3314 4230 26 28 id
3365 4231 33 27 he
3424 4239 76 19 came
3525 4235 28 22 to

2993 4272 46 27 the
3053 4271 109 38 ground
3178 4271 67 28 head
3260 4272 68 26 lirsr.

3050 4364 182 39 Lawrence
3261 4364 99 39 News
3389 4362 113 40 Notes.

3129 4464 62 25 (Own
3205 4463 208 24 Correspondent.)

3030 4499 58 27 The
3102 4499 121 28 weather
3236 4499 64 26 here
3314 4499 55 26 still
3386 4498 84 35 keeps
3483 4506 64 24 very

2993 4537 60 38 dry,
3075 4537 197 39 consequently
3297 4536 166 37 interfering
3485 4536 62 27 with

2994 4581 45 24 the
3055 4577 105 35 mining
3177 4577 127 35 industry
3320 4583 26 20 to
3361 4586 15 16 a
3391 4586 64 26 very
3469 4580 78 30 great

2994 4621 104 23 extent.
3138 4616 58 27 The
3216 4615 82 27 Local
3321 4615 134 36 Industry
3480 4616 67 25 have

2996 4657 68 28 been
3079 4656 65 29 shut
3156 4654 81 30 down
3250 4655 45 29 for
3307 4666 75 18 some
3397 4654 65 29 time
3477 4664 69 25 now,

2996 4699 113 37 waiting
3128 4709 16 16 a
3166 4697 108 37 change
3294 4697 27 27 in
3346 4697 46 27 the
3420 4696 127 33 weather,

2996 4738 89 29 which
3098 4737 56 29 still
3167 4746 116 30 appears
3296 4748 15 16 a
3332 4736 66 39 long
3422 4746 57 28 way
3502 4736 45 34 off,

2996 4786 28 23 to
3037 4780 122 29 increase
3172 4779 71 28 their
3258 4784 83 23 water
3354 4778 110 38 supply.

3032 4821 58 26 The
3105 4819 105 37 mining
3225 4821 79 26 boom
3319 4829 87 17 seems
3432 4826 27 20 to
3481 4818 66 27 have

2995 4859 116 30 reached
3125 4859 34 29 its
3181 4859 92 30 zjuitli
3292 4859 80 28 down
3398 4859 71 35 here,
3493 4858 54 29 and

2994 4903 99 26 almost
3125 4911 82 27 every
3245 4900 71 28 avail
3325 4899 53 28 tbla
3416 4910 62 17 acre
3517 4900 29 27 of

2995 4942 152 27 auriferous
3161 4941 108 36 grouud
3285 4941 21 26 is
3321 4940 82 27 taken
3418 4949 44 27 rip.

3033 4982 95 37 Laffey
3161 4983 54 26 and
3257 4988 78 31 party
3370 4981 68 27 have
3479 4980 68 27 been

2997 5021 152 30 succesaful
3166 5021 28 28 in
3209 5021 114 37 floating
3336 5032 16 16 a
3372 5030 133 28 company
3520 5026 27 21 to

2998 5069 48 32 put
3058 5073 15 17 a
3086 5061 105 38 dredge
3217 5073 35 17 on
3274 5063 45 26 the
3342 5061 82 27 lower
3445 5061 53 26 end
3519 5061 28 26 of

2997 5103 131 38 Tuapeka
3142 5103 70 35 Flat,
3225 5102 54 28 and
3295 5102 46 27 the
3363 5107 141 31 prospects
3518 5101 28 26 of

2997 5145 46 26 the
3075 5153 135 28 company
3245 5152 74 18 seem
3354 5150 64 27 very
3454 5140 93 38 bright

2996 5183 109 33 indeed,
3118 5194 29 18 as
3162 5183 79 29 those
3255 5182 59 29 who
3335 5181 68 29 have
3417 5191 15 18 a
3452 5180 76 28 know-

2997 5225 80 37 ledge
3091 5226 28 26 of
3130 5225 47 28 the
3190 5224 107 37 ground
3312 5222 33 29 do
3360 5226 48 24 not
3431 5222 115 27 hesitate

2996 5266 28 27 in
3043 5265 189 38 pronouncing
3250 5264 22 27 it
3288 5274 16 16 a
3321 5261 143 29 first-class
3481 5272 49 17 ven-

2996 5312 70 22 ture.

3033 5346 113 35 Murray
3171 5344 53 28 and
3252 5351 77 30 party
3355 5353 45 17 are
3426 5341 121 38 pushing

2995 5386 88 29 ahead
3096 5386 67 28 with
3177 5386 47 27 the
3237 5383 162 29 re-erection
3425 5383 28 26 of
3476 5383 70 27 their

2996 5427 106 36 dredge
3115 5436 25 16 a,
3159 5426 47 26 the
3220 5433 85 28 upper
3319 5423 53 28 end
3386 5423 29 27 of
3428 5423 46 26 the
3488 5422 56 33 flat,

2998 5466 79 28 while
3109 5465 26 29 J.
3174 5464 154 28 Robertson
3365 5468 112 32 expects
3517 5468 29 21 to

2996 5507 69 27 have
3096 5505 43 28 his
3169 5510 135 32 pontoons
3335 5503 82 27 afloat
3446 5502 27 27 in
3499 5501 47 28 the

2996 5555 95 20 cour.-e
3105 5547 28 26 of
3145 5556 16 17 a
3174 5546 53 27 few
3245 5543 76 37 days,
3335 5555 30 16 so
3379 5543 59 28 that
3458 5541 26 28 in
3499 5541 46 28 the

2996 5596 81 29 space
3103 5586 28 27 of
3156 5595 17 16 a
3198 5593 63 28 very
3288 5583 77 28 short
3392 5583 66 27 time
3483 5581 63 28 fur

2995 5626 121 29 dredges
3128 5625 52 28 will
3193 5625 33 28 be
3238 5632 28 20 at
3275 5623 74 30 work
3362 5623 89 28 where
3461 5621 84 29 about

3065 5652 16 12 ©

2996 5667 99 28 twelve
3117 5665 108 29 months
3245 5674 52 27 ago
3321 5665 76 27 there
3420 5673 52 17 was
3497 5668 49 21 not

2991 5715 60 20 one.

3602 140 14 25 'J
3626 138 35 28 he
3674 138 169 37 speculators
3854 137 65 28 here
3930 146 71 18 seem
4010 139 29 25 to
4048 136 78 28 h:iw/

3567 180 80 36 great
3677 177 69 29 faith
3779 177 26 28 in
3840 177 47 29 the
3913 175 148 36 Magnetic,
4087 182 37 21 a*

3567 219 77 29 there
3657 229 70 19 were
3751 219 52 29 700
3827 218 93 28 shares
3942 216 107 40 applied
4078 216 42 28 for

3567 260 53 28 and
3631 260 65 35 only
3710 260 54 28 300
3774 265 28 23 to
3816 260 34 28 be
3859 258 69 29 sold.
3968 258 58 28 The
4036 257 86 38 lucky

3568 300 108 28 holders
3691 310 46 18 are
3752 309 60 19 now
3825 299 101 38 asking
3941 298 30 28 6s
3984 298 44 28 for
4038 297 82 33 what,

3567 352 30 17 as
3611 344 56 35 yet,
3681 340 49 29 lias
3744 343 59 26 cost
3817 340 28 28 3s
3859 340 45 28 Od.
3945 339 13 28 I
3971 339 70 38 hope
4050 338 78 28 their'

3569 387 71 23 most
3659 381 133 37 sanguine
3805 379 190 39 expectations
4019 378 53 28 will
4086 378 34 28 be

3570 420 125 30 fulfilled.

3713 514 126 50 Mining
3873 514 112 40 Notes.

3604 600 55 27 The
3669 600 133 35 dredging
3814 601 106 23 returns
3941 597 43 26 for
3995 597 46 26 the
4050 595 72 29 week

3570 639 99 27 endin'jf
3683 637 134 35 Saturday
3830 644 67 17 were
3918 644 29 17 as
3968 634 103 26 follows
4083 645 39 15 :

3570 676 101 26 Golden
3691 676 128 26 Treasure
3840 673 63 26 540z
3925 672 86 26 Bdwts
4037 672 84 31 12?rs,

3571 713 104 27 Ettrick
3701 712 80 35 21{oz
3803 711 53 29 (for
3876 710 61 26 four
3957 709 52 27 and
4031 718 16 17 a
4066 708 57 27 half

3570 751 89 36 days),
3676 749 144 29 Roxburgh
3833 749 46 26 soz
3892 747 50 35 (for
3953 747 76 27 three
4038 747 84 36 days),

3570 789 86 28 Otatro
3669 789 91 36 37foz.

3604 827 56 28 The
3673 827 101 26 Golden
3878 824 99 34 dredge
3998 832 54 17 was
4072 824 47 24 not

3569 865 121 36 working
3711 866 52 26 last
3788 863 80 32 week,
3894 862 80 35 being
3998 859 125 29 detained

3569 904 36 26 bv
3623 904 46 26 the
3682 905 72 24 want
3772 902 28 26 of
3820 911 16 17 a
3856 910 57 16 new
3932 899 74 27 shaft
4015 898 42 27 for
4077 898 39 27 the-

3570 941 92 27 winch.

3604 979 55 27 The
3672 979 100 26 Golden
3786 978 61 26 Run
3869 977 99 33 dredge
3980 975 54 26 will
4049 974 73 27 wash

3570 1026 36 26 up
3617 1017 129 35 probably
3759 1017 27 25 in
3800 1015 46 27 the
3858 1022 91 19 course
3962 1012 27 27 of
4001 1022 15 17 a
4029 1013 52 35 day
4094 1022 30 16 or

3571 1064 36 17 so.

3606 1092 43 26 Mr
3673 1092 142 35 Reynolds,
3843 1090 19 27 0
3873 1090 38 29 E.,
3937 1088 28 26 of
3989 1087 133 32 Dnnedin,

3572 1139 72 18 came
3655 1132 27 24 to
3699 1128 141 35 Hoxburgh
3855 1137 32 17 on
3901 1127 131 34 Saturday
4045 1134 63 18 even-

3571 1168 48 31 ing
3631 1170 27 24 to
3671 1169 89 33 report
3782 1175 29 18 as
3833 1169 28 23 to
3881 1165 47 27 the
3946 1163 130 36 possibity
4097 1163 28 27 of

3572 1206 143 35 procuring
3728 1204 146 28 additional
3884 1205 83 26 water
3976 1202 97 36 supply
4083 1201 42 27 for

3572 1243 45 25 the
3630 1243 103 25 Golden
3750 1243 57 24 Hun
3817 1241 119 33 Sluicing
3949 1239 86 27 Claim
4045 1250 5 20 ;
4070 1239 55 25 also

3572 1289 29 17 as
3622 1282 27 24 to
3671 1278 47 27 the
3742 1281 56 24 cost
3819 1278 28 26 of
3866 1276 96 33 taking
3982 1276 46 26 the
4052 1275 76 34 pipes

3573 1326 86 17 across
3670 1316 46 26 the
3728 1316 73 26 river
3808 1318 28 23 to
3845 1314 47 26 the
3900 1312 131 35 dredging
4039 1312 86 29 claim,

3573 1353 27 27 in
3631 1353 157 27 accordance
3819 1352 65 27 with
3914 1351 46 27 the
3983 1349 145 28 resolution

3572 1392 96 34 passed
3687 1393 28 24 at
3735 1390 47 27 the
3804 1389 201 34 extraordinary
4023 1387 105 28 general

3573 1429 115 28 meeting
3727 1429 27 25 of
3784 1427 192 31 shareholders,
4007 1425 64 28 held
4100 1424 28 27 in

3576 1466 123 27 Dunedin
3713 1475 71 17 some
3799 1464 82 28 weeks
3895 1474 54 23 ago.

3733 1556 126 41 Millers
3888 1555 79 42 Flat.

3650 1657 175 30 MEETING
3839 1658 48 28 OF
3902 1657 171 29 MINERS'"

3722 1710 268 30 ASSOCIATION.

3617 1801 24 26 A
3667 1798 122 37 meeting
3815 1798 29 27 of
3869 1797 46 29 the
3939 1797 103 30 Millers
4068 1796 67 29 Flab-
4136 1796 3 39 1
4139 1796 3 39 '

3579 1838 118 28 Miners'
3723 1838 173 27 Association
3923 1837 66 27 took
4002 1837 77 38 place
4102 1837 32 28 in

3582 1877 101 41 Kady's
3693 1877 64 30 Hall
3766 1888 35 19 on
3813 1876 137 40 Saturday
3960 1876 171 40 night,when

3579 1921 84 26 about
3695 1919 98 28 twelve
3824 1918 137 27 members
4000 1928 69 17 were
4100 1918 29 27 in

3579 1959 172 28 attendance.
3791 1958 34 27 In
3864 1957 47 28 the
3949 1957 185 28 unavoidable

3579 1999 118 29 absence
3712 1998 28 29 of
3754 1998 46 29 the
3819 1997 150 40 president,
3984 1997 46 30 Mr
4051 1997 29 30 C.
4103 1997 31 30 C.

3581 2040 129 34 Rawlins,
3740 2040 47 28 the
3822 2038 157 38 machinery
4017 2039 29 28 of
4085 2039 49 28 the

3580 2080 162 27 association
3755 2090 56 16 was
3827 2079 105 27 thrown
3947 2083 47 23 out
4008 2079 29 27 of
4055 2089 75 25 gear,

3580 2120 55 29 and
3655 2131 16 17 a
3691 2119 70 29 little
3785 2118 109 30 friction
3916 2118 65 30 took
4003 2119 77 39 place
4102 2119 32 28 in*

3582 2162 47 28 the
3654 2160 191 39 appointment,
3878 2159 28 30 of
3936 2170 17 18 a
3986 2159 148 30 chairman.

3582 2201 165 37 Ultimately
3775 2201 43 28 Mr
3845 2199 29 30 P.
3902 2200 31 29 C.
3967 2199 86 30 Grant
4078 2211 55 18 was

3582 2241 149 39 appoiuted
3744 2245 28 24 to
3793 2241 47 28 the
3860 2241 84 35 chair,
3968 2239 46 30 Mr

3584 2282 99 37 taking
3697 2281 47 28 the
3754 2281 208 38 secretaryship.

3621 2323 57 29 The
3693 2323 117 29 minutes
3823 2323 29 28 of
3868 2322 46 29 the
3935 2318 51 33 List
4008 2322 122 37 meeting

3586 2374 68 18 were
3667 2363 63 29 read
3744 2363 52 28 and
3807 2363 156 29 confirmed.

3622 2405 57 27 The
3707 2405 146 34 chairman,
3878 2404 27 27 in
3933 2404 42 28 his
4000 2403 145 36 remarks,,,

3586 2445 57 29 said
3659 2445 32 29 he
3705 2455 53 18 was
3772 2455 75 28 sorry
3861 2448 27 26 to
3902 2455 45 18 see
3967 2444 47 30 the
4031 2445 102 38 apathy

3588 2488 92 27 shown
3701 2486 35 38 by
3766 2485 46 29 the
3843 2485 100 29 miners
3973 2486 28 28 of
4027 2486 105 28 Millers

3592 2527 66 34 Plat,
3696 2525 173 40 particularly
3916 2526 46 28 the

3587 2568 109 35 miners,
3711 2567 115 29 towards
3840 2567 45 28 the
3907 2566 171 36 association,
4102 2567 26 27 in
4139 2581 10 15 r

3587 2609 89 27 whose
3686 2617 65 27 very
3761 2606 127 29 interests
3899 2607 46 27 the
3958 2606 175 29 confederate

3588 2648 130 29 branches
3738 2646 29 29 of
3789 2647 46 27 the
3864 2646 89 29 Union
3974 2656 53 18 was
4048 2646 68 28 main-

3586 2687 100 36 tained,
3697 2686 53 30 and
3764 2686 83 29 while
3856 2686 105 29 Millers
3972 2686 61 29 Flat
4044 2692 28 23 at
4086 2688 47 28 the

3589 2734 110 33 present
3730 2727 66 29 time
3831 2738 59 27 may
3930 2728 133 37 probably
4104 2728 34 28 bo

3587 2768 99 30 looked
3702 2778 71 29 upon
3788 2779 29 17 as
3831 2779 50 17 one
3895 2768 29 28 of
3937 2768 46 28 the
4005 2768 133 39 principal

3587 2810 108 37 mining
3709 2814 107 23 centres
3829 2809 26 27 in
3871 2810 68 26 .New
3951 2808 129 37 Zealand,
4089 2816 54 21 not;,

3587 2860 76 18 more
3676 2850 65 28 than
3756 2860 15 16 a
3794 2849 87 29 dozen
3900 2849 138 29 members
4056 2849 81 29 could

3586 2892 35 28 be
3636 2889 137 30 mustered
3785 2894 27 24 to
3826 2890 108 28 discuss
3946 2890 66 28 such
4035 2890 85 38 impor-

3587 2935 61 25 tant
3662 2930 139 40 questions
3812 2941 29 18 as
3852 2934 84 25 water
3946 2931 190 29 conservation

3585 2971 53 27 and
3653 2972 47 26 the
3714 2970 196 27 consolidation
3923 2970 54 26 and
3989 2970 131 36 simplify-

3584 3011 50 37 ing
3661 3010 29 28 of
3714 3009 47 27 the
3785 3008 122 36 existiug
3928 3008 128 28 intricate
4078 3007 55 29 and

3585 3049 266 39 incomprehensible
3860 3048 110 36 Mining
3984 3049 77 27 Acts.

3623 3091 34 29 In
3679 3099 107 19 answer
3813 3094 30 23 to
3869 3088 44 29 Mr
3939 3088 128 36 Borland,
4090 3088 64 30 the*--

3584 3131 139 30 chairman
3739 3129 57 29 said
3810 3129 61 29 that
3895 3128 80 30 while
3991 3128 23 29 it
4032 3139 55 19 was
4106 3133 29 25 to

3583 3173 36 27 be
3633 3170 140 40 regretted
3794 3170 61 28 that
3879 3169 46 28 Mr
3946 3169 116 28 Perham
4087 3169 44 27 did

3584 3216 49 24 not
3655 3212 65 28 visit
3739 3210 76 28 Lake
3835 3209 109 29 Onslow
3969 3209 164 38 personally,

3584 3253 21 28 it
3619 3263 55 18 was
3688 3251 92 29 unfair
3800 3250 43 29 for
3855 3250 48 29 the
3922 3249 160 30 association
4105 3254 29 26 to

3584 3296 138 27 comment
3735 3290 142 38 adversely
3897 3301 33 18 on
3956 3290 40 30 his
4019 3290 112 30 actions.

3584 3334 76 36 'J'hey
3675 3337 72 24 must
3766 3333 65 27 bear
3855 3332 28 27 iu
3904 3331 76 28 mind
4004 3332 60 27 that
4087 3331 45 28 Mr

3585 3374 116 28 Perham
3733 3371 54 28 had
3830 3374 29 24 to
3907 3381 37 27 go
3988 3380 65 18 over
4084 3371 49 27 the

3584 3413 87 29 whole
3684 3412 29 30 of
3727 3412 46 29 the
3787 3410 143 40 goldfields
3944 3409 29 31 of
3986 3410 69 29 New
4067 3412 50 27 Zea-

3584 3454 74 36 land,
3667 3454 53 28 and
3732 3454 68 26 have
3814 3453 40 27 his
3868 3456 92 34 report
3977 3451 151 38 completed

3585 3495 93 29 before
3690 3493 175 39 September,
3880 3503 29 18 so
3923 3502 28 18 as
3966 3495 27 25 to
4008 3492 33 28 be
4052 3492 82 37 ready

3584 3537 43 28 for
3642 3535 46 29 tbe
3711 3534 97 36 sitting
3833 3534 28 28 of
3887 3533 170 36 Parliament,
4078 3533 59 29 amlt

3585 3578 46 27 the
3646 3576 61 28 task
3732 3575 33 28 hi
3787 3574 53 28 had
3861 3584 34 18 on
3917 3574 72 28 hand
4012 3583 52 18 was
4086 3579 44 22 too

3584 3616 125 40 gigantic
3723 3616 43 27 for
3777 3615 45 27 the
3831 3616 64 26 time
3906 3612 113 30 allotted
4029 3618 28 24 to
4066 3613 66 34 him,
4142 3640 7 5 „

3584 3659 54 28 and
3654 3657 42 30 his
3709 3656 90 29 action
3822 3666 53 17 was
4013 3654 121 38 severely

3585 3698 135 29 criticised
3748 3697 36 35 by
3810 3697 45 26 the
3881 3696 88 27 Press.
4011 3696 43 26 He
4076 3695 61 35 (Mr
4147 3708 7 4 -

3584 3739 100 37 Grant)
3700 3737 44 28 did
3768 3742 48 22 not
3830 3735 80 28 think
3930 3735 21 28 it
3967 3746 52 18 was
4042 3736 52 27 fair
4104 3744 28 19 to

3584 3779 91 28 attack
3686 3788 16 17 a
3712 3777 91 39 public
3812 3776 122 28 officcrin
3944 3777 46 26 the
3999 3777 118 36 perform-

3583 3830 67 18 ance
3665 3819 27 28 of
3707 3818 40 27 his
3758 3817 79 37 duty,
3853 3817 89 27 whose
3955 3816 118 38 position
4085 3815 45 28 did

3584 3865 47 24 not
3652 3857 98 41 permit
3774 3857 55 29 him
3853 3861 27 24 to
3902 3856 100 29 defend
4025 3856 109 29 himself

3584 3900 120 37 through
3737 3899 46 28 the
3819 3898 87 29 Press.
3946 3897 44 28 lie
4015 3897 119 38 thought

3584 3943 20 27 it
3621 3941 88 28 would
3725 3940 68 27 have
3807 3939 67 28 been
3891 3948 71 18 more
3974 3937 116 40 prudent
4102 3947 27 18 so

3572 3979 1 31 !
3585 3983 67 27 have
3684 3979 129 29 withheld
3845 3979 113 28 adverse
3996 3983 136 25 comment

3585 4023 79 28 untill
3677 4023 46 26 the
3746 4025 97 24 results
3862 4020 28 29 of
3912 4020 41 29 his
3976 4020 63 28 visit
4063 4030 67 18 were

3585 4063 78 27 uiiide
3678 4061 99 28 known
3793 4068 27 19 to
3839 4060 46 27 the
3898 4059 102 38 public.

3621 4102 57 28 The
3693 4100 141 37 following
3844 4099 145 29 resolution
4004 4110 51 17 was
4070 4109 62 28 pro-

3584 4143 84 40 posed
3684 4143 34 38 by
3733 4142 46 28 Mr
3796 4141 108 38 YVaugh
3918 4140 54 29 and
3997 4139 136 31 seconded

3586 4187 34 33 by
3661 4184 44 26 Mr
3744 4184 110 34 Grogau
3870 4184 22 36 :

3584 4225 188 27 Government
3806 4223 32 26 be
3869 4220 208 29 recommended
4104 4226 27 22 to

3583 4263 114 38 appoint
3728 4261 115 29 another
3877 4259 117 30 Warden
4017 4261 44 28 for
4089 4261 44 26 the,
4147 4277 7 9 >

3572 4297 1 45 |
3582 4297 147 45 gt/ioiields
3738 4303 28 26 of
3777 4303 99 34 Otago,
3887 4311 29 16 as
3927 4307 27 21 at
3964 4308 110 29 present
4085 4301 46 27 the

3572 4340 1 38 '
3584 4343 121 29 districts
3732 4352 69 19 were
3827 4347 46 22 too
3899 4340 84 38 large,
4009 4341 52 28 and
4087 4341 47 28 tbo

3582 4384 90 27 dniies
3686 4393 28 17 or
3728 4382 46 27 the
3791 4379 132 29 Wardens
3937 4381 155 37 increasing
4102 4391 50 16 so--

3583 4424 60 28 that
3657 4424 63 37 they
3735 4432 70 17 were
3819 4429 46 20 not
3878 4421 61 28 able
3954 4425 26 24 to
4000 4420 130 29 overtake

3582 4464 70 27 their
3686 4463 123 27 business
3843 4461 92 28 within

3580 4503 75 33 time,
3697 4504 63 25 thus
3792 4500 114 38 causing
3944 4501 187 27 considerable-

3579 4542 89 36 delay,
3690 4541 219 33 inconvenience,
3933 4539 54 29 and
4008 4547 120 31 expense

3580 4590 26 18 to
3622 4582 45 25 the
3682 4579 149 28 individual

3615 4619 45 28 Mr
3676 4618 109 37 Waugh
3794 4619 59 26 also-
3864 4618 133 37 proposed
4011 4618 53 27 and
4081 4618 56 27 Mr-

3577 4659 176 30 Macdonnell
3775 4659 134 28 seconded
3923 4670 5 17 :
3951 4660 7 13 e
3962 4658 4 31 '
3984 4658 63 28 I'hac
4080 4660 47 27 the

3578 4703 185 26 Government
3775 4700 33 27 be
3819 4699 142 37 requested
3972 4705 28 22 to
4010 4704 115 33 proceed

3579 4741 64 28 with
3653 4739 187 30 conservation
3850 4745 28 21 ot
3890 4745 80 22 water
3977 4739 26 27 iu
4014 4739 111 28 Central

3578 4788 89 32 Otago
3681 4792 28 17 as
3720 4792 64 17 soon
3798 4789 29 18 us
3844 4780 124 38 possiule,
3980 4780 145 29 otherwise

3578 4829 45 22 the
3636 4821 161 29 association
3822 4820 87 27 would
3934 4821 55 26 like
4004 4825 27 22 to
4046 4821 79 27 know

3578 4864 72 28 what
3662 4862 45 29 the
3717 4861 185 29 Government
3913 4859 107 30 intends
4030 4860 95 38 doing,

3576 4915 29 17 as
3624 4904 104 37 private
3751 4901 99 37 capital
3874 4912 22 15 is
3918 4902 80 36 ready
4015 4903 111 34 waiting

3576 4951 27 21 to
3620 4945 32 26 be
3666 4942 142 39 expended
3824 4941 25 27 iu
3873 4950 74 19 sorue
3958 4948 28 21 ot
3997 4941 46 28 the
4055 4952 70 17 ino.sj

3578 4991 100 30 urgent

3615 5035 23 18 a
3652 5024 80 28 letter
3747 5033 51 18 was
3819 5021 64 29 read
3898 5021 67 29 from
3981 5021 46 28 the
4049 5021 27 28 II
4087 5032 36 19 >;i.

3577 5066 45 27 Mr
3648 5063 123 28 Larnach
3799 5074 25 15 r<i
3851 5063 75 26 Lake
3952 5063 117 30 Ouslovv,
4098 5063 42 34 i.t,

3577 5105 86 28 wnich
3678 5105 32 27 lie
3724 5103 89 28 stated
3836 5106 58 24 that
3916 5108 69 21 their
4007 5103 113 37 petition

3577 5156 34 17 on
3645 5146 45 26 the
3725 5143 106 37 subject
3863 5143 53 27 had
3957 5146 65 24 been
4057 5146 66 34 duly

3574 5184 132 30 attended
3719 5191 37 27 to,
3770 5183 54 28 and
3840 5184 31 27 lie
3886 5193 53 18 was
3953 5183 27 28 iu
3994 5190 128 22 constant

3574 5225 229 30 communication
3831 5225 64 26 with
3921 5225 46 27 the
3992 5223 128 30 Minister

3575 5268 43 27 for
3631 5266 98 34 Mines,
3741 5265 101 36 urging
3856 5264 55 27 him
3923 5272 26 19 to
3965 5264 95 27 hasten
4075 5270 47 23 the

3575 5305 189 40 proceedings.
3807 5305 56 26 Tne
3901 5311 126 30 question
4069 5305 68 40 wa-;.

3575 5354 45 20 not
3635 5346 115 28 without
3763 5343 163 35 difficulties,
3944 5345 48 28 but
4014 5345 33 28 lie
4071 5348 53 31 ha
4139 5343 15 36 4

3574 5387 153 27 forwarded
3760 5390 45 22 the
3831 5384 80 29 letter
3936 5385 125 29 received
4088 5390 33 34 by

3575 5426 55 27 him
3653 5427 69 26 from
3749 5427 47 25 the
3826 5424 163 29 association
4016 5433 28 21 to
4077 5428 49 27 tiio

3574 5465 137 35 Minister,
3737 5465 54 27 and
3816 5463 53 29 had
3902 5465 86 28 asked
4014 5466 56 28 him
4097 5477 31 17 t<v

3573 5512 199 21 communicate
3793 5507 87 25 direct
3904 5511 63 22 witn
3989 5506 75 29 them
4085 5517 36 18 on

3574 5547 46 27 the
3634 5545 134 39 question.

3610 5588 14 25 'J
3634 5594 34 19 lie
3683 5585 141 36 following
3845 5595 191 30 management
4050 5597 71 19 com*

3573 5637 25 17 in
3603 5627 19 28 it
3626 5634 43 22 Ue
3714 5637 36 17 Wo
3757 5637 11 17 s
3815 5628 305 37 appointed:—Messrs-

3573 5667 77 33 -8001,
3669 5667 176 35 Uiehaidson,
3862 5667 120 40 Waugh,
3998 5668 138 37 Tempij-,

3573 5712 58 31 tou,
3642 5705 189 42 M'Latighlin,
3841 5708 52 29 and
3908 5708 123 40 Grogan,

3516 36 164 48 Friday,
3704 35 101 48 July
3829 33 58 43 16,
3913 29 115 42 1897.

1777 54 203 43 MOUNT
2062 51 226 46 BEKGER
2374 50 153 40 MAIL,

58 158 244 40 pHRISTMAS
330 157 24 29 &
383 156 92 29 NEW
506 156 107 28 TEAR

227 196 227 33 NOVELTIES.

103 239 136 39 (Suitable
251 240 45 29 for
312 239 105 38 Young
430 238 54 30 and
498 236 77 39 Old).

171 322 28 28 A
212 320 135 39 complete
360 319 108 39 display
480 318 31 29 of

64 362 131 29 FANCY
225 360 134 36 GOODS,
394 356 221 34 CHRISTMAS

115 402 135 34 CAPDS,
289 401 107 33 TOYS,
435 399 137 34 BOOKS,

186 440 237 34 MAGAZINES,
442 439 51 30 Ac.

61 521 150 22 -BARGAINS
230 520 40 22 ON
286 521 58 21 THE
362 518 138 23 SHILLING
517 516 100 21 TABLE.

187 586 162 30 Inspection
368 585 123 29 Invited.

197 667 372 63 V.JEFFEFY.

68 753 53 21 TC<
133 752 134 25 KS-ELLPP,
279 750 134 27 CFFMIST,
426 749 82 22 NEWS
525 748 97 22 AGENT

233 778 167 27 STATIONER,
414 778 38 22 &c.

136 816 140 29 TEVIOT
302 812 256 32 DISPENSARY.

182 892 45 37 C.
281 890 38 39 J.
362 890 162 50 Combs,

91 963 195 32 SURGICAL
305 963 26 30 &
347 960 259 33 MECHANICAL

263 1002 168 32 DENTIST

279 1064 41 27 (By
333 1063 83 26 Exam.)

73 1179 51 58 jyj
134 1178 28 31 R
182 1177 153 33 COOMBS
351 1188 63 28 may
427 1176 36 31 be
477 1175 150 32 Consulted

232 1271 125 29 Hebon's
380 1271 95 28 Hotel

119 1323 50 30 'On
190 1323 160 35 FRIDAY,
373 1323 72 29 23fd
469 1321 111 30 JULY.

113 1404 40 27 As
167 1403 14 28 I
195 1402 96 28 fntend
301 1402 118 36 visiting-
437 1401 56 29 this
512 1400 118 29 District

68 1442 195 41 -periodically,
275 1443 23 29 it
305 1442 56 30 will
367 1452 66 20 save
446 1440 126 30 Patients
581 1441 49 29 the

207 1483 30 30 of
249 1484 87 38 going
349 1487 30 26 to
390 1487 74 26 town
477 1494 9 24 ;
505 1482 54 29 and
573 1492 31 19 as
615 1482 13 28 I

77 1528 150 34 guarantee
246 1524 35 28 all
305 1523 87 37 work,
418 1524 125 28 Patients
565 1533 63 27 may

73 1565 58 38 rely
145 1576 34 18 on
193 1565 113 38 getting
317 1576 17 17 a
347 1564 144 29 first-class
501 1564 117 28 denture

72 1645 92 21 TEETH
192 1644 82 22 MADE
301 1645 39 21 BY
369 1645 98 21 OTHER
492 1643 135 22 DENTTKTS

93 1671 132 23 PROVING
234 1672 255 21 UNSATISFACTORY
499 1671 61 21 MAY
571 1671 35 20 BE

129 1699 194 23 REMODELLED
337 1699 37 23 AT
387 1699 94 22 SMALL
494 1698 75 22 COST.

77 1769 124 30 Painless
229 1769 163 30 Extraction
421 1767 65 30 with
513 1767 114 30 Nitrous

114 1811 88 29 Oxide
223 1810 65 35 Gas,
311 1811 126 33 Cocaine,
451 1809 96 35 Ether,
561 1819 31 18 or

261 1851 183 28 Chloroform.

75 1925 135 29 STOPra<j
230 1934 71 19 with
322 1927 84 35 Gold,
429 1924 148 35 Amalgam,
596 1931 35 19 or

294 1966 123 29 Cement.

167 2043 35 30 €.
249 2044 29 29 J.
331 2041 207 37 COOMBS,

216 2091 130 29 Surgeon
369 2091 119 28 Dentist

118 2138 145 40 (Opposite
277 2137 130 40 Cargill's
420 2137 174 37 Monument)

230 2185 4 22 •
284 2185 144 22 DUNEDIN.

193 2225 81 32 (Late
289 2225 77 29 Kid<3
381 2225 54 28 and
450 2224 59 37 Co.)

388 2289 151 30 T)FIGN.

168 2319 47 26 Ai
218 2331 128 31 ECORD
387 2319 45 26 Ai
435 2330 105 32 EIGN.

177 2415 98 29 enable
300 2414 48 28 the
374 2414 94 38 public
491 2416 30 25 to
547 2412 84 29 Dress

164 2454 118 30 suitable
291 2458 28 26 to
330 2454 51 30 the
387 2453 135 36 occasion,
536 2453 14 29 I
561 2452 70 29 have

187 2507 184 29 REDUCED
392 2506 134 29 PRICES

66 2550 43 30 -<Sf
120 2559 46 29 my
179 2548 78 37 large
274 2548 55 29 and
342 2547 93 30 varied
450 2547 96 36 htock,
560 2548 69 28 viz.:

153 2601 86 36 Suits,
251 2602 40 28 £3
309 2602 50 33 3s;
379 2600 141 34 Trousers,
538 2601 55 26 15s.

152 2641 145 38 Factory-
311 2640 81 28 made
433 2638 84 36 Suits,
558 2640 72 34 21s;

224 2683 141 33 Trousers,
378 2681 32 28 6s
424 2679 45 29 6d.

107 2735 71 34 Ties,
193 2733 82 39 Caps,
289 2733 185 35 Braces,.&c.,
487 2732 34 29 6d
537 2731 75 30 each.

70 2776 87 28 'Hard
174 2775 54 28 and
244 2774 63 29 Soft
319 2773 62 29 Felt
399 2775 81 34 Hats,
500 2775 34 27 'ls
551 2772 80 29 each.

296 2855 31 21 IN
342 2855 54 21 ALL
408 2854 98 22 OTHER
518 2853 90 22 LINES.

176 2921 40 42 E,

68 2980 117 20 'TAILOR
206 2979 17 20 k
244 2978 197 21 GENTLEMEN'S
465 2976 166 22 OUTFITTER.

136 3018 257 32 Scotland-street,
413 3016 163 28 Roxburgh.

82 3119 213 30 ROXBURGH
304 3117 161 31 BAKERY
475 3117 24 30 &
509 3116 121 31 STORE

79 3212 179 56 Rofof.
286 3211 342 56 Kinasfqn.

96 3290 140 35 BAKER,
264 3286 295 32 CONFECTIONER
582 3286 26 29 &

208 3335 285 36 STOREKEEPER,

114 3394 147 23 SCOTLAND
284 3394 111 26 STREET,
418 3391 169 22 ROXBURGH.

115 3467 73 29 R.K.
200 3467 101 30 desires
315 3470 28 25 to
357 3465 87 30 thank
458 3465 47 28 the
517 3464 93 29 inhabi-

79 3512 72 25 tants
165 3509 30 29 of
207 3507 155 40 Roxburgh
374 3506 54 30 and
440 3505 183 39 surrounding

77 3549 120 30 districts
221 3549 44 29 for
284 3549 47 29 the
354 3550 115 37 support
491 3545 133 31 accorded

75 3591 54 28 him
144 3591 27 27 in
185 3591 48 28 the
244 3593 71 35 past,
330 3589 53 28 and
397 3592 28 25 to
433 3587 101 29 inform
549 3587 74 28 them

77 3631 60 27 that
149 3631 118 36 nothing
280 3630 54 28 will
348 3630 35 28 be
395 3627 126 39 wanting
533 3638 35 18 on
581 3627 44 28 his

63 3676 73 35 -part
148 3672 26 28 in
188 3672 46 28 the
247 3672 91 28 future
349 3674 29 26 to
386 3669 81 31 merit
475 3681 16 17 a
499 3668 111 30 continu-

60 3723 80 17 ance
152 3713 29 27 of
193 3712 72 28 their
277 3716 124 33 support.

89 3790 152 22 'WEDDING
260 3791 60 20 AND
340 3789 149 22 BIRTHDAY
508 3788 91 22 CAKES

220 3825 80 21 MADE
317 3825 35 20 TO
366 3824 104 21 ORDER.

63 3871 134 27 •SOTRFES,
219 3872 111 21 PICNICS
352 3872 16 20 k
387 3871 87 21 BALLS
491 3868 133 22 CATERED

115 3907 55 22 FOR
185 3908 38 22 ON
239 3909 57 20 THE
308 3906 145 23 SHORTEST
471 3904 114 24 NOTICE.

76 3950 126 38 Nothing
214 3952 51 28 but
279 3951 46 29 the
338 3951 61 29 best
409 3949 124 29 material
547 3948 76 29 used.

61 4043 7 6 -
75 4036 77 21 GOOD
166 4036 182 21 ASSORTMENT
358 4036 36 21 OF
403 4035 165 26 GROCERIES,
578 4035 46 25 4c.,

276 4069 38 21 ON
332 4069 91 20 HAND.

163 4129 117 29 Liberal
300 4129 200 30 Discofntfor
521 4128 84 30 Cash.

67 4237 6 13 f
77 4232 252 30 DISSOLUTION
359 4232 48 30 OF
432 4231 168 30 PARTNER-

301 4274 100 28 SHIP.

60 4378 5 9 ■
75 4354 167 40 JOHNS
291 4355 36 38 &
369 4355 254 43 M'COMBE,

210 4413 157 28 MILLERS
385 4413 98 28 FLAT.

138 4495 91 28 AVIN
238 4495 24 28 G
272 4494 155 29 Purchased
436 4495 49 27 the
493 4495 132 28 Business

79 4531 21 18 -*
174 4535 29 28 of
227 4535 47 29 the
298 4535 59 29 firm
388 4535 30 30 of
447 4535 92 29 Johns
570 4544 55 20 and

78 4575 149 37 M'Combe,
240 4577 22 29 it
267 4576 62 29 -will
351 4576 35 29 be
407 4575 83 30 taken
510 4585 68 21 over
595 4586 30 19 as

77 4616 70 29 from
162 4617 47 28 the
227 4617 62 28 15th
301 4617 66 33 inst,
383 4617 54 28 and
458 4616 54 29 will
525 4617 100 28 hence~

76 4655 119 30 forward
221 4656 35 29 be
282 4656 105 29 carried
406 4666 33 19 on
467 4655 88 30 under
578 4657 47 28 the

78 4707 82 18 name
173 4697 29 28 of
248 4698 32 29 E.
295 4697 155 30 JOHNS'."

115 4737 45 27 All
195 4741 129 24 accounts
361 4737 92 38 owing
483 4740 75 25 must
590 4737 36 28 be

61 4791 5 5 -
77 4777 99 30 settled
196 4781 29 26 at
243 4787 76 20 once.

221 4831 32 27 E.
293 4829 184 35 JOHNS,

89 4882 115 22 GROCER
218 4883 61 21 AND
296 4883 136 21 GENERAL
446 4883 165 21 MERCHANT.

270 4948 141 20 AGENCIES
419 4955 6 13 :

77 4986 177 30 Manchester
265 4988 64 29 Fire
341 4988 148 29 Insurance
503 4987 50 30 Co.

77 5028 158 29 Australian
245 5028 107 29 Mutual
361 5028 147 29 Provident
518 5027 109 38 Society

246 5093 57 38 w
367 5093 21 38 i
453 5092 36 38 n
555 5073 70 63 if,

76 5165 133 26 PALNTER,
234 5163 131 27 GLAZIER,
387 5163 92 21 PAPER
499 5163 128 25 HANGER,

148 5200 69 22 SIGN
237 5199 115 22 WRITER
374 5198 61 21 AND
458 5197 94 22 HOUSE

261 5232 177 26 DECORATOR,

166 5274 71 28 Ross
257 5272 99 36 Place,
376 5271 161 29 Lawrence.

115 5356 42 30 On
173 5355 62 29 Sale
249 5366 16 17 a
274 5354 76 39 large
361 5353 53 29 and
423 5353 92 30 varied
526 5357 88 27 assort-

76 5401 79 27 ment
166 5396 29 30 of
208 5396 68 35 Oils,
291 5395 104 36 Paints,
418 5394 97 36 Scrim,
538 5395 89 36 Glass,

74 5436 231 40 Paperhangings
326 5436 55 28 and
401 5435 135 29 Painters'
556 5435 54 29 Sun-

75 5479 82 30 dries.

112 5519 69 29 New
190 5517 54 29 and
252 5516 171 30 fashionable
431 5516 74 28 Wall
516 5516 112 39 Papers,

78 5560 71 29 from
164 5559 36 29 5d
222 5569 50 28 per
291 5558 76 38 piece
390 5557 135 38 upwards,
569 5565 6 18 r
588 5560 28 24 at-

79 5604 76 25 terns
168 5604 61 24 sent
242 5609 35 19 on
298 5598 176 38 application,
487 5602 63 34 post
562 5597 66 28 free.

116 5640 147 30 Estimates
276 5639 83 39 given
372 5639 43 29 for
438 5638 116 30 General
577 5637 36 30 Re-

78 5681 82 37 pairs.

119 5719 161 31 Celebrated
295 5719 131 29 Lustruss
444 5718 90 37 Paint,
548 5718 82 40 ready

68 5761 112 35 jnixed,
192 5761 35 29 all
242 5760 122 30 Colours.

792 167 58 21 THE
863 165 186 23 CELEBRATED

642 206 171 31 COKNISH
832 204 207 33 AMERICAN
1055 202 143 31 PIANOS

785 256 82 29 AND
893 253 163 31 ORGANS.

647 332 178 30 MESSRS
852 331 169 31 CORNISH
1044 329 24 29 &
1083 328 57 30 CO.
1154 338 46 19 are

743 374 48 28 the
804 373 64 38 only
881 373 62 28 firm
957 372 30 29 of
1000 370 90 30 actual
1103 379 77 19 manu-

644 413 136 28 facturers
794 414 29 26 of
841 413 69 37 high
1032 411 99 27 Pianos
1145 409 54 28 and

645 452 110 39 Organs
780 452 29 28 in
835 452 48 29 the
917 450 105 31 United
1050 450 92 28 States
1174 447 29 30 of

648 493 112 29 Ameria
792 492 100 37 sellings
921 490 168 39 exclusively
1114 489 89 29 direct
1216 489 1 41 j

646 534 71 27 from
732 534 48 28 the
792 533 108 38 factory
910 536 28 24 to
950 533 46 27 tbt?
1005 531 112 37 general
1131 530 57 37 pub

646 574 46 35 lie,
700 578 29 23 at
738 572 170 39 guaranteed
919 571 144 29 wholesale
1073 571 75 38 price
1159 570 44 27 for

647 625 16 17 a
676 614 90 38 single
778 614 177 28 instrument.
994 611 45 29 No
1053 614 99 33 agents
1171 620 32 17 or

647 654 106 29 dealers
775 664 47 18 are
842 652 115 30 allowed
982 656 29 25 to
1032 651 101 29 handle
1156 650 48 29 the

649 694 117 30 Cornish
776 694 144 29 American
935 692 100 29 Pianos
1044 702 31 18 or
1082 691 120 38 Organs.

649 736 28 28 It
689 736 24 28 is
724 734 60 39 just
797 745 30 18 as
840 744 65 28 e»sy
918 733 44 29 for
976 733 47 29 the
1046 731 111 29 readers
1176 730 30 29 of

649 776 55 29 this
717 786 86 29 paper
815 779 29 25 to
858 774 35 29 sit
907 774 80 29 down
1013 772 54 30 and
1091 771 80 29 order
1190 781 16 18 a

650 817 86 29 Piano
750 827 31 19 or
795 816 94 38 Organ
902 815 72 29 from
989 813 136 34 America,
1139 823 29 17 as
1178 815 28 25 to

651 858 81 29 order
742 868 52 19 one
806 857 71 29 from
888 856 73 30 their
971 854 87 30 music
1068 858 83 31 store,
1159 852 48 29 the

651 899 64 39 only
730 899 149 28 difference
893 897 85 37 being
990 896 67 37 they
1070 894 55 28 will
1143 903 64 20 save

653 939 69 31 from
738 939 36 30 50
786 943 29 26 to
833 938 49 30 100
896 948 50 30 per
958 939 73 28 cent.

690 980 53 30 We
757 981 69 28 have
841 980 110 38 Organs
965 979 70 28 from
1048 978 40 29 £6
1098 980 30 26 to
1141 976 68 32 £25,

654 1022 100 29 Pianos
766 1022 71 28 from
851 1021 59 29 £34
922 1024 29 25 to
964 1020 67 33 £OO,
1042 1018 54 29 and
1106 1028 41 17 we
1160 1015 48 29 sell

654 1064 44 28 for
710 1063 65 29 cash
789 1073 33 18 or
847 1072 72 28 upon
940 1060 162 29 instalment
1120 1057 89 39 plans,

654 1107 30 26 to
698 1104 56 29 suit
775 1103 48 29 the
846 1102 184 30 convenience
1043 1100 29 29 of
1084 1099 47 29 the
1145 1108 49 29 pur-

655 1145 105 28 chaser.
801 1143 57 30 Our
889 1142 77 39 large
994 1140 54 30 and
1076 1139 134 39 complete

656 1185 145 37 catalogue
823 1183 54 30 will
902 1184 36 29 be
962 1180 154 33 forwarded
1136 1190 73 30 upon

657 1231 119 31 request.
816 1226 26 28 It
856 1227 24 27 is
893 1226 48 28 the
953 1225 82 28 finest
1042 1222 168 38 description

657 1268 29 27 of
700 1266 99 28 Pianos
813 1265 54 28 and
882 1265 109 37 Organs
1004 1263 91 28 issued
1109 1263 38 36 by
1157 1271 54 27 any

657 1307 60 27 firm
740 1306 29 27 in
792 1305 47 29 the
864 1308 126 33 country,
1004 1303 53 28 and
1073 1302 77 38 gives
1164 1301 47 28 the

656 1346 90 30 actual
759 1346 106 39 factory
878 1344 80 30 value
970 1343 30 29 of
1012 1353 83 27 every
1108 1341 87 29 instru-

655 1392 78 24 ment
745 1387 23 28 it
780 1386 148 29 describes.
949 1384 77 28 With
1041 1393 81 27 every
1135 1386 60 24 cata-

656 1428 83 40 logue
750 1428 25 29 is
787 1425 146 42 presented
947 1435 52 19 our
1008 1424 104 38 unique
1124 1422 72 29 refer-

656 1480 67 18 ence
733 1469 87 35 book,
832 1470 20 13 u
861 1468 58 28 The
933 1467 88 28 Heart
1033 1465 29 28 ol
1075 1464 47 28 the
1140 1463 52 28 Peo-

752 1508 91 30 Write
851 1509 44 28 for
899 1507 157 37 catalogue.
1077 1504 132 35 Address,

780 1559 169 32 CORNISH
968 1558 26 30 &
1018 1557 66 36 CO.,

669 1610 163 25 Washington,
846 1609 54 19 New
912 1608 91 22 Jersey,
1013 1605 59 25 U.B~,
1084 1605 112 19 America.

691 1675 334 34 EXTRAOBD'NARY

892 1721 280 33 OPPORTUMTY.

656 1809 79 22 PROM
754 1809 57 21 THE
829 1806 133 24 FACTORY
982 1803 104 24 DIRECT
1098 1802 37 22 TO
1153 1801 58 22 THE

852 1834 157 22 CUSTOMER.

660 1903 91 57 OUR
765 1905 105 26 Company
885 1903 17 21 is
921 1901 71 27 sellifg
1006 1900 64 22 direct
1083 1900 22 19 to
1120 1898 35 21 Hip
1166 1905 32 15 cus-

735 1936 73 22 tomer,
827 1933 48 19 thus
893 1930 108 26 j«rocuring
1019 1929 31 20 for
1069 1928 34 21 the
1121 1927 61 20 latter
1198 1935 10 12 a

658 1962 75 24 double
758 1965 104 20 economy,
887 1957 88 25 namely,
995 1956 36 20 the
1050 1955 61 25 profit
1128 1954 22 19 of
1173 1954 36 19 the

777 1987 75 26 dealer,
862 1985 38 21 and
911 1984 36 21 the
956 1990 55 14 more
1021 1981 138 23 considerable
1171 1988 38 13 one

660 2022 20 20 of
688 2022 35 20 the
731 2016 57 23 retail
801 2015 74 21 deahr.
886 2011 120 27 am-unting
1018 2013 21 19 to
1048 2010 51 22 from
1139 2011 21 19 to
1167 2008 43 22 £11)

660 2056 54 17 upon
729 2054 11 13 a
750 2044 64 26 single
823 2042 75 21 wa'ch.
926 2040 66 21 Betail
1001 2040 64 20 watch
1077 2038 77 20 dealers
1169 2037 40 21 and

658 2076 110 26 jewellers,
775 2070 80 26 usually
860 2069 71 22 selling
938 2067 39 21 but
982 2074 10 13 a

660 2110 33 14 are
702 2100 68 24 forced
781 2102 22 17 to
810 2097 62 21 make
881 2095 184 21 anoxtraordinarv
1078 2094 58 30 profit
1154 2099 54 18 upon

659 2131 48 21 each
718 2136 38 14 one
775 2126 43 21 sold
828 2126 20 19 in
865 2124 61 20 order
945 2124 22 18 to
972 2122 75 26 defray
1060 2121 51 21 their
1128 2128 11 19 g
1154 2119 54 21 lit-ral

658 2164 104 22 expenses.

684 2193 39 20 We
748 2189 143 22 manufacture
911 2192 24 13 as
961 2192 36 12 «>*'
1029 2183 107 25 »p<r-i-iliy
1162 2180 46 21 «*nlv

658 2220 84 25 sterling
759 2218 61 21 silver
838 2222 23 14 or
880 2213 46 28 gold
950 2218 87 15 Bt.iM-w:
1039 2219 12 13 U
1054 2212 46 20 .le:s
1122 2209 88 27 (key!e.<s

658 2246 104 25 watches}.

684 2282 44 21 The
739 2279 79 28 keyless
825 2277 123 23 mechanism
964 2276 23 18 of
1000 2280 48 13 vw'-
1055 2274 11 19 h
1081 2282 8 8 -
1105 2280 16 11 v.
1134 2279 38 12 one
1189 2270 21 20 of

659 2311 35 22 the
715 2312 54 19 most
789 2308 113 24 important
916 2305 39 20 and
972 2303 58 21 iwf'i
1056 2301 117 20 irv.ntir.n*
1189 2300 20 17 >-f

660 2339 82 22 modem
766 2336 68 21 times.
862 2333 82 22 Instead
961 2333 19 19 of
1001 2332 43 19 ft.in
1061 2330 40 21 'ins

660 2366 83 25 pockets
752 2367 23 18 to
787 2364 41 20 find
842 2362 37 20 the
893 2361 47 24 key,
959 2360 57 19 whirl
1041 2359 56 18 wV»
1114 2357 62 20 f.'iin.i
1194 2363 5 12 1

654 2397 58 18 ■most
733 2392 74 25 always
832 2389 55 22 filled
906 2388 48 21 with
970 2386 116 22 dust-lis
1100 2384 21 20 of
1140 2390 11 13 c
1152 2389 46 15 ours-

660 2422 58 22 bi-inir
726 2418 122 24 transferred
865 2420 21 17 to
895 2417 36 19 the
942 2415 64 20 watch
1061 2422 11 9 «
1083 2413 36 20 has
1136 2413 36 19 In*
1190 2415 20 15 'o

660 2453 45 17 turn
714 2455 11 14 a
738 2446 87 23 knurbd
838 2446 73 19 button
928 2443 58 20 fi',t.-d
997 2444 21 16 <■>
1030 2441 33 20 iiv
1081 2439 90 21 teodeot
1180 2442 31 15 (or

659 2477 59 25 tiny),
729 2476 48 21 thus
785 2474 88 24 winding
881 2472 35 20 the
927 2470 64 21 watch
999 2469 38 21 niid
1053 2477 14 13 p
1075 2468 93 27 gulauug
1176 2467 35 19 the

657 2505 65 21 haoils
732 2504 26 26 by
768 2504 34 20 the
812 2509 54 14 same
881 2507 74 14 means.

681 2539 47 20 Our
738 2530 373 29 watch'B-areevf>rywlwr"rf-»vimis»
1111 2538 5 6 ,
1116 2530 13 20 <l
1145 2530 23 19 to
1187 2528 24 20 be

660 2566 35 22 the
710 2566 44 21 best
772 2565 20 21 in
803 2563 36 22 the
853 2570 38 14 mat
896 2561 44 27 ket,
950 2559 117 26 surpassing
1079 2557 27 21 all
1116 2557 61 21 other
1184 2556 27 27 by

659 2596 36 19 the
704 2594 97 26 precision
818 2592 22 19 of
849 2591 53 20 their
911 2592 127 18 movements
1052 2594 22 13 as
1091 2586 45 20 well
1147 2593 22 13 as
1185 2585 26 26 by

659 2622 53 20 their
722 2625 95 20 accuracy
827 2618 39 21 and
875 2617 118 24 cheapness.

681 2656 47 21 Our
738 2655 87 25 factory,
840 2653 54 19 since
910 2651 26 21 its
946 2649 121 22 foundation
1074 2648 20 21 in
1107 2646 57 28 1852,
1175 2646 37 21 has

658 2683 95 27 accjuired
760 2691 13 11 *a
788 2679 126 22 worfd-wide
929 2678 125 26 reputation,
1070 2676 38 20 and
1116 2674 95 21 obtained

660 2711 35 21 t{,e
718 2710 84 25 highest
823 2707 79 21 awards
922 2707 52 20 frrni
994 2705 26 19 all
1041 2704 36 21 the
1098 2704 114 25 important

660 2738 137 23 Exhibitions.
825 2735 33 22 No
884 2734 66 21 watch
978 2733 68 20 bavs
1073 2738 37 14 our
1133 2731 77 20 factorv

661 2766 89 22 without
770 2764 75 21 bavine
863 2763 50 20 been
932 2761 98 26 carefully
1050 2759 106 21 examined
1171 2757 41 21 and

660 2793 90 24 verified,
768 2792 48 21 thus
835 2791 60 22 Wins
910 2797 32 13 rea
959 2796 12 19 y
991 2789 31 20 for
1040 2787 118 31 immediate
1167 2792 44 14 use.

660 2822 54 21 Each
724 2828 38 13 one
769 2821 16 20 is
796 2823 72 23 put-up
879 2819 19 19 in
907 2825 24 13 an
941 2817 89 24 ellegant,
1044 2813 103 22 silk-lined
1159 2820 52 18 case,

659 2850 39 21 and
708 2846 141 28 accompanied
859 2846 26 26 by
896 2853 9 12 a
917 2846 103 24 warranty
1030 2843 32 21 for
1071 2842 58 20 three
1147 2847 64 20 years.

685 2877 44 21 The
745 2876 64 24 buyer
823 2881 47 18 may
887 2876 70 18 return
976 2878 40 14 anv
1034 2870 22 21 of
1070 2876 39 14 our
1125 2868 88 20 watches

652 2904 86 22 •withen
745 2903 31 21 six
786 2902 85 22 months
880 2900 73 21 should
968 2899 35 21 the
1020 2898 62 21 la'.ter
1094 2898 37 20 not
1147 2896 64 22 afford

661 2931 35 23 the
705 2935 54 18 most,
769 2928 248 29 completesa'i>faetion,s

685 2960 36 21 All
736 2959 80 20 articles
831 2957 44 20 sold
892 2963 36 14 are
942 2953 104 22 delivered
1056 2953 46 25 post,
1111 2952 50 25 free,
1173 2951 40 19 and

659 2991 79 17 custom
755 2986 52 24 duty
823 2984 46 24 paid
889 2987 22 16 to
928 2989 40 18 any
986 2984 47 22 part
1049 2979 23 20 of
1089 2978 36 21 the
1143 2977 70 25 world,

660 3014 48 21 thus
719 3012 88 22 without
816 3012 37 20 the
867 3010 95 26 slightest
973 3006 81 23 tioub'e
1072 3013 23 14 or
1109 3004 104 26 formality

659 3045 22 18 to
691 3041 35 21 the
735 3040 95 22 receiver.

686 3068 34 22 All
730 3067 76 27 lepairs
830 3066 75 25 during
923 3064 36 21 the
976 3064 13 21 3
999 3068 57 22 years
1074 3061 21 20 of
1104 3060 111 25 guarantee

660 3104 35 14 are
718 3095 100 22 executed
843 3092 144 27 gratuitously,
1012 3090 15 21 if
1045 3089 37 20 the
1106 3086 67 23 watch
1190 3086 25 21 be

660 3123 114 22 forwarded
785 3125 22 18 to
816 3128 38 14 our
864 3120 84 22 London
957 3119 65 20 office.

685 3152 43 21 The
734 3150 105 26 following
845 3156 33 14 are
885 3148 46 21 cash
940 3147 64 26 prices
1013 3145 89 21 without
1107 3143 108 22 discount:

1153 3181 16 21 £
1195 3185 19 18 8.

707 3218 27 21 A.
748 3215 154 25 Stem-winder,
917 3212 86 25 sterling
1017 3212 68 24 silver,
1096 3209 43 22 hall

755 3243 95 27 marked,
868 3240 94 29 jewelled
980 3240 21 22 in
1017 3239 12 20 6
1053 3238 84 26 actions,

753 3271 79 28 crystal
837 3271 63 26 glass,
908 3276 12 14 a
928 3272 71 21 strong
1005 3267 41 21 and
1053 3266 85 21 durable

756 3299 67 21 watch
857 3314 24 5 ...
1114 3309 22 5 •••

685 3346 48 20 AA.
747 3344 44 21 The
800 3349 55 14 same
863 3341 52 21 with
924 3340 76 21 double
1015 3339 61 20 silver
1091 3344 45 14 case

755 3370 108 26 (Hut-ter),
872 3367 102 27 elegantly
983 3365 101 26 engraved
1112 3380 23 5 ...
1188 3362 25 21 18

705 3414 26 22 B.
746 3412 54 23 Gold
818 3410 148 26 stem-winder,
988 3407 42 22 hall
1053 3405 82 23 marked

757 3444 71 22 strong
838 3439 78 27 keyltss
926 3438 75 24 action,
1011 3434 94 29 jewelled
1114 3434 21 21 in

756 3469 25 21 13
799 3468 84 24 actions,
903 3466 49 20 with
973 3464 47 26 gold
1044 3470 23 13 or
1084 3461 51 22 steel

756 3495 133 23 hands.small
897 3492 72 22 second
978 3492 49 25 dial,
1034 3488 102 28 engraved

756 3525 20 21 in
783 3522 101 23 beautiful
890 3520 164 26 designs,engine
1060 3518 75 22 turned

756 3560 24 12 or
787 3551 54 27 plain
846 3549 101 28 polished,
951 3548 50 22 with
1008 3553 127 20 monogram,

755 3580 82 22 initials,
847 3586 61 18 arms,
919 3579 40 19 etc.
1110 3572 101 23 ...20

686 3625 44 21 88.
744 3624 43 21 The
793 3629 59 14 .same
859 3629 21 12 as
890 3622 24 21 B.
922 3620 49 20 with
980 3622 69 19 strong
1059 3617 75 21 doub'e

755 3651 46 29 gold
812 3657 51 16 case.,
874 3645 142 25 an'excellent
1030 3646 40 21 and
1085 3651 49 21 veiy

755 3681 82 23 elegant
847 3678 124 25 timekeeper
992 3692 13 5 ..
1110 3690 6 5 .
1128 3690 5 5 .
1159 3673 13 20 3
1186 3671 25 21 10

703 3722 25 21 C.
743 3720 65 25 Boyal
818 3718 147 25 chronograph,
978 3717 24 19 18
1010 3717 57 19 carat
1076 3714 55 25 eold,

755 3751 51 19 most
818 3746 91 22 superior
917 3745 80 27 keyless
1008 3745 123 22 movement,

754 3776 22 20 of
789 3775 36 20 the
912 3774 93 19 accurate
1021 3771 98 19 workman-

754 3803 54 25 ship,
827 3801 39 21 and
884 3808 38 11 one
936 3800 21 20 of
971 3799 35 20 the
1016 3798 45 21 best
1071 3804 50 13 wt-ar-

754 3838 14 14 n
776 3830 72 25 sisting
858 3828 88 20 watches
983 3843 21 5 ...
1109 3841 22 5 ...
1159 3824 11 20 4
1196 3823 13 20 0

683 3875 41 24 CC..
738 3874 43 21 The
791 3879 54 14 same
856 3871 65 21 watch
936 3870 49 22 with
1001 3868 75 21 double
1092 3867 39 21 and

754 3903 57 20 extra
822 3902 71 21 strong
902 3906 52 19 case,
964 3898 25 22 18
1006 3899 54 19 carat
1077 3896 53 26 gold,

753 3928 121 26 artistically
914 3925 109 27 engraved,
1059 3930 73 15 ei-cine

754 3956 74 21 tvirned
847 3962 22 13 or
887 3954 55 27 plain
961 3951 100 28 polished,
1082 3951 49 21 with

754 3990 135 20 monogiatns,
900 3981 83 26 initials,
994 3983 32 18 etc
1110 3995 21 5 ...
1158 3979 13 19 6
1184 3977 25 21 10

704 4029 27 22 D.
745 4027 97 28 imperial
851 4026 94 21 calendar
952 4024 148 23 chronometer,
1108 4023 25 22 18

754 4058 56 17 carat
827 4055 54 23 pold,
903 4054 108 19 indicating
1031 4052 36 19 the
1084 4052 47 20 dav.

755 4081 109 21 the-week.
875 4080 35 20 'he
922 4078 124 27 mon'hjand
1056 4078 47 19 date
1111 4077 22 20 of

752 4108 83 26 month,
854 4107 92 28 jewelled
965 4106 20 22 in
1005 4106 24 21 18
1048 4106 83 21 actions.

755 4137 49 22 With
819 4137 27 20 all
859 4136 34 20 the
902 4135 60 21 latest
973 4135 160 26 improvements

754 4167 39 21 and
809 4165 124 24 inventions,
942 4170 39 13 oni
997 4163 21 20 of
1036 4163 35 20 the
1088 4162 45 20 best,

754 4194 38 19 and
817 4194 54 18 nvost
892 4192 131 23 magnificent
1045 4190 87 20 watches

753 4218 164 23 manufactured.
933 4224 49 14 suon
994 4224 22 12 ps
1026 4224 33 13 a>e

754 4248 43 21 so'd
808 4247 24 22 bv
843 4245 59 23 re'ail
908 4245 79 21 dealers
995 4245 33 21 for
1035 4244 39 22 less
1080 4243 51 23 than

752 4276 42 21 £25
821 4270 4 29 '
852 4291 27 8 ._
982 4290 23 5 ...
1108 4271 63 23 -.10
1196 4270 12 21 0

678 4323 34 22 All
721 4330 37 13 our
766 4322 88 20 watches
861 4328 32 13 are
899 4320 157 21 manufactured
1063 4320 19 20 in
1090 4320 12 19 2
1109 4318 45 21 difft
1161 4320 45 17 rent

652 4352 57 27 sise«,
720 4351 55 24 large
784 4349 38 21 ind
830 4348 61 22 *mal'
900 4348 42 25 {f'«r
952 4348 115 26 gentlemen
1075 4346 39 22 and
1127 4346 79 26 ladies,)

652 4380 88 21 without
750 4379 111 20 difference
867 4377 22 20 of
899 4384 20 18 p.
924 4377 38 21 ice.

677 4407 41 20 Old
731 4405 94 24 watches,
835 4403 90 26 o'd-poM
936 4403 38 20 and
985 4403 61 19 silver
1056 4401 40 20 wrl
1107 4402 24 18 hp
1143 4401 62 19 taken

652 4435 21 20 in
684 4435 98 26 payment
791 4435 22 17 at
829 4432 36 20 the
882 4431 82 26 highest
980 4431 66 26 value,
1058 4429 16 21 if
1093 4428 112 22 forwarded

653 4462 25 27 by
686 4461 68 27 panc-d
765 4464 46 23 post,
821 4462 21 18 to
852 4467 37 13 our
898 4459 89 21 address.

679 4490 138 20 Remittances
832 4495 47 18 may
897 4487 25 20 be
942 4487 59 20 made
1019 4486 67 20 either
1100 4485 26 25 by
1137 4483 68 21 Pos'al

735 4516 91 26 Ch'que,
837 4515 59 21 Bank
908 4514 62 21 No'e*
980 4514 91 25 (postage
1089 4516 76 20 s'amps
1175 4511 32 20 for

652 4544 58 21 small
725 4544 103 24 amounts)
844 4542 22 21 of
885 4549 39 20 any
943 4547 96 25 country,
1055 4541 21 20 in
1096 4538 110 28 registeied

651 4572 71 27 letter,

678 4600 22 20 Tt
721 4600 17 19 is
756 4606 39 13 our
811 4598 40 21 aim
863 4600 21 17 to
903 4597 46 25 give
967 4596 35 21 the
1023 4596 81 20 utmost.
1119 4595 89 24 po'siMe

653 4626 125 21 satisfaction
799 4626 22 19 to
838 4632 38 13 our
889 4625 82 25 c'ients,
988 4623 95 22 knowing
1100 4621 42 21 this
1152 4624 21 16 to
1183 4621 24 18 bp

653 4654 36 21 the
694 4654 46 21 best
750 4652 158 23 advertisement
924 4652 32 21 for
968 4658 38 14 our
1016 4650 103 26 products,
1131 4649 38 19 ami
1181 4647 26 21 all

654 4682 46 21 who
706 4682 52 21 have
776 4688 50 15 once
845 4680 83 22 entered
940 4681 43 21 into
1002 4678 93 21 Iwsiness
1110 4676 98 22 relations

654 4710 49 20 with
710 4717 25 13 us
741 4709 68 25 gladly
819 4709 127 20 recommend
957 4716 24 15 u«
991 4711 22 18 to
1023 4707 54 21 their
1082 4704 79 22 frit-nds
1169 4703 39 21 and

653 4737 162 25 acquaintances.

679 4769 90 22 Address
778 4769 32 21 for
819 4769 72 21 letters
900 4769 38 21 and
951 4768 69 22 orders
1030 4775 5 15 :

678 4813 113 42 Morse
814 4812 276 49 Manufacturing
1117 4809 69 49 Co.,

779 4864 20 27 7,
818 4864 56 21 RED
893 4865 68 21 LION
980 4863 94 22 COURT

846 4900 101 25 London,
969 4900 49 22 E.C.

680 4965 129 26 £sS*Wanted
834 4969 21 19 at
957 4968 20 21 in
997 4974 62 14 everv
1072 4965 93 26 locality,
1184 4970 25 14 an

656 4995 116 26 intelligent
793 5002 70 18 person
885 4998 21 18 to
921 4998 30 19 act
967 5003 21 13 as
1015 5002 38 14 our
1075 4995 74 26 Agent.
1177 4993 33 20 No

656 5022 73 27 special
761 5022 118 27 knowledge
914 5023 102 27 rtquirrd,
1048 5023 40 20 and
1122 5021 87 19 without

656 5049 120 22 interfering
797 5050 49 21 with
862 5054 81 23 present,
966 5050 128 26 occupation.
1121 5048 89 25 Highest,

656 5077 66 26 salaty
741 5077 39 20 and
802 5078 134 21 commission.
965 5080 30 19 An
1016 5078 102 20 excellent
1138 5082 60 20 oppor-

666 5104 60 26 unity
740 5104 31 21 for
786 5111 11 13 a
811 5103 82 29 capa%l°
904 5112 67 19 vnung
982 5112 47 14 man
1039 5112 23 13 or
1072 5104 56 22 ladv.

656 5162 207 55 yiCTOKIA
881 5163 145 30 LIVERY
1040 5160 170 33 STABLES

743 5231 71 22 PEEL
827 5233 111 26 STREET,
954 5233 168 21 LAWRENCE.

656 5300 36 43 T.
721 5300 121 52 Dwyer

1003 5300 207 52 Proprietor.

695 5388 59 29 The
766 5398 67 28 very
846 5389 62 28 best
922 5389 131 37 Stabling-
1069 5386 144 40 provided,

658 5429 67 29 with
738 5439 16 18 a
768 5428 100 30 Groom
882 5429 101 38 always
997 5430 28 27 in
1037 5428 176 30 attendance.

658 5522 26 28 A
707 5520 159 30 Handsome
892 5521 55 28 and
975 5518 240 40 Well-appointed

757 5583 155 37 Hearse
936 5593 53 25 on
1016 5581 105 36 Hire.

700 5677 158 29 First-class
891 5676 96 36 Single
1019 5674 54 29 and
1107 5672 109 29 Double

661 5718 141 38 Busies;
823 5718 66 28 also.
905 5714 178 31 I^a-dies*-and
1105 5712 96 30 Gentle-

660 5759 88 30 men's
762 5758 102 30 Saddle
877 5757 115 29 Horses.

1227 148 262 31 APPLICATION
1517 148 75 29 FOR
1618 147 164 30 SPECIAL

1439 188 133 30 CLAIM.

1329 262 123 29 District:
1472 262 31 27 Of
1507 272 48 24 ago
1568 260 111 34 Mining.

1409 301 82 25 Date:
1514 300 59 26 10th
1586 300 71 35 July,
1674 301 73 27 1897.

1261 338 36 28 To
1311 338 42 26 the
1366 337 112 27 Warden
1492 344 25 20 at
1531 337 149 36 Roxburgh.

1228 386 27 24 T
1287 383 151 28 HEREBY
1468 383 75 35 apply
1573 384 37 26 for
1641 394 14 16 a
1686 383 96 35 Special

1293 420 80 27 Claim
1406 423 38 24 for
1474 420 156 33 goldminins
1667 430 119 25 purposes

1230 459 78 27 under
1322 458 42 26 the
1377 458 138 35 provisions
1538 458 27 26 of
1684 458 103 36 Mining

1234 500 54 29 Act,
1425 498 24 24 of
1475 496 41 26 the
1541 496 72 27 lands
1639 496 150 27 hereinafter

1230 535 136 31 described,
1378 534 79 27 which
1469 534 61 25 have
1542 535 59 25 been
1613 535 59 26 dulv
1688 533 100 28 marked

1232 573 23 25 in
1270 573 151 25 accordance
1440 571 59 27 with
1521 573 42 26 the
1577 573 99 34 mining
1689 571 84 36 regula-

1232 611 72 25 tions.

1475 648 32 26 D.
1533 648 26 26 H
1571 647 4 27 '
1592 647 162 27 PARKER.

1251 686 51 34 (Bv
1319 685 36 27 his
1369 684 124 30 Solicitor,
1517 686 26 27 F.
1560 686 30 26 Gr.
1609 684 164 37 Dalziell)

1466 722 221 37 24306—9/7/97,

1340 760 47 28 No.
1399 761 47 28 and
1458 761 57 26 date
1526 761 28 27 of
1564 761 98 28 miner's
1675 760 79 35 right.

1272 836 80 28 Name
1366 837 47 27 and
1429 837 100 27 address
1540 837 24 28 in
1577 837 43 28 full
1631 837 29 27 of
1667 837 124 38 applicant

1236 874 119 28 —David
1373 875 86 28 Henrv
1474 875 102 33 Parker,
1594 876 144 33 Roxburgh.

1272 912 113 38 Locality
1400 913 81 27 where
1494 914 42 26 the
1559 914 56 26 land
1639 914 96 36 applied
1756 915 37 26 for

1238 952 20 26 is
1289 952 176 27 situated—ln
1504 952 174 27 Whitecomhe
1703 963 88 25 survey

1239 990 104 32 district,
1359 997 23 19 at
1401 990 117 35 junction
1533 991 28 26 of
1580 999 54 18 east
1658 991 48 26 and
1733 998 58 19 west

1238 1027 121 28 branches
1373 1028 27 27 of
1411 1028 115 27 Waikaia
1540 1029 71 27 river.

1275 1065 94 28 Plxtent
1378 1067 29 25 of
1413 1066 58 27 land
1482 1066 97 36 applied
1594 1067 62 26 for—
1667 1067 33 26 32
1708 1076 68 17 acres

1275 1106 112 24 Amount
1399 1104 27 26 of
1436 1105 88 34 capital
1540 1105 120 33 proposed
1674 1112 26 20 to
1715 1105 27 26 lie
1755 1106 25 25 in-

1240 1142 116 26 vested—
1363 1141 107 30 £2.000.

1275 1179 124 37 Proposed
1415 1180 71 28 mode
1500 1180 29 28 of
1538 1180 115 37 working
1676 1181 41 29 the
1736 1180 58 29 land

1279 1219 137 36 Hydraulic
1435 1219 116 34 sluicing.

1275 1258 74 25 Term
1375 1257 38 25 for
1437 1257 80 26 which
1537 1257 91 26 license
1653 1267 27 16 or
1703 1257 90 36 special

1239 1293 73 27 claim
1324 1300 75 26 grant
1413 1295 20 24 is
1447 1295 178 35 required—2l
1647 1304 71 26 years

1275 1331 106 27 General
1394 1331 228 37 Remarks—Pegs
1634 1332 100 27 marked
1747 1331 17 25 S
1775 1331 19 27 C

1747 1370 28 27 X

1275 1406 80 27 Dated
1369 1413 25 20 at
1409 1406 134 28 Lawrence
1566 1408 48 26 this
1635 1408 60 27 10th
1709 1408 48 36 day
1771 1408 28 26 of

1239 1444 71 37 July,
1324 1445 73 27 1897.

1273 1521 54 28 The
1341 1522 76 27 ahove
1431 1522 150 37 application
1595 1522 107 27 amianv

1240 1560 65 26 tions
1319 1560 49 27 will
1393 1561 28 26 be
1446 1560 75 28 heard
1545 1567 27 20 at
1598 1561 41 24 the
1661 1560 133 27 Warden's

1240 1597 78 26 Office
1331 1605 25 19 at
1367 1598 151 35 Roxburgh,
1528 1608 33 16 on
1576 1598 50 26 2nd
1641 1598 154 35 September,

1241 1635 74 32 1897,
1329 1642 26 20 at
1368 1636 33 26 10
1414 1646 13 16 a
1439 1645 30 18 m.

1275 1674 58 33 Any
1347 1682 88 25 person
1456 1673 111 31 desiring
1580 1678 26 20 to
1618 1673 80 34 o'ject
1712 1679 26 19 to
1754 1676 41 23 the

1226 1706 1 45 j
1240 1718 121 27 granting
1372 1712 26 25 of
1411 1721 14 16 a
1437 1711 90 35 special
1541 1711 72 26 claim
1639 1711 96 36 applied
1758 1713 36 24 for

1240 1754 74 23 must,
1337 1749 67 36 prior
1428 1756 25 19 to
1479 1749 42 27 the
1532 1749 127 31 .hearing,
1672 1758 30 17 en
1709 1756 36 19 »«r
1758 1749 36 27 his

1239 1787 137 36 objections
1401 1794 26 20 at
1452 1787 41 27 the
1519 1787 131 27 Warden's
1675 1787 76 28 Office
1770 1794 24 19 at

1242 1824 145 34 Roxburgh.

1294 1871 212 29 FREDERICK
1519 1871 172 33 JEFFERY,

1573 1912 48 26 Pro
1641 1911 120 28 Warden.

1274 1955 121 27 .Received
1411 1962 25 20 at
1451 1957 133 26 Warden's
1595 1957 75 27 Office
1681 1963 26 20 at
1718 1957 77 35 Clyde

1239 2003 30 17 on
1286 1994 60 26 lirh
1361 1992 69 34 Julv,
1446 1994 75 30 1897,
1536 2002 23 19 at
1574 1994 15 28 9
1603 2004 57 19 a.m.

1226 2059 1 64 !
1307 2067 235 54 gTANDARD
1621 2069 151 54 gEEDS.

1226 2197 1 50 !
1248 2205 96 42 \y?,
1359 2205 47 27 will
1423 2206 27 25 bp
1465 2206 102 30 pleased,
1581 2212 25 21 to
1620 2206 92 28 submit
1726 2216 48 18 sam-

1226 2244 1 37 ;
1356 2244 52 33 p?e«
1422 2244 46 25 mid
1484 2245 57 31 give
1554 2245 145 36 quotations
1717 2245 29 25 of
1762 2245 31 26 all

1226 2281 1 34 i
1245 2283 13 21 A
1266 2281 142 28 irrinilriir--il
1431 2281 76 27 Sneds
1522 2291 35 16 we
1571 2282 79 33 stock,
1671 2282 29 27 of
1710 2283 79 26 which

1226 2319 1 41 j
1240 2319 40 26 the
1293 2319 95 36 quality
1403 2321 19 25 is
1438 2319 39 27 the
1491 2319 81 28 finest.

1277 2406 170 44 Standard
1519 2408 89 42 Bone
1642 2409 150 42 Manure.

1274 2479 60 27 This
1348 2480 137 27 celebrated
1500 2481 107 26 Manure
1621 2481 44 26 has
1677 2490 32 17 no
1722 2480 71 36 equal

1240 2517 37 27 for
1288 2518 105 36 quality.
1433 2518 22 26 It
1475 2519 19 25 is
1517 2518 51 26 rich
1590 2520 23 24 in
1641 2518 154 33 Phosphates

1240 2554 48 28 and
1305 2555 191 34 Ammonia,and
1508 2556 21 28 is
1538 2555 137 29 admirably
1686 2556 104 27 adanted

1241 2594 36 25 for
1290 2601 52 18 root
1362 2604 79 23 crops,
1461 2604 71 25 grass
1552 2595 78 30 land--,
1644 2596 50 24 arid
1714 2596 79 23 wheat

1240 2639 78 27 crops.
1345 2631 8 8 '
1474 2643 20 13 i.
1545 2627 10 18 *
1604 2628 21 33 J!

1275 2676 255 31 Caution.—father
1550 2680 95 27 'makes
1676 2681 24 25 of
1729 2680 66 27 Hone

1243 2718 119 26 Manures
1376 2728 40 16 are
1428 2720 75 32 bHtig-
1513 2718 89 27 rfvred
1620 2726 24 18 to
1658 2720 101 25 farmers
1769 2729 26 15 as

1242 2757 41 24 tlie
1472 2756 85 27 brand.
1598 2757 80 25 When
1692 2756 103 32 hiiving.

1242 2794 71 25 insist
1328 2804 31 17 on
1374 2805 11 15 a
1573 2794 76 34 being
1675 2795 122 27 «zias

1243 2831 105 27 without
1362 2832 49 26 this
1426 2831 76 28 brand
1524 2842 63 17 none
1601 2834 19 25 is
1634 2834 117 34 genuine.
1777 2831 4 37 •

1421 2911 23 30 L
1460 2913 20 27 A
1498 2911 124 30 WE'S

1245 2961 359 32 SUPLRPHOSPHATJS
1625 2965 47 28 OF
1692 2965 105 29 LIME.

1430 3025 182 30 CROSS'

1246 3076 357 31 SUPERPHOSPHATE
1624 3078 47 30 OF
1693 3078 105 30 LIME.

1279 3128 67 28 Both
1357 3129 68 27 these
1436 3129 120 27 Manures
1565 3140 41 17 are
1617 3131 28 26 of
1651 3130 60 34 high

1244 3166 156 37 quality,and
1411 3176 40 17 are
1461 3167 54 27 well
1527 3168 81 26 suited
1620 3170 36 24 for
1666 3178 119 25 encourag-

1243 3205 43 35 ing
1300 3203 40 28 the
1354 3204 97 34 growth
1465 3203 26 28 of
1503 3204 31 27 all
1548 3210 55 21 root
1616 3215 79 25 crops.

1356 3261 105 28 Prices
1480 3270 35 19 on
1535 3264 202 26 Application.

1411 3333 152 29 PLANET
1588 3334 46 29 Jr.

1316 3383 110 29 FARM
1460 3384 263 30 IMPLEMENTS.

1279 3435 80 28 Write
1381 3445 27 17 or
1430 3436 45 27 call
1496 3436 37 28 for
1545 3437 45 27 full
1605 3438 148 35 particulars
1773 3438 26 26 of

1243 3473 68 27 these
1333 3473 115 28 valuable
1472 3475 167 36 implements,
1657 3475 80 28 which
1756 3485 42 18 are

1242 3513 25 26 in
1278 3521 44 18 use
1333 3511 31 38 by
1377 3512 41 27 the
1431 3512 168 29 tbousandsin
1608 3514 60 27 New
1679 3513 117 28 Zealand.

1309 3590 118 31 FRUIT
1448 3591 132 37 TREES,
1601 3592 130 36 ROSES,

1240 3642 273 33 STRAWBERRY
1545 3645 159 37 PLANTS,
1736 3644 61 38 &c,

1389 3698 37 27 Of
1446 3699 68 27 Best
1534 3699 121 35 Quality.

1240 3782 283 56 NIMMOI
1550 3783 244 66 BLAIR,

1331 3870 97 29 SEED
1451 3870 249 30 MERCHANTS.

1442 3918 64 25 Dun
1514 3925 14 17 K
1533 3926 16 18 n
1554 3925 7 18 i
1568 3925 15 17 v

1306 4027 422 42 BERNSTONE,

1284 4104 79 31 THE
1432 4103 115 31 PARIS

1383 4166 94 34 (From
1506 4165 153 37 Dunediu),

1475 4241 66 29 visit
1555 4239 166 37 Roxburgh,

1360 4282 9 12 '
1435 4282 103 28 Millers
1571 4282 70 33 Flat,
1666 4280 55 28 ami

1311 4323 189 39 surrounding'
1535 4322 123 28 districts
1691 4329 30 19 nt

1310 4365 111 38 regular
1432 4364 141 34 intervals,

1448 4417 77 28 when
1543 4416 34 28 lie

1322 4485 105 29 WILL
1441 4484 105 29 TAKE
1561 4481 151 31 ORDERS

1313 4550 28 24 to
1366 4546 55 28 suit
1435 4545 48 28 the
1497 4543 184 30 convenience
1694 4540 29 30 of

1388 4593 48 28 the
1453 4591 70 28 local
1544 4590 104 39 public.

1361 4687 129 30 Charges
1514 4686 161 29 Moderate.

1314 4783 78 30 Suits
1401 4781 71 30 from
1482 4782 38 29 £3
1532 4781 43 35 3s;
1591 4779 132 30 Trousers

1446 4829 69 27 from
1533 4829 8 25 1
1550 4830 40 26 Gs.

1315 4922 46 29 Fit
1374 4920 175 30 Guaranteed
1569 4931 32 17 or
1620 4920 103 36 Money

1418 4973 49 25 not
1477 4967 144 42 accepted.

1381 5104 34 38 J.
1495 5101 302 44 WILLIAMS,

1267 5174 203 24 HAIRDRESSER
1489 5174 63 21 AND
1570 5172 202 27 TOBACCONIST,

1440 5214 40 30 IjA
1484 5224 120 20 WHENCE.

1281 5294 151 30 LADIES'
1463 5291 299 33 lIAIRCOMBINGS

1326 5347 111 29 MADE
1458 5345 92 30 INTO
1571 5344 146 30 PLAITS.

1247 5423 101 28 Orders
1359 5422 36 36 by
1404 5425 63 33 post
1476 5419 139 38 promptly
1621 5416 131 30 attended
1763 5420 36 24 to.

1244 5484 141 30 TEYIOT
1395 5482 216 30 WESLEYAN
1629 5479 170 31 CHURCH.

1343 5564 115 38 Sunday
1473 5563 124 29 Services
1611 5561 55 29 will
1688 5561 34 27 be
1735 5568 64 19 con-

1333 5605 101 30 ducted
1448 5615 29 18 as
1491 5604 92 28 follow
1596 5615 45 17 :

1247 5655 112 25 Roxburgh
1370 5655 20 24 (7
1400 5653 84 27 p.m.)—
1487 5653 51 20 Rev.
1547 5651 23 21 J.
1580 5651 28 20 H.
1618 5650 83 24 Hooper

1289 5680 195 27 (Snhject.—''Emu
1494 5679 77 24 Celling
1581 5678 32 20 bis
1623 5675 115 25 Birthright
1761 5675 5 23 )

1249 5710 47 19 Coal
1307 5708 66 22 Ort-i'k
1383 5708 21 25 (3
1413 5706 138 27 p.m.)-Rcv.
1561 5705 22 21 J.
1592 5705 28 21 H.
1635 5704 84 25 Hooper

1249 5736 116 25 Etliick(ll
1378 5736 81 22 a.m.)—
1463 5735 51 20 Rev.
1524 5733 23 21 J.
1563 5733 25 21 H.
1601 5733 83 24 Hooptr

1334 5764 55 26 (00
1399 5762 120 28 p.m.)-Air
1528 5761 20 22 J.
1559 5762 24 20 C.
1593 5759 69 23 Su.ith

1819 247 92 58 W.
1931 247 61 58 T.
2012 239 356 69 TALBOYS,

1982 336 220 37 ROXBURGH,

1845 411 60 29 Has
1918 421 63 18 now
1995 411 114 38 Opened
2124 409 38 29 lis
2175 408 91 35 Large
2279 403 57 29 and

1927 464 104 29 Varied
2045 454 172 39 Assortment
2226 456 29 31 of

1952 722 60 38 (per
2038 720 63 30 S.S.
2122 715 120 37 Gothic.)

1852 801 227 30 BLANKETS!
2114 793 225 34 BLANKETS!

1857 853 208 30 White—from
2079 853 31 29 9s
2122 849 52 30 lid
2190 858 50 29 per
2252 846 61 40 pair

1858 894 246 30 Coloured—from
2116 892 32 29 9s
2167 889 54 30 lid
2235 898 49 29 per
2296 886 60 39 pair

1943 983 130 30 RUGSI
2074 1002 40 26 v
2136 978 103 31 RUGS
2255 978 7 29 !

1896 1035 113 40 Striped
2073 1037 66 28 from
2178 1032 32 29 4s
2239 1030 61 30 lid.

1946 1117 114 30 WOOL
2092 1110 171 35 SHAWLS.

1914 1170 27 30 A
1979 1169 91 39 Large
2102 1166 187 30 Assortment.

2158 1260 173 38 DRESS

1993 1321 232 41 stuffs;

2080 1368 31 31 In

1890 1423 154 37 SEIIGES,
2070 1419 243 37 CORDUROYS,

1971 1475 170 35 TWEEDS,
2167 1474 61 36 &c.,

1879 1530 81 29 Fn»m
1978 1531 48 28 10s
2041 1529 34 30 6d
2087 1528 47 29 tlie
2149 1526 62 30 Full
2225 1525 94 29 Dress.

1911 1610 134 40 Splendid
2070 1609 167 29 assortment
2261 1605 30 29 of

1955 1663 90 30 NhW
2070 1659 170 31 JACKETS

1992 1713 73 27 from
2096 1709 44 29 ICs
2167 1707 45 29 Gd.

1872 1804 80 42 New
1993 1801 174 50 Millinery,
2200 1797 138 51 Gloves,

1982 1860 157 50 Ribbons,
2174 1858 63 42 &c.

1926 1955 103 30 LONG
2066 1954 79 29 FUR
2183 1951 99 29 BOAS

2004 1997 72 30 from
2101 1997 32 28 4s
2160 1994 45 30 Gd.

1919 2081 24 26 A
1967 2079 77 30 larsre
2070 2079 165 26 assortment
2256 2074 30 28 of

1861 2139 30 29 M
1907 2138 111 30 EN'S
2072 2131 271 35 CLOTHING.

1969 2220 94 28 Latest
2090 2218 93 38 Styles
2209 2217 28 27 in

1899 2265 112 37 HATS,
2043 2264 184 35 SCARVES,
2254 2263 50 30 &c.

1864 2355 118 30 MEN'S
2001 2354 139 30 TWEED
2164 2354 111 30 SUITS
2295 2353 48 29 TO

1826 2405 80 34 65s
2036 2401 130 30 ORDER
2299 2402 80 35 65s

1874 2489 117 30 MENS'
2022 2498 55 20 AND
2102 2488 100 30 BOYS
2236 2488 96 30 CAPS

1825 2540 26 28 in
1877 2538 109 31 endless
2007 2538 216 39 variety—from
2248 2537 36 29 Gd
2305 2537 76 28 eacli.

1873 2622 23 26 A
1910 2619 79 38 large
2004 2620 51 27 nn<l
2071 2619 124 29 assorted
2211 2618 78 28 stock
2305 2617 28 29 of

1925 2671 119 30 BOOTS
2071 2680 55 19 AND
2155 2670 131 29 KHOES.

1825 2788 91 56 W.
1963 2786 71 48 T.
2079 2784 304 61 Talfcoys,

1965 2882 23 29 ]!
2002 2881 130 30 OXBU
2148 2879 52 30 !!G
2214 2879 39 30 11.

1822 2948 5 10 '
1906 2918 15 99 i.
1972 2958 13 59 /
2045 2925 16 92 \
2348 2948 7 18 •

1833 3053 126 55 VVM.
1990 3051 129 55 KIN
2127 3048 256 68 ASTON,

1893 3139 243 47 Hermitage
2174 3137 143 42 Street,
2375 3137 2 49 .

1997 3198 222 33 Roxburgh,

1828 3249 238 37 Carpenter,
2093 3247 173 31 builder
2289 3269 63 7 ...
2376 3268 5 8 .

1828 3325 7 8 .
1856 3325 7 8 .
1885 3326 6 7 .
1915 3326 5 8 .
1942 3301 165 31 PICTURE
2135 3298 169 37 FRAMER,
2327 3307 56 21 and

1974 3352 265 40 Undertaker,

1827 3439 109 30 Picture
1950 3438 171 38 Mouldings,
2134 3436 119 32 Glasses,
2273 3435 107 37 Paints,

1892 3480 54 28 and
1972 3477 229 39 Paper-hangings
2226 3477 29 27 of
2275 3476 35 31 all

1937 3519 182 39 descriptions
2132 3518 28 29 in
2179 3517 88 31 stock.

1826 3574 103 29 Orders
1941 3573 82 29 taken
2047 3573 44 27 for
2110 3571 99 38 supply
2223 3571 30 29 of
2266 3572 113 28 Timber

1967 3615 27 26 in
2009 3623 53 26 any
2077 3611 158 39 quantities.

1826 3692 86 29 W.K.
1925 3692 105 35 having
2049 3691 113 28 secured
2183 3702 16 17 a
2223 3690 155 30 First-class

1986 3752 234 43 HEARSE,

1826 3818 22 28 is
1860 3815 134 40 prepared
2010 3819 28 24 to
2058 3814 120 28 conduct.
2199 3814 132 29 Funerals
2350 3814 26 28 in

1925 3857 33 29 all
1976 3860 74 34 parts
2063 3855 29 28 of
2107 3855 46 28 the
2168 3854 118 30 district.

1852 3921 185 32 BOROUGH
2058 3920 47 28 OF
2125 3920 226 29 ROXBURGH.

1825 3998 194 61 TENDERS
2041 4007 40 18 ar«
2103 3998 92 26 irivitP<]
2219 3997 36 27 for
2275 3996 103 32 makinir

1910 4040 25 26 F-
1946 4038 86 30 o'pitrh
2063 4037 61 24 from
2165 4037 88 26 Wa'»r
2286 4036 90 25 Works

1828 4076 77 26 Trefik
2031 4081 24 16 to
2077 4073 133 26 C<>urn'fr\
2227 4073 132 25 Boundary
2372 4082 6 20 ;

1827 4129 11 11 M
1843 4115 35 26 'eo
1899 4114 35 25 for
1957 4110 149 29 frrMVpllinir
2131 4111 46 26 and
2208 4111 5 25 1
2219 4112 93 27 f«i-in«r
2338 4110 41 25 th»»

1827 4153 71 28 Rand
1913 4161 59 18 near
1995 4151 34 24 'iif
2029 4160 7 9 l
2053 4148 91 34 Rridg»»
2158 4159 58 17 ov*»r
2286 4148 90 28 ClurliH

1830 4193 73 24 River
2083 4195 6 13 f
2092 4196 14 14 o
2133 4188 27 22 '»»*
2186 4188 91 26 liidirnd
2306 4188 30 21 '»v
2363 4187 13 23 7

1827 4238 47 18 rm
1915 4236 31 16 on
1971 4223 177 30 TUESDAY,
2174 4223 73 27 'JOth
2275 4222 103 28 JULY,

1824 4267 80 27 1897.

1946 4300 136 31 HENRY
2101 4299 167 32 BATLLIK,

2247 4339 97 28 Mavor.

1987 4404 28 29 N
2034 4402 143 30 OTIC
2202 4403 28 28 K.

1848 4487 15 19 A
1889 4482 167 28 MEETING
2066 4482 27 24 of
2102 4482 40 24 flip
2153 4482 56 26 T?ox
2214 4479 4 31 !
2223 4480 70 25 »nr»l»
2306 4479 55 27 T-W-

1991 4519 64 25 ---ri'ih
2080 4518 47 25 will

1832 4560 146 25 4th»>nfpntp
2014 4555 56 28 (lull
2107 4566 30 15 <>n
2170 4553 206 29 SVTURDW,

1828 4599 68 24 24th
1915 4597 99 26 INST.,
2028 4597 26 23 fo
2064 4595 101 33 appoint
2182 4592 133 26 PelMtrnfes
2329 4597 24 17 to
2367 4600 13 16 n

2007 4638 25 18 to
2071 4640 11 16 n
2099 4640 78 20 r»n«re
2219 4630 49 25 'lii*
2299 4628 80 36 year's

1827 4673 99 36 County
1942 4671 123 28 FixMirf«.

1931 4722 69 26 WM.
2022 4718 251 28 WINCHESTER.

2206 4757 137 26 Secretary.

1984 4830 242 31 NOTICE.

1827 4910 271 59 BALANCE-SHEET
2113 4910 23 19 of
2154 4909 83 20 Julilee
2254 4908 129 21 Celebration

1915 4950 130 21 Committee.

2047 4989 116 22 Receipts.

1828 5018 174 24 Subscriptions...
2087 5043 5 5 _
2108 5033 20 4 ...
2233 5032 21 5 ...
2280 5014 28 21 £9
2323 5015 24 20 18
2373 5014 12 19 fi

1828 5046 94 24 Borough
1938 5044 83 22 Council
2032 5043 88 26 Subsidy
2233 5058 21 5 ...
2296 5042 50 21 916
2372 5042 12 19 0

1827 5075 99 22 Proceeds
1937 5072 22 21 of
1969 5072 68 20 Dance
2107 5087 22 6 ...
2234 5087 21 5 ...
2296 5070 50 20 116
2372 5070 13 19 0

2266 5124 40 21 £2l
2324 5125 23 20 10
2373 5124 12 21 G

2025 5180 163 23 Expenditure.

1828 5212 40 20 Tar
1876 5209 39 21 and
1925 5208 105 22 Kerosene

1831 5237 108 23 Esmond's
1950 5237 89 19 Account
2047 5235 129 28 (Fireworks,

1828 5267 101 21 Lanterns
1939 5263 38 19 and
1992 5263 87 21 Candies
2107 5279 20 6 ...

1829 5291 100 24 Coloured
1940 5290 71 22 Lights
2021 5291 38 20 and
2070 5291 47 20 Fire

1829 5320 81 22 Sundry
1920 5317 113 22 Fireworks

1829 5346 84 25 Freight
1922 5343 39 23 and
1971 5344 94 23 Caniage

1829 5374 81 25 Sundry
1920 5371 58 22 small
1989 5372 104 26 Expenses
2107 5386 19 6 ..

1830 5402 87 23 Balance
1935 5399 93 20 remittor'
2042 5399 106 21 Destitute
2158 5398 100 21 Patients'

1879 5426 67 26 Fund,
1958 5426 97 25 Tuapeka
2065 5425 95 26 Hospital

2113 5533 18 20 L
2153 5533 24 21 F.
2195 5532 115 26 HATNES,

2070 5560 107 25 Sectary
2188 5560 40 20 and
2239 5560 115 21 Treahurer.

1854 5600 121 25 Tvoxlmrch,
1985 5600 47 20 14th
2042 5599 60 26 Jnlv,
2113 5598 56 22 1807.
2395 5598 1 31 j

1888 5659 86 29 OZIK
1993 5657 84 29 TEA.
2117 5656 66 28 Tin's
2208 5655 90 28 brand
2324 5656 23 26 is
2369 5667 16 16 a
2395 5639 1 57 j

1832 5700 24 13 -*■
1908 5701 149 36 guarantee
2065 5696 29 30 of
2103 5696 90 39 purity
2202 5694 54 28 and
2267 5695 129 39 equality.,■

1818 5736 1 45 '
1829 5742 56 39 Try
1898 5740 47 30 the
1958 5739 50 37 2s;
2026 5737 47 31 'tis
2085 5736 102 40 superb
2199 5736 7 30 '.
2395 5736 1 45 i

2396 157 217 54 GRAND
2672 149 277 48 JUVENILE

2574 209 204 47 CONCERT.

2395 320 193 29 TO-NIGHT!
2735 313 179 32 TO-NIGHT
2927 313 27 30 !!

2448 369 151 32 FRIDAY,
2621 364 66 31 i6ra
2706 364 104 34 JULY,
2832 365 73 32 1897,

2577 419 39 25 At
2634 418 15 26 8
2668 416 104 28 o'clock.

2510 498 31 26 In
2562 498 54 26 Aid
2635 496 28 26 of
2681 496 167 26 Athenaeum.

2397 576 129 28 PRICES
2796 574 29 26 2s
2844 572 54 26 and
2919 572 26 26 Is

2415 628 90 26 Dance
2517 628 28 24 to
2559 623 209 29 follow—Gents
2783 623 35 30 Is,
2833 622 94 27 Ladies

2650 662 61 26 free.

2399 729 176 29 TUAPEKA
2611 727 177 28 HOSPITAL
2824 725 131 28 BOARD.

2404 816 292 58 Applications
2716 814 48 27 «iii
2790 814 30 25 be
2845 813 111 27 receive

2491 857 37 26 for
2541 856 41 26 the
2594 854 67 28 office
2672 856 24 23 of
2710 852 151 28 MATRON
2879 852 24 27 of
2917 852 40 26 the

2403 894 118 34 Tuapeka
2536 892 138 28 GoldfHds
2691 891 113 31 Hospital
2830 891 35 25 till
2890 899 64 17 nnon

2404 942 31 18 on
2461 929 206 35 SATURDAY,
2687 929 65 28 31st
2764 927 105 32 JULY.
2884 927 73 29 1807.

2405 971 96 31 Salary,
2525 970 57 30 £45
2606 978 42 28 per
2669 977 92 18 annum
2810 966 147 27 Pnrticulars

2405 1009 27 26 of
2442 1009 89 31 dutips,
2546 1007 53 33 &c.,
2615 1014 23 19 to
2652 1006 29 27 be
2695 1004 116 28 obtained
2835 1005 61 26 from
2918 1004 39 26 the

2406 1047 123 26 Resident
2547 1046 114 36 Surgeon
2684 1053 27 17 or
2733 1043 138 36 Secretary,
2886 1042 54 26 Law-

2406 1094 78 17 rence.

2485 1132 168 28 WILLIAM
2674 1129 230 32 LIVING--TO*,

2451 1178 136 29 Chairman
2599 1178 116 35 Tuapeka
2734 1174 115 38 Hospital
2863 1174 93 29 Board.

2439 1230 142 30 Lawrence,
2596 1226 40 34 12'
2649 1226 13 34 h
2675 1226 66 34 Julv,
2757 1226 74 28 ISS)7.
