4190 5840
49 161 120 46 Brave
195 163 162 45 Pioneers
385 162 40 43 of
439 162 62 42 the
525 161 95 52 Early

296 223 100 53 Days.

221 367 53 37 (By
297 365 32 30 If
332 376 44 19 ink
381 366 88 36 k'ant.)

114 306 17 18 A
147 304 127 21 TRIBUTE
290 305 36 20 TO
340 304 89 20 THEIR
444 302 130 21 MEMORY.

101 419 30 30 It
143 419 23 31 is
175 419 61 40 just
256 421 87 29 about
364 418 78 40 eight
464 428 81 30 years
567 428 53 27 ago

64 461 79 28 when
162 461 112 38 coining
294 461 80 27 down
396 461 70 26 from
491 459 48 28 the
553 458 65 38 g°ld

63 501 80 29 fields
157 501 30 29 of
201 503 100 37 Ota-go,
316 501 12 28 I
351 498 187 41 for'gatiiered
553 498 63 28 with

63 553 16 16 a
104 543 115 34 solitary
245 543 145 28 horseman
416 541 29 28 fit
471 539 66 30 Bald
560 538 56 29 Hill

63 583 74 35 Flat,
150 584 55 28 and
225 595 30 17 as
274 593 41 18 we
335 592 77 19 came
434 592 66 17 near
526 581 92 35 Gorge

64 623 101 35 Creek,
180 622 323 41 my'companion—who
523 630 53 19 was
590 619 28 29 of

62 677 16 14 a
92 665 130 28 versatile
236 671 32 21 ha
272 669 60 24 tare
346 664 54 27 and
414 662 54 29 had
485 663 67 27 been
567 669 33 29 up-

51 708 5 10 -1
62 713 79 20 count
149 716 30 18 rv
189 705 75 28 since
274 705 47 28 the
331 703 74 30 eariv
427 701 59 30 OU's
489 702 125 37 —began

61 752 30 21 to
106 751 61 23 turn
192 746 43 28 liis
256 743 191 31 conversation
473 743 70 28 from
570 741 47 28 the

63 787 77 27 usual
447 783 82 37 topic,
562 781 52 28 and
624 781 1 47 j

51 827 80 27 'drift
144 827 58 31 info
223 827 46 26 the
292 825 148 36 sufferings
461 823 55 27 and
539 821 77 28 trials
624 821 1 52 j

51 868 41 27 'of
124 868 47 26 the
209 865 73 29 earlv
323 865 133 40 pioneers.
498 861 118 35 Coming

63 907 87 28 imnd
167 906 46 29 the
220 905 78 29 'bend
320 904 72 28 after
414 913 39 18 we
475 901 50 29 left
546 901 68 28 Bald
624 901 1 34 i

62 948 71 35 Hill,
149 949 31 27 he
195 946 110 30 showed
317 956 43 18 me
374 945 46 28 the
435 943 54 28 still
503 943 112 28 distinct
624 943 1 40 j

62 990 89 33 t.'ack,
173 989 83 34 along
278 999 16 17 a
318 985 110 37 leading
452 993 114 25 terrace,
586 990 28 21 t<>
624 985 1 43 j

63 1031 47 27 the
126 1028 167 40 Campbells,
308 1026 143 39 Nuggety,
472 1025 51 28 and
538 1024 78 27 other
624 1020 1 49 |

62 1070 138 30 historical
250 1068 108 38 girlies,
411 1066 49 28 but
506 1075 30 17 as
576 1074 39 17 we
624 1066 1 47 j

52 1110 182 40 'approached
258 1109 47 29 the
331 1107 92 38 Gorge
451 1105 87 30 Creek
572 1105 42 28 his
624 1099 1 51 j

62 1152 109 37 subject
184 1152 54 27 and
253 1159 113 19 tnanuer
379 1153 49 30 got
442 1157 73 17 more
529 1147 85 27 inter-
624 1147 1 42 j

52 1192 111 35 'esting,
209 1201 29 17 as
278 1190 32 27 he
348 1187 113 38 pointed
508 1191 48 23 out
569 1187 4 40 -
599 1195 15 18 a
624 1187 1 40 j

62 1236 180 35 grave-stone
243 1240 53 17 ——a
309 1228 60 28 slab
383 1228 28 26 of
430 1227 87 28 schist
541 1227 73 33 rock,
624 1227 1 44 ;

61 1272 120 38 roughly
194 1278 57 28 cut,
263 1270 49 28 but
323 1268 142 29 doubtless
477 1267 66 27 with
557 1266 57 28 lov-
624 1264 1 46 j

51 1312 61 38 'ing
138 1312 87 28 hands
278 1308 132 38 standing
442 1317 35 19 on
505 1318 15 16 a
545 1307 80 29 little;

52 1352 115 29 'terrace
188 1353 85 27 about
295 1348 53 37 200
348 1348 54 37 yds
424 1348 86 28 below
526 1348 89 26 where

52 1392 57 28 'the
148 1390 66 29 road
235 1399 106 19 crosses
367 1390 45 25 the
438 1387 91 27 creek.
571 1385 43 28 He

51 1431 66 29 'said
143 1432 55 28 this
225 1431 76 38 place
325 1427 67 29 used
418 1431 28 23 to
473 1427 32 27 be
527 1425 85 29 called

61 1474 148 30 Hhemona,
237 1469 87 30 which
350 1479 93 18 means
466 1467 27 29 in
518 1465 94 36 Gaelic,

60 1525 17 16 a
101 1514 107 33 resting
233 1511 85 37 place.
358 1510 14 27 1
397 1519 43 17 am
469 1518 34 17 no
527 1507 86 28 Gielic

57 1553 117 32 scholar,
188 1554 48 26 but
251 1550 13 28 I
278 1550 47 38 giv
328 1561 13 8 j
356 1549 20 27 it
389 1559 30 17 as
433 1548 21 27 it
465 1547 109 28 seemed
586 1552 26 22 to

57 1593 36 27 be
106 1601 157 29 pronounce
274 1590 18 29 !.
333 1590 12 28 I
358 1599 53 17 was
421 1599 29 17 so
461 1587 151 28 interested

52 1634 39 27 ■in
98 1633 41 29 his
149 1632 126 39 previous
284 1629 98 30 stories
396 1629 60 29 that
470 1628 10 28 [
493 1627 118 30 induced

57 1674 57 28 him
130 1680 28 22 to
171 1681 112 28 accomp
292 1681 46 26 iny
354 1680 42 18 me
408 1674 28 24 to
445 1669 47 29 the
506 1668 107 39 resting

59 1715 76 37 place
145 1714 29 28 of
187 1724 15 17 a
224 1712 143 29 doubtless
390 1710 74 34 hero,
488 1708 54 30 and
571 1719 40 17 we

59 1754 86 29 found
155 1754 47 28 the
211 1762 79 19 name
365 1751 94 27 James
470 1750 119 29 Stewart

58 1797 77 34 (here
147 1804 44 27 my
207 1799 76 23 notes
298 1793 82 28 taken
392 1797 28 22 at
429 1792 47 28 the
487 1791 66 28 time
567 1801 46 18 are

59 1835 174 39 incomplete,
260 1834 51 28 but.
338 1842 120 26 memory
492 1830 123 40 supplies

59 1879 54 33 me)
188 1875 90 28 native
299 1875 28 27 of
355 1872 259 33 Dumbartonshire,

47 1931 7 9 -•
238 1924 54 18 was
307 1913 107 28 written
431 1922 35 18 on
479 1912 46 28 the
544 1911 69 29 slab.

52 1956 123 29 -Around
191 1966 42 18 me
247 1955 14 28 I
282 1952 80 30 could
385 1963 45 18 see
449 1952 51 28 five
522 1962 31 18 or
573 1952 41 28 six

49 1997 101 28 'cairns
164 1996 28 29 of
202 2001 87 29 stone,
299 1994 87 28 which
398 2002 44 28 my
452 1992 162 38 companion

60 2038 57 28 told
134 2048 41 17 me
190 2046 70 18 were
282 2036 47 27 the
351 2033 106 38 resting
478 2033 91 38 places
585 2033 29 27 of

48 2086 6 11 '
61 2078 94 28 others
180 2077 61 27 who
267 2075 52 29 had
352 2072 127 40 perished
505 2073 26 28 in
569 2073 47 28 the

47 2126 92 24 •great
153 2128 73 18 snow
241 2121 86 24 storm
352 2126 35 17 on
406 2114 46 29 the
474 2113 52 29 Old
550 2115 65 27 Man

49 2164 8 14 *
64 2159 94 34 fringe
196 2157 30 30 of
265 2156 55 30 '<33.
361 2155 123 38 Leaving
524 2154 92 38 Gorge

49 2201 111 33 '{'reek,
195 2199 87 28 which
316 2199 42 28 for
561 2196 54 28 and

47 2236 4 38 '
61 2242 148 27 weirdness
223 2239 14 28 I
251 2239 69 28 havM
335 2243 48 24 not
403 2248 63 18 seen
488 2236 126 38 equalled

46 2281 43 28 Un
106 2281 65 28 New
193 2278 131 35 Zealand,
349 2288 39 17 we
411 2282 74 23 went
508 2287 33 17 on
565 2287 51 18 our

59 2331 70 28 way,
143 2320 54 29 and
212 2319 79 28 made
306 2318 45 29 Mr
364 2316 119 31 Heron's
497 2321 28 23 at
540 2316 56 29 Rox-

63 2361 102 38 burgh,
198 2370 53 19 our
494 2357 44 28 for
569 2357 46 28 the

59 2403 91 38 night.

98 2443 33 27 In
153 2442 46 28 the
223 2440 128 36 morning
371 2449 40 18 we
432 2437 112 30 crossed
565 2437 47 29 the

59 2483 163 38 suspension
254 2480 98 37 bridge
567 2479 47 28 the

59 2514 152 47 Moiyneux
224 2526 29 25 at
275 2521 163 38 Roxburgh,
462 2519 55 29 and
542 2519 72 29 after

58 2565 43 29 six
114 2575 32 18 or
158 2563 79 40 eight
258 2562 77 30 miles
358 2561 58 29 ride
439 2570 41 19 we
504 2559 108 40 passed,

59 2616 35 16 on
108 2605 47 27 the
168 2604 51 28 left
232 2603 29 28 of
275 2613 42 25 us,
337 2603 47 27 the
405 2601 61 28 well
487 2601 55 28 laid
564 2604 50 25 out

57 2644 56 30 and
129 2643 133 30 beautiful
277 2641 158 31 homestead
456 2641 29 29 of
508 2639 104 38 Cargill

57 2686 56 29 and
129 2685 155 35 Anderson,
298 2683 88 29 which
401 2683 13 28 1
429 2692 61 19 now
511 2682 85 29 »nder-

46 2726 94 30 ■stand
155 2726 47 28 has
226 2725 112 29 become
362 2723 46 29 the
432 2726 130 36 property
583 2723 29 28 of

57 2767 48 29 Mr
129 2766 186 37 Scrirageour,
340 2763 133 38 reaching
506 2762 105 29 Millers

58 2807 71 34 Flat,
153 2806 89 28 where
264 2816 40 17 we
327 2803 47 30 fed
394 2803 139 29 ourselves
555 2801 56 30 and

56 2847 105 30 horses.
202 2844 52 30 We
266 2855 68 19 soon
347 2843 116 30 reached
476 2843 73 28 what
562 2852 46 28 my

56 2888 92 30 fellow
169 2886 129 31 traveller
317 2884 99 30 named
437 2885 47 27 the
506 2883 85 29 Horse-

44 2930 78 29 shoe
138 2927 87 33 Bend,
238 2926 55 31 and
313 2926 82 30 there
415 2924 58 30 also
494 2923 117 31 another

54 2969 167 32 interesting
231 2965 321 36 reminisrencecropped
562 2975 45 24 up,

57 3008 43 28 for
111 3017 37 18 on
161 3018 17 17 a
190 3005 47 30 hill
252 3005 34 29 he
309 3003 113 40 pointed
435 3008 49 24 out
503 3013 16 19 a
539 3002 71 29 little

43 3058 92 28 ..grass
155 3045 111 36 mound,
287 3045 55 29 and
368 3056 17 18 a
410 3043 112 30 wooden
549 3043 60 29 slab

50 3088 118 39 painted
202 3087 81 27 white
309 3097 36 17 on
372 3085 87 28 which
486 3095 55 17 was
564 3085 47 27 the

45 3123 125 45 vepiUph
194 3128 19 15 >{
225 3125 183 39 Somebody's
431 3124 111 39 darling
562 3123 49 30 lies

58 3169 98 29 buried
298 3167 48 37 My
355 3166 164 38 companiou
531 3165 80 29 could

59 3215 51 24 not
122 3208 47 30 tell
184 3219 43 18 me
245 3207 47 29 the
313 3207 223 34 circumstances,
560 3205 50 29 but

47 3251 61 28 Hhe
118 3250 97 38 simple
237 3247 137 31 memorial
395 3246 77 30 itself
491 3245 58 30 told
569 3257 42 18 me

50 3293 72 26 *that
134 3302 16 17 a
162 3291 103 28 human
285 3288 74 30 hand
381 3288 54 28 had
457 3287 87 30 found
566 3288 49 28 the

53 3332 137 34 remains,
201 3329 55 29 and
270 3329 48 29 the
333 3328 161 40 inscription
509 3327 102 39 plainly

51 3372 121 29 isHowed
185 3372 48 29 the
244 3370 116 29 dictates
374 3370 30 28 of
418 3370 46 28 the
486 3369 79 29 heart
585 3369 28 28 of

62 3413 47 28 the
124 3421 60 19 man
205 3411 61 28 who
278 3410 135 39 probably
517 3419 15 18 a
550 3408 47 28 dar-

60 3452 60 37 ling
173 3452 77 38 lying
270 3451 167 27 somewhere
462 3449 149 29 unknown.

61 3492 124 36 Leaving
205 3492 54 28 this
572 3500 40 18 we

61 3533 113 29 wended
189 3542 49 18 our
249 3541 58 28 way
315 3531 143 38 alongside
468 3531 46 27 the
529 3531 80 33 river,

59 3575 49 27 the
115 3572 65 29 road
191 3573 28 27 in
231 3582 80 29 many
322 3572 91 37 pl.ices
425 3570 83 38 being
519 3570 91 37 nearly

51 3613 125 31 ♦covered
190 3612 26 29 in
231 3612 65 29 with
311 3615 46 26 the
377 3616 84 25 sweet
483 3611 128 39 smelling

59 3653 158 35 nianuka,in
229 3653 50 27 full
292 3653 100 28 bloom.
432 3652 52 28 We
496 3653 113 27 reached

48 3695 60 30 --the
140 3693 161 35 Beaumont,
332 3691 87 31 which
459 3702 102 25 means,
595 3691 13 30 I

272 3734 137 27 Beautiful

48 3774 65 30 iand
127 3775 77 28 there
219 3774 50 27 had
294 3784 49 17 our
396 3774 138 27 Shemona
583 3774 27 26 in

50 3817 56 30 ?fche
122 3820 70 25 most
207 3814 111 30 modern
338 3813 176 30 constructed
537 3813 72 29 hotel

55 3859 66 27 •that
136 3857 13 28 I
164 3857 52 27 had
235 3866 65 17 seen
314 3855 27 27 in
355 3855 35 27 all
405 3865 44 25 my
465 3855 146 36 goldfields

59 3901 73 31 tour,
145 3906 50 18 our
209 3895 73 35 host,
295 3894 44 28 Mr
360 3893 85 32 Nash,
465 3893 147 39 providing

61 3938 43 29 for
118 3949 31 17 us
158 3947 36 19 on
208 3947 34 18 an
255 3935 123 39 equality
392 3934 64 29 with
465 3945 55 26 any
529 3934 28 29 of
567 3934 45 30 the

57 3979 66 26 ;best
138 3977 87 27 hotels
233 3986 30 17 or
272 3976 80 26 clubs
362 3975 28 26 in
404 3974 67 27 New
483 3974 128 27 Zealand.

63 4017 80 30 After
153 4027 16 17 a
184 4015 56 29 ride
260 4015 30 28 of
311 4015 86 28 about
417 4013 97 28 twelve
538 4013 76 29 miles

56 4070 45 18 <we
117 4057 113 30 reached
245 4057 153 33 Lawrence,
412 4055 54 28 and
480 4055 77 28 there
568 4066 43 26 my

57 4098 95 30 friend
164 4097 55 28 and
234 4096 13 29 I
263 4106 16 27 p
288 4096 79 29 irted.
409 4097 15 26 1
444 4095 50 28 left
518 4095 35 38 by
568 4095 47 28 the

55 4140 152 28 ;afcernoon
231 4137 72 28 train
329 4138 42 27 for
395 4135 138 35 Duuedin,
561 4135 53 29 and

64 4190 45 27 my
122 4177 139 30 erstwhile
281 4176 54 29 and
358 4175 164 37 interesting
540 4186 60 18 coin

59 4220 103 39 pinion
180 4217 98 29 turned
303 4217 40 29 his
361 4215 104 31 horse's
487 4216 68 29 head
575 4224 27 21 to-

64 4261 89 27 wards
186 4257 125 30 Gabriels
350 4258 93 37 Gully,
482 4257 89 28 which
604 4257 15 28 I

66 4299 169 32 understood
261 4309 55 19 was
348 4300 46 28 the
422 4298 75 39 place
524 4299 29 28 of
579 4297 41 30 his

67 4342 117 35 nativity
195 4339 55 28 and
265 4339 45 29 the
330 4340 80 28 home
432 4338 30 28 of
484 4338 43 28 his
548 4337 73 38 aged

64 4389 124 30 parents.

107 4427 25 24 A
151 4424 72 34 good
237 4424 54 27 few
317 4431 80 27 years
422 4421 70 27 have
517 4419 99 36 passed

62 4463 81 31 ,-siuce
156 4462 75 36 then,
244 4462 55 29 and
314 4461 13 29 I
342 4461 145 28 havebejn
500 4459 119 38 through

68 4504 94 38 nearly
181 4504 34 29 all
240 4505 47 28 the
308 4502 69 29 New
390 4500 120 30 Zealand
532 4500 87 35 cities,

59 4545 63 29 atnd
134 4545 87 27 about
233 4555 17 17 a
265 4543 95 29 month
382 4552 53 27 ago
459 4541 15 29 I
496 4541 123 28 retraced

60 4585 53 30 -,the
144 4584 68 30 road
245 4594 46 28 my
321 4581 163 40 compauion
515 4581 56 29 and
604 4580 14 29 I

65 4625 133 29 travelled
211 4636 29 17 as
251 4626 27 27 in
289 4624 45 28 the
345 4622 147 39 foregoing
503 4620 111 30 ramble.

64 4667 82 38 Long
161 4667 94 28 before
270 4666 14 28 I
298 4675 75 19 caine
390 4671 27 21 to
432 4664 46 28 the
487 4662 70 29 little
571 4662 47 28 hill

59 4714 37 22 lit
118 4708 155 28 Horseshoe
296 4705 76 28 Bend
392 4704 15 28 I
431 4703 187 28 remembered

65 4748 48 28 the
122 4747 113 29 wooden
249 4746 59 29 slab
322 4743 111 33 painted
448 4743 90 33 white,
552 4741 65 28 with

62 4790 48 27 the
124 4788 27 28 in
360 4781 185 39 Somebody's
555 4781 46 28 dar-

63 4830 61 37 ling
134 4829 49 27 lies
193 4826 98 30 busied
416 4826 49 26 but
473 4822 107 29 instead
591 4824 28 26 of

63 4869 134 37 standing
210 4873 28 23 at
260 4868 48 28 the
328 4864 69 30 head
419 4864 30 28 of
475 4863 47 28 the
548 4862 70 28 little

62 4920 87 29 green
164 4918 80 28 grass
259 4906 111 34 mound,
385 4909 8 23 L
407 4915 57 17 saw
477 4904 22 27 it
509 4903 67 36 split
591 4904 25 26 in

64 4957 67 28 two,
144 4959 51 19 one
221 4955 64 31 part
308 4948 28 27 of
362 4946 20 28 it
407 4944 80 39 lying
512 4953 34 18 on
574 4943 45 28 the

64 4990 114 38 ground
197 4988 55 29 and
266 4988 47 28 the
333 4986 81 29 other
437 4983 124 40 propped
585 4994 34 28 up

67 5033 34 31 by
117 5041 34 16 an
165 5030 60 27 iron
238 5026 134 30 standard
386 5027 26 25 in
426 5037 16 15 a
456 5024 88 34 fence,
567 5026 52 24 and

62 5073 65 27 •that
140 5081 16 16 a
176 5071 73 36 good
272 5067 53 28 few
346 5064 83 40 yards
449 5074 76 27 away
551 5063 69 29 from

66 5113 48 26 the
140 5119 98 27 grassy
266 5106 119 33 mound;
406 5104 55 28 and
487 5104 64 28 here
577 5104 45 28 the

64 5151 114 38 couplet
200 5151 27 26 in
257 5147 74 30 Lord
357 5145 116 39 Byron's

66 5202 77 19 came
173 5195 28 22 to
235 5199 45 26 my
307 5197 122 26 memory
498 5185 65 35 May
588 5196 34 17 no

68 5235 104 26 statute
187 5230 29 29 of
230 5229 71 28 fame
315 5226 143 30 emblazon
473 5235 44 19 mv
532 5235 89 26 name;

71 5273 44 27 All
131 5272 14 27 I
157 5271 77 32 wi.-h,
244 5270 35 26 ail
294 5268 14 28 I
321 5268 60 33 ask,
392 5270 23 24 is
435 5278 15 15 a
470 5272 58 22 tear
600 5270 18 23 A

66 5312 58 38 <l;y
155 5316 73 22 alter
260 5308 13 29 I
306 5306 115 30 reached
454 5306 47 28 the
532 5305 91 39 Gorge

68 5352 89 31 Creek
172 5362 32 18 or
246 5346 167 32 Shemona.''
452 5347 16 26 '1
478 5348 62 28 here
555 5346 66 30 time

69 5395 56 28 and
148 5404 36 17 no
205 5401 63 18 caie
287 5391 54 27 had
362 5389 99 38 played
485 5390 46 27 the
551 5399 74 19 same

70 5437 89 28 havoc
173 5432 65 28 with
254 5431 46 28 the
316 5438 70 30 <pot.s
401 5430 88 29 where
499 5430 125 37 pioneers

70 5477 55 27 lav.
165 5473 58 29 The
237 5472 71 35 heap
327 5470 29 28 of
378 5474 92 25 stones
496 5470 129 36 marking

69 5517 50 29 the
132 5515 75 39 place
221 5510 104 31 around
340 5510 47 28 the
407 5510 59 28 slab
487 5510 59 34 (the
566 5510 59 29 slab

72 5557 59 30 still
155 5554 98 29 stands
278 5553 27 27 in
335 5561 119 27 memory
482 5553 28 26 of
532 5552 93 27 James

73 5597 131 35 Stewart)
219 5595 69 28 have
301 5592 89 29 either
400 5592 68 27 been
481 5592 102 27 shifted
597 5602 28 17 or

73 5636 117 32 covered
205 5645 36 27 up
258 5632 62 29 with
335 5631 90 29 dibris
447 5633 26 26 in
496 5632 46 27 the
562 5632 63 27 time

71 5679 30 27 of
113 5678 89 35 heavy
221 5679 111 24 storms.
373 5672 99 28 Suffice
492 5672 23 27 it
529 5675 28 24 to
579 5682 46 26 say

70 5722 14 31 $
96 5722 38 26 lat
145 5717 51 30 h«r
205 5715 37 40 Uy
256 5724 54 28 an/
331 5717 74 24 t:ace
427 5712 30 29 of
476 5711 25 30 tV
508 5721 44 20 em
576 5721 49 20 can

73 5771 32 21 ue
119 5757 97 35 foui:d,

689 172 80 35 Now,
797 172 43 28 Mr
868 172 104 35 Elitor,
995 184 45 26 my
1063 172 92 39 object
1177 172 27 29 in

654 213 110 39 writing
774 214 23 27 is
810 213 60 29 that,
878 224 53 28 you
948 214 104 29 receive
1065 214 124 38 subscrip-

653 254 70 29 tions
735 260 27 23 to
776 261 49 31 get
839 255 45 28 tliH
894 255 75 29 cairn
992 255 28 29 of
1047 259 93 25 stones
1162 266 28 17 re-

652 295 94 37 placed
762 302 28 21 at
804 296 47 27 the
866 295 92 39 Gorge
976 295 97 35 Creek,
1087 295 56 28 and
1159 296 45 27 the

651 339 78 24 stone
742 335 28 28 in
785 335 282 30 memorian—James
1086 336 118 28 Stewart

638 376 1 40 I
651 376 71 29 —all
741 384 49 31 put
810 377 29 28 in
860 377 81 28 order
962 377 92 39 again.
1094 377 14 28 I
1129 377 73 28 learn

651 417 60 30 that
730 417 104 29 several
855 418 126 38 pioneers
1002 418 28 29 of
1052 417 69 30 Bald
1145 417 57 29 Hill

649 468 49 18 can
713 458 53 27 still
778 459 77 36 point
866 459 148 27 nut.where
1028 459 45 28 the
1086 459 117 27 remains

648 508 55 18 are.
744 497 44 29 Mr
813 497 183 38 M'Gettigan,
1024 498 44 27 Mr
1101 497 100 38 Kemp,

647 539 54 28 aud
723 538 46 29 Mr
793 539 93 28 Butler
909 549 69 18 were
999 538 152 39 suggested
1174 545 28 22 to

649 589 42 18 me
730 590 29 17 as
798 579 83 35 likely
920 584 28 22 to
986 579 64 36 give
1082 579 47 27 the
1160 579 28 26 in-

647 619 146 28 formation
834 618 136 39 required,
1009 618 54 29 and
1113 619 87 27 would

648 667 57 28 not,
754 660 13 28 I
816 669 44 18 am
907 669 71 23 sure,
1032 660 32 26 be
1114 659 86 28 found

648 700 122 38 wanting
783 700 27 27 in
828 699 191 37 contributing
1033 704 27 22 to
1075 699 45 27 the
1141 705 60 21 cost

646 741 97 28 either.
785 743 38 24 As
837 744 28 23 to
879 740 46 27 the
940 738 157 29 Horseshoe
1122 739 75 28 Bend

715 779 182 37 Somebody's
910 779 111 38 darling
1040 779 49 28 lies
1103 779 94 28 buried

815 820 118 37 perhaps
963 828 76 18 some
1070 819 30 27 of
1131 829 69 25 your

648 861 108 27 readers
778 870 59 26 may
855 860 32 27 be
900 859 60 27 able
974 864 28 23 to
1053 861 76 26 show
1152 859 47 27 the

646 900 76 38 place
738 900 88 27 where
842 899 33 28 he

686 944 6 25 1
712 941 107 28 enclose
832 950 53 27 you
900 941 31 26 4-;
955 939 26 28 in
1007 944 114 34 stamps,
1143 938 54 29 and

646 981 88 29 would
770 987 116 32 suggest
919 981 59 27 that
1009 991 54 27 you
1096 980 103 28 receive

645 1022 209 38 subscriptions,
887 1021 125 38 handing
1046 1022 46 27 the
1124 1032 75 17 same

646 1073 74 24 over,
736 1072 57 27 say,
807 1069 28 20 to
856 1063 48 26 the
924 1062 66 27 Kev.
1013 1061 45 28 Mr
1085 1061 114 35 felford,

646 1103 60 28 who
731 1103 88 27 would
846 1103 142 27 doubtless
1014 1113 46 18 see
1092 1107 28 23 to
1154 1102 45 28 the

646 1144 125 37 required
794 1144 158 27 renovation
977 1143 29 27 of
1028 1143 46 27 the
1095 1143 105 36 resting

646 1183 90 38 places
762 1183 29 28 of
817 1184 78 26 those
928 1183 60 27 who
1020 1183 68 27 have
1115 1182 84 28 fallen

644 1223 92 37 asleep
776 1222 87 28 under
901 1223 140 27 unknown
1082 1223 102 28 circum-

646 1270 116 22 stances.

689 1309 66 39 [We
765 1308 54 29 will
831 1309 34 28 be
875 1309 92 37 happy
978 1313 28 24 to
1020 1309 105 28 receive
1137 1309 48 28 sub-

647 1350 146 37 scriptions
805 1350 43 26 for
858 1349 45 27 the
915 1358 118 27 purpose
1045 1349 156 26 mentioned

647 1399 30 17 as
690 1388 148 36 suggested
856 1388 33 36 by
913 1398 51 17 our
985 1387 214 38 correspondent

647 1429 69 27 from
733 1430 77 26 those
824 1427 61 29 who
898 1426 170 38 sympathise
1080 1426 64 28 with
1157 1428 45 26 the

647 1469 101 39 object.
788 1468 76 29 JSuch
877 1468 202 28 contributions
1100 1467 52 29 will
1169 1469 31 27 be

647 1510 65 37 duly
733 1509 215 37 acknowledged
962 1508 26 28 in
1005 1509 46 28 the
1065 1509 75 28 Mail
1150 1508 10 38 ]

672 1602 321 55 Roxburgh-Heriot
1020 1602 145 54 Railway

855 1658 146 52 League.

646 1743 221 24 INVERCARGILL
887 1742 147 22 HEARTILY
1053 1742 149 23 ENDORSES

823 1778 57 22 THE
896 1778 129 22 PROJECT.

705 1840 57 22 THE
777 1838 142 23 CHAMBER
931 1837 37 22 OF
980 1838 164 23 COMMERCE.

672 1902 17 20 A
699 1899 74 28 special
785 1899 89 25 meeting
883 1899 22 20 of
914 1898 36 21 the
960 1898 129 27 Invetcargill
1097 1900 102 22 Chamber

643 1929 23 21 of
683 1929 119 21 Commerce
826 1934 39 12 was
887 1926 64 20 called
974 1934 26 13 on
1025 1927 75 26 Friday
1114 1928 40 20 la.it
1176 1931 22 17 to

643 1957 95 20 consider
764 1956 35 19 the
830 1957 63 17 almve
922 1953 87 26 subject,
1035 1957 60 19 wiieu
1125 1955 74 21 Messrs

644 1983 101 21 Turnbull
774 1981 128 26 (chaining,
935 1979 85 28 H.wke,
1054 1981 25 23 R.
1107 1982 90 27 Dunlop,

644 2011 85 26 Tothill,
740 2009 101 26 Gihuourj
853 2009 26 21 G.
903 2007 30 22 W.
950 2007 83 28 Nichoi,
1047 2009 97 27 Hawson,
1159 2012 38 19 aud

646 2039 117 20 M'Farlana
783 2044 51 14 were
853 2038 88 23 present.
977 2036 43 21 Tne
1037 2037 104 21 chairman
1159 2038 40 21 aud

647 2066 72 21 Messrs
727 2065 77 21 Tothill
809 2064 40 21 aud
859 2063 115 21 M'Fariane
979 2064 104 21 delivered
1092 2065 105 26 speeches,

645 2093 28 21 all
687 2093 21 20 of
727 2092 65 21 which
811 2099 51 13 were
880 2091 91 26 strongly
992 2091 21 21 in
1033 2092 74 21 favour
1123 2092 22 21 ef
1164 2094 35 19 the

645 2125 136 17 construction
796 2119 21 21 of
828 2122 34 18 the
873 2119 46 23 line,
930 2119 41 20 aud
979 2119 54 21 after
1050 2127 55 14 some
1115 2120 83 22 farther

644 2149 113 21 discussiou
774 2148 34 20 the
822 2146 102 25 following
940 2146 111 23 resolution
1069 2154 39 13 wa<
1117 2149 79 20 carried

646 2176 142 27 unanimously
854 2174 73 22 Moved
950 2175 25 25 by
1000 2174 32 22 Mr
1060 2174 74 23 Nichol
1157 2176 42 22 and

645 2205 99 21 seconded
762 2205 25 25 by
805 2204 33 21 Mr
855 2203 91 22 Tothill:
969 2203 55 21 That
1044 2204 42 21 this
1102 2204 97 22 chamber

646 2233 91 25 strongly
754 2239 49 19 urge
816 2233 35 18 the
861 2231 141 20 Government
1011 2235 22 16 to
1043 2237 105 19 pronecute
1159 2233 36 20 the

646 2265 105 15 extension
775 2258 22 21 of
823 2259 35 20 the
882 2257 93 25 Waipahi
985 2268 12 5 -
1007 2258 73 21 Heriot
1105 2259 42 20 line
1176 2263 21 17 to

646 2286 121 27 Roxburgh,
776 2286 41 20 and
828 2286 49 20 thus
888 2286 46 24 give
942 2285 63 21 effect
1023 2289 23 17 to
1061 2286 36 20 the
1114 2287 85 25 original

645 2314 78 26 project
745 2314 21 20 in
790 2312 87 26 forming
899 2312 41 21 this
958 2312 48 22 line.
1042 2313 43 21 The
1100 2312 97 22 chamber

646 2340 68 22 would
724 2341 59 27 pviut
793 2343 37 18 out
839 2340 46 21 that
893 2340 21 20 in
927 2346 22 14 so
962 2339 62 27 doing
1040 2340 95 21 valuable
1152 2340 47 22 land

645 2369 67 21 would
728 2369 24 20 be
767 2367 79 26 opened
864 2374 29 20 up
906 2367 32 20 for
951 2369 133 24 aettlement;
1099 2368 40 22 and
1154 2369 46 21 that

644 2397 42 19 this
693 2397 107 19 extension
811 2395 67 21 would
886 2397 86 18 convert
984 2395 37 21 the
1031 2399 83 22 present
1122 2396 78 21 section

644 2425 44 19 into
703 2430 12 14 a
731 2423 106 26 profitable
852 2422 89 25 working
951 2421 75 23 branch
1035 2422 22 21 of
1067 2423 36 21 the
1112 2423 85 26 railway

643 2453 84 24 system.
755 2450 22 22 It
787 2456 17 16 la
812 2449 83 22 further
905 2449 62 26 urged
977 2450 46 20 that
1033 2451 35 20 the
1077 2451 83 21 aettlera
1175 2451 21 21 in

644 2480 34 20 the
698 2477 82 23 district
800 2477 89 22 referred
903 2480 21 18 to
939 2484 34 14 are
992 2478 121 21 unanimous
1131 2479 22 20 iu
1162 2479 38 21 the

642 2507 66 20 desire
722 2510 22 17 to
762 2507 51 20 have
828 2505 88 27 cheaper
933 2504 41 22 and
992 2512 55 15 more
1062 2506 66 21 direct
1145 2514 41 13 com-

643 2534 126 21 munication
785 2533 49 21 with
851 2533 61 26 Gore,
929 2532 132 26 Invercargill
1077 2534 41 21 aud
1133 2534 65 26 Bluff,

644 2561 66 22 which
722 2560 40 23 this
771 2560 109 23 extension
891 2559 66 23 would

759 2638 129 22 MEETING
901 2639 37 21 OF
950 2637 136 25 CITIZENS.

669 2680 17 20 A
696 2679 69 27 public
775 2680 88 25 meeting
878 2685 39 14 was
928 2678 48 22 held
985 2686 24 13 on
1027 2679 73 25 Friday
1110 2679 90 27 evening

640 2709 22 19 at
673 2707 35 21 the
717 2707 83 21 Council
812 2706 56 21 Hall.
877 2706 139 27 luvercargill,
1028 2708 20 20 in
1063 2707 136 21 furtherauce

640 2734 22 21 of
672 2736 34 19 the
717 2735 92 26 proposal
821 2740 21 14 to
847 2739 106 16 construct
960 2740 34 15 tne
1005 2734 91 27 railway,
1105 2735 41 21 and
1155 2741 40 14 waa

640 2763 75 25 largely
726 2762 98 21 attended
832 2763 26 25 by
873 2764 35 18 th*
919 2762 99 26 principal
1035 2762 91 22 citiisua.
1156 2762 40 21 His

642 2790 95 25 Worship
748 2790 35 19 the
793 2789 80 25 Mayor,
884 2789 32 20 Mr
925 2788 23 22 J.
959 2790 26 19 A.
1001 2789 46 21 Han
1054 2797 27 17 tn,
1094 2790 101 26 presided.

640 2818 101 24 Amongit
751 2816 35 21 the
795 2817 96 27 speakers
902 2822 51 14 were
967 2818 35 18 the
1021 2816 48 26 May
1070 2823 31 18 or,
1120 2817 77 20 Messrs

639 2843 134 27 Carswell,J.
786 2845 35 19 W.
832 2842 69 27 Kelly,
911 2842 51 22 M.H
975 2844 31 26 R.,
1020 2843 33 22 W.
1066 2843 19 21 N
1099 2844 97 26 Stirling,

639 2872 26 21 G.
686 2872 26 21 C.
730 2870 84 27 Tothill,
835 2870 31 23 H.
880 2871 59 22 Mair.
959 2870 21 23 J,
1007 2873 24 20 P.
1047 2871 72 27 Joyce,
1138 2871 57 22 John

639 2900 123 25 Thompson,
798 2901 24 20 S.
856 2898 102 26 Gilmour,
999 2899 117 26 Scandrett,
1154 2900 41 21 aud

638 2927 150 22 CttthbortaoD.
813 2926 43 22 The
868 2926 63 21 whole
939 2926 22 21 of
971 2927 58 21 those
1040 2933 84 20 present
1140 2927 50 21 with

637 2962 40 14 Otie
691 2957 107 24 exception
814 2954 42 25 (Mr
876 2954 72 25 Jojrc>?)
971 2956 92 24 strongly
1082 2955 112 20 advocated

639 2983 34 18 tUe
686 2980 99 26 proposed
795 2981 48 24 line,
857 2980 41 20 nod
917 2980 33 20 Mr
964 2979 71 27 Kelly,
1051 2980 35 21 the
1103 2981 91 20 member

638 3006 33 22 for
680 3008 36 20 the
725 3007 87 27 diatric,
823 3006 43 22 said
877 3007 25 20 he
913 3013 40 15 w»a
963 3011 88 23 entirety
1060 3006 20 22 in
1091 3007 73 21 favour
1171 3006 22 22 of

640 3035 35 21 the
689 3034 73 22 Heriot
771 3035 114 21 extension.
913 3035 30 21 At
958 3034 36 22 th*
1011 3038 55 18 elose
1074 3034 22 22 of
1112 3042 12 14 a
1145 3041 49 21 very

640 3063 136 21 euthudaatic
797 3062 96 25 meeting,
908 3062 32 21 Mr
960 3063 77 21 Tothdl
1058 3063 73 21 moved
1147 3065 48 19 that

640 3091 36 19 the
685 3090 117 26 gentlemen
819 3095 87 20 present,
920 3090 49 20 with
990 3096 68 19 power
1073 3096 21 14 to
1110 3090 40 21 adl
1170 3095 22 15 t?

641 3118 53 21 their
703 3121 92 23 number,
808 3117 52 21 form
872 3117 123 21 theiuaeivea
1005 3117 44 21 into
1055 3124 12 14 a
1073 3119 121 19 committee

642 3149 21 17 to
672 3149 33 18 act
713 3145 21 22 iu
748 3145 132 27 conjunction
892 3145 47 21 with
952 3146 35 20 the
995 3145 198 27 Heriovßoxburgh

641 3173 79 26 League
738 3173 21 21 in
774 3175 131 19 furtherance
922 3173 22 20 of
962 3173 55 20 their
1029 3173 79 26 objects
1124 3175 20 19 in
1160 3176 35 18 the

642 3205 76 17 matter
743 3200 23 21 of
792 3200 81 27 railway
901 3200 114 22 extension.
1044 3201 33 20 Mr
1106 3199 31 23 W.
1166 3200 28 22 N.

641 3229 87 26 Stirliug
739 3228 100 21 seconded
849 3230 38 18 tue
895 3229 85 24 motion,
990 3228 66 21 which
1065 3235 40 14 waa
1118 3229 79 20 carried

642 3257 150 25 unauimomiy.
825 3255 33 21 Mr
879 3255 109 22 Scandrett
1018 3262 40 14 waa
1085 3256 113 27 appointed

641 3289 102 21 secretary
759 3291 37 19 pro
806 3286 53 19 tem.

673 3362 88 23 WHAT
773 3362 59 23 THE
1057 3363 86 22 TIMES

882 3397 81 21 SAYS,

666 3436 25 21 In
703 3443 13 13 a
724 3436 48 26 ably
783 3436 81 20 written
874 3437 39 20 and
927 3436 86 21 forcible
1026 3436 81 26 leading
1122 3436 73 22 article

641 3464 20 20 in
673 3463 35 21 the
715 3463 15 10 44
738 3463 115 22 Southland
863 3464 66 20 Tunas
989 3468 34 16 tlie
1034 3465 49 20 2rtth
1094 3465 47 26 ult.,
1162 3467 36 18 the

640 3492 80 27 subject
729 3498 17 15 m
755 3492 99 22 reviewed
861 3495 23 18 at
893 3493 80 25 length.
1000 3491 25 22 In
1037 3493 34 20 the
1086 3499 72 15 c«ursu
1176 3492 22 22 of

640 3520 37 20 the
691 3519 71 21 article
779 3519 35 21 the
960 3526 72 19 says—
1033 3519 5 9 4
1042 3519 4 26 '
1060 3520 43 20 Tue
1126 3524 69 21 league

639 3553 92 19 sugge.au
752 3547 47 20 that
818 3552 12 14 a
845 3547 118 20 committee
980 3547 74 21 should
1073 3547 25 20 be
1112 3547 82 21 formed

640 3575 22 19 iu
670 3574 132 25 luvercargill
820 3577 21 17 to
859 3576 53 18 work
930 3575 21 19 iu
969 3580 83 15 concert
1064 3575 48 20 with
1129 3575 65 25 them,

639 3602 40 20 and
692 3601 45 20 that
745 3608 11 13 a
767 3601 86 24 petition
864 3601 53 21 from
928 3602 99 20 residents
1037 3601 52 22 from
1098 3609 38 14 oao
1154 3604 40 19 eud

639 3630 22 20 of
671 3629 35 21 the
719 3635 58 15 route
788 3633 21 17 to
818 3630 33 20 the
863 3631 61 19 other
936 3629 73 22 should
1021 3632 23 19 be
1060 3636 33 19 gos
1113 3637 27 19 up
1152 3630 41 21 and

640 3657 106 24 presented
766 3661 20 15 to
803 3657 133 20 Parliament.
967 3657 35 19 We
1018 3660 53 17 most
1089 3659 102 23 earnestly

639 3683 107 21 commend
753 3683 37 22 the
797 3689 116 21 auggeatiou
922 3688 19 16 to
949 3683 36 22 the
995 3684 117 21 mercantile
1120 3684 72 26 people

640 3712 21 21 of
669 3713 34 20 the
714 3717 62 22 town,
790 3715 41 19 and
843 3712 64 21 would
918 3719 25 19 go
954 3712 35 21 the
1004 3713 70 26 length
1084 3712 22 22 of
1120 3720 72 20 saying

641 3742 45 17 th.it
701 3740 15 19 if
734 3745 49 21 tuey
799 3741 26 19 do
840 3745 37 15 not
893 3742 47 18 take
955 3743 35 17 the
1006 3746 76 15 mtiter
1098 3747 26 19 up
1140 3747 53 14 most

640 3767 87 25 heartily
745 3770 50 23 they
816 3767 40 20 will
877 3768 57 19 sho>v
953 3768 122 19 themselves
1093 3768 97 25 culp-ioly

640 3793 118 22 indifferent
767 3799 20 15 or
800 3794 53 21 their
862 3800 46 15 own
1069 3794 47 21 And
1126 3802 24 18 ag
1156 3795 35 25 tin,

665 3821 21 22 It
696 3822 16 20 is
723 3822 49 21 with
779 3822 35 21 the
829 3823 43 20 tirst
884 3822 115 22 mentioned
1010 3822 44 27 (the
1068 3823 121 26 Roxburgu-

642 3850 72 20 Heriot
724 3853 113 21 extension)
851 3858 26 12 we
891 3851 132 25 atesiieoiily
1042 3852 113 18 concerned
1171 3855 21 15 at

642 3882 34 13 tue
687 3881 81 19 present
781 3881 96 19 moment,
888 3877 41 18 aud
945 3883 28 13 we
984 3879 54 17 truit
1050 3877 36 19 Mis
1100 3877 56 18 VVors
1166 3877 27 25 iip

642 3909 45 19 may
706 3902 84 21 succeed
808 3902 20 21 in
847 3910 23 19 ge
882 3905 42 24 ting
945 3903 35 20 the
997 3907 74 16 matter
1090 3904 61 20 talceu
1166 3910 26 19 up

642 3935 83 22 w.iriuly
753 3936 25 21 i»y
799 3930 36 22 the
853 3933 144 24 townspeople.
1028 3930 37 22 We
1089 3931 50 21 luve
1168 3938 26 14 no

642 3959 118 24 knowledge
778 3959 21 19 uf
816 3959 53 19 whit
887 3960 34 18 the
937 3959 87 25 Mayor's
1040 3960 61 18 views
1115 3966 26 13 on
1160 3960 34 18 the

642 3985 79 25 subject
733 3992 44 16 mty
786 3987 30 21 be,
828 3987 37 16 hut
876 3992 29 11 we
916 3986 50 18 have
976 3992 12 12 a
999 3991 70 19 strong
1076 3992 38 13 con
1119 3985 75 20 viction

642 4012 47 20 that
694 4011 16 21 if
717 4011 35 21 the
758 4011 82 21 citizena
849 4011 35 21 fail
894 4017 21 14 to
925 4011 86 27 respond
1020 4018 52 14 most
1080 4011 114 27 vigorously

644 4046 21 14 to
679 4041 34 19 the
723 4041 72 26 appeal
806 4039 21 21 of
841 4043 35 18 tl.e
894 4040 193 26 Heriot-Roxburgh
1105 4039 90 26 Railway

644 4067 80 26 League
734 4072 48 21 they
794 4069 38 19 will
849 4070 23 18 be
885 4069 72 24 letting
968 4069 53 19 th-ir
1028 4069 112 25 Oirturigiit
1152 4076 43 15 pass

645 4098 20 16 to
675 4096 92 25 another,
778 4095 40 21 and
830 4096 41 20 will
886 4095 83 21 deserve
986 4098 21 17 to
1018 4095 40 20 lose
1074 4101 24 17 it.
1129 4095 65 21 When

646 4123 38 19 last
717 4129 29 14 we
773 4123 87 21 toucned
888 4130 53 19 upon
974 4123 40 20 this
1040 4123 94 26 quea;iou
1169 4130 28 13 we

644 4151 132 19 commended
793 4155 16 15 it
826 4156 20 14 to
863 4151 34 19 the
915 4151 101 19 Chamber
1031 4154 20 16 ot
1070 4152 125 20 Commerce,

646 4177 40 21 aud
695 4184 33 14 are
739 4178 42 20 stiil
791 4177 22 21 of
821 4177 56 27 opini
886 4185 17 13 iq
913 4178 46 20 that
972 4182 17 16 it
1000 4184 16 13 is
1027 4184 38 14 oue
1076 4178 65 20 which
1154 4180 45 18 that

648 4209 24 16 Oo
680 4206 18 25 iy
706 4205 73 22 should
790 4206 50 21 ueed
851 4213 24 12 no
886 4212 70 20 urging
966 4210 19 16 to
996 4207 46 19 take
1053 4211 27 21 up
1092 4207 105 25 promptly

647 4234 40 19 and
696 4237 85 22 support
794 4234 46 19 with
850 4240 83 19 energy.

675 4263 28 17 As
720 4261 39 20 will
776 4262 23 19 be
813 4267 47 14 seen
875 4262 71 24 above,
965 4260 35 21 the
1017 4259 97 22 "Tines'
1155 4260 46 21 able

648 4288 100 26 advocacy
769 4288 21 22 of
812 4295 39 14 our
868 4289 62 20 needs
951 4295 38 14 was
1007 4293 36 16 not
1070 4289 87 21 without
1175 4294 27 15 its

649 4316 69 21 effect.

664 4393 18 21 A
697 4392 119 23 BRANCH
838 4392 117 22 FORMED
968 4394 38 21 AT
1025 4394 163 22 DUNROBLV.

675 4432 85 25 Despite
779 4432 146 20 unfavourable
945 4433 95 24 wea-her,
1057 4440 11 12 a
1085 4433 58 25 large
1163 4441 25 12 an
1197 4435 5 18 1

651 4462 160 23 representative
836 4459 90 25 meeting
942 4459 22 21 of
990 4460 106 20 Dunrohin
1118 4460 84 21 settlers

649 4486 113 21 assembled
776 4492 22 15 at
814 4486 35 21 the
865 4487 82 21 «ciioolh
952 4493 45 16 jUse
1013 4489 57 20 there
1080 4495 26 14 on
1126 4488 75 27 Friday

650 4521 86 19 evening
746 4519 20 16 to
775 4515 93 20 consider
877 4519 35 16 tne
922 4516 109 20 formuiou
1042 4516 21 20 of
1074 4523 11 13 a
1094 4516 78 21 branch
1180 4523 20 14 or

649 4542 22 21 of
680 4544 35 18 the
725 4542 51 20 local
795 4544 63 18 Uailw
865 4548 19 19 iy
893 4542 78 25 league.
1000 4543 31 20 Mr
1041 4544 22 20 C.
1087 4543 63 20 Ker.se
1162 4551 38 12 was

648 4570 21 21 iu
687 4570 35 19 the
733 4570 62 26 cnair,
814 4568 41 21 and
866 4569 72 20 Messrs
955 4573 100 18 beuuetu
1065 4571 40 20 and
1123 4572 76 19 iJuune

648 4597 128 25 (Roxburgh)
797 4604 51 12 were
858 4599 89 24 present,
957 4605 22 12 as
988 4598 103 24 delegates
1100 4598 52 20 from
1164 4599 35 19 the

647 4623 197 26 Roxburgh-Heriot
854 4627 86 22 League.
967 4624 152 21 Thecuairman
1130 4629 53 16 state
1192 4627 6 18 I

647 4654 35 19 the
699 4651 68 28 object
776 4651 21 21 of
808 4656 34 16 the
861 4652 96 26 meeting,
967 4652 54 21 after
1042 4653 72 25 which,
1124 4656 22 17 at
1167 4653 30 20 his

648 4686 88 21 request,
756 4680 35 19 the
802 4679 101 26 delegatus
921 4686 50 19 gave
981 4687 11 13 a
1010 4680 51 20 brief
1079 4686 79 14 resume
1175 4680 22 20 of

647 4708 35 19 the
693 4707 55 19 work
757 4708 64 18 wuiuh
832 4707 40 19 had
882 4714 49 12 oeen
941 4709 52 17 dour!
1009 4709 54 18 siuee
1074 4711 34 16 tne
1127 4709 70 24 league

649 4740 38 13 was
712 4733 134 26 reorgiuised,
875 4737 35 16 tue
928 4734 77 25 ooj-cts
1030 4735 66 19 which
1119 4734 16 20 it
1156 4742 38 12 wn

649 4760 64 22 hoped
723 4764 22 16 to
753 4759 130 27 accomplish,
894 4760 40 20 and
945 4766 34 14 tue
994 4764 69 17 met'io
1072 4763 5 18 1
1089 4763 26 23 by
1133 4762 63 20 which

647 4789 49 19 such
703 4787 73 21 results
784 4787 65 26 might
858 4794 22 14 <>e
887 4787 98 22 attained.
1009 4790 19 19 A
1035 4795 36 14 con
1076 4789 120 21 versatiouil

647 4816 111 20 d;scussio.i
775 4815 83 26 eusuid,
870 4816 19 20 iu
903 4822 66 14 wuicu
988 4817 79 19 several
1080 4818 115 23 geutlemeu

647 4843 108 24 expressed
774 4844 121 18 themselves
904 4844 91 25 strongly
1006 4852 25 12 on
1042 4844 35 20 the
1097 4845 99 25 necesd'y

636 4869 1 28 j
648 4871 32 20 for
698 4873 35 18 the
742 4870 139 20 conatructiou
899 4869 21 21 of
940 4873 34 18 tile
995 4872 88 25 railway,
1103 4880 23 11 au
1136 4874 6 18 I
1161 4873 35 19 the

649 4899 94 25 injustice
759 4903 20 14 to
792 4904 81 13 seoo.eis
892 4900 44 18 who
956 4905 59 15 mtnv'
1025 4906 59 18 years
1093 4906 36 18 ago
1149 4903 47 17 took

649 4932 28 17 up
696 4925 54 21 their
763 4925 63 21 famis
844 4931 26 15 ou
888 4927 36 18 the
936 4925 30 21 dis
978 4927 43 19 iuct
1039 4927 158 26 underiuiiiding

650 4957 45 16 that
705 4954 35 19 the
758 4952 82 26 railway
859 4958 44 15 wou
912 4953 13 20 d
942 4958 23 15 be
984 4954 51 19 built
1044 4958 20 15 at
1164 4956 34 19 All

650 4984 81 23 present
743 4987 50 13 were
803 4980 90 20 eurolleil
907 4983 99 18 membeis
1015 4980 21 21 of
1052 4982 35 19 the
1101 4984 78 23 league,
1187 4991 11 10 a

649 5011 57 22 great
715 5008 45 21 deal
771 5008 21 19 of
801 5009 125 18 enthusiasm
942 5010 57 24 beiug
1009 5009 76 23 slio-vu,
1106 5006 41 23 and
1164 5015 35 14 tue

651 5036 103 24 lollowiug
769 5034 89 26 gentle.u
865 5041 20 13 ;U
909 5041 51 13 were
981 5036 110 24 app>iuted
1119 5044 12 11 a
1147 5043 39 13 com-

651 5065 71 18 mi.tee
734 5062 89 20 -Messrs
841 5061 26 21 R.
881 5060 67 21 death
963 5062 118 25 (chairmau)
1093 5062 21 21 C.
1136 5062 64 21 Kerse

651 5090 124 26 (sccretaty),
797 5090 25 20 E.
840 5090 58 24 Edie,
919 5092 24 18 A.
959 5092 73 23 tiau,h
1047 5093 25 18 A.
1086 5090 114 27 Ctmpoed,

650 5118 22 20 J.
696 5121 96 23 Spencer,
811 5117 40 20 and
871 5118 23 19 P.
912 5117 108 20 Diamond.
1048 5118 20 19 It
1094 5125 39 12 was
1159 5121 42 17 also

652 5145 91 20 resolved
752 5151 20 14 to
781 5147 34 23 get
826 5145 34 19 the
870 5149 87 20 petition
968 5151 20 13 to
999 5145 125 20 Parliament
1129 5153 26 12 on
1166 5146 35 20 the
1211 5145 1 25 I

652 5174 34 20 the
696 5173 81 27 subject
786 5173 70 25 signed
862 5179 22 14 as
891 5175 130 24 numerously
1032 5180 21 13 as
1061 5173 94 26 posunle.
1184 5175 18 19 A
1211 5170 1 30 !

653 5207 45 14 vote
707 5201 21 20 of
739 5201 75 20 thanks
823 5203 22 17 to
855 5201 36 18 the
900 5199 102 26 deiegttes
1017 5200 53 21 from
1089 5201 19 19 R
1116 5201 86 25 txburgh
1211 5198 1 28 1

652 5228 31 20 for
701 5230 108 24 attending
826 5233 39 14 was
880 5226 78 22 carried
975 5233 144 22 uuauiniousiy
1134 5235 25 13 ou
1170 5229 34 20 the

653 5257 76 20 n.otion
739 5256 21 21 of
771 5257 73 19 Messrs
857 5255 109 20 Al'Keuzie
978 5255 39 21 aud
1027 5256 76 20 Heath.

679 5340 105 21 Certain'.v
800 5338 35 21 the
850 5339 53 20 most
917 5339 94 21 effective
1025 5338 99 22 medicine
1138 5337 19 20 in
1171 5336 36 21 the

656 5368 62 22 woud
737 5369 16 20 is
771 5368 53 21 .*>Ai\
832 5367 55 21 Dfiß
899 5367 40 22 aud
956 5366 77 23 SONS'
1049 5365 160 23 EUCALYPTI

658 5397 34 20 EX
701 5394 2 27 :
714 5397 78 19 lirttri'.
821 5396 48 19 IVst
876 5396 27 18 its
910 5396 113 21 eminentlr
1030 5395 99 26 p-iwerfui
1137 5394 45 20 etfe.
1190 5395 20 19 ts

654 5425 21 20 iu
688 5424 83 26 i-oughs,
781 5423 62 25 colds,
854 5422 101 21 induenza
964 5439 5 9 ,
992 5422 35 21 the
1038 5421 59 21 relief
1106 5422 16 19 is
1134 5422 63 18 insuu-

658 5461 88 12 lallt-ous.
779 5459 25 12 in
818 5462 17 10 m
841 5460 54 11 i'iuua
905 5461 55 10 uiubn
974 5454 41 17 ami
1028 5450 81 20 acoideo
1122 5449 44 20 Sof
1180 5448 19 20 al

656 5480 67 24 kind-,
737 5483 23 17 las
771 5483 48 21 tb».v
832 5479 91 23 wounds,
936 5482 67 18 burns,
1012 5478 107 22 wcaiduus,
1136 5476 76 20 bruUes

656 5515 87 15 g.uaiiiH,
752 5511 16 16 it
778 5513 16 14 is
804 5506 36 21 the
849 5506 63 21 safest
922 5505 135 27 remedy—no
1067 5504 144 24 swelling—no

657 5536 157 21 liiiiiiuiiiiatiou.
845 5537 49 18 Like
903 5541 111 19 »urpiisiog
1025 5535 73 18 effects
1109 5530 103 26 prouuetd

657 5570 20 14 in
692 5570 70 19 cioup,
773 5562 109 26 r.ipthena,
898 5562 117 24 bronchitis,
1027 5560 149 21 intlamuiatioii
1191 5562 20 15 ot

659 5598 34 13 me
715 5595 68 20 iuuj.B,
797 5591 108 24 s-vieliings,
913 5595 39 15 etc.
976 5590 108 22 diarihuea,
1100 5592 110 19 uyaeutry,

658 5624 88 14 uiseases
756 5623 19 14 oi
787 5616 34 21 the
835 5617 86 25 kidneys
930 5616 41 20 and
987 5617 81 24 urinary
1079 5621 78 17 organs.
1185 5614 25 19 In

660 5652 35 14 use
703 5647 52 18 aiuil
764 5648 144 21 uosjiiUiaaud
915 5644 85 20 medical
1007 5643 75 23 cliuics,
1095 5647 73 19 patron
1177 5648 9 13 s
1198 5639 14 22 d

659 5673 26 26 by
696 5676 37 16 tils
742 5673 88 24 iiajfaty
841 5673 35 18 the
887 5671 54 26 King
952 5671 21 19 of
985 5678 62 16 iu*i\,
1057 5669 93 21 cio«vued
1166 5671 46 16 .'nli

660 5705 66 15 Uieaai
735 5699 41 20 and
785 5699 91 25 diploma
884 5704 22 14 at
918 5699 151 19 iuiernaiiuual
1084 5698 125 23 Exuibition,

660 5729 139 19 Aiusttrdain.
825 5726 64 22 Trost
898 5732 21 15 iu
930 5731 40 15 tuis
980 5727 104 25 approved
1091 5724 71 21 article
1170 5729 41 16 anU

659 5756 34 26 it-j.
701 5758 20 18 ct
729 5756 29 20 all
769 5761 76 16 oLuera.

1228 154 2 26 !
1362 158 30 22 VI
1401 157 99 22 TALITY
1514 154 154 23 RESTORED.

1236 224 147 24 CLEMENTS
1392 223 87 24 TONIC

1552 250 35 21 TO
1600 247 58 23 THE
1672 247 116 22 RESCUE.

1245 322 108 21 •'TIRED
1367 320 133 22 NATURES
1513 319 75 21 KIND

1244 391 106 22 BRINGS
1366 389 76 22 B\OK
1455 388 59 22 THE
1531 387 59 21 HUE
1604 386 36 21 OE
1656 383 116 23 HEALTH

1331 419 35 22 TO
1380 418 56 22 THE
1453 415 102 23 WEARY

1258 481 16 18 A
1284 480 87 25 positive
1381 485 47 14 cure
1443 478 31 19 for
1491 475 87 22 General
1595 473 98 24 Debility.
1708 471 60 20 Weak-

1231 513 51 19 ness,
1294 506 114 26 L'-issitudri,
1420 504 115 26 Headache,
1552 501 96 22 Diseased
1665 499 66 21 Liver,
1741 504 25 14 an
1774 497 8 21 I

1230 534 27 21 all
1267 534 89 21 Diseases
1362 535 74 25 arising
1444 534 51 20 from
1503 538 25 15 an
1536 527 150 31 impoverished
1694 532 86 16 nervous

1229 566 85 22 system.

1230 622 32 20 Mr
1271 622 25 21 D.
1308 622 70 25 Lain?,
1389 621 88 21 Graham
1488 621 26 25 st,
1525 619 73 21 Albert
1611 615 61 24 Park,
1679 613 101 25 Victoria,

1230 657 66 20 writes
1314 664 26 14 on
1359 658 46 25 May
1429 657 44 24 Bth,
1498 654 98 22 13'.)6:-I
1618 650 91 23 suffsred
1727 650 53 20 from

1228 690 120 26 indigestion
1359 691 31 19 for
1399 697 49 13 over
1458 693 40 16 tvo
1507 695 64 20 years,
1586 686 41 20 and
1641 685 54 22 after
1710 684 70 25 trying

1228 725 26 20 all
1261 729 53 15 sorts
1321 725 21 19 of
1350 724 98 20 medicine
1457 723 87 21 without
1550 721 150 25 improvement
1708 718 10 20 I
1726 725 12 18 g
1745 723 31 14 iva

1227 758 17 21 it
1261 765 35 19 up,
1315 758 40 21 Jind
1373 757 39 20 felt
1429 764 46 13 sura
1493 763 33 19 my
1548 762 45 14 case
1618 760 39 14 was
1677 751 100 27 hopeless.

1230 792 105 24 However,
1346 800 11 10 a
1364 791 65 19 friend
1438 788 111 28 persuaded
1556 795 31 14 me
1598 789 20 18 to
1628 791 34 21 try
1673 786 104 20 Clements

1226 824 68 19 Tonic.
1325 822 6 20 I
1343 822 35 21 did
1387 830 29 17 so,
1431 822 39 20 and
1481 822 35 19 the
1527 821 44 20 fir«t
1585 819 66 21 bottle
1665 819 21 19 <li
1693 818 7 20 1
1711 824 31 14 nis
1762 823 23 13 so

1227 856 59 21 much
1296 863 37 17 goo
1340 856 7 20 1
1357 856 47 20 that
1414 856 51 24 hope
1475 853 93 25 dawned,
1578 852 41 21 and
1637 852 11 20 1
1664 850 38 21 trie
1710 850 7 21 I
1735 852 41 18 two

1226 899 56 12 more
1293 890 82 26 bottles,
1387 890 34 19 the
1437 889 64 20 lesult
1515 889 61 24 being
1593 888 46 19 that
1655 887 11 19 1
1683 892 33 14 am
1733 890 45 14 now

1227 924 123 27 thoroughly
1362 923 51 26 well,
1423 930 37 13 ctn
1470 924 34 19 eat
1515 921 52 25 well,
1576 920 51 21 have
1638 918 72 28 gaiued
1720 918 59 23 flesh,

1227 960 39 20 and
1293 959 75 20 alw;ivs
1395 958 40 20 feel
1461 957 21 20 in
1512 956 101 21 excellent
1636 954 78 26 spirits.
1744 953 34 24 My

1226 998 114 23 symptoms
1371 1000 52 14 were
1475 998 69 14 severe
1576 989 113 22 headaches
1715 988 63 25 diily.

1226 1030 116 20 sometimes
1352 1030 59 24 going
1420 1028 74 21 almost
1505 1027 56 20 blind
1571 1026 20 21 in
1602 1026 35 21 the
1645 1026 71 24 street,
1726 1024 51 20 liver

1226 1063 154 26 complications
1394 1061 59 24 being
1463 1068 47 15 very
1527 1060 82 22 serious,
1627 1064 25 14 no
1668 1057 59 21 heart
1749 1056 32 20 for

1228 1099 98 26 business,
1348 1097 80 27 getting
1443 1096 54 22 little
1512 1097 42 20 rest
1570 1094 53 22 from
1637 1093 62 27 sleep.
1729 1092 55 21 This

1228 1135 107 26 happened
1357 1134 63 21 about
1442 1136 40 18 two
1503 1139 58 19 years
1583 1137 43 20 ago,
1646 1130 39 21 but
1702 1129 11 21 I
1733 1129 52 21 have

1229 1169 111 21 continued
1349 1175 22 14 so
1383 1169 44 19 well
1441 1169 27 19 all
1478 1168 41 20 this
1528 1167 50 20 time
1597 1166 47 20 that
1664 1165 8 19 I
1687 1171 33 13 am
1738 1170 47 14 now

1230 1207 36 19 not
1274 1203 66 22 afraid
1354 1203 36 21 the
1399 1202 33 21 old
1442 1209 73 19 enemy
1531 1201 42 21 will
1586 1203 77 18 return.
1692 1199 11 20 I
1721 1198 60 21 know

1230 1239 22 20 of
1262 1242 40 16 two
1311 1244 55 13 case*
1457 1236 105 21 Clements
1571 1234 62 21 Tonic
1649 1234 37 20 has
1695 1233 40 20 had
1746 1233 36 19 the

1230 1280 55 14 same
1291 1271 118 26 effect,-and
1420 1271 52 21 lean
1482 1270 95 26 honestly
1587 1268 128 22 recommend
1730 1270 24 19 it.

1234 1308 24 21 D.
1269 1307 70 25 Laiug,
1350 1306 170 23 Graham-street,
1531 1304 75 20 Albert
1613 1303 60 25 ParK,
1681 1301 103 21 Victoria.

1352 1371 61 41 Old
1441 1371 73 40 Man
1543 1368 125 51 Range.

1295 1449 172 24 DEFINITION
1482 1448 36 20 OF
1533 1447 192 22 BOUNDARIES.

1270 1515 38 28 At
1321 1514 53 28 last
1387 1512 123 37 meeting
1529 1510 30 29 of
1571 1510 47 28 the
1630 1509 153 30 Southland

1232 1554 111 37 County
1384 1552 125 34 Council,
1530 1579 10 10 rf
1548 1551 46 28 Cr.
1628 1550 156 28 Robertson

1231 1594 141 34 (Waikaia
1418 1592 103 39 riding)
1564 1590 136 38 proposed
1739 1590 46 28 the

1232 1635 143 36 following
1389 1633 149 30 resolution
1737 1630 48 29 the

1234 1678 88 28 Mines
1340 1676 180 37 Department
1539 1673 34 28 be
1587 1671 146 40 requested
1757 1675 28 24 to

1232 1718 89 28 define
1332 1717 46 28 the
1390 1714 162 29 boundaries
1563 1713 29 28 of
1603 1713 46 28 the
1659 1711 126 29 Waikaia

1235 1758 108 36 .Mining
1380 1755 122 35 District,
1529 1764 29 18 as
1585 1763 40 19 we
1651 1762 45 19 are
1719 1762 48 19 con-

1232 1800 87 28 fident
1331 1798 61 30 that
1418 1795 126 30 Waikaia
1569 1795 22 28 is
1618 1793 47 30 the
1685 1804 100 28 proper

1231 1840 88 29 outlet
1339 1838 42 28 for
1407 1837 47 28 the
1468 1837 86 28 v/hole
1576 1835 29 29 of
1618 1835 47 28 the
1685 1839 82 24 water-

1230 1880 68 29 shed
1311 1879 30 29 of
1354 1880 46 26 the
1417 1877 124 28 Waikaia
1555 1876 80 34 river,
1657 1875 47 28 the
1717 1874 66 29 road

1231 1927 27 23 to
1273 1918 154 39 Roxburgh
1449 1917 84 38 being
1558 1916 102 37 always
1682 1915 85 38 impas-

1229 1961 76 28 sable
1315 1959 103 37 during
1434 1958 45 27 the
1495 1957 96 28 winter
1610 1966 107 24 season,
1726 1955 54 28 and

1230 2012 39 18 we
1296 2000 104 29 believe
1426 1998 60 28 that
1500 2008 15 17 a
1531 1995 127 40 majority
1679 1995 30 29 of
1736 1995 46 29 the

1229 2042 100 29 miners
1343 2040 28 28 in
1394 2040 47 27 the
1454 2037 108 29 district
1576 2047 46 18 are
1634 2037 28 28 in
1684 2036 99 29 favour

1227 2083 31 28 of
1265 2081 111 38 coming
1393 2085 28 22 to
1432 2079 47 28 the
1496 2077 124 29 vVaikaia
1637 2075 144 30 Warden's

1228 2124 87 28 Court
1376 2120 63 28 with
1497 2119 71 29 their

1228 2164 145 40 Speaking
1387 2169 27 21 to
1425 2161 45 27 the
1481 2159 113 36 motion,
1606 2158 45 30 Cr.
1664 2158 100 29 Robert-

1228 2217 49 18 son
1303 2205 86 39 spoke
1416 2213 65 26 very
1508 2201 81 29 much
1615 2204 28 24 at
1667 2199 115 29 random

1231 2244 173 40 (apparently
1425 2242 115 28 without
1554 2242 47 27 the
1624 2240 141 28 considera-

1228 2287 57 27 tion
1315 2284 88 29 which
1439 2282 90 37 might
1551 2281 69 28 have
1642 2280 70 28 been
1733 2289 32 19 ex-

1229 2326 97 39 pected
1352 2324 71 30 from
1449 2332 52 19 one
1529 2321 27 29 in
1571 2321 43 28 his
1638 2320 144 39 position),

1228 2366 179 39 designating
1431 2363 48 29 the
1504 2361 144 30 definition
1673 2360 30 29 of
1736 2360 47 28 the

1228 2407 166 29 boundaries
1444 2402 120 38 recently
1622 2402 83 38 given
1747 2401 35 38 by

1231 2447 121 30 Warden
1368 2444 144 37 McCarthy
1538 2453 30 19 as
1590 2441 113 36 absurd,
1728 2440 54 30 and

1228 2487 163 40 continuing
1413 2489 29 26 at
1465 2483 97 39 length
1592 2483 30 29 in
1643 2493 16 19 a
1682 2482 103 30 similar

1230 2529 95 30 strain.

1267 2570 43 30 On
1345 2567 116 41 enquriy
1496 2565 72 30 from
1602 2564 47 30 the
1682 2564 101 30 miners

1229 2610 159 34 interested,
1404 2619 38 18 we
1453 2609 74 27 learn
1541 2607 60 27 that
1613 2606 47 26 the
1682 2605 101 27 miners

1229 2651 165 30 themselves
1407 2659 47 19 are
1467 2647 76 39 quite
1568 2645 121 31 satisfied
1715 2645 66 29 with

1229 2693 45 29 Mr
1288 2690 170 39 M'Carthy's
1467 2687 101 38 ruling.
1608 2686 76 36 They
1703 2686 79 39 point

1227 2738 49 25 out
1301 2743 67 27 very
1382 2729 161 38 reasonably
1571 2727 61 30 that
1646 2727 47 29 the
1714 2726 66 29 road

1227 2780 29 23 to
1270 2774 129 28 Switzers
1420 2769 89 30 which
1535 2769 23 28 is
1580 2773 50 24 not
1639 2774 48 31 yet
1701 2767 79 29 made

1228 2825 49 17 nor
1298 2813 85 36 likely
1406 2817 28 22 to
1458 2811 34 28 be
1513 2808 43 29 for
1578 2819 77 18 some
1667 2808 75 33 time,
1756 2807 24 28 is

1226 2854 97 29 twelve
1347 2852 77 30 miles
1450 2849 105 30 farther
1578 2849 66 28 than
1670 2848 62 29 that
1751 2851 29 26 to

1225 2893 241 39 Roxburgh—the
1493 2891 124 28 distance
1630 2889 72 28 from
1727 2889 48 28 the

1225 2935 69 29 head
1307 2935 31 29 of
1351 2935 46 28 the
1411 2933 70 29 bu*h
1496 2937 28 23 to
1538 2929 130 31 Switzers
1691 2929 85 39 being

1225 2976 85 31 thirty
1325 2973 86 33 miies,
1439 2972 78 27 while
1531 2976 28 22 to
1587 2969 157 38 Roxburgh
1757 2970 23 26 it

1223 3015 23 28 is
1259 3014 65 37 only
1349 3014 86 27 about
1456 3011 132 38 eighteen
1614 3008 86 36 miles,
1722 3007 56 30 and

1225 3057 36 36 by
1286 3056 48 28 the
1357 3054 104 29 former
1484 3049 64 32 road
1573 3062 17 17 a
1622 3049 158 40 dangerous

1225 3096 71 28 river
1305 3096 49 28 has
1368 3100 27 22 to
1411 3095 32 26 be
1459 3091 106 30 forded.
1604 3089 59 30 The
1678 3091 101 28 miners

1225 3141 28 25 at
1279 3136 97 39 Upper
1411 3132 125 31 Waikaia
1564 3130 54 31 feel
1651 3129 128 41 strongly

1225 3178 85 28 about
1336 3176 85 38 being
1442 3173 112 39 obliged
1580 3178 29 23 to
1623 3183 36 26 go
1685 3176 29 25 to
1728 3172 54 28 this

1226 3223 79 25 extra
1342 3216 124 30 distance
1491 3219 28 25 to
1553 3213 121 29 conduct
1708 3211 73 31 their

1229 3259 86 29 Court
1324 3257 136 34 business,
1481 3255 100 38 merely
1602 3259 28 23 to
1644 3253 99 39 satisfy
1768 3263 15 18 a

1229 3302 52 26 few
1306 3298 150 30 interested
1489 3296 124 29 business
1637 3295 98 38 people
1756 3298 29 24 at

1230 3340 138 29 Switzers.
1417 3338 78 38 They
1543 3335 127 31 consider
1718 3335 67 38 they

1229 3381 98 28 should
1355 3382 32 26 be
1409 3377 115 30 allowed
1538 3382 28 24 to
1587 3387 77 19 come
1684 3384 31 20 to
1738 3376 47 28 the

1230 3421 155 38 Roxburgh
1412 3418 86 30 Court
1529 3428 30 18 as
1592 3418 66 37 they
1684 3416 101 38 always

1230 3462 67 29 have
1322 3462 82 34 done,
1417 3459 54 29 and
1490 3469 46 18 are
1559 3456 174 30 determined
1757 3461 28 23 to

1229 3503 78 29 resist
1321 3502 123 29 coercion
1458 3500 27 28 in
1502 3500 54 28 this
1580 3504 109 33 respect
1714 3498 71 28 from

1227 3545 46 26 the
1288 3543 129 28 Switzers
1435 3540 63 30 end.

1247 3618 163 50 Tuapeka
1443 3616 130 50 County
1608 3613 150 45 Council.

1260 3692 59 31 The
1354 3692 87 29 above
1476 3689 107 32 council
1617 3688 64 31 held
1708 3687 72 31 their

1222 3736 128 34 ordinary
1387 3734 123 36 meeting
1535 3740 28 20 at
1589 3732 47 28 the
1663 3730 115 28 Council

1223 3775 162 32 Chambers,
1422 3773 154 33 Liwrence,
1599 3781 36 17 on
1674 3769 103 38 Friday

1222 3815 60 30 last.
1324 3812 258 31 Present—Messrs
1604 3810 28 30 J.
1657 3810 120 29 Bannett

1224 3856 174 34 (chairmin),
1440 3854 43 27 W.
1534 3853 175 36 Livingston,
1750 3851 27 29 «f.

1226 3895 95 34 £ul»lis,
1335 3893 27 28 J.
1380 3892 34 28 K.
1430 3892 140 38 Simpson,
1585 3891 28 28 F.
1641 3890 138 35 Oidaille,

1223 3935 27 31 J.
1262 3935 67 35 Sim,
1343 3932 42 32 W.
1404 3933 153 36 Osboarne,
1578 3931 55 30 and
1655 3931 33 30 R.
1711 3931 50 30 Cot-

1224 3982 57 22 ton.

1249 4015 59 29 The
1319 4014 117 29 ruinates
1448 4013 17 28 h
1473 4012 78 38 iving
1563 4012 68 29 been
1648 4012 61 29 real
1723 4012 53 29 and

1225 4055 158 34 confirmed,
1396 4056 46 28 tiie
1453 4054 143 39 following
1610 4054 124 28 business
1748 4054 29 28 of

1227 4097 68 30 local
1320 4097 115 28 interest
1462 4104 54 19 was
1545 4094 75 29 dealt
1657 4095 66 28 with

1392 4144 240 21 COKRBSPOXD2SCE

1267 4177 31 30 In
1316 4177 76 38 reply
1407 4182 27 22 to
1463 4175 43 29 Mr
1530 4175 31 29 'L\
1593 4175 32 30 R.
1654 4175 127 39 Sapwell,

1230 4219 94 34 Kelso,
1336 4219 60 28 who
1411 4223 83 22 wrote
1514 4217 65 28 with
1601 4216 139 30 reference
1753 4221 28 24 to

1233 4261 43 28 Mr
1293 4260 94 28 James
1401 4257 120 29 Douke's
1531 4258 90 28 action
1631 4258 27 28 in
1670 4257 113 38 fencing

1232 4302 26 28 in
1273 4301 46 28 the
1333 4299 122 30 roadline
1467 4309 35 18 on
1517 4299 103 28 section
1636 4298 44 36 20,
1701 4298 81 30 block

1234 4350 66 25 viil,
1316 4340 93 33 Kelso,
1434 4340 62 26 thus
1515 4339 164 37 interfering
1717 4339 65 27 with

1234 4383 45 29 the
1317 4378 117 32 writer's
1472 4389 91 20 access
1588 4384 28 25 to
1642 4379 41 30 his
1708 4377 74 39 land,

1235 4424 44 27 Cr.
1308 4422 56 27 Sim
1390 4420 91 29 stated
1495 4420 61 27 that
1578 4421 47 27 the
1649 4420 134 36 difficulty

1232 4461 80 31 could
1340 4462 33 28 be
1397 4459 129 29 obviated
1552 4460 35 38 by
1603 4459 112 38 moving
1737 4460 47 28 the

1232 4506 77 27 fence
1317 4501 172 39 complained
1500 4501 28 29 of
1538 4501 42 29 6ft
1589 4501 107 29 further
1703 4501 78 29 back.

1231 4545 25 28 It
1282 4553 54 19 was
1350 4543 96 28 deeile
1458 4543 8 27 I
1480 4542 60 27 that
1568 4541 43 28 Mr
1627 4542 96 27 Douke
1746 4542 34 28 be

1228 4582 191 31 comuuicated
1437 4581 65 28 with
1516 4588 27 21 to
1559 4582 59 27 that
1630 4581 91 28 effect.

1266 4624 44 28 Mr
1340 4623 29 27 It.
1394 4623 28 27 J.
1446 4621 26 28 H
1482 4621 96 35 >udrie,
1601 4620 178 35 Brooksdale,

1226 4664 86 30 asked
1327 4664 45 28 the
1387 4662 104 30 council
1507 4666 28 24 to
1547 4662 69 28 litve
1634 4661 46 28 the
1692 4666 75 23 trans-

1228 4707 41 27 fer
1291 4706 29 26 of
1345 4704 119 28 sections
1486 4703 30 27 31
1546 4702 55 28 and
1629 4702 43 34 '32,
1700 4701 81 29 block

1227 4755 29 19 til
1272 4744 165 30 Orookston,
1463 4742 134 28 executed
1620 4752 30 18 as
1669 4751 67 18 soon
1749 4751 30 18 as

1227 4785 127 40 possible.
1396 4782 111 39 Agreed
1521 4787 36 24 to.

1348 4823 168 31 CUAIKMaVs
1547 4831 65 21 RiiPO
1619 4831 38 21 liT.

1263 4866 58 29 Tiie
1349 4865 139 29 chairman
1515 4863 128 39 reported
1665 4863 44 28 for
1734 4863 47 28 the

1229 4910 108 25 mouths
1363 4906 28 28 of
1418 4907 61 36 Miy
1502 4906 55 26 and
1579 4904 72 28 June
1672 4915 30 16 as
1729 4903 39 29 fol-

1228 4948 63 28 lows
1302 4958 5 17 :

1252 4988 10 21 I
1277 4988 51 20 have
1342 4987 36 20 t'ie
1394 4986 80 20 lnno'ir
1489 4988 21 17 to
1526 4984 77 21 submit
1622 4984 34 20 tha
1679 4983 103 25 following

1228 5017 67 23 report
1313 5021 25 13 ou
1357 5014 58 20 roils
1430 5013 41 20 and
1491 5013 65 20 works
1575 5012 31 19 for
1622 5012 34 19 the
1666 5011 82 20 months
1758 5011 21 20 of

1231 5044 46 22 May
1286 5043 41 18 and
1336 5041 54 20 Jau-i

1253 5068 155 21 o.mtract42sß
1416 5064 271 29 (Bmmont-Rink'.eburn
1697 5063 56 26 road)

1232 5097 44 21 F.iir
1293 5102 90 20 progress
1402 5096 36 19 has
1456 5095 50 20 been
1521 5093 64 25 mile,
1605 5092 41 21 ami
1663 5092 74 22 should
1757 5094 23 19 be

1229 5124 114 24 ompleted
1354 5124 18 19 in
1386 5128 45 15 n»ur
1441 5129 22 13 or
1473 5122 38 20 Jive
1524 5122 70 19 w^eks.

1256 5153 97 19 Contract
1374 5150 37 21 45'J
1438 5148 104 28 (ruooliog
1562 5154 48 15 near
1633 5146 122 27 Biaumont)

1221 5178 1 24 I
1232 5178 127 24 Completed.

1257 5207 109 19 C'lutracti
1375 5205 51 20 432.V
1436 5204 40 20 and
1493 5204 54 20 4:320
1558 5202 223 26 (Lvwrence-Waipori

1234 5234 55 25 road)
1300 5239 33 15 are
1342 5233 20 21 in
1373 5238 101 21 progress.

1262 5263 14 18 L
1281 5260 163 25 twrenci-Clydvj
1462 5259 55 20 Main
1535 5258 58 21 Road
1601 5257 76 21 -Good
1693 5264 92 19 progress

1236 5289 34 19 has
1281 5289 48 18 l>e-?n
1342 5287 65 21 made.

1261 5313 213 26 Liwrence-Waipori
1493 5311 132 23 R»ad—Fair
1646 5318 92 19 progress
1752 5310 37 22 has

1238 5344 11 19 b
1262 5350 26 14 en
1299 5341 57 21 made
1367 5341 48 21 with
1425 5341 42 21 this
1476 5346 60 16 worK.

1263 5370 68 23 Roads
1340 5369 103 28 generally
1454 5368 127 27 throughout
1592 5366 36 22 tlifi
1637 5368 77 25 county
1723 5373 34 15 are
1766 5367 21 21 in

1239 5400 66 19 bettt-r
1321 5398 59 20 older
1396 5399 39 19 and
1451 5398 66 25 repair
1535 5400 21 16 at
1568 5400 82 21 prtsent
1660 5395 50 21 than
1719 5399 22 16 at
1750 5403 39 19 any

1239 5426 78 20 s.inilar
1327 5425 68 26 period
1405 5425 21 19 of
1437 5425 35 20 th-J
1482 5431 49 19 year
1540 5423 54 20 since
1605 5426 5 16 t
1615 5423 24 19 lie
1650 5423 103 20 initiation
1768 5423 21 20 of

1241 5455 35 19 the
1286 5457 75 16 county
1370 5452 83 26 system,
1554 5457 55 14 some
1622 5454 57 23 parts
1697 5457 34 13 are
1749 5450 42 22 still

1241 5481 39 20 bid
1302 5480 41 21 and
1371 5487 35 13 are
1434 5486 46 14 now
1503 5478 100 27 receiviug
1630 5478 35 20 the
1687 5484 81 15 uecessa
1777 5485 14 20 y

1239 5507 110 22 attention.

1265 5534 144 27 fc'crimgeout's
1434 5534 108 21 R'>ai—ln
1566 5540 99 19 company
1686 5532 51 21 with
1759 5533 34 21 Mr

1242 5564 63 22 lu<;iis
1324 5563 10 20 1
1352 5563 58 25 again
1424 5562 74 21 visited
1518 5561 41 21 this
1568 5562 55 25 road,
1634 5560 40 21 and
1685 5567 29 14 we
1723 5567 34 14 are
1771 5560 22 22 of

1241 5591 81 26 opinion
1334 5590 45 21 that
1389 5597 11 13 a
1412 5590 66 20 better
1487 5589 39 20 and
1545 5590 87 24 cheaper
1646 5588 49 21 road
1712 5595 38 14 can
1767 5588 25 21 be

1242 5618 58 21 made
1317 5622 25 21 t»y
1360 5624 12 13 a
1391 5617 62 26 slight
1463 5616 103 21 deviation
1576 5616 53 21 from
1639 5616 35 21 tha
1692 5616 101 26 surveyed

1241 5646 48 20 road
1298 5645 39 20 ine.
1369 5644 32 21 Mr
1408 5644 128 26 Scrimgeour
1545 5650 99 20 approves
1651 5644 41 21 and
1700 5647 94 18 consents

1242 5677 21 16 to
1276 5672 102 20 deviation
1389 5679 21 13 as
1420 5672 108 25 suggested
1539 5671 25 26 by
1575 5678 30 13 us.

1279 5703 105 35 Report
1397 5699 131 39 adopted.

125 65 172 53 Friday,
331 67 103 49 July
465 65 57 43 16,
559 61 116 43 1397.

1703 46 200 49 MOUMf
1990 50 226 45 BEHGER
2303 41 143 46 MAIL

1346 5757 125 33 (Continued
1486 5765 24 14 on
1525 5757 78 24 Fourth
1622 5758 66 26 Page.J

1905 185 33 40 J.
1970 184 43 38 B.
2045 176 160 42 YULE,
2230 171 145 42 L.D.S.,

1904 269 190 43 Surgeon
2131 256 163 43 Dentist,

1947 338 302 41 IN\rERCARGILL.

1919 538 47 30 Mr
1986 536 78 29 Yule
2086 529 56 32 will
2162 528 104 31 visit—

1813 652 141 32 RYAN'S
1971 646 134 35 HOTEL,
2117 641 252 35 ALEXANDRA,

1814 764 167 33 HERON'S
1999 758 133 35 HOTEL,
2147 753 219 33 ROXBURGH

1821 906 50 25 U
1894 907 25 29 R
1979 895 393 39 finlayson,

1899 957 161 24 BARRISTER
2075 953 60 23 AND
2148 950 157 24 SOLICITOR,

2013 1003 164 30 Lawrence,

1819 1073 66 30 Will
1911 1070 97 31 attend
2034 1069 47 29 the
2101 1064 151 39 Roxburgh
2277 1063 95 29 Court.

1820 1229 100 38 Money
1931 1232 27 22 to
1969 1223 76 31 Lend
2056 1235 34 18 on
2102 1220 133 31 Freehold
2248 1220 126 36 Security

1817 1328 71 70 j/
1932 1341 50 38 H.
2045 1333 328 45 PEARSON,

1919 1405 68 21 ROSS
2002 1404 97 25 PLACE,
2113 1400 166 27 LAWRENCE,

1861 1449 268 36 CONTRACTOR,
2148 1444 183 37 BUILDER,

2071 1500 53 21 ANu

1957 1529 277 33 UNDERTAKER.

1817 1608 147 29 Contracts
1979 1605 84 29 taken
2075 1604 44 29 for
2131 1601 140 30 Builders'
2291 1600 82 30 Work

1936 1649 29 28 of
1978 1657 82 27 every
2075 1643 179 39 description.

1878 1719 200 24 ESTIMATES
2110 1715 196 24 PREPARED.

1851 1781 26 29 A
1890 1776 199 33 well-assorted
2116 1775 86 30 Stock
2223 1775 30 29 of
2274 1772 83 31 Furni-

1814 1825 61 26 ture
1888 1822 102 38 always
2003 1830 35 19 on
2054 1817 83 30 hand.

1851 1862 134 29 Funerals
1996 1857 156 32 conducted
2165 1857 28 28 in
2205 1856 35 28 all
2254 1859 77 36 parts
2345 1855 30 28 of

1814 1902 47 29 the
1889 1902 124 29 District.
2054 1899 105 29 Hearse
2186 1895 137 40 provided
2352 1895 22 28 if

1814 1942 137 39 required.

1821 2049 190 59 Y^ILLI
2025 2047 64 30 AM
2203 2042 170 35 ALONE,

1897 2204 174 40 General
2108 2202 175 43 Grocer,

1838 2346 507 39 SCOTLAND-STREET,

1979 2498 226 33 ROXBURGH,

1821 2606 61 54 yy
1974 2604 44 30 T.
2089 2599 282 35 BOWDKN,

1887 2680 178 26 CARPENTER,
2092 2678 115 25 JOINER,
2236 2675 62 23 AND

1992 2716 208 28 UNDERTAKER,

1813 2773 98 26 Dotirefl
1937 2778 25 21 to
1988 2770 78 28 thank
2092 2769 42 27 tb«
2167 2766 87 29 Public
2278 2766 25 26 of
2329 2765 42 27 th<»

1813 2810 103 28 District
1931 2810 38 26 for
1987 2815 56 27 paat.
2061 2813 113 30 tiupport,
2193 2805 49 26 and
2263 2804 62 31 h#if*
2345 2810 25 19 to

1811 2848 89 28 inform
1932 2848 66 25 th«in
2035 2851 52 21 ttiaf
2120 2846 30 25 hu
2180 2843 45 28 Ij»«
2256 2839 113 30 rfmniu'd

1814 2886 119 28 Business
1946 2887 25 24 in
1988 2885 22 26 R
2021 2893 21 19 >x
2054 2883 86 30 >'ir.rh.

1812 2973 136 25 Estimate
1960 2972 75 31 jfivrn
2046 2970 48 26 and
2109 2969 119 32 Building
2236 2968 136 26 Contract*

1918 3020 28 26 of
1962 3019 31 26 all
2016 3018 73 26 kinds
2106 3016 162 28 lllidertnlfPll.

1854 3105 74 28 Plans
1942 3105 47 26 and
2009 3103 188 36 Spi'CiH«:iti«»n»>
2212 3100 123 32 pHMMtwd.

1815 3173 216 56 HUGH
2105 3171 264 42 BRUCE,

1908 3242 202 32 BOARDING
2138 3241 53 30 HO
2197 3241 46 30 ITS
2249 3239 31 39 K,

1844 3295 318 34 Whitehaven-stkeet,
2185 3293 153 28 Lawrence

1880 3341 145 40 (Opposite
2040 3340 119 40 English
2172 3339 131 37 Church.)

1827 3432 82 22 FIRST
1927 3431 85 22 CLASS
2035 3428 248 25 ACCOMMODATION
2305 3429 56 21 FOR

1903 3459 59 22 THE
1976 3458 186 22 TRAVELLING
2178 3457 110 23 PUBLIC.

1863 3542 78 30 Good
1965 3541 131 39 Stabling
2121 3541 55 28 and
2195 3539 132 30 Paddock

1967 3581 256 31 Accommodation.

1900 3663 166 29 —Charges
2088 3662 160 28 Moderate.
2251 3676 37 5 —

1823 3829 188 58 YJILLERS
2076 3829 96 30 FLAT
2230 3826 137 36 HOTEL,

1977 3984 121 20 MILLERS
2124 3982 80 21 FLIT.

1851 4254 31 28 P.
1906 4252 108 28 Laffey
2074 4274 31 6 ...
2165 4249 166 39 Proprietor.

1821 4428 193 57 COBB
2086 4428 52 55 &
2203 4427 168 58 CO.'S

1929 4508 172 22 TELEGRAPH
2127 4507 68 22 LINE
2221 4505 36 22 OF

1863 4548 130 29 ROYAL
2015 4547 97 29 JU.AIL
2134 4543 188 31 COACHES.

2018 4598 150 29 Lawrence

1850 4642 155 29 Beaumont
2132 4637 65 30 Moa
2210 4635 63 29 Flat

1849 4682 99 29 Teviot
2131 4678 159 30 Alexandra

1851 4722 87 38 Clyde
2135 4718 145 30 Cromwell

1849 4763 176 27 Arrowtown
2134 4760 186 35 Queenstown

2069 4800 64 30 And

1886 4851 57 29 Alll
1965 4850 200 30 Intermediate
2191 4849 106 28 Places.

1850 4932 78 29 Cobb
1943 4931 54 29 and
2022 4930 75 31 Co.'s
2120 4929 156 40 Telegraph
2304 4929 67 28 Line

1812 4974 28 28 of
1854 4973 86 38 Royal
1955 4972 68 29 Mail
2047 4972 122 30 Coaches
2193 4972 77 28 leave
2292 4969 60 29 Law-

1813 5024 79 18 rence
1912 5014 44 28 for
1978 5014 48 28 the
2046 5013 154 28 Beaumout
2221 5010 56 30 and
2298 5010 56 28 Rox-

1814 5054 91 37 burgh
1922 5063 83 28 every
2028 5053 71 37 day;
2119 5053 56 28 and
2197 5052 76 28 leave
2298 5053 57 25 Rox-

1814 5095 91 37 burgh
1938 5094 43 28 for
2014 5093 170 36 Alexandra,
2218 5091 155 36 Cromwell,

1817 5138 180 29 Arrowtown,
2011 5134 55 28 and
2089 5134 184 37 Queenstown
2291 5143 82 27 every

1814 5175 136 37 Tuesday,
1977 5175 145 37 Thursday
2146 5175 56 29 and
2226 5172 148 38 Saturday,

1816 5216 132 38 reaching
1956 5214 186 38 Queenstown
2153 5216 47 28 the
2209 5224 75 19 same
2292 5223 66 19 even-

1816 5258 57 32 ing.
1917 5262 168 28 fassengers
2099 5258 76 27 leave
2193 5254 131 30 Danedin
2340 5255 35 35 by

2254 5292 21 9 s~\

1818 5298 45 27 the
1878 5298 63 27 8.15
1955 5306 64 19 a.m.
2044 5298 71 26 train
2128 5308 8 24 ;
2157 5297 76 27 leave
2254 5294 105 35 Queens-

1820 5341 71 26 town
1906 5348 35 19 on
1956 5346 75 20 same
2045 5337 68 39 days
2125 5341 30 24 at
2169 5338 15 27 5
2194 5345 74 25 a.m.,
2282 5333 78 29 reach-

1818 5379 48 39 ing
1880 5379 158 39 Roxburgh
2058 5386 27 22 at
2100 5379 15 29 8
2131 5390 78 27 p.m.,
2222 5376 56 29 and
2291 5374 72 30 arriv-

1819 5421 50 37 ing
1887 5424 30 24 at
1938 5419 150 29 Lawrence
2110 5425 29 22 at
2169 5419 61 27 1.45
2252 5426 67 29 p.m.
2343 5425 33 19 on

1820 5461 144 37 following
1978 5461 78 36 days.

1858 5501 132 30 Dunedin
2010 5500 131 38 Booking
2158 5498 84 30 Office
2255 5498 44 28 for
2313 5496 50 29 Pas-

1821 5553 115 27 sengers
1949 5542 55 29 and
2019 5541 110 30 Parcels
2141 5552 5 18 :
2173 5539 69 30 N.Z.
2258 5539 121 38 Express

1823 5583 75 30 Co.'s
1913 5583 94 31 Office,
2021 5585 205 30 Manse-street,
2240 5578 139 30 Dunedin.

1860 5624 82 29 Head
1969 5623 100 29 Office:
2104 5622 174 34 Peel-street,
2302 5619 59 28 Law-

1824 5675 91 19 rence.

1958 5704 38 34 B.
2019 5702 118 35 CRAiG
2157 5708 23 24 &
2202 5699 68 37 CO.,

2202 5741 143 43 oprietors.

2814 166 331 57 GOATUM.

2595 243 119 38 (FROM
2733 242 79 30 THE
2831 242 119 29 LATIN
3088 242 73 30 GET
3180 244 50 29 AT
3250 243 109 38 'EM.")

2407 337 118 30 COME
2541 335 134 41 Splendid
2691 335 101 29 Values
2806 345 45 18 are
2865 344 63 18 now
2941 334 117 39 offering
3072 334 27 28 in
3114 334 46 29 the
3182 335 92 29 Goods
3288 334 245 30 undermentioned

2501 390 54 17 —a
2568 378 110 39 regular

2478 419 188 32 Flanuelettes
2668 418 72 30 —33
2754 418 95 29 inches
2862 416 80 37 wide,
2953 415 107 31 colours
3070 426 70 26 new,
3150 416 105 40 quality
3265 417 143 39 good—ss
3422 416 35 30 6d
3471 418 61 28 doz.

2481 462 78 28 Satin
2575 460 107 37 Stripes
2695 460 43 27 for
2752 458 84 38 Boys'
2852 458 76 29 Suits
2931 458 58 26 —it
3004 456 112 29 SUITS
3136 458 42 28 for
3191 468 54 25 any
3258 458 79 28 other
3348 461 186 35 purpose—at

2404 514 16 17 a
2433 502 75 40 price
2521 502 61 28 that
2595 500 55 29 will
2664 500 64 38 give
2742 510 53 26 you
2811 508 96 19 reason
2957 501 28 24 to
3001 496 153 29 remember

2479 543 84 29 Dress
2577 541 113 30 Tweeds
2693 532 70 37 —il
2778 540 95 29 inches
2889 537 79 36 wide,
2984 537 69 38 7yds
3066 537 151 29 for—shall
3231 537 15 29 I
3259 548 48 28 say
3320 538 23 29 it
3356 538 11 29 ?

2479 584 88 29 Black
2581 582 180 29 TWILLED
2777 581 99 28 Velvet
2893 578 174 38 Bindingfor
3078 577 109 36 Skirts;
3209 579 46 28 the
3269 583 103 24 newest
3383 579 82 37 thing
3477 583 57 24 out.

2480 624 125 29 Another
2620 623 90 39 parcel
2722 621 124 30 Colonial
2862 620 131 28 Ulankets
3003 623 59 33 ]ust
3074 618 36 29 in.
3150 618 58 28 The
3218 619 98 38 people
3326 618 54 29 will
3392 619 70 29 have
3471 618 64 35 'em,

2404 677 30 19 so
2446 667 73 26 what
2528 675 43 18 am
2583 664 96 29 Itodo
2693 663 11 29 ?
2744 663 88 28 These
2844 661 135 29 Blankets
2991 669 46 18 are
3048 659 47 28 the
3105 658 111 29 wonder
3225 660 28 27 of
3264 660 45 27 the
3321 660 104 27 Record
3435 659 98 38 Reign.

2479 705 109 29 Ladies'
2597 704 56 29 and
2664 703 97 30 Gent's
2775 700 177 38 Waterproof
2963 699 222 29 Garments—B2
3197 698 126 29 Patterns
3332 703 28 25 to
3370 699 84 29 select
3464 699 71 29 from

2479 747 28 28 If
2526 745 47 29 it's
2587 744 137 40 Bargains
2738 755 54 25 you
2806 747 83 31 want,
2900 741 61 40 just
2975 740 78 29 mark
3067 740 22 28 it
3102 739 81 29 down
3196 738 54 30 and
3263 739 39 29 let
3315 749 42 19 me
3371 739 91 30 know.

2552 947 102 30 CASH
2675 945 164 35 DRAPER,
2863 942 204 36 CLOTHIER,
3087 940 82 30 „ND
3189 938 208 33 IMPORTER.

2787 997 71 30 Ross
2881 997 95 35 Place,
2997 995 164 28 Lawrence.

2524 1112 82 112 I

3187 1100 110 69 ito!

2922 1193 144 29 TAILOR
3095 1191 83 30 AND
3206 1189 166 30 HATTER.

2754 1276 26 53 J
2796 1276 41 20 AM
2850 1273 159 27 acknowledged
3026 1276 21 17 to
3060 1272 26 21 be
3098 1272 75 21 second
3186 1274 22 18 to
3222 1277 54 14 Done
3288 1270 34 21 far

2792 1335 141 30 STYLE!

2940 1373 192 39 QUALITY!

3110 1412 317 32 WORKMANSHIP!

2568 1691 43 31 m

2929 1537 157 22 RESIDENTS
3112 1537 37 20 OF
3175 1535 188 22 ROXBURGH-

2752 1567 81 25 Kimlly
2843 1573 72 14 remea
2921 1566 35 20 her
2971 1566 46 20 that
3026 1565 67 25 owing
3106 1567 22 18 to
3138 1571 34 19 my
3182 1564 98 20 immense
3289 1563 133 26 assortment,
3432 1561 35 21 the
3477 1561 60 22 Show

2802 1595 20 20 iu
2833 1594 36 21 the
2881 1593 104 21 Windows
2996 1594 15 19 is
3021 1593 49 25 only
3079 1599 12 13 a
3101 1598 48 20 very
3159 1591 59 20 small
3229 1593 45 24 part
3279 1589 23 21 of
3312 1597 33 20 my
3356 1590 130 21 Exhibition.

2803 1663 112 25 Intending
2924 1662 118 21 Customers
3053 1660 40 21 will
3105 1660 41 21 find
3154 1661 47 19 that
3211 1660 9 20 I
3231 1660 52 20 have
3294 1658 60 21 madu
3361 1658 35 21 the
3403 1658 66 21 inside
3474 1658 22 21 of
3502 1665 34 19 my

2750 1691 162 21 E<tablishmenc
2931 1690 107 26 especially
3057 1693 68 16 atrrac
3135 1688 40 26 ive,
3192 1686 40 21 and
3251 1686 103 21 earnestly
3370 1686 65 21 invite
3452 1692 41 20 ymi
3515 1688 22 17 to

2752 1723 84 16 saunter
2850 1717 90 26 through
2957 1719 35 18 the
3013 1723 80 14 various
3110 1716 148 25 Departments
3272 1713 40 22 and
3327 1713 84 27 Inspect
3420 1712 37 22 the
3467 1712 71 21 Lttest

2753 1745 105 21 Fashious.

2790 1813 187 30 OPPOSITE
2997 1811 110 30 BANK
3130 1811 48 28 OF
3197 1809 93 30 NEW
3309 1808 193 37 ZEALAND,

3078 1852 163 29 Lawkence.

2406 1995 356 94 DILGETY

2578 2127 76 29 BEG
2681 2125 49 30 TO
2755 2123 218 32 ANNOUNCE
2994 2122 106 30 THAT
3124 2121 106 30 THEY
3255 2119 110 32 HAVE

2432 2205 453 58 PURCHASED
2919 2202 155 57 THE
3105 2199 406 58 GOODWILL

2701 2312 71 22 —oi
2796 2312 53 21 thb
2875 2301 193 32 BUSINESS
3093 2310 35 20 or
3150 2309 55 20 the
3205 2316 38 7 —

2439 2488 141 40 Together
2594 2487 67 31 with
2674 2486 74 31 their
2771 2485 226 36 BUILDINGS,
3016 2483 91 31 which
3119 2482 55 30 will
3187 2482 163 32 henceforth
3362 2493 38 30 go
3412 2482 90 32 under

2880 2527 49 29 the
2942 2536 81 20 name
3036 2525 29 31 of

2408 2608 660 92 DALGETY'S
3106 2606 427 89 STORE.

2480 2817 86 29 These
2588 2816 98 29 Stores
2708 2825 47 18 are
2778 2819 131 31 amongst
2929 2814 49 28 the
3001 2813 120 38 Largest
3140 2810 54 30 and
3215 2810 221 40 Best-equipped
3451 2812 28 29 in
3492 2810 48 31 the

2402 2857 117 41 Cuhmy,
2532 2857 56 30 and
2611 2866 51 19 our
2685 2854 107 31 friends
2813 2865 64 28 may
2900 2854 139 29 therefore
3062 2851 58 39 rely
3142 2861 75 30 upon
3239 2850 74 31 their
3331 2852 209 40 consignments

2403 2901 85 38 being
2500 2900 96 28 ahown
2611 2902 30 24 to
2656 2897 47 28 the
2719 2896 62 29 best
2794 2895 158 37 advantage
2965 2894 79 29 when
3058 2892 122 39 exposed
3193 2891 46 30 for
3250 2891 66 30 sale.

2421 3047 120 31 Auotion
2557 3045 78 31 Salos
2648 3045 31 29 of
2691 3041 183 42 Sheepskins,
2886 3041 195 37 Rabbitskins,
3094 3041 98 39 Hides,
3204 3040 117 40 Tallow,
3330 3041 52 32 &c.
3383 3065 9 15 f
3403 3041 118 42 weekly.

2634 3193 76 30 Send
2736 3193 45 30 for
2804 3202 52 19 our
2881 3191 108 30 Advice
3009 3191 89 30 Notes
3123 3191 55 30 and
3202 3190 112 31 Labels.

2598 3328 95 53 To
2754 3326 212 63 Skeep
3027 3326 50 47 Q
3082 3336 258 43 wilejra:

2669 3805 38 30 IS
2733 3803 218 31 ANNUALLY
2978 3801 103 32 USED
3107 3797 107 33 UPON
3242 3797 24 31 A

2402 3885 353 67 QUARTER
2771 3899 37 24 0F
2820 3899 59 23 ™
2893 3881 241 58 SHEEP
3148 3895 85 23 »™
3237 3894 15 21 E
3276 3871 255 59 WORLD

2437 4001 61 30 ITS
2519 4000 238 30 BENEFICIAL
2776 3998 170 30 EFFECTS
2964 3996 81 28 AND
3064 3994 168 29 LASTING
3254 3984 237 35 PrtOPERTIBS

2805 4051 130 31 ALONE
2961 4047 111 31 MAKE
3098 4047 39 29 IT

2401 4113 154 57 THE
2595 4111 398 59 CHEAPEST
3026 4107 97 58 OF
3163 4104 142 59 ALL
3345 4099 188 58 DIPS.

2675 4226 72 19 FKOM

2891 4252 103 32 JOHN
3021 4249 222 36 THOMPSON,
3267 4248 159 32 Lawrence,

2813 4307 65 30 And
2900 4307 72 29 from
2994 4306 36 29 all
3055 4304 87 30 Stock
3163 4303 56 30 and
3244 4301 110 31 Station
3377 4299 120 38 Agents.

2448 4389 176 46 Murray,
2653 4387 174 38 Roberts
2860 4384 80 39 and
2973 4383 89 41 Oo.«
3095 4388 83 31 Chief
3203 4388 109 36 Agents
3332 4383 45 31 for
3400 4381 100 36 Otago.

2943 4832 37 24 m

2855 4879 72 23 Ml

2886 5042 7 8 c
2896 5047 49 18 lad
2994 5042 2 23 '
3006 5044 96 17 Safety
3129 5042 14 23 ■'

2526 5096 155 59 NEW
2740 5099 93 53 lIA
2856 5098 65 53 Pl
2943 5096 42 51 i)
3036 5092 388 56 BICYCLES.

2409 5203 61 58 ST.
2484 5200 117 22 GEOItGE
2615 5198 207 21 ENGINEERING-
2834 5197 50 24 CO.,
2900 5197 101 23 Limited,
3015 5202 34 13 are
3060 5195 34 19 the
3104 5194 81 20 Makers
3195 5194 22 20 of
3227 5193 34 21 the
3270 5194 49 24 only
3331 5193 80 26 Bicycle
3422 5195 113 24 possessing

2501 5229 70 27 happy
2580 5226 139 22 combination
2731 5230 35 16 cue
2776 5225 113 27 perfection
2900 5222 148 27 oftnosequali
3060 5223 26 19 ies
3093 5221 144 21 mostcoveted
3244 5221 26 26 by
3277 5228 41 19 exp
3326 5221 87 21 <riaiiced
3423 5222 112 26 Cyclists—

2578 5259 226 29 STABILITY!
2882 5257 143 29 SPEED!
3104 5255 245 29 DURABILITY
3365 5256 5 27 !

2455 5302 49 20 This
2514 5301 41 20 fact
2564 5300 37 20 has
2611 5300 82 20 become
2701 5298 103 26 generally
2815 5296 115 26 recognised
2941 5297 20 19 in
2971 5296 104 25 Tuapjka,
3086 5295 40 20 and
3138 5297 19 18 in
3168 5301 139 19 cons-qaeaci
3323 5294 10 20 I
3348 5301 32 14 am
3396 5294 55 26 daily
3461 5295 74 25 sailing

2405 5331 57 20 thes<
2473 5329 104 21 il-tciiines
2588 5332 21 14 to
2620 5326 87 26 Cyclists
2718 5326 44 20 who
2773 5326 50 19 have
2834 5325 49 19 been
2893 5323 143 27 disappointed
3047 5324 25 21 by
3082 5322 60 21 other
3154 5329 17 14 m
3178 5322 51 24 ikes,
3241 5322 41 21 and
3294 5321 44 21 who
3347 5323 95 24 areglud,
3453 5322 84 26 indeed,

2406 5358 31 21 for
2446 5364 32 15 mo
2489 5362 20 14 to
2519 5362 21 14 m
2547 5355 31 21 ita
2589 5354 56 20 theni
2653 5360 25 14 an
2688 5353 110 21 allowance
2808 5352 30 21 for
2850 5352 54 21 their
2914 5351 66 21 discar
2986 5350 34 21 led
3031 5353 84 18 mounts

2407 5390 862 47 AsPartPaymentforaMachinetheycan
3286 5390 168 44 Depend
3469 5400 66 26 on.

2461 5482 66 21 Those
2538 5480 44 20 who
2591 5486 34 14 are
2635 5480 36 20 not
2683 5479 21 21 in
2714 5485 11 13 a
2736 5485 12 20 p
2755 5478 68 20 >sition
2834 5479 22 18 to
2865 5477 100 26 purchase
2975 5484 38 13 one
3022 5476 22 21 of
3053 5477 57 21 these
3120 5475 53 21 ideal
3183 5475 68 21 steeds
3261 5482 37 14 can
3308 5475 71 21 ohtair
3390 5475 53 23 from
3457 5484 31 14 rue

2528 5508 69 30 New
2618 5516 56 19 and
2699 5508 200 28 Sejond-hand
2928 5505 130 29 Bicycles
3081 5505 29 28 of
3133 5513 82 26 every
3238 5503 181 38 description.

2626 5561 691 90 CHARLES~STOKES,

2565 5665 217 32 MERCHANT
2814 5664 152 36 TAILOR,
2992 5664 70 29 Ross
3094 5663 98 35 Place,
3218 5661 163 31 Lawkence.

2816 5717 96 38 Agent
2936 5715 44 31 for
3005 5714 140 40 Tuapeka.

2496 5763 98 27 Wiogues
2607 5767 27 15 on
2648 5758 140 29 Applwatvon.
3070 5755 66 25 When
3148 5755 107 29 Ordering,
3262 5755 93 24 Mention
3370 5755 41 23 this
3424 5756 81 29 Paper..

3567 166 258 46 Speargrass
3859 162 92 40 Flat
3989 157 135 46 Hotel,

3666 227 103 30 BALD
3792 227 94 30 HILL
3911 224 110 32 FLAT.

3565 311 92 21 JAMES
3668 310 153 21 FALCONER
3925 320 23 4 -
3974 308 150 20 PROPRIETOR.

3677 379 87 30 above
3778 378 85 29 Hotel
3876 377 56 29 will
3946 377 35 29 be
3995 374 89 31 found
4105 384 16 18 a

3648 423 72 27 most
3746 419 181 30 comfortable
3956 417 55 30 and
4044 414 60 31 well-

3563 461 151 38 appointed
3727 461 95 28 House
3837 461 37 35 by
3897 459 153 28 Travellers
4064 456 56 29 and

3565 503 46 28 the
3624 501 92 39 public
3730 499 151 40 generally.
3922 498 119 29 Patrons
4056 505 64 29 may

3564 543 57 38 rely
3635 553 35 18 on
3683 552 83 28 every
3784 539 136 31 attention
3937 540 84 38 being
4034 538 84 40 given

3565 588 26 24 to
3603 584 72 27 tlieir
3687 583 128 28 comfort.

3804 621 10 9 9

3564 657 44 27 An
3622 656 157 29 Excellent
3793 654 89 29 Table
3895 655 119 28 Always
4028 652 89 29 Kept.

3627 728 72 39 Only
3716 729 45 28 the
3776 728 66 29 Best
3855 727 117 39 Liquors
3986 725 78 40 Kept

3770 769 30 29 in
3814 768 96 31 Stock.

3570 823 157 28 First-class
3742 822 138 37 Stabliug,
3895 822 66 28 with
3979 821 100 29 Groom
4094 820 29 28 in

3760 862 175 29 attendance.

3569 953 281 56 RAILWAY
3926 952 196 36 HOTEL,

3661 1021 67 22 ROSS
3746 1020 98 27 PLACE,
3865 1019 169 23 LAWRENCE.

3568 1089 109 38 John
3705 1087 151 46 Laffey,
3887 1086 236 47 Proprietor

3645 1148 80 36 (Late
3737 1147 30 29 of
3779 1146 146 30 Havelock
3939 1145 106 38 Hotel.)

3604 1227 20 29 J
3635 1227 31 29 L.
3681 1227 69 38 begs
3771 1229 29 26 to
3813 1225 126 29 intimate
3953 1224 61 30 that
4026 1224 35 29 he
4073 1224 51 29 has

3567 1267 155 40 purchased
3752 1266 48 29 the
3831 1266 88 29 above
3945 1264 179 30 well-known

3567 1308 142 39 Hostelry,
3716 1307 56 29 and
3788 1307 94 38 hopes,
3890 1307 38 37 by
3937 1305 80 29 strict
4030 1309 76 25 atten-

3567 1349 58 30 tion
3638 1354 28 24 to
3680 1348 47 29 the
3737 1347 117 30 comfort
3862 1347 30 29 of
3904 1345 153 30 Travellers
4066 1346 54 28 and

3566 1390 48 29 the
3626 1388 95 40 public
3732 1387 151 40 generally,
3896 1390 29 26 to
3940 1389 73 27 meet
4025 1385 67 30 with
4105 1396 17 18 a

3565 1430 54 30 fair
3631 1430 81 30 share
3723 1428 29 30 of
3764 1432 163 35 patronage.

3603 1471 59 29 The
3685 1469 123 39 Railway
3829 1468 24 31 is
3875 1479 52 19 one
3941 1467 31 30 of
3982 1467 48 31 the
4042 1467 63 30 best-

3565 1511 149 39 appointed
3726 1510 100 30 Hotels
3833 1509 108 30 outside
3950 1508 29 30 of
3990 1508 130 30 Dunedin

3565 1552 99 29 Under
3675 1551 88 29 J.L.'s
3777 1552 202 36 management,
3988 1549 48 28 the
4045 1559 57 18 com-

3565 1592 56 29 fort
3634 1592 30 28 of
3671 1597 113 33 patrons
3793 1590 54 28 will
3857 1591 36 27 be
3904 1589 77 29 made
3992 1599 16 18 a
4018 1588 102 39 special

3565 1633 116 35 feature,
3693 1631 56 29 and
3761 1641 36 19 no
3809 1630 83 31 effort
3902 1629 54 31 will
3971 1629 34 30 be
4019 1628 100 40 spared

3565 1678 30 25 to
3607 1673 65 39 give
3684 1681 84 29 every
3781 1670 181 30 satisfaction.

3565 1745 59 30 The
3636 1745 64 30 best
3711 1743 106 30 brands
3828 1743 31 30 of
3878 1741 106 38 Wines,
4008 1741 122 40 Spirits,,

3602 1786 56 29 and
3673 1785 66 31 Ales
3751 1785 103 38 always
3872 1783 68 40 kept
3951 1784 30 28 in
3994 1783 89 30 stock.

3567 1859 130 38 Simpson
3708 1858 56 30 and
3778 1857 98 31 Hart's
3889 1857 67 29 Ales
3969 1856 101 40 always
4083 1867 37 19 on

3814 1897 69 39 Tap.

3567 1971 158 30 First-class
3736 1970 130 39 Stabling
3878 1969 245 30 Accommodation

3572 2034 282 58 jy[ASOHIC
3899 2030 225 43 HOTEL?

3661 2096 69 21 ROSS
3743 2095 97 26 PLACE,
3854 2093 168 23 LAWRENCE.

3565 2165 35 32 R.
3621 2164 113 32 WEBB
3937 2162 182 32 PROPRIETOR.

3602 2247 60 30 The
3713 2247 125 30 Masonic
3892 2245 103 30 affords
4016 2245 38 29 all
4072 2244 49 30 the

3565 2288 132 29 comforts
3709 2288 30 29 of
3750 2298 17 18 a
3779 2287 91 36 home,
3879 2285 57 31 and
3948 2285 24 31 is
3984 2284 134 40 provided

3565 2328 67 29 with
3645 2327 48 31 the
3713 2336 68 31 very
3800 2327 62 30 best
3874 2324 247 32 Accommodation

3564 2369 45 29 for
3633 2368 162 30 Travellers.
3834 2366 159 31 First-class
4024 2364 98 31 Table.

3565 2410 69 29 Best
3652 2408 97 31 Wines
3770 2408 57 30 and
3847 2408 102 39 Spirits
3970 2406 103 39 always
4091 2406 31 28 in

3565 2448 91 31 stock.

3687 2516 134 23 CHARGES
3838 2515 162 23 MODERATE.

3601 2571 60 32 The
3684 2572 160 41 Proprietor
3868 2571 101 31 wishes
3993 2573 30 28 to
4044 2570 78 31 draw

3566 2613 110 39 Special
3699 2613 137 29 attention
3860 2616 30 25 to
3916 2613 48 28 the
3990 2610 132 40 Scabling

3565 2653 247 31 Accommodation
3830 2651 144 41 provided,
3987 2651 91 30 which
4096 2651 25 30 is

3566 2694 155 36 unlimited,
3733 2693 56 30 and
3800 2693 31 30 of
3842 2694 48 29 the
3903 2693 62 30 best
3977 2692 80 30 kind.

3572 2757 293 58 yiCTOKIA
3940 2756 182 31 HOTiSL,

3656 2824 73 22 PEEL
3739 2824 113 27 STREET,
3868 2823 169 22 LAWRENCE.

3591 2915 171 40 Ronald
3802 2919 28 33 o
3845 2918 244 33 ntgomerx.

3759 2973 181 28 Propriktor.

3568 3067 61 30 One
3650 3065 30 31 of
3699 3065 49 30 the
3767 3068 73 27 most
3864 3064 183 31 comfortable
4064 3064 58 29 and
4127 3064 3 33 :

3593 3104 232 31 best-conducted
3838 3104 155 29 Hostelries
4003 3114 35 19 on
4049 3105 48 28 the

3716 3146 91 39 Otago
3820 3144 161 31 Goldtields.

3666 3238 59 22 nOT
3746 3238 63 22 AND
3828 3236 75 23 COLD
3922 3236 100 23 BATHS.

3591 3308 111 29 Sample
3722 3307 95 29 Rooms
3838 3315 51 20 for
3907 3305 184 32 Travellers.

3563 3389 168 38 Passengers
3739 3387 86 30 called
3835 3387 43 30 for
3887 3387 45 30 the
3941 3387 75 39 early
4023 3387 95 33 Train.

3569 3533 125 61 DM
3694 3533 189 61 ITC
3917 3533 22 23 tt
3974 3533 18 23 E
4024 3533 20 25 L
4077 3533 19 23 L

3621 3676 71 26 THB
3738 3676 159 26 POPULAR
3933 3674 120 32 HOUSE,

3744 3741 198 26 LAWRENCE.

3563 3824 23 21 _5
3599 3823 51 17 uovy
3667 3813 106 34 opening
3791 3821 31 23 up
3842 3810 38 26 his
3904 3810 62 25 First
3988 3810 126 32 Shipment

3578 3862 24 23 of
3619 3860 39 24 SIJ
3667 3860 96 23 vi.vlEii
3779 3857 169 28 DitAPEItV,
3964 3857 135 23 consisting

3577 3903 24 25 of
3609 3904 29 24 all
3651 3904 39 24 ib<*
3699 3904 69 23 latest
3781 3899 116 31 np7sl»ie4
3907 3906 34 17 (or
3953 3903 39 20 ttte
4001 3906 95 23 coning

3645 3953 91 16 season,
3755 3941 47 26 and
3817 3949 77 25 prices
3908 3947 22 17 to
3949 3940 86 25 ruat<ch>

3683 3982 93 23 ivlilline
3791 3989 13 21 y
3819 3989 15 14 a
3857 3979 138 29 Speciality.

3596 4125 110 31 fgrV.B.
3760 4123 76 25 ViaWs
3872 4122 92 24 Millar*
3990 4120 43 26 Ffa
4082 4121 31 23 ui

3569 4165 128 31 roxourgb
3709 4170 72 23 every
3798 4170 36 16 six
3851 4163 86 23 weeks.

4075 4411 12 6 v>:
4092 4407 21 10 v't-

3767 4434 42 22 j!M.

4047 4462 42 19 to

3595 4504 128 23 ROYAL
3988 4497 45 25 H£K
4040 4492 110 28 MAJESTV

3988 4511 10 10 11
4004 4513 11 7 *■
4019 4511 12 9 n
4040 4511 10 9 11
4062 4511 7 9 r
4070 4511 3 10 '
4077 4511 10 8 u
4127 4511 5 9 1

3999 4535 50 21 hie
4057 4529 83 31 Queen

3711 4557 7 2 -
3727 4557 5 2 -
3970 4557 7 5 -

3580 4577 37 27 AND
3623 4577 26 27 BY
3660 4576 86 28 SPECIAL
3753 4568 380 35 V/AWftSTTOSIRJIMPRBSCESfWALE

3977 4608 2 11 .
3982 4618 9 1 _
3995 4618 6 1 _
4024 4617 8 2 _
4063 4608 20 11 eft
4108 4617 12 2 _

3578 4540 159 20 WARRANT

3595 4824 66 28 •j>M\
3847 4831 40 17 <*>.
3916 4837 7 10 »
4067 4824 43 26 >V*
4125 4834 5 15 ;

3618 4871 542 43 ym

3611 4919 5 6 ,
3635 4911 5 16 l
3649 4911 43 21 W.v-Mj
3702 4914 5 6 '

3809 4936 258 59 ?^Mr\-
4089 4936 56 55 it

3571 5146 3 30 <
3579 5146 30 30 V;-
3610 5152 9 13 ,f
3910 5146 2 30 '
3918 5150 15 22 ;<

3734 5260 15 18 T,{
3808 5254 3 24 l
3812 5254 41 23 iW-
3854 5254 3 24 i
3885 5261 16 17 U
3915 5256 20 21 vl
3962 5254 50 23 Ll/xa

3756 5288 18 9 IF
3779 5288 72 8 viTtKJk^m

4061 5264 35 21 viU

3593 5621 175 38 TOTHILL,
3787 5622 175 38 WATSON,
3981 5622 26 30 &
4027 5622 67 38 CO.,

3666 5695 157 35 Esk.-.itreet.2
3831 5696 165 33 Invercargill,

3586 5743 55 26 Sole
3654 5744 89 31 Agents
3758 5743 36 26 far
3807 5745 77 30 Otagp
3901 5743 53 27 *nd.
3968 5745 143 26 Southland*
