4190 5840
76 135 47 18 fit*s
125 133 385 20 jiJa*Sit«mmeßmetßt*aaßafnmtcah*x,
515 133 6 7 ■■

113 182 154 22 RECIPIENTS
286 182 32 20 OF
337 180 164 22 CHARITABLE
524 179 55 20 AID.

109 224 6 11 r
118 224 49 27 Phe
181 225 94 26 return
295 220 95 29 tabled
402 230 36 19 on
463 220 48 27 the
537 218 87 28 above
636 218 1 33 :

76 264 105 38 subject
193 261 110 30 showed
323 261 61 28 tbat
406 272 16 17 a
435 270 105 19 woman
567 257 54 29 and
636 257 1 45 j

76 305 44 27 }ior
134 303 94 37 family
240 312 70 18 were
323 301 141 37 receiving
475 300 48 27 10s
535 298 71 28 week-

76 345 34 36 ly,
132 347 54 25 two
205 352 113 29 persons
336 350 71 19 were
427 339 142 37 receiving
593 339 30 26 5s

76 395 46 28 per
134 384 76 29 week
233 383 75 35 each,
322 381 54 30 and
389 381 78 39 eight
485 380 93 29 others
590 379 33 27 4s
636 379 1 44 |

76 426 61 27 each
150 424 115 37 weekly.

110 465 57 28 The
204 466 137 32 secretary
367 461 29 28 of
421 461 47 28 the
493 458 127 29 Dunedin
635 453 2 46 |

76 505 168 29 Benevolent
269 503 128 27 Trustees
423 507 85 21 wrote
521 503 28 23 to
576 499 46 26 the
635 495 2 44 j

76 547 75 29 effect
179 546 60 28 tbat
260 544 58 29 Mrs
342 542 138 30 Blacklow
581 539 26 28 al-

76 587 82 30 lowed
174 588 30 26 5s
212 597 48 26 per
273 585 76 28 week
364 585 43 27 for
420 584 76 27 three
511 588 110 21 months
635 584 2 39 j

76 630 34 26 bv
137 628 83 34 them,
244 626 101 37 fluting
366 623 89 29 which
484 623 66 27 time
574 623 63 26 her;

76 668 121 29 husband
209 666 96 30 should
316 666 34 28 be
359 665 62 28 able
430 668 28 25 to
468 663 56 28 find
536 661 85 28 work,
635 661 2 36 i

76 710 58 28 Her
146 709 113 28 address
284 718 55 16 was
364 705 86 30 asked
485 705 52 27 for.
579 701 42 29 He
636 701 1 37 |

76 752 105 27 further
202 749 89 28 stated
305 748 61 28 that
376 747 47 28 the
436 750 118 25 trustees
568 743 53 28 had
636 743 1 45 j

76 790 136 29 increased
258 789 46 27 the
341 788 146 27 allowance
524 783 30 28 of
588 783 34 27 R.
636 783 1 43 j

76 830 161 30 M'Cluskev
247 828 56 30 and
315 828 36 29 A.
361 825 117 31 M'Leod
489 829 28 25 to
531 825 31 28 5s
574 834 49 28 per
636 825 1 38 j

76 871 82 28 week.

104 931 116 21 SHELTER
239 931 70 19 SHED
328 930 53 20 AND
403 928 75 20 SNOW
498 925 87 22 POLES.
636 925 1 43 J

114 972 37 29 Cr
174 971 90 38 Inglis
293 968 147 40 presented
465 978 16 17 a
506 965 118 37 petition
636 965 1 46 j

78 1013 70 28 from
164 1013 52 28 207
230 1011 135 30 residents
385 1010 28 28 of
426 1009 47 28 the
496 1006 128 38 Tuapeka
636 1006 1 38 >

77 1053 52 29 and
142 1051 152 31 Southland
306 1051 139 33 Counties,
457 1049 32 28 82
501 1048 28 28 of
539 1047 86 27 whom
636 1044 1 45 J

78 1105 70 18 were
183 1093 127 38 working
343 1103 35 18 on
404 1091 47 28 the
477 1089 52 29 Old
560 1088 65 29 Man

79 1135 106 35 Range.
224 1133 58 28 The
306 1131 115 39 petition
447 1139 55 18 was
529 1133 28 23 to
580 1128 46 26 the

80 1174 82 30 effect
198 1174 61 30 that
287 1173 48 30 the
357 1170 78 32 track
458 1179 91 21 across
581 1167 47 30 the

82 1227 85 23 7-ange
191 1215 70 28 from
289 1213 154 33 Roxburgh
468 1216 29 23 to
510 1211 118 32 Potters,

84 1254 165 38 Campbells,
271 1253 53 28 and
350 1251 127 28 Waikaia
496 1248 130 30 Junction

82 1306 54 17 was
150 1295 115 28 difficult
277 1298 28 25 to
318 1303 74 19 cross
402 1293 26 26 in
440 1291 45 28 the
494 1289 98 28 winter
592 1304 36 4 —

80 1336 69 26 from
175 1335 65 36 May
264 1338 29 24 to
320 1332 163 37 September
485 1330 89 26 —and
599 1328 27 26 in

80 1375 69 28 view
160 1374 29 29 of
201 1375 46 28 the
259 1373 55 30 loss
327 1373 30 29 of
369 1372 46 29 life
429 1371 67 29 both
510 1370 99 28 former-

80 1416 28 37 ly
133 1416 53 27 and
212 1415 131 36 recently,
368 1414 48 27 the
442 1410 106 31 council
574 1418 54 19 was

80 1455 85 28 asked
190 1458 29 25 to
244 1453 107 30 rebuild
376 1453 49 28 the
450 1462 86 27 upper
561 1449 65 28 shed

81 1506 34 18 on
129 1495 48 29 the
191 1494 157 41 Campbells
357 1492 88 36 track,
459 1498 28 23 to
499 1495 73 25 erect
580 1489 47 28 the

81 1537 54 27 line
160 1537 30 27 of
201 1547 75 18 snow
289 1536 75 38 poles
377 1534 89 29 which
484 1543 55 17 was
553 1531 77 28 there

82 1577 139 39 formerly,
234 1577 53 29 and
301 1580 29 25 to
339 1576 35 28 do
388 1575 67 28 such
465 1573 78 30 other
553 1570 75 29 work

83 1630 29 18 as
134 1619 47 29 the
195 1618 105 30 council
313 1617 91 40 might
427 1615 81 30 think
532 1622 78 21 neces-

83 1670 72 27 sary.
195 1660 142 38 Speaking
349 1660 27 26 in
391 1660 115 35 support
532 1656 30 27 of
580 1654 47 28 the

84 1701 124 38 petition.
223 1700 36 30 Cr
271 1699 89 39 Inglis
374 1698 56 29 said
445 1697 61 29 that
518 1695 47 29 the
585 1693 44 30 old

83 1742 102 28 shelter
198 1742 81 29 sheds
291 1741 53 29 had
359 1741 68 28 been
437 1738 71 30 built
515 1737 54 29 and
585 1736 47 28 the

83 1782 75 38 poles
195 1782 108 28 erected
340 1782 38 36 by
404 1781 46 27 the
481 1777 148 39 provincial

86 1822 121 29 Council.
248 1822 88 28 There
365 1820 53 29 had
448 1820 69 28 been
552 1820 79 35 great

84 1862 53 30 loss
160 1863 28 27 of
201 1863 48 29 life
262 1873 34 18 on
310 1862 46 29 the
371 1861 51 29 Old
437 1860 66 30 Man
523 1859 107 37 Range,

84 1916 29 16 as
129 1916 81 26 many
223 1915 29 16 as
265 1904 123 27 fourteen
404 1912 62 18 men
480 1901 85 37 being
578 1899 54 28 lost

85 1945 27 28 in
136 1956 50 19 one
198 1945 86 38 gully,
298 1944 52 29 and
365 1943 93 28 others
482 1940 54 30 had
564 1940 66 28 been

85 1987 54 27 lost
152 1987 84 28 since.
276 1985 57 28 The
353 1984 103 28 shelter
470 1982 92 34 sheds,
578 1980 54 28 and

85 2027 145 37 especially
267 2025 48 28 the
358 2033 88 29 upper
474 2032 60 24 one,
579 2020 54 29 had

84 2067 121 28 afforded
229 2070 79 33 great
331 2064 152 39 protection
510 2062 28 28 in
558 2071 75 19 snow

83 2111 110 32 storms,
221 2107 52 28 and
300 2105 54 29 had
376 2104 141 29 doubtless
551 2101 82 30 saved

84 2159 81 26 many
176 2149 84 33 lives;
273 2148 26 27 in
314 2146 58 29 fact
385 2145 48 28 the
453 2143 128 39 majority
605 2142 29 28 of

81 2188 79 29 those
185 2189 62 28 who
271 2188 54 28 lost
348 2185 72 29 their
444 2185 66 27 lives
528 2182 48 29 did
602 2192 30 19 so

80 2229 96 30 before
202 2229 46 28 the
273 2228 103 29 shelter
395 2225 82 30 sheds
491 2234 70 18 were
581 2226 52 35 put

80 2279 46 27 up.
166 2270 85 28 Later
262 2279 35 18 on
317 2267 47 29 the
384 2266 93 29 tracks
502 2264 48 29 fell
573 2264 58 28 into

80 2309 101 36 disuse,
195 2310 92 36 owing
305 2312 30 25 to
353 2307 49 29 the
423 2309 57 25 fact
503 2305 63 28 that
584 2304 47 28 the

79 2351 160 38 population
252 2348 106 30 shrunk
368 2345 200 38 considerably,
576 2344 55 29 and

80 2391 47 28 the
148 2391 81 28 sheds
247 2391 47 27 fell
308 2390 59 27 into
380 2386 141 38 disrepair.
560 2384 71 28 Now

80 2431 48 29 the
138 2432 102 28 miners
248 2430 53 30 had
311 2427 130 31 returned
451 2427 27 28 in
490 2425 142 35 numbers,

82 2473 53 29 and
168 2471 149 40 according
348 2473 29 24 to
412 2468 47 28 the
490 2469 142 37 prospects

82 2515 77 27 there
172 2525 55 16 was
240 2513 84 36 likely
338 2515 28 24 to
378 2511 34 26 be
423 2520 15 16 a
449 2509 81 28 much
542 2508 91 36 larger

81 2553 157 38 population
251 2553 76 27 there
336 2550 65 27 than
411 2549 77 28 there
498 2548 54 27 had
562 2548 68 27 been

80 2593 165 40 previously.
285 2592 46 28 Mr
344 2589 108 30 Gunn's
475 2588 82 29 death
577 2587 53 29 had

81 2634 127 29 occurred
223 2635 28 27 in
264 2633 35 28 all
314 2630 167 41 probability
506 2640 66 19 near
585 2629 47 29 the

80 2685 89 28 upper
206 2674 103 28 shelter
351 2671 79 35 shed,
477 2670 55 28 and
576 2670 56 27 this

82 2716 77 36 shed,
190 2715 89 30 which
305 2723 55 19 was
397 2712 48 29 the
483 2710 65 37 only
580 2720 52 19 one

81 2756 86 30 asked
195 2758 53 35 for,
280 2766 56 18 was
367 2753 119 30 situated
524 2752 28 28 in
584 2751 48 28 the

82 2801 71 25 most
197 2798 156 36 dangerous
405 2796 61 37 part
509 2792 30 29 of
584 2791 48 29 the

81 2850 96 25 range.
216 2839 58 28 The
296 2836 68 30 shed
388 2833 127 41 required
541 2836 30 26 to
598 2833 34 28 be

81 2880 72 26 built
165 2880 98 26 should
285 2879 36 25 be
341 2878 85 25 about
445 2876 30 24 10
487 2885 19 15 x
522 2875 42 30 12,
578 2873 53 27 and

82 2930 16 17 a
111 2919 54 28 line
175 2918 30 29 of
216 2918 50 30 170
276 2916 77 40 poles
363 2913 98 30 should
470 2913 35 28 be
515 2912 119 36 erected,

82 2960 89 27 which
184 2959 89 28 would
288 2957 62 37 give
372 2966 16 18 a
407 2965 55 17 row
475 2954 64 28 four
550 2952 54 29 and
618 2963 15 17 a

84 3000 58 28 half
156 3000 76 28 miles
244 2999 77 35 long,
333 2996 48 29 the
397 2994 73 38 poles
484 2993 150 37 averaging

85 3041 35 29 30
132 3041 95 29 chains
240 3042 86 36 apart.
366 3035 58 28 The
444 3033 76 40 poles
536 3032 97 29 should

84 3082 36 27 be
133 3082 43 27 6ft
188 3081 68 38 high
275 3080 27 28 in
317 3087 75 20 some
404 3075 92 38 places
506 3073 54 28 and
576 3073 59 29 10ft

85 3122 28 29 in
127 3122 102 34 others,
239 3120 54 30 and
307 3120 34 29 he
352 3113 144 34 estimated
510 3113 47 29 the
576 3118 59 25 cost

86 3165 29 26 at
127 3163 85 28 about
224 3161 77 30 £IOO
313 3160 45 29 for
371 3157 47 29 the
430 3154 87 29 whole
538 3154 30 28 of
588 3157 47 28 the

87 3203 86 29 work.
212 3201 70 31 Half
294 3201 29 30 of
335 3200 47 29 the
391 3196 160 40 petitioners
564 3208 71 21 were

86 3244 123 27 resident
217 3243 28 28 in
271 3237 151 33 Southland
448 3235 109 38 County
579 3239 55 28 and

87 3284 34 30 he
134 3283 91 30 would
238 3282 56 30 like
306 3281 48 30 the
371 3275 130 35 council's
524 3278 109 38 opinion

87 3337 30 18 as
130 3329 28 26 to
172 3325 123 30 whether
308 3323 64 37 they
395 3317 97 32 should
513 3322 50 26 not
584 3321 50 30 ask

87 3367 61 28 that
161 3368 102 34 county
276 3375 31 19 or
319 3362 186 31 Government
522 3363 30 25 to
571 3372 47 19 con-

87 3407 104 29 tribute
212 3405 59 30 half
293 3404 29 29 of
343 3403 47 30 the
412 3402 68 28 cost.
518 3400 55 32 For
593 3403 42 29 his

88 3459 60 17 own
164 3450 62 35 part
238 3447 35 28 he
287 3445 120 37 thought
419 3443 22 28 it
462 3440 91 39 paltry
569 3454 50 19 run-

88 3488 69 35 ning
168 3492 29 24 to
207 3487 187 29 Government
407 3484 44 30 for
463 3484 172 39 everything,

85 3539 32 17 as
131 3529 46 27 the
197 3527 186 29 Government
404 3522 54 32 had
480 3526 58 25 met
559 3525 73 29 them

86 3579 67 28 very
166 3568 82 38 fairly
256 3569 28 27 in
292 3567 47 29 the
352 3569 99 26 matter
458 3562 29 30 of
499 3566 136 30 subsidies

87 3610 44 28 for
144 3609 89 35 roads,
253 3612 51 25 etc.

125 3649 37 29 Cr
176 3648 129 39 Simpson
318 3647 117 38 thought
450 3647 185 30 Government

87 3690 99 28 should
200 3700 78 27 carry
292 3692 47 26 out
351 3689 47 28 the
411 3689 75 28 work
503 3686 22 29 if
538 3689 22 29 it
581 3698 54 19 was

167 3730 67 32 dutv
249 3734 28 24 to
291 3730 34 28 do
338 3738 39 19 so.

125 3771 58 28 The
195 3770 137 28 chairman
354 3769 158 29 considered
532 3770 62 29 that
606 3780 29 18 as

90 3810 152 29 Southland
263 3810 108 37 County
384 3810 122 28 received
529 3810 60 29 half
607 3810 30 28 of

89 3852 46 28 the
145 3850 144 39 goldfields
299 3850 174 36 revenue,the
483 3851 152 31 Southland

90 3892 114 29 Council
216 3891 97 29 should
327 3892 35 28 be
379 3890 85 30 asked
484 3895 28 27 to
535 3892 86 29 contri-

86 3933 76 27 bute.

126 3971 37 29 Cr
184 3970 57 29 Sim
262 3970 56 29 said
344 3971 47 29 the
411 3971 74 29 work
499 3972 54 29 had
567 3972 68 28 been

89 4012 102 28 carried
207 4015 47 25 out
266 4012 27 28 in
305 4012 46 28 the
371 4012 59 29 first
444 4013 76 37 place
534 4014 37 36 by
590 4014 47 28 the

88 4052 154 29 Provincial
255 4052 122 35 Council,
390 4053 54 28 and
458 4054 66 37 they
539 4054 98 28 should

87 4097 49 25 not
151 4092 152 30 undertake
317 4093 74 29 work
411 4094 44 28 for
473 4094 89 29 which
583 4094 36 29 Go-

88 4136 145 26 vernment
244 4143 53 19 was
312 4134 175 37 responsible.

127 4175 37 27 Cr
183 4173 88 38 Inglis
292 4174 95 29 moved
410 4175 61 29 that
492 4174 47 30 the
560 4174 76 30 clerk

85 4216 35 27 be
135 4214 151 29 instructed
300 4218 28 24 to
342 4215 76 29 write
431 4220 28 23 to
472 4216 47 29 the
534 4216 85 28 South-

84 4255 66 28 land
171 4254 118 38 County,
301 4255 101 37 asking
423 4256 73 28 them
520 4259 28 25 to
571 4266 48 19 con-

84 4295 104 29 tribute
212 4297 28 27 to
266 4295 47 29 the
340 4299 67 26 cost.
446 4296 58 29 The
529 4297 104 28 council

82 4336 53 29 had
169 4335 86 30 freelv
289 4336 175 30 constructed
496 4337 80 30 roads
605 4341 30 26 to

82 4377 139 38 dredging
233 4376 104 36 claims,
354 4378 54 28 and
434 4388 67 19 even
522 4378 45 29 for
586 4379 49 29 the

80 4416 234 30 accommodation
328 4418 31 28 of
367 4418 231 35 individuals,and
610 4419 22 28 it

80 4458 89 27 would
183 4458 35 27 be
238 4467 16 18 a
277 4456 67 29 hard
357 4461 99 25 matter
469 4458 23 28 if
505 4459 66 37 they
584 4459 47 28 did

78 4501 49 26 not
141 4497 86 30 afford
240 4498 151 38 protection
415 4501 109 32 agamst
536 4498 55 31 loss
604 4499 30 29 of

77 4538 48 29 life
138 4541 28 26 to
178 4538 140 38 forty-one
335 4538 30 29 of
375 4538 72 30 their
460 4542 169 35 ratepayers,

78 4589 30 16 as
121 4578 60 28 well
194 4589 30 17 as
237 4582 29 24 to
289 4579 47 27 the
352 4579 102 28 miners
476 4579 29 28 in
528 4579 85 28 South-

78 4618 67 28 land
169 4616 110 40 County
301 4618 60 29 who
386 4618 97 29 traded
505 4619 29 28 in
557 4618 57 29 Rox-

80 4658 101 37 burgh.

117 4698 57 27 The
188 4698 103 28 motion
304 4708 54 17 was
378 4698 137 29 seconded
528 4698 38 38 by
595 4698 37 29 Cr

82 4737 129 38 Simpson
230 4738 53 27 and
298 4738 113 28 carried.

231 4797 84 19 SMALL
334 4797 63 19 BIRD
414 4797 72 19 PEST.

121 4833 43 30 On
191 4834 48 29 the
271 4835 103 28 motion
406 4835 30 30 of
468 4834 36 31 Cr
536 4835 99 34 Inglis.

85 4876 136 29 seconded
235 4876 38 37 by
287 4875 38 30 Cr
339 4875 110 37 Cotton,
471 4877 23 28 it
515 4888 54 18 was
592 4889 28 18 re-

83 4916 94 28 solved
193 4919 29 25 to
242 4916 99 28 accede
353 4920 29 24 to
395 4916 47 28 the
467 4918 165 37 application

84 4958 29 27 of
125 4956 44 28 Mr
181 4956 27 29 J.
224 4955 145 36 Tamblvn,
383 4960 138 35 secretary
541 4957 28 29 of
587 4958 48 29 the

84 4997 97 28 Teviot
195 4995 208 37 Fruitgrowers'
417 4996 47 28 Co.
475 4997 44 28 for
531 5008 16 18 a
570 4998 49 28 sub-

84 5036 62 37 sidy
170 5036 45 30 for
236 5035 48 30 the
310 5035 170 30 destruction
505 5037 29 29 of
557 5038 78 28 small

82 5077 87 28 birds.
218 5076 44 28 He
301 5076 151 37 suggested
489 5077 61 28 that
588 5078 47 28 the

85 5116 115 29 Council
212 5115 138 30 subsidise
362 5116 65 28 each
449 5116 94 39 riding
553 5118 20 28 £
592 5117 44 29 for

84 5159 20 27 £
118 5167 37 27 up
168 5160 29 25 to
212 5157 58 34 30s,
290 5156 53 29 and
366 5157 29 27 in
415 5156 60 29 that
498 5168 61 25 way
579 5159 55 27 £27

84 5196 88 29 worth
181 5196 30 29 of
216 5197 94 37 poison
316 5195 90 29 would
416 5196 34 29 be
459 5197 176 36 distributed,

82 5237 108 30 iustead
202 5237 30 30 of
254 5237 58 29 half
331 5237 61 29 that
415 5240 114 27 amount
555 5249 30 18 as
606 5242 29 26 at

82 5282 121 33 present.

120 5317 38 30 Cr
188 5317 165 37 Livingston
385 5317 100 28 moved
510 5317 54 29 and
598 5317 37 30 Cr

84 5357 129 39 Simpson
238 5357 138 30 seconded
401 5358 62 28 that
494 5369 16 17 a
533 5358 103 29 similar

82 5402 83 35 grant
178 5399 36 28 be
228 5398 80 29 made
320 5402 28 25 to
362 5398 47 29 the
423 5399 80 29 other
517 5398 118 38 ridings.

82 5438 160 30 —Carried.

205 5496 113 20 MILLERS
332 5496 63 19 FLAT
405 5496 107 20 BRIDGE.

120 5536 29 29 It
161 5546 55 19 was
229 5535 124 30 resolved
367 5538 28 26 to
416 5535 75 29 draw
504 5535 49 29 the
574 5534 63 29 loan

82 5575 71 31 from
187 5575 189 31 Government
408 5575 44 31 for
478 5575 49 30 the
551 5575 86 29 above

83 5618 75 28 work
171 5628 31 18 as
214 5618 136 38 required.

287 5672 143 21 ACCOUNTS.

120 5704 141 29 Accounts
274 5705 164 36 amounting
449 5707 28 25 to
491 5703 104 36 £1,273
608 5704 29 29 3s

80 5754 75 20 were
169 5744 100 37 passed
285 5744 44 29 for
342 5747 141 34 payment.

3492 43 168 53 Friday,
3683 48 113 49 July
3806 43 194 46 16,1897.

1613 60 199 39 MOUNT
1900 60 226 39 BENG.EE
2210 49 155 43 HAIL.

3555 5557 84 20 Printed
3653 5557 40 20 and
3708 5557 111 21 Published
3840 5562 25 22 by
3886 5558 103 20 William
4003 5559 108 21 Pan.veil

3610 5591 127 22 Matthews
3746 5591 32 21 for
3787 5591 36 22 the
3833 5591 130 28 prop!iet,ore,
3975 5593 80 22 Dvjnke
4064 5600 47 16 ane

3611 5629 134 25 Matthews,
3766 5630 21 19 at
3809 5629 55 20 tlieir
3880 5629 120 25 liegistered
4017 5630 94 26 Printing

3613 5663 70 20 Office.
3702 5663 96 20 Scotland
3808 5664 72 25 sticet,
3898 5663 119 26 Koxburgrs,
4036 5665 68 26 Otugto

3606 5697 51 22 New
3666 5697 199 29 Zialaud-Fiiday,
3883 5699 52 26 July
3951 5698 88 23 16.1837

705 171 31 22 To
752 178 27 15 be
793 174 129 21 Published
936 179 25 16 in*
971 175 114 24 January,
1101 172 56 21 1893.

656 225 171 30 OTONES'
859 226 126 29 OTAGO
1015 225 24 29 &
1066 223 143 31 SOUTH-

898 267 107 27 LAND

701 319 153 26 Commercial,
871 320 135 26 Municipal,
1020 320 15 20 &
1050 319 109 21 General

809 374 242 42 DIRECTORY,

903 428 56 19 AND

687 469 91 29 NEW
795 470 183 28 ZEALAND
995 468 174 35 ANNUAL,

880 522 68 35 IBS
957 521 35 36 8.

673 609 166 30 Fourteenth.
860 608 74 29 Year
954 609 30 27 of
1003 606 182 29 Publication.

653 689 87 37 Demy
767 688 53 29 Bvo
846 687 64 34 size,
937 685 163 37 containing
1123 685 84 28 about

669 728 285 39 900pages,together
964 727 64 28 with
1039 735 148 19 numerous

707 770 80 36 Maps
811 768 141 28 corrected
974 773 28 21 to
1016 767 73 33 date,
1103 766 47 28 the

734 808 86 29 whole
834 808 180 36 handsomely
1028 805 94 30 bound

762 851 26 26 in
804 850 84 34 cloth,
899 848 195 38 gilt-lettered.

656 932 75 28 Price
744 935 29 25 to
788 930 189 35 Subscribers,
994 930 47 27 12s
1056 928 35 29 6d
1101 940 7 23 ;
1131 927 76 28 Non-

804 971 186 35 Subscribers,
1005 971 53 35 15s.

701 1052 132 36 STOjNE,
867 1051 81 36 SON,
982 1050 82 30 AND
1095 1049 67 35 CO,

844 1106 180 30 Pdbi.isiiers,

712 1151 139 30 Crawford
881 1150 101 36 Street,
1006 1149 139 29 Dunedin.

666 1237 42 54 [)
793 1237 44 33 A.
912 1232 297 42 BUCHANAN,

736 1308 72 22 BOOT
837 1307 59 21 AND
922 1305 74 21 SHOE
1023 1303 111 27 MaKEK,

702 1354 141 29 Scotland
854 1369 10 5 -
876 1359 106 26 street,
1002 1349 162 28 Roxburgh.

767 1450 91 30 Every
880 1448 167 36 description
1070 1446 29 28 of

658 1503 89 30 Boots
759 1512 55 19 and
829 1501 89 30 Shoes
933 1500 133 30 Supplied
1079 1507 34 19 or
1127 1497 83 29 Made

835 1552 33 19 to
888 1543 143 28 Measure.

658 1597 45 30 Fit
713 1595 183 31 Guaranteed.
973 1593 15 29 .t
996 1593 22 29 it
1027 1590 182 32 Guaranteed.

710 1689 123 23 REPAIRS
858 1686 113 23 NEATLY
1003 1684 158 23 EXECUTED.

780 1770 24 26 A
827 1768 85 27 Trial
935 1766 152 28 Solicited.

659 1855 42 54 JP
786 1853 44 36 A.
907 1848 304 43 miller,

660 1928 133 27 BUILDER,
807 1926 106 22 JOINER
927 1926 61 20 AND
1008 1923 204 24 UNDERTAKER,

753 1980 73 28 Ross
846 1979 97 34 Place,
964 1977 164 28 Lawp.encb.

662 2076 125 32 plans
799 2076 80 31 and
893 2071 322 34 SPECIFICATIONS

802 2132 26 29 A
849 2128 176 33 SPECIAL!
1037 2128 35 31 Y.

660 2225 154 37 Quantities
828 2223 138 39 Prepared
988 2222 54 28 and
1066 2220 149 28 Estimate*

686 2267 88 28 Given
787 2265 44 29 for
842 2264 35 28 all
892 2264 101 28 classes
1006 2262 29 28 of
1052 2259 133 30 Builders'

892 2303 99 30 Work.

671 2389 62 56 VL
818 2390 36 38 J.
941 2390 33 36 B
1020 2389 34 35 L
1100 2386 115 42 OY,

685 2457 200 22 WHITEHAVEN
899 2455 111 25 STREET,
1025 2453 168 22 LWVitBNC*.

661 2544 129 30 BOARD
814 2543 82 29 AND
926 2541 219 29 RESIDENCE
1169 2540 47 28 AT

704 2594 258 32 REASONABLE
981 2593 190 30 CHAuGES.

698 2625 4 21 5
770 2627 19 14 W
823 2631 13 15 y
863 2625 11 16 J
910 2626 10 14 S
942 2636 5 5 ,
975 2636 5 4 -
1007 2625 2 21 1
1173 2636 21 8 „v.
1218 2625 2 21 *

770 2684 97 29 MEALS
886 2692 32 19 AT
937 2691 50 20 ALL
1008 2685 104 25 IiOURS.

678 2779 58 28 The
750 2779 63 28 best
828 2776 243 30 Accommodation
1095 2775 43 28 for
1152 2774 48 29 the

800 2817 161 39 Travelling
974 2816 107 30 Public.

661 2904 103 30 GOOD
780 2902 201 31 STABLING.
1021 2900 98 30 OATS
1135 2900 82 29 AND

773 2944 128 30 CHAFF
922 2942 52 29 ON
999 2942 106 29 SALE.

653 3014 1 46 ,
734 3017 211 31 ERBERT
994 3016 100 29 AND
1144 3014 75 35 CO.,

854 3085 169 21 LAWRENCE.

818 3175 153 30 Importers
990 3182 33 21 of
1023 3189 37 7 —

661 3232 201 37 Ironmongery

747 3275 191 41 Agricultural
961 3275 184 40 Implements

922 3322 192 40 Agricultural
1132 3321 88 31 Seeds

836 3382 217 30 GROCERIES

680 3442 97 30 TEAS
891 3440 97 29 TEAS
1010 3435 13 45 J
1102 3437 99 32 TEAS

665 3488 127 40 (Ceylon)
884 3487 142 39 (Indian),
1042 3514 7 4 .
1096 3484 121 43 (China.)

1060 3528 18 10 r.
1105 3518 20 20 M
1159 3534 7 2 -
1174 3527 20 10 "'j
1211 3527 7 10 3

661 3566 95 51 W,
828 3565 61 66 J.
952 3561 269 63 Martin,

663 3645 290 31 WATCHMAKER
1007 3641 213 33 JEWELLER

755 3699 72 29 Ross
846 3698 99 36 Place,
965 3697 163 30 Lawrence.

665 3779 142 36 Watches,
828 3779 101 29 Clocks
949 3779 55 28 and
1025 3778 147 34 Jewellery
1193 3779 29 27 of

710 3820 37 29 all
760 3819 183 39 descriptions
956 3818 69 39 kept
1037 3819 28 28 in
1081 3818 95 30 Stock.

682 3873 71 29 Nice
768 3872 139 29 Selection
920 3871 28 29 of
967 3871 79 35 Gem,
1059 3870 145 40 Wedding

798 3917 55 24 and
868 3911 110 39 Keeper
991 3911 98 39 Rings.

666 3993 18 21 A
699 3991 106 23 CHOICE
827 3991 183 22 ASSORTMENT
1030 3991 36 21 OF
1085 3991 137 21 ARTICLES

686 4026 141 21 SUITABLE
837 4026 56 21 FOR
905 4025 139 21 WEDDING
1054 4024 151 22 PRESENTS.

723 4093 157 40 Spectacles
893 4097 29 25 to
936 4092 63 30 Suit
1011 4092 35 30 all
1062 4092 106 39 Sights.

684 4175 106 30 Watch
822 4183 55 20 and
912 4174 89 30 Clock
1037 4173 119 29 Repairs
1188 4183 16 19 a

868 4221 159 23 bPECIALTY.

663 4297 115 39 Repairs
792 4307 31 18 or
835 4296 103 29 Orders
955 4296 72 28 from
1041 4296 47 28 the
1102 4299 118 35 country

713 4338 37 39 by
773 4341 62 36 post
858 4337 54 28 will
935 4336 106 31 receive
1063 4341 113 35 prompt

867 4378 146 28 attention.

887 4456 20 23 A
942 4456 13 22 T
1016 4454 174 24 THIS!

726 4533 101 25 BOOTS
845 4537 36 21 lor
896 4536 41 22 the
954 4533 82 28 Grtat,

752 4577 74 24 Boots
846 4579 36 21 for
904 4578 41 24 the
960 4578 91 29 Small;

724 4619 72 24 Boots
811 4618 37 24 for
868 4619 40 23 the
926 4618 79 31 Shott,

755 4664 72 22 Boots
844 4663 37 23 for
899 4665 40 22 the
958 4665 53 23 Tall
1027 4672 5 21 ;

727 4707 72 24 Boots
813 4706 36 24 for
868 4709 40 22 the
929 4706 94 33 Young,

754 4746 74 23 Boots
846 4746 36 23 for
898 4748 38 21 tiia
957 4747 45 24 Uid
1015 4755 6 20 ;

760 4818 6 4 -
780 4807 31 24 nd
830 4807 101 25 BOOTrj
947 4812 45 21 an'*

877 4865 35 24 for
929 4866 28 23 all
982 4875 13 15 a

771 4927 39 35 K
864 4928 119 37 Bail
997 4931 123 45 lie's,

653 5000 1 39 I
676 5001 114 31 Opposite
806 5002 158 26 Commercial
983 5005 82 31 Hotel,
1085 5006 133 33 Roxburgh

694 5115 131 27 ttjrCome
841 5117 47 24 and
907 5120 90 27 inspect
1009 5119 40 26 the
1066 5122 79 25 Stock.

653 5171 1 31 |

680 5259 111 25 fancy
817 5260 116 31 goods,
945 5263 71 24 and
1035 5265 165 25 drapery.

750 5362 17 24 J
810 5362 136 26 WATERS
973 5367 89 25 desires
1088 5374 24 19 to
1137 5370 72 27 no;ify

670 5404 20 11 »•
712 5411 5 7 .
817 5397 42 24 she
871 5397 70 30 keeps
952 5399 23 24 in
985 5402 66 23 stock
1068 5401 86 26 Ladies
1166 5409 43 18 and

665 5428 113 24 Children
788 5436 11 16 s
816 5428 196 35 Underclothing,
1028 5436 47 22 and
1088 5435 29 23 all
1139 5435 73 25 kinds

665 5461 23 24 ef
703 5461 115 30 Drapery.

696 5504 78 32 Fancy
788 5505 81 26 Good*
880 5515 14 16 a
909 5508 134 33 Sp*ci*lty,

701 5548 133 25 Christmas
844 5552 46 23 and
903 5552 54 24 New
971 5553 62 25 Year
1045 5560 136 25 presents—

788 5603 13 15 a
818 5604 32 22 gr.
859 5602 23 18 at
895 5599 86 29 variety
994 5605 23 19 to
1030 5601 71 33 hand.

818 5665 43 17 and
875 5669 32 16 aM
936 5672 5 11 i
952 5665 134 23 eed!ewnrk
1099 5665 86 26 taught

759 5695 107 22 'Summu
883 5701 5 11 4
893 5696 70 24 J()C('s
980 5705 51 16 now
1046 5707 28 15 ?ii
1092 5698 62 24 liacd

668 5748 139 25 Address—
946 5751 45 24 Bui
1004 5753 54 29 Hiag
1070 5754 131 28 R-xburgh

1774 1301 81 28 AND

1894 1794 476 86 WINTER

1605 2314 427 89 GOODS'

1257 3333 1054 284 A.&T

1566 5125 50 55 I)
1645 5122 49 58 U
1726 5124 33 51 \
1792 5120 40 56 E
1861 5118 200 57 DIN.

2497 959 120 29 FIRST.
2826 959 158 29 SECOND.
3193 959 129 29 THIRD.
3522 961 164 30 FOURTH.
3890 964 120 29 FIFTH.

2397 1000 120 28 BOOTS
2551 1001 67 27 with
2657 1000 55 28 this
2752 999 42 29 On
2808 1000 55 28 this
2886 1000 92 28 Brand
2999 1000 63 32 only
3102 1000 72 36 Only
3195 1001 46 27 tlie
3263 1011 67 26 very
3352 1001 62 28 best
3453 1001 134 36 Farmers,
3643 1003 113 35 Winers,
3795 1004 202 29 TheJStnndard
4007 1005 92 28 Brand

2398 1040 92 28 Brunei
2501 1051 33 17 on
2545 1041 47 27 the
2600 1040 60 28 heel
2668 1050 45 17 are
2752 1040 47 27 the
2831 1050 66 27 very
2934 1041 63 27 best
3036 1039 28 29 of
3102 1039 28 29 of
3141 1040 142 28 Materials
3293 1050 45 18 are
3347 1041 65 27 used
3452 1042 51 27 and
3519 1042 34 27 all
3570 1042 59 29 who
3641 1046 73 24 want
3728 1048 28 23 to
3779 1039 3 38 •
3800 1044 80 28 Boots
3893 1044 54 29 and
3960 1045 85 29 Shoes
4054 1055 47 18 are

2397 1081 317 39 guaranteedtoFitand
2754 1080 153 29 Workmen
2937 1091 45 17 are
3008 1091 56 18 em-
3102 1081 26 27 in
3166 1081 54 27 tV.is
3261 1081 91 28 Brand
3387 1081 28 29 of
3452 1081 70 38 kepp
3542 1083 71 28 their
3626 1083 57 29 feet
3696 1084 60 37 dry,
3794 1084 101 28 known
3914 1086 69 28 from
4007 1086 92 28 Auck-

2472 1121 85 27 Wear
2570 1121 69 27 well.
2856 1121 108 36 ployed.
3083 1119 3 39 ]
3130 1121 84 27 Boots
3227 1121 55 26 and
3297 1121 95 27 Shoes.
3487 1126 44 32 try
3546 1124 53 25 this
3619 1124 101 27 Brand.
3797 1124 63 26 land
3874 1129 28 22 to
3916 1126 46 26 the
3977 1126 77 26 Bluff
4060 1126 41 27 for

3832 1164 115 37 sterling
3958 1164 112 37 quality.

2438 1202 72 28 ALL
2532 1202 118 29 BOOTS
2672 1202 171 28 BEARING
3172 1201 51 29 ON
3252 1202 6 11 r
3261 1201 68 28 iIIE
3351 1201 102 28 HEI'L
3485 1202 73 27 ARM
3585 1203 321 29 MANUFACTURED
3927 1206 39 27 IN
3989 1206 77 28 THfcl

2716 1241 251 30 CELEBRATED
3018 1240 208 28 STANDARD
3278 1241 132 27 BRAND
3431 1241 97 27 BOOT
3549 1241 175 29 FACTORY
3744 1242 50 28 BY

2680 1308 33 46 S
2729 1309 32 50 A
2775 1307 94 54 R(i
2880 1307 93 52 0O
2984 1305 67 63 D,
3098 1305 130 54 SON
3268 1304 131 55 &E
3413 1304 47 52 H
3486 1305 112 63 EN,
3652 1333 189 28 dunedlv.

2450 1373 176 21 WHOLESALE
2653 1374 87 20 ONLY.

2639 1422 82 28 BUY

2402 1477 178 55 MILLS,
2602 1478 132 43 DICK,
2761 1477 36 37 &
2825 1476 129 38 CO.'S

2644 1537 70 29 1897

2420 1590 189 31 ALMANAC
2632 1599 53 20 and
2708 1587 230 31 DIRECTORY.

2584 1638 86 34 Price,
2686 1638 29 26 Is
2731 1636 44 27 6d.

2402 1720 91 37 Every
2520 1718 124 36 Farmer,
2672 1717 105 35 Miner,

2651 1765 53 27 and
2732 1764 135 27 Business
2892 1762 67 27 Man

2480 1818 105 29 Should
2614 1818 119 28 Procure
2755 1827 17 17 a
2799 1815 85 38 Copy.

2432 1897 58 29 Can
2518 1897 34 27 be
2578 1896 55 28 had
2659 1895 70 28 from
2758 1895 46 27 the
2831 1893 85 28 under-

2584 1935 197 29 mentioned—

2443 1997 117 28 Mackay
2576 1996 94 34 Bros.,
2684 1994 157 38 Roxburgh

2440 2037 27 28 J.
2482 2036 130 34 Noonan,
2627 2035 110 29 Ettrick

2440 2077 93 28 Johns
2548 2086 56 19 and
2618 2075 148 36 M'Combe,
2782 2074 104 28 Millers
2900 2072 62 29 Flat

2440 2119 28 28 J.
2483 2118 33 29 R.
2534 2117 93 36 Kemp,
2728 2116 55 28 liill
2799 2116 62 28 Flat

2441 2159 32 28 L.
2489 2161 89 31 Ryan,
2592 2159 73 33 Jnr.,
2679 2156 160 29 Alexandra
2854 2154 89 30 South

2441 2199 31 29 B.
2488 2198 125 36 Naylor,
2628 2197 88 39 Clyde

2407 2283 138 43 ly/TANY
2568 2282 99 29 Ladies
2690 2281 136 38 complain
2841 2280 61 27 that
2915 2279 47 28 the

2502 2324 56 29 Tea
2571 2323 65 38 they
2650 2323 70 28 have
2731 2323 69 27 been
2816 2321 82 37 using
2911 2319 50 29 has

2404 2366 109 28 neither
2522 2365 128 37 strength
2722 2363 113 27 flavour.
2858 2361 28 28 If
2896 2361 64 37 they

2404 2410 44 34 try
2464 2405 86 29 Kozie
2564 2405 55 27 Tea
2632 2405 66 36 they
2711 2402 55 28 will
2781 2403 33 27 be
2830 2400 130 29 satisfied.

2403 2447 93 29 Johns
2514 2446 24 28 &
2557 2445 150 34 M'Combe,
2723 2445 117 36 Agents,
2856 2441 106 29 Millers

2406 2655 139 29 CTOCK
2572 2655 35 27 all
2631 2655 47 27 the
2703 2653 113 35 leading
2846 2650 114 36 English

2480 2695 54 29 and
2549 2694 119 30 German
2682 2693 99 29 Makes
2795 2692 30 29 of
2840 2691 100 28 Pianos
2954 2700 5 18 :

2455 2747 176 26 BRINSM3AD,
2651 2746 139 26 COLURD,
2810 2744 99 26 SAMES,

2599 2773 169 26 EAVESTOFF,

2404 2815 205 26 SCHWECHTEN,
2619 2814 71 27 LTPP,
2701 2813 73 21 OORS
2783 2813 16 21 k
2811 2810 150 26 KALLMAN,

2532 2853 166 26 GERHARDT,
2715 2852 124 22 HANSEN.

2442 2925 122 39 Chas.
2587 2923 111 49 Begg
2721 2922 83 38 and
2829 2919 99 41 Co.'s

2406 2993 233 32 EXHIBITION
2668 2992 135 30 MODEL
2834 2991 118 30 I'IAITO

2608 3046 57 30 £3B
2685 3054 77 20 NETT.

2405 3128 121 30 STORY
2552 3127 24 30 &
2605 3125 163 31 CLARK'S
2798 3123 164 37 ORGANS,

2503 3178 179 31 KIMBALL
2702 3176 163 37 ORGANS,

2404 3233 82 28 From
2496 3234 58 27 £2O
2563 3238 29 22 to
2601 3233 80 27 £50..
2689 3232 91 28 .From
2792 3231 56 28 £2O
2856 3233 30 25 to
2895 3229 67 28 £SO.

2405 3313 149 31 BESSON
2581 3313 24 30 &
2636 3311 182 32 BOOSKY'S
2840 3309 122 31 BRASS

2542 3353 288 31 INSTRUMENTS.

2407 3436 98 30 Violin
2522 3436 66 29 Bow
2606 3436 154 29 Repairing
2773 3445 17 19 a
2806 3434 155 30 Specialty.

2444 3487 104 34 Violin,
2564 3487 65 29 Bow
2643 3486 54 30 and
2715 3485 100 31 Case...
2858 3483 68 40 30/-

2442 3528 186 35 Accordeons,
2642 3528 72 28 from
2787 3551 29 4 ...
2879 3527 10 27 7
2895 3525 31 38 /t>

2475 3609 111 29 CHAS.
2608 3608 102 29 BEGG
2734 3608 79 28 AND
2835 3607 56 29 CO.

2405 3658 81 29 Have
2507 3657 47 29 the
2577 3657 105 38 largest
2705 3655 55 30 and
2782 3659 73 24 most
2868 3654 92 29 varied

2404 3699 80 29 stock
2498 3699 29 28 of
2540 3698 91 29 Music
2641 3698 27 27 in
2680 3697 49 29 the
2738 3697 114 36 Colony.
2893 3695 68 30 New

2503 3739 161 38 Shipments
2678 3737 189 38 Fortnightly.

2590 3789 72 29 New
2682 3789 98 29 Songs.

2442 3831 82 29 Morn
2558 3830 29 31 of
2626 3830 122 30 Sorrows
2750 3828 212 31 —Snowflakes

2406 3871 172 30 Fair—Gate
2592 3872 29 28 of
2640 3871 156 28 Life—For
2815 3871 47 28 the
2888 3870 60 28 Chil-

2405 3912 91 28 dren's
2512 3912 73 29 Sake
2587 3911 108 28 —Wilt
2708 3911 76 28 Thou
2799 3911 35 27 be
2851 3910 111 27 Mine—

2406 3952 139 29 Sunshine
2578 3953 97 26 Above
2677 3951 95 28 —She
2806 3951 101 35 Stoops
2933 3954 28 23 to

2406 3990 212 40 Conquer—No
2641 3991 43 30 for
2705 4002 35 17 an
2762 3991 117 29 Answer
2881 3989 81 30 —No

2406 4031 90 30 Man's
2513 4033 83 28 Land.

2538 4084 99 29 Violin
2657 4092 55 20 and
2733 4083 96 28 Piano.

2442 4124 130 29 Andante
2595 4129 28 24 et
2647 4124 118 29 Scherzo
2788 4122 173 38 Capriccioso

2408 4163 113 38 (David)
2601 4164 101 29 Bach's
2745 4167 40 25 Ist
2826 4163 135 28 Concerto

2409 4205 108 37 (Alard)
2522 4205 126 29 —Three
2683 4205 95 28 Pieces
2805 4203 156 38 Classiques

2407 4242 550 40 (Ragghianti)—LesEchoes(Leonard)

2404 4285 174 28 —Mazurka
2616 4285 34 28 de
2696 4284 118 29 Conceit
2862 4282 99 33 (Ovide

2406 4325 102 37 Musin)
2513 4325 176 30 —Romance
2724 4324 125 37 (Jansen)
2854 4325 106 26 —Sou-

2406 4367 78 28 venir
2498 4367 35 28 de
2545 4367 103 37 Haydn
2666 4367 8 35 (
2702 4365 124 37 eonard).

2449 4448 120 36 Chas.
2594 4448 110 45 Begg
2731 4446 83 36 and
2839 4445 73 40 Co.,

2423 4506 30 26 21
2499 4507 117 25 Princes
2652 4504 113 33 Street,
2801 4503 80 27 Dune
2885 4510 54 25 din,

2403 4555 115 39 Having
2543 4567 15 17 a
2583 4555 77 29 Most
2686 4553 128 30 Efficient
2837 4551 72 30 Staff
2929 4551 29 28 of

2406 4595 160 36 Workmen,
2576 4606 51 18 can
2638 4595 101 38 Repair
2748 4594 54 27 and
2825 4594 4 39 I
2840 4603 53 18 une
2905 4602 53 28 any

2526 4636 117 30 Musical
2663 4636 172 28 Instrument

2458 4688 50 28 AT
2534 4686 211 31 MODERATE
2768 4684 132 29 RATES.

2412 4762 169 30 TOHN
2656 4758 301 36 THOMPSON,

2529 4811 274 32 AUCTIONEER,

2451 4864 80 23 land
2547 4863 60 22 and
2620 4861 113 26 estate,
2745 4858 85 27 loan,
2846 4858 59 22 and

2403 4903 174 29 GENERAL
2590 4899 221 29 COMMISSION
2827 4897 129 27 AGENT*

2496 4954 71 28 Ross
2586 4951 98 34 Place,
2705 4948 162 30 Lawrence.

2579 5032 95 38 Agent
2687 5030 43 29 for
2743 5028 45 30 the

2402 5075 129 30 Norwich
2541 5073 95 29 Union
2649 5071 150 28 Insurance
2814 5068 48 28 Co.

2552 5113 63 30 Fire
2623 5111 54 29 and
2688 5110 106 28 Marine
2803 5108 150 28 Insurance

2475 5156 49 29 Co.

2399 5196 159 29 Australian
2580 5192 107 30 Mutual
2708 5189 150 29 Provident
2879 5188 73 37 (Life

2471 5234 165 37 Assurance)
2655 5231 108 37 Society

2396 5277 138 28 Standard
2561 5274 120 37 Fidelity
2711 5272 52 27 and
2792 5270 155 29 Guarantee

2468 5315 119 38 Society.

2431 5396 47 29 All
2490 5395 126 30 business
2628 5390 151 33 connected
2802 5390 66 29 with
2886 5390 40 38 Ap-

2395 5436 144 39 plications
2558 5435 44 28 for
2623 5433 196 37 Assignments
2840 5441 30 18 or
2889 5431 38 27 Ex-

2396 5477 107 36 change
2516 5475 29 30 of
2561 5472 188 41 Agricultural
2762 5471 110 35 Leases,
2886 5472 40 36 Ap-

2397 5516 143 39 plications
2549 5516 88 28 under
2644 5512 134 31 Deferred
2787 5511 159 37 Payments,

2398 5557 108 38 Mining
2521 5556 100 28 Leases
2631 5566 30 17 or
2673 5553 109 33 Claims,
2795 5551 153 39 Up-lifting

2398 5597 29 31 of
2448 5597 99 30 Crown
2567 5596 110 36 Grants,
2691 5593 58 39 &c.,
2762 5592 112 41 quickly
2894 5592 53 30 and

2399 5638 115 37 cheaply
2526 5637 166 29 transacted.

2400 5717 91 30 Loans
2499 5715 178 41 Negotiated.
2700 5714 102 39 Money
2812 5712 140 33 Invested,

3187 1589 257 58 COACH
3510 1589 403 70 BUILDERS,

3223 1691 333 37 WHEELWRIGHTS,
3596 1692 285 39 BLACKSMITHS,

3528 1766 55 19 AND

3077 1819 304 31 AGRICULTURAL
3420 1819 229 30 IMPLEMENT
3688 1820 350 39 MANUFACTURERS,

3352 1894 72 29 Ross
3463 1895 101 35 Pi,ace,
3602 1895 164 31 Lawrence.

3032 1988 75 28 ALL
3147 1988 123 29 KINDS
3310 1988 47 29 OF
3395 1988 148 29 MINING
3580 1988 236 30 MACHINERY
3853 1991 109 29 MADE
4000 1992 81 29 AND

3459 2039 205 31 REPAIRED.

3449 2133 112 30 Agents
3580 2143 49 21 for
3630 2152 36 5 —

2993 2200 231 40 Massey-Harris
3246 2200 120 41 Reapers
3388 2200 55 31 and
3470 2201 126 38 binders,
3618 2202 176 37 Cultivators,
3820 2204 137 38 Scufflers,
3983 2206 124 40 Ploughs

3456 2242 91 30 Horse
3559 2243 101 36 Rakes,

3298 2294 124 30 Peerless
3443 2294 52 37 Oil,
3515 2295 105 29 Binder
3638 2295 102 38 Twine,
3761 2296 48 30 &c.

3047 2376 48 28 All
3124 2376 90 29 Work
3244 2376 151 30 Entrusted
3418 2380 30 25 to
3472 2376 43 30 Us
3540 2377 55 28 will
3620 2377 116 30 Receive
3762 2378 114 39 Prompt
3902 2380 153 29 Attention.

3319 2457 132 22 CHARGES
3477 2456 134 23 STRICTLY
3637 2458 158 23 MODERATE

3251 2546 75 28 FOR
3365 2545 118 30 SALE!
3628 2546 75 30 FOR
3741 2547 96 29 SALE
3851 2547 9 29 r

3074 2627 218 31 STAUNCH
3324 2627 92 30 AND
3454 2628 252 30 HANDSOME
3744 2628 372 32 THOROUGHBRED

3453 2784 142 30 Produced
3621 2785 35 38 by

3160 2837 162 30 YANKEE
3342 2837 241 30 ENTERPRISE
3604 2837 75 30 OUT
3699 2836 48 30 OF
3769 2835 183 32 AMERICA.

3260 2878 47 38 Up
3319 2882 29 25 te
3361 2889 54 26 any
3428 2879 112 36 weight,
3553 2879 54 28 and
3620 2878 99 29 carries
3731 2888 16 17 a
3761 2877 87 37 Lady.

3067 2929 174 30 Guaranteed
3252 2929 169 39 thoroughly
3430 2928 88 31 sound
3529 2929 54 29 and
3593 2929 84 39 quiet.
3718 2928 62 29 Will
3790 2938 63 28 pass
3863 2928 115 30 traction
3989 2928 123 38 engines,

2992 2973 94 32 trams,
3100 2970 96 36 trains,
3211 2974 170 30 motor-cars,
3396 2969 99 30 forked
3509 2969 151 39 lightning,
3674 2980 31 18 or
3723 2968 137 39 anything
3881 2968 64 37 else,
3966 2968 113 38 barring
4097 2978 17 17 a

2992 3010 64 39 lady
3070 3011 131 28 mounted
3215 3020 35 19 on
3263 3010 117 29 another
3404 3009 163 30 Newhaven
3587 3009 125 30 Bicycle.

3067 3091 183 29 FARMERS
3264 3091 145 40 requiring
3423 3091 84 29 Grain
3517 3091 96 35 Drills,
3624 3091 104 38 Turnip
3741 3091 54 28 and
3805 3091 116 29 Manure
3929 3090 94 35 Drills,
4035 3089 60 30 Com-

2995 3131 82 31 bined
3091 3131 95 37 Drills,
3199 3131 66 30 Disc
3279 3133 142 35 Harrows,
3434 3131 132 39 Ploughs,
3583 3131 70 30 Seed
3668 3130 137 38 Cleaners,
3815 3142 31 19 or
3858 3142 53 26 any
3924 3131 79 29 other
4015 3129 85 39 Imple-

2993 3176 91 26 ments
3097 3183 32 20 or
3142 3172 141 31 Machines
3296 3171 98 31 should
3406 3172 65 29 send
3486 3171 44 32 for
3542 3182 50 20 our
3604 3171 151 37 catalogue.

3018 3214 58 21 THE
3089 3213 146 23 COLONIAL
3248 3213 150 23 COMBINED
3416 3213 101 22 DRILLS
3529 3214 63 21 AND
3606 3213 63 21 DISC
3681 3213 145 22 HARROWS
3839 3213 57 22 ARE
3910 3213 56 21 THE
3982 3211 64 23 BEST
4059 3209 33 23 IN

3444 3239 57 22 THE
3521 3240 126 21 MARKET.

3084 3311 307 62 Morrow,
3461 3311 260 51 Bassett
3792 3309 50 54 &
3903 3311 105 66 Co,

3246 3387 181 31 DUNEDIN
3464 3397 56 20 and
3559 3386 310 36 christchurch,

3309 3441 64 29 Sole
3386 3442 109 36 Agents
3508 3441 28 28 in
3550 3440 68 29 New
3632 3440 118 29 Zealand
3763 3439 44 30 for

3124 3481 78 31 THE
3221 3481 238 42 M'CORMICK,
3461 3480 252 30 HARVESTING
3731 3479 181 31 MACHINE
3934 3479 55 31 CO.

3042 3579 388 58 COSSENS
3496 3578 173 58 AND
3735 3578 332 63 BLACK,

3117 3667 233 38 ENGINEERS,
3371 3666 287 36 BLACKSMITHS,
3678 3665 276 32 MILLWRIGHTS
3975 3665 24 30 &

3401 3708 314 36 IRONFOUNDERS,

3268 3760 364 27 CRAWFORD-STREET,
3670 3759 172 23 DUNEDIN.

3307 3827 384 31 —MANUFACTURERS
3724 3827 85 30 OF

2993 3872 141 39 Pumping
3147 3871 54 29 and
3224 3870 138 38 Winding
3381 3870 172 39 Machinery,
3578 3869 231 29 HYDRAULIC
3829 3867 144 30 MINING
3994 3867 126 29 PLANT

3063 3912 157 38 (including
3234 3911 154 38 Hydraulic
3403 3910 121 37 Giants),
3539 3910 91 28 Sluice
3644 3910 110 35 Valves,
3768 3909 127 29 Elevator
3914 3908 136 39 Castings,

3298 3950 66 28 Iron
3378 3950 56 27 and
3449 3950 77 28 Steel
3541 3949 141 38 Fluming,
3695 3949 59 35 &c.,
3769 3949 49 28 &c.

3103 4001 157 31 DREDGE
3287 4001 218 36 TUMBLERS,
3527 4001 186 37 BUCKETS,
3734 4000 125 36 LINKS,
3881 3999 59 36 Ac.,
3960 3999 47 30 &c.

2997 4044 205 35 Waterwheels,
3214 4043 145 33 Turbines,
3374 4042 84 29 Brick
3472 4042 56 28 and
3542 4043 86 28 Drain
3643 4041 68 39 Pipe
3726 4042 116 37 Making
3853 4041 54 28 and
3917 4040 89 29 Wood
4018 4039 83 30 Work-

3075 4086 48 36 ing
3140 4084 170 37 Machinery.
3351 4082 91 29 Horse
3458 4083 119 35 Powers,
3592 4082 194 35 Chaffcutters,
3800 4081 102 39 Turnip
3921 4081 123 38 Pulpers,

3242 4124 54 27 and
3310 4123 36 28 all
3361 4123 81 28 kinds
3457 4123 28 29 of
3498 4123 161 37 Machinery
3673 4123 54 28 and
3742 4123 128 38 Gearing.

3109 4206 19 21 A
3155 4204 79 21 VERY
3261 4204 96 21 LARGE
3383 4203 89 21 STOCK
3498 4203 36 21 OF
3560 4203 145 22 PATTERNS
3730 4203 35 21 TO
3790 4202 101 22 SELECT
3918 4201 86 23 FROM.

2992 4272 215 30 ESTIMATES
3228 4271 130 29 GIVEN.
3530 4269 354 31 CORRESPONDENCE
3906 4269 211 30 SOLICITED.

3009 4354 115 39 Repairs
3138 4354 54 28 and
3207 4364 81 27 every
3303 4352 166 39 description
3485 4352 30 29 of
3527 4352 190 39 Engineering
3729 4351 54 29 and
3802 4350 192 30 Blacksmith's
4008 4350 88 29 Work

3395 4393 143 37 Promptly
3561 4393 147 27 Executed.

3188 4483 104 35 GROWN
3322 4485 37 33 ON
3390 4484 62 34 THE
3483 4485 95 35 HILLS.
3600 4485 35 33 OF
3664 4485 102 34 SUNNY
3795 4485 123 35 CEYLON,

3577 4580 27 28 $

3922 4589 27 15 ~V

3431 4636 31 20 w,

3954 4637 26 29 1

3311 4647 23 17 ->A

3859 4678 27 21 /£

3656 4779 21 17 V

3489 4838 28 21 M

3420 4841 33 23 m

3324 4863 418 70 mtmmm

3124 4944 27 10 i*-r

3029 5022 48 51 KI
3096 5027 63 37 THE
3175 5027 87 37 MOST
3275 5028 159 37 DELICIOUS
3449 5029 21 37 &
3486 5029 195 37 ECONOMICAL
3695 5031 60 35 TEA
3772 5031 27 35 IN
3815 5031 62 36 THE
3892 5031 111 36 WORLD.

3917 5127 187 30 DUNEDIM.

3415 5194 90 29 Local
3528 5195 145 27 Agents—

3015 5252 34 28 D.
3067 5248 195 37 COBMACK,
3283 5248 173 40 Roxburgh;
3476 5247 125 31 JOHNS
3622 5249 24 29 &
3666 5248 182 37 M'COMBE,
3869 5250 105 28 Millers
3995 5250 72 30 Flat.

3009 5320 15 22 >
3056 5317 112 24 OBK
3196 5316 22 23 K
3245 5316 19 22 T
3329 5313 34 25 W
3393 5311 126 26 KAY
3536 5304 7 32 I
3555 5329 39 15 T7
3594 5330 8 4 -
3710 5330 46 14 rrr
3767 5331 9 13 a
3841 5331 9 13 a
3871 5331 33 13 -a:
3956 5331 6 13 i
3983 5331 19 13 j.:

3020 5384 122 24 General
3169 5381 103 24 Duapkb
3289 5388 51 16 and
3352 5380 128 23 Clothies

3095 5433 60 24 ItoSB
3177 5432 70 24 Place
3270 5431 126 24 Lawrence

3555 5329 141 30 TTOZIE
3710 5330 83 29 TEA.
3832 5331 26 27 A
3870 5330 174 40 stimulating
4054 5332 56 29 and

3644 5370 155 38 sustaining
3811 5381 52 28 cup
3876 5370 29 29 in
3917 5381 122 19 summer
4055 5373 57 29 and

3553 5412 105 28 winter.
3697 5410 36 30 D.
3749 5410 141 37 Cormack,
3907 5414 102 36 Agent,
4032 5413 57 29 Rox-

3555 5452 98 38 burgh.

3039 5548 57 22 New
3115 5545 46 24 and
3178 5542 159 26 Fasliionab'e
3361 5542 104 30 Drapery

3007 5586 79 33 Large
3097 5586 64 24 stock

3040 5628 85 23 Ladies
3140 5627 47 23 aud
3199 5625 125 24 childrens
3336 5624 129 31 rtquisitts.

3010 5683 75 25 Yiaiis
3114 5682 132 30 Roxburgh
3289 5680 45 25 and
3371 5677 155 32 surrounding

2980 5718 103 24 rfiarttiCta
3096 5718 105 26 WO;itbly
