3420 6144
176 1898 172 34 MINING
399 1896 321 38 REGULATIONS
770 1901 156 35 UNDER

433 1945 144 34 MINES
600 1947 94 33 ACT,

216 2018 74 44 Any
304 2027 116 35 person
438 2016 206 44 discovering
654 2032 68 21 new
740 2021 73 42 gold
826 2022 81 34 work-

174 2065 68 42 ing,
265 2064 64 33 and
352 2063 96 44 being
471 2063 144 35 desirous
638 2067 36 33 of
694 2069 170 43 obtaining
887 2082 40 20 an

174 2110 167 33 inereased
364 2121 73 21 area
459 2112 134 31 thereon
625 2113 83 32 shall
733 2115 89 31 mark
845 2115 46 32 off
912 2128 15 20 a

172 2155 209 46 prospecting
397 2155 106 38 claim,
522 2169 33 21 as
572 2157 155 45 provided
743 2159 33 35 in
793 2161 115 41 Regula-

172 2204 71 32 tion
260 2203 47 39 11,
324 2204 64 32 and
401 2204 83 32 shall
729 2216 107 33 report
849 2210 77 31 such

171 2248 171 43 tkiscovery
377 2249 79 32 with
487 2249 57 32 full
575 2251 191 41 particulars
804 2260 31 26 to
873 2255 54 32 the

351 2294 65 35 and
442 2295 54 34 the
519 2297 125 39 ground
670 2311 34 20 so
730 2300 131 33 marked
885 2302 47 32 off

172 2340 84 33 ehall
272 2340 38 33 be
327 2342 163 41 protected
507 2344 82 30 until
607 2344 54 31 the
689 2345 137 33 Warden
845 2348 82 31 shall

170 2382 84 39 have
270 2385 114 46 finally
400 2387 126 35 refused
543 2400 35 22 or
593 2390 136 43 granted
740 2391 55 34 the
809 2392 96 35 claim
921 2405 6 29 ;

171 2432 58 35 but
259 2434 55 33 the
345 2434 142 34 Warden
512 2448 86 31 may,
630 2439 26 30 if
683 2441 40 29 he
754 2440 95 32 think
880 2443 47 36 fit,

170 2479 119 33 refrain
317 2480 85 32 from
426 2481 153 41 granting
609 2494 35 20 or
672 2484 147 39 refusing
849 2487 77 32 such

166 2524 101 33 elaim
293 2524 87 34 until
402 2524 55 35 the
480 2528 125 41 ground
630 2528 85 34 shall
738 2530 82 33 have
848 2531 80 33 bean

169 2569 118 36 ▼isited
301 2570 43 46 by
360 2570 135 36 himself
507 2585 36 21 or
552 2573 42 45 by
607 2587 127 32 anyone
752 2580 176 42 appointed

167 2616 45 46 by
227 2617 83 34 him.

213 2664 131 36 Notices
355 2664 35 36 of
397 2665 43 35 all
449 2667 207 45 prospecting
667 2670 115 34 claims
793 2674 136 42 granted

170 2710 80 35 with
274 2711 60 34 full
357 2714 193 42 particulars
566 2716 35 32 of
622 2717 140 45 'ocality,
787 2719 87 44 yield
898 2721 34 32 of

171 2757 86 47 fold,
275 2759 64 36 and
350 2759 194 47 description
558 2763 36 34 of
605 2764 176 46 workings,
795 2767 84 34 shall
891 2768 38 34 be

171 2806 116 41 posted
308 2807 43 39 by
373 2807 56 32 the
446 2809 141 31 Warden
604 2822 41 19 011
668 2813 54 29 the
746 2814 127 30 outside
898 2817 31 27 oi

172 2849 51 35 his
239 2849 92 36 office
346 2850 51 36 for
411 2851 107 46 public
541 2855 31 33 in
589 2855 174 35 ormation.

216 2897 33 33 It
264 2897 84 33 shall
363 2903 58 28 not
436 2899 38 32 be
490 2900 110 32 lawful
611 2902 49 32 for
671 2903 55 32 the
742 2904 142 33 Warden
897 2910 32 27 to

174 2947 96 38 grant
298 2953 19 23 a
341 2945 204 44 prospecting
567 2946 96 34 claim
690 2948 49 33 for
764 2961 63 33 any
858 2962 67 22 n<*w

175 2988 167 44 discovery
372 2996 33 27 at
435 3003 19 21 a
482 2991 64 33 les*
581 2994 144 33 distance
756 2996 79 33 than
867 3003 64 27 two

174 3033 96 35 miles
284 3034 85 35 from
384 3047 65 33 any
464 3038 185 45 previously
673 3042 139 42 existing
827 3044 81 33 work-

175 3080 72 39 ings
275 3081 33 30 in
335 3082 135 31 alluvial
492 3085 136 38 ground,
645 3096 60 21 nor
727 3091 28 28 +c
787 3095 94 31 grant
912 3103 18 18 a

174 3123 207 47 prospecting
404 3126 94 36 claim
515 3128 49 35 for
586 3142 65 33 any
667 3142 72 24 new
765 3132 164 48 .liscovery

173 3171 38 34 of
232 3184 19 21 a
275 3178 114 37 quart!
412 3176 71 32 reef
496 3182 32 26 at
551 3189 18 19 a
592 3177 62 33 less
678 3178 146 35 distance
850 3182 79 33 than

172 3215 73 36 half
264 3228 19 23 a
302 3218 77 34 mile
395 3225 83 29 Irom
494 3233 64 33 any
581 3223 186 46 previously
791 3228 139 43 existing

170 3269 117 39 quarts
302 3265 174 44 workings.

217 3311 110 45 lyery
356 3319 206 39 prospecting
590 3316 97 35 claim
716 3318 95 42 shall,
849 3321 82 35 after

174 3356 98 44 being
296 3359 147 39 marked,
467 3361 38 33 be
529 3362 75 33 held
627 3363 43 43 by
693 3377 60 20 one
776 3379 78 20 man
881 3380 30 21 re-

174 3401 151 47 maining
347 3415 43 24 on
412 3405 56 36 the
494 3410 124 41 ground
642 3410 119 43 during
785 3413 144 46 working

174 3448 100 36 hours
296 3452 85 33 until
396 3452 54 34 the
473 3455 195 44 application
685 3459 27 31 is
729 3459 85 33 dealt
837 3462 78 33 with

172 3496 79 41 and,
267 3497 28 34 if
305 3499 148 43 granted,
469 3500 55 35 the
541 3502 95 34 claim
653 3511 99 34 must,
764 3507 109 33 unless
885 3509 41 42 by

174 3544 119 42 epeeial
308 3546 194 41 permission
518 3548 35 32 of
565 3549 55 31 the
635 3550 151 40 Warden,
798 3552 37 33 be
848 3554 78 40 fully

171 3589 158 44 oecupied
343 3591 116 35 within
475 3603 95 26 seven
587 3594 80 45 days
682 3597 83 34 from
783 3598 53 35 the
852 3599 73 35 date

172 3635 38 34 of
221 3641 105 37 grant.

214 3681 69 34 The
298 3683 142 35 Warden
456 3695 88 35 may,
561 3687 27 33 if
600 3688 40 33 he
657 3689 92 34 think
766 3691 46 39 fit,
832 3701 92 34 grant

170 3738 21 23 a
201 3728 206 45 prospecting
414 3729 98 36 claim
525 3737 33 29 to
567 3733 54 34 the
629 3736 105 34 actual
746 3737 180 36 discoverer

170 3772 42 35 of
229 3786 73 22 new
331 3777 75 42 gold
436 3778 163 43 workings
629 3782 179 45 conjointly
846 3787 76 33 with

170 3830 134 36 persons
329 3822 73 36 who
424 3824 84 36 have
524 3826 137 37 assisted
684 3829 89 36 them
797 3833 33 34 in
853 3845 52 34 pro-

170 3870 147 40 specting
353 3871 104 33 either
492 3873 79 33 with
609 3877 236 34 eontributions
889 3893 36 20 or

167 3912 184 44 otherwise,
368 3927 36 24 or
419 3916 79 35 with
511 3918 94 36 other
615 3931 135 35 persons
762 3923 72 37 who
848 3937 74 34 may

167 3960 40 34 be
230 3964 191 32 nominated
444 3965 42 41 by
502 3966 55 32 the
581 3970 108 30 actual
713 3970 208 42 discoverers,

164 4005 160 47 Although
347 4007 55 36 the
419 4008 70 36 said
510 4020 134 36 persons
660 4025 77 34 may
760 4023 57 28 not
840 4018 82 36 have

165 4051 81 35 been
269 4065 42 22 on
327 4055 55 33 the
397 4061 127 38 ground
539 4059 89 42 prior
644 4064 32 29 to
692 4062 56 32 the
771 4067 151 38 granting

165 4096 134 37 thereof.

206 4145 70 35 The
294 4145 143 36 Warden
454 4160 89 33 may,
559 4163 88 33 upon
658 4153 55 34 the
724 4156 196 43 application

163 4190 38 35 of
212 4202 65 34 any
291 4203 134 35 persons
440 4194 145 46 forming
602 4209 20 24 a
637 4205 95 39 party
747 4202 34 34 of
791 4208 56 30 not
858 4204 62 35 less

165 4238 79 33 Ilia*
266 4238 82 41 four,
371 4245 95 38 grant
482 4245 182 40 protection
680 4247 49 33 for
750 4254 59 28 not
830 4262 90 23 more

165 4282 80 34 than
262 4284 89 35 three
374 4287 135 34 months
525 4289 49 34 for
589 4302 19 22 a
623 4294 207 46 prospecting
845 4309 74 23 area

162 4335 36 30 at
220 4342 19 23 a
261 4330 143 37 distance
426 4341 33 27 ol
473 4341 59 29 not
550 4337 62 34 less
636 4338 81 36 than
739 4346 64 29 two
825 4344 95 34 miles

163 4375 84 35 from
275 4388 64 34 any
363 4381 139 44 existing
528 4384 163 45 workings
720 4386 35 35 in
786 4389 133 35 alluvial

163 4423 137 43 ground,
317 4436 35 22 or
367 4427 35 32 in
417 4427 55 34 the
489 4440 72 23 case
578 4431 35 33 of
626 4436 113 40 quartz
756 4436 163 44 workings

162 4469 36 33 of
223 4475 59 30 not
312 4471 62 36 less
397 4474 81 35 than
503 4475 73 36 half
594 4489 18 23 a
637 4480 78 35 mile
739 4481 83 35 from
854 4497 65 28 any

162 4516 141 44 existing
317 4523 114 39 quarts
446 4522 164 46 workings
623 4534 8 24 ;
655 4526 161 35 Provided
830 4530 33 32 in
877 4543 42 20 no

163 4572 73 24 case
257 4562 85 36 shall
365 4577 65 34 any
446 4568 79 34 such
552 4573 205 45 prospecting
782 4587 76 23 area
880 4577 38 34 be

163 4611 134 40 granted
320 4612 115 34 within
458 4614 69 34 halt
542 4628 18 21 a
583 4619 76 33 mile
683 4621 36 31 of
738 4633 66 29 any
826 4624 94 32 other

163 4654 81 34 sueh
259 4658 207 43 prospecting
487 4672 85 23 area.
615 4663 163 36 Provided
793 4667 127 35 further

163 4699 72 35 that
257 4702 79 35 such
360 4707 181 41 protection
558 4708 84 35 shall
664 4711 78 44 only
765 4715 154 35 continue

163 4746 35 35 in
214 4748 84 34 force
313 4751 84 33 until
412 4754 75 40 gold
504 4755 25 31 is
545 4756 121 40 struck,
677 4758 35 32 in
727 4760 107 32 which
847 4774 72 20 case

165 4791 56 35 the
244 4793 168 46 discovery
436 4797 84 34 shall
537 4798 38 35 be
598 4803 162 43 reported,
778 4816 34 22 or
837 4807 83 35 until

163 4836 56 37 the
235 4838 128 38 holders
379 4855 52 22 are
447 4847 150 43 required
612 4847 44 45 by
666 4849 56 35 the
732 4850 143 37 Warden
887 4861 32 28 to

163 4886 96 34 mark
289 4899 19 22 a
333 4892 206 44 prospecting
562 4894 108 42 claim,
693 4897 34 32 in
755 4899 104 33 either
889 4902 35 32 of

163 4931 107 36 which
286 4945 89 24 cases
391 4948 19 22 a
424 4949 91 34 prosj.
525 4941 108 45 acting
656 4943 97 34 claim
775 4946 83 34 shall
882 4948 37 33 be

163 4978 136 34 marked
325 4982 64 32 and
414 4986 128 42 applied
565 4986 49 34 for
640 4999 35 23 as
701 4991 157 42 provide:!
885 4995 34 31 in

164 5023 195 43 Regulation
389 5028 48 33 11.
468 5031 66 33 and
558 5033 53 40 V.,
642 5035 65 34 and
739 5041 179 39 protection

162 5068 85 35 ehall
263 5071 179 46 thereupon
459 5087 90 24 cease
566 5089 35 23 as
616 5083 34 30 to
666 5081 56 35 the
734 5085 186 34 remainder

163 5114 37 35 •f
210 5117 80 33 such
305 5122 208 41 prospecting
528 5135 84 23 area.

205 5160 33 35 It
263 5156 83 40 shall
372 5164 39 33 be
433 5166 110 34 lawlul
565 5169 49 34 for
635 5170 56 35 the
715 5172 144 37 Warden
887 5182 32 28 to

163 5217 107 24 renew
292 5207 86 36 from
402 5216 79 29 time
503 5217 33 30 to
558 5217 80 33 time
659 5218 56 35 the
736 5224 182 39 protection

163 5252 50 34 for
242 5265 19 22 a
290 5259 209 43 prospecting
532 5271 84 24 area.
661 5264 156 37 Prrvided
847 5269 73 34 that

164 5299 80 37 luch
281 5303 148 36 renewed
462 5310 180 39 protection
672 5311 84 35 shall
787 5324 57 25 not
882 5318 37 32 be

162 5348 138 38 granted
325 5349 49 31 for
397 5360 90 22 more
503 5353 82 31 than
608 5355 91 33 three
725 5360 136 33 months
887 5367 32 28 to

162 5401 65 36 any
242 5390 89 40 time.

862 44 138 48 THE
1066 51 220 51 LYELL
1351 58 218 62 TIMES,
1635 67 363 57 SATURDAY,
2068 67 230 53 MARCH
2372 86 65 48 14,
2506 73 124 63 1865.

2532 5898 136 36 Printed
2683 5902 66 34 and
2767 5903 174 45 publiihed
2963 5907 52 37 for
3032 5910 56 37 the
3112 5914 190 47 Proprietor

2573 5944 43 47 by
2630 5947 33 36 J.
2679 5948 37 35 F.
2734 5950 110 42 Clark,
2862 5959 36 30 at
2912 5954 58 36 the
2987 5957 195 45 Registered
3199 5966 100 36 Offiee

2574 5999 32 30 ot
2613 5994 56 36 the
2715 5996 96 46 Lyell
2975 6002 79 39 Cliff
3065 6006 120 46 Street,
3192 6011 108 41 LyeH.

2574 6039 133 46 County
2724 6043 37 34 of
2771 6044 123 42 Buller,
2913 6048 128 46 Colony
3058 6053 37 35 of
3105 6055 80 35 N.Z.

163 174 41 53 A
278 176 314 57 iiambra
643 186 277 59 hotel,

445 270 114 48 Lye
572 289 24 29 l
609 290 25 30 l
647 312 7 8 .

165 384 65 30 *ll
235 375 64 36 HE
315 378 217 44 undersigned
552 382 121 46 having
687 383 134 36 become
846 384 57 33 Pro-

274 424 123 44 prietor
412 428 35 32 of
459 429 65 33 this
540 431 210 33 well-known
766 431 64 33 and
847 432 77 41 long

166 469 198 36 established
381 473 111 40 Hotel,
510 478 107 31 would
639 479 58 38 be#
713 484 32 27 to
762 477 89 33 draw
867 478 55 33 the

165 516 164 34 attention
352 518 36 33 of
412 520 195 37 Travellers,
632 523 137 34 Persons
792 524 132 41 visiting

165 560 57 35 the
239 562 135 42 district,
391 566 65 33 and
480 568 55 33 the
559 569 108 42 public
690 569 177 43 generally,
891 574 33 29 to

168 606 55 35 the
238 609 108 44 araplt
362 610 65 35 and
444 614 196 35 convenient
650 615 166 35 character
829 615 34 34 of
868 615 55 35 the

167 655 249 36 accomodation
446 661 107 32 which
591 662 54 32 the
676 663 249 33 establishment

479 705 128 35 affords.

167 790 139 41 Board
320 794 84 39 and
417 795 164 48 lodging
607 826 19 9 ..
650 798 53 39 £1
718 809 74 36 per
810 799 115 37 week

167 833 223 40 Meals—at
404 838 54 36 all
473 840 169 35 hours—
814 842 39 35 Is
870 842 56 36 6d

170 875 108 42 Beds
887 883 39 40 Is

172 958 70 36 The
258 960 111 35 Table
387 963 65 33 will
469 964 37 34 be
523 963 103 35 under
639 964 52 34 the
704 965 102 34 direct
818 977 89 33 super-

171 1006 107 34 vision
294 1009 35 32 of
342 1009 67 33 Mrs
425 1012 37 31 A.

174 1096 85 36 Next
266 1098 79 35 door
359 1106 31 28 to
407 1101 54 33 the
480 1102 94 34 Motel
589 1103 88 33 there
689 1103 27 33 is
729 1116 16 20 a
764 1104 85 40 large
863 1104 63 33 and

256 1147 224 33 commodious
510 1149 102 32 Room
637 1150 137 33 suitable
798 1152 48 31 for

319 1191 169 42 Meetings.
518 1195 108 32 Dance
652 1197 130 40 parties,

400 1238 85 35 Ente
490 1240 204 38 rtaiiunents,

522 1289 52 31 &c.

172 1376 119 33 Wines
306 1386 65 23 and
390 1378 127 32 SpißiTs
534 1388 38 22 of
589 1390 64 21 tuk
672 1388 80 23 bkst
776 1391 150 25 quality.

216 1468 158 34 Marshall
397 1470 62 32 and
484 1472 195 40 Copeland's
699 1473 122 31 XXXX
846 1485 40 21 ou

504 1524 4 36 '
519 1524 64 36 tap.

413 1609 92 33 Good
531 1609 156 41 Stabling.

351 1699 52 32 All
421 1699 132 42 charges
570 1702 176 34 moderate.

390 1755 198 34 ANTONIO
612 1758 234 35 ACCOLIXO,

696 1805 191 42 Proprietor.

336 5485 66 25 thi
432 5477 116 37 Blood
578 5491 31 25 is
637 5493 68 26 the

160 5519 216 36 CLAKKE'S
404 5524 339 41 WOKLD-FAMfID
767 5535 150 36 J3LOOD

161 5564 212 38 MIXTURE
397 5569 28 36 is
447 5575 185 34 warraited
658 5581 33 30 to
714 5578 125 37 cleans#
863 5583 54 34 the

160 5611 97 35 blood
273 5613 82 35 from
379 5616 44 33 all
446 5618 183 44 impurities
648 5622 83 35 from
755 5626 163 38 whatever

159 5670 96 24 cause
266 5661 131 43 arising.
444 5664 63 35 For
517 5666 157 44 Scrofula,
687 5671 135 40 Scurvr,
837 5676 78 33 Skin

159 5707 63 31 aad
234 5706 106 35 Blood
350 5708 163 42 Diseases,
525 5713 65 32 aad
602 5714 95 35 Sores
709 5717 37 33 of
754 5709 45 42 all
809 5719 107 37 kinds,

155 5750 45 35 its
214 5751 111 36 offsets
339 5765 55 23 are
411 5757 210 35 marvellous.
667 5762 193 37 Thousands
883 5748 37 51 of

157 5796 230 37 testimoaials.
434 5802 78 34 Sold
535 5804 33 33 ii
586 5804 128 43 bottloi,
731 5810 35 32 2s
789 5811 40 33 6d
852 5813 64 35 and

159 5845 55 34 lis
228 5844 81 35 eaeh
324 5846 40 44 bj
376 5848 166 36 Chemists
552 5851 65 35 and
626 5853 119 36 Patent
757 5856 159 38 Medicine

155 5889 150 36 Vendors
326 5895 219 43 everywhere.
601 5899 72 35 Sole
703 5902 211 45 Proprietors,

152 5935 76 38 The
440 5951 68 27 amd
547 5943 162 40 Midland
746 5949 170 40 Countiib

148 5983 108 37 Drug
274 5985 69 43 Co.,
361 5987 139 38 Liitola
517 5991 165 46 England.

1108 917 226 50 SANDER
1359 928 32 43 &
1420 927 147 47 SONS'

1409 979 304 54 EXTRACT.

1002 1068 177 40 (Deutsche
1212 1072 86 37 Med.
1329 1077 262 39 Wochensehrift
1623 1086 88 39 1879)

962 1115 129 38 Mo*lei,
1112 1116 100 40 M.D.,
1230 1120 164 37 Professor
1410 1134 32 24 at
1456 1128 54 32 the
1526 1129 188 45 University

961 1161 201 37 Greifswald,
1209 1165 176 48 Germany,
1432 1183 124 33 reports
1647 1179 67 33 The

962 1207 171 44 Eucalypti
1159 1209 135 36 Extract
1325 1217 121 42 proved
1468 1221 246 47 magnificently

961 1255 175 33 successful
1173 1256 33 33 in
1246 1269 76 27 very
1369 1275 108 23 severe
1516 1270 196 35 contusions,

962 1299 132 36 bruises,
1106 1302 138 42 sprains,
1256 1309 145 36 wounds,
1411 1311 172 41 scaldings,
1594 1315 118 36 broken

963 1346 72 39 ribs,
1047 1348 63 33 and
1124 1348 107 35 limbs.
1271 1352 32 35 It
1315 1355 185 45 dTcetually
1514 1367 88 35 stays
1613 1364 43 31 all
1667 1365 45 32 i«.

964 1392 202 34 Summation
1184 1397 61 29 and
1265 1400 157 40 swelliug.
1652 1420 45 22 ser-

965 1437 82 35 vice!
1064 1438 129 37 derived
1210 1441 162 39 fromitin
1391 1449 41 33 all
1442 1450 162 35 disorders
1617 1454 36 33 of
1661 1456 53 34 the

964 1486 191 45 respiratory
1169 1501 127 28 orpins,
1310 1505 35 20 as
1356 1506 110 32 croup,
1480 1498 172 41 diptheria,
1668 1503 30 33 in-

964 1529 202 38 flammation
1199 1536 34 31 of
1255 1537 55 34 the
1337 1538 169 38 bronchial
1531 1545 92 34 tubes
1653 1550 59 31 au4

965 1576 103 43 lmigs,
1087 1581 131 35 chronic
1244 1586 141 40 catarrh,
1404 1588 188 37 bronchitis,
1618 1595 96 37 colds,

964 1626 64 37 &c.,
1047 1639 53 21 are
1118 1635 56 27 not
1197 1637 32 25 to
1246 1630 37 33 be
1300 1635 149 40 equalled
1473 1637 41 42 by
1537 1650 65 32 any
1625 1642 91 32 other

966 1670 228 37 medicament.

997 1729 158 44 Sander
1186 1730 82 44 and
1306 1733 115 46 Son's
1461 1736 218 52 Eucalypti

1223 1783 4 50 1
1254 1783 183 50 Extract.

1005 1834 115 35 Lister,
1146 1836 101 37 M.1).,
1273 1838 175 39 Professor,
1480 1844 65 38 &c.,
1572 1845 142 35 London,

964 1879 54 33 the
1038 1880 145 40 Leading
1207 1893 137 32 surgeon
1362 1886 35 33 of
1411 1887 53 35 the
1482 1897 128 35 present
1627 1895 88 32 time,

964 1927 104 32 stated
1085 1935 32 25 at
1134 1928 54 32 the
1205 1929 62 33 last
1290 1933 144 41 meeting
1449 1936 35 31 of
1504 1936 52 33 the
1581 1938 136 35 Clinical

965 1973 136 43 Society.
1113 1974 148 35 London,
1272 1988 33 21 as
1322 1977 169 44 published
1503 1983 30 31 in
1545 1983 172 36 Gaillard's

965 2019 138 34 Medical
1126 2020 149 36 Journal.
1292 2023 73 35 that
1380 2027 55 33 the
1458 2028 172 47 Eucalypti
1654 2033 41 35 Ex-

964 2073 82 26 tract
1061 2068 26 31 is
1104 2067 55 33 the
1175 2068 70 33 best
1260 2069 118 36 known
1404 2075 171 43 antiseptic
1594 2080 123 39 (means

963 2113 33 30 of
1011 2115 191 41 preventing
1218 2117 241 44 putrefaction).

987 2167 158 49 Sander
1184 2172 81 46 and
1312 2173 115 48 Son's
1476 2178 218 60 Eucalypti

1246 2225 183 47 Extract.

1005 2275 184 44 (American
1211 2276 138 39 Medical
1362 2281 147 41 Journal,
1526 2286 190 38 XovemW

964 2325 90 39 1881)
1114 2325 40 30 In
1171 2325 141 34 diseases
1328 2331 31 28 of
1383 2330 54 31 the
1460 2331 132 44 kidney,
1616 2336 103 32 either

963 2368 103 42 active
1084 2371 186 43 congestion
1286 2384 36 22 or
1332 2378 206 42 suppression
1559 2381 156 42 (ur&tnia)

963 2416 42 33 all
1021 2414 230 45 albuminuria,
1269 2420 130 45 dropsy,
1416 2423 150 38 lithiasis,
1585 2430 131 37 nothing
1717 2414 1 53 1

963 2461 65 33 will
1044 2465 95 40 equal
1156 2475 32 21 in
1206 2466 41 31 its
1261 2467 106 33 action
1386 2470 175 44 Eucalypti
1575 2474 140 33 Extract.

965 2507 113 38 Doses,
1110 2509 62 32 live
1202 2514 32 29 to
1265 2512 89 38 eight
1388 2514 97 44 drops
1514 2519 33 31 in
1583 2531 19 20 a
1639 2520 78 33 little

963 2555 183 34 sweetened
1176 2562 100 29 water
1305 2564 93 30 twice
1432 2573 35 23 or
1496 2562 91 37 three
1625 2566 93 35 times

962 2599 100 44 daily.

987 2656 158 48 Sander
1185 2661 83 46 and
1322 2662 116 48 Son's
1477 2666 219 53 Eucalypti

1253 2715 182 51 Extract.

1007 2767 110 36 (lu'om
1133 2770 170 36 American
1319 2776 137 33 Medical
1467 2777 149 36 Journal,
1630 2780 87 36 Jan.,

965 2813 103 31 1882).
1115 2814 118 41 Pitzer,
1268 2818 102 35 M.P.,
1397 2820 165 34 Professor
1591 2823 126 44 Theory

964 2856 63 34 and
1046 2858 146 37 Practice
1206 2862 36 33 of
1258 2864 166 36 Medicine,
1440 2868 173 34 American
1630 2870 64 33 Med-

951 2903 1 47 |
963 2903 62 32 ical
1042 2905 143 40 College,
1202 2919 75 22 savs
1345 2911 30 32 It
1392 2911 24 32 U
1430 2913 55 33 the
1502 2913 69 34 best
1586 2917 130 33 remedy

964 2947 119 36 known
1106 2950 32 35 in
1164 2954 268 43 typhomalarial,
1458 2961 135 43 typhoid
1619 2962 98 37 fever;

964 2997 185 42 erysipelas,
1161 3000 196 43 diphtheria,
1370 3006 116 33 scarlet
1501 3009 94 36 ferer,
1609 3010 89 32 small-

965 3052 71 32 pox,
1054 3044 65 39 &c.;
1143 3045 26 33 it
1191 3046 185 38 effectually
1392 3044 101 47 retard
1510 3044 17 47 4
1544 3044 50 47 the
1620 3055 79 34 disin-

964 3088 160 38 tegration
1161 3092 35 31 of
1221 3093 55 32 the
1306 3096 124 34 animal
1467 3097 106 37 fluids,
1611 3102 103 33 which

965 3133 106 41 might
1086 3147 7 22 i
1103 3137 83 34 •suit
1201 3138 34 35 in
1256 3152 17 22 a
1296 3144 128 37 general
1448 3145 216 47 breaking-up
1687 3152 34 30 of

964 3180 54 33 the
1036 3182 94 33 blood
1147 3185 64 32 and
1227 3187 32 31 in
1278 3187 109 35 death.

987 3237 156 48 Sander
1191 3243 81 45 and
1314 3244 114 49 Son's
1478 3248 218 60 EucalyDti

1241 3297 182 49 Extract.

1006 3347 111 33 (From
1159 3349 46 33 St.
1252 3352 98 33 Louis
1393 3356 140 33 Electric
1579 3360 135 32 Medical

962 3390 146 42 Journal,
1147 3394 90 38 Dec.,
1277 3400 103 41 1881).
1393 3420 39 4 -
1442 3403 124 34 Cancer
1594 3406 35 33 of
1663 3406 52 34 the

963 3438 317 44 Tongue—Patient,
1299 3446 77 33 Mrs.
1482 3469 72 17 —,
1572 3453 39 32 $5
1623 3465 94 30 years

962 3484 63 35 old.
1084 3487 165 37 Evidence
1279 3492 34 33 of
1339 3495 180 35 scrofulous
1550 3498 164 35 diathesis.

962 3531 185 35 Prescribed
1171 3535 72 33 four
1270 3538 97 43 drops
1383 3547 32 26 to
1439 3541 37 32 be
1500 3544 97 33 taken
1625 3546 90 32 three

961 3577 95 34 times
1084 3579 88 43 daily
1190 3591 7 30 ;
1221 3583 78 41 aiso,
1327 3591 119 34 tongue
1479 3591 116 33 wetted
1626 3592 89 33 three

960 3624 95 33 times
1106 3627 80 33 with
1235 3630 56 33 the
1340 3633 176 46 Eucalypti
1567 3638 147 34 Extract.

969 3670 127 35 Ireated
1120 3684 35 21 as
1178 3675 102 35 above
1310 3678 49 34 for
1388 3680 74 34 four
1491 3683 116 40 weeks,
1636 3685 78 33 then

959 3716 190 43 discharged
1166 3723 107 33 cured.

1002 3774 42 43 (J.
1086 3777 41 33 H.
1166 3778 146 46 Ruttley,
1359 3784 101 38 M.D.,
1507 3787 97 40 Prof.,
1649 3789 65 38 &c.,

959 3821 405 50 Philadelphia).—Since,
1380 3831 34 34 in
1438 3832 54 34 the
1513 3846 72 23 case
1608 3836 36 33 of
1664 3836 51 34 Mr

962 3870 130 34 Mercer,
1110 3872 36 31 of
1161 3873 141 41 Kerang,
1320 3877 72 31 who
1410 3879 62 31 had
1484 3880 81 32 been
1582 3882 133 32 advised

957 3913 42 35 bv
1026 3914 56 36 the
1115 3917 139 37 Medical
1278 3921 124 37 officers
1428 3924 36 35 of
1482 3925 54 35 the
1568 3926 146 46 Bendigo

957 3961 151 43 Hospital
1127 3969 32 27 to
1176 3966 84 33 have
1277 3968 50 31 his
1345 3976 118 31 tongue
1475 3974 165 35 removed,
1651 3975 63 31 like

957 4006 149 44 splendid
1121 4011 119 35 results
1256 4012 83 36 have
1350 4017 144 34 attained
1503 4018 141 45 through
1658 4020 56 35 the

956 4055 197 40 applies,ticn
1170 4059 35 31 of
1216 4059 55 33 the
1288 4061 177 43 Eucalypti
1483 4064 146 34 Extract.

979 4109 157 50 Sander
1176 4114 82 46 and
1308 4116 115 48 Son's
1472 4119 219 60 Eucalvpti

1191 4168 3 49 •
1237 4168 183 49 Extract.

996 4217 99 35 From
1119 4220 55 33 the
1199 4221 136 36 Clinical
1359 4225 136 41 Record,
1519 4229 37 31 of
1574 4229 138 42 August,

956 4264 103 42 1881).
1135 4266 147 43 Surgical
1319 4270 104 33 Clinic
1468 4273 36 31 of
1547 4274 62 33 Pro
1625 4287 89 22 essor

956 4309 174 45 M'lntyre,
1169 4313 129 46 College
1335 4317 36 33 of
1410 4317 194 45 Physicians
1649 4323 62 33 and

955 4358 174 41 Surgeons,
1145 4359 46 32 St.
1206 4361 296 37 Louis—Seirrhus
1513 4367 35 32 of
1556 4367 157 35 Breast-

953 4402 155 35 Excision
1124 4413 6 24 :
1149 4406 177 44 Eucalypti
1341 4409 137 34 Extract
1493 4413 174 44 employed
1679 4427 33 21 as

953 4460 108 33 spray,
1093 4451 65 34 and
1186 4451 159 46 dressing.
1390 4455 103 41 Eight
1520 4450 92 52 days'
1631 4463 83 32 after

953 4497 168 42 operation
1140 4499 181 34 Professors
1338 4502 109 33 Bauer
1462 4505 65 33 and
1546 4507 34 32 M
1583 4513 7 11 k
1596 4507 39 33 la
1640 4515 71 35 tyre

953 4543 98 32 noted
1094 4544 56 33 the
1193 4546 167 42 following
1403 4549 165 35 condition
1662 4554 50 34 No

953 4589 155 40 swelling,
1126 4590 76 34 heat
1218 4604 36 21 or
1270 4593 239 40 discoloration,
1527 4609 79 22 near
1626 4612 37 21 or
1677 4603 35 31 in

953 4634 54 32 the
1030 4636 132 39 wound,
1186 4637 105 33 which
1315 4638 59 33 has
1392 4641 112 33 united
1527 4644 104 42 fully;
1656 4647 54 33 the

953 4680 124 42 patient
1092 4681 136 35 allowed
1244 4687 32 29 to
1293 4685 112 33 attend
1418 4691 31 29 to
1463 4686 57 34 her
1530 4689 180 38 household

953 4726 106 34 duties
1076 4728 107 40 again.

977 4770 157 46 Sander
1183 4774 82 43 and
1306 4775 115 46 Son's
1468 4778 221 53 EucalyDti

1232 4825 183 52 Extract.

997 4890 149 42 (Clinical
1176 4891 137 40 Record,
1346 4894 89 45 Sept.
1467 4899 106 38 1880),
1641 4903 69 34 The

953 4937 174 34 Amerioan
1162 4939 140 35 medical
1340 4944 179 40 profession
1556 4959 83 29 uses,
1677 4953 32 31 in

953 4984 205 41 gonorrhoea,
1183 4995 35 22 as
1234 4996 42 22 an
1298 4988 168 42 injection,
1483 5003 42 21 an
1548 4995 162 36 emulsion

954 5029 34 32 of
1015 5040 61 22 one
1101 5041 103 22 ounce
1227 5043 77 32 gum
1332 5035 128 41 Arabic,
1486 5038 34 33 in
1547 5042 40 31 80
1613 5054 36 22 or
1670 5046 41 31 40

953 5085 120 23 ounees
1089 5076 36 33 of
1138 5082 109 33 water,
1265 5080 128 43 applied
1409 5081 73 35 four
1498 5085 97 36 times
1611 5088 98 46 daily.

953 5120 102 42 Eight
1079 5122 96 41 drops
1197 5123 97 42 given
1310 5127 171 41 inwardly,
1505 5142 80 23 once
1609 5115 101 62 daily,'

953 5171 153 36 prevents
1122 5167 184 45 effectually
1324 5175 259 36 contamination
1600 5180 35 34 of
1654 5181 55 36 the

953 5210 99 37 blood
1068 5213 35 34 in
1119 5214 68 33 foul
1203 5215 133 35 disease.

2078 221 95 34 THE

1747 310 369 75 LYELL
2164 315 340 78 TIMES

1886 449 208 37 Hewspaper
2115 464 66 23 and
2206 455 162 35 General

1769 540 99 47 JOB
1923 543 283 49 PRINTING
2264 549 215 59 OFFICE,

1887 644 116 38 Cliff
2041 646 154 49 Striet,
2224 650 137 39 Lyell.

1749 831 440 57 LETTER-PRESS
2212 839 292 54 PRINTING

2107 961 39 24 OF

1871 1039 154 36 EVERY
2078 1043 302 38 DESCRIPTION

2109 1148 34 22 IN

1749 1221 249 42 NEATEST
2020 1227 169 40 STYLE
2217 1231 32 37 &
2273 1232 233 41 NEWEST

2001 1312 253 42 DESIGNS.

1736 1435 1 11 1

1736 1481 1 64 |
1751 1490 206 37 BALANCE
1981 1494 177 36 SHEETS

1831 1583 114 35 CALL
1968 1585 254 41 CIRCULARS

1914 1678 223 37 BUSINESS
2160 1683 255 37 CIRCULARS

1996 1771 174 35 MINING
2194 1776 130 34 SCRIP

2081 1864 196 36 RECEIPT
2302 1869 144 34 BOOKS

2232 1960 275 39 BILL-HEADS

1834 2045 230 45 Prospectuses

1916 2138 178 37 Handbills

1999 2234 156 35 Bcsiness
2172 2238 101 33 Cards

2208 2332 98 32 Show
2323 2335 101 34 Cards

1854 2417 74 33 And
1944 2430 98 23 ertry
2057 2420 94 35 other
2168 2424 195 45 description
2381 2433 33 29 of

1750 2504 170 76 JOB
2027 2509 480 76 PRINTING

2062 2636 41 23 ON
2132 2637 66 25 THE

1919 2716 233 40 SHORTEST
2177 2722 163 39 NOTICE

2060 2823 65 22 AND
2159 2825 39 22 AT

1784 2900 366 52 WESTPORT
2230 2909 244 53 PRICES.

1965 3107 48 35 To
2041 3109 245 41 Advertisers.

1750 3185 44 32 As
1825 3198 41 21 an
1898 3188 208 45 Advertising
2132 3194 146 34 Medium
2307 3196 54 35 the
2392 3198 115 35 Lyell

1750 3248 106 33 limis
1873 3251 25 32 it
1915 3261 67 29 one.
1992 3254 35 32 of
2041 3254 53 34 the
2105 3255 70 35 best
2192 3258 29 32 in
2235 3259 54 34 the
2309 3271 198 33 up-country

1750 3311 154 43 districts,
1921 3315 40 33 its
1975 3316 190 38 circulation
2183 3320 95 47 being
2298 3323 85 44 large
2401 3327 33 33 in
2452 3328 54 34 the

1750 3374 164 43 following
1951 3379 348 50 places:—Township
2332 3388 36 33 of
2401 3389 105 42 Lyell,

1750 3438 176 38 Zalatown,
1940 3442 94 43 Lyell
2048 3445 113 40 Creek,
2177 3447 80 34 New
2269 3450 111 39 Creek,
2396 3452 111 46 Upper

1755 3502 116 40 Buller,
1890 3504 84 33 Fern
1991 3508 86 38 Flat,
2095 3509 132 35 Central
2243 3513 125 40 Duller,
2398 3517 106 32 Lon*-

1748 3563 81 41 ford,
1848 3565 199 44 Murchisoo,
2081 3570 207 44 Matakitaki,
2306 3576 199 45 laangahua

1736 3623 1 54 |
1747 3626 167 38 Junction,
1945 3631 173 45 Westport,
2148 3636 148 40 Ueefton,
2325 3641 66 33 and
2413 3643 94 34 other

1747 3696 123 27 centres
1907 3693 35 32 of
1980 3696 193 42 population
2221 3711 42 23 on
2311 3703 54 34 the
2414 3706 93 36 West

2070 3759 106 34 Coast.

1967 3914 46 35 T®
2041 3916 239 41 Subscribers.

1748 3991 67 33 The
1832 3992 110 34 Lyell
1963 3994 102 34 Times
2090 3998 149 36 contains
2255 4001 55 36 the
2328 4002 95 38 latest
2439 4006 65 35 and

1787 4060 85 27 most
1901 4057 131 33 reliable
2065 4071 87 21 Hews
2182 4063 32 31 of
2253 4065 44 31 all
2334 4069 129 32 ininin»

2442 4095 19 16 to

1827 4124 136 29 matters
1985 4120 35 35 in
2036 4122 55 35 the
2118 4124 92 45 Lyell
2226 4128 64 33 and
2309 4129 112 44 Upper

1848 4181 113 35 Bwller
1977 4183 152 38 Districts
2145 4188 65 33 and
2237 4190 55 33 the
2309 4191 90 35 West

1868 4244 98 33 Coast
1973 4249 167 42 generally
2149 4252 229 39 togetherwith

1888 4306 43 34 all
1956 4310 130 41 general
2104 4324 87 23 newe
2207 4315 36 33 of
2269 4328 64 22 com-

1909 4372 132 33 mercial
2057 4374 198 44 imporance,
2273 4379 64 33 and

1933 4434 26 33 is
1970 4434 158 37 therefore
2138 4451 18 20 a
2165 4440 150 36 valuable

1951 4510 111 23 source
2086 4503 38 31 of
2146 4512 149 27 accurate

1964 4560 212 39 information
2185 4571 32 29 to
2227 4567 54 35 the

1991 4626 130 43 mining
2132 4630 24 31 <fc
2169 4640 62 23 mer-

2011 4690 118 34 cantile
2147 4703 63 23 com-

2038 4738 167 34 munities.

1744 4886 69 33 Tin
1829 4886 106 34 Times
1951 4887 26 35 is
2000 4887 174 47 published
2196 4904 100 37 every
2324 4896 175 50 Saturday,

2042 4969 33 28 at
2090 4966 19 32 7
2125 4977 76 22 a.m.

1745 5119 117 33 Orders
1874 5120 49 33 for
1934 5120 62 34 Job
2009 5122 150 42 Printing
2171 5136 37 21 or
2219 5126 281 39 Advertisements

1743 5180 41 46 by
1799 5186 73 40 post
1886 5193 37 23 or
1938 5182 166 48 telegraph
2132 5185 66 35 will
2224 5190 123 35 receive
2369 5200 133 39 prompt

2036 5248 173 35 attention.

1747 5417 163 75 The
1954 5420 234 91 Lyell
2236 5423 262 78 Times

2089 5587 65 22 AND

1781 5680 210 34 CENTRAL
2028 5683 185 34 BULLER
2252 5686 205 36 GAZETTE

2034 5801 173 29 •BXEKAL

1737 5893 106 50 JOP
1902 5897 291 52 PRINTING
2264 5902 233 65 OFFICE,

1904 6016 134 39 CLIFF
2069 6018 59 37 ST.
2175 6020 158 38 LYELL.

2644 241 101 39 THE
2770 240 166 41 STAMP
2962 245 105 49 ACT,
3095 247 103 40 1875.

2544 359 55 69 Q
2611 359 485 42 AUTlOJf.—Transferors
3112 365 180 42 aadtra»B

2653 414 54 37 fer
2726 414 71 39 fees
2815 415 37 37 in
2867 416 80 47 fold
2970 416 135 49 mining
3117 420 68 36 and
3198 421 103 39 other

2539 466 203 51 companies
2773 466 70 38 and
2876 468 167 37 societies
3073 483 60 24 are
3163 475 138 37 warned

2539 522 137 47 against
2704 521 191 48 executing
2925 534 66 35 any
3031 522 217 41 instrument
3267 527 39 37 ef

2539 575 71 35 sale
2628 587 40 23 or
2688 574 155 37 tramfer
2863 576 119 34 unless
2998 574 61 38 the
3072 588 103 25 name
3189 580 38 34 of
3242 578 62 40 the

2541 627 191 47 purchaser
2766 640 39 24 or
2841 628 200 37 transferee
3083 628 29 37 is
3144 631 159 38 iuserted

2540 679 137 36 therein
2712 683 38 32 at
2787 691 40 25 or
2858 680 121 37 before
3012 680 63 37 the
3112 689 189 33 eiecutioa

2541 732 144 45 thereof,
2708 746 20 23 a
2748 733 190 37 maximum
2971 734 146 44 penalty
3135 736 40 36 of
3198 736 104 37 £IOO

2541 787 108 35 undtr
2695 785 136 38 section
2874 787 79 42 103,
2996 787 106 47 being
3135 787 166 38 incurred

2540 837 158 49 thereby.
2748 837 83 51 Any
2846 837 86 38 such
2945 837 230 50 instrument,
3191 853 106 25 more,

2540 906 94 30 over,
2654 905 38 24 so
2708 891 123 47 signed
2850 893 30 36 is
2911 894 202 46 absolutely
3132 895 79 36 veid
3231 896 69 37 and

2540 943 229 49 inoperalive,
2800 945 68 37 and
2897 946 84 36 does
3008 952 63 31 not
3091 947 118 38 divest
3241 948 60 35 the

2543 1000 192 33 trai.sferor
2754 999 37 35 of
2824 999 51 35 his
2892 999 149 36 interest
3063 999 151 44 therein,
3231 1001 69 36 and

2541 1048 41 37 he
2602 1050 148 36 remains
2771 1051 103 37 liable
2895 1053 146 34 thereon
3062 1065 37 23 as
3120 1051 28 37 if
3175 1053 40 35 he
3235 1051 64 40 had

2542 1115 103 23 Merer
2665 1103 164 47 disposed
2850 1108 33 32 of
2918 1104 60 36 the
2998 1119 105 22 same.
3172 1105 35 37 If
3241 1107 60 34 the

2542 1156 194 35 transferor
2770 1158 40 34 be
2830 1170 18 22 a
2882 1157 154 37 licensed
3065 1157 237 38 sharebroker

2544 1209 48 32 bis
2613 1208 128 35 license
2775 1208 29 36 is
2837 1209 166 37 forfeited
3035 1223 43 23 on
3100 1211 202 37 conviction

2540 1261 64 33 and
2626 1259 190 39 thereafter
2847 1262 41 36 he
2907 1263 28 35 is
2964 1263 220 49 disqualified
3217 1265 89 36 from

2540 1312 119 47 actiug
2689 1326 37 24 as
2760 1328 19 24 a
2799 1315 129 37 broker
2946 1329 40 25 or
3016 1319 88 35 from
3142 1316 123 49 having
3288 1331 20 24 a

2544 1366 89 33 fresh
2656 1366 129 36 iicense
2799 1369 115 33 issued
2936 1377 36 25 to
2989 1371 80 34 him.

2635 1495 301 40 POSTAGE
2987 1500 223 40 KATES.

2766 1644 107 25 TOWN
2904 1645 173 27 LRTTBK3.

2591 1681 130 38 Posted
2753 1690 37 31 at
2817 1697 67 34 any
2919 1686 85 36 Post
3038 1686 109 38 Office
3184 1688 123 38 within

2544 1742 57 35 thtt
2620 1744 123 50 colony
2763 1747 54 35 for
2836 1747 155 50 delivery
3008 1754 36 31 at
3063 1763 38 23 or
3115 1750 88 37 from
3220 1751 87 38 snch

2547 1804 82 37 Post
2650 1808 110 37 Office

2548 1872 66 39 Not
2632 1877 191 46 exceeding:
2841 1878 75 38 half
2932 1894 43 23 an
2995 1895 114 24 ounce
3174 1914 36 8 ...
3267 1884 43 37 Id

2549 1929 195 48 Kxceeding
2763 1931 74 37 half
2852 1945 43 23 au
2914 1946 125 33 ounce,
3070 1939 62 34 but
3152 1943 63 29 net

2589 1983 191 46 exceeding
2799 1997 67 24 one
2885 1998 114 26 ounce
3173 2021 36 7 ...
3264 1990 47 38 2d

2595 2048 17 24 r
2628 2048 107 37 every
2757 2036 73 38 half
2845 2051 114 25 ounce
2977 2053 83 25 over
3078 2055 68 24 one
3175 2074 37 8 ...
3268 2044 43 37 Id

2737 2116 175 28 country
2932 2119 175 28 lbttkrs.

2592 2155 125 41 Posted
2738 2167 36 29 at
2792 2173 67 34 any
2892 2166 79 40 post
2988 2161 100 39 office
3107 2164 123 38 within
3251 2164 61 40 the

2543 2222 122 45 colony
2701 2223 54 34 for
2792 2222 158 48 delivery
2982 2229 38 30 at
3051 2238 39 22 or
3122 2226 90 36 from
3245 2240 69 37 any

2542 2283 102 37 other
2657 2291 78 40 post
2749 2284 99 38 office
2871 2286 121 38 within
3014 2288 60 37 the
3092 2291 197 47 colony:—

2547 2350 69 38 Not
2634 2353 193 46 exceeding
2846 2352 75 39 half
2937 2368 43 24 an
3001 2370 115 25 ounce
3265 2359 43 40 2d

2548 2405 196 48 Exceeding
2763 2407 73 37 half
2852 2421 43 23 an
2915 2422 125 35 ounce,
3060 2412 63 36 but
3153 2417 64 33 net

2587 2460 192 45 exceeding
2794 2473 67 22 one
2880 2473 114 24 eurice
3174 2495 36 8 ...
3264 2467 45 36 4d

2547 2507 65 37 For
2645 2521 104 35 every
2779 2509 76 38 half
2886 2524 115 27 ounce
3029 2526 87 25 ever
3150 2528 67 27 ene

2589 2575 113 25 ®unce
2796 2595 36 8 ...
2986 2598 36 8 ...
3174 2602 36 8 ...
3264 2573 44 37 2d

2693 2656 239 29 AUBTIALIAN
2959 2660 197 29 COLONIES.

2545 2716 72 40 Xot
2634 2718 194 52 exceeding
2847 2720 76 41 half
2944 2736 44 26 an
3008 2738 113 28 ounce
3174 2761 37 11 ...
3264 2730 45 42 2d

2547 2773 196 46 Exceeding
2761 2775 77 36 half
2863 2790 44 22 an
2926 2791 124 31 ounce,
3072 2782 63 34 but
3153 2789 64 29 not

2587 2825 193 47 exceeding
2799 2838 67 26 one
2885 2840 113 28 ounce
3174 2865 35 9 ...
3263 2835 48 40 4d

2548 2876 64 35 For
2645 2890 102 36 every
2780 2878 75 38 half
2886 2893 113 25 ounce
3034 2895 84 26 ever
3149 2899 67 24 ene

2587 2941 93 27 ounc
2683 2942 19 27 «
2984 2965 37 11 ...
3172 2972 36 8 ...
3261 2941 47 39 3d

2569 3020 172 28 ENGLAND
2766 3024 77 25 AND
2870 3025 168 28 FOIEIGN
3057 3029 223 31 COUNTRIES.

2753 3095 69 40 Per
2841 3097 92 40 Half
2961 3099 139 42 Ounce.

2546 3148 132 38 United
2702 3150 190 48 Kingdom,
2924 3155 54 36 via
3006 3157 69 36 San
3101 3157 90 37 Fran-

2588 3202 93 37 cisco
2699 3202 69 38 and
2795 3204 89 39 Suez
3171 3236 39 10 ...
3262 3215 48 40 gj

2549 3254 128 38 United
2714 3257 119 38 States
2866 3259 40 36 of
2945 3260 175 49 America,
3161 3265 54 37 via

2589 3308 67 37 San
2679 3309 192 40 Francisco
3174 3350 37 8 ...
3264 3323 47 37 $4

2543 3363 183 36 Sandwich
2744 3363 154 48 Islands,
2927 3366 54 38 via
3014 3367 70 38 San
3102 3368 90 39 Fran-

2589 3427 93 47 cltc(?
2984 3452 35 9 ...
3172 3456 36 8 ...
3262 3429 47 38 6d

2544 3466 179 40 Canadian
2768 3468 225 53 Dominions,
3035 3474 56 39 via
3146 3476 71 40 San

2591 3521 193 38 Francisco
2984 3558 37 8 ...
3173 3561 36 9 ...

2547 3572 130 38 British
2697 3573 190 42 Columbia
2984 3611 37 8 ...
3174 3615 36 9 ...
3274 3586 14 38 ]
3295 3601 16 25 a

2547 3626 100 37 West
2666 3626 122 40 Indies
2982 3665 37 8 ...
3170 3668 37 8 ...
3272 3641 19 37 \
3295 3654 16 24 n

2544 3678 151 47 Mexico,
2714 3680 54 38 via
2784 3682 68 37 San
2874 3683 195 42 Francisco
3172 3721 22 9 ..
3273 3695 38 35 Is

2542 3731 147 39 Central
2711 3734 166 40 America
3172 3774 36 8 ...
3274 3748 19 34 i
3295 3761 18 23 a

2542 3784 111 44 South
2671 3784 177 51 America,
2864 3788 56 40 via
2935 3791 68 39 San
3020 3792 193 44 Franciso*
3273 3802 39 38 li

2797 3871 263 30 nbwspapbbs.

2545 3922 127 40 Posted
2706 3937 20 25 a
2773 3939 69 33 any
2874 3929 100 39 office
3007 3932 125 40 within
3159 3936 62 38 the

2584 3977 127 48 colony
2730 3983 55 31 tor
2804 3979 156 52 delivery
2979 3988 37 33 at
3043 3984 61 39 the
3121 4000 97 28 same

2584 4027 101 37 office
2984 4068 36 6 ...

2544 4078 127 39 Posted
2701 4089 38 29 at
2768 4094 70 39 any
2871 4084 99 41 office
3001 4088 126 41 within
3154 4092 63 41 the

2584 4133 126 49 colony
2729 4134 55 37 for
2803 4137 155 49 delivery
2977 4147 38 30 at
3029 4155 67 36 any
3114 4146 105 38 other

2585 4183 98 40 office
2702 4186 120 39 within
2843 4189 59 38 the
2921 4193 129 49 colony
3175 4231 37 8 ...

2540 4235 206 39 Australian
2763 4241 170 39 Colonies
3177 4283 36 7 ...

2542 4286 131 39 United
2694 4289 186 50 Kingdom
3266 4308 44 38 2d

2725 4370 68 39 Via
2813 4373 68 37 San
2911 4374 210 45 Francisco.

2539 4430 133 40 United
2693 4433 121 40 States
2833 4438 34 36 of
2885 4439 170 43 America
3266 4453 45 38 Id

2538 4485 183 38 Sandwich
2740 4487 142 40 Islands
3173 4481 7 8 '

2539 4537 179 38 Canadian
2737 4539 216 44 Dominions

2544 4588 129 39 British
2695 4592 188 41 Columbia
3262 4612 43 20 oj

2543 4640 98 38 West
2660 4642 124 40 Indies
3102 4657 9 10 •
3260 4664 44 27 91

2538 4693 143 40 Mexico
3260 4716 46 37 2d

2537 4748 147 36 Central
2702 4750 165 38 America

2537 4797 113 40 South
2670 4800 187 43 Amerrica
3200 4848 7 8 t

2771 4885 102 28 BOOK
2899 4889 168 31 PACKETS

2541 4946 126 39 Posted
2697 4951 38 34 at
2762 4962 69 38 any
2862 4954 98 37 office
2993 4960 123 34 within
3150 4962 62 36 the

2582 5000 126 51 colony
2726 5001 56 38 for
2799 5004 156 48 delivery
2973 5015 36 30 at
3029 5009 60 38 the
3102 5025 108 35 same,

2582 5052 124 39 within
2742 5055 61 36 the
2838 5058 137 50 colony,
3012 5061 61 37 the
3116 5065 94 40 Ana*

2582 5106 128 37 tralian
2730 5108 165 46 colonies,
2913 5125 40 23 or
2982 5113 61 38 the
3074 5113 136 43 United

2584 5156 181 46 Kingdom
2866 5193 35 7 ...
3005 5167 62 38 loz
3168 5201 36 9 ...
3260 5176 44 38 14

2864 5245 36 9 •••
3000 5220 65 36 2oz
3167 5254 35 7 ...
3258 5229 46 37 2d

2631 5262 54 41 Do
2864 5300 36 9 •••
3002 5271 60 46 ilb
3165 5310 36 8 ...
3256 5281 46 39 4d

2628 5318 57 34 1)0
2757 5368 7 8 .
2789 5369 6 8 .
2865 5351 35 8 •••
3005 5326 58 34 lib
3165 5359 36 7 ...
3256 5335 46 34 8d

2541 5365 110 55 Every
2685 5368 193 45 additional
2907 5376 133 48 ponnd,
3057 5392 40 26 or
3115 5379 76 44 frac-

2580 5421 113 39 tional
2707 5430 80 44 part
2806 5430 34 32 of
2859 5440 20 24 a
2900 5430 121 47 pouud
3168 5466 37 11 ...
3260 5441 46 39 gj

2734 5505 68 38 Via
2820 5508 69 37 San
2911 5508 203 44 Francisco.

3212 5557 7 13 (

2539 5576 129 38 United
2705 5580 130 41 States,
2867 5597 105 36 every
3169 5623 36 8 ...
3259 5597 47 38 4d

2534 5630 182 40 Sandwich
2739 5632 136 41 [slands
3019 5670 19 16 „
3166 5677 7 7 .
3180 5677 23 9 ##
3257 5650 47 38 4^

2536 5683 176 38 Canadian
2735 5686 211 41 Dominions
3021 5722 20 18 „
3169 5729 36 7 ...

2539 5734 128 38 British
2690 5738 188 40 Columbia
3258 5755 44 32 gj

2540 5786 99 38 West
2657 5787 127 41 Indies
3034 5776 8 16 '
3277 5809 22 23 «
