3436 4368
316 418 3059 59 THE

316 477 1224 13 OXFORD
1744 477 1631 13 OBSERVER

316 490 383 12 AND
826 490 1275 12 CANTERBURY
2228 490 1147 12 DEMOCRAT.

1233 532 517 35 CIRCTTLA-TING
1828 532 515 34 THROTTGMIOXJT

1689 699 227 34 Established
1960 702 91 31 1889.

4 831 18 30 1
30 853 140 33 Toldmh
189 851 65 35 VII
265 851 103 33 —No.
409 849 103 33 NEW
526 845 155 36 SERIES.

1272 841 107 32 EAST
1400 841 186 38 OXFORD,
1610 842 242 41 SATURDAY,
1892 846 110 31 JUNE
2033 848 52 35 13,
2115 847 89 30 1896.

2939 850 136 31 Price—
3076 851 85 31 ONE
3179 852 152 30 PENNY.

2881 995 452 47 SADDLERY*

2840 1120 81 54 H.
2947 1121 62 55 J,
3026 1122 347 61 LAMING

2933 1218 346 41 SADDLER

3072 1286 63 22 AND

2841 1341 287 44 HARNESS
3161 1347 212 43 MAKER

2987 1433 72 26 Near
3076 1434 152 31 Saleyabds;

2875 1519 467 47 OZPORD.

2844 1665 88 26 Orders
2943 1666 51 26 and
3010 1667 105 33 Repairs
3125 1669 126 33 promptly
3262 1671 120 27 executed

3006 1712 28 25 at
3043 1711 88 27 lowest
3140 1715 76 25 rates.
3232 1735 3 1 .

2947 1787 144 42 HORSE
3114 1789 162 43 COVEES

2846 1839 100 41 made
2957 1841 38 40 to
3011 1841 102 41 Order
3127 1843 70 40 and
3209 1843 173 51 Repaired

2861 1909 23 26 A
2896 1909 77 27 Stock
2983 1911 28 25 of
3020 1911 82 26 Horse
3114 1912 121 26 Medicine
3246 1921 33 17 on
3288 1913 76 30 hand,

2922 1965 162 23 SOLOMONS-
3089 1966 159 23 SOLUTION
3262 1968 36 21 Ac.

2851 2144 298 81 HUNTER
3179 2149 48 78 &
3260 2141 120 102 CO.,

3081 2248 77 21 LATE

2893 2283 93 43 ■w.
3033 2286 311 48 stocks,

2854 2345 305 41 MONUMPNTAL
3209 2344 177 43 MASONS,

2893 2403 120 27 Colombo
3029 2406 76 25 street
3117 2405 49 26 and
3178 2401 80 30 South
3275 2406 58 26 Belt

2879 2487 5 4 .
2937 2459 353 33 CHRISTOHURGH,

2962 2561 105 21 AGENT
3080 2562 58 22 FOR
3154 2552 124 36 OXFofD,
3289 2552 3 4 '

2917 2612 52 47 R.
3001 2613 57 47 H.
3090 2613 238 49 PARISH.

2855 2682 136 29 Estimates
3003 2687 51 24 and
3064 2687 121 31 Designes
3197 2696 30 16 on
3239 2688 151 31 application

2945 2879 351 51 SPECIAL!!!

2858 2989 262 45 TjIULL-SIZE,
3162 2992 230 26 ALL-WOOL

3075 3064 115 24 WHITE

2885 3129 211 49 KAIAPOI
3409 3109 9 19 '

2961 3226 81 45 19s
3074 3227 59 46 6d
3174 3228 131 46 Pair.

2978 3342 162 26 SMALLER
3181 3343 99 27 SIZES

2953 3417 79 46 15s
3064 3418 60 46 6d
3178 3419 132 46 Pair.

2909 3521 73 21 BEST
2994 3521 104 21 VALUE
3115 3522 82 22 EVER
3210 3523 135 21 OFFERED

2908 3611 47 32 R.
3001 3611 54 32 H.
3100 3611 257 37 PARISH,

2994 3669 101 32 East*
3118 3668 157 33 Oxford

2933 3851 52 44 T.
3045 3849 300 47 PICKAED

2901 3944 77 21 BOOT
2990 3944 64 21 AND
3074 3944 76 21 SHOE
3168 3943 114 25 MAKER,
3300 3942 78 22 EAST

3074 3988 122 21 OXFXRD

2880 4040 101 57 BEGS
2999 4042 26 24 to
3046 4040 90 25 inform
3156 4041 42 24 the
3214 4040 156 27 inhabitants
3382 4043 27 25 of

2933 4074 92 27 Oxford
3046 4075 48 23 and
3112 4074 165 32 surrounding
3297 4075 111 27 districts

2881 4114 54 25 :hat
2955 4115 32 24 he
3006 4115 47 25 has
3065 4116 89 24 started
3166 4115 111 26 business
3284 4116 33 25 m
3337 4117 72 34 High

2882 4158 36 29 St,
2946 4167 27 16 as
2990 4167 16 17 a
3024 4158 55 26 boot
3097 4158 48 26 and
3166 4159 58 25 shoe
3246 4160 94 31 maker,
3360 4162 51 26 and

2863 4211 5 16 i
2882 4198 92 26 solicits
2986 4207 15 16 a
3013 4199 71 25 share
3095 4200 27 24 of
3139 4199 67 25 their
3215 4202 136 32 patronage
3362 4203 49 25 and

2882 4246 109 27 support.
3027 4242 76 25 Boots
3124 4243 49 24 and
3196 4244 74 25 shoes
3291 4244 75 27 made
3385 4248 30 23 to>

2883 4286 78 30 order,
2983 4287 176 26 handstitched
3176 4296 17 18 a
3211 4289 138 34 speciality.

2290 1087 148 22 WORKING
2459 1088 172 29 JEWELLER,
2640 1091 151 28 OPTICIAN,
2797 1093 31 21 &c

2361 1141 78 39 MAIN
2471 1141 139 48 STREET,
2626 1143 127 41 OXFORD

2348 1212 149 57 W.H,
2517 1213 253 47 ALFOKD

2290 1306 259 28 JEWELLERY
2560 1309 33 25 of
2596 1316 95 26 every
2698 1311 129 31 descrip-

2290 1351 66 25 tion
2372 1351 90 25 made
2478 1353 33 24 to
2528 1353 98 31 order,
2649 1355 126 32 altered,
2793 1362 35 18 or

2469 1395 160 32 Repaired.

2326 1489 475 45 siscniQ-rtjiTr
2822 1541 4 3 .

2499 1541 90 36 and

2296 1591 213 43 $UH3>fffQ
2533 1593 134 42 WOW
2692 1595 137 41 DOW£,

2309 1670 92 33 Pipes
2417 1671 149 28 Mounted
2590 1674 61 25 and
2666 1673 151 33 Repaired

2294 1711 68 21 OLD
2372 1711 94 23 SOLD
2483 1713 198 23 ANDSILVER
2692 1714 141 23 BOUGHT

2327 1746 165 33 Speeticles
2509 1751 33 23 to
2562 1750 60 24 suit
2635 1751 43 24 all
2695 1751 104 30 sights.

2359 1813 74 32 W.
2459 1814 52 40 H,
2542 1814 228 35 ALFORD

2454 1864 76 26 East
2550 1864 128 28 Oxford.

2318 2031 261 68 MILTEE
2639 2055 179 47 RYDE.

2407 2150 116 21 TIMBER
2548 2151 177 23 MERCHANT.
2752 2165 3 4 -

2382 2217 118 32 WEST
2573 2218 182 40 OXFOBD.

2300 2328 226 60 IOBERT
2608 2329 229 74 FISHEE,

2338 2406 177 28 GENERAL
2541 2407 265 29 STOREKEEPER

2303 2456 96 45 Teas,
2440 2454 133 47 Coffees,
2611 2456 128 45 Cocoas,
2772 2455 69 39 and

2408 2503 144 40 General
2574 2503 182 40 Groceries-

2356 2554 146 31 WEST
2566 2554 223 31 OXFORD.

2507 2759 138 23 LIMITED.

2292 2782 3 17 I
2402 2786 3 2 -

2339 2819 270 27 CHRISTCHURCH
2627 2818 185 26 BREWERY.

2539 2880 64 20 THE

2442 2964 130 21 BREWED
2582 2964 40 20 BY
2636 2963 71 21 THIS

2400 3004 367 35 COMPANY

2501 3058 83 20 FROM
2593 3058 62 20 THE

2300 3154 2 17 I
2426 3152 45 21 Are
2481 3151 176 26 acknowledged
2664 3152 25 20 to
2697 3151 30 20 be

2312 3192 148 21 SUPERIOR
2469 3192 35 20 IN
2514 3191 137 23 QUALITY
2661 3191 38 20 TO
2707 3190 88 21 ANYP
2796 3183 20 20 K
2817 3190 32 20 O-

2379 3232 101 21 DUCED
2495 3232 35 20 IN
2544 3231 74 21 NEW
2631 3230 149 21 ZEALAND.

2340 3269 110 27 Supplied
2454 3270 25 21 to
2483 3269 81 22 Hotels
2570 3269 47 21 and
2623 3269 93 21 Private
2721 3268 129 21 Customers

2314 3298 23 20 m
2346 3296 143 27 Hogsheads,
2500 3297 100 25 Barrels,
2610 3296 139 25 Kilderkins,
2759 3296 45 21 and
2815 3297 34 20 10-

2314 3325 87 27 --gallons
2412 3325 63 27 Kegs
2484 3325 61 27 only.

2315 3378 118 42 FALE
2456 3378 91 42 ALE
2570 3372 94 48 AND
2695 3377 156 44 EXTRA

2509 3430 134 42 STOUT

2399 3483 94 23 Bottled
2514 3484 26 21 m
2549 3484 85 25 Quarts
2644 3483 46 22 and
2699 3482 71 22 Pints.

2347 3602 47 44 J.
2426 3601 62 45 M.
2518 3600 306 51 VERRELL,

2415 3697 290 25 PHOTOGBAPSEB
2717 3705 6 21 ;

2378 3773 438 31 SWANNANOA.

2325 3854 88 23 Orders
2424 3854 29 29 by
2463 3854 60 23 Post
2533 3855 88 26 receive
2637 3855 129 23 immediate
2786 3858 73 20 atten-

2373 3909 5 7 t
2572 3898 56 23 ion.

2328 4044 55 44 P.
2397 4043 51 46 C.
2464 4043 399 48 JOHANNSEN

2433 4117 334 32 BASKETMAKEE.

2332 4199 97 30 Chairs,
2453 4199 117 30 Baskets,
2596 4200 50 25 and
2667 4200 200 27 Perambulators

2463 4247 76 26 Madt
2560 4248 52 24 and
2622 4248 131 33 Repaired.

2362 4297 124 33 .QUEEN
2499 4298 144 33 STEBET,
2662 4299 65 28 Eait
2737 4299 100 29 Oxf«r&.

1792 993 75 39 a-,
1921 993 314 46 sh^itec,

1743 1066 88 45 ZINC,
1854 1066 69 40 UN,
1958 1066 65 38 AND
2046 1066 108 38 SHEET
2175 1066 103 38 STEEL

1947 1133 139 22 WORKER

1778 1172 88 40 High
1890 1171 111 39 Street,
2024 1172 80 30 East
2126 1170 126 32 Oxford.

1745 1280 41 26 All
1798 1280 72 25 kinds
1881 1280 29 26 of
1923 1282 96 31 Pumps
2031 1281 76 25 Fixed
2119 1282 23 24 &
2158 1280 121 33 Repaired

1860 1335 27 25 at
1898 1334 44 26 the
1954 1335 110 25 shortest
2075 1335 91 25 notice.
2193 1360 3 2 .

1771 1489 26 19 A.
1810 1488 86 20 FUsher
1904 1487 19 27 ].
2151 1487 34 28 [F.
2198 1488 80 20 Fuller.

1758 1537 206 44 FLISSEB,
1980 1538 75 41 «id
2076 1537 189 40 FULLER:.

1924 1596 182 25 SOLICITOES,

1785 1635 14 21 t
1809 1633 124 22 Cathedral
1944 1633 92 28 Square,
2051 1634 190 21 Chbistohtjbch.

1747 1668 117 28 (Between
1872 1668 111 21 Morten's
1991 1668 117 28 buildings
2114 1668 22 22 M
2145 1668 57 21 Post
2208 1668 73 21 Office.

1786 1704 187 57 Money
2001 1705 55 44 to
2092 1704 143 46 Lend

1746 1771 36 22 On
1790 1771 34 22 all
1831 1770 57 21 kind
1897 1770 24 21 of
1930 1770 113 27 Security,
2050 1771 26 21 at
2095 1770 56 22 Low
2164 1770 79 21 Batkb
2259 1769 25 22 of

1773 1816 108 21 Interest.
1911 1814 88 28 Special
2011 1815 79 22 Terms
2098 1814 37 22 for
2143 1814 111 22 Farmers.

1864 2035 165 46 Photop
2038 2035 143 45 aphers

1752 2101 190 38 VICTORIA;
1963 2099 150 48 STUM),
2127 2098 69 39 m
2222 2097 61 40 CE

1834 2162 70 25 Take
1921 2162 42 24 the
1979 2160 57 26 lead
2053 2168 60 18 once
2130 2167 69 18 more

1753 2206 67 41 Our
1827 2204 249 52 Photographs
2082 2204 204 50 alltherage

1754 2260 84 79 W.
1839 2258 22 20 of
1868 2264 41 14 our
1918 2257 52 20 well
1975 2257 80 20 known
2064 2256 83 26 highly
2161 2257 58 19 IA
2241 2255 45 21 /A

1817 2284 101 21 finished
1935 2282 224 23 namelledCabinets
2166 2278 13 28 l
2187 2278 33 28 ll
2231 2278 13 33 /
2255 2278 31 28 X

1980 2312 35 20 for
2041 2310 57 25 m-
2163 2295 123 41 IV/V

1757 2379 16 39 1
1785 2378 104 40 dozen
1908 2374 204 42 Enamelled
2128 2374 161 40 Cabinets

1756 2430 97 41 with
1865 2439 60 31 one
1933 2428 212 41 15xl2Matt
2155 2426 135 41 surface

1757 2477 297 52 Enlargement
2069 2476 222 40 Beautifully

1865 2534 148 40 Framed
2035 2534 53 38 for
2109 2534 62 38 £1.

1759 2583 61 25 This
1831 2583 21 25 is
1863 2590 34 17 no
1907 2583 81 24 sham,
2000 2581 46 25 hut
2058 2589 15 16 a
2084 2581 51 24 real
2147 2580 47 32 gift
2204 2580 38 24 for
2250 2579 43 25 the

1758 2622 100 31 coming
1877 2621 122 31 holidays.
2041 2619 46 25 All
2106 2619 66 25 work
2188 2619 64 25 done
2262 2618 31 31 by

1761 2659 160 33 experienced
1943 2659 89 24 hands.
2084 2658 148 24 Eemember
2250 2664 45 17 our

1776 2698 155 28 Concession,
1942 2698 29 23 18
1984 2699 26 21 to
2022 2697 42 23 the
2072 2696 79 24 dozen
2162 2695 38 24 for
2210 2695 67 32 10/6.

1759 2738 59 25 This
1838 2738 43 25 the
1899 2738 58 31 only
1972 2737 61 24 time
2048 2736 26 24 m
2093 2736 44 24 the
2156 2735 103 32 History
2271 2734 26 25 of

1759 2776 177 33 Photography
1948 2775 56 25 that
2022 2774 62 26 such
2102 2783 15 16 a
2140 2775 91 24 chance
2248 2774 47 25 has

1759 2824 56 16 ever
1834 2816 60 24 been
1914 2814 105 32 brought
2040 2813 81 25 before
2141 2814 43 24 the
2203 2813 90 31 public,

1759 2856 51 24 and
1820 2863 58 23 may
1889 2863 75 16 never
1979 2862 74 17 occur
2076 2854 81 31 again.
2178 2854 38 24 Sit
2227 2854 68 31 early

1759 2897 185 31 appointments
1956 2894 90 26 should
2057 2894 30 26 be
2098 2894 74 26 made
2189 2893 22 26 if
2227 2901 68 25 poss-

1759 2946 47 25 ble.
1829 2945 46 25 EE
1880 2944 149 25 MEMBER
2050 2943 70 25 OUR
2135 2943 63 24 BIG
2218 2943 76 24 CON-

1760 2985 147 26 CESSION
1920 2984 67 25 FOR
2004 2985 13 22 2
2030 2983 144 25 MONTHS
2194 2981 100 26 ONLY.

1748 3079 1 5 ,
1761 3060 98 24 Letters
1870 3058 32 31 bj
1913 3059 56 30 post
1980 3056 147 32 punctually
2140 3056 119 24 attended
2271 3057 26 23 to

1776 3118 223 27 PICTURE
2048 3117 236 26 FRAMING

1912 3152 25 20 m
1947 3152 31 20 all
1987 3152 32 20 its
2028 3150 120 21 branches.

1764 3183 164 26 BURRELL
1945 3183 106 28 BROS.,
2074 3181 208 33 Photographers,

1892 3223 109 26 Victoria
2013 3225 84 26 street,
2111 3223 188 24 Christchurch.

1766 3268 110 32 opposite
1888 3268 43 23 the
1941 3266 129 26 Salvation
2082 3267 76 30 Array
2170 3265 130 25 Barracks.

1902 3397 265 47 NOTICE.

2013 3474 65 27 TO

1754 3540 5 47 ;
1784 3528 363 40 WAIMAKARIRI-ASHLEY
2177 3529 114 40 WATER

1755 3606 5 19 :
1799 3613 12 3 -
1848 3591 125 38 SUPPLY
1996 3590 240 39 CONTRACTORS

1756 3665 5 19 [
1798 3659 54 20 Just
1860 3659 105 20 received
1973 3665 15 13 a
1994 3660 157 25 consignment
2160 3658 24 21 of
2200 3660 81 25 strong

1773 3726 258 43 MOLESKIN
2058 3726 250 43 TROUSERS

2009 3798 46 15 AND

1796 3835 240 39 COTTON
2065 3834 226 39 SHIRTS

1778 3922 53 40 for
1846 3922 93 51 price
1955 3923 70 39 and
2040 3921 144 51 quality
2197 3921 63 38 not
2274 3922 37 37 to

2006 3990 135 42 beaten.

1761 4065 5 4 ■
1830 4053 34 39 A
1891 4053 134 50 Special
2048 4053 111 48 Cheap
2182 4051 83 38 Line

1781 4121 225 48 WELSH
2027 4119 291 48 FL&IHSL

1877 4201 38 25 for
1932 4203 82 24 iae*'s
2031 4199 146 26 undtrthirk
2194 4201 48 23 «t«.
2332 4208 2 10 <

1858 4244 33 33 R
1904 4244 41 36 H.
1961 4245 170 37 PARISH,
2144 4244 138 32 Drapir

2080 4292 85 35 Sait
2187 4293 135 33 Oxford

1196 1056 178 46 JOHN
1447 1055 280 47 INGRAM

1226 1154 482 36 AUCTIONEER,

1199 1349 105 26 LICENCED
1324 1350 58 26 LAND
1393 1351 93 30 BROKER,
1500 1351 126 32 VALUATOR,
1640 1354 94 30 ESTATE,

1212 1391 132 31 INSURANCE,
1355 1393 15 25 ft
1379 1393 101 27 6EXERAL
1490 1395 139 28 GOCffIISSiON
1640 1396 80 26 AGENT.

1198 1437 68 26 Agent
1270 1439 37 24 for
1316 1439 34 20 th*
1359 1439 104 22 National
1471 1441 113 21 Inmranct
1594 1442 105 28 Company
1713 1449 22 20 of

1374 1481 51 22 Nod
1438 1483 103 20 Zealand.

1221 1544 171 33 OXFORD
1410 1549 33 31 .ft
1462 1547 258 36 SHEFFIELD.

1367 1622 59 7 —
1426 1618 2 2 •
1448 1616 33 21 ♦

1202 1855 149 26 Fortnightly
1360 1853 97 21 Auction
1467 1851 63 22 Sales
1539 1848 55 23 held
1602 1849 26 21 m
1630 1848 42 22 the
1678 1847 57 22 Mar-

1202 1891 41 21 ket
1252 1890 74 21 Yardß
1335 1888 130 23 OXFORD,
1475 1891 69 21 every
1553 1883 82 23 second
1652 1882 85 21 Thurs-

1203 1923 51 26 day.
1269 1922 107 26 Monthly
1386 1921 63 21 Sales
1458 1918 56 22 held
1523 1918 26 21 at
1557 1916 90 22 Market
1655 1914 82 25 Yards,

1205 1954 179 23 SHEFFIELD.
1445 1951 93 22 Private
1556 1949 101 22 Auction
1675 1947 63 21 Sales

1204 1988 142 21 undertaken
1355 1992 46 21 any
1408 1985 55 28 part
1471 1984 24 22 of
1504 1984 42 20 the
1555 1982 104 26 country.
1684 1980 54 21 Pro-

1204 2021 65 26 perty
1280 2019 100 27 Bought,
1388 2017 60 24 Sold,
1458 2023 25 14 or
1492 2016 48 21 Let.
1552 2014 47 22 and
1605 2013 134 21 Valuations

1206 2054 108 27 carefully
1323 2053 73 22 made.
1426 2050 71 23 Land.
1500 2049 105 27 Brought
1613 2048 73 21 under
1698 2047 41 22 the

1206 2090 105 21 Transfer
1320 2088 50 25 Act,
1400 2086 126 25 Transfers,
1539 2084 89 25 Leases,
1641 2083 18 21 &
1665 2083 74 21 Deeds

1206 2123 22 21 of
1236 2123 134 25 Mortgages
1384 2121 123 24 dra*Tiup.
1544 2117 84 26 Money
1636 2115 105 22 invested

1207 2154 45 21 and
1260 2153 108 22 obtained
1377 2152 35 21 for
1421 2151 86 21 Clients
1516 2156 30 14 on
1554 2149 129 25 Mortgage.
1701 2146 40 21 In-

1239 2192 95 15 surance
1352 2182 96 24 effected
1464 2189 30 14 on
1502 2180 124 26 Buildings
1635 2178 25 21 of
1668 2185 45 19 any

1282 2217 143 27 description,
1434 2215 47 21 and
1490 2213 62 22 their
1561 2212 110 22 contents.

1208 2277 58 21 HAS
1280 2275 57 22 FOR
1351 2274 71 23 SALE
1439 2273 38 21 BY
1492 2270 125 23 PRIVATE
1630 2268 111 22 TREATS

1223 2462 4 10 '
1238 2472 41 20 640
1287 2471 69 20 Acres
1367 2469 22 21 of
1399 2469 96 26 grazing
1503 2467 66 21 Land
1588 2468 26 20 at
1622 2467 65 21 View
1695 2466 46 20 Hill

1212 2504 32 21 all
1252 2502 82 23 fenced
1344 2502 45 21 and
1398 2500 136 23 subdivided
1552 2500 46 21 and
1615 2500 46 20 two
1680 2499 62 20 dwel-

1212 2536 49 26 ling
1270 2535 82 21 houses
1361 2535 101 23 thereon,
1480 2533 61 27 price
1550 2533 34 20 £A
1596 2533 26 19 4s
1635 2538 41 20 per
1690 2537 50 15 acre

1212 2569 71 19 terras
1293 2567 50 20 half
1352 2566 55 21 cash
1415 2566 95 20 balance
1519 2565 25 20 at
1554 2563 47 28 5|%
1611 2563 131 21 interestfoi

1212 2603 14 18 4
1234 2607 73 21 years.

1353 2645 37 21 TO
1405 2645 57 21 LET
1476 2643 39 21 OR
1530 2643 80 21 SELL.

1248 2686 49 20 The
1306 2685 87 21 Oxford
1401 2685 69 20 Flour
1479 2684 53 20 Mill
1540 2683 46 20 and
1594 2683 117 26 Property.

1203 2719 17 30 \

1241 2766 35 21 On
1290 2766 95 21 account
1398 2766 55 20 Rev.
1463 2765 21 21 J.
1494 2765 15 21 J
1523 2764 111 27 Pendray.
1652 2763 57 21 Half
1718 2770 27 14 an

1215 2808 51 14 acre
1279 2800 55 21 land
1352 2800 56 21 with
1426 2800 95 26 Cottage
1539 2799 95 21 thereon
1648 2798 98 21 situated

1214 2834 25 20 m
1248 2833 92 21 Church
1349 2833 82 24 Street,
1441 2832 57 20 East
1506 2832 91 25 Oxford.

1241 2906 36 21 On
1287 2906 94 21 account
1400 2905 24 21 of
1433 2905 36 21 Mr
1488 2904 29 22 H.
1534 2904 22 22 J.
1575 2903 102 23 Hawker.
1706 2902 41 22 His

1216 2940 149 27 delightfully
1376 2940 100 20 situated
1482 2939 114 27 property,
1612 2946 5 7 '
1685 2938 62 25 ~sing

1217 2975 25 20 10
1251 2981 62 14 acres
1322 2974 24 20 of
1354 2975 49 19 rich
1412 2974 55 20 land
1475 2973 57 21 with
1546 2973 26 20 10
1581 2972 90 21 rboiaed
1684 2972 64 21 dwel-

1215 3007 51 26 ling
1278 3007 77 24 house,
1371 3006 92 24 stables,
1478 3005 73 24 sheds,
1570 3005 45 21 and
1633 3010 115 19 necessary

1216 3038 155 27 outbuildings
1380 3038 101 24 thereon,
1496 3038 68 20 water
1581 3037 48 20 laid
1638 3043 36 18 on,
1693 3036 55 27 good

1203 3069 1 7 1
1217 3071 95 21 orchard
1321 3071 91 26 garden.
1442 3070 105 20 Situated
1556 3071 25 19 at
1600 3070 57 20 East
1666 3069 83 21 Oxford

1203 3112 3 2 •
1217 3104 158 25 commanding
1394 3109 14 14 a
1416 3102 57 21 view
1492 3102 23 21 of
1525 3102 78 26 nearly
1621 3102 40 20 the
1680 3101 69 21 whole

1218 3135 95 21 district.

1327 3189 32 21 To
1377 3189 28 21 be
1424 3189 49 21 sold
1495 3194 54 21 very
1568 3188 77 26 cheap.

1308 3315 44 22 .On
1361 3316 91 19 account
1462 3316 23 19 of
1494 3314 35 21 Mr
1545 3314 123 21 Aluress.

1250 3360 42 21 His
1300 3366 51 20 very
1360 3360 50 20 nice
1420 3358 112 22 residence
1542 3358 99 27 opposite
1650 3358 38 21 the
1701 3357 51 21 Par-

1224 3398 80 19 sonage
1311 3393 57 19 East
1372 3391 85 21 Oxford
1462 3391 37 21 for
1504 3391 47 20 sale
1560 3397 55 19 very
1621 3391 77 25 cheap.
1708 3389 45 21 hall

1224 3431 50 15 acre
1283 3424 24 21 of
1315 3424 62 25 land,
1387 3422 56 26 good
1453 3423 92 27 garden.

1413 3465 60 21 FOR
1487 3464 81 21 SALE.

1253 3502 35 21 On
1302 3500 96 22 account
1407 3499 24 22 of
1445 3500 37 23 Mr
1500 3499 95 27 Doidge,
1608 3499 38 21 his
1655 3499 69 21 Farm
1733 3499 21 21 ai

1235 3537 34 21 Ea
1297 3535 94 23 Oxford,
1405 3535 102 20 contains
1517 3534 41 24 97i
1648 3533 23 20 of
1687 3532 68 27 reallj

1227 3570 60 28 good
1302 3569 61 25 *and,
1400 3568 33 21 all
1454 3568 81 21 fenced
1552 3568 47 20 and
1616 3567 139 21 sub-divided

1227 3603 49 21 into
1285 3602 97 20 suitable
1396 3600 119 28 paddocks,
1528 3600 57 21 with
1607 3599 59 27 good
1681 3600 74 26 strong

1228 3635 107 25 dwelling
1352 3633 70 21 house
1432 3633 23 19 of
1474 3632 65 26 eight
1556 3637 75 15 rooms
1648 3631 96 21 thereon
1755 3640 1 10 \

1228 3669 48 19 also
1285 3669 13 18 3
1309 3667 66 20 sheds
1385 3666 46 20 and
1439 3666 91 23 stables,
1544 3666 58 26 good
1616 3665 86 25 garden
1716 3671 40 14 anc

1229 3701 95 21 orchard
1342 3700 46 20 and
1414 3698 104 27 splendid
1540 3699 65 21 brick
1622 3698 58 22 well.

1257 3734 35 21 No
1305 3732 132 23 reasonable
1460 3732 54 20 offer
1528 3730 98 23 refused.

1263 4002 46 21 For
1321 4001 138 27 particulars
1473 4001 71 27 apply
1556 4002 25 20 to

1235 4066 193 35 JOHN
1457 4064 304 36 INGRAM

1354 4177 285 50 OXFOED.

369 1000 160 47 JOHN
561 998 44 46 S.
638 994 214 55 COOKE,

466 1245 124 32 {Opposite
629 1242 36 24 th*
693 1240 61 32 AI,)

467 1311 280 31 CHBISTCHURCH.

42 1385 138 37 Allow
216 1385 67 28 me
316 1378 46 31 to
391 1370 160 38 submit
573 1359 52 43 to'
645 1373 107 36 your
783 1360 310 37 consideration
1113 1358 74 33 the

13 1422 241 51 bellowing
297 1423 273 46 Specialities,
617 1420 57 34 all
710 1416 53 35 of
787 1414 150 40 wnich,
966 1412 124 41 being
1114 1418 73 33 my

13 1456 127 61 Iwn
154 1474 319 44 compounding,
496 1472 17 31 I
535 1477 78 26 can
636 1463 258 40 confidently
908 1458 279 37 recommend,

13 1509 187 64 Fhaving
229 1524 275 40 successfully
525 1521 104 34 used
651 1519 119 33 them
789 1515 64 33 for
874 1520 116 27 some
1010 1517 179 37 years.—

178 1640 13 21 I
208 1644 37 15 tm
253 1635 146 27 exceedingly
411 1632 124 24 guccesßfol
543 1632 25 21 m
578 1637 37 20 ray
623 1629 110 23 remedies
751 1627 36 22 for
795 1626 66 22 these
870 1623 145 28 complaints,
1034 1623 61 21 haT«
1104 1628 14 16 a
1126 1622 63 26 large

207 1686 95 23 number
324 1684 24 21 of
370 1681 158 24 testimonialß.

44 1729 86 30 NEW
145 1723 150 34 REMEDY
309 1721 75 28 FOR
398 1719 105 28 LIVER
516 1715 238 30 COMPLAWTS
769 1714 74 28 AWD
859 1711 264 30 WBtGESTION-

179 1763 55 24 TBfe
251 1763 42 20 has
305 1761 59 22 been
385 1759 52 22 wall
455 1757 82 25 tested,
551 1756 47 22 and
605 1756 43 22 has
665 1754 86 29 proved
763 1754 83 26 highly
869 1751 153 26 satisfactory.

41 1802 158 34 GOLDEN
210 1797 121 30 CROSS
346 1794 206 29 DUEURALQfA
567 1791 194 34 WIXTURC-

180 1840 36 27 By
228 1837 74 22 -which
314 1836 42 21 the
368 1835 54 27 pain
435 1834 21 21 is
469 1832 76 26 cured,
573 1839 52 15 ease
634 1830 113 25 obtained,
759 1829 32 28 by.
803 1835 17 15 ft
832 1829 44 22 tew
889 1827 72 23 doses.

46 1876 219 33 CHILDREN'S
279 1870 202 31 WMOOP*WG
492 1869 164 28 €OUGN-

234 1912 73 22 which
323 1910 13 22 I
344 1910 59 21 have
415 1909 42 22 the
469 1909 52 21 best
533 1908 99 20 mixture
645 1906 26 21 m
684 1904 169 24 Christchurch,
867 1904 63 27 gives
940 1902 84 28 speedy
1037 1902 72 22 relief.

53 1951 197 33 DIARRHCEA
264 1950 74 28 AND
364 1945 225 30 BYOEWTERY
643 1944 28 26 m
689 1943 118 27 Iftfewto
819 1942 60 26 *nd
895 1941 134 27 Adu»t»-

178 1986 13 21 I
204 1991 42 15 can
260 1984 52 27 give
325 1989 15 14 a
353 1981 47 22 safe
413 1980 47 21 and
472 1979 84 27 speedy
570 1985 53 15 cure
634 1978 33 26 by
683 1984 14 15 a
711 1976 45 22 few
770 1976 70 21 doses.

48 2029 77 25 Sore
142 2024 101 27 H»ada
257 2022 19 20 &
290 2022 108 31 J-««a—
770 2051 6 5 .
841 2050 8 8 ,
916 2050 17 7 

182 2059 74 24 Cured
267 2058 32 27 by
312 2063 30 16 an
355 2055 117 28 agreeable
486 2054 46 22 and
545 2053 105 28 pleasant
666 2051 148 28 application,
829 2051 48 21 also
892 2051 95 20 relieves
999 2055 61 21 pain.

45 2099 192 36 Superlative
260 2096 129 28 *Kxtur«
399 2093 47 26 for
460 2092 61 27 Bad
533 2090 155 33 Coughs—

89 2150 9 9 »
179 2137 83 26 Brings
275 2139 63 20 away
356 2131 102 29 phlegm,
470 2130 75 27 .allays
558 2129 135 25 irritations,
707 2127 47 22 and
770 2127 94 27 quickly
877 2133 72 15 cures.

50 2173 142 34 Eucgka—
278 2175 38 5 '"■
354 2179 2 20 ;
358 2172 13 10 w
393 2171 21 9 '''
427 2173 3 2 '
453 2177 7 21 '.
472 2171 2 5 '
486 2170 2 2 '
536 2170 12 30 .'.

184 2209 20 20 A
218 2213 52 15 sure
278 2211 53 16 cure
343 2205 35 20 for
387 2203 36 22 alt
427 2202 68 22 kinds
504 2201 23 21 of
540 2202 52 20 skin
604 2201 121 20 irritation.

51 2245 181 26 CHILDREN'S
248 2242 165 23 TASTELESS
428 2239 159 23 TEETHING
601 2236 175 23 POWDERS—

185 2283 48 21 The
250 2281 53 21 best
325 2280 26 20 m
373 2278 148 26 Canterbury,
544 2283 15 14 a
582 2276 56 21 trial
650 2275 48 20 will
720 2279 71 21 prove
813 2272 27 21 it.
875 2272 68 27 ighly
971 2271 182 22 recommended
1165 2271 28 27 bj

52 2322 97 23 medical
175 2325 59 16 men.
290 2339 5 6 ,
797 2340 3 4 .
1016 2323 3 3 '

29 2378 7 4 .
55 2354 172 30 Bronchitia
239 2351 61 26 and
316 2350 156 27 Asthma—
514 2374 2 4 ,

29 2378 15 44 )
183 2389 109 24 Relieved
306 2389 45 21 and
363 2386 173 29 rapidly^cured
547 2385 32 28 by
592 2392 39 21 my
645 2385 86 21 Acacia
744 2389 110 15 mixture.

55 2432 181 26 influenza—

189 2467 75 23 Cured
277 2466 36 22 for
327 2467 31 19 2s.
373 2464 42 26 6d..
437 2463 122 23 Hundreds
573 2469 43 16 can
629 2461 82 27 testify
725 2461 25 21 to
772 2460 40 21 the
829 2458 59 28 good
900 2458 89 27 quality
1003 2458 24 21 of
1039 2458 49 21 this
1102 2458 92 21 mixture

154 2515 611 43 COTsTBTJT,TA.TIOISrB
801 2514 205 33 FREE-

151 2584 285 29 PRESCRIPTIONS
453 2584 119 30 carefully
588 2582 50 24 and
655 2580 111 30 correctly
783 2579 134 31 dispensed.

272 2709 437 96 SHEEP
752 2704 239 91 DIP

80 2860 13 15 *
378 2871 86 30 Must
478 2871 38 29 be
527 2869 68 30 free
610 2867 33 31 of
657 2867 87 39 duty,
766 2865 130 29 because

489 2916 100 33 NEW
603 2912 195 34 ZEALAND
862 2911 37 33 ..'
917 2937 1 2 .
949 2928 4 2 ■
1015 2933 3 2 ■
1087 2934 5 6 ,

358 2970 32 30 Is
404 2968 53 30 the
471 2968 105 38 happy
589 2965 136 37 hunting
737 2960 121 42 ground
872 2959 35 30 of

55 3020 181 84 SOOPER,
252 3019 104 35 Little,
368 3015 137 40 -Quibell,
518 3014 134 34 Cannon,
665 3010 110 35 Battle,
791 3008 111 31 Cafbol
914 3005 131 38 Crystal,
1062 3003 141 35 Thomas,

13 3063 187 217 kNess.
220 3062 115 33 Lawes,
352 3059 124 34 Odaras,
487 3053 196 41 McDongall,
695 3053 104 37 Jejes,
812 3049 116 34 Peeles,
941 3047 129 36 Climax,
1083 3045 121 35 Crown,

60 3106 54 34 &c,
130 3104 59 30 and
204 3104 54 28 the
272 3102 117 39 Agents
401 3100 33 29 of
448 3100 86 28 these
549 3097 78 39 Dips
653 3105 52 20 are
729 3092 171 40 beginning
914 3092 32 27 to
961 3099 56 29 cry
1048 3090 64 30 out,
1145 3088 60 28 and

55 3146 138 36 [exciting
207 3144 81 30 their
317 3142 109 31 clients
442 3144 32 26 to
490 3140 38 28 do
544 3149 41 24 so,
600 3138 33 29 m
645 3146 69 20 case
730 3134 78 30 New
822 3132 136 30 Zealand
995 3132 110 27 should
1140 3137 65 19 imi-

55 3170 68 49 itate
137 3184 174 36 Ereetrade,
324 3183 76 30 New
415 3181 99 31 South
537 3179 115 34 Wales,
666 3175 102 32 which
784 3174 121 38 colony,
926 3170 77 30 with
1038 3179 73 20 over
1138 3170 69 37 titty

58 3223 117 36 uflllion
192 3227 101 39 sheep,
304 3226 132 38 imposes
451 3227 52 25 ten
519 3231 54 30 per
587 3222 71 28 cent
672 3219 77 38 duty
763 3227 40 18 on
831 3214 42 31 all
901 3213 86 30 these
1003 3214 122 36 gentry.

440 3335 130 37 DUTY,
583 3334 56 31 OR
650 3333 55 31 NO
716 3330 121 38 DUTY,

425 3413 434 52 BROOKE'S

587 3517 32 23 59
662 3512 275 58 SHEEP
981 3508 159 55 DIP.

25 3632 27 28 />
415 3622 205 42 (Registered
641 3620 86 30 trade
754 3616 109 39 mark)

313 3671 109 31 WILL
435 3671 83 31 NOT
533 3669 58 32 BE
600 3667 158 31 RAISED
771 3664 44 30 IN
828 3662 140 34 PRICE,

302 3733 73 31 And
396 3732 117 40 hereby
539 3730 183 39 Challenges
748 3723 43 33 all
818 3724 54 30 the
900 3722 98 31 above

419 3784 55 33 TO
490 3784 27 30 A
538 3780 156 35 PUBLIC
705 3761 164 52 'TRIAL,

480 3833 64 30 £10
587 3839 35 22 or
638 3829 67 32 £20
720 3826 86 36 each,

74 3886 45 29 To
130 3885 37 30 be
176 3885 157 40 deposited
346 3884 46 31 for
407 3893 150 32 expenses
570 3882 35 31 of
618 3890 93 25 same,
739 3876 61 32 and
824 3872 175 34 conducted
1033 3870 99 31 under
1166 3868 53 30 the

76 3928 135 38 auspices
227 3927 35 30 of
267 3927 53 31 the
355 3927 211 29 Government
603 3921 96 31 Stock
726 3918 216 40 Department,
953 3915 32 28 m
1022 3913 197 37 conjunction

77 3968 75 30 with
167 3968 95 31 either
285 3969 53 29 the
351 3967 203 40 Wellington,
578 3963 25 33 0
614 3962 171 38 mterbur/,
817 3967 36 21 or
879 3956 101 39 Otago
1012 3953 208 40 Agricultural

79 4009 59 29 and
154 4008 133 32 Pastoral
301 4009 201 31 Association.

76 4101 150 37 SP.S.—
226 4102 27 30 A
265 4103 113 40 special
391 4101 169 32 invitation
573 4099 28 31 is
625 4091 157 38 extended
796 4096 31 26 to
840 4090 55 31 the
908 4086 258 43 representatives
1189 4084 33 31 of

78 4142 139 40 Cooper's
231 4144 60 30 and
305 4143 121 31 Little's
439 4143 63 40 Lip
515 4143 44 39 by

521 4191 48 47 C.
598 4190 70 48 M.
699 4179 293 56 BROOKE,

841 4244 258 39 ASHBTJBTON

44 124 27 28 O
104 129 20 16 «
221 133 25 23 ft
306 141 2 4 -

45 181 27 25 >
104 182 20 18 H
222 183 25 19 O

45 196 27 25 t>
104 202 21 31 g
159 193 24 31 £
222 204 25 21 fe

46 285 80 52 H3
160 281 24 33 8
222 291 26 40 S

47 332 27 28 co
105 326 21 33 S
178 348 6 7 •
222 333 26 22 ■<

47 406 28 62 §
105 418 146 68 ti.a

50 508 80 63 oS
161 526 28 38 i
224 511 26 43 S

50 559 27 32 55
109 561 21 27 3
164 567 23 15 «
