3490 4590
2308 2166 83 23 The
2419 2166 167 23 Oxford
2614 2166 251 23 Observer.

2308 2189 295 55 PUBLISHED
2636 2189 229 55 WEEKLY.

2338 2245 167 21 SATURDAY
2545 2245 88 21 JUNE
2676 2244 61 25 13th,
2778 2244 61 20 1896.

2490 2356 189 25 POLITICAL.

2320 2423 105 25 Extract
2443 2423 61 24 from
2525 2423 41 24 the
2583 2421 132 26 Premier's
2726 2420 88 33 speech
2827 2422 26 24 at

2458 2466 44 25 the
2523 2466 80 32 Opera
2620 2466 92 25 House.

2353 2533 40 24 He
2416 2541 49 16 wa3
2489 2533 125 31 surprised
2625 2533 56 24 that
2693 2531 44 25 the
2749 2531 102 32 Opposi-

2314 2577 58 24 tion
2392 2576 72 24 could
2482 2583 42 23 say
2536 2576 55 24 that
2603 2576 69 24 there
2692 2583 61 16 was.
2763 2583 15 16 a
2794 2574 56 24 fall-

2318 2620 90 32 ing-eff
2418 2620 28 24 m
2463 2619 42 25 the
2528 2619 99 32 railway
2644 2626 113 22 revenue,
2780 2618 70 24 when

2320 2665 39 24 the
2370 2664 92 32 figures
2483 2663 47 25 had
2549 2663 61 25 been
2621 2663 140 32 published.
2797 2663 57 26 The.

2321 2705 97 31 railway
2437 2712 106 17 revenue
2566 2705 49 23 last
2643 2710 57 25 year
2718 2703 50 24 h*d
2790 2702 61 25 been

2321 2746 95 27 £3,000
2427 2753 68 16 rnoie
2509 2745 62 24 than
2585 2745 71 28 1893,
2670 2743 41 24 the
2723 2751 58 23 year
2792 2751 58 23 quo-

2319 2788 42 25 ted
2386 2789 30 31 by
2442 2788 41 24 the
2503 2787 80 25 leader
2594 2787 27 24 of
2641 2787 43 24 the
2697 2787 153 31 Opposition,

2319 2832 49 24 and
2378 2831 49 24 this
2439 2831 92 27 despite
2551 2830 128 24 remission
2702 2830 25 24 of
2749 2829 102 32 railway

2319 2877 66 23 rates
2402 2874 27 26 of
2439 2875 122 28 £40,000.

2435 2918 53 24 The
2512 2917 117 31 Colony's
2650 2917 85 24 credit.
2778 2940 2 3 .

2353 2963 85 25 Under
2449 2962 43 25 the
2514 2964 101 30 present
2636 2961 101 24 Liberal
2755 2961 95 24 admin-

2320 3006 113 26 istration
2455 3006 41 24 the
2512 3005 77 25 credit
2611 3004 28 26 of
2648 3005 42 24 the
2702 3004 87 31 colony
2801 3012 50 16 was

2320 3050 88 32 higher
2418 3064 4 3 ■
2430 3050 63 24 than
2519 3050 19 24 it
2561 3048 50 26 bad
2634 3056 56 18 evor
2712 3048 139 32 previously

2321 3094 78 25 stood.
2434 3094 54 25 The
2499 3094 83 31 public
2592 3093 51 25 had
2661 3094 44 25 net
2717 3093 61 25 done
2787 3092 63 32 just-

2319 3139 35 24 ice
2364 3140 24 22 to
2399 3138 40 24 the
2452 3138 111 24 Colonial
2575 3138 138 24 Treasurer.
2731 3137 25 24 It
2763 3136 87 25 should

2320 3177 30 24 be
2371 3178 92 23 known
2485 3176 57 24 that
2564 3176 39 24 his
2626 3176 48 32 trip
2697 3176 81 24 Home
2801 3175 50 24 had

2321 3221 71 24 saved
2411 3220 43 24 the
2475 3219 86 32 colony
2585 3220 110 28 £11,000
2719 3227 43 24 per
2784 3226 65 25 year,

2321 3261 48 24 and
2380 3261 40 23 for
2431 3260 50 24 this
2492 3260 33 23 he
2535 3260 51 24 had
2603 3260 106 24 received
2721 3267 32 16 no
2765 3259 85 24 credit.

2320 3298 102 25 Instead
2432 3298 24 24 of
2468 3296 55 25 that
2532 3305 15 16 a
2565 3298 65 23 most
2641 3296 93 25 vicious
2746 3298 105 30 attempt

2320 3342 48 24 had
2381 3341 62 25 been
2453 3340 73 25 made
2538 3342 25 24 to
2575 3340 55 25 ruin
2648 3340 53 24 him
2712 3340 27 24 m
2750 3339 41 25 his
2803 3339 48 32 pri-

2320 3383 55 24 vate
2386 3381 123 25 business.
2545 3380 52 25 The
2616 3380 79 26 whole
2714 3380 26 25 of
2761 3380 43 25 the
2815 3380 35 24 af-

2321 3423 96 23 fidavits
2428 3423 27 23 m
2465 3422 44 23 the
2520 3429 56 17 case
2586 3421 51 24 had
2644 3421 61 24 been
2713 3420 138 31 telegraph-

2322 3462 30 33 ed
2363 3462 34 24 all
2406 3469 56 17 over
2482 3461 59 25 New
2554 3460 111 26 Zealand
2676 3462 31 31 by
2726 3460 44 25 the
2781 3460 71 25 Press

2324 3502 158 29 Association,
2495 3510 15 17 a
2521 3502 72 33 thing
2612 3502 82 25 which
2710 3502 51 24 had
2780 3509 73 18 never

2321 3545 62 25 been
2394 3545 61 24 done
2467 3544 26 24 m
2505 3551 48 24 any
2564 3551 56 17 case
2632 3543 27 25 of
2676 3543 41 25 the
2729 3543 59 24 kind
2799 3551 53 24 pre-

2321 3583 102 32 viously.
2458 3583 26 25 It
2507 3590 51 17 was
2583 3590 16 17 a
2619 3582 125 31 dastardly
2768 3583 41 24 act
2827 3584 26 23 to

2322 3625 106 30 attempt
2448 3624 26 24 to
2493 3622 75 33 bring
2589 3622 73 26 down
2681 3623 42 24 the
2748 3623 105 25 Govern-

2321 3666 69 21 ment
2409 3662 32 31 by
2452 3662 121 31 dragging
2583 3661 94 31 private
2685 3663 104 23 matters
2799 3661 55 25 into

2322 3700 42 23 the
2375 3700 113 30 political
2510 3707 84 16 arena.
2640 3698 25 25 It
2687 3707 50 15 was
2749 3698 106 32 nothing

2322 3737 45 24 but
2375 3745 15 16 a
2399 3736 127 32 dastardly
2535 3736 107 32 political
2651 3743 80 18 move,
2750 3736 103 33 (cheers)

2322 3775 25 25 It
2357 3782 49 17 was
2417 3776 45 23 not
2482 3775 41 24 the
2536 3775 169 24 Government;
2727 3774 53 25 who
2801 3774 53 25 bro-

2322 3814 61 30 ught
2394 3813 44 24 the
2457 3812 74 25 Bank
2542 3813 28 24 of
2578 3813 61 24 New
2652 3812 111 25 Zealand
2773 3812 80 30 down;

2322 3857 20 26 it
2359 3864 50 19 wan
2420 3857 33 26 its
2472 3860 146 30 opponents,
2630 3857 55 26 who
2702 3856 80 26 would
2792 3856 63 26 have

2322 3895 48 26 lost
2380 3896 65 25 little
2457 3896 33 32 by
2501 3896 43 25 the
2556 3896 81 30 crash,
2657 3895 46 25 but
2722 3895 44 25 the
2777 3895 76 25 work-

2322 3934 44 32 ing
2377 3933 90 26 classes
2479 3935 80 25 would
2573 3934 64 25 have
2655 3933 113 26 suffered.
2803 3933 52 26 The

2323 3972 167 25 Government
2500 3973 51 24 had
2570 3972 64 25 been
2656 3971 117 26 hounded
2784 3971 72 26 down

2322 4020 58 17 over
2390 4012 51 25 this
2461 4014 91 23 matter
2573 4012 98 25 instead
2690 4011 27 25 of
2733 4012 123 32 receiving

2323 4051 43 25 the
2376 4052 82 31 praise
2476 4052 26 25 it.
2517 4052 117 25 deserved
2655 4052 40 24 for
2714 4051 89 32 saving
2812 4052 45 25 the

2322 4089 77 27 credit
2409 4090 28 25 of
2446 4090 44 26 the
2504 4091 97 32 colony.
2636 4089 121 35 (Cheers,)
2805 4095 20 17 ■■;.

2308 4233 557 40 POLITICAL.

2356 4315 47 27 We
2414 4317 88 35 appeal
2513 4320 27 26 to
2551 4318 81 33 those,
2648 4320 51 28 and
2709 4320 85 29 others
2804 4320 61 28 wtor

2323 4356 60 26 have
2394 4365 35 18 no
2439 4358 70 33 right
2520 4363 26 23 to
2559 4360 32 29 be
2608 4362 29 26 m
2655 4362 62 26 such
2723 4367 1 1 '
2737 4367 123 29 company

2323 4397 27 25 to
2361 4396 64 33 allay
2444 4388 256 40 th^sel^s-to-lhe
2710 4396 99 37 Masses,
2832 4405 28 24 to

2324 4440 104 34 identify
2439 4442 151 30 themselves
2610 4446 59 27 with
2679 4447 47 26 the
2744 4454 116 21 common

2321 4476 119 32 Interests
2451 4483 28 25 of
2488 4483 142 35 humanity,
2649 4487 99 27 instead
2758 4488 29 27 of
2807 4488 53 27 aid-

2324 4521 45 35 ing
2378 4523 131 33 organised
2526 4525 146 29 selfishness
2690 4529 50 27 and
2759 4530 106 27 encotir-i

2897 189 75 29 aging
2984 190 61 23 class
3057 191 93 24 hatred.
3187 191 52 24 The
3253 191 110 31 working
3373 198 58 16 men

2894 233 41 17 are
2947 231 45 21 nob
3014 229 142 30 infallible,
3182 231 44 25 but
3248 231 42 25 the
3314 230 116 25 blunders

2883 291 2 3 .
2894 266 55 31 they
2961 268 72 24 make
3045 271 100 30 proceed
3158 271 63 25 from
3235 271 42 25 the
3290 271 64 24 head
3376 270 49 25 and

2927 318 80 26 When
3020 320 146 27 Liberalism
3179 324 63 28 faila,
3266 325 20 23 it
3297 324 21 24 Is
3330 324 26 24 m
3368 332 58 16 con-

2882 377 3 4 .
2891 366 119 24 sequence
3025 362 28 24 of
3062 363 41 24 the
3115 364 150 32 personality
3276 364 28 24 of
3313 365 17 23 it
3334 372 12 16 a
3357 364 67 25 lead-

2890 404 46 22 ers,
2966 398 49 25 and
3043 402 44 23 not
3109 401 99 25 because
3231 402 33 24 its
3286 402 64 25 aims
3373 402 50 24 and

2888 435 131 32 principles
3042 446 41 17 are
3110 439 125 25 defective.
3284 440 51 24 But
3356 440 64 24 Con-

2887 479 152 25 servativi'sni
3055 482 34 24 'is
3126 482 149 31 essentially-
3306 482 59 26 base
3373 501 4 10 :
3393 483 26 23 m
3435 496 16 15 .-<

2888 517 103 29 motive,
3004 518 85 26 selfish
3100 520 26 24 m
3139 520 58 29 aim,
3217 522 49 23 and
3266 541 5 10 :
3283 522 137 30 absolutely

2886 553 117 27 destitute
3013 556 28 25 m
3052 558 62 25 love.
3149 558 25 25 It
3185 558 21 26 is
3217 559 61 25 born
3290 560 26 24 of
3322 560 92 27 hatred,

2885 592 49 24 and
2952 593 66 26 feeds
3039 603 31 17 on
3090 597 26 24 it.
3152 597 133 28 Wherever
3345 598 70 32 gains

2884 627 159 43 ascendency,
3053 629 42 32 'it
3114 635 94 26 i'etarcla
3229 644 116 24 progress,
3369 641 62 27 up-*:
3445 633 6 9 r

2883 670 71 26 holds
2974 673 96 30 abuses,
3094 681 93 19 creates
3210 677 138 31 monopoly,
3370 684 42 24 op-
3424 680 4 13 :

2882 723 93 24 presses
2994 717 44 26 the
3059 727 68 24 poor,
3151 721 99 24 crushes
3273 722 42 24 the
3336 722 74 28 weak,

2882 758 50 22 and
2942 756 27 25 m
2992 758 42 24 ten
3056 759 124 26 thousand
3292 761 70 25 seeks
3386 763 24 23 to

2883 795 144 31 aggrandise
3037 797 34 24 its
3090 798 106 26 votaries
3215 801 26 23 at
3252 799 44 25 the
3307 807 104 24 expense
3431 813 20 20 -^

2882 834 27 24 of
2918 833 42 26 the
2982 835 104 32 helpless
3102 834 111 29 N?ictifris.
3217 840 6 16 ::
3248 838 50 25 For
3308 839 43 24 the
3371 847 40 16 ac-
3435 826 16 46 %

2881 872 186 31 complishinent
3078 875 27 25 of
3123 876 50 24 thi3
3196 877 97 32 ignoble
3310 885 103 24 purpose

2882 911 50 22 and
2942 912 153 26 unchristian
3107 914 100 30 object,^
3215 915 28 23 it-
3261 915 50 24 will
3323 924 43 15 use
3378 915 32 24 all

2882 942 41 24 the
2945 951 84 17 means
3049 948 28 21 at
3096 945 34 25 Its
3149 948 164 24 command—
3314 955 97 24 money,

2881 988 114 30 position,
3008 990 76 26 social
3095 991 128 31 influence,
3236 993 49 24 and
3302 990 109 35 political

2877 1035 121 24 jnqwer..,.
3022 1030 79 27 There
3116 1032 22 25 is
3163 1040 33 18 no
3224 1041 131 18 meanness
3384 1036 25 22 to
3440 1054 3 3 .

2883 1066 81 26 which
3006 1068 56 26 will*
3067 1068 46 27 not
3276 1080 69 24 carry
3368 1074 43 23 out

2882 1109 32 25 its
2924 1137 4 10 ;
2932 1111 136 34 withering,
3087 1113 124 33 blighting
3229 1117 47 22 and
3290 1116 118 24 destruct-

2881 1158 40 16 ive
2942 1151 89 32 policy.
3065 1153 32 25 In
3120 1153 90 30 short,*
3218 1155 27 26 m
3267 1155 34 24 all
3319 1156 32 23 its
3375 1159 35 21 at-

2883 1188 99 29 titudes,
2994 1189 59 25 both
3064 1191 95 31 passive
3171 1200 49 16 ana
3213 1192 4 7 1
3226 1190 3 8 '
3239 1193 87 29 active,
3346 1193 63 25 Con-

2883 1228 160 31 servativism.
3058 1230 148 32 emphasises
3219 1233 47 25 'the
3260 1224 12 16 S
3286 1235 127 24 utterance

2883 1263 24 28 6*
2918 1267 33 24 its
3152 1278 12 15 r
3212 1265 202 38 haWtfrciTrilgftr

2883 1305 85 28 crowds
2981 1306 121 32 aßdrksdp
3106 1308 3 12 :
3115 1308 69 26 th%m

2883 1335 24 31 1%
2918 1344 21 23 is
2952 1347 25 20 to
3197 1337 83 41 hoped*
3286 1343 63 29 :tliat
3375 1355 35 17 we

2883 1390 57 24 may
2952 1385 60 30 keep
3024 1385 58 25 them
3093 1388 26 21 at
3128 1393 14 17 a
3154 1386 205 33 distancecs-frpm
3371 1388 42 24 the

3279 1434 44 23 :•■■??

2917 1455 138 41 There.lia^
3064 1463 60 25 been
3134 1472 67 21 spme
3197 1484 12 14 o
3215 1467 110 27 gllfiQS
3337 1466 77 24 worth

2883 1500 26 24 of
2925 1501 354 39 biiilpiggs^iergclied^dun^g
3294 1506 47 25 :the
3366 1505 47 26 last

2883 1537 85 32 twelve,
2989 1541 107 25 .months
3116 1542 35 26 m.
3227 1541 94 26 AFbans
3324 1562 6 18 ?
3338 1544 76 31 _and

2884 1580 110 33 building
3050 1580 149 35 stiiTgoitig*
3206 1592 31 16 on
3257 1569 75 40 faster
3351 1583 61 26 than

2879 1620 153 25 ■evertltere.
3039 1611 11 9 A
3051 1623 28 17 -:-
3088 1613 19 15 r>
3119 1604 211 35 teftV^W*
3360 1621 3 11 ■•
3387 1618 18 19 n
3436 1620 15 7 --

2911 1663 50 14 '':
2974 1677 4 16 :
2989 1676 2 3 '
3131 1661 243 42 '-Pebplel^^'^.J'

2917 1717 52 25 The
2985 1718 111 26 Premier
3112 1720 51 24 had
3180 1729 14 16 a
3205 1722 66 23 most
3283 1721 131 24 successful

2882 1762 88 33 round;
2975 1762 33 24 of.
3019 1764 126 31 meetings;
3151 1766 33 22 af
3191 1764 86 28 ©taki,
3295 1764 118 31 Parapar-

2885 1813 58 15 umu
2960 1806 48 28 a,nd
3026 1806 177 31 Johngp.nville,
3220 1808 118 31 -meetiiig
3354 1808 59 24 with

2881 1848 87 32 liearty
2985 1850 136 31 receptioas
3139 1851 49 24 and
3272 1855 2 20 i
3294 1851 27 24 of
3337 1851 76 24 confi-

2882 1892 83 25 dence.
2989 1892 50 25 -He
3062 1892 57 33 ably
3127 1894 132 25 'defended
3281 1894 43 25 the
3349 1894 64 25 Gov-

2878 1938 124 22 ernment
3010 1933 52 27 kind
3072 1945 4 7 '
3081 1937 65 24 their
3158 1938 83 31 'policy
3255 1946 31 16 m
3298 1936 60 26 e'acli
3369 1938 43 24 ad-

2876 1999 2 3 .
2883 1978 76 25 dress.
3013 1999 2 7 ;
3052 2004 2 3 .
3090 2004 15 4 ..
3107 1977 46 31 V'j;
3256 1978 44 30 -V.
3319 1981 21 28 ;.'
3354 2006 3 4 .
3387 1983 2 19 '.
3400 1985 2 3 '

2890 2009 3 9 '
2916 2014 61 30 The'
2998 2019 66 26 Hon.
3083 2020 23 26 J.
3126 2020 31 29 G,
3187 2018 86 28 Ward'
3287 2022 74 31 spoke
3386 2023 26 25 at

2882 2060 58 24 New
2952 2060 133 31 Plymouth
3105 2069 32 17 on
3155 2062 121 32 Tuesday,
3304 2062 50 26 and.
3374 2070 37 17 re-

2883 2100 65 31 plied
2959 2102 25 22 to
2998 2100 39 25 Sir
3048 2102 31 23 R.
3093 2099 95 27 Stout's
3199 2102 138 24 criticisms.
3372 2103 39 23 He

2882 2140 42 29 got
2933 2145 14 17 a
2956 2140 55 23 vote
3023 2138 27 25 of
3059 2139 92 25 thanks
3163 2140 52 24 and
3227 2141 140 35 confidence
3379 2140 32 33 by
3412 2135 23 27 .**

2883 2186 14 16 a
2918 2178 68 31 large
3008 2180 132 31 majority,-
3159 2180 97 31 against
3279 2189 14 15 a
3320 2180 90 29 hpstile

2883 2219 165 25 amendment.
3168 2240 2 6 ,
3245 2234 1 4 ■
3260 2229 7 20 ;

2914 2258 54 24 The
2979 2259 67 25 Hon.
3058 2259 25 25 J.
3095 2260 134 25 McKenzie
3246 2261 131 25 addressed
3394 2269 14 17 a
3432 2275 9 11 «

2881 2298 109 31 meeting
3006 2300 25 22 at
3051 2299 112 32 Kaiapoi,
3184 2308 33 16 on
3236 2300 116 31 Tuesday-
3358 2300 93 32 and^

2881 2346 48 16 was
2938 2338 118 25 accorded
3067 2348 13 14 a
3091 2340 53 24 Tote
3156 2340 26 24 of
3188 2340 138 25 confidence
3333 2340 25 24 m
3366 2340 42 25 the

2881 2378 176 26 Government.

2913 2418 51 25 The
2975 2426 75 24 many
3072 2419 93 25 friends
3187 2420 27 25 of
3234 2420 43 25 the
3299 2420 109 25 Premier

2879 2456 87 25 intend
2980 2457 85 32 giving
3081 2458 53 24 him
3147 2467 14 16 a
3186 2459 37 32 Dig
3241 2460 123 31 reception
3375 2467 33 18 on

2879 2498 42 23 the
2933 2498 112 24 occasion
3064 2500 28 23 of
3100 2499 52 27 .hie.
3168 2499 114 32 birthday
3297 2508 42 21 on,
3342 2500 66 24 June

3203 2529 54 41 '.'
3344 2530 14 31 V

2912 2656 21 24 A
2946 2655 69 25 short
3025 2655 95 33 history
3139 2650 25 31 oi
3183 2665 32 16 an
3235 2658 42 24 old
3289 2654 116 35 acquain-

2879 2702 71 23 tance
2961 2700 56 25 who
3031 2700 87 32 daring
3128 2700 41 26 his
3188 2700 71 28 shot*
3269 2702 100 32 sojourn
3382 2706 25 22 at

2879 2742 100 30 Oxford,
2991 2744 45 25 left
3048 2746 60 24 such
3119 2754 32 16 an
3162 2746 147 31 impression
3320 2755 33 16 on
3365 2748 41 24 the

2879 2787 130 25 memories
3031 2789 26 23 of
3080 2796 15 17 a
3120 2789 47 25 few
3192 2789 142 25 tradesmen
3359 2792 49 23 and

2879 2831 83 24 others
2982 2831 54 24 that
3063 2831 51 24 will
3133 2833 54 23 'not
3206 2832 30 24 be
3256 2833 93 32 readily
3373 2835 34 23 ef-

2878 2874 77 28 faced,
2977 2874 49 24 and
3048 2883 36 16 we
3114 2874 73 26 think
3212 2877 43 24 the
3283 2876 125 33 following

2878 2917 63 24 lines
2953 2911 52 31 wili
3024 2917 31 25 be
3065 2918 59 25 read
3144 2918 58 25 with
3220 2927 69 17 some
3306 2920 102 26 interest

2879 2961 32 32 by
2933 2962 68 24 them
3019 2963 49 24 and
3091 2964 87 28 others,
3203 2965 50 23 and
3276 2965 49 24 will
3340 2966 68 24 show
3448 2983 3 17 i

2879 3013 89 23 among
2978 3005 72 25 other
3065 3006 93 32 things,
3182 3007 54 25 bow
3246 3007 38 24 far
3295 3016 15 16 a
3321 3008 89 25 brazen

2879 3048 52 25 face
2943 3048 37 33 (hi
2991 3048 112 27 classical
3114 3050 113 31 parlance
3246 3052 94 24 termed
3353 3060 57 17 con-

2879 3094 120 24 summate
3021 3092 88 33 cheek)
3114 3109 31 3 —
3146 3094 50 25 will
3219 3095 74 25 assist
3315 3104 15 16 a
3353 3097 66 25 man'

2879 3141 25 20 to
2934 3137 121 24 victimize
3083 3137 40 25 his
3150 3138 81 27 follow
3265 3147 67 16 man.
3335 3155 31 3 —
3368 3141 42 24 Mr

2878 3180 73 25 Eden
2963 3181 43 23 has
3018 3182 26 23 to
3055 3189 57 23 pass
3135 3181 42 25 the
3188 3183 60 24 next
3260 3182 68 25 three
3340 3192 70 23 years

2878 3223 26 24 m
2933 3223 52 24 Her
3012 3223 132 32 Mayesty's
3171 3224 76 26 Hotel
3271 3225 139 31 Lyttelton,

2879 3267 49 23 and
2939 3267 21 23 if
2969 3267 79 30 living
3059 3269 26 23 at
3105 3268 42 24 the
3159 3269 138 30 expiration
3308 3270 27 24 of
3355 3271 55 24 that

2879 3313 61 22 term
2952 3318 35 17 we
2999 3309 66 26 shall
3079 3311 78 25 watch
3177 3311 52 26 this
3242 3312 168 26 Gentleman's

2879 3355 81 24 future
2972 3357 153 22 movements
3137 3355 61 24 with
3214 3356 75 32 lively
3300 3358 110 24 interest.
3450 3348 1 17 !

2961 3415 71 23 From
3048 3414 37 24 the
3109 3415 97 31 Weekly
3227 3417 106 25 Herald.

2914 3464 96 32 George
3022 3464 83 25 James
3116 3464 82 30 Eden,
3210 3467 66 24 alias
3283 3466 44 25 Dr.
3339 3466 69 31 Eeid,

2881 3506 48 24 late
2942 3505 111 31 Surgeon
3069 3506 26 24 to
3119 3504 53 25 Her
3192 3505 129 33 Majesty's
3339 3506 72 33 Eegi-

2881 3546 65 22 ment
2958 3543 26 24 of
3000 3543 81 31 Royal
3100 3542 94 34 Thugs,
3215 3544 28 25 of
3262 3545 81 30 India*
3367 3546 46 24 has

2881 3583 59 24 been
2952 3581 103 25 arrested
3074 3583 28 23 at
3123 3581 162 31 Ekatahuna,
3306 3583 107 33 charged

2881 3621 57 24 with
2950 3619 92 33 having
3058 3620 82 25 issued
3151 3628 16 17 a
3187 3621 121 26 valueless
3320 3623 92 31 cheque

2881 3661 37 24 for
2932 3661 43 24 the
2987 3668 56 17 sum
3059 3660 28 25 of
3104 3662 35 23 £2
3142 3676 7 13 t
3172 3663 50 23 and
3241 3663 89 31 passed
3340 3663 19 25 it
3379 3663 36 24 off

2882 3708 25 16 xo
2919 3700 67 23 John
2998 3699 111 28 Trainter,
3119 3700 28 24 of
3157 3701 189 25 Cbristchurch.
3372 3703 41 24 He

2883 3746 47 16 was
2946 3736 107 32 brought
3065 3737 72 25 down
3148 3737 59 26 here
3219 3740 50 24 and
3280 3741 133 25 remanded

2882 3780 26 23 to
2925 3777 181 26 Christchurch.
3140 3778 46 25 Dr.
3205 3779 64 26 Eeid
3287 3781 47 24 has
3353 3781 61 25 been

2883 3816 149 31 victimising
3047 3816 94 25 several
3153 3818 27 24 of
3196 3817 46 26 bur
3254 3819 56 33 City
3321 3820 94 25 trades-

2882 3863 58 19 men
2951 3855 82 27 before
3043 3855 33 27 he
3095 3856 45 27 left
3156 3859 26 24 to
3194 3857 68 27 build
3281 3868 16 18 a
3307 3861 107 32 practice

2883 3898 26 24 at
2915 3896 158 26 Eketahuna.
3089 3920 3 3 .
3102 3897 60 26 ,One
3173 3899 117 34 tailoring
3300 3902 56 24 firm
3365 3902 50 25 suf-

2883 3932 67 32 fered
2959 3936 26 24 to
2996 3934 45 26 the
3051 3937 84 24 extent
3156 3937 27 25 of
3199 3938 54 26 £13
3265 3939 38 26 for
3313 3939 112 33 clothes,,

2883 3967 80 31 wtiich
2984 3972 45 26 the
3050 3974 38 25 Dr
3110 3976 76 31 spells
3370 3979 47 26 We

2883 4012 135 34 inspected,
3030 4014 40 26 his
3095 4016 74 28 letter
3187 4018 62 25 from
3267 4019 150 27 Eketahuna

2885 4054 36 28 to.
2926 4052 40 25 his
2977 4052 81 30 tailor,
3075 4049 51 30 arid
3136 4054 38 26 for
3181 4056 133 26 miserable
3325 4057 95 27 diction

2880 4108 3 13 ;
2885 4092 48 25 and
2945 4092 134 27 barbarous
3087 4094 117 34 spelling,
3221 4097 34 25 he
3266 4098 88 26 stands
3373 4101 46 24 out

2883 4131 28 26 m
2922 4131 58 26 bold
2996 4132 82 26 relief..
3107 4134 27 25 A
3145 4136 181 26 two-standard
3335 4137 85 27 school

2878 4172 58 33 .boy.
2948 4171 73 26 could
3036 4173 107 32 produce
3153 4174 81 28 better
3244 4179 172 30 composition.

2885 4211 60 25 This
2962 4210 50 26 fact
3028 4210 73 27 alone
3118 4214 88 26 should
3218 4215 65 27 have
3293 4216 72 33 given
3377 4218 44 26 the

2886 4250 79 33 quack
2981 4259 69 25 away
3061 4254 33 27 *t;
3102 4254 64 26 first.
3199 4256 43 25 He
3260 4257 52 25 had
3323 4265 16 17 a
3357 4258 65 26 little

2876 4289 2 31 i
2885 4289 47 34 bay
2948 4289 59 27 with
3024 4289 54 28 him
3080 4294 41 24 .^t
3137 4292 83 28 Dixon
3238 4294 92 33 Street,
3340 4298 83 29 yrheve

2886 4331 101 36 heij-Wjas
3003 4329 123 38 boarding
3151 4334 81 28 before
3259 4336 33 30 he
3314 4341 65 24 went
3396 4341 33 25 to.

2886 4370 127 32 slaugnter
3024 4371 44 26 the
3079 4372 131 28 innocents
3222 4377 27 23 at
3262 4376 160 33 Eketahuna,

2886 4413 82 25 which
2977 4413 35 25 lie
3022 4415 81 26 called
3194 4419 58 24 cteav
3379 4421 54 27 but.

2886 4461 58 19 now
2970 4453 22 26 it
3017 4455 76 27 turns
3110 4459 44 25 out
3171 4458 56 26 that
3257 4459 44 26 the
3330 4461 48 33 boy
3399 4462 23 25 ia

2887 4501 15 16 a
2943 4492 259 31 Melohißedechian—
3204 4506 32 18 no
3276 4499 83 26 father
3359 4516 32 4 —
3391 4509 34 18 no

2877 4542 16 17 a
2914 4532 82 27 other.

1171 47 168 32 OXIOJU)
1376 48 229 32 OBSS&VER
1671 48 255 35 SATURDAY,::
1955 48 108 29 JUNE
2131 50 50 33 13;
2224 50 79 29 1536

2376 194 54 44 T.
2468 193 354 55 KENNEDY,

2414 287 3 3 .
2452 254 286 35 BJ,ACK&MITH.
2745 287 4 10 ;

2321 314 90 40 .Begs
2426 319 32 25 to
2474 314 142 30 intimate
2647 318 32 25 to
2694 313 53 31 the
2758 314 105 39 public

2329 357 33 28 of
2391 356 117 30 Oxford
2554 355 94 29 and-
2656 356 207 34 surrounding

2327 395 131 31 District
2473 397 68 29 that
2553 396 38 30 he
2603 397 55 29 has
2668 397 194 29 commenced

2321 438 146 30 'business
2503 448 32 19 as
2582 438 145 30 General-B
2735 435 126 33 lacksm-

2326 478 99 38 ith,
2476 484 76 24 next
2584 482 42 26 to-
2646 478 50 30 Mr
2722 478 136 41 Lough's

2325 518 82 31 Near
2424 519 70 30 Sale
2509 520 109 36 Yards,
2634 520 76 29 East
2726 520 130 35 Oxford,

2315 567 2 7 I
2325 561 60 29 and
2394 591 3 7 ;
2414 562 94 40 hopes
2540 562 44 38 by.
2594 562 88 30 strict
2707 563 150 29 attention

2322 605 34 26 to
2368 612 3 4 -
2372 622 2 8 ;
2391 602 147 36 business,
2567 607 32 25 to
2615 626 3 3 .
2635 604 37 29 be
2681 630 4 5 ,
2708 604 148 29 favoured
2864 633 2 3 .

2414 645 81 30 their
2510 649 139 35 support.
2670 659 82 16 .......

2364 685 38 30 N.
2424 685 35 30 B.
2486 686 133 39 Shoeing
2630 697 35 19 .a
2685 686 167 39 speciality.

2358 1531 37 5 —
2395 1525 16 21 *■_
2413 1502 240 58 jHS-extensivety
2662 1499 186 45 •imifeJecl^nc!
2857 1523 6 19 t

2343 1549 18 35 it
2366 1563 22 21 is
2396 1560 151 35 necessAT^
2558 1548 187 37 folooK(oi,lhe
2754 1561 75 24 name
2855 1574 2 9 ,

2346 1592 93 41 whetf
2447 1591 126 52 jpoymg;.
2632 1613 5 8 -
2675 1611 9 20 :■
2724 1612 11 19 :
2761 1609 37 22 •>•;
2813 1602 46 30 :■•'*,

2362 1772 4 5 '
2380 1772 3 5 '
2406 1772 197 37 \vesleya¥
2618 1783 153 26 church.
2844 1772 21 32 *'.'

2434 1853 35 5 ...
2486 1828 174 29 ...OXFOED.
2695 1854 22 6 _
2775 1846 76 13 _...,,

2439 1872 108 32 Sunday,
2555 1892 3 4 .
2593 1872 63 24 Juno
2698 1873 45 26 \±'..
2755 1893 4 4 .
2779 1892 3 4 .

2323 1918 29 23 II
2371 1924 59 17 a.m.
2585 1915 40 24 Mr
2642 1915 145 24 E.'Twose.
2801 1927 23 16 ■,-
2845 1929 3 16 ;
2860 1929 4 7 -

2323 1962 81 23 6.30.
2439 1967 59 25 p.m.
2568 1959 39 24 Mr
2623 1959 34 24 H.
2677 1957 110 32 Wr'ght.
2809 1950 45 29 .:'

1821 188 195 42 MDSieAL
2057 190 186 43 TUIfIGI-

1764 255 140 38 PIANO,
1935 256 185 38 SrXGING,
2145 259 156 38 VIOLIN,

1806 296 147 32 ORGAN
2018 298 85 32 ETC.
2167 301 92 31 ETC..

1866 375 63 30 MR
1966 376 31 31 S.
2029 377 180 34 MAYSON.

1763 436 65 31 Has
1865 440 160 29 vacancies
2054 439 47 31 for
2122 442 101 40 pupils
2266 445 30 27 m

1889 485 97 30 above
2022 487 145 39 subjects.

1764 616 1 1 ■
1806 600 140 25 'Terms
1976 608 30 18 on
2037 603 158 30 application.
2235 597 42 20 '"■'■'

1760 699 198 45 Pianos'
1971 694 100 52 aiid
2097 703 196 53 Organs

1748 791 2 3 .
1782 791 6 5 ..
1813 766 4 3 '
1876 768 91 27 -tuned
1985 769 49 24 and
2046 776 4 11 :
2051 770 111 31 repaired
2160 776 5 9 ;
2164 778 7 17 ;
2191 777 17 16 .••;
2216 786 4 7 .
2259 780 4 9 *
2272 780 9 12 .?

1754 826 121 30 •A(&ENT
1894 832 68 25 FOR
1979 831 136 28 MILNEIi
2127 833 165 28 THOMSON

1755 929 7 3 -
1811 943 4 3 •
1846 913 160 46 -"''FBI.
2032 919 118 42 SALE■
2176 911 2 4 ■

1749 993 3 5 ,
1792 970 49 28 AN
1846 971 165 38 .U^JS^QHT
2024 973 118 25 GEA>vD
2154 975 106 29 iflkXO

1749 1005 137 16 ■.•,-•■

1792 1038 169 27 Instrunients
1973 1049 44 16 cau
2030 1042 30 24 be
2077 1043 119 30 procured
2207 1052 32 24 911
2251 1043 42 25 the

1759 1082 57 25 time
1833 1089 119 26 payment
1963 1088 97 29 systeni.
2119 1098 7 7 ••
2154 1094 3 2 ■
2185 1090 3 4 '

1903 1125 73 24 From
1989 1127 33 23 £1
2041 1135 15 16 a
2069 1128 92 24 month.

1777 1174 3 14 i
1929 1190 2 1 .
1988 1174 120 25 po^frtoy-—

1764 1219 4 3 ■
1797 1214 3 4 '
1815 1233 3 4 .
1828 1213 115 25 SHEET
1949 1213 114 27 'MUSIC
2072 1216 37 24 IN
2121 1214 106 28 STOCK

1760 1259 143 38 SONGS,
2126 1265 167 31 DUETTS

1882 1308 4 4 '
1909 1310 119 26 VIOLIN
2041 1311 113 26 SOLOS.

1760 1358 150 25 Address.—
1912 1359 117 32 Opposite
2060 1362 71 24 Ba\ik
2148 1362 27 24 of
2201 1363 31 23 N.
2263 1364 30 23 Z.

1953 1414 147 26 OXFORD.

1815 1551 3 15 :
1868 1550 12 21 :x
1897 1540 126 23 DOUBLE
2044 1542 110 22 WIDTH
2178 1553 8 6 -

1774 1585 193 46 DEESB
1969 1604 37 5 •■■
2023 1586 254 46 TWEEDS

1748 1658 2 3 '
1937 1657 79 39 (half
2031 1659 94 40 price)
2144 1688 11 7 ..

1773 1703 120 33 Melton
1910 1706 111 31 Tweed
2038 1708 53 30 6cl:
2105 1710 101 29 worth
2222 1709 59 41 10J

1759 1753 116 32 Melfcon
1893 1755 287 33 Twee€l4s?-worth
2196 1760 43 28 Is.
2254 1759 39 29 6d

1773 1808 100 30 better
1898 1808 89 30 value
2013 1809 74 30 than
2113 1811 168 39 travelling

1824 1885 2 6 .
1836 1864 125 39 drapers
1976 1865 64 29 will
2056 1866 69 39 give
2140 1876 68 30 you.

1751 1968 2 2 .
1774 1933 217 41 M-DI&0'
2023 1933 254 43 J/^OKETS

1865 1985 80 30 New
1967 1985 78 31 This
2067 1986 124 31 Season

1760 2035 35 30 8s
1818 2035 41 30 6d
1901 2035 144 31 Eediiced
2061 2035 79 31 from
2198 2037 53 29 12s
2275 2038 17 28 6

1752 2098 47 29 «15
1823 2098 40 29 6d
1882 2116 2 1 ■
1988 2121 18 12 „
2091 2122 16 15 „
2199 2100 53 29 20s
2274 2101 19 28 0

1776 2200 237 25 MANCHESTER
2030 2200 245 26 DEPARTMENT.

1760 2272 113 36 Prints,
1896 2272 113 31 checks
2024 2273 61 30 and
2107 2274 113 38 stripes

1760 2326 96 29 Table
1880 2325 158 37 Damasks,
2061 2326 228 31 unbleached-

1841 2377 114 39 special
1976 2378 93 29 value
2085 2376 81 32 from
2183 2377 44 40 1/-

1759 2433 116 30 Brown
1910 2432 137 31 Holland
2082 2444 77 30 very
2196 2433 97 40 cheap

1759 2486 191 29 Flannelette
1966 2486 59 29 and
2042 2485 149 40 Shirting,
2213 2486 80 40 good

1841 2538 90 30 value
1928 2544 9 11 s
1950 2537 80 31 from
2051 2538 50 29 4d.

1758 2587 93 31 Floor
1873 2587 91 31 Cloth
1985 2588 81 40 good
2087 2592 33 27 at
2142 2589 49 30 9d.

1756 2639 90 31 Wide
1867 2640 111 30 Forfar
2000 2644 32 27 at
2054 2641 49 30 6d.

1797 2740 116 31 BOY'S
1945 2740 304 32 DEPAETMENT.

1814 2831 79 45 :CsWp
1940 2837 22 25 T
1977 2844 56 18 now
2042 2838 116 25 continue
2169 2842 25 20 to
2206 2839 86 24 devote

1805 2863 94 41 J&JhL
1940 2875 22 20 •*-
1998 2870 97 32 Special
2114 2872 130 24 Attention
2266 2875 26 21 to

1773 2896 144 42 /ffiSfhh
1938 2903 51 25 this
2003 2903 170 32 Department,
2186 2905 49 24 and
2253 2913 39 16 am

1760 2945 166 57 (jajnfflJEfl
1985 2964 71 21 NOW
2084 2965 154 22 OFFEEING

1802 3038 9 25 I
1833 3035 16 28 i
1877 3039 28 24 V
2024 3042 102 21 LARGE
2140 3044 73 21 LINE

1799 3104 34 53 V|
1857 3116 30 31 fif
1993 3121 140 21 KNICKER
2154 3123 84 22 SUITS

1804 3142 162 50 Er^^^at
1980 3155 40 21 the
2039 3155 116 28 following
2169 3157 124 21 SPECIAL

1941 3192 106 21 ERICES
2057 3201 34 13 :—

1817 3234 32 21 To
1858 3234 29 22 fit
1895 3235 60 27 Boys
1965 3237 13 19 3
1987 3236 72 21 Tears
2070 3236 34 27 5/6
2133 3237 12 21 5
2155 3237 72 22 Years
2241 3238 36 27 5/6

1974 3269 14 22 7
1999 3270 71 21 Tears
2080 3271 35 26 5/6
2134 3272 14 20 9
2157 3272 72 21 Tears
2244 3272 35 27 5/6

1829 3322 55 49 B.
1923 3325 58 47 H.
2012 3325 216 51 PABISI

1889 3401 101 50 I*st
2020 3403 162 52 Qxbri

1793 3481 32 26 R.
1843 3482 34 25 H.
1896 3483 87 25 Parish
2000 3492 51 18 was
2068 3486 42 24 the
2127 3489 93 30 largest
2235 3495 58 24 pur-

1761 3526 86 25 chaser
1859 3528 26 24 at
1896 3528 42 24 the
1946 3528 51 24 sale
2009 3528 27 26 of
2044 3529 35 25 H.
2093 3530 78 33 Olnej
2180 3531 48 25 and
2237 3531 57 26 Go's

1760 3570 130 25 wholesale
1907 3571 70 25 stock
1993 3572 28 24 of
2031 3572 119 34 Drapery,
2180 3576 115 32 securing

1760 3614 26 24 at
1804 3621 130 18 enormous
1953 3617 157 25 concessions
2121 3617 65 26 from
2205 3619 88 25 landed

1761 3658 61 28 cost,
1839 3657 43 26 the
1899 3657 79 26 whole
1995 3658 25 26 of
2035 3659 44 26 the
2095 3662 75 30 goods
2187 3663 27 24 m
2226 3670 68 18 some

1761 3700 27 24 cf
1803 3700 43 24 the
1862 3702 66 22 most
1944 3702 137 30 important
2098 3705 115 28 sections,
2237 3713 57 17 con-

1751 3744 100 32 .sisting
1866 3744 28 25 of
1905 3744 103 33 jackets,
2027 3753 80 25 capes,
2135 3755 56 18 nevr
2207 3756 86 18 season

1761 3786 57 27 Felt
1835 3788 73 30 Hats,
1924 3788 117 32 Flowers,
2058 3790 129 32 Feathers,
2206 3792 88 33 Wings

1762 3830 73 30 Lace,
1853 3832 114 33 Hosiery,
1997 3833 197 35 Haberdashery,
2215 3837 80 25 Trim-

1761 3876 78 32 ming.
1858 3876 116 31 Buttons,
1993 3878 75 29 Silks,
2080 3879 114 32 Plushes,
2207 3881 87 25 Hand-

1762 3918 129 33 kerchiefs,
1907 3921 51 25 and
1973 3923 101 31 general
2097 3924 84 33 goods.
2216 3925 80 27 These

1763 3964 110 31 together
1889 3964 62 25 with
1967 3973 135 19 numerous
2119 3968 73 26 other
2213 3970 81 31 equal-

1769 4014 17 24 y
1802 4007 120 26 desirable
1938 4008 72 30 lines,
2039 4010 50 25 will
2115 4012 29 24 be
2160 4011 135 27 submitted

1762 4050 38 25 for
1816 4050 59 29 sale,
1893 4052 27 24 at
1936 4051 80 27 prices
2032 4053 28 25 m
2077 4061 76 25 many
2170 4055 126 26 instances

1762 4087 50 31 less
1828 4093 63 25 than
1907 4093 57 25 half
1988 4095 44 25 the
2048 4096 105 33 original
2180 4100 70 28 cost;
2279 4106 16 18 a

1771 4144 57 24 arge
1839 4142 92 27 variety
1943 4138 27 25 of
1979 4138 116 29 Buttons,
2112 4142 28 24 at
2154 4149 46 17 one
2211 4149 83 26 penny

1762 4187 44 26 per
1821 4180 66 26 card.
2301 4184 2 27 ;

1900 4273 120 41 Special
2041 4274 62 31 line
2126 4276 34 29 of

1785 4339 101 40 BLACK
1919 4341 166 41 FOOTBALL
2122 4343 151 48 JERSEYS,

1969 4412 45 31 6s.
2040 4410 53 33 ea;

1817 4457 130 26 KAiAPOI
2007 4463 237 25 MANWACTDRJJJ.

1846 4509 93 33 Made
1963 4514 31 28 to
2030 4520 54 32 my
2112 4512 100 32 order.

1335 200 264 45 NOTICE,

1219 278 118 31 VIEW
1360 276 101 30 HILL
1480 276 139 30 SHEEP
1642 275 73 31 DIP

1365 322 207 31 COMPANY.

1203 419 110 26 TI7ILL
1332 420 150 24 Commence
1500 419 103 31 dipping
1633 418 54 24 first
1710 418 26 24 of

1208 442 37 37 VV
1271 452 121 24 MAKCH
1405 459 32 24 up
1449 454 26 21 to
1487 453 41 23 the
1536 447 55 30 first
1613 451 27 24 of
1649 451 88 29 MAY,.

1198 493 38 24 Id.
1266 492 69 25 each.
1397 490 119 26 Brooke's
1546 483 96 32 JPerfect
1681 490 49 32 Dij-

1195 533 69 25 used.

1199 591 10 12 /
1229 577 41 25 All
1378 575 90 32 dipped
1485 575 63 24 affcer
1565 574 47 24 tlie'
1620 573 74 25 Mth.
1708 572 26 26 of

1195 615 70 33 April
1282 614 52 25 will
1352 616 27 23 be
1397 614 108 31 charged
1524 612 54 31 l£d.

1427 652 128 31 Manager.

1354 706 2 14 :
1416 700 3 5 '
1480 692 183 30 ty.DUD.ER.

1194 847 244 47 KAIAPOI
1481 846 249 47 TWiSBS.

1193 927 83 22 SUITS
1285 926 87 20 MADE
1382 925 37 20 TO
1430 922 240 23 SIEASUEE-FROM
1686 922 55 25 50s.\

1193 983 279 83 fULLEANGE
1484 983 104 34 of.this
1603 983 117 31 Season
1722 982 7 13 1
1733 998 6 16 :

1271 1026 144 31 Patterns
1435 1028 33 27 to
1499 1025 92 31 hand.

1447 1078 39 23 at-.
1521 1073 33 16 •-'■
1569 1068 69 33 ■"■'■■'.
1668 1077 4 7 4

1296 1123 36 30 X
1358 1122 42 29 .H
1421 1120 198 31 PARISH'S

1337 1183 91 24 EAST
1446 1177 147 30 OXFORD.

1252 1254 2 3 .
1309 1226 147 30 intends'
1473 1235 37 21 to
1540 1231 73 25 sell

1194 1275 177 29 seasonable
1381 1274 99 39 goods,
1486 1275 138 39 at.prices
1633 1273 99 30 beloAV

1193 1327 70 28 that
1282 1326 33 29 of
1330 1336 61 21 any
1416 1324 223 31 Christchurch
1662 1325 68 29 firm

1233 1400 4 4 .
1336 1394 67 11 -r—
1441 1387 43 18 -<►
1557 1388 2 9 :

1195 1491 202 47 ihbmhl
1432 1489 183 49 Whmd
1653 1488 77 49 fl.

1197 1569 129 40 cheaper
1341 1569 76 29 than
1433 1578 56 20 can
1509 1569 38 29 be
1559 1568 171 40 purchased

1196 1625 32 26 at
1257 1621 122 30 auction
1409 1631 35 18 or
1462 1620 83 31 from,
1581 1621 160 31 itinerant.

1233 1682 2 14 :
1291 1696 27 6 ......
1354 1698 3 3 .
1379 1669 135 40 drapers:

1447 1745 36 17 o

1294 1804 341 39 PARISH'S

1237 1867 89 85 •ft
1383 1887 4 9 '
1485 1906 173 46 BOYS'

1232 2168 158 99 W;
1471 2211 6 12 ■
1476 2187 152 36 MWo
1628 2196 23 27 °
1654 2188 15 35 l

1229 2275 14 33 I
1265 2248 87 69 ißf
1402 2272 177 24 COLONIAL
1603 2272 128 24 TWJEED

1200 2306 138 91 4»
1446 2345 217 36 suits

1193 2463 4 3 .
1235 2433 127 34 From
1386 2432 89 41 12/6
1497 2439 72 33 per
1592 2432 93 37 suit.

1263 2498 79 33 (three
1352 2499 135 30 garments,
1506 2496 79 25 worth
1599 2496 64 32 255.)

1197 2544 93 24 Cannot
1301 2545 26 23 be
1334 2543 136 31 purchased
1480 2547 26 20 at
1522 2541 170 26 Christchurch
1703 2549 28 16 or

1309 2587 122 23 elsewhere
1442 2590 26 19 at
1475 2585 36 23 the
1519 2587 76 29 price.

1202 2646 21 30 A
1235 2646 131 31 AMens
1381 2646 100 31 Black
1491 2644 69 33 S.B.
1571 2645 57 30 Sac
1639 2644 90 31 Coats

1195 2676 71 52 ■111
1292 2689 50 29 for
1365 2688 127 39 Sunday
1506 2687 63 30 and
1591 2687 138 38 Holiday

1196 2740 79 21 wear
1284 2729 146 31 Reduced
1437 2729 83 30 from
1532 2727 66 41 25/-
1611 2731 32 27 to
1654 2726 73 41 15/6

1193 2936 28 31 A
1235 2936 110 40 Large.
1352 2936 60 31 Lot
1427 2935 32 31 of
1483 2934 105 32 Gents'
1615 2933 113 40 Heavy

1195 2988 110 30 Tweed
1342 2988 168 30 Overcoats
1542 2987 99 29 below
1660 2989 68 26 cost

1194 3030 93 39 price.

1376 3088 41 3 —
1417 3082 7 14 >
1434 3083 33 13 •♦
1476 3083 30 15 -<
1506 3088 39 3 —

1224 3128 141 47 LACE
1417 3125 282 48 CUETAINS

1196 3239 93 47 infl
1320 3236 135 43 DA.IRS
1472 3236 32 29 of
1520 3233 208 33 CURTAINS

1197 3265 92 52 lUU
1320 3286 23 30 I
1398 3276 110 31 Late&fe
1531 3276 134 39 Designs

1290 3324 83 31 from
1402 3324 43 30 2s.
1459 3333 56 30 per
1543 3322 78 41 pair.

1198 3516 119 31 Ladies'
1341 3514 88 31 Rock
1443 3513 102 32 Straw
1560 3513 131 31 Boaters

1187 3575 2 28 i
1238 3592 20 13 „
1341 3567 108 40 Fancy
1471 3566 94 31 Sailoi

1198 3629 93 41 Boys'
1307 3630 62 30 and
1383 3629 100 30 Maids
1499 3628 143 33 Galateas

1199 3722 99 30 Black
1313 3720 120 31 French
1451 3720 181 31 Cashmeres

1198 3773 100 31 Black
1312 3773 29 29 &
1353 3771 65 32 Col.
1437 3771 123 32 French
1578 3771 155 31 Merinoes

1231 3914 253 26 FLANNELETTS
1496 3916 19 24 &
1528 3913 189 31 GALATEAS,
1740 3893 2 54 j

1200 3974 31 24 In
1253 3974 123 32 quantity
1399 3975 50 24 and
1468 3975 116 31 qualities
1602 3982 72 17 ntrer
1692 3976 42 30 yet

1200 4012 86 32 placed
1297 4011 82 27 before
1390 4012 92 26 Oxford
1492 4013 98 31 buyers.
1600 4012 70 26 Such
1680 4014 61 30 pat-;

1201 4053 76 27 terns,
1290 4050 60 25 such
1362 4051 105 28 colours,
1480 4050 61 26 such
1553 4051 118 28 textures,
1680 4051 55 25 that

1201 4096 47 16 one
1259 4088 125 31 naturally
1395 4088 59 25 asks
1465 4088 54 25 how
1531 4087 59 32 they
1601 4095 50 21 are,
1663 4088 78 25 made,

1200 4128 38 25 for
1259 4128 44 25 the
1324 4128 75 32 price.
1442 4128 43 32 My
1509 4127 115 32 Grlasgow
1646 4128 88 33 buyers

1200 4166 112 31 pounced
1329 4174 68 24 upon
1416 4174 16 17 a
1453 4166 52 25 line
1526 4166 67 25 fresh
1612 4166 64 26 from
1691 4166 44 26 the

1200 4204 87 30 looms,
1298 4205 73 24 made
1382 4204 121 25 excellent
1513 4205 77 24 terms
1609 4205 61 24 with
1690 4205 51 25 the.

1200 4241 95 29 maker,
1303 4242 103 32 shipped
1417 4244 25 22 at
1454 4249 61 17 once
1526 4243 27 22 to
1560 4248 50 23 me,
1619 4242 51 24 and
1675 4242 59 25 here

1202 4280 58 33 they
1271 4290 49 22 are,
1334 4290 66 17 some
1411 4282 50 25 100
1472 4281 88 33 pieces,
1567 4281 51 25 and
1623 4281 14 26 I
1647 4281 87 26 intend

1202 4323 26 24 to
1239 4321 72 27 make
1323 4329 15 19 »
1348 4322 71 27 noise
1438 4321 77 27 about
1537 4321 70 26 them
1616 4329 7 23 ;
1635 4330 33 18 no
1687 4330 48 19 one

1202 4361 50 26 els*
1261 4361 48 26 has
1320 4363 40 24 the
1371 4364 113 30 patterns
1490 4370 6 22 ;
1508 4370 35 17 no
1564 4370 48 17 one
1634 4362 52 26 else
1707 4363 29 25 m

1202 4399 44 25 the
1257 4400 70 24 trade
1336 4408 47 17 cam
1395 4401 61 24 offer
1472 4399 157 36 Buchjal^e..
1639 4398 13 29 1.
1685 4399 25 29 ';'
1705 4424 5 4 r

1199 4462 4 7 ,
1230 4434 254 31 FLANNELETTE
1500 4440 29 24 2s
1547 4439 48 25 lid
1604 4439 78 25 dozen
1690 4439 46 33 yds

1203 4487 28 18 or
1241 4486 48 25 any
1299 4479 87 32 length
1397 4481 43 24 cut
1451 4481 27 24 at
1498 4479 32 26 8d
1547 4487 45 25 per
1610 4479 70 32 yard.
1713 4480 23 26 A

1204 4516 112 35 splendid
1332 4525 76 25 range
1426 4517 28 27 of
1468 4519 122 31 patterns.

739 195 181 34 SINGING.
939 199 127 30 CLASS

635 246 135 38 SINGING
786 247 102 39 CLASS
918 248 135 41 SINGING
1070 251 100 38 CLASS

883 307 38 20 on

696 336 177 31 MONDAY
906 338 199 32 EVENING.

779 382 115 32 JUNE-
939 386 84 29 15th.

673 443 3 21 :
699 438 5 2 '
762 437 3 3 '
790 441 3 3 •
835 424 67 37 7^30
909 444 58 23 p.m.
993 444 4 3 •

666 477 40 24 Mr
718 478 120 31 'Maysorf
856 478 52 25 will
928 486 60 26 open
1010 479 23 24 a'-
1047 480 65 27 class
1130 479 37 24 for

633 521 89 25 Adults
746 522 49 24 and
818 522 109 25 Juniors.

665 565 41 25 All
717 565 130 32 intending
868 567 24 23 to
910 565 54 32 join
985 574 40 16 are
1037 566 130 31 requested

632 606 26 22 to
670 604 59 24 send
742 604 26 24 m
781 604 66 24 their
858 611 92 21 names,
964 612 27 16 so
1005 604 54 24 that
1071 613 14 15 a
1094 603 70 32 good,

631 644 51 25 and
694 644 64 31 early
771 648 63 21 start
851 653 57 22 iray
925 644 31 24 be
967 645 80 24 made.

664 683 93 31 You>g
773 683 50 25 and
834 683 40 24 old
886 682 89 25 should
983 683 54 31 join
1049 691 31 16 on
1094 682 76 25 Mon-i

631 722 46 31 day
691 721 64 24 June
774 722 96 23 15tlLai
882 722 24 23 7.
920 722 40 23 30.
974 729 51 23 p.m

796 781 2 2 ■
830 778 22 13 *.
870 779 30 15 -•)■
929 781 27 13 •■;„
1019 780 2 5 '
1063 784 3 8 .
1111 778 2 2 '
1141 778 4 21 j

767 865 116 28 Copies
905 872 39 21 of
965 872 61 21 the

681 917 173 35 OXFORD
887 917 230 35 OBSEE^EPv
1157 941 10 6 -.

737 995 46 17 can
807 987 30 24 b»
861 987 118 24 obtain»d
1000 988 27 23 tfc

629 1032 176 26 CARGILL'S
818 1041 85 16 corner
926 1032 27 24 of
967 1032 136 25 CASHEL
1115 1032 49 24 and

727 1072 164 26 COLOMBO
910 1072 154 26 STREETS

802 1113 185 25 Christchurch.

667 1290 1 1 ■
687 1256 70 46 £5
789 1241 330 59 REWARD.'

665 1353 53 25 The
736 1352 75 25 above
828 1355 95 21 reward
934 1352 52 24 will
1007 1352 37 24 be.,
1054 1353 73 29 given
1139 1352 25 23 to

632 1395 96 23 anyone
746 1386 84 31 giving
840 1399 2 16 ;
856 1385 158 24 information
1024 1411 4 2 .
1045 1386 53 22 thah
1116 1383 46 30 \yill

631 1420 58 25 lead
698 1422 36 27 to.-
743 1420 43 23 the
798 1418 148 25 'conviction
967 1418 26 23 of
1019 1418 40 24 the
1077 1425 87 23 person

632 1455 53 22 who
703 1453 126 30 destroyed
849 1460 41 21 my
910 1451 76 28 fence,
1006 1459 31 15 on
1056 1459 41 23 my
1110 1458 54 16 sec-

633 1487 52 23 tion
703 1488 25 21 at
746 1485 73 24 West'
833 1484 100 25 Oxford.

760 1536 5 6 •
782 1540 4 2 -
802 1522 132 25 JOSEPH
952 1522 113 25 URICK.

631 1690 7 7 .
720 1651 127 47 FQB
852 1658 6 21 ?
891 1650 187 47 SAIM.

632 1770 29 27 A
702 1777 77 29 very
819 1764 94 40 'gobd;
927 1756 144 38 (seeonili
1082 1762 84 30 liancl

632 1810 54 39 gig
731 1807 102 39 Cheap
865 1806 93 40 apply

729 1857 57 31 ;J.
822 1853 156 39 ,LQUGH
1033 1881 3 3 .
1097 1848 6 43 ;

741 1890 90 42 ■;..'■;'
847 1897 87 29 East.
953 1894 143 39 Oxford,.

727 2056 137 45 FOB
889 2053 180 47 SALE.
1110 2041 2 3 '

831 2118 138 32 CHEAP

624 2206 64 76 t,
694 2203 124 30 WELL
845 2202 81 30 built
961 2201 104 35 house,
1096 2210 68 19 con-

687 2245 122 38 taming
817 2244 20 28 4
848 2253 102 19 rooms
962 2243 61 29 and
1032 2241 134 39 scullery

637 2288 73 29 Iron
724 2286 69 29 roof
807 2285 58 29 and
894 2285 68 28 bow
984 2283 131 29 window
1134 2286 32 25 to

633 2328 85 30 front
731 2336 95 25 room,
858 2325 40 38 \\
912 2334 84 20 acres
1022 2323 32 30 of
1082 2322 82 37 land,

633 2368 117 41 garden
778 2367 106 38 neatly
927 2365 134 40 planted.
1105 2365 61 28 400

633 2410 104 40 gallon
761 2409 69 29 iron
859 2406 85 36 tank,
983 2406 97 30 stable
1105 2405 61 30 and

632 2452 67 29 loft.

633 2495 61 28 For
721 2492 121 29 further
856 2490 186 40 particulars
1072 2488 94 40 apply

714 2540 320 33 MRTHOSSHEA

797 2583 158 30 Terminus
985 2582 94 30 Hotel

1023 2622 130 31 Oxford.

654 2764 248 39 OXFORD
943 2760 198 40 BACON

752 2811 292 39 FACTORY.

631 2892 127 59 BACON
787 2892 50 24 and
870 2890 80 30 hama,
985 2890 51 24 this
1056 2888 109 25 season's

691 2933 66 21 cure,
791 2924 61 29 lard,
875 2923 54 24 axle
947 2930 85 24 grease
1044 2930 15 16 a
1075 2921 91 32 special

631 2959 147 32 compound.

727 2998 33 42 J.
800 2997 92 42 PAR
896 2996 133 42 LANE.

789 3045 104 32 East
936 3041 167 35 Oxford.

634 3321 230 25 CANTERBURY
885 3320 93 24 LAND
996 3318 168 26 DISTRICT.

647 3409 114 27 SMALL
793 3408 155 26 GRAZING
994 3408 72 25 RUN
1099 3407 68 25 FOR

678 3449 112 26 LEASE
814 3448 44 25 ON
883 3448 239 25 APPLICATION.

635 3529 44 59 IT
691 3529 21 26 is
724 3528 92 33 hereby
826 3528 103 25 notified
941 3527 25 25 m
978 3529 76 24 terms
1065 3527 27 26 of

772 3562 54 29 Act,
952 3561 50 24 and
1097 3560 72 24 Land

635 3596 37 25 for
684 3595 162 26 Settlements
858 3595 55 29 Act,
1047 3594 56 24 that
1126 3593 43 24 the

635 3628 219 26 undermentioned

692 3662 119 25 SMALL
845 3659 155 27 GRAZING
1042 3659 72 26 RUN

636 3694 62 25 Will
708 3695 31 23 be
761 3702 63 23 open
847 3695 38 23 for
907 3694 150 29 application
1077 3700 33 16 on
1120 3691 50 24 and

636 3727 63 25 after
710 3725 232 30 WEDNESDAY,
962 3725 58 31 May
1033 3726 38 27 13,
1085 3725 84 24 1896:-

673 3759 145 26 SECTION
830 3760 82 23 36589
924 3758 47 24 and
983 3758 49 24 Lot
1044 3758 22 25 2.
1079 3757 91 31 Ashley

637 3794 82 30 Gorge
732 3792 157 29 Settlement,
913 3798 61 18 near
993 3791 65 25 East
1069 3788 100 28 Oxford.

638 3828 66 24 Area
712 3827 66 24 915a
789 3826 29 23 2r
826 3826 40 30 2p.
878 3825 103 24 Annual
987 3825 55 24 rent
1053 3824 50 25 £81
1117 3825 53 22 11s.

669 3894 89 24 Forms
771 3892 27 24 of
807 3891 154 31 application,
982 3892 72 30 plans
1066 3892 49 23 and
1126 3890 46 23 full

636 3925 144 34 particulars
804 3932 58 24 may
885 3923 30 25 be
938 3923 116 25 obtained
1076 3925 25 23 at
1120 3922 51 26 this
1176 3942 2 2 .

636 3960 78 26 office.

801 3990 27 26 J.
847 3989 39 25 W.
907 3989 31 25 A.
956 3987 199 27 MARCHANT;

735 4023 190 27 Commissioner
935 4022 25 23 of
978 4023 88 24 Crown
1080 4020 83 25 Lands

636 4058 103 25 District
751 4056 86 26 Lands
854 4054 51 26 and
924 4055 95 30 Survey
1039 4054 83 28 Office,
1153 4076 4 7 ,

713 4087 187 29 Christchurch,
913 4086 70 32 April
1003 4087 40 27 13,
1066 4087 72 23 1896.

639 4210 125 44 EVENTS
779 4214 40 40 OF
840 4210 70 43 THE
926 4210 130 40 COMING
1066 4207 105 46 WEEK,

637 4289 123 34 Tuesday,
791 4288 103 32 Library
912 4293 64 26 open
1005 4283 64 27 from
1092 4283 25 24 6.
1141 4282 31 25 15

703 4325 26 25 to
757 4324 15 25 8
795 4330 24 25 p.
839 4329 35 19 m.
1147 4333 3 13 :

638 4366 139 33 Thursday,
808 4365 57 27 Sale
891 4365 57 32 day,
999 4362 73 27 Bank
1082 4377 11 7 ,.
1099 4367 73 25 open,

703 4405 105 32 Library
835 4411 65 24 open
923 4403 90 31 during
1036 4400 128 26 afternoon

638 4447 112 32 Friday,.
755 4447 63 26 East
819 4434 14 47 \
841 4445 93 28 Oxford
954 4444 72 33 fymd
1043 4444 27 26 of
1087 4442 89 40 |toge,

642 4491 131 31 Saturday,
791 4491 101 33 Library
911 4497 64 25 open
994 4489 65 26 from
1077 4489 24 25 6.
1113 4494 61 24 p.m.

705 4532 27 25 to
748 4532 16 24 8
781 4539 61 25 p.m.

106 188 465 65 HOLBROOK

297 275 67 21 AND

99 311 225 56 YALL
330 310 232 54 AWOE
577 363 2 3 .

163 407 121 24 TIMBER
311 406 193 22 MERCHANTS

129 447 201 33 COOPER'S
383 446 160 35 CREEK,

169 501 142 35 VIEW
355 499 139 40 HILL,

65 557 83 59 BEG
174 560 25 19 to
219 555 112 23 intimate
351 554 26 22 to
405 552 44 24 the
472 552 82 30 public
577 551 27 25 of

116 588 93 27 Oxford
224 588 47 25 and
291 585 166 32 surrounding
475 585 124 29 Districts,

65 625 55 25 that
134 632 34 16 we
189 623 62 24 have
275 620 156 26 commenced
444 619 117 25 Business
574 627 26 16 as

66 667 61 16 saw-
132 658 98 25 millers,
255 655 49 24 and
324 654 75 30 hop*:?
420 653 32 31 by
476 653 70 24 strict
564 654 35 23 at-

65 692 97 25 tention
172 694 24 21 to
209 689 115 25 Business
339 689 25 22 to
377 686 29 24 be
417 686 115 24 favoured
541 686 59 24 with

65 726 64 24 their
157 726 107 28 support.
311 721 83 24 White
417 720 66 30 pine,
514 719 84 29 Rimu,

65 759 72 24 Birch
151 757 49 24 and
213 755 57 26 Coal
292 754 37 31 pit
334 761 78 24 -props
424 753 28 24 m
461 760 49 23 any
522 760 76 23 quan-

65 793 56 30 tity.

64 909 224 27 PREVENTION
306 908 31 23 IS
354 907 138 24 BETTER
504 905 93 24 THAN

235 962 36 15 •__
296 948 104 25 CURE.
414 959 43 15 ....
472 964 46 9 ...-._
540 957 56 16 -.-.,.:.-

64 1025 94 34 --\[OW
177 1025 53 24 that
242 1023 43 25 the
296 1022 131 25 Influenza
437 1019 128 32 Epidemic
576 1018 22 24 is

65 1046 32 38 IN
139 1058 75 24 about
234 1056 40 25 the
292 1054 181 33 neighbouring
490 1053 108 24 district.?

64 1101 34 16 no
111 1093 73 23 home
195 1090 87 25 should
294 1089 29 25 be
334 1088 104 25 without
449 1087 46 24 the
513 1086 83 29 Platy-

59 1134 53 24 pus
118 1125 84 24 Brand
214 1124 24 24 of
250 1124 153 30 Eucalyptus
413 1120 121 25 Globulus
546 1119 50 23 Ex-

65 1161 65 22 tract
142 1161 26 21 to
180 1157 29 25 be
221 1157 75 24 taken
308 1163 67 23 upon
391 1162 80 22 fugar,
493 1160 27 16 or
537 1152 25 23 m
583 1159 15 16 a

65 1192 66 24 little
143 1190 69 25 milk.
249 1189 50 24 The
311 1190 65 22 most
390 1185 147 26 convenient
548 1183 49 25 and

66 1225 113 31 pleasant
191 1232 52 23 way
256 1227 25 19 to
293 1222 56 24 take
366 1219 159 31 •Eucalyptus
537 1218 21 23 is
571 1216 26 25 m

66 1258 33 24 be
241 1255 85 24 Brand
346 1253 26 25 of
390 1253 143 30 Euacyptus
553 1250 44 24 Ju-

63 1291 83 30 jubes,
158 1291 56 28 they
228 1296 40 16 are
277 1289 24 22 m
312 1287 60 24 such
383 1294 14 15 a
403 1305 2 2 .
404 1284 123 32 palatable
534 1284 64 23 form

66 1324 127 30 pleasant...
214 1323 32 24 .to
280 1322 68 25 taste,
390 1318 130 30 antiseptic
550 1316 49 24 and

66 1356 139 24 stimulant.
251 1352 114 31 Sprinkle
388 1359 61 23 your
477 1349 121 25 Landker-

66 1389 68 24 chief
143 1388 48 23 and
211 1394 82 17 rooms
306 1385 57 25 with
383 1386 42 22 the
444 1383 40 25 oil.
506 1391 10 10 ■'
547 1408 3 4 ,
572 1398 4 3 -

69 1442 27 24 BE
106 1441 57 24 SURE
171 1440 41 25 YOU
224 1439 115 25 PURCHASE
348 1437 45 25 THE
405 1436 113 25 PLATYPUS
529 1434 72 26 BRAND

146 1486 30 23 R.
190 1484 90 25 Parish
292 1483 80 31 Agent
383 1481 38 24 for
435 1479 99 26 Oxford.

68 1529 75 25 Office
152 1529 38 23 No
196 1529 16 27 .9
227 1526 176 30 Cathedrals^..
423 1521 181 28 Ghiistchurch.

98 1693 240 48 CANCER
369 1689 245 47 CURED.:-.

246 1766 164 23 WITHOUT'

65 1803 28 29 A
117 1799 210 34 SURGICAL
357 1795 241 34 OPERATION

99 1853 57 23 For-
160 1851 100 30 further
275 1848 149 31 particulars
440 1846 73 30 apply
529 1838 71 30 io^the

117 1893 122 26 OFFICE
258 1891 65 25 OF-.
325 1889 82 26 THIS
424 1888 121 25 PAPER.

64 2026 47 45 X
135 2025 52 44 T:
193 2024 221 50 -Brown,
437 2021 41 43 &
500 2020 108 44 Soir

119 2092 110 20 TIMBER
240 2091 17 20 &
268 2090 71 21 COAL
353 2087 182 22 MERCHANTS.

241 2128 163 21 IMPORTERS
434 2148 6 4 .

64 2170 37 26 Of
130 2168 141 27 TIMBER
301 2166 54 26 and
384 2164 49 28 All
462 2164 88 27 Kinds
574 2163 28 26 of

120 2213 186 29 BUILDING
332 2210 221 29 MATERIALS.
567 2237 23 6 _

257 2259 151 27 CORNER

68 2303 165 25 COLOMBO
275 2303 17 22 &
322 2300 97 25 TUAM
449 2297 154 26 STREETS

228 2346 191 24 Cfiu:stohuroh

202 2486 267 49 NOTICE.
527 2527 4 3 .
554 2497 3 3 ■

68 2606 134 61 OWING
215 2609 25 23 to
254 2606 80 32 Sheep
351 2606 94 31 having
464 2606 62 25 been
539 2613 59 17 wor-

132 2641 52 24 ried
212 2649 32 16 on
273 2640 101 24 Luers's
404 2639 67 25 Bush
499 2639 100 27 section,

66 2674 130 25 POISON
213 2674 50 24 will
280 2674 30 24 bft
327 2673 50 25 laid
394 2673 62 24 from
473 2673 51 24 this
536 2673 62 28 date,

66 2708 50 24 and
134 2716 48 23 any
199 2707 58 31 dogs
283 2707 78 25 found
384 2707 103 24 thereon
504 2706 49 24 will
571 2705 29 25 be

67 2741 139 25 destroyed.

183 2773 115 25 LUERS
317 2774 19 23 &
354 2772 131 25 BROWN.

132 2911 3 3 ■
203 2900 261 47 NOTICE.

69 3008 87 58 ALL
174 3010 117 23 accounts
317 3008 46 24 due
380 3011 25 21 to
429 3016 40 17 me
487 3010 68 22 must
572 3007 29 24 be

128 3041 58 31 paid
203 3050 33 16 on
254 3050 26 15 or
297 3041 79 25 before
395 3041 59 31 July
472 3042 47 23 Ist.
533 3043 66 26 next,

66 3083 29 17 or
112 3074 64 33 legal
193 3074 158 32 proceedings
368 3074 50 25 will
435 3074 29 25 be
481 3075 76 24 taken
574 3076 26 23 to

66 3116 99 17 recover
182 3109 43 24 the
243 3116 74 21 same,
334 3109 101 24 without
464 3109 93 30 respect
575 3110 25 22 to

68 3149 98 24 person.

202 3174 31 25 G.
250 3175 32 23 E.
303 3174 202 24 WEYLANDT.

402 3207 64 25 East
484 3207 99 24 Oxford-.

183 3356 308 46 WANTED.

69 3456 54 59 TO
140 3457 121 31 purchase
278 3466 16 15 a
317 3457 64 24 farm
406 3457 27 24 m
450 3457 43 25 the
511 3457 93 25 Oxford

119 3490 112 25 District.
265 3490 114 25 Forward
395 3490 66 33 price
481 3491 50 24 and
548 3499 55 24 par-

81 3524 101 25 ticulars
199 3526 25 23 to
252 3524 44 25 the
319 3525 68 24 office
412 3525 26 24 of
463 3525 49 25 this
529 3533 75 24 paper

113 3718 4 4 '
179 3711 134 44 FOR
343 3709 154 45 SALE

72 3820 33 25 f^\
115 3821 64 24 OOD
191 3820 65 30 Cow,
276 3819 158 28 Short-korn,
447 3819 90 24 second
548 3820 56 24 calf.

73 3851 39 29 VJT
244 3853 87 32 Apply,

320 3887 28 24 P.
365 3886 174 25 RIEDRICH

437 3918 100 26 Oxford.

203 4098 260 48 NOTICE.

72 4269 152 58 HAVING
235 4270 50 26 had
296 4271 72 32 sheep
402 4270 101 26 worried
514 4277 34 19 on
562 4278 42 23 my

137 4303 94 25 section
247 4310 22 17 at
289 4304 142 30 Wbodside,
449 4311 49 26 any
514 4311 91 25 person

71 4335 80 25 found
166 4337 149 32 trespassing
342 4337 61 25 with
425 4337 50 33 dog
499 4346 29 17 or
555 4346 50 23 gun

73 4369 51 24 will
151 4368 31 25 be
214 4370 153 30 prosecuted,
401 4371 49 25 and
484 4378 48 25 any
558 4370 49 32 dog

72 4405 97 32 caught
184 4406 50 25 will
249 4407 31 24 be
297 4407 138 31 destroyed.

299 4449 31 26 B.
336 4449 170 33 .-BOWMAN,

431 4491 141 27 Woodside.
