3490 4590
184 190 163 28 SUPREME
373 189 121 26 COURT.

210 260 122 25 Criminal
359 257 114 26 Sittings

185 310 153 32 Wednesday
360 309 65 24 June
443 309 53 24 3rd.

183 362 38 25 his
233 360 87 25 Honor
337 357 41 25 Mr
392 357 96 25 Justice
499 357 107 25 Dennis-

315 398 52 34 ton)

214 452 73 18 FALSE
312 450 149 17 PRETENCES.

104 490 99 29 .George
216 486 85 25 James
318 483 81 30 Eden,
418 482 54 25 who
480 490 33 17 on
532 483 73 24 Mon-

73 533 47 33 day
138 533 48 25 last
201 530 50 26 had
279 528 144 26 withdrawn
446 527 40 25 his
511 527 55 32 plea
583 526 27 25 of

75 577 88 32 guilty,
181 574 49 25 and
247 572 50 26 had
312 570 103 33 pleaded
432 573 44 22 not
493 570 78 33 guilty
582 571 25 23 to

74 621 121 36 a^pharge
212 618 27 25 of
260 615 137 31 obtaining,
415 622 33 17 on
466 614 70 32 April
552 613 54 25 4th.

52 664 79 30 Hast,
150 665 33 23 £5
212 662 61 24 from
302 660 39 24 Mr
369 658 111 25 Thomas
509 657 98 26 Shailer

73 707 105 25 Weston
195 705 48 24 and
273 702 75 33 goods
377 703 26 23 to
427 700 43 26 the
496 701 70 24 value
583 700 26 24 of

74 752 36 24 £2
129 751 52 24 10s.
203 747 49 26 and
269 748 53 24 10s.
340 745 27 25 m
385 752 89 25 money
490 744 64 25 from
574 743 31 26 G.

72 796 32 24 L.
117 794 81 26 Beath
216 792 49 26 and
277 791 43 26 Co.
332 791 32 31 by
372 798 85 17 means
465 789 26 25 of
500 798 14 15 a
527 788 79 25 value-

73 840 51 29 le^
132 839 90 29 cheque
230 843 31 17 on
273 834 42 25 the
324 834 73 23 Bank
408 833 27 24 of
444 832 160 28 Australasia,

73 890 51 17 was
141 888 56 17 now
214 878 85 33 placed
327 885 33 17 on
378 876 57 25 trial
457 875 82 25 before
561 875 42 24 the

71 926 67 32 jury.
174 924 51 24 The
242 929 55 18 ca«e
313 920 52 25 had
389 919 63 26 been
470 918 135 33 adjourned

113 970 68 24 order
193 970 26 22 to
236 965 73 26 allow
325 965 44 24 the
386 963 105 25 accused
508 962 59 25 time
579 963 26 23 to

73 1021 101 25 prepare
191 1012 41 24 his
249 1008 105 26 defence.

107 1058 47 25 His
177 1056 88 25 Honor
293 1052 115 26 summed
425 1059 41 24 up,
496 1050 50 26 and
562 1049 44 25 the

70 1102 60 31 jury
141 1100 103 25 without
266 1097 108 30 retiring,
386 1095 77 24 found
480 1094 43 25 the
535 1100 70 18 accu-

75 1139 44 25 sed
131 1137 87 33 guilty.

108 1183 40 24 Mr
161 1180 112 31 Stringer
285 1177 54 26 said
350 1177 56 24 that
418 1176 31 24 he
468 1175 82 24 would
560 1175 46 24 not

73 1222 103 33 proceed
189 1221 56 24 vrith
258 1219 42 25 the
323 1217 72 26 other
418 1216 110 31 charges.

108 1266 48 24 His
184 1264 86 24 Honor
287 1260 52 25 said
366 1260 43 24 the
426 1258 103 25 accused
556 1257 49 24 had

73 1307 103 33 pleaded
198 1306 79 32 guilty
294 1313 15 16 a
334 1304 46 24 few
398 1302 60 31 days
475 1309 54 23 ago,
557 1300 49 24 and

73 1352 49 25 had
140 1349 115 27 tendered
272 1356 15 16 a
303 1347 132 25 document
447 1344 92 30 stating
550 1344 55 24 that

73 1396 33 24 he
134 1393 114 31 honestly
276 1390 110 27 believed
414 1389 56 23 that
499 1387 31 25 he
559 1387 45 23 had

74 1447 88 23 money
180 1440 25 22 to
221 1437 38 24 liis
277 1434 82 27 credit.
394 1433 53 24 The
465 1431 97 25 defence
574 1431 30 24 he

73 1483 49 24 had
141 1483 89 30 sought
247 1483 25 21 to
298 1477 118 26 establish
442 1484 50 16 was
509 1485 14 14 a
539 1479 67 20 most

50 1523 22 185 I
72 1527 127 31 impudent
212 1532 54 17 one.
288 1523 47 24 His
347 1521 88 25 Honor
447 1520 79 27 knew,
539 1518 66 24 what

72 1565 41 39 |he
132 1570 54 31 jury
204 1567 40 24 did
261 1568 44 22 not
317 1565 85 28 'know,
430 1563 54 24 that
503 1561 38 25 for
558 1563 47 23 two

72 1621 69 17 rears
158 1612 114 31 previous
289 1613 26 21 to
341 1608 95 31 issuing
459 1607 68 24 these
548 1605 56 24 che-

73 1666 59 24 ques
157 1657 41 23 the
224 1652 103 27 accused
352 1651 50 24 had
430 1650 62 24 been
509 1648 25 24 m
551 1646 55 33 gaol

72 1702 38 25 tor
127 1709 14 16 a
160 1699 93 26 similar
271 1696 101 25 offence.
407 1694 39 24 He
466 1692 50 24 had
534 1690 72 26 made

50 1726 5 22 '
73 1753 32 16 no
123 1745 102 29 attempt
254 1741 38 24 till
320 1746 54 17 now
402 1739 25 22 to
457 1736 84 25 obtain
557 1734 49 26 this

73 1796 99 23 money,
190 1785 79 25 which
285 1784 33 23 he
335 1782 51 25 had
411 1781 54 24 said
489 1778 118 32 belonged

73 1836 26 21 to
117 1832 61 23 him.
226 1829 39 25 He
290 1834 50 18 was
369 1824 144 33 apparently
535 1823 72 24 irrec-

73 1876 119 31 laimably
221 1871 113 28 addicted
362 1873 26 22 to
416 1869 53 25 this
498 1868 62 25 class
583 1865 26 25 of

73 1921 84 28 crime,
176 1918 49 26 and
251 1916 43 25 the
322 1922 54 18 case
393 1921 51 16 was
461 1920 47 17 one
526 1909 81 27 which

75 1964 78 25 called
171 1963 36 24 for
225 1961 42 25 the
277 1958 137 26 maximum
426 1957 108 31 penalty.
569 1955 39 24 He

75 2004 82 24 would
174 2003 30 23 bo
230 1998 130 28 sentenced
388 1999 27 22 to
444 1997 69 24 three
530 1996 77 30 years'

75 2047 194 31 imprisonment.

109 2091 32 24 At
160 2091 14 22 3
191 2096 59 24 p.m.
268 2087 43 24 the
328 2084 99 31 sittings
444 2083 89 25 closed.

110 2155 70 26 ''The
198 2153 135 31 Ethiopian
350 2152 91 25 cannot
461 2150 96 30 change
568 2148 39 24 his

77 2202 63 26 skin,
160 2208 26 16 or
204 2199 42 23 the
264 2195 112 32 Leopard
392 2195 40 24 his

78 2417 71 23 THE
169 2410 271 30 BRACKENFIELD
457 2406 148 27 HOUNDS.

63 2507 13 38 \
109 2516 53 24 The
179 2514 73 25 Hunt
263 2520 49 16 was
329 2518 33 17 on
374 2507 162 32 Wednesday,
558 2505 50 25 and

76 2562 39 24 the
132 2560 64 24 meet
218 2559 26 23 at
266 2556 40 24 Mr
327 2554 68 25 John
414 2552 104 25 Weld's.
554 2549 52 24 The

75 2604 136 25 Luncheon
224 2608 48 18 was
289 2600 28 24 of
331 2600 40 23 the
388 2597 73 24 usual
478 2596 55 23 first
545 2594 64 25 class

75 2648 77 26 order,
171 2645 49 25 and
243 2641 135 27 sweetened
400 2640 59 24 with
479 2647 15 15 a
515 2638 91 29 hearty

75 2691 123 25 welcome,
235 2686 49 25 and
306 2685 60 24 both
385 2683 83 24 before
491 2681 41 25 the
554 2680 55 24 first

75 2737 59 26 cast,
157 2733 48 25 and
225 2732 89 29 during
342 2729 41 24 the
405 2725 114 28 interval,
544 2725 65 23 most

75 2780 26 24 of
111 2786 30 16 us
153 2776 78 25 drank
243 2781 96 19 success
352 2774 25 22 to
386 2772 44 23 the
442 2770 167 30 Temperance

75 2815 88 35 cause,'
175 2819 49 25 and
247 2817 63 32 good
341 2815 58 25 luck
419 2816 25 22 to
465 2813 41 24 the
527 2817 82 23 merry

74 2865 104 26 musical
197 2862 71 33 pack.
315 2860 52 25 The
390 2857 69 26 Field
481 2855 128 30 including

74 2911 55 24 four
146 2908 75 24 ladies
240 2904 125 26 mustered
385 2904 40 27 50,
451 2901 48 24 and
512 2907 32 17 on
566 2899 42 23 the

73 2953 80 24 whole
164 2948 154 29 remarkably
328 2946 62 32 good
400 2946 110 23 mounts.
546 2941 62 26 Jack

75 2989 49 32 an&
136 2995 40 24 his
188 2994 62 30 wbip
263 2999 62 17 were
347 2990 27 24 m
394 2988 63 26 their
480 2986 73 26 usual
562 2985 45 25 fet-

73 3041 34 23 tle
127 3047 33 17 on
183 3038 52 24 first
259 3036 63 24 class
355 3035 110 26 mounts,
494 3030 49 25 and
566 3029 41 25 the

75 3084 79 30 bright
165 3081 64 25 little
251 3079 62 31 paak
338 3079 24 22 m
386 3076 60 32 pink
470 3074 131 26 condition,

74 3126 49 27 anU
134 3135 26 16 as
173 3127 77 23 active
268 3132 26 16 a<
316 3130 15 17 a
352 3122 49 31 bag
425 3120 26 25 of
472 3119 68 24 fleas.

107 3170 69 24 After
188 3178 14 15 a
226 3168 43 24 few
293 3165 101 31 baffling
415 3165 83 30 spurts
519 3161 48 24 and
592 3168 14 16 a

50 3203 4 24 *
75 3214 42 24 kill
136 3214 27 22 m
187 3212 54 24 cold
264 3209 82 27 blood,
392 3216 15 15 a
430 3205 98 32 regular
550 3211 58 24 goer

133 3256 38 24 his
195 3255 70 27 form,
291 3252 48 24 and
358 3251 70 24 wires
449 3248 101 33 gingled
559 3247 47 24 and

76 3301 98 24 saddles
203 3306 62 17 were
294 3294 115 33 emptied.
473 3293 53 24 The
553 3291 54 25 best

75 3347 101 32 n^unts
199 3342 104 32 keeping
321 3340 53 25 well
408 3338 119 32 together,
558 3334 49 26 and

77 3389 43 24 the
141 3389 49 23 rest
210 3384 154 33 negotiating
383 3386 68 29 gates
475 3381 49 24 and
539 3388 67 23 gaps,

75 3432 45 24 but
132 3431 96 31 nobody
249 3428 96 25 showed
362 3428 39 24 the
420 3426 73 24 white
505 3424 101 25 feather.

110 3475 81 25 Timid
202 3475 64 24 folks
279 3481 39 16 are
336 3472 54 25 best
411 3473 26 22 at
455 3470 82 28 home,
559 3467 48 25 and

75 3521 56 30 they
143 3519 79 23 did'nt
242 3524 68 18 come
333 3516 50 24 this
406 3515 68 28 time,
505 3521 26 16 so
552 3512 55 24 that

74 3571 37 17 we
134 3563 59 23 have
212 3562 44 22 not
275 3559 43 24 the
343 3558 71 24 usual
432 3553 174 28 haiv-breadth

75 3613 85 23 escape
172 3607 26 22 to
218 3602 85 26 record
314 3602 26 25 of
359 3610 13 15 a
392 3600 58 25 mad
461 3600 73 24 horse
546 3597 60 25 with

73 3650 42 24 the
127 3649 36 24 bit
174 3649 26 24 m
211 3648 40 24 his
274 3646 74 28 teeth,
367 3644 102 31 bearing
492 3651 14 17 a
519 3642 87 31 fright-

74 3693 61 24 ened
148 3692 62 24 rider
232 3690 59 25 with
304 3697 14 16 a
338 3687 121 26 blanched
471 3687 60 28 face,
554 3684 50 25 and

50 3753 7 5 +
74 3736 115 29 finishing
201 3742 32 22 up
259 3732 61 24 with
348 3739 33 16 an
409 3730 97 32 ignoble
534 3728 66 32 spill.

75 3779 64 24 Over
167 3777 48 25 and
242 3775 98 26 onward
367 3783 37 16 we
432 3772 117 26 clattered
569 3770 38 25 for

76 3824 31 22 50
127 3822 112 28 minutes,
261 3819 40 24 till
322 3828 35 15 we
380 3817 74 26 heard
467 3817 43 25 tbe
522 3816 83 24 whoo-

76 3866 86 30 whoop
174 3865 48 23 and
244 3871 59 24 puss
325 3870 49 17 was
395 3862 70 27 dead,
491 3861 50 24 and
561 3867 46 17 our

77 3909 121 31 steaming
210 3909 84 23 horses
317 3906 120 31 champed
462 3905 64 25 their
550 3904 55 24 bits.
614 3920 2 5 .

77 3952 48 24 and
138 3952 100 31 caperpd
261 3951 94 24 around
376 3953 24 21 to
423 3947 67 27 show
510 3957 29 16 us
548 3945 59 27 How

77 3995 74 23 much
165 3995 57 31 they
242 3995 63 24 liked
326 3995 41 23 the
388 3993 52 24 fun.

111 4038 51 23 One
185 4046 81 22 young
287 4038 58 31 lady
368 4045 48 17 was
435 4037 103 25 noticed'
546 4031 61 32 with

78 4089 15 15 a
106 4080 87 31 trophy
205 4080 27 24 of
252 4080 40 24 the
315 4080 64 24 hunt
401 4080 91 30 pinned
516 4089 32 15 on
559 4073 47 30 lier

77 4126 50 25 hat,
141 4123 107 30 showing
266 4125 24 21 at
307 4122 61 24 least
391 4123 54 23 that
468 4124 44 24 she
534 4129 69 26 poss-

80 4166 69 25 essed
167 4165 42 25 the
228 4173 102 24 courage
352 4165 40 31 for,
410 4165 81 26 .which
503 4175 43 17 our
559 4164 47 26 fair

79 4210 89 25 Oxford
186 4209 178 26 Housewora.en
383 4211 144 29 are-noted.;
534 4226 12 10 --.
546 4230 4 9 ;
560 4210 45 25 We

77 4255 61 23 omit
158 4261 93 21 names,
261 4265 4 5 -
275 4252 44 25 but
332 4274 3 3 .
343 4254 80 24 suffice
433 4254 173 31 it-.tof-rsayr-if

50 4311 12 13 h
78 4304 35 16 we
126 4303 59 17 were
197 4295 102 25 inclitied
312 4298 24 23 to
348 4294 109 32 ciiticise,
470 4305 35 17 we
513 4297 91 25 ghoul'd

78 4344 62 24 have
284 4346 3 5 '
293 4343 43 25 bu*t
354 4344 79 32 praise
454 4348 25 22 to
504 4341 98 29 b&fo'w.
609 4370 6 3 .

79 4387 59 24 This
150 4387 73 24 much
244 4394 34 17 we
291 4386 67 26 know
381 4388 56 25 that
459 4388 35 24 all
515 4387 87 31 admj#

78 4431 19 23 it
118 4438 49 16 was
178 4438 45 16 one
241 4431 25 23 of
288 4430 41 25 the
346 4431 54 25 best
412 4436 72 25 ruas,'
500 4431 49 25 and
562 4431 42 25 the

76 4471 92 32 jolliest
179 4471 59 30 days
265 4474 64 29 sport
357 4472 55 24 that
440 4471 20 25 it
482 4472 46 24 has
549 4480 56 17 ever

80 4514 59 25 been
158 4522 44 17 our
218 4515 109 30 pleasure
346 4517 26 24 to
384 4512 88 33 report!
499 4518 3 6 '
557 4514 16 31 ',

701 190 401 32 CORRESPONDENCE.

637 243 68 21 While
714 249 38 15 our
764 244 89 20 columns
866 250 35 14 are
916 248 51 20 open
981 245 20 18 to
1011 243 36 24 all,
1061 249 30 14 we
1100 243 26 20 do
1140 246 35 17 not

663 281 90 26 identify
772 282 99 18 ourselves
887 281 51 19 with
959 281 94 24 opinions
1068 281 108 24 expressed

662 318 86 20 therein.

671 356 34 24 To
717 356 36 24 th*
771 357 85 24 Editor
858 364 36 16 ess
906 356 31 31 of
947 355 36 23 the
997 355 143 24 'Observer.'

652 435 70 24 THE
741 434 157 26 CONTEST
917 432 67 26 FOR
1004 431 150 26 ASHLEY.

670 501 101 25 Madam.
773 515 33 5 —
807 500 30 24 In
849 508 62 24 your
933 499 66 24 issue
1016 498 26 26 of
1061 497 44 25 the
1120 497 52 24 6th.

635 540 59 26 inst.
706 547 104 25 appears
832 547 15 17 a
870 535 73 29 letter
966 544 56 19 over
1034 536 42 26 the
1089 536 82 32 signa-

635 580 55 23 ture
701 578 28 25 of
738 578 40 25 Mr
789 578 109 28 Renner,
910 576 134 28 Kaikoura,
1053 575 116 31 referring

635 622 25 22 to
677 619 41 25 the
737 618 117 33 probable
876 618 96 25 contest
994 616 38 25 for
1053 615 42 25 the
1115 623 54 23 rep-

633 659 152 25 resentation
807 658 28 25 of
851 658 43 25 the
914 657 93 31 Ashley
1030 655 139 25 Electorate

633 700 26 21 at
671 697 42 24 the
724 698 59 23 next
795 696 99 32 general
905 695 111 24 election.
1051 694 15 23 I
1089 693 80 24 desire

633 738 26 25 to
687 737 65 25 refer
780 738 26 24 to
840 744 46 17 one
913 733 139 35 paragraph
1079 733 25 24 m
1131 732 40 25 Mr

635 778 117 25 Renner's
780 778 81 27 letter,
897 776 109 25 wherein
1028 774 32 25 he
1083 775 86 26 states,

673 816 91 31 simply
783 816 101 30 pointed
904 817 43 22 out
967 814 55 24 that
1046 820 63 16 were
1130 812 40 23 Mr

633 853 120 25 Meredith
771 853 91 25 sincere
882 852 32 25 he
931 850 81 26 would
1023 851 44 23 not
1079 857 90 23 oppose

735 893 50 25 Am
802 893 51 25 Ito
875 892 65 24 infer
951 892 53 23 that
1016 890 42 23 Mr
1068 889 101 24 Renner

632 940 87 17 means
739 931 56 25 that
815 930 14 25 I
847 929 101 27 entered
966 928 53 25 into
1032 935 14 17 a
1058 928 110 30 compact

633 981 28 17 or
679 971 199 32 understanding
900 969 61 27 with
977 969 52 24 him
1049 969 26 23 to
1094 967 73 25 retire

633 1012 27 24 m
691 1012 41 24 his
752 1011 87 25 favour
866 1012 26 22 at
920 1008 42 25 the
987 1008 60 24 next
1069 1006 98 32 general

633 1050 124 26 election?
776 1050 13 24 I
806 1049 63 25 have
891 1055 73 17 never
987 1047 26 24 at
1036 1053 48 24 any
1106 1045 60 24 time

633 1091 100 24 entered
755 1090 54 24 into
833 1098 14 15 a
876 1088 110 30 compact
1007 1086 108 31 political
1139 1093 27 16 or

633 1130 130 25 otherwise
774 1129 61 25 with
856 1128 39 25 Mr
912 1127 106 27 Renner,
1039 1133 47 17 nor
1104 1125 62 24 hare

632 1170 15 24 I
657 1171 67 31 given
736 1170 55 24 him
802 1177 49 22 any
862 1166 108 35 grounds
988 1167 39 24 for
1039 1173 49 24 any
1101 1164 63 25 such

633 1213 141 27 statement,
804 1210 21 25 it
851 1209 22 24 is
893 1206 84 34 purely
995 1206 44 25 the
1058 1205 105 33 gratuit-

632 1258 45 16 ous
697 1250 102 31 product
811 1249 27 24 of
847 1249 38 24 his
897 1246 79 26 fertile
989 1246 78 23 brain.
1090 1245 73 23 True,

633 1289 104 25 towards
760 1288 44 25 the
823 1287 90 25 middle
935 1285 27 26 of
981 1293 43 23 my
1034 1284 129 25 electione-

632 1328 69 32 ering
717 1326 129 33 campaign
858 1326 26 24 m
904 1325 71 27 1893,
988 1331 47 17 one
1047 1322 117 32 morning

632 1373 27 18 as
682 1367 14 24 I
717 1373 48 17 was
785 1365 74 31 going
880 1363 75 26 north
979 1362 31 31 by
1034 1362 41 24 the
1098 1361 66 25 train

632 1404 14 25 I
656 1404 99 26 noticed
773 1404 40 24 Mr
833 1403 98 24 Renner
943 1409 31 17 on
992 1401 42 25 the
1046 1400 117 32 platform

632 1443 27 24 of
668 1443 42 25 the
723 1443 91 31 Ashley
833 1441 108 31 Railway
962 1440 106 29 Station,
1093 1438 69 25 when

633 1485 41 22 the
703 1483 65 25 train
797 1483 98 31 stopped
921 1481 32 24 he
976 1480 120 24 informed
1124 1487 40 16 me

632 1524 54 23 that
698 1522 31 24 he
740 1521 50 25 had
802 1521 88 25 retired
907 1520 66 24 from
990 1519 44 24 the
1052 1520 95 22 contest
1157 1525 5 21 ;

633 1563 44 23 but
696 1562 56 24 that
771 1563 30 22 he
821 1561 80 31 might
918 1567 70 17 come
999 1579 2 3 .
1009 1558 106 25 forward
1132 1565 32 17 on

633 1609 65 16 tome
720 1600 84 24 future
823 1599 111 24 occasion
958 1600 25 22 to
1006 1598 95 23 contesfc
1123 1596 41 24 the

633 1639 91 31 Ashley
736 1642 59 24 seat,
814 1637 72 24 when
898 1643 26 17 as
948 1637 41 24 the
1001 1636 63 23 train
1077 1634 87 25 moved

633 1687 32 17 on
675 1679 28 24 m
715 1687 32 16 an
767 1677 101 25 offhand
890 1683 105 18 manner
1014 1676 14 23 I
1039 1673 126 26 remarked

677 1719 61 25 wish
757 1726 50 24 you
924 1724 28 17 or
974 1714 143 32 something
1139 1716 25 23 to

633 1760 55 24 that
699 1760 79 24 effect.
814 1758 61 25 This
887 1758 87 30 simple
987 1756 177 25 circumstance

634 1800 71 25 could
716 1801 46 23 not
774 1799 105 31 possibly
902 1798 31 24 be
953 1796 132 25 construed
1108 1795 58 24 with

635 1847 14 17 a
661 1839 112 31 compact
785 1845 26 17 or
831 1835 204 32 understanding,
1060 1843 26 16 so
1110 1830 54 28 that

634 1879 81 23 where
727 1878 42 24 the
957 1875 26 24 of
993 1875 40 23 Mr
1044 1873 120 24 Meredith

635 1926 81 18 comes
727 1918 54 24 into
800 1916 115 32 question
935 1922 60 24 your
1007 1914 98 25 readers
1117 1913 48 25 will

637 1959 28 25 be
684 1960 26 23 at
728 1967 15 15 a
762 1957 51 25 loss
830 1958 26 24 to
879 1956 89 25 divine.

668 1999 26 24 If
720 1998 39 24 Mr
786 1998 101 23 Renner
915 1996 50 23 had
994 2003 13 16 a
1025 1996 97 28 vestage
1142 1994 25 23 of

636 2039 109 31 grounds
767 2038 37 24 for
823 2037 40 24 his
884 2036 157 26 insinuation,
1070 2035 55 22 that
1154 2035 12 22 I

636 2078 48 23 had
696 2076 99 25 entered
806 2076 52 23 into
877 2083 14 16 a
909 2075 111 29 compact
1042 2073 60 24 with
1114 2072 52 23 him

636 2118 26 23 to
679 2116 73 25 retire
774 2115 28 24 m
823 2114 41 25 his
889 2113 85 24 favour
997 2113 26 24 at
1048 2111 43 25 the
1107 2113 60 22 next

636 2156 98 31 general
753 2155 102 24 election
876 2155 53 29 why
947 2153 40 24 did
999 2153 32 24 he
1042 2154 44 22 not
1098 2151 70 31 bring

637 2196 42 24 the
700 2196 88 23 matter
810 2202 33 22 up
863 2193 50 24 and
945 2199 68 23 press
1035 2191 41 24 his
1097 2190 69 25 claim

636 2236 71 23 when
719 2236 14 23 I
755 2242 52 16 was
830 2242 31 15 on
885 2233 42 24 the
950 2231 113 31 platform
1087 2231 81 24 before

637 2276 42 25 the
691 2275 82 32 public
790 2274 25 25 of
831 2273 133 25 Kaikoura.
989 2271 20 25 A
1021 2271 46 25 few
1089 2271 78 25 weeks

637 2324 45 23 ago
694 2316 14 23 I
727 2315 89 25 visited
833 2314 132 27 Kaikoura,
988 2312 126 24 remained
1127 2314 40 22 ten

637 2355 60 31 days
712 2354 34 24 ,m
764 2353 43 24 the
841 2351 104 29 district,
978 2349 129 25 addressed
1122 2351 45 23 too

637 2394 80 32 public
741 2393 120 31 meetings
894 2391 27 25 m
945 2390 42 28 the
1009 2390 75 24 Town
1108 2389 59 25 Hall

637 2435 49 25 and
698 2443 14 16 a
731 2433 67 26 third
818 2434 23 23 m
863 2433 43 24 the
931 2431 123 25 suburban
1077 2430 89 29 school,

637 2476 26 23 at
675 2475 58 23 each
745 2473 109 30 meeting
877 2472 39 24 Mr
938 2471 97 23 Renner
1053 2478 50 16 was
1115 2478 52 22 pre-

637 2514 62 25 sent,
720 2510 75 26 heard
817 2518 41 16 me
881 2508 81 32 speak,
999 2508 48 24 and
1074 2508 93 24 availed

637 2551 98 25 himself
744 2550 27 25 of
788 2551 41 24 the
853 2549 156 32 opportunity
1032 2548 25 24 of
1080 2548 89 31 asking

637 2601 40 15 me
694 2591 142 32 questions;
861 2590 43 24 but
926 2590 45 22 not
992 2597 60 15 once
1075 2588 42 24 did
1136 2591 40 22 he,

636 2630 63 24 refer
715 2633 26 21 to
762 2637 14 16 a
799 2629 111 30 compact
933 2628 109 22 between
1055 2626 52 24 him
1120 2626 47 24 and

636 2677 48 21 me,
701 2668 21 24 if
734 2668 32 23 he
788 2666 108 31 thought
913 2664 54 25 that
985 2664 61 25 such
1063 2673 49 16 was
1126 2665 41 24 the

636 2715 63 21 case,
724 2705 56 31 why
799 2704 40 25 did
860 2704 31 25 he
914 2705 44 22 not
981 2703 125 31 challenge
1129 2711 38 16 mo

636 2747 79 25 where
726 2747 32 23 he
775 2746 22 24 is

807 2784 82 24 Yours
905 2782 128 31 faithfully

908 2823 30 24 R.
957 2822 193 24 MEREDITH.

736 2962 158 25 POPULAR
906 2960 162 26 BANKING.

669 3031 100 24 Madam.
773 3044 30 3 —
806 3029 88 25 Would
907 3036 46 23 you
966 3027 71 25 allow
1048 3035 40 16 me
1098 3035 71 23 space

635 3069 37 25 for
692 3069 41 24 the
755 3068 127 30 following
905 3066 118 24 remarks.
1059 3066 13 23 I
1090 3067 79 23 wmlu

635 3109 50 25 like
710 3111 25 23 to
748 3108 44 25 ask
804 3108 71 24 those
902 3106 53 24 who
969 3106 87 24 intend
1067 3108 25 22 to
1115 3108 61 26 vote,

636 3151 97 30 against
745 3149 43 25 the
809 3149 167 24 Government
997 3146 102 25 because
1112 3147 58 31 they

635 3189 42 23 did
694 3190 44 22 not
750 3187 69 23 make
840 3195 15 15 a
864 3186 3 2 '
876 3186 71 24 State
968 3183 80 31 Bank,
1070 3188 30 20 do
1114 3184 55 31 they

635 3229 87 30 expect
733 3230 23 22 to
768 3227 57 31 gain
837 3226 125 31 anything
974 3224 31 32 by
1018 3224 104 31 putting,
1128 3224 42 24 the

636 3268 144 32 Opposition
802 3267 54 24 into
871 3266 107 31 .power?
997 3265 52 24 The
1072 3264 98 24 Liberal

636 3309 181 26 Governments
842 3307 49 25 will
916 3306 118 31 probably
1057 3305 73 25 make
1157 3314 13 15 a

635 3348 109 31 People's
763 3346 72 24 Bank
855 3348 24 22 at
905 3353 68 17 some
997 3344 81 24 future
1102 3345 67 28 time,

636 3390 69 22 when
719 3388 42 23 the
771 3386 92 31 Colony
875 3389 54 28 gets
939 3385 116 24 educated
1065 3385 104 30 enough.

637 3429 24 23 It
672 3429 21 23 is
716 3431 44 21 not
783 3423 72 34 likely
875 3434 15 16 a
913 3425 174 25 Conservative
1107 3424 62 25 Gov-

635 3468 114 23 ernment
767 3465 51 24 will
840 3464 72 25 m'-tke
933 3472 14 16 a
966 3464 112 31 People's
1091 3462 79 30 Bank,

637 3514 26 16 as
675 3506 28 28 ;it
715 3506 21 23 is
750 3506 26 23 to
797 3502 249 27 the.ConservatiTes'
1058 3502 114 24 interests

636 3547 26 22 to
675 3545 61 31 keep
757 3544 85 31 things
864 3551 26 16 as
912 3543 55 30 they
981 3550 41 16 are
1035 3549 26 16 as
1074 3541 98 31 regards

635 3583 117 31 Banking
771 3581 152 32 legislation.

798 3642 3 3 .
832 3622 15 23 I
865 3629 42 16 am
925 3621 40 24 &<?.

811 3680 2 2 .
858 3653 23 34 -.'...
891 3662 38 25 \,.
931 3658 140 25 PEN-NIB.
1088 3668 17 17 :.
1151 3676 9 9 ,

683 3835 22 23 A
721 3831 194 27 BURDENED
941 3831 182 26 INDUSTRY.

660 3910 61 33 ''i'dd
736 3915 151 32 pastoralists
899 3913 27 24 of
937 3913 160 29 Queensland
1110 3913 62 23 have

635 3958 148 26 difficulties'.
819 3958 85 25 Under
922 3957 42 24 the
982 3958 75 23 terms
1070 3956 27 24 of
1107 3956 66 24 their

625 4005 87 25 .leases
729 4004 148 24 thair.rents
895 4002 64 22 have
974 4000 52 31 just
1041 4000 69 26 .been
1136 4008 33 15 re-

634 4045 76 31 vised,
729 4045 144 33 qnd.,rp:ised
885 4052 31 17 on
934 4051 33 16 an
979 4050 103 23 average,
1096 4042 78 24 about

635 4092 92 29 17...per
745 4090 63 24 cent.
816 4094 24 26 ...'.,
844 4088 21 26 A
884 4094 64 26 very,
959 4085 141 27 influential
1110 4085 66 31 dep*.

635 4134 97 23 utation
748 4131 91 25 waited
855 4138 33 16 on
903 4124 43 29 Mr
963 4129 91 25 Nelson
1066 4137 33 16 on
1112 4129 55 24 Oct-

634 4177 58 25 ober
716 4174 70 29 17th}
786 4172 177 25 —aad—with-
981 4171 191 32 great-lability-

746 4218 43 26 the
807 4225 56 17 case
887 4216 97 33 against
1002 4223 32 17 an
1062 4216 111 24 increase

633 4261 117 26 oTilents.
786 4258 53 24 The
867 4252 221 36 pastoralistsf'ill'
1098 4257 68 23 must

633 4301 29 24 be
683 4291 138 33 'admitted,
851 4301 71 24 carry
949 4291 76 40 ma^
1058 4294 115 26 burdens-

714 4327 95 45 Inast'
817 4331 224 51 failen^.fra^^.ac
1068 4346 103 36 |yerage

714 4385 27 25 of
756 4384 51 24 £12
819 4377 131 44 '^jet
950 4367 80 52 l|^
1032 4370 135 49 4s.^'B93.

632 4431 51 24 But
700 4435 81 24 wages
792 4426 69 28 ,have,
878 4426 42 32 npjb
937 4423 84 29 fallen,
1043 4423 70 25 vvhile
1131 4424 36 25 in-

633 4475 75 24 terest
725 4471 53 27 arid,
792 4472 69 33 ren^fcs
870 4469 86 29 ,hay.c,,
959 4489 7 9 t
970 4467 103 26 steadily
1090 4468 75 30 ri^en.

623 4527 2 9 •
633 4517 40 25 Mr
690 4513 142 28 Morehead.,
839 4520 66 25 gave,
919 4511 43 25 the
979 4518 56 18 case
1052 4511 37 25 o!,
1098 4511 78 30 what.

1203 206 32 25 he
1252 206 77 25 called
1430 206 28 26 of
1482 207 42 25 the
1542 207 74 24 finest
1639 213 98 24 proper-

1203 251 46 24 ties
1267 250 25 24 m
1310 250 125 26 Australia
1445 260 6 21 ;
1481 260 46 15 one
1544 259 49 16 was
1618 259 13 15 a
1659 250 75 31 sheep

1204 293 90 24 station
1312 294 59 23 with
1392 295 71 24 £250
1480 293 111 25 invested
1608 293 27 24 m
1648 293 26 28 it,
1687 293 50 24 and

1202 336 37 24 for
1256 337 71 23 three
1344 344 71 23 years
1432 337 33 24 its
1493 344 102 24 average
1618 337 116 31 earnings

1201 379 64 25 have
1274 379 61 25 been
1348 381 58 24 3.16
1418 388 43 23 per
1478 382 65 22 cent.
1579 379 54 25 The
1645 380 90 24 second

1202 431 49 17 was
1270 431 14 16 a
1301 424 77 24 cattle
1406 424 92 24 station
1519 424 60 24 with
1606 424 130 27 £117,000

1201 466 111 25 invested
1329 467 28 24 m
1373 467 27 28 it,
1418 466 50 25 and
1485 467 43 24 the
1545 466 78 25 result
1634 466 28 25 of
1667 467 69 24 three

1200 510 77 31 years'
1297 509 108 33 working
1421 518 51 17 was
1489 519 15 15 a
1515 511 51 24 loss
1583 509 27 25 of
1626 511 57 27 0,15
1693 518 43 23 per

1201 555 63 23 cent.
1315 553 42 25 Mr
1381 553 104 29 Nelson,
1514 554 26 23 m
1559 552 76 32 reply,
1662 554 73 30 urged

1200 597 54 25 that
1271 596 44 26 the
1334 597 160 30 Queensland
1511 599 57 23 rent
1584 596 27 24 of
1625 596 42 30 £d.
1691 605 42 23 per

1199 648 56 17 acre
1272 647 50 18 was
1339 648 57 23 very
1408 641 135 29 moderate,
1561 640 50 25 and
1623 640 55 25 that
1691 641 42 24 the

1201 680 151 31 pastoralists
1369 683 66 21 must
1463 680 93 31 change
1581 679 44 25 the
1648 680 84 24 condi-

1199 723 64 25 tions
1279 723 27 26 cf
1326 723 64 25 their
1413 723 121 31 industry.
1576 722 68 32 They
1661 723 72 25 could

1197 768 44 30 put
1253 775 33 17 an
1298 768 70 24 extra
1387 767 84 32 pound
1493 767 28 25 of
1535 766 61 27 wool
1608 775 33 17 on
1661 775 70 24 every

1198 811 73 30 sheep
1288 812 27 23 m
1333 812 43 23 the
1392 811 90 32 colony
1498 812 33 30 by
1551 819 55 16 care
1628 812 27 23 m
1678 813 53 23 bre-

1197 853 82 31 eding.
1314 853 90 32 Wages
1429 853 82 32 might
1530 853 31 25 be
1580 853 106 25 reduced
1698 853 33 32 by

1197 896 102 31 making
1310 897 113 31 shearing
1434 904 15 17 a
1460 897 149 24 continuous
1622 897 107 32 employ-

1195 942 75 27 ment,
1289 940 96 25 instead
1397 940 25 25 of
1434 940 124 32 crowding
1576 940 21 25 it
1608 940 55 25 into
1674 940 56 26 four

1195 983 101 25 months
1315 987 44 22 out
1378 984 26 24 of
1420 984 95 26 twelve.
1550 984 80 26 There
1651 984 21 26 is
1696 992 33 18 no

1194 1027 77 26 doubt
1282 1028 57 25 that
1357 1029 180 31 wool-growing
1559 1029 47 24 has
1622 1029 105 25 suffered

1194 1071 92 31 grtatly
1298 1071 61 25 with
1369 1071 44 25 the
1435 1072 101 31 general
1555 1071 46 25 fall
1613 1072 27 25 of
1648 1072 80 32 prices

1191 1123 60 17 .over
1269 1115 43 24 the
1332 1115 81 25 whole
1434 1116 94 29 world;
1550 1116 47 24 but
1607 1115 44 25 the
1671 1117 53 24 mis-

1194 1158 65 25 chief
1277 1158 21 24 is
1321 1159 147 32 augmented
1480 1159 32 32 by
1524 1159 44 25 the
1588 1159 60 32 high
1662 1163 66 21 rates

1194 1204 26 23 of
1241 1202 102 24 interest
1363 1203 107 32 charged
1492 1203 33 33 by
1549 1203 119 24 financial
1688 1204 37 24 in-

1193 1246 135 25 stitutions.

1337 1434 245 27 OMNIFARIOUS.

1334 1479 76 24 From
1429 1480 48 24 The
1487 1481 96 31 People.

1225 1543 40 24 Mr
1282 1544 32 25 L,
1330 1544 25 24 J.
1373 1544 101 25 Nathan
1491 1546 21 24 is
1528 1549 43 21 not
1583 1554 56 23 very
1650 1546 75 31 hope-

1193 1586 32 25 ful
1246 1586 73 26 about
1336 1587 42 25 the
1390 1587 101 27 outlook
1502 1589 27 25 of
1538 1589 63 25 New
1613 1589 111 26 Zealand

1192 1630 57 25 flax.
1285 1631 79 24 There
1376 1631 45 25 has
1440 1631 62 25 been
1524 1641 15 16 a
1557 1634 69 30 large
1638 1634 88 30 output

1192 1674 27 24 of
1240 1674 58 25 sisal
1319 1674 49 24 aud
1388 1675 102 31 manila,
1518 1676 50 25 and
1585 1676 64 25 until
1665 1676 61 25 New

1193 1717 109 25 Zealand
1314 1717 50 25 flax
1385 1725 45 17 can
1453 1718 29 25 be
1503 1719 124 31 produced
1638 1720 24 24 m
1674 1728 52 24 reg-

1192 1761 55 25 ular
1269 1761 149 32 dependable
1442 1764 135 31 quantities
1601 1765 25 24 at
1649 1765 77 31 prices

1194 1807 24 22 to
1230 1807 110 24 compete
1361 1805 60 25 with
1440 1807 76 29 these,
1537 1808 67 24 there
1623 1808 23 25 is
1663 1808 63 25 little

1193 1849 63 32 hope
1279 1849 28 25 of
1322 1852 147 29 permanent
1489 1852 105 25 market.

1226 1894 21 23 A
1268 1894 190 30 correspondent
1479 1895 26 23 of
1522 1895 41 25 the
1585 1895 62 25 Post
1670 1904 56 24 sug-

1194 1939 67 29 gests
1277 1939 56 22 that
1351 1946 33 15 an
1405 1939 70 24 effort
1496 1939 89 24 should
1605 1939 30 24 be
1655 1941 73 24 made

1197 1983 29 29 by
1242 1981 42 24 the
1298 1981 166 26 Government
1482 1984 26 23 to
1521 1982 118 25 establish
1660 1984 68 24 trade

1194 2024 118 24 relations
1334 2024 109 24 between
1464 2025 58 25 New
1550 2026 109 24 Zealand
1679 2028 49 22 and

1195 2068 91 24 Asiatic
1308 2069 74 30 ports.

1228 2111 92 26 Messrs
1333 2111 101 26 Weddel
1446 2113 49 24 and
1508 2113 52 31 Co.,
1573 2113 25 25 of
1611 2113 116 30 London,

1194 2158 83 28 •report
1300 2156 53 25 that
1374 2157 42 24 the
1439 2158 106 23 demand
1566 2158 37 24 for
1622 2159 106 23 colonial

1196 2200 80 24 butter
1288 2202 25 22 at
1326 2200 42 24 the
1387 2201 47 23 end
1453 2200 26 24 of
1498 2201 88 25 March
1606 2209 50 17 was
1668 2210 61 23 very

1197 2242 58 26 slow
1267 2243 58 25 with
1345 2252 15 16 a
1380 2244 117 32 lowering
1515 2245 25 24 of
1552 2245 92 24 values.
1679 2245 50 24 For

1195 2287 43 24 the
1266 2287 85 24 fourth
1374 2287 67 25 week
1467 2288 27 25 m
1522 2289 140 24 succession
1685 2290 44 24 the

1197 2330 162 32 Copenhagen
1381 2332 143 24 committee
1558 2332 105 24 lowered
1686 2333 43 24 the

1195 2374 66 31 price
1281 2374 27 24 of
1324 2374 97 25 Danish
1440 2375 88 25 butter.

1229 2418 53 24 The
1300 2418 102 32 Kaiapoi
1420 2419 76 31 Dairy
1513 2419 104 32 Factory
1641 2419 21 25 is
1674 2428 55 17 now

1197 2459 90 31 paying
1303 2459 47 30 BJd
1367 2467 44 23 per
1433 2460 84 30 gallon
1541 2459 37 25 for
1607 2460 44 24 the
1668 2459 61 25 milk

1197 2501 117 32 supplied.

1199 2699 386 25 WAIMAKARIRI-ASHLEY
1604 2697 125 25 WATER

1329 2753 130 24 SUPPLY
1472 2753 123 24 BOARD.

1230 2833 52 28 The
1294 2836 119 32 Ordinary
1425 2836 108 32 meeting
1543 2843 51 17 was
1616 2834 60 26 held
1696 2843 32 17 on

1197 2878 126 29 Thursday
1347 2877 69 23 11th.
1442 2878 59 23 inst.
1548 2878 115 26 Present,
1686 2876 48 24 Mr.

1197 2916 67 24 John
1300 2915 159 27 O'HaJloran,
1503 2914 146 26 Chairman,
1679 2914 50 24 and

1197 2954 92 23 Messrs
1301 2952 136 25 Dickinson
1454 2952 50 24 and
1522 2952 107 24 Horrell.

1230 2993 52 25 The
1308 2992 93 25 Clerk's
1419 2994 80 30 report
1525 3001 50 16 was
1604 2991 69 26 read.
1679 2991 49 24 and

1197 3032 66 25 dealt
1280 3031 68 25 viith.
1675 3047 2 8 ,

1231 3072 51 25 The
1300 3072 81 23 Board
1399 3073 61 23 went
1477 3071 116 31 carefully
1609 3071 53 23 into
1680 3070 47 23 fin-

1198 3119 72 17 ances
1298 3110 130 32 regarding
1451 3109 42 25 the
1510 3110 124 28 .Brown's
1661 3106 76 27 Rock'

1200 3152 112 27 Scheme,
1320 3151 79 24 /.with
1427 3151 43 24 the
1492 3151 83 24 :result
1598 3149 56 24 that
1668 3157 61 16 .over

1199 3192 97 27 £3,000
1324 3190 49 24 will
1399 3190 73 24 stand
1500 3192 31 22 to-
1553 3190 44 24 the
1625 3189 104 24 Board's

1199 3230 76 25 credit
1293 3229 72 26 after.
1373 3229 33 24 all
1433 3229 125 26 liabilities
1586 3228 75 25 have.
1667 3227 62 25 been

1199 3271 55 32 paid
1272 3278 31 17 on
1322 3270 45 24 and
1388 3269 42 25 the
1449 3269 79 25 works
1546 3268 138 32 completed
1696 3276 33 23 up

1200 3314 24 23 to
1254 3311 42 24 the
1326 3309 80 27 South
1432 3309 66 26 bank
1531 3309 27 26 of
1585 3308 42 25 the
1656 3308 75 25 Biver

1202 3354 74 31 Eyre.

1232 3393 53 24 The
1303 3392 82 23 Board
1402 3391 89 24 desires
1515 3391 21 24 it
1557 3393 26 21 to
1600 3391 28 22 be
1642 3389 88 24 known

1199 3432 55 25 that
1273 3431 66 24 there
1356 3430 21 24 is
1395 3437 14 16 a
1421 3429 103 24 balance
1541 3428 26 25 of
1590 3429 60 23 £15.
1670 3436 3 4 -
1677 3429 52 23 10s.

1200 3470 133 27 connected
1345 3470 59 24 with
1416 3469 92 32 Long's
1522 3469 116 24 Sontract
1649 3467 81 25 which

1200 3504 56 36 they
1272 3508 87 24 intend
1387 3509 26 23 to
1442 3507 130 25 distribute
1599 3514 43 23 pro
1667 3508 62 26 rata,

1190 3547 2 25 I
1200 3549 114 31 amongst
1325 3547 42 25 the
1385 3547 92 32 unpaid
1494 3547 136 25 workmen.

1233 3589 21 25 A
1281 3587 105 25 number
1421 3586 25 25 of
1479 3586 162 31 applications
1670 3594 61 16 were

1200 3629 72 25 made
1287 3627 37 25 for
1341 3627 139 32 exemption
1505 3627 24 24 of
1557 3627 74 23 rates.
1649 3647 3 3 ,
1677 3626 60 24 The'

1200 3669 81 26 Board
1310 3668 90 31 replied
1434 3667 63 24 that'
1515 3675 32 17 no
1577 3666 154 31 exemptions

1200 3707 79 25 would
1296 3707 30 24 be
1343 3706 71 24 made
1439 3706 102 24 without
1568 3704 93 25 careful
1690 3712 41 16 en-

1200 3746 77 31 quiry,
1315 3744 48 24 and
1397 3744 159 30 applications
1590 3742 26 23 m
1630 3763 2 3 .
1649 3742 83 23 future

1190 3791 2 16 !
1200 3785 79 25 would
1295 3786 62 22 have
1374 3785 25 23 to
1426 3783 31 25 be
1485 3783 69 24 made
1572 3790 39 20 on.
1630 3781 102 32 printed

1200 3827 73 24 forms
1291 3824 116 32 provided
1423 3823 30 31 by
1471 3824 43 24 the
1533 3822 88 26 Board.

1204 3873 2 5 ■
1233 3864 53 24 The
1314 3863 123 31 Engineer
1474 3861 113 31 reported
1614 3861 56 24 that
1690 3860 43 24 the

1201 3901 172 26 Tunnel-work
1391 3908 50 17 was
1458 3901 75 30 going
1557 3907 33 17 on
1610 3899 121 24 satisfact-

1201 3941 68 32 orily,
1294 3940 49 25 and
1369 3940 56 23 that
1451 3939 43 24 the
1518 3937 109 31 heading
1652 3937 82 26 would

1200 3983 30 24 be
1245 3974 110 38 'through
1385 3981 26 22 to
1428 3979 42 24 the
1498 3979 71 24 other
1620 3977 49 25 end
1697 3979 36 23 to-

1201 4029 108 18 morrow.

1233 4058 116 26 B.esolv^d
1367 4057 56 25 that
1440 4057 63 25 from
1527 4059 42 23 the*
1586 4057 46 24 Ist.
1658 4055 69 32 April

1200 4090 122 37 lastipast,
1347 4096 32 24 10
1401 4102 43 23 per
1463 4096 55 23 cent
1541 4094 50 25 will
1614 4094 30 24 be
1656 4094 78 24 added

1202 4138 25 22 to
1239 4135 34 24 all
1291 4136 64 22 rates
1373 4133 136 30 remaining
1522 4146 4 3 •
1538 4132 92 31 unpaid
1641 4132 38 24 for
1691 4132 43 25 the

1200 4180 73 25 space
1292 4171 27 24 of
1339 4171 39 24 six
1392 4170 111 25 months.

1235 4211 50 25 The
1308 4210 106 31 meeting
1430 4209 58 24 then
1508 4209 159 24 terminated.

1790 2204 54 25 The
1856 2206 132 23 statement
2011 2204 22 25 is
2054 2205 70 24 made
2144 2205 55 24 that
2219 2205 70 24 there

1757 2251 41 16 are
1816 2244 49 25 967
1877 2251 96 17 women
1987 2242 122 32 employed
2127 2243 27 25 m
2164 2243 41 24 the
2219 2243 69 26 State

1757 2282 79 25 banks
1856 2282 27 24 of
1901 2282 122 28 America,
2048 2282 47 24 and
2119 2286 42 21 not
2181 2290 45 17 one
2246 2283 44 24 has

1757 2323 58 24 been
1827 2322 76 24 found
1916 2323 25 23 to
1953 2321 30 25 be
1995 2329 14 17 a
2021 2321 128 26 defaulter.

1789 2365 32 24 In
1833 2365 60 25 New
1914 2364 68 25 York
2001 2364 63 32 City,
2086 2365 80 25 where
2185 2365 69 25 there
2267 2366 21 23 is

1757 2406 61 24 such
1831 2405 121 32 crowding
1962 2405 38 25 for
2011 2413 76 21 room,
2102 2407 91 27 17,000
2202 2408 88 22 vacant

1757 2446 48 24 lots
1823 2454 42 17 are
1881 2446 59 25 held
1959 2446 57 24 idle.

1246 4352 4 25 CHIPS.

1228 4401 3 17 ;
1361 4394 76 25 From
1449 4394 127 25 Forwards

1227 4466 30 26 ,A
1277 4466 98 31 Sydney
1393 4465 115 30 solicitor,
1533 4464 119 32 sufferirig
1670 4464 64 26 from

1203 4510 43 25 the
1262 4510 48 24 law
1321 4509 27 24 of
1357 4508 88 32 supply
1456 4509 50 24 and
1517 4507 116 30 demand,
1648 4508 31 25 be
1691 4509 43 24 ad-

1767 196 101 25 vertises
1879 196 54 25 that
1944 196 32 25 he
1988 197 54 26 will
2054 198 106 25 conduct
2173 205 67 18 cases
2253 198 48 25 and

1767 244 50 24 will
1836 247 45 22 not
1903 245 89 32 charge
2016 254 50 23 any
2086 247 36 24 fee
2143 247 83 24 unless
2238 247 31 24 he
2281 247 20 24 is

1766 288 141 25 successful.

1801 336 127 26 Socialism
1948 337 22 25 is
1993 339 126 25 economic
2139 340 160 31 Democracy,

1764 379 21 25 it
1795 388 116 24 proposes
1924 383 25 22 to
1961 381 92 26 deliver
2071 383 93 31 society
2176 383 61 24 from
2258 383 42 24 the

1764 423 54 26 rule
1830 424 28 25 of
1867 425 43 25 the
1921 425 61 29 rich,
2006 426 49 24 and
2075 431 25 20 to
2121 426 119 25 establish
2261 435 37 16 ec-

1764 468 98 24 onomic
1874 468 109 32 equality
1995 468 33 33 by
2051 468 44 26 the
2114 470 148 31 application
2275 471 26 23 of

1763 510 42 24 the
1816 511 148 25 democratic
1975 513 108 24 formula
2095 515 25 23 to
2141 515 42 23 the
2195 514 101 31 produc-

1763 555 51 23 tion
1827 557 48 22 and
1888 556 158 25 distribution
2068 557 28 24 of
2117 558 98 24 wealth.
2251 558 46 24 We

1761 597 60 25 hold
1833 598 55 25 that
1910 598 44 26 the
1976 598 72 26 iadus
2049 599 57 26 trial
2125 604 93 28 system
2239 600 27 26 of
2282 609 14 16 a

1761 640 96 30 nation,
1881 642 48 25 like
1938 642 33 25 its
1981 642 112 31 political
2105 645 103 30 system,
2218 644 78 31 ought

1761 685 26 23 to
1799 685 28 23 be
1848 692 14 17 a
1874 687 161 29 government
2047 687 27 24 of
2095 687 42 25 the
2148 688 93 30 people,
2263 687 32 31 by

1760 726 42 26 the
1813 729 91 31 people,
1928 728 37 25 for
1976 729 44 25 the
2030 729 95 33 people,
2148 730 49 25 and
2208 730 38 25 for
2262 729 31 25 all

1759 772 27 25 of
1798 771 69 26 them
1879 772 106 32 equally.
2020 774 35 24 To
2067 774 56 25 that
2132 774 50 25 end
2197 782 37 17 we
2252 774 40 25 de-

1759 816 49 23 sire
1820 818 24 21 to
1857 823 39 17 see
1908 817 130 30 organised
2049 825 28 17 as
2088 818 82 29 public
2182 818 111 24 business

1758 856 36 26 all
1806 857 42 25 the
1860 858 129 25 industrial
2012 859 49 25 and
2084 861 156 25 commercial
2256 861 35 25 af-

1757 900 58 26 fairs
1826 901 28 25 of
1863 901 43 26 the
1926 902 94 31 people.
2021 917 33 4 —
2055 904 111 24 Edward
2175 905 115 31 Bellamy.

1790 944 41 25 Mr
1842 945 96 31 Morley
1957 945 85 26 thinks
2062 946 54 26 that
2139 947 44 25 the
2194 947 96 26 British

1756 988 112 34 working
1888 990 91 25 classes
2002 990 89 26 should
2109 991 83 25 awake
2201 993 34 25 ■to
2247 992 43 26 the

1755 1032 105 33 dangers
1877 1034 156 32 threatening
2055 1035 70 26 them
2147 1035 65 26 from
2235 1035 53 26 Ori-

1755 1077 66 24 ental
1830 1078 167 31 competition.
2016 1078 65 25 That
2089 1079 22 24 is
2119 1080 53 23 true
2181 1079 107 31 enough.

1755 1119 14 24 I
1796 1120 60 25 read
1875 1121 28 24 m
1922 1127 33 18 an
1983 1120 131 26 American
2136 1129 75 24 paper
2232 1121 57 26 that

1755 1162 124 32 Japanese
1904 1164 203 25 manufacturers'
2135 1169 85 28 agents
2247 1173 42 17 are

1755 1206 87 33 taking
1868 1207 84 25 orders
1971 1207 26 24 m
2021 1207 52 26 San
2096 1207 133 26 Francisco
2251 1208 38 25 for

1755 1251 77 27 boots,
1856 1250 81 29 shoes,
1961 1250 117 32 clothing,
2102 1251 116 30 watches,
2229 1259 58 16 sew-

1754 1292 44 32 ing
1820 1293 135 28 machines,
1988 1294 100 31 cutlery,
2109 1294 73 31 fancy
2202 1294 82 32 goods,

1755 1336 131 30 hardware,
1908 1336 116 31 matches,
2049 1338 56 27 etc.,
2128 1339 26 23 at
2166 1338 31 24 30
2217 1339 25 23 to
2256 1338 32 24 50

1754 1388 41 23 per
1807 1381 65 23 cent,
1885 1380 78 24 under
1975 1380 129 25 American
2116 1381 84 32 prices,
2214 1382 74 24 duties

1753 1425 101 29 prepaid
1866 1425 11 23 !
1893 1423 120 32 Bicycles,
2035 1425 73 31 equal
2133 1426 26 23 to
2179 1425 43 25 the
2233 1424 53 26 best

1754 1466 156 30 Americans,
1922 1475 62 18 were
1996 1468 91 25 offered
2098 1470 25 23 at
2140 1469 53 24 48g.
2206 1470 5 23 !
2235 1468 52 25 The

1754 1510 140 31 equivalent
1905 1512 27 23 m
1953 1511 131 25 American
2105 1519 88 24 money
2204 1514 26 23 to
2242 1512 43 25 the

1754 1561 80 23 wages
1853 1554 56 31 paid
1929 1555 26 23 to
1966 1554 43 24 the
2021 1555 122 30 Japanese
2155 1555 131 31 producers

1754 1596 26 24 of
1789 1597 70 25 these
1870 1597 85 33 goods,
1968 1598 20 24 is
2009 1599 73 24 about
2100 1599 40 24 2d.
2154 1601 26 22 to
2191 1599 41 24 4d.
2245 1606 42 24 per

1754 1641 47 31 day
1813 1641 26 24 of
1850 1642 31 23 14
1894 1643 26 23 to
1933 1642 29 23 16
1981 1641 75 24 hours
2067 1642 5 23 !
2096 1642 68 24 Well
2175 1650 59 24 may
2246 1642 41 23 Mr

1754 1683 94 33 Morley
1869 1684 43 25 tell
1936 1684 40 24 the
1999 1684 96 25 British
2115 1684 105 26 workers
2232 1684 55 26 that

1754 1727 68 26 there
1849 1728 23 25 is
1900 1728 93 33 danger
2015 1731 26 23 to
2059 1728 30 25 be
2115 1728 172 33 apprehended

1754 1774 64 24 from
1830 1773 111 25 Oriental
1964 1773 158 31 competition
2133 1774 6 23 !
2163 1773 45 24 but
2230 1773 55 24 how

1755 1817 58 25 does
1835 1817 32 25 he
1889 1824 103 25 propose
2018 1819 24 23 tc
2072 1819 68 23 avert
2161 1817 41 25 it?
2239 1816 47 25 His

1755 1861 98 32 remedy
1854 1877 31 3 —
1887 1861 42 25 the
1958 1861 58 32 only
2044 1861 100 32 remedy
2179 1860 108 33 possible

1755 1905 77 24 under
1860 1905 198 24 Individualistic
2095 1905 136 24 conditions
2232 1919 32 4 —
2265 1905 21 24 is

1755 1950 56 24 that
1823 1957 45 17 our
1879 1949 107 25 workers
2006 1949 64 24 shall
2077 1950 127 31 gradually
2216 1957 71 17 come-

1756 1993 71 24 down
1840 1995 25 22 to
1877 1994 42 23 the
1938 2001 68 15 same
2026 2001 80 22 wages
2129 2001 26 16 as
2176 1993 41 24 the
2229 1993 59 30 Jap-

1756 2044 81 16 anese.
1873 2036 53 24 The
1948 2035 72 25 other
2037 2036 99 31 remedy
2153 2036 22 24 is
2197 2036 91 25 Social-

1755 2079 57 24 ism.
1817 2094 30 3 —
1851 2080 104 25 Clarion.

1758 2675 159 62 LOCAL
1949 2675 96 62 and
2077 2675 224 62 GENERAL

1792 2805 147 24 Influenza.
1941 2818 27 4 —
1974 2804 61 24 Now
2054 2805 50 23 this
2133 2805 118 30 epidemic
2270 2805 22 24 is

1757 2848 129 32 becoming
1896 2847 127 32 prevalent
2032 2856 36 16 we
2081 2848 111 32 strongly
2202 2857 88 17 recom-

1757 2893 71 23 mend
1840 2892 42 24 the
1894 2892 49 24 free
1955 2899 43 17 use
2010 2892 27 24 of
2047 2892 121 31 Platypus
2175 2892 84 24 Brand
2268 2892 26 24 of

1757 2935 152 31 Eucalyptus
1924 2934 64 25 Glob
1991 2935 56 24 ulus
2075 2935 112 28 Extract,
2207 2935 2 12 !
2216 2935 73 24 taken

1755 2987 68 23 .upon
1846 2985 74 25 sugar
1948 2985 27 17 or
1994 2978 27 24 m
2044 2977 70 26 milk.
2121 2996 19 7 ..
2150 2978 54 25 The
2221 2979 77 25 .most

1757 3023 113 32 pleasant
1881 3031 53 23 way
1947 3024 24 22 to
1980 3022 57 24 tako
2049 3022 154 32 Eucalyptus
2225 3022 21 24 is
2265 3022 26 24 m

1757 3067 42 25 the
1832 3067 115 31 Platypus
1975 3066 86 24 Brand
2089 3067 27 24 of
2138 3067 152 31 Eucalyptus

1753 3106 223 36 ■Jivjubes.-----T-b.ey
1988 3118 42 16 are
2041 3110 26 24 ia
2082 3110 63 25 suoli
2157 3119 14 16 a
2182 3109 118 33 portable-

1753 3151 74 27 iorrn,
1839 3151 115 31 pleasant
1965 3152 25 22 to
2002 3152 79 27 taste/
2095 3151 49 24 and
2162 3151 130 31 antiseptic

1759 3194 139 25 stimulant.

1791 3273 96 25 Worth
1914 3281 15 16 a
1952 3273 52 24 Ton
2027 3281 29 16 of
2083 3273 156 25 Theory.-4
2239 3273 52 25 How

1955 3311 121 25 increases
2089 3311 167 33 employment
2268 3313 21 24 is

1757 3360 56 15 now
1826 3351 159 31 experienced
1997 3350 32 32 by
2041 3351 43 24 the
2096 3351 97 31 milling
2213 3351 78 24 trade.

1759 3391 52 24 The
1981 3391 27 24 of
2027 3391 43 23 the
2090 3389 3 4 '
2103 3391 188 31 Amalgamated

1759 3431 128 31 Operative
1900 3431 100 28 Millers,
2022 3433 26 22 at
2060 3439 15 16 a
2092 3431 109 31 meeting
2213 3431 26 24 of
2250 3426 41 28 the

1760 3475 83 29 union,
1865 3474 58 26 held
1945 3474 108 30 recently
2075 3474 25 24 m
2122 3474 42 25 the
2188 3474 103 25 Trades'

1754 3513 74 27 'Hall,
1849 3513 123 31 reported,
2082 3513 84 31 nearly
2186 3513 53 24 half
2251 3513 42 24 the

1759 3550 122 25 members
1894 3550 49 24 had
1955 3549 61 25 been
2034 3551 97 24 thrown
2152 3555 42 20 out
2206 3551 24 23 of
2242 3558 48 17 em-

1759 3588 128 31 ployment
1910 3596 28 16 or
1958 3588 48 24 had
2021 3588 60 24 been
2093 3591 45 28 put
2159 3596 30 17 on
2204 3588 88 25 broken

1861 3626 80 31 owing
1953 3628 25 22 to
1995 3626 42 24 the
2049 3626 50 25 fact
2112 3626 63 24 that;.
2178 3627 43 24 the
2227 3626 66 32 .duty

1760 3673 31 15 on
1804 3665 78 23 wheat
1894 3665 21 24 is
2129 3673 44 16 our
2192 3666 101 24 farmers

1759 3703 38 24 for
1802 3702 47 25 -the
1861 3702 55 25 first
1941 3702 58 25 time
2023 3703 24 24 m
2072 3707 45 20 ten
2129 3712 77 22 years.
2242 3704 53 24 The

1760 3742 105 30 premier
1884 3742 107 31 position
2014 3743 24 22 m
2060 3743 43 23 the
2126 3743 169 24 manufacture

1760 3779 25 25 of
1803 3780 73 25 flour'
1888 3780 49 25 had
1956 3782 60 23 been
2039 3781 147 24 transferred
2197 3785 26 21 to
2235 3781 58 24 New

1763 3821 79 24 South
1872 3821 82 24 Wales
1975 3821 49 24 and
2055 3821 79 24 South
2163 3821 130 25 Australia,

1762 3861 49 23 this
1834 3861 87 31 colony
1944 3861 79 31 losing
2047 3861 99 31 thereby
2175 3862 65 25 close
2263 3869 32 16 on

1762 3901 128 26 £500,000
1910 3908 42 22 per
2147 3914 3 3 ■

1796 3966 216 25 Ecclesiastical.
2015 3981 31 3 —
2049 3965 104 25 Cannon
2177 3967 71 29 Gore,
2269 3966 27 24 m

1762 4018 14 15 a
1794 4017 98 16 sermon
1915 4011 25 22 at
1961 4008 174 25 Westminster
2158 4009 84 32 Abbey
2259 4017 36 16 re-

1762 4049 89 31 cently,
1865 4049 123 24 informed
2056 4049 172 31 congregation
2241 4048 55 25 that

1763 4092 74 24 much
1856 4091 41 24 of-
1908 4092 44 23 the
1963 4092 80 23 -Bible
2064 4096 67 19 must
2154 4091 63 24 have
2237 4092 59 23 been

1761 4135 74 24 taken
1855 4135 71 23 down
1947 4135 27 23 m
1995 4134 145 25 shorthand.
2182 4135 40 23 He
2244 4134 53 24 said

1763 4179 65 27 that,
1830 4177 43 25 the
1886 4177 85 32 speech
1995 4175 26 28 of
2044 4178 37 24 St.
2107 4177 109 32 Stephen
2238 4177 58 25 Acts

1763 4223 50 30 vii,,
1823 4217 76 30 'could
1910 4219 59 35 only
1986 4222 60 25 have
2066 4221 62 25 been
2143 4215 117 32 re'coi'decl
2270 4222 25 24 m

1764 4267 61 24 that-
1837 4274 61 22 way.

1821 4305 4 14 i
2049 4304 4 7 ■'
2072 4316 3 2 .
2094 4304 4 7 '

1773 4340 3 19 :
1797 4336 110 24 Auction
1932 4334 88 25 Sales.
2025 4349 31 3 —
2060 4334 77 24 When
2200 4334 52 24 sale
2265 4334 36 31 by.

1764 4379 99 26 auction
1875 4379 21 24 is
1908 4378 144 25 advertised.
2056 4386 27 16 as
2094 4374 75 34 being

1890 4422 19 25 it
1921 4422 22 24 is
1955 4421 83 32 illegal
2050 4424 26 22 to
2089 4421 98 31 employ
2199 4429 97 24 anyone

1765 4476 25 16 to
1801 4475 48 17 run
1861 4475 33 22 up
1913 4466 43 24 the
1978 4465 100 32 bidding
2097 4473 30 16 on
2139 4494 2 4 _
2149 4465 43 25 the
2195 4469 67 28 -.part
2265 4468 33 29 -pi

1764 4512 42 26 the
1818 4517 82 19 owner
1911 4510 27 24 of
1952 4509 39 25 the
2004 4509 75 29 goods
2100 4508 62 29 sold,
2186 4509 38 25 for
2236 4511 64 26 such.

2331 212 85 18 course
2427 205 21 24 is
2464 214 15 17 a
2498 205 72 26 fraud
2582 213 32 17 on
2634 207 60 25 such
2712 210 56 30 part
2786 209 26 25 of
2822 209 42 26 the

2330 248 83 31 public
2425 257 27 16 as
2474 258 55 24 may
2552 249 63 25 wish
2637 251 26 24 to
2682 251 48 26 bid.
2766 252 96 32 Where,

2330 291 119 30 however,
2471 292 70 25 there
2552 293 22 24 is
2593 299 34 18 no
2644 294 61 24 such
2716 303 144 17 announce-

2329 335 70 22 ment
2411 334 18 23 it
2449 334 21 24 is
2493 336 66 30 quite
2582 334 84 25 lawful
2686 338 26 24 to
2734 338 61 25 send
2815 346 46 18 one

2328 379 90 23 person
2430 374 25 23 to
2471 372 42 25 bid
2524 381 33 17 on
2569 374 43 24 the
2632 377 56 28 part
2700 376 27 24 of
2742 376 43 25 the
2797 385 63 17 ven-

2328 414 51 26 dor.
2426 415 60 25 This
2511 417 54 26 rule
2593 419 69 26 must
2684 418 117 32 however,
2831 422 29 23 be

2328 459 74 25 taken
2425 459 116 33 literally,
2560 461 38 25 for
2615 461 21 24 if
2656 461 70 26 there
2749 463 21 25 is
2792 471 68 18 more

2328 502 59 25 than
2401 511 45 17 one
2467 511 98 24 persoa,
2585 504 61 25 then
2667 505 19 25 it
2709 506 21 24 is
2753 514 15 17 a
2779 507 79 30 lraud,

2326 546 48 25 and
2430 555 16 16 a
2465 555 88 24 person
2576 549 138 31 purchased
2733 550 33 24 lie
2788 552 72 24 could

2326 590 141 26 afterwards
2478 591 81 25 refuse
2571 593 25 24 to
2608 594 111 30 compete
2730 592 21 25 if
2765 593 32 26 he
2808 602 50 17 was

2324 633 54 25 able
2390 635 26 23 to
2430 642 73 23 prove
2521 634 53 25 that
2585 643 68 17 more
2665 635 61 26 than
2747 645 47 17 one
2805 645 52 24 per-

2324 684 45 15 son
2380 676 49 24 had
2451 677 61 24 been
2535 677 101 32 bidding
2648 686 33 16 on
2701 678 44 25 the
2764 682 55 28 part
2830 680 28 25 of

2322 718 44 25 the
2377 719 100 26 vendor,
2514 720 51 25 The
2588 720 50 26 sale
2662 722 81 24 would
2762 724 44 24 not
2826 723 30 26 be

2322 762 109 33 bidding,
2444 764 49 25 and
2510 772 58 18 over
2580 764 49 26 and
2646 765 77 26 above
2734 765 43 26 the
2789 767 66 32 right

2321 808 26 22 to
2359 807 78 24 refuse
2449 809 25 23 to
2485 810 83 29 accept
2580 809 42 24 the
2639 809 87 24 article
2738 811 53 22 sold
2803 811 19 24 it
2834 812 21 23 is

2320 845 116 32 probable
2448 847 52 25 that
2514 847 67 25 there
2593 848 81 25 would
2687 849 27 24 be
2727 856 15 17 a
2753 849 67 31 right
2831 851 26 24 of

2319 889 82 24 action
2414 890 80 25 which
2504 891 83 31 might
2596 891 78 25 result
2681 892 26 24 m
2717 893 136 26 somewhat

2320 929 93 26 serious
2425 930 127 32 damages.

2350 991 206 33 Eeading-Priest
2568 993 87 32 (meets
2664 992 62 27 little
2734 993 112 33 Johnny,

2318 1035 54 25 who
2390 1035 44 25 has
2451 1035 53 32 just
2525 1035 61 26 been
2599 1036 113 34 bathing)
2726 1047 7 15 :

2317 1081 51 22 sort
2387 1080 26 23 of
2434 1080 59 31 boys
2513 1088 40 16 are
2565 1080 67 32 they,
2655 1081 111 32 Johnny,
2792 1082 57 25 that

2316 1120 74 26 bathe
2401 1122 148 26 themselves
2566 1131 32 17 on
2611 1131 15 17 a
2641 1124 60 31 holy
2714 1125 95 32 Sunday

2349 1164 114 33 Johnny:
2585 1167 60 25 with
2663 1175 49 22 me,
2738 1168 50 24 and
2807 1168 41 25 I'll

2316 1208 68 25 shorv

2350 1268 98 25 Mining
2465 1270 92 24 Notes.
2560 1284 31 4 —
2593 1270 51 25 The
2679 1271 64 25 Hon.
2768 1272 19 23 A
2789 1273 2 7 l
2792 1289 6 7 .
2822 1272 24 24 J.

2316 1307 109 26 Cadman
2442 1309 45 25 has
2504 1310 27 24 m
2548 1310 40 24 hi
2595 1310 13 24 3
2606 1311 71 24 office
2690 1313 26 22 at
2727 1311 43 24 the
2782 1312 64 24 Gov-

2315 1349 114 23 ernment
2453 1347 125 33 buildings
2601 1357 68 16 some
2691 1349 157 32 magnificent

2314 1387 175 33 gold-bearing
2507 1394 85 26 quartz
2615 1389 82 25 wtich
2724 1398 46 16 was
2792 1392 56 22 sent

2314 1430 54 24 him
2391 1439 27 17 as
2437 1439 14 17 a
2472 1437 98 26 present
2599 1432 31 32 by
2663 1433 42 25 the
2735 1434 111 24 Hauraki

2316 1470 134 33 Company.
2502 1472 52 25 The
2581 1474 136 30 specimens
2735 1474 49 24 will
2801 1483 47 15 run

2316 1516 92 24 several
2426 1524 91 17 ounces
2534 1517 27 24 of
2576 1517 58 31 gold
2646 1520 25 21 to
2683 1517 43 24 the
2738 1517 35 25 lb.
2817 1518 31 23 In

2315 1560 47 16 one
2373 1554 68 29 piece
2458 1554 26 24 of
2499 1557 86 28 quartz
2610 1555 42 23 the
2674 1555 58 31 gold
2748 1556 22 24 is
2787 1557 28 23 m
2834 1564 14 16 a

2315 1599 65 17 mass
2397 1592 94 24 several
2507 1592 85 25 inches
2611 1594 24 23 m
2653 1594 195 24 circumference

2314 1629 68 31 right
2399 1630 108 31 through
2523 1630 43 25 the
2585 1633 78 22 stone.
2699 1632 111 25 Another
2826 1635 21 24 is

2315 1677 14 17 a
2342 1669 119 25 beautiful
2479 1670 65 25 show
2563 1672 132 30 specimen,
2714 1672 43 25 the
2778 1677 68 21 stone

2314 1708 74 32 being
2404 1709 105 25 studded
2535 1710 59 24 with
2612 1710 81 33 flakey
2710 1712 57 31 gold
2789 1713 26 24 m
2833 1722 15 16 a

2315 1757 105 17 manner
2436 1750 55 25 that
2509 1750 78 25 would
2612 1751 48 25 lick
2680 1753 124 32 anything
2822 1759 26 19 at

2316 1788 151 32 Coolgardie.

2349 1842 85 25 Happy
2454 1843 116 25 Country
2579 1845 39 23 !—
2620 1844 30 25 ln
2684 1845 98 25 Iceland
2807 1848 41 24 the

2316 1886 95 26 doctors
2424 1895 39 16 are
2477 1888 139 31 State-paid
2630 1889 108 25 officials.
2775 1891 73 24 Their

2316 1930 101 32 visiting
2439 1931 39 24 fee
2500 1932 28 27 is,
2552 1931 124 31 therefore,
2708 1935 96 31 usually
2835 1945 14 14 a

2316 1982 83 24 penny
2411 1983 6 21 ;
2441 1977 26 22 at
2489 1975 81 25 times,
2590 1975 120 32 however,
2733 1978 117 32 reaching

2317 2018 43 23 the
2371 2019 190 30 comparatively
2573 2022 158 28 extravagent
2752 2029 53 15 sum
2824 2022 25 23 of

2317 2058 143 30 threepence
2480 2067 27 15 or
2530 2059 121 30 sixpence;

2351 2120 114 25 Populap.
2477 2121 121 24 Banking.
2602 2136 31 4 —
2635 2122 21 24 A
2668 2122 82 25 writer
2761 2123 26 24 m
2807 2124 43 24 the

2317 2159 89 31 People
2428 2167 55 23 says
2495 2168 5 14 :
2503 2173 30 5 —
2537 2161 91 23 ''Some
2662 2161 26 22 of
2717 2161 42 24 the
2782 2170 68 16 more

2319 2198 106 32 striking
2441 2200 77 24 faults
2542 2201 27 23 of
2591 2201 39 23 the
2648 2203 98 28 present
2758 2204 92 28 system

2319 2244 42 17 are
2372 2237 68 25 these
2451 2245 5 16 :
2478 2238 45 24 Wo
2535 2239 54 31 give
2602 2239 66 24 those
2685 2240 69 25 clubs
2766 2249 27 16 or
2811 2249 38 17 co-

2318 2276 72 24 teries
2411 2276 26 24 of
2454 2278 93 30 people,
2582 2277 81 25 which
2689 2279 65 24 ?orm
2777 2279 74 26 Bank

2320 2314 182 31 Corporations,
2526 2323 15 16 a
2559 2317 131 30 monopoly
2701 2317 27 23 of
2745 2318 41 24 the
2797 2326 53 16 cur-

2318 2361 74 24 rency
2401 2354 27 24 of
2437 2354 50 24 thie
2496 2357 110 28 country,
2616 2356 109 30 supplies
2733 2357 26 24 of
2769 2357 81 25 which

2319 2392 59 31 they
2390 2400 46 16 can
2449 2395 54 28 stop
2521 2394 73 24 when
2614 2394 55 30 they
2681 2394 89 25 choose
2782 2397 24 23 to
2818 2397 32 24 do

2321 2439 33 16 so.
2390 2431 69 32 They
2471 2439 41 17 are
2521 2432 75 31 doing
2608 2432 55 24 that
2674 2441 63 20 now,
2751 2436 47 22 and
2808 2435 42 24 the

2319 2472 141 30 productive
2483 2472 130 24 industries
2632 2473 27 23 of
2677 2473 48 24 this
2749 2477 101 28 country

2321 2519 40 16 are
2381 2513 26 22 at
2429 2513 98 29 present
2547 2511 73 31 being
2639 2514 91 23 earned
2748 2521 32 16 on
2799 2517 26 21 at
2836 2523 15 16 a

2320 2552 69 30 great
2416 2549 176 32 disadvantage
2620 2550 26 24 m
2676 2559 173 24 consequence,

2320 2588 48 23 and
2380 2587 66 31 large
2463 2587 117 26 numbers
2600 2589 27 24 of
2647 2597 44 16 our
2709 2590 84 31 people
2811 2600 39 15 are

2319 2627 27 24 m
2358 2629 65 22 want
2443 2627 64 24 from
2526 2627 55 25 that
2602 2636 79 17 cause.
2717 2630 69 25 Then
2798 2630 20 25 ii
2830 2632 20 23 is

2318 2664 46 27 ■not
2381 2675 15 16 a
2416 2670 93 28 system
2529 2667 82 25 which
2629 2667 85 33 brings
2734 2670 70 25 down
2825 2673 25 23 to

2321 2709 40 23 the
2373 2710 67 28 groat
2453 2707 64 31 body
2529 2710 27 22 of
2566 2708 42 25 the
2620 2709 83 31 people,
2715 2710 42 25 the
2774 2719 44 17 use
2827 2712 26 24 of

2320 2754 125 23 currency.
2483 2747 74 24 Small
2576 2747 92 31 people,
2690 2751 26 22 to
2728 2749 82 24 whom-
2818 2757 32 17 an

2321 2786 184 25 accomoclation
2522 2787 25 23 of
2559 2787 33 23 £3
2598 2788 17 22 0
2629 2795 27 16 or
2667 2789 52 23 £20
2730 2789 80 24 would
2821 2791 30 23 be

2321 2825 26 24 of
2355 2826 41 23 the
2407 2826 107 30 greatest
2524 2825 91 25 service
2626 2825 24 24 m
2663 2825 66 25 their
2740 2835 110 22 concern',

2320 2864 63 23 have
2394 2871 33 17 no
2448 2864 89 23 chance
2561 2864 26 24 of
2604 2864 75 31 being
2696 2865 86 32 helped
2795 2867 29 30 by
2837 2876 14 15 a

2320 2900 72 30 bank,
2415 2901 93 31 though
2529 2902 57 31 they
2604 2910 42 14 can
2668 2903 55 30 give
2737 2905 113 30 security.

2321 2944 66 31 They
2399 2952 42 16 are
2462 2947 40 21 too
2523 2944 170 31 insignificant
2714 2946 137 31 altogether

2319 2984 26 24 m
2358 2992 15 16 a
2384 2984 114 31 question
2517 2985 26 23 of
2561 2984 102 32 making
2674 2986 94 30 profits.
2804 2987 47 25 Yet

2311 3048 3 3 .
2321 3022 59 32 they
2392 3031 39 16 are
2443 3022 41 25 the
2503 3022 122 25 hackbone
2644 3024 26 23 of
2688 3024 43 25 the
2749 3028 103 29 country

2321 3070 26 16 so
2364 3062 37 23 far
2413 3069 27 16 as
2452 3062 145 30 production
2609 3062 27 23 of
2651 3064 168 24 commodities
2830 3065 22 23 is

2320 3100 140 25 conoe?ned.
2506 3101 44 24 We
2573 3101 69 29 need,
2667 3102 76 25 above
2763 3104 42 29 all,
2825 3104 28 24 m

2322 3140 51 23 this
2392 3141 111 29 country,
2528 3140 109 30 People's
2658 3140 85 25 Banks
2764 3142 27 23 ia
2811 3143 42 23 the

2321 3177 85 24 Yiddesfc
2426 3185 78 20 sense,
2524 3177 50 24 and
2594 3177 61 24 such
2676 3178 50 24 will
2737 3187 75 16 never
2825 3182 28 22 be

2319 3221 43 27 got
2374 3217 77 23 under
2472 3224 14 16 a
2495 3219 93 29 system
2601 3217 28 23 of>
2639 3217 93 31 private
2745 3218 110 33 banking

2320 3256 38 23 for
2662 3264 10 2 -
2691 3264 2 1 ■
2709 3261 18 6 -•'

2336 3300 6 4 ,
2358 3299 10 6 ,
2611 3292 170 17 ■•■_••

2353 3311 90 25 Ladies
2452 3320 31 17 on
2492 3312 134 25 Bicycles.:
2626 3327 28 4 —
2656 3312 39 25 On
2703 3313 152 35 Wednesday

2321 3358 122 30 morning,
2458 3365 14 15 a
2484 3357 56 31 lady
2553 3365 48 16 was
2614 3359 25 22 to
2651 3358 30 24 be
2692 3366 58 16 seen
2774 3359 83 33 riding

2321 3408 29 16 on
2369 3408 12 16 a
2402 3400 99 31 blicycle,
2522 3400 81 24 which
2620 3400 22 24 is
2660 3410 13 14 n
2691 3409 59 23 very
2781 3411 74 17 unus-

2322 3445 39 23 uai
2380 3445 66 31 sight
2465 3445 37 24 for
2521 3445 101 24 Oxford.
2678 3456 5 6 •
2738 3460 3 4 •

2317 3526 2 3 .
2355 3505 138 23 Political.
2496 3519 30 4 —
2530 3507 36 30 (1)
2597 3506 106 30 Capuain
2738 3507 120 25 Russell's

2323 3554 69 25 party
2405 3557 56 23 sajs
2485 3549 57 24 that
2567 3549 43 24 the
2636 3549 99 26 Seddon
2745 3550 125 29 .Govern-.,

2322 3594 69 22 nisnt
2403 3592 22 24 is
2437 3599 14 17 a
2463 3599 68 17 curse
2554 3592 103 25 because
2681 3592 26 25 of
2729 3593 42 25 the
2783 3594 72 25 Land
2865 3598 2 12 :

2322 3636 49 24 and
2383 3635 101 25 Income
2498 3638 68 22 taxes
2582 3636 52 24 and
2652 3636 89 24 labour
2760 3638 107 31 legisla-

2322 3680 51 23 tion
2384 3688 5 20 ;
2415 3681 35 31 (2)
2463 3680 90 31 It«says
2567 3679 42 25 the
2620 3684 103 27 country
2736 3681 7 23 i
2756 3689 12 17 s
2780 3680 84 33 going'

2322 3731 32 15 on
2366 3723 50 23 this
2428 3726 105 20 account
2550 3725 26 22 to
2601 3723 90 24 throw
2702 3730 43 17 out
2760 3724 98 25 Seddon

2322 3765 49 24 and
2383 3767 45 29 put
2439 3765 27 24 ia
2486 3765 99 25 Eussell
2594 3773 5 21 ;
2622 3766 36 32 (3)
2672 3773 27 17 as
2712 3774 32 17 an
2756 3767 102 25 induce-
2865 3758 3 17 1

2324 3812 68 21 ment
2403 3812 26 21 to
2441 3812 45 28 put
2501 3810 97 24 Russell
2611 3810 26 23 m
2651 3810 32 24 he
2694 3812 119 29 promises
2834 3815 36 26 to,

2324 3852 121 24 maintain
2458 3852 41 24 the
2513 3852 99 24 Seddon
2632 3853 90 31 policy.
2759 3854 83 33 Query
2853 3863 5 15 :

2328 3895 64 32 Why
2411 3894 90 26 Should
2524 3895 43 24 the
2590 3898 102 29 country
2716 3897 77 24 throw
2818 3904 51 18 out'

2326 3939 96 25 Seddon
2428 3939 110 24 -because
2550 3939 29 24 he
2600 3939 41 23 did
2666 3940 94 24 certain
2773 3941 84 32 things
2866 3939 4 29 ',

2324 3982 47 24 and
2390 3982 53 23 said
2459 3982 72 31 they.
2540 3989 62 17 were
2625 3982 70 31 good,
2703 3988 43 19 -to
2766 3988 45 27 put
2834 3986 26 23 m

2325 4024 98 24 Russell
2436 4029 55 19 who
2516 4024 121 31 promises
2656 4031 26 18 to
2694 4025 31 25 do
2738 4026 42 24 the
2790 4033 71 19 tame

2326 4067 87 31 things
2424 4070 41 28 yet
2477 4076 57 23 says
2548 4068 57 31 they
2671 4069 46 23 bad
2728 4069 11 23 '?
2834 4066 24 24 "■.'

2360 4134 137 22 Salvation
2513 4158 4 6 r
2519 4134 116 24 ARMY.—
2637 4134 52 24 The
2713 4137 103 22 amount
2839 4136 30 27 of.

2321 4175 95 29 'money
2440 4174 111 25 received
2585 4174 31 32 by
2637 4173 65 25 their
2726 4174 136 27 Sandwich

2422 4213 55 27 i&c;.
2481 4232 4 9 (
2485 4213 39 25 ds:
2672 4213 52 30 ,'^
2748 4206 44 39 ■*;•;:
2805 4232 21 14 v
2837 4224 15 21 ;;

2314 4288 8 6 k
2361 4282 126 24 Alleged.
2501 4280 272 27 INTjMipATxoN.--r-Tua
2789 4282 82 24 auth-

2326 4323 82 23 orities
2420 4322 92 31 having
2531 4329 89 17 reason
2648 4324 26 22 to
2698 4322 70 26 belie*
2774 4332 13 16 c
2809 4325 55 24 that

2326 4374 14 15 a
2352 4365 178 26 Gkristchurch
2537 4364 62 32 4ady
2619 4365 61 24 used
2691 4365 173 36 intimidating

2325 4407 93 27 Uli'rVafs
2425 4406 2 16 :
2443 4412 25 22 m
2483 4407 5 10 r
2499 4408 147 25 connection
2668 4407 62 28 tiftttv
2752 4413 40 22 the
2815 4413 49 25 late

2319 4453 169 32 'bye-lelecSibu
2510 4453 48 24 for'
2571 4453 44 25 t'iie
2635 4454 58 32 cifcj,
2726 4454 43 26 the

2327 4505 63 24 have
2402 4504 74 25 taken
2499 4503 44 26 the
2563 4506 96 23 matter
2672 4506 26 24 in
2712 4503 83 34 'hand,
2815 4509 50 25 and

2885 204 54 30 fthe
2965 214 80 19 sworn
3071 211 143 28 statements
3232 216 26 24 m
3282 220 145 25 connection

2895 249 61 25 with
2968 251 41 24 the
3020 259 55 18 case
3092 254 64 27 have
3174 265 55 19 now
3247 260 59 25 been
3328 263 99 26 forwar-

2895 292 46 25 ded
2953 294 26 24 to
2998 294 43 25 the
3052 295 60 27 head
3133 299 27 25 of
3177 300 43 25 the
3231 303 78 31 police
3320 306 26 24 m
3360 307 66 25 Wel-

2893 334 105 33 lington.

2925 379 126 28 National
3071 385 206 31 Association.—
3279 394 52 27 The
3350 406 74 20 cause

2893 417 55 26 that
2958 421 76 25 needs
3047 422 134 37 bolstering
3198 428 31 33 by
3246 432 171 35 misrepresen-

2893 459 78 25 tation
2989 463 65 23 moat
3071 462 30 25 be
3118 472 14 17 a
3161 475 57 24 very
3241 468 110 34 hopeless
3368 484 47 19 one

2893 496 53 25 The
2963 498 148 28 uninitiated
3128 505 80 26 would
3225 507 81 33 think,
3330 512 31 33 by
3381 517 43 24 the

2891 539 91 29 reports
2994 539 98 32 printed
3114 543 27 25 m
3160 546 42 26 the
3225 548 117 30 National
3363 557 61 25 Ass-

2890 576 107 26 ociation
3032 588 83 25 organ,
3161 586 42 26 the
3245 589 177 34 Christchurch

3018 619 53 25 that
3083 621 127 29 whenever
3223 628 55 24 that
3290 630 63 33 body
3360 635 62 26 calls

2890 663 14 16 a
2916 659 110 31 meeting
3044 660 37 24 for
3093 662 42 25 the
3145 664 109 35 forming
3264 669 26 24 of
3299 678 16 16 a
3327 672 93 28 branch

2889 703 25 16 m
2937 705 49 23 any
3002 698 104 32 district,
3130 703 43 25 the
3192 707 87 32 people
3297 718 32 23 go
3349 712 73 34 fairly

2888 736 59 25 mad
2958 738 27 24 m
3005 739 64 26 their
3081 743 164 29 enthusiasm.
3278 749 52 27 Bat
3341 753 35 25 let
3388 762 30 19 us

2887 775 100 32 •nalyse
3010 786 16 17 a
3048 788 64 18 case.
3146 784 55 26 The
3220 787 70 26 other
3311 790 46 31 day
3377 793 45 25 the

3007 822 118 33 solemnly
3142 829 115 24 recorded
3281 831 42 25 the
3344 837 75 24 state-

2887 864 69 22 ment
2968 863 55 25 that
3032 867 26 23 at
3069 866 124 34 Eangiora
3205 880 15 17 a
3231 873 67 33 large
3309 879 110 33 meeting

2886 912 48 18 was
2946 906 65 30 held,
3024 910 49 24 and
3085 919 15 17 a
3111 916 70 27 great
3191 917 105 26 number
3307 920 28 25 of
3339 929 78 19 mem-

2885 943 54 26 bers
2956 953 61 18 were
3034 950 115 26 enrolled.
3191 955 63 26 Now
3281 959 38 25 for
3346 961 62 28 facts

2888 986 42 23 We
2942 993 42 18 are
2995 995 27 18 m
3042 997 15 16 a
3068 992 108 30 position
3196 997 25 24 to
3232 1005 42 25 say
3297 1000 56 27 that
3373 1004 44 26 the

2883 1030 110 32 meeting
3004 1040 50 18 was
3062 1042 56 24 very
3130 1039 78 29 small,
3228 1043 48 24 and
3288 1044 43 26 the
3342 1054 73 19 num-

2883 1068 40 26 ber
2937 1071 28 23 of
2974 1080 52 17 new
3038 1077 123 26 members
3172 1080 62 26 four.

3020 1207 251 28 BIMETALLISM.

3030 1265 4 5 -
3062 1249 47 22 The
3129 1251 98 31 People.

2912 1307 63 26 Last
2985 1311 66 24 week
3070 1312 42 26 the
3133 1315 66 26 cable
3219 1318 103 34 brought
3340 1330 68 20 news

2880 1351 55 25 that
2947 1353 42 24 the
3009 1355 84 26 House
3105 1358 27 25 of
3141 1359 132 29 Commons
3292 1364 50 26 had
3353 1374 57 24 pas-

2881 1395 42 24 sed
2935 1405 13 14 a
2961 1398 134 27 resolution
3114 1402 27 25 m
3157 1403 84 28 favour
3252 1407 27 24 of
3287 1408 122 29 Bimetal-

2880 1439 64 25 lism.
2980 1441 66 27 That
3065 1444 23 25 is
3110 1446 43 25 the
3175 1451 89 25 second
3287 1453 60 27 time
3359 1456 50 26 this

2880 1490 57 27 year
2948 1484 56 26 that
3015 1488 62 24 such
3099 1497 15 17 a
3130 1494 135 26 resolution
3284 1497 44 25 has
3348 1498 61 27 been

2880 1527 112 26 recorded
3016 1531 30 30 by
3068 1534 42 24 the
3132 1536 140 33 Commons,
3293 1543 49 23 and
3353 1551 57 18 now

2881 1572 54 25 that
2947 1573 49 24 this
3009 1576 117 30 powerful
3143 1579 135 33 legislative
3289 1583 63 34 body
3364 1587 45 26 has

2880 1615 72 25 taken
2973 1625 33 23 up
3089 1623 112 29 question
3225 1625 26 24 of
3270 1635 89 25 money
3371 1638 37 17 re-

2880 1658 68 29 form,
2967 1660 20 24 it
2998 1663 77 30 ought
3087 1668 25 21 to
3124 1673 38 23 go.
3198 1668 52 25 The
3272 1672 136 26 resolution

2880 1703 26 24 of
2926 1703 87 26 March
3036 1714 50 18 was
3100 1716 40 16 :—
3242 1713 85 27 House
3349 1717 22 24 is
3382 1718 28 25 of

2880 1746 96 32 opinion
2990 1748 52 26 that
3052 1750 44 26 'the
3107 1752 136 36 instability
3262 1758 27 24 of
3307 1760 43 24 the
3362 1763 46 23 rel-

2881 1791 63 25 ative
2955 1792 72 25 value
3038 1793 27 25 of
3073 1796 57 30 gold
3147 1798 47 24 and
3206 1800 70 24 silver
3288 1802 65 26 since
3365 1805 44 25 the

2881 1835 80 25 action
2973 1834 26 25 of
3009 1837 41 24 the
3060 1838 73 27 Latin
3147 1841 83 27 Union
3242 1844 27 26 of
3286 1847 64 25 1873
3361 1848 47 27 has

2880 1880 90 31 proved
2987 1881 120 32 injurious
3119 1887 26 23 to
3166 1886 42 25 the
3228 1889 53 24 best
3292 1890 116 27 interests

2880 1924 26 24 of
2915 1924 44 25 the
2970 1929 111 29 countiy.
3093 1930 49 23 and
3158 1939 61 23 urge
3230 1941 32 15 on
3281 1934 44 24 the
3344 1936 65 25 Gov-

2881 1971 113 22 ernment
3017 1970 42 25 the
3079 1972 154 35 adrisability
3256 1978 24 22 of
3291 1978 73 33 doing
3375 1981 34 24 all

2881 2012 26 23 m
2920 2012 63 24 their
2994 2021 81 23 power
3098 2018 25 22 to
3147 2026 82 17 secure
3249 2019 31 32 by
3302 2021 106 29 interna?-

2882 2055 78 24 tional
2983 2062 140 25 agreement
3146 2069 13 15 a
3180 2063 77 24 stable
3280 2068 130 30 monetary

2881 2106 43 24 par
2950 2099 27 25 of
2996 2101 123 33 exchange
3148 2104 107 28 between
3282 2109 58 28 gold
3362 2112 48 24 and

3016 2139 60 26 This
3088 2144 134 25 resolution
3244 2154 49 17 was
3307 2148 104 30 adopted

2882 2181 182 33 unanimously,
3089 2186 105 25 without
3213 2190 158 26 amendment
3383 2201 28 17 or

2882 2224 112 30 division,
3008 2227 76 24 which
3107 2230 50 24 fact
3178 2232 78 24 shows
3275 2241 15 16 a
3302 2236 109 24 remark-

2882 2264 55 25 able
2949 2273 132 19 consensus
3104 2270 26 24 of
3152 2272 101 30 opinion
3274 2281 32 17 on
3317 2284 14 14 a
3342 2280 70 27 great

2882 2309 120 29 question.

2916 2453 21 24 A
2948 2462 60 18 man
3025 2457 21 24 is
3065 2457 90 26 known
3174 2460 32 31 by
3228 2462 43 24 the
3293 2470 121 27 company

2882 2491 32 25 he
2926 2491 80 33 keeps,
3026 2496 50 23 and
3086 2496 21 24 it
3117 2497 23 24 is
3152 2505 27 17 as
3196 2507 31 15 an
3244 2501 79 23 active
3333 2510 82 18 mem-

2882 2531 42 25 ber
2941 2532 27 25 of
2985 2533 41 24 the
3045 2535 117 26 National
3184 2538 151 28 Association
3358 2543 55 25 that

2883 2578 35 18 we
2930 2571 71 26 know
3025 2573 102 32 Captain
3150 2576 104 26 Bussell.
3289 2579 25 25 It
3325 2581 22 23 is
3358 2589 28 17 as
3398 2590 16 16 a

2883 2609 152 25 land-owner
3046 2611 24 24 of
3083 2612 107 26 Hawkes
3202 2615 62 33 Bay,
3277 2618 82 25 where
3370 2619 44 25 the

2882 2649 106 30 people's
3016 2650 108 34 heritage
3152 2655 21 24 is
3199 2655 96 26 divided
3323 2667 92 24 among

2961 2689 83 25 twelve
3218 2695 81 25 whose
3311 2698 99 30 spokes-

2882 2736 59 16 man
2952 2729 32 24 he
3007 2730 30 28 is,
3058 2731 49 25 and
3130 2735 41 22 not
3192 2742 27 17 as
3239 2735 42 25 the
3293 2736 120 32 plausible

2883 2769 114 30 platform
3029 2771 133 31 politician,
3205 2775 54 25 that
3288 2785 35 16 we
3345 2781 69 22 must

2882 2806 74 32 judge
2968 2807 26 25 of
3013 2808 37 24 his
3070 2809 87 27 fitness
3177 2814 24 22 to
3222 2818 124 23 represent
3368 2824 46 17 our

2883 2846 142 32 democracy
3048 2848 26 24 m
3102 2849 156 28 Parliament.
3311 2854 40 24 All
3375 2856 38 24 his

2883 2886 156 25 antecedents
3051 2889 49 23 and
3112 2891 34 23 all
3166 2891 37 24 Ins
3220 2893 114 24 interests
3345 2895 69 24 iden-

2883 2924 45 31 tify
2946 2924 53 25 him
3020 2926 58 24 wifch
3091 2927 42 25 the
3154 2932 73 29 party
3248 2930 25 24 of
3293 2931 117 32 privilege

2884 2963 47 23 and
2944 2964 137 32 monopoly,
3105 2966 50 24 and
3175 2967 120 33 although
3307 2970 34 24 he-
3348 2970 67 25 finds

2883 3003 19 24 it
2924 3011 129 25 necessary
3076 3007 26 23 to
3126 3007 71 25 affect
3221 3010 43 22 the
3286 3013 86 21 accent
3389 3011 26 25 of

2886 3042 154 30 Liberalism,
3053 3047 19 23 it
3083 3046 22 24 is
3128 3055 64 17 none
3216 3050 42 23 the
3276 3050 50 24 less
3338 3059 14 15 a
3364 3051 49 25 for-

2884 3084 56 30 eign
2953 3088 85 21 accent
3050 3088 26 22 to
3085 3087 62 29 him.,
3182 3089 39 25 He
3232 3090 21 24 is
3267 3090 125 26 doubtless
3401 3100 15 16 a

2885 3124 211 31 straightforward
3116 3128 48 24 and
3189 3130 147 26 honourable
3349 3140 67 20 man,

2886 3163 49 24 and
2964 3172 44 16 one
3035 3166 53 23 who
3117 3168 114 32 sincerely
3265 3171 90 24 desires
3373 3172 45 24 the

2886 3203 91 24 wealth
2989 3204 27 23 of
3025 3205 42 24 tha
3079 3206 94 32 colony,
3194 3217 28 15 as
3237 3211 141 24 understood
3390 3212 30 31 by

2887 3242 102 25 himself
2999 3244 49 23 and
3060 3244 42 26 the
3126 3247 116 26 National
3262 3250 56 25 Ass.

2890 3335 97 2 _________
3060 3333 5 2 .-
3117 3330 9 6 /
3366 3324 2 2 '

2923 3423 69 24 THE
3012 3424 137 24 WIZARD
3168 3425 43 25 OF
3227 3426 162 27 FINANCE.

2916 3491 49 20 I've
2977 3492 113 20 travelled
3103 3499 14 13 a
3129 3493 36 19 Tiit
3179 3493 81 26 lately;

2943 3523 107 26 Through
3065 3525 107 25 England
3185 3526 48 20 and
3246 3526 95 25 France,
3391 3526 3 11 ;

2917 3556 53 20 And
2982 3558 26 19 at
3021 3557 40 20 the
3074 3557 69 20 Town
3157 3558 26 19 of
3196 3558 65 21 View
3274 3558 51 21 Hill

2943 3591 52 20 Met
3005 3591 41 19 the
3060 3590 95 21 Wizard,
3168 3592 25 20 of
3206 3592 107 21 Finance.

2918 3644 12 20 I
2945 3644 74 20 did'nt
3032 3645 76 21 stroke
3122 3646 47 20 hitu
3183 3646 142 25 backwards,

2944 3678 35 19 No
2991 3678 73 19 nior'n
3076 3678 12 19 I
3098 3678 75 21 would
3186 3686 14 13 a
3213 3680 37 19 cat
3257 3688 6 15 ;

2918 3712 99 20 Because
3031 3712 52 20 he'd
3085 3713 55 25 -spit
3153 3713 46 19 and
3212 3714 103 25 splatter,
3372 3715 11 15 c

2944 3746 56 19 Lite
3014 3752 15 13 a
3041 3745 126 27 Tipperary
3180 3747 49 19 Pat.

2919 3801 35 20 He
2967 3800 57 21 used
3036 3801 24 19 to
3073 3801 29 21 be
3116 3801 133 26 converting
3263 3801 62 21 souls
3335 3810 6 12 :
3357 3810 6 5 '
3382 3822 2 2 .

2945 3834 48 20 But
3005 3840 50 14 now
3069 3833 47 21 he's
3129 3834 54 20 took
3195 3835 26 20 to
3234 3833 89 27 money',-

2918 3868 54 20 And
2984 3867 40 21 the
3033 3874 48 19 way
3088 3882 2 6 :
3097 3867 29 21 lie
3135 3868 94 20 reckons
3244 3868 35 20 six
3297 3874 42 21 per
3353 3870 75 27 cents*

2946 3902 24 20 Is
2984 3902 71 26 really
3064 3909 55 19 very
3128 3902 79 26 funny.
3394 3918 2 2 .

2920 3957 55 20 He's
2984 3955 99 28 dropped
3096 3957 36 20 his
3145 3957 138 27 theological
3291 3966 4 13 :

2947 3991 52 21 And
3012 3998 50 14 now
3078 3992 47 20 he's
3139 3992 54 20 took
3207 3993 25 20 to
3247 3993 78 24 brass;

2920 4023 53 21 He's
2986 4024 80 20 -ratted
3070 4024 66 21 -from
3145 4024 44 21 the-
3204 4025 92 21 Liberal
3310 4025 68 27 Hoss>

2892 4071 3 3 .
2947 4055 53 21 And
3014 4056 58 21 lides
3090 4063 14 13 a
3118 4057 109 21 National
3252 4058 50 22 Ass.

2922 4109 42 26 Oh,
2987 4128 6 12 f
2994 4109 19 21 'f
3022 4110 12 20 I
3048 4117 46 14 was
3106 4109 156 27 his^.creditor,
3280 4113 5 21 1
3306 4111 3 3 '
3325 4128 5 3 -
3333 4111 6 14 1

2916 4160 3 3 .
2949 4142 35 21 Td
3002 4142 43 20 1011
3064 4143 40 21 the
3128 4144 84 21 dollars
3226 4145 39 19 m:

2923 4175 35 20 I'd
2967 4175 33 21 let
3008 4175 49 21 him
3076 4177 66 21 cheat
3161 4177 37 21 his
3214 4175 78 28 stupid
3301 4176 50 25 self,

2949 4209 53 20 And
3015 4210 86 21 reckon
3115 4210 21 20 it
3153 4216 29 14 no
3200 4210 50 19 sin».

2901 4234 5 11 >
2927 4234 3 2 ■
2951 4236 3 14 ]
3199 4236 16 16 ■_
3358 4232 3 2 ■

2921 4263 71 21 Don't
3000 4264 67 21 think
3077 4265 20 20 it
3105 4264 93 25 ;worthy
3212 4264 24 22 of
3245 4264 68 26 reply
3318 4273 5 11 :
3325 4276 3 12 :
3333 4284 3 4 ,

2949 4297 12 20 I
2977 4297 53 26 only
3044 4297 140 25 .want^sqine
3203 4296 41 20 fun

2923 4329 52 20 And
2984 4329 18 20 if
3020 4335 46 20 you
3074 4329 63 20 treat
3145 4335 36 13 me
3198 4328 55 21 with
3263 4328 126 26 contempt;
3396 4336 3 16 ;

2902 4365 33 17 •'."
2950 4362 13 20 I
3050 4364 40 22 npi
3109 4367 51 15 care
3186 4367 14 14 a
3218 4361 65 21 bun.,
3321 4376 3 3 .
3339 4375 2 3 •
3402 4374 3 8 ,

2923 4416 75 21 You'll
3017 4422 40 20 say
3080 4415 65 21 these
3162 4416 59 20 lines
3238 4421 38 15 are
3295 4415 84 26 stupid,
3404 4416 8 10 -'

2923 4464 6 3 .
2952 4448 53 21 And
3022 4448 96 23 foolish?.
3128 4448 14 21 I
3157 4448 99 27 daresay.
3260 4457 15 17 .;•,
3327 4460 3 3 •

2926 4481 46 21 But
2981 4480 49 22 still
3044 4487 46 20 you
3109 4481 60 21 can't
3188 4480 80 27 expect
3280 4480 68 21 much
3356 4479 51 23 else

2953 4513 67 21 Prom
3034 4518 56 20 poor
3108 4513 39 21 old
3165 4513 63 25 Billy
3240 4512 58 26 Day.

1138 43 173 34 OXFORD
1355 46 230 33 OBSERVER
1629 46 235 40 SATURDAY,
1921 51 109 31 JUNE
2077 54 48 36 13,
2186 55 87 29 1896.
