3252 4248
73 118 228 47 Visitors'
323 118 120 47 List.

76 237 105 24 Brent's
196 237 132 26 Bathgate
341 236 98 24 House.

41 268 32 17 T;r
80 268 60 24 Bony
147 269 22 17 T.
177 268 81 19 Russell,
267 266 53 20 West
327 267 95 18 MuitJand

43 291 40 17 Mrs
90 291 63 20 Hunt,
162 291 47 19 New
218 291 60 17 South

78 315 37 17 raid
123 315 47 17 Miss
179 314 84 20 Mwidvc,
273 314 90 18 Adcliride

76 337 112 20 Johnstone,
195 337 113 22 Dcvonport

78 360 51 23 Gray
137 360 39 19 and
184 361 72 18 Master
264 362 56 21 Gray,
330 359 76 25 Sydney

76 383 86 24 Douglas
171 384 74 19 Brown.
256 383 38 24 Fiji

77 405 62 20 Leslie
148 407 75 21 Brown,
232 407 39 23 Fiji

76 430 132 22 Kcmpthor.uc
216 430 38 18 and
265 431 56 21 party
336 428 33 24 {'-i),
383 428 91 20 Eemucra

76 453 78 21 Bcuuic,
168 453 99 18 Auckland

76 475 69 23 Kroffit,
159 475 38 25 Fiji

43 497 47 19 Miss
99 499 59 19 Pvlcc,
167 498 76 25 Sydney

78 521 68 23 White,
156 522 47 19 New
210 521 59 20 South
278 520 61 20 Wales

78 544 111 25 Rlngwood,
203 542 98 22 Auckland

75 569 184 21 Fawns,Tasinaniu

75 591 104 23 Campbell,
190 591 46 19 Neto
245 590 59 20 South
313 590 61 19 Wide*

76 612 96 25 Cottmnn,
183 614 99 19 Auckland

43 636 26 18 i>r
78 636 120 25 Darlington,
209 636 88 23 England

43 660 31 17 3VIr
82 661 38 17 and
128 662 47 16 Miss
183 656 71 25 Ezielli,
265 659 89 25 England

77 684 38 17 and
123 683 47 18 Miss
180 682 85 23 Parsons,
276 681 98 21 Auckland

76 706 29 18 W.
115 706 97 23 Cameron,
223 705 97 21 Ecmuera,
330 704 100 21 Auckland

76 728 105 23 Anderson,
191 730 45 17 New
246 729 58 19 South
314 729 61 17 Wales

76 753 84 18 Armand
168 750 90 24 Escandc,
269 751 46 20 New
323 751 103 20 Caledonia

76 776 70 21 Mains,
156 776 97 21 Reinuera,
265 774 98 19 Auckland

78 798 72 22 Laurie,
161 799 106 24 Onchunga

77 820 80 25 Hiirley,
167 822 111 18 Melbourne

76 845 38 17 and
123 846 46 16 Miss
179 845 65 22 Bcuth,
254 844 111 19 Melbourne

76 867 38 18 !i]id
122 868 47 19 Miss
178 868 70 23 Tuncy,
261 868 76 23 Sydney

76 891 39 17 and
123 889 40 21 Mrs
172 891 77 22 Cooper,
261 890 99 18 Auckland

78 913 37 18 and
124 915 39 16 Mrs
173 913 77 22 Nathcr,
261 914 76 23 Sydney

42 938 5 15 i
55 934 67 26 faptarn
132 936 89 20 Eckford.
231 937 98 18 Blonheuu

45 959 62 24 Major
115 960 58 20 Tuke,
182 959 124 25 Welllington

164 989 71 23 lake
250 990 95 21 House.

45 1033 39 17 Mrs
93 1032 94 22 Goodson,
197 1032 110 18 Melbourne,

47 1056 43 16 Miss
99 1054 111 25 Penloyson,
219 1054 111 19 MelbcuniQ

43 1077 30 19 Mr
82 1079 73 22 Logan,
167 1078 100 19 Auckland

77 1101 65 22 Ennis,
156 1100 98 19 Auckland

77 1125 72 21 Storey,
160 1125 74 22 Sydney

76 1148 72 21 Stuart,
158 1146 98 19 Auckland

76 1171 37 17 and
122 1171 40 17 Mrs
172 1171 68 23 Anges,
250 1167 99 21 Auckland

76 1192 67 22 Baker,
155 1194 74 23 Sydney

76 1217 37 18 und
123 1216 131 22 MrsGullard,
265 1216 75 23 Sydney

76 1240 38 18 and
122 1240 41 18 Mrs
172 1239 78 19 Doonan
259 1240 38 17 and
306 1240 55 18 child.
371 1239 65 23 TaUpo

76 1264 64 19 Owen,
151 1263 98 18 Auckland

42 1286 40 19 Col.
91 1287 85 18 Roberts,
190 1287 100 21 Taurauga

43 1310 79 23 Captain
132 1310 37 17 and
177 1310 40 16 Mrs
226 1309 89 21 Aluodco,
326 1307 98 19 Auckland

44 1333 57 23 [fight
110 1333 45 17 Rev.
165 1333 33 18 Dr.
209 1331 69 22 Beidel,
289 1331 105 18 .Sandhurst

45 1356 42 18 llcv.
97 1356 27 18 M.
135 1354 97 24 Kennedy,
243 1354 105 19 Sandhurst

43 1377 45 19 Itev.
98 1379 25 17 H.
134 1379 82 17 Hutton,
226 1379 106 16 Sandhurst

155 1436 114 22 Rotorua
283 1433 85 24 Hotel.

44 1470 39 20 Mrs
92 1470 101 23 Thomson,
203 1469 97 20 Auckland

78 1495 21 16 A.
109 1495 101 20 Thomson,
220 1492 98 20 Auckland

41 1518 47 17 I\liss
97 1517 94 22 Pichiard,
202 1514 97 21 Auckland

76 1541 80 21 Culvert,
168 1539 98 20 Auckland

78 1564 84 21 Wliolan,
172 1564 100 21 Tauranga

41 1586 32 19 Mi'
82 1585 67 23 Smith,
159 1585 99 19 Auckland

77 1610 43 21 Gill,
130 1609 100 24 Tauranga

76 1632 37 19 and
122 1634 40 16 Mrs
171 1632 101 22 Davidson,
282 1631 134 19 Christchurch

77 1655 78 24 Philips,
165 1655 132 20 Christchurch

75 1679 111 22 Johnstone,
196 1679 78 21 Albury,
284 1677 45 20 N.S,

75 1704 21 17 C.
106 1703 21 18 C.
136 1701 72 22 Russcl,
218 1700 98 20 Auckland

76 1726 125 21 Hursthousc,
211 1725 92 18 Turanaki

76 1749 115 21 Carnachan,
202 1747 116 19 Wliakutano

75 1771 63 23 Boult,
152 1771 90 18 Adelaide

74 1795 26 18 H.
109 1795 70 20 James,
205 1807 11 8 ~

76 1818 78 22 Crooke,
164 1818 89 18 Adelaide

75 1841 82 20 liriston,
167 1840 89 19 Adelaide

75 1866 60 19 Scott,
144 1865 26 17 Te
179 1864 50 19 Puke

76 1886 75 24 Laurie,
162 1887 96 22 Rcmuera,
269 1885 98 19 Auckland

76 1911 21 19 P,
108 1912 63 19 Rowe,
181 1911 99 17 Auckland

76 1935 56 21 Reed,
142 1933 117 20 Pahncrston
272 1933 62 18 North

75 1957 21 18 I.
107 1958 22 17 L.
139 1956 101 22 Iherslakc,
250 1956 118 19 Pahncrston
376 1954 62 19 North

75 1981 97 20 Cameron,
186 1980 78 18 Makctu

75 2021 107 24 McShcrry,
193 2025 98 19 Auckland

151 2086 106 24 Mokoia
274 2085 81 25 View.

20 2138 7 15 (
39 2126 40 19 Mrs
88 2126 64 21 Elliot,
163 2125 88 29 England

41 2154 44 15 ffias,
89 2150 49 21 Tvis,
150 2150 114 22 Wellington

74 2173 77 22 Wilson,
161 2172 89 24 England

40 2198 30 16 Mr
79 2198 81 17 Hutton,
171 2196 63 23 Otago

75 2220 66 22 Green,
152 2219 106 23 Onchunga

74 2244 20 16 T.
105 2243 67 21 Green,
181 2242 82 22 Manaia,
273 2239 93 21 Taranaki

74 2265 54 23 Kirk,
138 2266 106 18 Matamata

74 2289 104 23 Corragall,
185 2290 47 16 New
241 2288 59 18 South
310 2287 61 19 Wales

72 2313 78 20 Miirtin,
166 2311 119 21 Helensville,

75 2336 94 20 Simpson,
178 2336 46 16 Now
234 2334 60 19 South
301 2333 63 19 Wales

146 2400 139 23 Tarawera
293 2398 89 23 House

40 2443 67 16 Misses
116 2441 80 21 Garlick,
207 2440 32 24 (2),
249 2440 99 18 Auckland

75 2464 77 22 Brooks,
166 2463 97 19 Auckland

40 2488 47 18 Rev.
96 2488 24 17 D.
131 2488 66 19 Steele,
207 2486 90 18 Otalmliu

39 2512 33 17 Sir
79 2511 19 18 J.
107 2512 21 16 T.
138 2510 80 22 Garlick,
228 2509 100 19 Auckland

75 2534 37 17 and
121 2535 40 16 Mrs
169 2533 57 20 Cook,
236 2534 47 17 Now
291 2533 60 18 South
364 2532 61 19 Wales

75 2558 23 17 G.
108 2558 50 19 Best,
169 2556 98 19 Auckland

75 2580 37 18 and
121 2581 39 16 Mrs
169 2580 75 21 Bridge,
254 2578 108 24 Wanganui

74 2605 22 16 G.
107 2603 102 23 Armitage,
222 2602 99 18 Auckland

74 2628 80 20 Bongor,
165 2626 98 17 Auckland

74 2650 81 18 Walker,
165 2650 46 16 New
220 2649 59 17 South
288 2648 62 18 Wales

74 2674 18 17 S.
102 2673 85 22 Barclay,
198 2672 98 18 Auckland

74 2697 66 19 Duvie,
150 2695 75 23 Sydney

37 2718 40 19 Mrs
86 2719 70 23 Bridge
164 2719 57 23 junr.,
230 2716 108 25 Wanganui

121 2772 88 24 MAIL
222 2771 143 24 NOTICES.

138 2825 120 20 Letter-box
267 2824 42 20 v.ill
319 2824 26 19 be
354 2824 80 19 cleared
441 2824 32 19 for

60 2845 10 24 I
108 2852 86 21 Dispatch
203 2852 18 15 of
232 2850 142 21 cortwpondeuce
387 2850 45 16 from
443 2850 20 16 th-

44 2871 3 21 i
54 2874 37 15 line
100 2874 17 14 to
124 2873 28 15 the
160 2872 162 16 uiider-raentkncd
334 2871 63 21 places,
408 2876 19 11 as
439 2871 33 16 fols

45 2899 44 10 ows:

63 2915 35 16 Fcr
106 2915 67 17 O.xfcrd
181 2915 51 16 north
241 2915 34 15 and
282 2913 99 22 Auckland,
394 2913 78 22 Monday

40 2936 50 17 Wedi
98 2937 33 15 e-di
138 2942 11 16 y
156 2937 34 16 and
196 2936 69 20 Friday,
273 2937 9 15 7
289 2941 41 12 a.m.

61 2958 33 16 For
100 2958 43 16 Tain
148 2963 44 16 angj
206 2958 33 16 and
251 2956 85 18 Awahou,
348 2956 77 21 Monday
437 2956 35 16 and

39 2977 71 23 Friday,
120 2981 38 15 7.30
165 2984 41 11 a.ir.

63 3000 35 16 For
105 3001 54 15 Atixn
166 3001 33 19 uii,
212 2996 95 25 Wairakei,
320 2999 61 22 Taupo
399 2999 71 22 Napier,

42 3022 87 20 Tuesday,
138 3023 37 15 7.C(i
181 3027 42 16 p.m.

63 3043 35 16 For
106 3043 93 21 Atiamuri,
207 3042 89 17 Wairakei
308 3042 34 16 and
355 3041 66 23 Taupo,
432 3041 30 17 Fri-

42 3065 40 18 dny,
93 3065 38 15 7.30
139 3069 42 16 p.m.

62 3085 34 16 For
105 3085 79 22 Galatea,
192 3085 87 21 Tuesday,
286 3085 9 17 7
305 3085 19 15 30
329 3090 42 16 p.m.

63 3106 138 17 N.B.Letters
221 3106 102 20 containing
345 3106 87 21 anything
454 3106 18 15 of

40 3128 51 16 value
98 3128 60 16 should
165 3128 21 16 be
192 3128 68 16 handed
273 3130 18 14 to
302 3127 31 17 the
342 3127 106 17 Postmaster
455 3129 18 14 to

53 3154 9 11 e
70 3150 100 20 registered.

40 3191 53 17 tered.
112 3192 35 16 will
164 3193 21 15 he
202 3191 120 21 rompuL-orily
334 3191 94 21 registered
439 3191 34 16 and

42 3212 4 22 <
50 3213 69 21 iiarged
124 3214 62 15 double
192 3212 110 22 regielration
310 3214 33 14 fee.

199 3235 25 19 R.
235 3234 25 20 D.
274 3234 119 23 IMNSEY,

314 3261 132 19 l'ostaiaster.

955 941 57 24 THE
1034 941 56 26 HOT
1109 941 94 26 LAKES
1222 941 167 26 CHRONICLE

954 979 435 13 AND

1058 1008 109 20 Tourists'
1183 1010 100 23 Journal.

1044 1067 60 21 fact
1119 1067 15 21 I
1149 1067 60 21 will

981 1114 189 26 WEDNESDAY,
1186 1116 60 19 FEB.
1260 1119 32 21 27,
1308 1114 81 26 1895.

978 1163 38 17 The
1026 1163 128 18 Government
1171 1164 51 18 work
1238 1165 16 17 is
1270 1167 121 22 progressing

955 1184 111 26 favourably
1076 1188 19 16 at
1104 1187 32 18 the
1145 1187 132 19 Postmaster's
1285 1188 56 23 Bath,
1354 1190 37 17 and

955 1209 38 17 will
1002 1209 23 18 bo
1034 1209 79 19 finished
1122 1217 46 16 very
1176 1211 79 23 shortly,

979 1236 30 17 Mr
1018 1237 76 17 Pulicr's
1104 1244 68 16 survey
1180 1241 55 20 parly
1245 1245 31 11 are
1284 1241 20 15 at
1316 1241 75 21 present

955 1259 47 23 busy
1012 1260 101 24 surveying
1122 1267 9 12 n
1142 1260 53 18 track
1205 1261 29 18 for
1247 1262 80 23 buggies
1333 1264 20 17 to
1359 1263 32 18 the

955 1284 33 21 t>p
997 1284 21 16 of
1026 1283 115 24 Nganotahi.
1167 1285 39 16 The
1215 1285 45 17 road
1272 1286 54 17 when
1340 1292 39 11 com-

955 1306 64 26 pleted
1038 1307 38 17 will
1093 1307 23 17 be
1132 1314 12 10 a
1162 1309 54 21 great
1232 1309 123 18 convenience
1371 1311 20 17 to

956 1329 77 17 tourists
1042 1330 36 17 and
1087 1331 176 21 pleasure-seekers.

978 1356 69 18 Messrs
1056 1357 62 18 Ehrcn
1122 1358 48 17 fried
1182 1358 96 22 Brothers,
1294 1360 20 17 of
1327 1360 52 18 Auck-

955 1378 50 18 land,
1017 1386 107 12 announces
1133 1382 20 16 in
1168 1381 37 17 this
1222 1382 48 18 issue
1287 1383 43 17 that
1345 1384 46 22 they

955 1408 31 11 are
995 1401 75 21 holders
1079 1406 20 15 of
1108 1410 10 11 a
1127 1404 50 23 prize
1190 1405 62 18 medal
1266 1406 39 17 and
1319 1408 72 16 awards

955 1427 21 16 at
995 1426 76 18 various
1087 1427 122 18 Exhibitions
1228 1429 30 17 for
1274 1429 49 17 their
1339 1430 42 18 well-

955 1447 70 19 known
1034 1450 29 17 ale
1071 1451 38 17 and
1118 1452 58 16 stout.
1202 1451 29 18 On
1243 1455 80 15 oecount
1331 1454 21 16 of
1360 1453 31 18 the

956 1471 105 25 splendidid
1070 1474 73 22 quality
1153 1475 19 16 of
1181 1474 49 17 their
1242 1475 45 17 bidk
1296 1476 38 17 and
1348 1476 33 18 bot-

956 1495 39 17 tled
1001 1497 35 19 ale,
1045 1497 44 22 they
1097 1503 48 11 were
1151 1497 87 18 awarded
1244 1498 32 18 the
1282 1499 97 23 champion-

956 1518 42 22 ship
1009 1519 45 21 gold
1070 1521 61 17 medal
1148 1521 21 17 of
1184 1522 117 17 Australasia
1317 1523 74 22 against

955 1542 104 18 allcomers.
1084 1544 61 16 Those
1153 1544 82 22 wishing
1243 1552 11 10 a
1270 1545 59 23 really
1343 1547 48 19 srood

955 1565 66 17 article
1030 1566 68 18 should
1106 1568 33 16 ask
1149 1568 29 16 for
1186 1566 134 21 Ehrenfried's.

979 1597 31 16 Mr
1019 1598 25 17 H.
1059 1599 63 19 Kolin,
1139 1599 89 23 jeweller,
1247 1600 65 19 Queen
1324 1602 67 19 Ntreet,

956 1620 105 21 Auckland,
1071 1622 54 17 holds
1134 1628 35 12 one
1178 1623 20 16 of
1206 1623 33 17 the
1247 1624 71 22 largest
1330 1625 61 17 stocks

955 1643 20 17 in
984 1643 32 17 the
1025 1644 38 23 city
1071 1646 38 16 and
1118 1646 54 17 those
1180 1646 20 17 in
1209 1648 51 16 want
1268 1648 21 16 of
1296 1646 95 25 jewellery

956 1665 68 19 should
1038 1674 30 11 see
1084 1669 28 17 his
1126 1669 60 22 goods
1199 1669 64 18 before
1277 1671 114 24 purchasing

956 1690 105 18 elsewhere.

979 1719 39 17 The
1026 1719 71 19 Maoris
1111 1727 31 11 are
1158 1721 38 17 still
1211 1721 78 24 making
1301 1728 79 18 prepara-

956 1741 49 19 tions
1015 1744 29 15 for
1052 1744 32 17 the
1094 1744 52 22 large
1160 1745 84 23 meeting
1257 1747 46 16 next
1318 1745 72 22 month,

956 1765 44 22 they
1009 1766 48 18 have
1071 1768 65 22 nearly
1154 1768 104 23 completed
1275 1770 32 16 the
1324 1770 67 17 second

955 1788 89 23 building
1052 1791 60 17 which
1122 1791 45 22 they
1182 1791 66 17 intend
1262 1796 20 14 to
1296 1798 31 12 Use
1345 1799 19 11 as
1381 1799 10 11 a

955 1811 68 23 dining
1031 1819 58 12 room.
1115 1815 52 22 They
1176 1815 47 16 have
1232 1815 40 17 also
1280 1817 34 20 got
1323 1822 11 10 a
1348 1817 43 17 200-

955 1834 65 23 gallon
1030 1836 40 17 iron
1080 1838 45 16 tank
1137 1839 20 15 to
1172 1838 54 17 make
1240 1839 30 17 tea
1284 1839 19 17 in
1317 1839 30 18 for
1359 1839 32 18 the

956 1857 79 20 visitors.
1061 1860 39 18 The
1108 1861 86 22 flagstaff
1200 1861 33 18 has
1241 1862 46 17 been
1294 1862 97 23 repainted

955 1881 37 17 and
1002 1883 80 17 touched
1091 1890 20 16 uj
1127 1884 29 18 for
1165 1884 32 18 the
1205 1886 92 16 occasion.

979 1914 58 16 Then'
1046 1921 48 11 were
1103 1921 24 11 no
1137 1916 35 17 less
1181 1916 47 17 than
1237 1917 89 17 nineteen
1341 1923 50 12 cases

955 1937 30 16 for
993 1937 79 24 hearing
1080 1940 21 16 at
1109 1940 33 16 the
1151 1940 51 16 P.M.
1213 1940 59 17 Court
1286 1946 24 11 on
1325 1941 55 17 Satur-

954 1959 37 23 day
1000 1960 42 18 last.

978 1988 16 17 A
1004 1988 81 19 farewell
1095 1989 39 17 ball
1143 1991 20 16 to
1172 1990 32 17 Mr
1218 1991 36 16 and
1268 1991 40 17 Mrs
1323 1991 67 23 Pussy,

955 2010 42 18 who
1004 2011 37 18 left
1047 2011 28 24 by
1082 2012 33 19 the
1123 2013 51 18 train
1186 2019 25 12 on
1228 2014 84 22 Monday
1327 2020 52 12 morn-

954 2034 33 21 ing
997 2035 29 16 for
1034 2036 49 16 their
1092 2036 120 21 destination,
1223 2042 38 12 was
1270 2037 57 23 given
1334 2038 19 17 in
1359 2038 32 17 the

954 2056 86 19 Pukeroa
1048 2059 52 19 Hall,
1114 2065 25 11 on
1154 2060 69 22 Friday
1237 2060 86 23 evening,
1338 2061 53 17 there

955 2086 37 11 was
1001 2086 11 13 a
1023 2081 52 23 large
1091 2082 81 17 number
1186 2083 20 17 of
1223 2083 69 17 friends
1309 2086 81 20 present.

954 2102 28 19 Dr
990 2104 79 18 Cinders
1078 2112 47 16 gave
1134 2112 26 11 an
1168 2106 76 18 address
1249 2107 38 17 and
1292 2107 99 23 expressed

953 2126 30 18 his
991 2130 64 20 regret
1063 2129 43 17 that
1114 2130 32 16 Mr
1155 2130 61 21 Bussy
1225 2135 38 12 was
1272 2130 76 23 leaving
1358 2131 33 17 the

954 2149 74 18 district
1037 2151 34 17 but
1080 2152 72 16 wished
1160 2152 39 16 him
1213 2158 56 17 every
1284 2159 71 11 success
1371 2154 20 16 in

953 2172 29 17 his
997 2178 41 11 new
1051 2175 139 21 appointment.
1247 2175 31 17 Mr
1294 2177 61 22 Bussy
1371 2177 20 17 in

953 2195 54 23 reply
1016 2196 82 19 thanked
1108 2198 29 17 Dr
1145 2198 80 17 Gindeis
1233 2199 38 16 and
1280 2199 70 18 friends
1362 2200 29 17 for

953 2219 49 17 their
1010 2219 95 19 kindness.

977 2252 16 15 A
1003 2252 68 21 special
1083 2253 84 23 meeting
1181 2253 21 18 of
1219 2253 53 18 those
1289 2255 102 17 connected

953 2274 46 17 with
1008 2275 37 17 and
1054 2275 103 19 interested
1164 2276 21 17 in
1190 2276 33 18 the
1228 2276 75 20 Church
1311 2278 20 17 of
1336 2278 41 23 Eng-

953 2297 45 17 land
1007 2304 37 11 was
1053 2299 45 17 held
1110 2300 38 16 last
1161 2300 81 23 evening
1258 2302 20 16 at
1294 2301 33 17 the
1343 2302 36 17 Par-

953 2326 70 18 sonage;
1032 2322 62 22 study,
1106 2323 56 17 when
1165 2323 34 18 the
1204 2323 47 19 Rev.
1259 2324 21 18 F.
1288 2325 25 17 H.
1320 2325 71 22 Spencr

953 2346 111 16 announced
1073 2346 28 17 his
1110 2346 94 17 intention
1218 2347 21 17 of
1251 2347 140 24 relinguishing

953 2366 28 18 his
990 2368 82 22 position
1085 2375 21 11 as
1123 2369 85 17 minister
1224 2370 49 20 here,
1292 2371 60 18 which
1367 2372 24 17 be

953 2389 33 18 has
996 2391 44 18 held
1049 2393 29 15 for
1086 2393 32 17 the
1127 2393 38 16 last
1174 2393 54 22 eight
1236 2399 59 16 years.

976 2420 32 17 Mr
1016 2421 22 17 A.
1052 2421 22 17 F.
1092 2421 60 20 Scott,
1169 2421 26 18 Te
1212 2422 58 21 Take,
1288 2422 102 19 advertises

953 2443 43 17 that
1004 2443 23 17 he
1036 2444 39 17 will
1084 2445 42 21 give
1135 2451 11 10 a
1159 2445 71 17 reward
1245 2446 20 16 of
1279 2446 26 17 6
1319 2448 20 16 to
1352 2453 38 16 any

953 2471 68 17 person
1030 2468 100 22 returning
1138 2474 11 10 a
1162 2467 37 23 bay
1213 2469 79 23 gchbng
1305 2469 37 18 lost
1358 2471 33 16 the

953 2490 56 22 night
1016 2491 20 16 of
1044 2491 33 17 the
1085 2490 86 19 Rotorua
1180 2497 57 12 races.

977 2520 25 16 At
1011 2525 11 11 a
1030 2520 87 22 meeting
1130 2521 20 16 of
1164 2522 105 20 sportsmen
1281 2521 38 18 and
1336 2522 54 18 those

953 2542 101 18 interested
1063 2543 19 17 in
1092 2544 32 16 the
1136 2544 106 21 protection
1256 2545 20 16 of
1289 2545 32 16 the
1338 2547 53 16 trout

953 2565 19 17 in
981 2572 35 10 our
1024 2567 84 19 streams,
1122 2572 40 12 was
1178 2567 43 17 held
1238 2567 20 17 in
1273 2567 33 17 the
1323 2568 67 18 Palace

953 2589 59 17 Hotel
1032 2589 37 18 last
1085 2590 63 22 night,
1166 2590 14 17 it
1197 2596 38 11 was
1254 2591 77 17 decided
1348 2593 43 17 that

953 2612 84 17 Rotorua
1045 2612 68 18 should
1122 2613 64 17 secede
1195 2614 49 17 from
1251 2614 32 17 the
1289 2615 101 23 Tauranga

953 2635 162 19 Acclimatization
1132 2636 76 23 Society
1233 2638 38 16 and
1294 2638 42 22 join
1357 2640 33 16 the

953 2659 99 17 Auckland
1061 2665 42 11 one.
1128 2660 17 16 A
1154 2660 107 18 committee
1270 2667 38 11 was
1317 2661 73 19 formed

953 2683 20 16 to
981 2684 33 20 get
1023 2684 78 16 matters
1116 2683 50 17 lixed
1175 2689 32 17 up.
1240 2683 38 18 The
1295 2686 64 22 report
1374 2686 16 16 is

953 2704 44 18 held
1005 2711 44 12 over
1058 2706 28 17 till
1096 2707 47 16 next
1150 2707 55 16 issue.

977 2733 54 22 Lady
1051 2734 90 22 Glasgow
1167 2734 37 17 and
1228 2734 34 17 her
1286 2735 104 23 daughters

953 2757 92 21 Augusta,
1068 2757 88 22 Dorothy
1175 2757 38 17 and
1233 2758 58 21 Alice,
1315 2765 62 12 accom-

953 2779 68 22 panied
1029 2779 26 22 by
1064 2781 90 22 Captains
1164 2780 80 23 Clayton
1258 2781 38 17 and
1310 2782 80 18 Preston

953 2802 63 17 whilst
1118 2803 38 18 last
1164 2804 36 17 few
1209 2803 46 23 days
1263 2805 38 17 had
1310 2811 12 11 a
1336 2805 42 22 plea-

953 2826 74 17 surable
1036 2827 83 26 cruising
1127 2827 38 22 trip
1174 2827 72 17 around
1263 2828 51 17 Lake
1329 2829 48 17 Koto-

953 2854 34 12 nia
995 2849 38 17 and
1041 2849 78 22 Rotoiti,
1130 2850 89 23 camping
1228 2852 39 16 out.
1292 2851 52 23 They
1355 2852 35 17 left

953 2872 38 16 this
999 2873 89 22 morning
1096 2874 30 17 for
1142 2873 141 24 Ngarnawahia
1296 2880 23 12 en
1336 2877 54 16 route

953 2895 30 17 for
991 2896 105 18 Auckland.

976 2925 15 16 A
1001 2925 84 22 meeting
1094 2926 20 16 of
1122 2925 33 18 the
1171 2925 53 18 Band
1242 2927 19 16 of
1279 2926 55 23 Hope
1351 2934 39 11 was

952 2946 45 18 held
1005 2948 20 16 in
1034 2948 32 17 the
1075 2948 122 18 Schoolroom
1206 2954 24 13 on
1248 2949 70 23 Friday
1332 2956 46 12 even-

952 2970 34 22 ing
994 2970 37 18 last
1039 2972 22 16 at
1133 2972 33 17 the
1174 2978 52 11 room
1237 2972 57 24 being
1298 2974 80 18 comfort-

952 2992 45 29 ably
1006 2994 57 17 filled.
1089 2995 31 17 Mr
1137 2995 112 22 Neighbour
1265 3002 38 12 was
1320 2997 19 17 in
1356 2997 33 18 the

952 3017 58 18 chair.
1035 3018 39 17 The
1083 3018 84 23 meeting
1174 3019 73 22 opened
1256 3019 46 17 with
1311 3026 11 10 a
1330 3020 60 22 hymn

953 3040 89 17 followed
1051 3041 25 22 by
1089 3047 69 16 prayer
1173 3041 38 18 and
1228 3047 11 12 a
1255 3043 67 21 psalm,
1340 3044 50 17 after

952 3063 62 17 which
1023 3064 32 17 the
1064 3064 101 23 following
1171 3070 120 17 programme
1296 3071 38 12 was
1341 3073 49 15 gone

952 3086 90 23 through.
1072 3088 90 20 Anthem,
1248 3089 43 17 that
1306 3089 84 18 walketh

1105 3111 67 17 Misses
1186 3111 84 23 Murray,
1285 3111 104 23 Robinson,

953 3132 22 17 P.
1002 3133 84 18 Griffiths
1112 3134 40 17 and
1178 3134 118 23 Thompson;
1330 3135 59 24 Song,

973 3155 79 18 Saviour
1059 3156 67 18 breath
1141 3163 25 11 an
1179 3157 88 18 Evening

952 3188 48 8 iijLi.-ss
1044 3188 108 15 ivuuiiisoii;
1174 3188 58 15 ooug,
1275 3189 12 9 t
1294 3189 44 10 jicre
1353 3189 11 11 u
1371 3189 20 11 er

953 3207 23 17 ye
1063 3203 32 17 Mr
1100 3203 69 21 Boult;
1183 3204 59 23 Song,
1344 3205 47 18 with

953 3231 30 11 me
991 3224 51 19 Love
1167 3227 32 17 Mr
1205 3228 65 20 Bond;
1284 3228 107 18 Recitation

1104 3250 32 16 Mr
1141 3250 82 21 Crooke;
1239 3250 57 23 Song,

953 3271 33 18 the
995 3272 36 17 Bee
1124 3273 73 17 Master
1205 3273 26 17 H.
1242 3273 64 18 James
1313 3280 5 15 ;
1332 3275 58 20 Duet,

1020 3295 86 18 Convent
1193 3296 67 18 Misses
1269 3297 73 18 Corlett
1353 3298 38 17 and

953 3317 90 23 Murray;
1058 3318 58 24 Song,
1210 3320 53 22 Holy
1359 3322 32 17 Mr

953 3341 62 24 Roth;
1041 3342 93 22 Reading,
1156 3342 16 17 A
1189 3342 78 23 chapter
1286 3344 49 17 from
1374 3345 17 17 A

953 3363 70 23 Tramp
1131 3365 33 17 Mr
1171 3363 69 26 Boult;
1254 3367 58 22 Song,
1319 3367 72 17 Master

953 3386 26 17 H.
988 3386 65 19 James
1061 3394 5 15 ;
1080 3388 59 22 Song,
1154 3389 32 16 Mr
1200 3389 65 21 Bond;
1285 3389 58 23 Song,
1359 3391 32 17 Mr

953 3410 63 21 Roth;
1026 3410 58 23 Song,
1161 3412 80 17 Powder
1359 3414 32 17 Mr

954 3433 71 21 Boult;
1038 3434 49 21 Trio,
1120 3434 51 23 Only
1184 3441 12 11 a
1212 3435 42 23 Cup
1270 3436 21 17 of

953 3456 68 17 Misses
1030 3457 22 17 L.
1061 3457 38 18 and
1107 3458 24 17 E.
1148 3458 85 22 Murray,
1251 3458 38 17 and
1305 3456 83 25 Martin;

954 3478 58 23 Song,
1047 3479 47 18 Bide
1110 3487 12 10 a
1211 3481 48 18 Miss
1274 3482 115 22 Thompson.

953 3501 68 18 Misses
1029 3503 85 18 Griffiths
1122 3504 38 16 and
1169 3504 57 22 Selby
1235 3505 37 17 and
1277 3505 32 17 Mr
1316 3506 74 23 Thorpe

953 3525 56 17 acted
1017 3531 20 12 as
1045 3527 138 22 accompanists
1188 3527 71 23 during
1264 3528 33 17 the
1302 3529 87 22 evening.

953 3548 40 17 The
1001 3548 46 17 Rev.
1057 3549 32 17 Mr
1097 3549 61 18 Steele
1166 3556 49 16 gave
1223 3556 24 11 an
1260 3551 77 18 address
1352 3552 38 17 and

953 3572 119 23 encouraged
1080 3572 33 17 the
1121 3578 67 17 young
1195 3573 67 22 people
1270 3575 20 16 to
1303 3574 41 22 join
1357 3575 34 17 the

953 3593 75 24 pledge,
1038 3595 38 17 and
1084 3602 46 11 once
1138 3596 73 23 having
1223 3596 59 18 taken
1294 3597 16 17 it
1322 3599 35 16 not
1371 3600 20 16 to

954 3617 58 18 break
1020 3618 21 18 it.
1066 3619 67 17 Misses
1141 3619 108 23 Thompson
1258 3620 38 17 and
1309 3620 82 18 Stewart

953 3646 49 12 were
1011 3642 102 22 appointed
1120 3643 21 16 to
1148 3648 80 17 prepare
1233 3643 32 17 the
1270 3649 121 17 programme

954 3664 30 16 for
991 3664 34 18 the
1032 3666 47 16 next
1087 3665 90 22 meeting.
1202 3666 17 17 A
1232 3668 43 15 vote
1288 3667 21 17 of
1321 3667 70 18 thanks

953 3687 21 16 to
982 3687 33 17 the
1023 3688 102 17 Chairman
1134 3688 38 17 and
1180 3688 99 23 Secretary
1286 3690 86 23 brought
1379 3697 12 11 a

953 3710 88 22 pleasant
1049 3710 38 19 and
1095 3711 100 23 enjoyable
1200 3712 82 23 evening
1287 3714 21 16 to
1315 3718 11 12 a
1334 3713 56 17 close.

977 3743 27 16 At
1012 3742 32 18 the
1052 3743 77 18 Hobart
1137 3743 64 18 Police
1209 3743 60 18 Court
1282 3745 85 22 recently
1379 3751 12 11 a

954 3770 44 12 man
1007 3766 93 22 appeared
1108 3767 77 23 against
1196 3767 30 17 his
1240 3767 44 17 wife
1298 3767 93 24 charging

954 3788 33 17 her
1004 3789 47 18 with
1066 3790 59 22 using
1140 3791 83 16 towards
1239 3790 40 18 him
1293 3791 97 23 language

955 3810 104 20 calculated
1075 3814 20 16 to
1109 3812 84 23 provoke
1209 3819 11 11 a
1235 3813 70 18 breach
1320 3815 21 16 of
1356 3815 34 17 the

954 3838 69 23 peace._
1040 3835 31 18 He
1079 3842 39 12 was
1127 3836 130 23 considerably
1264 3837 126 22 non-plussed

954 3856 55 17 when
1018 3857 15 18 it
1040 3864 39 11 was
1087 3859 101 22 explained
1197 3859 42 18 that
1246 3866 50 11 were
1303 3860 30 17 his
1345 3861 44 17 wife

953 3880 94 21 punished
1054 3880 26 23 by
1089 3887 11 11 a
1108 3882 38 17 fine
1153 3882 24 17 he
1185 3882 64 18 would
1257 3883 48 18 have
1317 3885 21 16 to
1350 3890 39 16 pay

953 3903 17 16 it
977 3902 81 22 himself,
1068 3910 21 12 as
1097 3905 33 17 the
1138 3911 74 12 woman
1219 3906 40 18 had
1266 3911 25 13 no
1304 3909 86 20 separate

955 3927 69 19 estate;
1038 3927 38 17 and
1084 3929 80 20 further,
1172 3929 17 17 if
1197 3929 84 24 through
1288 3930 30 18 his
1331 3930 59 18 wife's

955 3948 118 19 misconduct
1085 3957 13 10 a
1113 3951 70 18 breach
1198 3952 21 17 of
1234 3953 33 17 the
1283 3959 56 17 peace
1351 3960 40 12 was

955 3973 111 18 committed
1085 3974 25 17 he
1129 3979 39 12 was
1188 3974 91 19 rendered
1298 3977 56 18 liable
1371 3979 20 16 to

954 3996 129 22 punishment,
1093 4003 21 12 as
1122 3997 33 17 the
1167 3997 37 17 law
1218 3999 86 21 required
1318 4000 40 17 him
1371 4002 20 16 to

955 4019 82 18 exercise
1044 4026 69 17 proper
1121 4020 74 18 control
1204 4026 45 12 over
1256 4021 29 17 his
1292 4021 34 19 life
1338 4024 43 21 part-

954 4047 40 12 ner.
1006 4064 5 5 _
1019 4042 39 18 The
1064 4044 124 17 unfortunate
1195 4043 97 23 applicant
1298 4046 93 21 appeared

953 4066 21 16 to
983 4064 55 19 think
1046 4066 45 18 that
1097 4066 21 18 in
1125 4066 54 18 these
1188 4066 47 23 days
1242 4067 21 18 of
1275 4068 84 23 equality
1372 4070 19 16 of

955 4093 52 13 sexes
1015 4088 24 18 he
1047 4094 38 14 was
1094 4090 64 18 rather
1165 4090 61 23 badly
1234 4091 79 17 treated.

1435 107 39 19 The
1484 108 110 23 Serpentine
1602 107 16 18 is
1627 107 78 19 covered
1713 107 47 18 with
1768 107 28 18 ice
1810 107 20 18 to
1839 113 12 12 a

1411 130 59 24 depth
1480 131 20 19 of
1509 132 29 17 six
1547 131 69 20 inches,
1626 132 38 17 and
1672 131 52 18 Loch
1738 130 87 18 Lomond
1834 131 15 16 is

1413 154 62 17 frozen
1486 154 65 23 nearly
1567 156 21 15 to
1604 155 33 17 the
1654 156 68 16 centre.
1755 154 96 22 Eighteen

1413 177 90 20 steamers
1512 184 31 11 arc
1559 176 106 19 ice-bound
1681 178 19 16 in
1717 177 33 17 the
1764 177 87 17 Thames.

1413 201 65 18 Funds
1487 207 32 12 are
1527 201 58 23 being-
1598 200 64 18 raised
1675 201 20 16 in
1709 200 32 17 the
1754 200 98 22 provinces

1414 224 20 17 in
1442 225 32 16 aid
1482 225 21 18 of
1510 223 96 19 workmen
1616 223 42 18 who
1667 223 47 18 have
1722 223 47 18 been
1776 223 75 17 thrown

1414 250 35 15 oat
1464 248 22 18 of
1501 247 129 22 employment
1646 252 24 12 on
1686 248 81 16 uccount
1783 247 21 16 of
1819 246 33 17 the

1414 276 63 12 severe
1485 271 88 16 weather.
1599 270 59 21 Many
1667 269 116 23 pedestrians
1794 269 21 17 in
1820 269 32 17 the

1413 295 68 16 streets
1489 294 20 17 of
1517 293 80 17 London
1615 298 47 11 were
1675 299 21 10 so
1712 298 98 11 overcome
1825 292 27 22 by

1413 317 33 17 the
1455 316 42 18 cold
1506 315 42 19 that
1557 316 44 21 they
1611 315 33 17 fell
1649 315 105 17 exhausted
1761 315 38 17 and
1804 321 48 11 were

1414 340 63 16 frozen
1487 340 19 17 to
1515 337 63 19 death.
1604 338 40 17 One
1654 344 77 12 coroner
1738 339 20 16 in
1764 338 33 17 the
1806 338 46 17 East

1414 363 43 16 End
1464 362 44 19 held
1514 361 85 21 inquests
1608 362 19 16 in
1635 367 36 11 one
1677 361 51 17 week
1735 367 24 11 on
1764 361 88 17 nineteen

1413 386 68 22 people
1490 386 41 15 who
1540 382 38 20 had
1587 386 38 15 met
1638 385 49 16 their
1701 385 67 17 deaths
1781 385 20 16 in
1815 384 37 17 this

1414 413 48 18 way,

1437 436 17 17 A
1463 435 63 19 North
1541 440 50 14 conn'
1599 441 22 16 ry
1637 436 110 22 gentleman
1762 442 39 11 was
1817 435 35 18 left

1418 459 50 19 BOO
1477 466 9 10 a
1496 466 45 15 year
1550 459 25 21 by
1583 459 30 17 Lis
1622 459 85 18 diceased
1715 460 44 16 wife
1771 466 21 10 so
1806 459 46 22 long

1414 488 21 11 as
1444 483 23 16 lie
1476 482 95 18 remained
1580 488 12 11 a.
1602 482 91 18 widower.
1719 482 24 18 In
1751 481 33 19 the
1797 483 55 17 event

1414 506 20 15 of
1442 506 30 16 his
1481 505 114 23 remarriage
1604 506 31 16 the
1645 511 68 17 money
1722 511 38 12 was
1775 508 20 15 to
1809 511 43 17 pass

1415 530 19 15 to
1442 527 33 18 the
1484 528 48 18 dead
1541 527 60 24 wije's
1610 528 90 18 children.
1726 530 38 16 The
1778 528 64 23 gentle-

1414 556 51 15 man,
1472 551 69 23 falling
1546 551 41 18 into
1592 551 88 18 financial
1687 552 113 20 difficulties,
1808 558 38 16 pro-
1846 558 5 6 4

1414 574 69 18 ceeded
1492 577 20 15 to
1521 572 80 20 London
1610 575 38 17 and
1656 575 80 18 married
1744 575 33 18 the
1780 574 72 19 inmate

1414 597 21 18 of
1443 603 12 11 a
1463 598 117 21 workhouse,
1591 598 48 23 aged
1649 599 28 18 87,
1688 600 19 16 at
1721 605 11 11 a
1745 598 107 22 registrar's

1414 621 59 21 office,
1491 621 33 17 the
1540 621 54 17 bride
1611 622 103 23 returning
1729 622 21 17 to
1771 622 34 16 her
1821 621 31 18 old

1413 646 87 20 quarters
1517 645 49 16 after
1582 645 33 17 the
1631 650 105 16 ceremony.
1769 645 30 22 By
1815 645 37 17 this

1413 669 43 21 step
1464 666 33 19 the
1505 667 90 18 creditors
1605 674 48 11 were
1662 668 68 17 unable
1739 669 20 16 to
1768 668 58 17 touch
1842 675 10 9 a

1413 695 65 18 penny
1495 692 20 16 of
1530 691 33 17 the
1579 697 74 16 money,
1671 691 62 17 which
1749 690 67 23 passed
1833 692 19 16 ut

1413 719 47 12 once
1468 715 41 17 into
1518 715 32 16 the
1559 715 61 16 hands
1628 715 20 16 of
1656 715 33 17 the
1702 715 90 17 children.

1437 741 17 17 A
1463 742 37 21 girl
1508 742 49 16 from
1566 741 77 17 Weston
1658 747 51 11 some
1723 741 76 18 months
1816 747 36 16 ago

1413 770 40 11 was
1469 764 81 17 married
1570 766 21 15 at
1611 764 33 17 the
1660 764 83 24 registry
1763 764 53 17 office
1833 766 19 15 at

1413 788 84 17 Ounium.
1505 789 20 15 to
1534 793 11 12 a
1554 787 102 23 travelling
1664 786 118 24 advertising
1785 788 66 22 agent,

1414 810 42 18 who
1474 810 135 23 subsequently
1629 809 46 19 took
1691 810 34 18 her
1742 812 19 16 to
1779 810 63 18 Christ-

1413 833 78 22 church,
1501 833 62 18 where
1572 833 32 18 the
1614 833 66 23 couple
1688 833 50 17 lived
1747 833 19 18 in
1776 833 48 23 style
1833 835 19 15 at

1413 861 12 12 a
1433 856 78 22 leading
1524 856 51 17 hotel
1591 856 30 18 for
1637 862 51 11 some
1702 857 52 16 three
1768 857 83 16 mouths.

1413 880 27 16 At
1446 880 33 17 the
1488 880 36 16 end
1533 879 20 18 of
1561 880 43 16 that
1612 879 65 22 period
1686 880 31 17 the
1726 885 45 11 man
1780 880 35 17 left
1820 880 32 17 the

1413 902 38 21 girl
1460 902 107 23 forgetting
1575 902 40 18 also
1624 904 20 16 to
1652 908 38 17 pay
1698 903 31 17 his
1743 902 52 18 hotel
1811 902 40 21 hill,

1413 922 17 20 it
1437 925 35 17 has
1481 926 49 16 since
1540 925 47 17 been
1595 925 108 18 discovered
1714 925 40 23 (the
1769 926 83 17 Oamaru

1413 948 45 17 mail
1467 948 51 23 says)
1527 948 43 17 that
1578 949 33 16 the
1620 949 98 18 scoundrel
1727 955 38 11 was
1777 955 11 11 a
1801 955 38 12 mar-

1414 970 39 19 ried
1462 977 43 12 ma:i
1515 972 46 17 with
1570 979 12 10 a
1590 972 43 17 wife
1642 972 37 17 and
1688 972 66 23 family
1764 972 60 22 bring
1833 974 19 15 at

1414 994 82 23 Fitzroy,
1506 995 90 17 Victoria.

1437 1027 16 16 A
1461 1027 118 17 remarkable
1588 1027 84 18 instance
1681 1028 20 17 of
1717 1028 106 16 endurance
1836 1028 16 17 is

1413 1050 88 21 reported
1510 1050 49 17 from
1568 1049 78 18 Levuka
1655 1050 19 18 in
1683 1050 111 19 connection
1806 1050 45 17 with

1413 1072 33 17 the
1455 1075 63 15 recent
1524 1073 105 18 hurricane.
1655 1075 17 15 A
1679 1074 63 22 Fijian
1747 1074 37 16 and
1790 1074 49 18 Rotu-

1413 1101 45 12 man
1467 1102 48 11 were
1524 1103 24 10 on
1557 1097 59 16 board
1625 1103 11 10 a
1644 1099 63 15 cutter
1715 1097 54 22 lying
1778 1096 48 19 close
1832 1099 20 15 to

1413 1118 33 18 the
1455 1120 71 22 barque
1535 1120 65 22 Ophir.
1625 1120 77 22 During
1710 1121 32 16 the
1750 1120 56 23 night
1820 1120 32 17 the

1414 1144 62 15 cutter
1489 1143 58 17 broke
1560 1149 60 16 away.
1655 1143 38 17 The
1710 1150 42 10 men
1769 1145 21 15 at
1806 1150 46 10 once

1413 1165 79 24 jumped
1509 1166 109 20 overboard,
1635 1166 38 17 and
1695 1165 120 19 commenced
1832 1168 20 15 to

1414 1189 52 16 swim
1477 1190 29 16 for
1513 1190 32 16 the
1553 1190 61 16 shore.
1639 1190 56 17 After
1703 1190 72 18 several
1788 1190 62 18 hours'

1414 1212 51 18 swim
1476 1212 45 22 they
1530 1213 79 17 reached
1618 1213 33 17 the
1666 1214 39 16 reef
1720 1215 22 15 at
1757 1213 70 18 Batiki,
1841 1219 11 11 a

1413 1235 85 17 distance
1507 1237 20 16 of
1535 1235 59 17 about
1604 1235 88 23 eighteen
1707 1237 59 17 miles.
1797 1237 55 17 After

1413 1264 12 11 a
1434 1258 53 17 short
1496 1262 37 13 rest
1546 1259 45 21 they
1607 1259 71 18 started
1695 1260 29 17 for
1741 1259 32 18 the
1790 1260 60 17 shore.

1414 1281 39 17 The
1461 1282 96 17 Kotuman
1568 1282 78 17 reached
1655 1283 32 17 the
1695 1282 66 20 beach,
1771 1283 35 16 but
1822 1283 29 16 his

1414 1304 87 19 comrade
1509 1311 38 11 was
1556 1305 60 17 either
1623 1306 90 17 drowned
1721 1312 22 11 or
1748 1306 71 22 caught
1826 1306 25 22 by

1414 1334 11 10 a
1434 1328 62 16 shark.

1441 1390 66 25 R.M.
1525 1390 115 29 COURT,
1661 1391 161 24 ROTORUA.

1478 1458 82 25 (Before
1574 1457 86 20 Colonel
1673 1457 105 27 Roberts.)

1437 1519 119 25 Saturday,
1569 1520 117 21 Februaiiy
1696 1523 60 21 23m>,
1771 1521 57 19 189.3.

1441 1551 13 19 J
1473 1552 27 18 11.
1520 1552 75 25 Taylor
1617 1559 18 12 v.
1656 1553 89 19 Christie

1416 1577 111 19 Collection
1538 1579 21 18 of
1569 1584 26 14 an
1613 1584 90 19 account,
1722 1580 30 18 8
1767 1582 22 16 2s
1807 1580 42 18 lOd.

1414 1602 115 27 Judgment
1539 1604 31 19 for
1580 1604 117 20 defendant.

1441 1630 55 18 John
1507 1629 96 21 FallooiiD
1617 1638 18 12 v.
1651 1631 23 19 E.
1690 1632 23 19 L.
1725 1632 76 24 Peters,
1819 1632 31 19 for

1416 1655 85 20 balance
1511 1657 22 19 of
1542 1663 25 13 au
1583 1660 84 16 account
1680 1658 32 19 for
1722 1657 70 25 board,
1806 1660 43 21 etc.,

1415 1682 42 18 44
1478 1684 22 17 4s
1519 1683 32 18 -id.
1590 1684 113 24 Judgment
1719 1684 33 20 for
1760 1684 90 25 plaintiff.

1414 1707 33 19 for
1456 1709 42 18 42
1510 1710 23 18 2s
1545 1709 28 23 Id,
1585 1709 40 19 and
1635 1714 51 15 costs
1698 1710 29 19 5
1743 1711 39 19 18s.

1441 1734 60 25 Mary
1512 1734 94 20 Brennau
1625 1742 17 14 v.
1661 1736 72 19 Alfred
1752 1737 94 19 Jackson.

1414 1759 33 20 for
1456 1761 64 25 gooda
1530 1761 60 26 suppl
1599 1761 25 20 ed
1635 1761 28 20 o
1678 1765 22 16 5s
1719 1763 31 19 sd.
1783 1762 53 25 Judg-

1415 1791 56 14 nient
1489 1789 32 17 for
1540 1787 89 26 plaintiff
1648 1789 32 19 for
1698 1792 90 21 amount,
1808 1789 41 19 and

1414 1815 53 16 costs
1480 1815 39 17 10s.

1442 1839 48 19 Geo.
1505 1838 101 27 McAuley
1621 1847 18 12 v.
1661 1841 51 19 Geo.
1732 1841 116 23 Valentine,

1415 1865 32 18 for
1457 1865 56 19 work
1522 1866 58 23 done,
1596 1867 10 18 7
1609 1874 7 10 s
1628 1867 32 19 Gd.
1695 1867 114 25 Judgment
1819 1869 31 17 for

1415 1890 64 26 plaint
1490 1892 16 18 ff
1517 1892 30 19 for
1560 1893 19 18 7s
1590 1892 24 20 Gd
1625 1893 40 19 and
1676 1898 41 14 cost
1728 1896 28 16 (is.

1440 1917 20 19 J.
1472 1918 75 19 Larkin
1560 1925 17 12 v.
1589 1918 25 20 D.
1626 1919 95 26 Higgins,
1737 1921 34 17 for
1787 1920 63 24 goods

1415 1944 50 22 sold,
1477 1945 43 19 20s.
1548 1944 115 27 Judgment
1670 1947 33 19 for
1711 1946 92 26 plaintiff:
1818 1947 32 18 for

1414 1973 84 16 ar.iount
1509 1970 38 19 aud
1559 1976 57 16 costs,
1630 1974 28 16 (is.

1440 1996 20 19 J.
1472 1996 78 19 Larkin
1560 2004 18 12 v.
1590 1998 91 24 Ilutana,
1693 1999 31 18 for
1733 1998 64 26 goods
1804 2005 33 19 sup-

1414 2022 61 26 plied,
1494 2025 40 16 18s.
1571 2024 114 24 Judgment
1707 2025 32 18 for
1759 2024 91 26 plaintiff

1414 2053 32 14 lor
1455 2051 84 18 amount
1548 2049 40 20 and
1598 2053 52 16 costs
1661 2052 28 17 (is.

1444 2075 78 20 Dennis
1531 2075 97 21 Sheahan
1647 2082 18 13 v.
1684 2078 24 18 Is.
1723 2077 23 19 T.
1767 2076 82 20 Russell

1414 2102 31 17 for
1456 2108 68 19 wages
1538 2102 42 19 l7
1600 2109 18 12 o.
1655 2102 66 21 There
1741 2103 63 25 being
1823 2109 26 12 no

1414 2133 127 19 appearance
1552 2128 35 19 the
1597 2135 45 12 case
1653 2135 40 13 was
1704 2129 69 20 struck
1780 2132 42 16 out.

1440 2154 82 18 Jeeklin
1533 2154 39 18 aud
1583 2154 70 19 Cotter
1662 2161 18 12 v.
1694 2154 94 21 Hikauui
1798 2155 51 18 Mita

1414 2179 32 19 for
1454 2183 55 15 meat
1519 2179 100 26 supplied,
1632 2182 32 17 12s
1676 2180 43 20 lOd.
1735 2181 114 25 Judgment

1415 2205 32 19 for
1455 2206 90 24 plaintiff
1556 2206 32 18 for
1597 2212 84 14 amount
1693 2207 40 19 and
1748 2212 54 14 costs
1819 2210 28 15 (is.

1441 2231 20 20 J.
1470 2232 76 19 Larkin
1563 2239 18 12 v.
1597 2232 118 20 lloromona
1734 2234 32 18 for
1786 2234 63 25 goods

1414 2257 99 27 supplied,
1526 2258 28 18 2
1566 2261 28 17 -Is.
1632 2258 120 20 Nonsuited.

1440 2285 55 18 John
1512 2285 83 18 Severin
1611 2290 19 14 v.
1651 2285 54 19 Kate
1723 2286 78 25 Young
1817 2286 32 18 for

1414 2311 63 24 goods
1486 2311 100 25 supplied,
1598 2311 84 19 balance
1693 2312 21 18 of
1722 2315 34 16 the
1764 2315 85 17 account

1416 2338 33 17 lis
1463 2337 32 18 Gd.
1524 2336 33 20 No
1567 2343 133 20 appearance,
1714 2337 69 20 struck
1807 2340 41 18 out.

1439 2363 78 25 Joseph
1527 2361 74 26 Gibon,
1618 2363 152 24 Christchurch,
1791 2372 18 12 v.
1828 2365 20 19 J.

1414 2389 84 19 Larkin.
1527 2389 129 25 Application
1667 2391 52 18 from
1737 2391 112 19 defendant

1414 2418 19 15 to
1445 2415 51 19 have
1504 2415 32 19 his
1544 2415 96 19 evidence
1648 2416 68 19 taken.
1746 2416 103 21 Evidence

1413 2441 69 18 taken.

1532 2475 106 22 Criminal
1652 2477 70 20 Cases.

1439 2512 69 19 Police
1520 2519 19 12 v.
1550 2511 78 26 Ngatai
1639 2512 89 25 charged
1744 2513 48 20 with
1807 2514 30 19 dis-

1412 2538 81 25 orderly
1518 2538 119 19 behaviour.
1680 2538 66 21 Fined
1765 2542 23 17 5s
1808 2541 41 18 and

1412 2567 53 16 costs
1475 2566 28 17 7s.

1438 2590 70 20 Police
1516 2597 19 13 v.
1547 2590 137 20 Ilikatareioa
1694 2592 89 24 charged
1799 2592 49 19 with

1414 2616 112 25 disorderly
1539 2616 119 20 behaviour.
1687 2617 65 20 Fined
1771 2620 23 17 5s
1808 2619 41 18 and

1412 2645 53 17 costs
1477 2643 28 19 7s.

1439 2669 69 19 Police
1517 2676 19 12 v.
1548 2668 132 26 Huigawaka
1689 2670 43 24 Tio,
1741 2670 30 20 Te
1779 2670 55 20 Wire-

1412 2695 35 18 uui
1458 2695 40 19 und
1517 2694 100 20 Hamiora
1633 2695 111 21 Parehuka
1759 2697 90 25 charged

1413 2720 49 20 with,
1486 2721 63 26 being
1571 2721 67 19 drunk
1660 2722 41 19 and
1726 2723 121 25 disorderly.

1411 2745 66 21 Fined
1485 2749 24 18 5s
1517 2747 41 19 and
1568 2750 53 16 costs
1632 2748 22 18 7s
1666 2749 56 19 each.

1438 2773 68 19 Police
1513 2780 19 12 v.
1542 2773 29 19 Te
1581 2773 84 19 Korona
1675 2775 40 19 and
1725 2775 28 19 Te
1762 2775 85 19 Whare.

1412 2805 53 13 wera
1473 2799 91 26 charged
1573 2799 50 19 with
1640 2799 63 26 being
1720 2801 69 19 drunk
1805 2801 42 19 and

1412 2825 120 25 disorderly.
1567 2825 67 19 Fined
1656 2827 22 19 5s
1698 2827 41 19 and
1757 2829 54 17 costs
1828 2828 22 18 7s

1411 2851 55 19 each.

1438 2877 69 20 Police
1524 2884 20 13 v.
1562 2877 44 20 Eru
1624 2877 110 21 Pokaihau
1760 2879 89 26 charged

1412 2904 50 19 with
1482 2904 64 26 being
1565 2904 68 19 drunk
1662 2905 41 19 and
1728 2905 120 25 disorderly.

1412 2930 66 19 Fined
1489 2932 22 17 5s
1520 2930 42 19 and
1572 2932 53 17 costs
1637 2931 29 19 7s.

1438 2956 69 19 Police
1525 2963 20 13 v.
1564 2956 71 20 James
1652 2957 87 20 Preston
1759 2957 91 26 charged

1413 2982 48 19 with
1480 2983 64 25 being
1571 2982 75 21 drunk.
1683 2984 65 19 Fined
1767 2985 23 18 5a
1809 2984 41 19 and

1411 3011 53 16 costs
1475 3010 28 18 7s.

1440 3034 69 20 Police
1531 3043 20 12 v.
1578 3034 62 21 Peter
1663 3035 78 20 Nelson
1759 3036 90 26 charged

1412 3060 51 20 with
1484 3062 62 25 being
1565 3061 75 20 drunk.
1677 3062 68 19 Fined
1764 3065 22 16 5s
1808 3062 41 19 and

1411 3089 54 17 costs
1474 3088 28 18 7s.

1873 105 175 21 SENSATIONS
2059 106 35 19 OF
2101 104 135 21 HANGING
2246 105 62 19 AND

2007 131 168 21 DROWNING.

1900 167 26 19 In
1937 174 26 12 an
1973 167 70 19 article
2053 175 26 11 on
2091 169 11 9 '-'-
2109 167 43 18 The
2162 166 57 25 Days
2236 166 23 19 of
2272 166 36 19 the

1998 193 20 18 in
2033 192 140 21 Blackwood's
2191 192 115 26 Magazine,

1874 228 54 13 some
1938 220 80 19 curious
2028 220 104 24 examples
2148 225 35 13 are
2196 218 62 26 given
2281 218 26 23 by

1874 248 35 19 Hie
1918 247 68 19 writer
1999 246 21 19 of
2030 253 12 12 a
2051 245 131 20 well-known
2196 244 98 26 phenome-

1874 280 40 14 non
1916 273 61 19 tlie
1993 272 41 19 fact
2050 272 45 19 that
2114 272 35 18 the
2165 272 70 18 tvcnts
2255 270 21 18 of
2296 276 12 12 a

1874 300 66 19 whole
1959 298 86 19 lifetime
2066 296 42 21 will
2127 296 115 19 sometimes
2260 302 48 18 pass

1875 326 20 19 in
1905 332 11 14 a
1926 327 90 18 moment
2028 323 91 25 through
2133 323 35 18 the
2184 321 57 19 mind
2258 323 21 17 of
2296 327 12 13 a

1875 358 74 19 person
1959 351 45 19 who
2013 352 18 17 is
2041 357 26 12 on
2084 350 35 18 the
2135 348 57 25 point
2206 347 22 20 of
2246 347 61 19 death

1877 380 25 22 by
1912 378 106 24 drowning
2031 383 23 12 or
2069 374 126 20 suffocation.
2231 374 64 25 Speak-

1875 405 36 25 ing
1920 405 22 18 of
1961 404 35 19 the
2013 409 45 13 case
2080 403 22 17 of
2120 400 54 19 Lord
2190 400 116 25 Ponsonby,

1875 431 44 18 who
1931 437 42 12 wns
1983 428 81 26 hanged
2073 428 27 24 by
2111 427 34 19 the
2156 427 47 19 mob
2217 426 22 18 in
2249 425 60 19 Pari.?

1875 457 21 18 in
1908 458 55 17 1791.
1976 456 41 19 and
2025 458 35 16 cut
2069 454 59 19 down
2139 453 69 19 before
2217 451 37 19 life
2267 458 41 12 was

1875 483 83 22 extinct,
1969 482 35 19 the
2013 480 75 21 author
2110 486 47 16 says
2165 486 5 12 :
2192 478 35 19 He
2245 477 63 25 (Lord

1876 509 118 24 Ponsonby)
2005 506 113 27 proceeded
2130 508 21 16 to
2167 504 46 26 give
2231 510 28 12 an
2275 510 23 12 ac-

1874 538 62 16 count
1944 536 21 18 of
1975 535 31 19 his
2014 533 114 20 sensations
2138 538 25 12 on
2174 529 107 25 returning
2288 532 20 16 to

1875 561 156 19 consciousness.
2069 558 33 19 Ho
2121 557 60 19 could
2202 559 36 15 not
2257 555 51 19 have

1875 587 53 19 been
1944 587 90 24 actually
2051 583 115 26 suspended
2184 582 22 19 in
2224 581 85 20 inid-air

1875 620 56 12 more
1939 613 50 19 than
1999 620 11 12 a
2075 609 90 24 seconds,
2183 607 41 20 and
2238 609 35 23 yet
2287 607 22 20 in

1875 639 45 19 that
1930 639 54 19 brief
1993 644 59 20 space
2063 637 21 19 of
2093 637 49 18 time
2156 635 27 19 all
2192 634 36 19 the
2238 636 71 17 events

1875 665 22 19 of
1913 664 32 20 his
1958 668 46 22 past
2022 663 37 21 life
2076 661 74 27 passed
2166 660 91 25 through
2276 660 32 19 iiis

1875 691 63 19 mind.
1966 691 20 19 It
1995 691 17 18 is
2022 695 45 14 true
2077 689 46 19 that
2133 688 31 19 lii.-j
2174 687 36 18 life
2227 689 21 15 to
2264 686 45 19 that

1875 717 47 19 date
1932 717 41 19 had
1982 721 35 14 not
2028 717 51 18 been
2088 722 12 12 a
2109 721 49 17 very
2168 711 92 22 eventful
2271 719 38 12 ono

1876 743 62 25 being
1945 743 48 24 only
2008 744 22 18 19
2039 748 60 19 years
2109 741 21 18 of
2138 747 38 19 age
2184 739 3 29 ;
2203 739 38 18 but
2248 745 60 18 every

1876 770 102 19 sensation
1987 775 41 13 was
2038 767 93 20 renewed
2140 769 21 16 to
2170 765 28 19 all
2208 765 26 18 its
2242 765 55 18 fresh-

1875 802 52 13 ness.
1956 796 20 19 It
1989 795 18 19 is
2026 795 43 19 also
2087 791 129 22 remarkable
2234 793 21 16 at
2273 790 35 19 the

1875 822 48 19 time
1934 821 44 20 that
1988 821 25 20 he
2024 821 35 19 did
2069 823 35 16 not
2119 821 21 17 at
2155 818 34 19 the
2207 817 49 18 time
2272 823 24 12 ex-

1875 848 92 25 perience
1977 854 40 18 any
2027 846 103 19 -ensation
2140 844 21 19 of
2173 844 45 19 fear
2228 842 4 31 ;
2247 842 61 19 while

1875 875 26 18 he
1915 874 67 19 added
1991 874 27 19 he
2026 880 42 12 was
2085 879 25 12 an
2128 869 117 25 essentially
2264 875 32 13 ner-

1874 907 51 12 vous
1937 901 154 24 temperament.
2119 897 49 20 This
2179 895 128 20 remarkable

1874 926 77 19 mental
1961 933 67 18 power
2038 926 21 18 of
2070 924 77 24 calling
2165 929 27 18 up
2209 921 36 19 the
2261 924 46 22 past

1875 952 20 19 in
1908 954 98 17 moments
2017 952 21 19 of
2050 949 115 26 suspended
2175 947 111 21 animation
2296 947 11 19 I

1874 979 54 19 hnve
1949 978 64 19 heard
2039 975 117 27 frequently
2183 973 124 20 mentioned.

1875 1004 43 19 One
1931 1011 41 12 was
1981 1004 36 19 the
2029 1009 46 13 case
2086 1003 22 19 of
2125 1002 66 19 Count
2199 999 71 25 Zichy,
2286 1000 21 18 in

1874 1030 35 19 the
1923 1030 115 19 revolution
2056 1029 21 19 of
2102 1030 56 21 1818,
2180 1027 21 18 in
2218 1025 88 20 Vienna.

1874 1056 34 19 He
1917 1063 41 12 was
1968 1056 76 25 caught
2060 1055 28 25 by
2108 1054 35 19 the
2159 1059 75 18 savage
2252 1052 54 23 mob,

1875 1083 58 25 hung
1940 1082 42 19 like
1992 1082 53 18 Lord
2055 1079 110 25 Ponsonby
2175 1079 21 19 in
2205 1079 34 18 the
2255 1078 39 18 mid-

1875 1109 32 19 dle
1915 1110 22 18 of
1945 1108 35 19 the
1990 1110 68 20 s'reet,
2070 1107 59 19 when
2142 1105 31 19 his
2191 1111 46 13 own
2255 1105 50 24 regb

1874 1138 55 16 meat
1937 1135 21 18 of
1970 1135 101 24 dragoons
2085 1131 89 26 charged
2188 1131 60 18 down
2267 1131 40 19 and

1874 1164 34 16 cut
1918 1161 35 20 the
1961 1161 58 19 cords
2031 1166 22 13 as
2067 1159 26 19 he
2110 1164 41 13 was
2166 1157 103 25 swinging
2285 1157 21 18 in

1874 1187 35 19 the
1917 1188 37 18 air.
1982 1187 33 19 Ho
2028 1185 36 20 fell
2074 1188 21 16 to
2109 1185 35 17 the
2162 1183 87 25 ground,
2266 1183 41 19 and

1875 1220 41 12 was
1926 1213 101 26 supposed
2038 1215 21 17 to
2068 1211 26 19 be
2104 1209 63 30 dead:
2184 1209 38 19 but
2231 1209 32 19 his
2275 1215 21 13 re-

1876 1247 71 18 covery
1962 1246 41 13 was
2022 1246 12 12 a
2053 1244 49 19 very
2122 1236 95 19 different
2233 1237 74 17 matter

1875 1267 52 18 from
1938 1265 54 21 Lord
2003 1263 135 26 Ponsouyb's,
2147 1263 31 18 for
2185 1262 26 18 he
2218 1262 89 18 suffered

1874 1293 91 24 agonies,
1976 1291 41 21 and
2031 1291 33 19 for
2081 1294 35 15 ten
2133 1289 51 25 days
2200 1288 42 18 had
2260 1288 47 19 four

1875 1326 45 12 men
1928 1318 114 25 constantly
2050 1317 48 19 with
2104 1316 48 19 him.
2163 1314 143 19 Hedescribed

1874 1345 78 26 exactly
1962 1345 34 19 the
2011 1350 56 13 same
2085 1341 113 20 sensations
2214 1346 24 13 as
2252 1339 54 20 Lord

1874 1371 110 25 Ponsonby
1994 1367 4 29 ;
2011 1371 35 19 the
2057 1368 59 20 scroll
2126 1369 21 18 of
2162 1367 55 19 what
2234 1371 41 14 was
2294 1372 12 13 n

1875 1397 59 19 much
1945 1397 72 25 longer
2027 1397 35 18 life
2079 1401 42 14 was
2140 1392 99 24 unrolled,
2255 1398 50 13 even

1873 1423 36 20 the
1919 1423 89 20 smallest
2019 1422 63 19 detail
2092 1420 74 20 rushed
2177 1418 52 20 back
2240 1424 25 13 on
2274 1418 32 19 his

1874 1444 101 30 memory;
1990 1449 26 19 ho
2032 1448 42 19 had
2087 1447 35 20 the
2139 1452 55 12 same
2213 1444 81 19 fearless-

1873 1482 46 13 ness
1929 1479 22 16 at
1959 1476 35 19 the
2002 1477 95 19 moment,
2109 1472 36 19 but
2156 1472 25 18 he
2189 1470 38 20 felt
2234 1470 29 19 all
2271 1470 35 20 the

1873 1502 81 19 horrors
1964 1503 21 18 of
1994 1502 35 19 the
2039 1506 67 19 agony
2119 1498 58 20 when
2187 1497 35 19 the
2228 1496 78 25 danger

1874 1535 39 12 was
1923 1531 51 22 past.
2009 1528 18 18 A
2043 1530 52 15 most
2112 1524 122 23 interesting
2254 1521 52 21 little

1874 1554 59 23 book,
1944 1554 64 19 called
2140 1549 116 20 Beaufort's
2265 1549 28 18 Ex-

1872 1580 104 25 periences
1989 1580 21 19 of
2175 1576 58 19 hears
2248 1575 49 19 testi-

1872 1613 60 17 mony
1955 1610 20 15 to
1998 1606 41 19 this
2066 1603 112 26 seemingly
2203 1602 103 18 universal

1872 1632 119 26 experience
1996 1630 104 28 injsudden
2107 1629 84 26 danger.
2203 1627 104 25 'Thought

1872 1658 110 19 succeeded
1992 1657 104 26 thought,'
2107 1662 46 19 says
2168 1655 35 18 the
2220 1654 86 18 admiral

1874 1685 47 18 with
1932 1685 34 18 the
1978 1684 88 25 rapidity
2078 1683 44 19 that
2132 1683 17 17 is
2159 1683 35 17 not
2211 1679 48 25 only
2275 1680 21 18 in-

1872 1710 133 25 desciibable,
2020 1710 38 19 but
2077 1707 100 28 probably
2193 1707 102 18 inconceiv-

1872 1737 47 19 able
1931 1737 25 24 by
1968 1743 78 18 anyone
2058 1737 44 17 who
2121 1735 35 18 lias
2172 1737 35 15 not
2224 1732 83 19 himself

1874 1763 49 20 been
1935 1764 19 18 in
1962 1770 11 12 a
1984 1762 78 20 similar
2069 1759 103 22 condition
2174 1759 61 19 the
2247 1761 60 16 event

1873 1790 43 18 that
1928 1790 40 18 had
1977 1789 43 25 just
2031 1789 61 18 taken
2112 1787 61 25 place,
2195 1785 35 19 the
2248 1785 59 18 effect

1872 1816 16 18 it
1900 1815 65 19 would
1976 1818 51 16 have
2046 1821 25 12 on
2092 1820 31 17 my
2145 1811 77 26 family,
2236 1811 40 19 and
2295 1817 12 13 a

1872 1841 103 21 thousand
2008 1840 154 21 circumstances
2194 1837 112 19 associated

1873 1868 47 18 with
1932 1868 65 22 homo,
2024 1866 111 24 travelling
2157 1863 110 20 backward
2286 1863 20 19 in

1872 1894 48 20 time
1943 1895 20 17 in
1982 1892 108 27 retrogade
2272 1890 34 18 All

1872 1921 41 18 this
1924 1927 70 18 proves
2005 1919 45 21 that
2064 1919 94 18 duration
2170 1918 21 17 of
2207 1917 37 18 life
2259 1916 48 18 does

1872 1951 34 14 not
1916 1946 80 25 depend
2007 1952 26 12 on
2045 1945 67 22 hours,
2124 1944 35 19 but
2171 1950 25 11 on
2206 1942 35 19 the
2250 1949 42 12 num-

1874 1973 34 18 ber
1925 1975 20 16 ot
1967 1971 130 27 impressions
2116 1969 102 25 conveyed
2236 1971 21 17 to
2272 1968 35 19 tho

1873 1999 64 18 brain.

1892 2044 43 19 MR
1949 2042 189 21 GLADSTONE'S
2149 2040 127 21 LIBRARY

1898 2081 33 19 Mr
1941 2081 111 19 Gladstone
2066 2079 37 19 has
2113 2077 43 26 just
2171 2076 112 26 completed
2294 2081 12 14 a

1872 2114 12 12 a
1895 2107 85 23 scheme,
1989 2107 66 19 which
2063 2105 38 19 has
2112 2103 106 20 simmered
2232 2103 21 18 iu
2274 2102 32 19 his

1872 2133 55 19 mind
1951 2134 32 18 for
2001 2138 62 18 many
2079 2136 64 19 years,
2164 2128 87 24 namely,
2271 2128 35 17 tho

1872 2158 155 19 establishment
2061 2157 22 19 of
2117 2155 35 18 the
2187 2153 36 20 Ha
2225 2152 81 21 warden

1871 2184 86 26 Library
1968 2185 41 19 and
2017 2183 81 22 Hostol,
2110 2181 41 19 and
2161 2180 66 19 which
2243 2179 22 18 in
2279 2180 27 17 its

1872 2217 43 18 way
1926 2211 16 18 is
1949 2217 12 12 a
1971 2211 79 25 worthy
2060 2208 101 20 imitation
2172 2206 21 19 of
2206 2206 55 18 what
2273 2205 33 18 Sir

1872 2237 79 25 George
1961 2236 55 26 Grey
2026 2237 38 19 has
2072 2235 52 19 done
2133 2233 22 19 in
2164 2232 129 25 kispreseuta-

1871 2263 41 19 tion
1924 2263 21 19 of
1954 2263 34 19 the
1998 2264 81 19 famous
2090 2260 53 24 Grey
2159 2257 110 20 Collection
2286 2260 20 16 to

1871 2289 34 18 the
1924 2290 40 24 city
1982 2290 21 19 of
2021 2286 114 23 Auckland.
2171 2284 43 19 The
2229 2283 77 25 library

1873 2314 93 24 building
1976 2316 37 19 has
2023 2315 53 20 bsen
2092 2312 54 19 built
2161 2311 21 19 of
2196 2310 52 23 iron,
2265 2310 41 18 and

1871 2342 34 18 the
1936 2342 30 19 St.
1988 2340 92 22 DeinoPs
2109 2336 132 26 Theological
2266 2335 40 19 and

1871 2368 87 18 General
1969 2368 94 25 Library,
2075 2373 22 13 as
2112 2365 16 19 it
2136 2364 18 19 is
2164 2362 84 23 termed,
2265 2361 40 19 will

1871 2394 79 19 contain
1963 2396 72 21 25,000
2046 2394 97 19 volumes,
2154 2395 61 18 many
2220 2389 21 19 of
2250 2388 55 19 them

1871 2426 44 13 rure
1925 2420 83 24 literary
2018 2424 108 17 treasures,
2146 2417 41 18 and
2202 2416 18 18 is
2238 2417 20 16 to
2277 2414 27 19 be

1870 2453 53 17 open
1934 2449 20 16 to
1964 2446 28 19 all
2002 2448 82 18 readers
2098 2444 41 20 and
2155 2441 98 23 students,
2274 2447 21 13 re-

1872 2472 92 25 gardless
1974 2474 21 18 of
2008 2473 64 19 creed.
2109 2470 42 20 Tho
2168 2467 67 20 works
2254 2468 52 18 have

1872 2498 51 19 been
1933 2499 88 19 selected
2032 2499 26 20 bv
2078 2497 33 19 Mr
2124 2495 112 20 Gladstone
2253 2495 53 17 from

1872 2524 31 19 bis
1913 2524 83 25 library,
2009 2526 20 19 in
2040 2525 59 20 order
2109 2523 45 19 that
2165 2521 48 24 they
2225 2526 45 19 may
2280 2519 25 18 be

1870 2551 71 24 placed
1959 2556 21 15 at
2003 2552 35 19 the
2063 2549 90 26 disposal
2173 2548 22 17 of
2214 2546 92 19 students

1872 2577 74 19 unable
1957 2582 20 15 to
1988 2577 99 27 purchase
2105 2575 49 19 such
2174 2572 70 23 books,
2265 2571 41 20 and

1871 2603 43 19 also
1924 2604 21 18 of
1954 2604 35 19 the
1999 2604 84 25 general
2093 2601 76 26 public.
2198 2598 107 24 Although

1871 2629 34 18 the
1916 2629 77 25 library
2004 2632 18 18 is
2035 2628 96 21 intended
2145 2625 103 27 primarily
2262 2631 22 12 as
2294 2631 11 12 a

1872 2655 122 26 theological
2004 2664 44 15 one,
2058 2656 16 18 it
2081 2656 37 18 has
2124 2660 12 12 a
2145 2651 78 21 secular
2230 2650 75 19 section

1873 2681 67 19 where
1961 2683 34 18 the
2017 2682 89 22 student,
2129 2680 53 18 after
2205 2684 13 13 a
2249 2676 55 26 long,

1872 2707 40 19 and
1929 2709 93 19 studious
2041 2709 40 24 day
2099 2708 22 18 in
2141 2704 102 25 theology,
2259 2709 46 17 may

1871 2733 52 20 have
1948 2735 110 19 recreative
2081 2732 92 26 radin-.
2212 2731 42 17 -liut
2271 2728 34 19 tho

1872 2760 76 25 library
1957 2761 18 19 is
1992 2761 48 25 only
2058 2763 46 23 part
2123 2759 22 19 o*
2165 2757 35 19 tho
2219 2756 86 19 scheme.

1871 2786 20 19 A
1908 2787 66 19 hostel
1983 2782 23 25 ha
2017 2782 11 25 9
2039 2782 52 25 bien
2102 2784 79 21 erected
2203 2782 101 25 adjacent,

1872 2813 68 19 where
1950 2813 82 19 visitors
2050 2813 52 19 from
2119 2811 28 20 all
2161 2810 58 26 parts
2234 2808 22 19 of
2271 2807 35 19 the

1872 2842 91 22 country,
1979 2839 46 19 who
2044 2839 66 19 desire
2128 2840 21 17 to
2168 2835 65 26 spend
2251 2840 55 13 some

1872 2865 50 25 days
1933 2868 21 17 at
1962 2866 34 19 the
2009 2866 79 24 library
2097 2871 38 13 can
2146 2865 35 23 get
2192 2859 64 22 board
2265 2860 41 19 and

1871 2891 110 25 residence,
1994 2893 58 24 quiet
2065 2893 31 18 for
2112 2890 66 24 study,
2195 2887 42 20 and
2253 2888 53 18 meet

1872 2917 87 20 kindred
1969 2918 70 25 spirits
2049 2919 44 18 who
2104 2923 35 13 are
2152 2919 22 16 at
2189 2912 116 21 Hawarden

1872 2949 26 14 on
1909 2950 12 12 a
1930 2944 78 19 similar
2018 2944 91 19 mission.
2136 2942 34 19 Mr
2177 2938 129 21 Gladstone's

1872 2970 122 24 son-in-law,
2009 2970 35 19 the
2063 2970 52 20 Bev.
2135 2968 28 21 H.
2180 2967 68 22 l>rew,
2268 2966 38 18 has

1872 2995 52 20 been
1934 2996 94 24 officially
2039 2996 96 20 installed
2145 3001 22 13 as
2186 2992 82 20 warden
2285 2991 21 19 of

1872 3022 30 19 St.
1913 3021 91 20 Demol's
2015 3022 80 24 Hostel,
2116 3021 40 20 and
2175 3020 36 19 the
2227 3018 79 19 scheme

1872 3048 32 19 for
1912 3048 66 19 which
1988 3049 35 18 tho
2031 3048 79 25 library
2120 3048 39 19 and
2170 3044 67 21 hostel
2253 3049 53 15 were

1872 3074 93 19 destined
1974 3074 18 19 is
2000 3081 46 13 now
2056 3078 22 16 at.
2088 3074 62 23 work,
2168 3072 40 20 and
2222 3077 14 13 a
2250 3072 44 17 cata-

1872 3100 61 25 logue
1956 3100 62 26 being
2041 3101 61 19 made
2121 3101 22 18 of
2165 3099 36 20 the
2221 3097 85 24 library.

1872 3126 65 20 There
1947 3126 17 19 is
1974 3127 48 25 only
2031 3134 39 13 one
2079 3127 45 19 rule
2141 3123 122 25 concerning
2272 3123 34 17 the

1874 3152 69 23 books,
1953 3153 40 19 and
2002 3154 46 19 that
2056 3153 23 24 is,
2096 3153 46 19 that
2161 3157 54 14 none
2234 3150 21 18 of
2274 3147 32 19 Mr

1872 3177 130 13 niJ>
2078 3179 75 11 *_*:.
2166 3185 24 4 .,
2203 3177 36 18 *]i&
2255 3180 50 11 innr>

1872 3204 47 25 gins
1928 3211 47 18 may
1985 3205 26 19 be
2020 3205 71 26 copied
2102 3212 23 12 or
2134 3203 77 28 quoted
2218 3209 23 13 as
2248 3201 58 19 illus*

1872 3231 78 25 trating
1959 3231 33 19 hi-
2001 3231 63 19 views
2074 3238 26 13 on
2110 3231 76 19 certain
2194 3229 110 26 questions,

1893 3257 49 18 such
1951 3257 48 19 such
2016 3257 131 19 annotations
2156 3256 67 25 might
2230 3260 76 19 convey

1871 3288 25 13 an
1909 3283 115 24 altogether
2034 3290 71 19 wrong
2284 3281 22 19 It

1872 3308 42 20 will
1924 3309 25 19 be
1960 3309 123 25 interesting
2091 3313 21 15 to
2122 3313 48 15 note
2185 3308 35 19 the
2237 3307 68 19 future

1872 3341 68 13 career
1949 3335 22 19 of
1980 3335 35 19 the
2026 3335 30 19 St.
2069 3335 92 19 Heinol's
2174 3333 132 26 Theological

1871 3360 41 19 and
1938 3361 88 19 General
2045 3361 88 26 Library
2154 3360 42 20 and
2224 3359 80 23 Hostel,

1871 3386 64 19 which
1946 3387 127 24 foundation,
2086 3388 18 18 it
2112 3387 18 19 is
2136 3386 129 23 understood,
2272 3386 34 19 Mr

1870 3412 112 19 Gludstono
1992 3413 82 20 intends
2087 3416 22 17 to
2117 3413 80 20 endow.
2225 3412 21 19 It
2260 3412 17 19 is
2294 3418 12 13 a

1871 3445 44 12 new
1924 3438 110 26 departuie
2044 3440 21 19 in
2077 3440 35 19 the
2121 3446 45 18 way
2177 3439 22 19 of
2204 3438 100 19 libraries,

1872 3464 41 19 and
1923 3464 17 19 it
1949 3466 17 17 is
1976 3471 27 13 no
2012 3466 83 19 wonder
2103 3466 45 19 that
2157 3464 35 20 the
2201 3464 82 19 warden
2289 3464 17 19 is

1870 3490 89 25 deluged
1968 3490 28 26 by
2006 3491 69 20 shoals
2084 3492 23 19 of
2119 3492 71 19 letters
2206 3490 63 19 about
2290 3490 16 19 it

1872 3516 40 19 and
1922 3517 26 18 its
1958 3517 102 26 working.
2088 3518 59 19 Some
2157 3518 53 19 have
2218 3516 36 19 the
2260 3516 46 19 idea

1871 3542 45 19 that
1926 3542 16 19 it
1952 3543 17 18 is
1982 3545 21 17 to
2012 3543 26 20 be
2048 3550 12 12 a
2183 3542 65 26 place,
2268 3542 38 19 but

1869 3568 34 19 Mr
1921 3568 130 21 Gladstone's
2070 3568 108 26 expressed
2201 3568 66 19 desire
2288 3568 18 18 is

1872 3594 47 19 that
1928 3594 36 19 the
1973 3594 66 20 books
2049 3595 53 19 shall
2109 3594 25 20 be
2140 3594 59 19 made
2206 3594 23 19 of
2235 3594 70 19 widest

1871 3626 35 12 line
1927 3622 22 17 to
1966 3623 92 16 students
2081 3620 22 20 of
2120 3620 28 20 all
2168 3620 76 19 classes
2264 3620 41 20 and

1871 3646 75 23 creeds,
1957 3647 41 18 and
2008 3647 109 24 especially
2127 3648 21 17 to
2161 3646 35 20 the
2204 3646 69 26 clergy
2284 3646 22 20 of

1871 3671 97 26 England
1978 3673 42 19 and
2029 3673 78 19 Wales.

2333 104 430 46 CABLEGRAMS

2362 186 97 32 HO&iE
2489 187 64 32 AND
2594 186 150 33 FOREIGN.

2475 237 141 24 Influenza.

2357 273 92 21 Lo?;do>-,
2461 272 105 24 February
2576 272 79 19 20.-An
2662 270 102 19 iuflueiua

2331 299 99 26 epidemic
2442 299 37 18 has
2488 298 114 25 prostrated
2616 304 12 12 a
2640 298 58 24 large
2709 303 44 12 nuin-

2333 329 35 15 her
2375 326 22 18 of
2405 325 35 18 the
2451 326 68 24 troops
2529 327 21 16 at
2565 324 116 20 Aldershot.
2711 322 39 19 Mot-

2331 352 33 24 ley
2373 350 42 19 and
2428 350 79 19 Fowler
2515 357 34 12 are
2566 349 91 20 euniined
2673 352 20 15 to
2712 348 53 19 their

2332 378 50 18 betis
2402 376 49 21 with
2470 376 35 19 the
2529 376 115 26 complaint
2688 375 21 18 It
2728 374 37 19 has

2331 403 63 25 spend
2401 404 21 17 to
2434 402 34 19 the
2479 401 115 24 Continent,
2611 402 40 18 and
2663 401 16 18 is
2689 400 76 25 raging

2331 430 21 18 in
2362 428 40 20 Ber
2412 428 21 19 in
2445 428 48 19 with
2503 432 58 21 great
2573 428 94 25 severity.

2485 458 131 29 Obituary.

2357 490 92 24 London,
2461 490 105 25 February
2578 489 113 19 2U.Lord
2699 488 53 19 Aber-

2331 517 48 19 dare
2389 517 17 19 is
2417 516 58 19 dead.

2420 550 104 29 Mining
2542 550 134 23 Accident.

2357 582 92 23 Londox,
2460 581 106 25 February
2585 584 31 17 20.
2618 581 78 18 Five
2712 580 39 19 hun-

2331 609 51 18 dred
2392 609 75 18 miners
2477 614 34 12 are
2521 607 122 25 imprisoned
2653 607 22 18 in
2695 606 56 19 Whit-

2332 635 57 19 wood
2399 634 96 24 Colliery,
2507 634 88 19 Norman
2599 637 39 19 ton,
2649 632 116 20 Yorkshire

2332 661 91 24 through
2445 660 35 19 the
2502 666 60 19 cages
2582 659 62 26 being
2674 658 91 24 securoly

2332 686 91 26 jammed
2434 686 21 19 in
2465 686 35 19 the
2510 686 61 19 shaft.

2422 718 55 23 The
2486 716 183 31 Unemployed.

2358 750 92 22 London-,
2462 749 105 24 February
2577 748 117 23 20.Fifty
2706 746 46 19 thou-

2331 777 51 18 sand
2393 775 79 26 pounds
2482 774 52 20 have
2544 774 51 19 been
2608 772 119 21 subscribed
2737 771 27 24 by

2331 804 35 17 the
2375 802 89 25 English
2477 800 99 20 Limtallic
2587 800 83 25 League
2686 802 21 16 to
2717 804 36 19 pro-

2332 831 53 18 moto
2397 829 35 18 the
2441 828 113 18 movement
2574 827 21 18 in
2615 825 34 21 the
2669 825 95 19 evidence

2331 855 71 19 before
2426 853 36 19 the
2482 853 114 19 committeo
2614 850 111 27 appointed
2744 852 20 16 to

2331 880 93 20 consider
2447 879 35 19 the
2505 879 135 24 unemployed
2662 878 101 24 question.

2331 905 139 21 KeirHardio
2482 905 103 19 estimates
2594 905 44 19 that
2659 903 105 23 1,7.30,000

2333 934 102 18 workmen
2442 938 35 12 are
2486 931 42 19 idle
2536 931 43 24 just
2587 937 50 13 now.
2659 929 34 19 lie
2703 934 62 19 urges

2331 960 45 18 that
2384 957 137 26 unemployed
2538 957 71 19 should
2626 956 26 19 be
2670 954 94 26 supplied

2332 986 49 18 with
2391 988 40 16 two
2442 984 62 19 meals
2523 983 55 25 daily
2595 984 31 18 for
2642 981 123 21 themselves

2331 1011 40 19 and
2380 1010 95 20 families.

2449 1041 111 23 Cninese

2357 1074 118 23 Shanghai,
2498 1072 106 24 February
2624 1073 31 18 2G.
2696 1069 69 25 Major

2331 1100 113 19 Ilannekin
2454 1099 38 19 has
2502 1098 120 19 abandoned
2630 1098 36 19 the
2678 1098 86 19 attempt,

2331 1129 21 16 to
2364 1126 120 24 reorganise
2493 1124 35 19 the
2538 1124 84 19 Chinese
2632 1130 64 17 army.
2731 1121 33 19 Ho

2330 1152 90 19 declares
2442 1151 33 19 his
2502 1151 70 18 efforts
2602 1156 35 13 are
2665 1147 99 22 rendered

2330 1178 92 19 fruitless
2440 1177 89 25 through
2547 1176 35 19 the
2598 1176 126 19 obstruction
2743 1174 22 20 of

2329 1204 52 25 high
2392 1203 90 20 officials.

2356 1231 43 18 The
2420 1230 103 25 Japanese
2542 1227 106 26 destroyed
2663 1227 37 19 the
2716 1227 48 20 land

2329 1258 52 17 forts
2393 1255 80 20 around
2487 1254 128 27 Weihaiwei,
2647 1254 58 25 They
2721 1254 43 19 also

2329 1282 96 20 defeated
2435 1284 109 17 seventeen
2562 1280 100 20 thousand
2677 1280 87 20 Chineso

2329 1312 69 23 troops
2415 1310 21 18 at
2451 1307 130 19 Haiehonon.
2616 1307 44 19 Tho
2677 1306 87 20 Chineso

2329 1335 39 19 lost
2381 1338 39 16 two
2434 1333 95 20 hundred
2539 1340 45 12 men
2592 1333 21 19 in
2623 1333 35 19 tho
2676 1339 75 19 engage-

2328 1364 63 16 ment.

2403 1395 136 32 Egyptian
2554 1395 131 30 Ministry.

2356 1429 71 25 Cairo,
2440 1430 106 23 February
2555 1430 31 17 20.
2589 1427 67 19 The
2669 1427 95 19 Khedive

2329 1456 84 20 assured
2422 1455 55 20 Lord
2488 1455 83 19 Cromer
2580 1453 45 19 that
2635 1453 25 19 ho
2670 1453 41 19 will
2729 1455 35 16 not

2329 1482 60 20 make
2399 1489 40 17 any
2456 1482 90 23 changes
2566 1481 22 18 in
2607 1480 34 18 tho
2658 1479 106 26 Egyptiau

2329 1509 104 25 Ministry.

2331 1563 207 33 AUSTRALIAN
2555 1560 206 34 TELEGRAMS.

2408 1632 132 24 Domestic
2557 1631 118 29 tragedy.

2355 1665 93 23 Sydney,
2473 1664 107 24 February
2604 1664 31 17 2(5.
2682 1662 20 19 A
2727 1662 36 19 sad

2329 1691 97 21 domestic
2449 1690 88 26 tragedy
2556 1689 17 19 is
2596 1688 92 26 reported
2710 1688 52 20 from

2329 1718 139 20 Goulbourne.
2505 1715 43 20 The
2570 1715 47 19 wife
2636 1715 20 18 of
2674 1715 89 19 Thomas

2329 1745 66 23 Cross,
2409 1744 87 18 licensee
2507 1743 21 18 of
2542 1742 36 18 the
2598 1740 78 20 Robert
2695 1740 68 20 Burns

2329 1770 68 23 Hotel,
2409 1769 100 25 rrranged
2517 1771 20 16 to
2545 1768 47 25 give
2609 1773 13 12 a
2637 1769 60 23 party
2712 1768 21 18 to
2752 1774 11 13 a

2329 1796 87 19 number
2426 1796 22 18 of
2461 1795 78 20 friends
2555 1794 37 18 but
2611 1793 36 19 her
2668 1793 95 20 husband

2329 1822 86 19 forbade
2424 1822 22 18 it.
2474 1821 44 20 The
2528 1819 108 20 festivities
2648 1820 48 18 took
2706 1820 57 25 place

2329 1849 40 19 and
2381 1848 34 19 the
2424 1849 65 18 result
2496 1847 62 25 being
2564 1852 12 13 a
2583 1846 82 25 quarrel
2671 1846 90 20 between

2331 1876 32 19 the
2375 1878 44 16 two.
2448 1874 61 19 Later
2520 1880 25 12 on
2555 1872 34 20 the
2599 1871 46 19 wifo
2656 1879 41 13 was
2707 1873 42 25 sing-

2329 1902 36 24 ing
2376 1901 49 19 with
2435 1907 13 12 a
2457 1906 71 20 young
2538 1905 48 13 man
2603 1897 71 26 lodger
2686 1898 22 20 in
2728 1899 35 19 the

2330 1926 61 25 hotel,
2404 1927 58 18 when
2473 1927 60 19 Cross
2551 1924 82 20 entered
2653 1925 36 19 the
2707 1932 56 12 room

2329 1954 40 19 and
2380 1953 101 26 objected,
2493 1952 40 20 and
2543 1952 54 18 after
2606 1951 80 19 further
2703 1958 58 12 (iuar

2330 1980 74 24 relling
2415 1980 42 18 Mrs
2467 1979 60 20 Cross
2538 1979 52 17 went
2600 1980 34 16 out
2644 1979 40 18 and
2692 1978 71 18 locked

2330 2006 76 19 herself
2416 2006 20 19 in
2446 2006 37 19 her
2491 2011 45 13 own
2545 2010 62 15 room,
2618 2003 60 20 Cross
2697 2005 65 18 threa'

2331 2032 59 20 toned
2401 2034 20 17 to
2431 2032 62 19 break
2503 2031 59 19 down
2573 2029 34 19 the
2625 2029 49 20 door
2691 2031 16 18 if
2727 2030 36 19 she

2329 2059 34 19 did
2375 2061 34 16 not
2419 2064 56 14 come
2485 2060 41 20 out,
2538 2056 37 19 she
2592 2056 47 19 then
2656 2063 56 13 came
2728 2058 36 17 out

2329 2085 21 19 of
2364 2085 37 19 the
2413 2091 63 16 room,
2494 2083 122 24 whereupon
2633 2083 26 18 he
2677 2083 56 18 drew
2751 2088 12 13 a

2329 2111 91 19 revolver
2434 2111 40 19 and
2493 2109 56 22 tired,
2571 2109 35 19 the
2625 2109 47 19 shot
2689 2108 75 25 taking

2329 2137 59 18 effect
2397 2136 78 18 behind
2484 2136 37 18 her
2529 2140 41 14 car.
2588 2135 31 17 On
2628 2135 71 23 seeing
2708 2133 55 19 what

2329 2163 26 17 he
2364 2162 42 18 had
2416 2162 53 18 done
2479 2161 60 18 Cross
2548 2161 38 24 put
2595 2159 35 20 the
2639 2161 94 18 revolver
2742 2161 21 17 to

2329 2189 32 19 his
2371 2195 45 12 own
2427 2188 53 19 head
2490 2186 41 20 and
2541 2187 46 18 shot
2605 2186 84 19 himself
2703 2185 59 20 dead.

2329 2215 40 19 His
2380 2215 47 18 wife
2437 2213 47 20 died
2495 2212 71 20 within
2574 2219 27 13 an
2609 2212 60 19 bour.
2703 2211 60 20 Cross

2329 2241 40 19 had
2380 2241 53 19 been
2442 2240 99 25 drinking
2556 2239 87 25 heavily,
2662 2239 38 19 but
2714 2239 17 19 it
2747 2238 17 19 is

2329 2267 93 19 believed
2433 2267 46 19 that
2488 2266 94 26 joolousy
2591 2267 18 19 is
2627 2268 21 17 at
2664 2266 36 18 the
2719 2265 31 19 bot-

2329 2296 42 17 tom
2380 2294 22 19 of
2411 2293 35 20 the
2453 2293 66 20 affair.

2410 2325 168 31 Reciprocity
2587 2325 95 29 treaty.

2355 2363 140 22 Melbouiink,
2518 2360 107 25 February
2648 2361 31 19 26.
2688 2358 75 20 The

2329 2389 70 25 Argus
2409 2387 104 20 considers
2527 2387 35 19 the
2579 2386 109 19 Premier's
2703 2385 60 20 letter

2329 2417 21 17 to
2359 2415 35 19 the
2401 2414 149 19 Governments
2557 2413 22 19 of
2585 2412 65 20 South
2658 2411 105 20 Australia

2329 2441 41 19 and
2380 2441 52 19 New
2441 2440 92 19 Zealand
2547 2446 26 12 on
2591 2438 34 20 the
2642 2438 82 25 subject
2742 2438 21 18 of

2329 2467 120 26 reciprocity
2472 2468 67 22 treaty
2564 2465 68 25 might
2663 2464 46 20 well
2736 2463 27 20 be

2329 2493 96 23 entailed,
2437 2492 92 20 Victoria
2538 2491 110 25 reproving
2657 2491 39 19 sin.

2418 2546 238 33 TELEGRAPHIC.

2439 2594 55 24 The
2509 2594 140 30 Squadron.

2341 2626 127 23 Auckland,
2473 2625 133 25 Wednesday
2609 2625 62 19 .-The
2677 2624 85 20 H.M.S.

2331 2653 105 24 Ringdove
2446 2651 52 20 from
2514 2651 35 19 the
2566 2651 99 20 Chatham
2682 2651 80 19 Islands

2330 2679 34 19 lias
2376 2678 78 20 arrived
2465 2680 22 17 at
2500 2677 116 26 Motntapu,
2632 2677 40 20 and
2680 2677 82 20 H.M.S.

2328 2705 95 26 Royalist
2442 2711 18 13 is
2479 2703 92 25 cru'sing
2590 2703 80 21 outside
2688 2703 20 20 in
2727 2704 35 19 the

2328 2732 52 25 gulf-
2408 2731 43 20 The
2461 2731 82 19 H.M.S.
2557 2730 86 26 Pylaues
2661 2730 35 19 has
2712 2729 49 20 been

2329 2757 84 21 ordered
2437 2760 23 16 to
2475 2757 44 26 join
2538 2756 35 20 the
2591 2756 107 26 squadron,
2722 2756 40 20 and

2329 2785 65 19 leaves
2404 2784 82 26 Sydney
2496 2783 33 19 for
2537 2783 41 19 this
2588 2785 47 24 port
2645 2789 27 13 on
2688 2786 8 16 t
2701 2785 50 17 atur-

2329 2811 38 26 day
2377 2812 56 18 next.

2425 2841 114 30 Aquatic
2552 2841 109 30 display.

2355 2880 129 20 Auckland,
2508 2876 136 27 Wednesday.
2698 2876 28 20 At
2751 2884 11 13 a

2329 2905 88 24 meeting
2428 2903 44 20 held
2487 2903 20 19 in
2527 2902 34 20 the
2580 2902 97 20 Harbour
2695 2903 66 20 Board

2329 2934 61 20 Office
2400 2929 110 27 yestetday
2519 2929 15 19 it
2545 2936 40 12 was
2602 2929 98 25 arranged
2717 2929 45 20 that

2329 2968 11 11 a
2352 2956 161 24 sub-committee
2522 2955 112 21 consisting
2644 2956 22 19 of
2683 2956 66 19 Bloom-

2329 2986 54 22 field,
2393 2983 133 20 Commodore
2535 2982 22 20 of
2568 2982 34 19 the
2618 2982 69 20 Yacht
2702 2982 59 24 Club,

2329 3011 87 26 Captain
2429 3009 77 20 Parker
2517 3009 39 20 and
2563 3009 81 23 Hanna,
2654 3008 73 20 should
2738 3009 24 20 be

2329 3038 63 20 asKed
2402 3040 22 16 to
2434 3038 33 17 act
2477 3035 20 20 in
2507 3036 118 19 connection
2634 3034 127 21 witbNiecol

2328 3072 21 12 in
2359 3062 111 26 arranging
2480 3062 33 19 for
2524 3068 25 13 an
2560 3062 79 24 aquatic
2646 3061 79 25 display
2736 3068 25 13 on

2330 3091 35 20 the
2374 3089 75 21 arrival
2461 3089 22 19 of
2496 3087 35 20 the
2550 3087 97 23 Admiral,
2667 3086 18 20 it
2702 3087 60 26 being

2329 3117 77 20 desired
2418 3115 47 20 that
2475 3114 58 20 naval
2543 3116 80 18 cutters
2634 3114 39 19 and
2686 3120 77 19 row:ng

2329 3144 59 20 boats
2398 3141 48 21 take
2457 3142 46 24 part
2516 3141 21 18 in
2553 3140 34 20 the
2605 3140 97 26 proposed
2719 3147 33 18 pro-

2329 3169 85 21 cession.
2442 3168 22 19 It
2473 3174 40 13 was
2524 3167 42 19 also
2585 3166 82 20 decided
2687 3168 22 18 to
2731 3173 21 13 re-

2328 3199 60 23 quest
2407 3202 23 13 as
2453 3200 60 19 maDy
2532 3196 82 21 trading
2630 3193 74 20 vrsnels
2722 3194 40 18 and

2330 3222 73 25 fishing
2413 3222 60 19 boats
2484 3220 20 20 in
2515 3220 35 19 the
2565 3219 86 20 harbour
2665 3225 22 14 ae
2703 3218 59 21 could

2329 3249 25 20 do
2365 3255 21 14 bo
2394 3248 43 20 also
2446 3249 22 18 to
2480 3246 49 21 lake
2537 3248 52 24 part.

2487 3278 118 31 Inquest,

2354 3311 126 20 Invehcabg
2484 3316 42 18 ill,
2531 3309 169 24 Tuesday.The
2707 3316 42 13 cou-

2329 3337 54 21 rier's
2392 3338 48 25 jury
2451 3340 32 17 sat
2490 3336 27 20 all
2536 3336 40 25 day
2594 3335 107 26 enquiring
2720 3335 43 20 into

2329 3364 35 20 the
2374 3371 70 12 causes
2454 3363 23 20 of
2485 3363 35 20 the
2530 3362 60 20 death
2599 3363 21 19 of
2628 3361 83 26 PigeoD,
2717 3361 45 20 who

2329 3390 46 20 died
2385 3390 56 20 after
2451 3397 12 12 a
2472 3389 55 20 brief
2533 3389 75 24 iilnass,
2616 3388 74 20 caused
2697 3389 17 19 it
2721 3394 41 14 was

2329 3416 42 20 said
2383 3416 25 25 by
2416 3415 92 26 inhaling
2517 3415 37 20 the
2562 3415 66 20 fumes
2635 3415 24 19 of
2668 3414 36 20 the
2719 3420 43 14 new

2329 3443 80 24 pollard
2427 3441 69 21 rabbit
2511 3441 70 26 poison
2596 3441 59 20 while
2670 3439 92 27 engaged

2328 3468 250 25 kneadiogitintocakep.
2592 3468 76 25 Pigeon
2675 3467 87 24 thought

2329 3496 24 19 he
2363 3495 37 19 had
2412 3501 26 13 an
2451 3493 69 21 attack
2531 3493 22 20 of
2561 3493 109 21 influenza,
2678 3493 39 19 and
2727 3493 35 19 the

2329 3521 71 20 doctor
2409 3528 42 12 was
2461 3521 23 19 of
2494 3520 34 20 the
2538 3527 54 13 same
2601 3520 90 25 cpinion.
2720 3518 43 20 The

2327 3547 48 26 jury
2387 3547 98 20 returned
2494 3552 13 14 a
2516 3546 79 20 verdict
2605 3546 21 20 in
2642 3545 120 21 accordance

2329 3573 45 21 that
2381 3573 63 20 death
2453 3580 41 13 was
2503 3572 40 20 due
2560 3575 22 17 to
2599 3571 121 26 congestion
2740 3570 22 20 of

2329 3599 34 21 the
2373 3599 59 20 brain
2442 3599 42 20 and
2493 3599 67 24 lungs,
2572 3599 75 20 caused
2657 3599 26 24 by
2698 3596 54 21 inhal-

2328 3626 38 25 ing
2376 3625 35 21 the
2421 3625 66 21 fumes
2497 3625 23 19 of
2529 3625 147 25 phosphorous,
2687 3624 75 26 adding

2328 3660 13 13 a
2346 3652 55 20 rider
2409 3651 46 21 that
2461 3652 36 19 the
2505 3651 76 26 mixing
2588 3651 23 20 of
2618 3651 57 21 these
2684 3651 78 26 poisons

2328 3678 74 21 should
2411 3678 24 20 be
2446 3678 66 20 under
2525 3680 140 18 btoverntuent
2674 3677 87 21 control.

2498 3709 92 25 Death.

2353 3740 178 21 CnwsTCHUBCE,,
2541 3738 219 27 Wednesday.Dan.

2328 3766 71 27 Kelly,
2409 3766 35 21 the
2454 3767 44 19 half
2508 3770 60 22 caste,
2579 3766 46 21 died
2639 3766 21 20 in
2670 3765 36 20 the
2716 3764 34 21 hos-

2329 3793 51 27 pital
2391 3793 41 20 last
2440 3793 67 25 night.

2440 3827 105 24 Cricket
2559 3826 96 25 Hatch.

2354 3859 182 24 Chbistchubch,
2552 3858 210 26 Wednesday.The

2328 3885 78 21 cricket
2423 3885 69 21 match
2510 3886 65 25 Otago
2592 3892 19 13 t.
2630 3884 131 27 Canterbury

2327 3911 91 22 resulted
2428 3912 21 19 in
2460 3918 12 13 a
2480 3911 81 27 victory
2579 3911 34 20 for
2627 3911 36 20 the
2680 3911 81 26 former,

2327 3938 28 26 by
2364 3938 48 21 four
2421 3937 90 21 wickets.

2811 113 51 16 NOT
2870 114 29 15 SO
2911 114 128 18 ROMANTIC
3051 117 80 15 AFTER
3144 118 50 15 ALL.

2872 150 35 15 you
2926 147 56 16 notice
3001 147 38 16 how
3058 148 102 19 attentively
3179 150 35 15 that

2793 165 96 18 ssntleajaa
2905 167 31 16 has
2949 168 42 16 beer,
3005 170 87 20 watching
3106 174 27 11 me
3147 171 26 14 for
3187 171 27 15 the

2791 184 32 18 Fast
2840 188 37 15 half
2891 188 45 16 hour
2978 190 37 15 said
3030 195 32 11 one
3078 195 58 16 young
3147 190 40 22 lady
3199 195 15 12 to

2792 209 72 15 another
2871 211 17 14 at
2897 214 22 11 an
2928 211 71 19 evening
3008 214 55 18 party.

2829 230 27 15 Do
2865 235 34 16 you
2908 236 49 11 mean
2972 232 36 15 that
3018 237 39 11 man
3070 233 23 18 by
3102 233 29 16 the
3140 233 51 18 piano

2887 278 38 10 now
2934 273 37 16 that
2980 279 33 15 you
3023 275 53 20 speak
3089 275 19 15 of
3115 275 18 18 it,
3145 275 22 16 he
3176 275 38 16 does

2793 298 43 10 iesm
2844 294 95 16 somewhat
2948 294 93 17 interested
3053 296 17 16 in

2865 315 84 21 certainly
2957 316 47 16 does.
3028 317 39 15 Ido
3176 322 29 11 con-

2792 335 56 16 tinued
2858 336 29 16 the
2896 341 56 16 young
2961 337 45 20 lady,
3023 338 51 21 gaily,
3101 339 6 14 I
3117 338 66 16 believe
3194 339 20 16 bo

2792 357 30 14 has
2830 357 50 15 fallen
2890 358 17 14 in
2915 358 37 15 love
2959 359 41 15 with
3009 364 33 11 me.
3065 360 42 15 Isn't
3119 360 12 15 it
3141 359 63 21 delight-

2792 377 40 22 fully
2841 379 85 14 romantic

2811 400 14 14 A
2835 399 31 15 few
2875 400 74 15 minutes
2957 400 44 16 after
3017 401 31 16 she
3055 407 35 10 was
3098 402 66 19 Ulking
3173 402 40 15 with

2792 420 30 15 her
2829 420 73 19 hostess,
2919 421 54 18 when,
2989 427 19 10 as
3023 428 23 10 an
3057 423 113 21 opportunity
3179 427 27 17 pre-

2791 441 58 17 sented
2858 442 52 17 itself,
2918 444 31 14 she
2957 443 92 20 carelessly
3058 444 89 15 remarked
3154 449 28 10 :

2867 463 42 16 dear
2917 464 42 15 Mrs.
2969 464 26 18 8.,
3007 470 43 15 pray
3059 465 28 15 tell
3097 470 26 10 me
3132 465 38 15 who
3178 465 36 15 that

2797 484 40 19 ;uiet
2846 484 30 15 but
2886 489 40 16 very
2935 484 84 21 dutingui
3034 485 68 21 looking
3118 487 96 18 gentleman

2792 506 12 13 is
2813 509 41 11 near
2862 506 29 14 the
2900 506 56 20 piano.
2987 507 39 15 Ido
3034 510 29 12 noi
3073 507 95 16 remember
3177 513 37 10 ever

2794 526 54 19 seeing
2856 526 36 15 him

2812 546 105 23 'Probably
2989 548 64 21 replied
3067 550 28 15 the
3103 549 52 21 lady;

2792 569 20 14 lie
2820 568 14 16 is
2843 569 47 19 quite
2899 568 37 17 well
2944 569 67 17 known.
3036 571 27 15 He
3072 571 14 15 is
3094 576 10 10 a

2792 610 125 17 SURVIVED
2935 612 40 15 HIS
2995 613 56 15 OWN
3066 613 148 16 EXECUTION.

2813 644 13 14 A
2836 646 35 12 man
2872 642 1 19 -
2884 642 40 17 who
2933 644 30 15 has
2975 644 82 16 attendee,
3070 645 28 15 his
3105 650 38 10 own
3156 650 49 11 execu-

2794 667 32 14 <on
2835 664 34 15 and
2885 664 34 15 still
2935 665 78 15 survives
3021 668 18 12 to
3053 666 52 15 relate
3114 667 29 14 the
3154 667 60 15 details

2792 689 13 11 s
2813 684 57 22 surely
2879 685 67 22 worthy
2958 686 18 15 of
2987 691 10 10 a
3004 686 49 16 short
3062 687 103 21 paragraph.

2811 707 38 14 The
2858 711 39 11 man
2909 707 17 15 in
2935 707 85 21 question,
3029 708 83 19 although
3121 712 17 12 at
3147 711 67 18 present

2794 727 66 20 serving
2869 727 16 16 in
2895 728 28 15 the
2933 728 69 16 humble
3018 730 80 20 capacity
3105 730 19 15 of
3132 731 58 14 waiter
3199 730 15 15 in

2792 753 31 11 one
2842 748 19 16 of
2875 748 29 16 the
2919 750 49 15 Paris
2982 750 52 18 cafes,
3051 756 39 13 was,
3110 752 104 21 twenty-one

2793 774 48 14 years
2848 775 38 14 ago,
2902 775 33 11 one
2949 771 19 15 of
2975 771 29 16 the
3012 771 72 16 historic
3091 772 99 16 characters
3198 772 16 15 of

2792 791 28 15 the
2828 791 53 15 world

2813 812 33 15 His
2862 818 50 10 name
2927 813 15 15 is
2957 813 71 16 Colonel
3045 814 91 18 Marteras,
3152 813 33 17 and
3197 814 17 16 in

2794 834 44 19 1569,
2848 839 34 10 was
2893 839 22 10 on
2930 834 29 15 the
2968 835 48 19 point
3024 835 19 16 of
3050 835 50 19 being
3109 835 105 21 proclaimed

2794 854 87 16 President
2887 855 17 15 of
2911 856 89 20 Uruguay,
3007 856 48 16 when
3062 856 22 16 he
3090 862 34 10 was
3133 857 81 18 arrested,

2792 875 73 20 charged
2874 876 42 16 with
2924 879 74 16 treason,
3015 878 34 15 and
3063 878 93 16 sentenced
3164 880 18 14 to
3194 878 20 16 be

2792 896 44 16 hot.

2813 919 26 15 On
2849 919 82 20 Monday,
2942 919 42 20 June
2999 920 40 19 30th
3048 920 19 15 of
3081 920 37 16 that
3131 926 46 14 year,
3193 921 21 15 he

2792 945 34 10 was
2835 940 50 15 taken
2893 940 24 21 by
2925 945 10 10 a
2943 940 70 20 platoon
3021 941 20 16 of
3047 941 71 16 soldiers
3124 946 29 11 out
3162 941 19 16 of
3185 942 29 15 the

2792 961 63 20 capital
2870 964 18 12 to
2900 966 10 10 a
2918 961 67 16 cleared
3000 964 39 18 spot
3055 962 18 16 in
3084 962 29 16 the
3121 963 49 15 heart
3178 963 19 15 of
3204 968 9 10 a

2792 981 51 16 forest
2851 982 35 16 and
2894 982 58 16 bound
2961 985 17 13 to
2986 988 10 11 a
3003 983 54 16 chair.

2813 1004 21 15 At
2848 1004 30 15 the
2893 1004 47 16 word
3047 1010 10 10 a
3072 1009 74 11 nervous
3161 1005 53 15 shock

2790 1025 63 15 caused
2863 1025 86 16 Marteras
2956 1028 18 13 to
2989 1025 28 16 fall
3026 1030 18 11 to
3052 1026 29 15 the
3089 1026 72 20 ground.
3185 1027 28 15 He

2793 1046 27 15 did
2836 1049 29 12 not
2877 1046 42 15 hear
2934 1046 29 15 the
2982 1047 61 21 volley,
3063 1048 30 15 but
3112 1053 11 10 a
3135 1048 79 15 labourer

2793 1067 74 20 working
2875 1072 41 11 near
2924 1067 22 21 by
2954 1067 35 16 did.

2811 1088 38 16 The
2858 1089 87 15 workman
2951 1092 43 13 went
3003 1091 19 14 to
3029 1090 85 16 ascertain
3120 1090 29 16 the
3154 1094 58 12 cause'

2789 1114 34 11 saw
2829 1110 28 15 the
2862 1110 71 15 soldiers
2938 1110 88 21 marching
3030 1116 54 16 away,
3089 1112 34 15 and
3129 1112 85 16 Marteras

2790 1131 51 20 badly
2851 1131 89 17 wounded,
2949 1131 31 16 but
2988 1135 29 13 not
3024 1132 45 16 dead
3077 1133 23 21 by
3106 1138 34 16 any
3149 1138 64 13 means,

2790 1152 47 21 lying
2844 1157 22 11 on
2876 1152 29 16 the
2912 1153 72 18 ground.

2810 1174 38 14 The
2856 1174 80 15 labourer
2945 1174 40 15 took
2994 1175 29 15 the
3029 1175 86 15 would-be
3124 1175 89 15 President

2790 1195 51 15 home
2855 1195 35 15 and
2905 1195 52 16 cured
2970 1195 26 16 his
3013 1196 76 18 wounds,
3102 1196 33 16 and
3147 1196 22 16 he
3180 1197 34 15 anil

2791 1216 85 16 Marteras
2884 1216 42 16 both
2935 1221 38 11 now
2980 1216 46 16 often
3032 1218 29 15 tell
3067 1217 18 16 of
3093 1218 28 15 the
3128 1218 86 21 supposed

2789 1238 88 15 execution
2886 1237 19 16 of
2912 1237 29 16 the

2841 1285 36 16 MY
2889 1285 78 17 BABES
2980 1286 24 16 IN
3017 1286 52 16 THE
3080 1287 81 16 WOOD.

2790 1317 6 16 I
2806 1321 52 12 know
2865 1322 11 11 a
2884 1319 53 19 story,
2947 1317 56 18 fairer,
3012 1317 78 19 dimmer,
3103 1318 68 18 sadder,

2809 1338 51 16 Than
2869 1343 34 16 any
2911 1342 46 17 story
2967 1339 70 20 painted
3046 1340 16 15 in
3072 1345 44 15 your
3124 1340 60 15 bsoks.

2790 1360 36 15 You
2831 1364 29 11 are
2864 1364 20 11 so
2888 1359 39 21 glad
2933 1361 5 14 ?
2949 1361 7 14 I
2962 1360 33 15 will
3001 1364 29 12 not
3037 1361 49 15 make
3092 1366 34 16 you
3133 1361 79 20 gladder;

2811 1382 30 15 Yet
2853 1382 54 17 listen,
2916 1381 41 16 with
2965 1387 45 15 your
3017 1385 57 17 pretty
3083 1383 69 15 restless
3159 1382 53 17 looks.

2832 1419 11 15 i
2855 1423 8 11 a
2872 1418 44 21 fairy
2924 1421 48 18 story
3023 1420 51 18 Well,
3083 1420 37 15 half
3127 1420 66 21 fairy

2811 1441 22 15 At
2841 1440 43 16 least
2893 1441 13 15 it
2914 1441 49 15 dates
2972 1440 25 16 far
3006 1441 44 15 back
3058 1446 19 10 as
3084 1441 58 15 fairies
3149 1441 29 19 do,

2790 1462 37 15 And
2837 1467 56 10 seems
2902 1464 17 13 to
2927 1467 27 10 me
2961 1467 20 10 as
2989 1462 83 16 beautiful
3080 1462 35 16 and
3122 1463 38 20 airy
3167 1462 4 21 ;

2809 1484 33 14 Yet
2851 1482 41 20 half,
2902 1483 74 20 perhaps;
2985 1483 29 17 the
3022 1484 43 20 fairy
3074 1483 42 19 half,
3125 1485 14 15 is
3148 1487 42 13 true.

2789 1520 37 16 You
2836 1520 34 16 had
2878 1525 10 11 a
2896 1520 46 21 baby
2950 1521 51 15 sister
3009 1521 34 16 and
3051 1526 10 11 a
3067 1521 76 19 brother.

2809 1542 43 15 Two
2858 1547 41 15 very
2908 1542 60 20 dainty
2979 1542 64 20 people,
3052 1547 40 16 rosy
3101 1543 57 18 white,

2788 1563 121 16 Sweeterthan
2916 1563 22 15 all
2945 1563 57 20 things
3006 1564 99 21 elseexcept
3110 1564 42 16 each
3157 1564 54 16 other!

2806 1584 54 17 Older
2863 1587 29 19 yet
2897 1589 142 16 youngergone
3044 1585 42 16 from
3091 1585 66 16 human
3161 1586 50 20 sight!

2789 1622 37 16 And
2836 1623 12 18 I,
2858 1622 38 16 who
2904 1622 50 16 loved
2963 1622 53 20 them,
3024 1622 34 17 and
3067 1623 44 16 shall
3119 1623 38 16 love
3165 1623 47 16 them

2872 1648 45 14 ever.

2808 1664 40 17 And
2862 1665 48 16 think
2919 1665 41 15 with
2970 1665 83 21 yearning
3065 1668 45 14 tears
3122 1666 39 16 how
3169 1666 43 16 each

2872 1686 43 21 light
2924 1686 46 16 hand

2787 1708 53 20 Crept
2855 1707 66 16 toward
2934 1707 57 21 bright
3000 1707 59 17 bloom
3067 1708 35 16 :d
3115 1708 65 16 berries
3184 1709 27 15 I

2870 1728 45 17 shall
2924 1734 51 11 never

2808 1750 54 16 Know
2867 1750 39 16 how
2912 1751 7 15 I
2924 1750 33 16 lost
2963 1750 52 16 them.
3025 1750 28 17 Do
3059 1756 33 15 you
3097 1750 114 17 understand?

2789 1788 43 16 Poor
2839 1787 71 21 slightly
2916 1787 62 21 golden
2985 1789 54 15 heads
3046 1787 3 21 I
3060 1790 7 14 I
3076 1789 49 15 think
3133 1790 7 14 I
3149 1789 62 16 missed

2872 1810 47 15 them

2807 1830 46 16 First
2869 1830 17 16 in
2895 1836 47 10 some
2955 1830 77 22 dreamy,
3046 1832 73 20 pitecus,
3131 1831 80 17 doubtful

2872 1856 49 16 way;

2789 1872 31 18 But
2837 1874 50 15 when
2901 1873 34 17 and
2947 1873 55 17 where
3015 1873 43 18 with
3070 1874 84 21 lingering
3163 1874 33 21 lips
3204 1875 7 15 I

2872 1895 56 15 kissed
2937 1895 53 19 them,

2808 1916 31 21 My
2847 1916 72 21 gradual
2928 1917 73 20 parting,
3015 1917 7 15 I
3030 1921 32 12 car
3072 1922 52 11 never
3131 1922 37 16 say.

2789 1954 101 16 Sometimes
2905 1954 7 16 I
2929 1954 51 21 fancy
2996 1954 39 17 that
3051 1954 41 21 they
3112 1959 41 17 may
3168 1954 45 17 have

2871 1975 80 21 perished

2808 1997 19 15 In
2834 1996 83 22 fhadowy
2926 1997 47 20 quiet
2982 1996 19 17 of
3015 1999 29 14 .vet
3055 1997 50 16 rocks
3116 1997 34 16 and
3160 2002 51 13 moss.

2788 2018 46 16 Near
2849 2018 53 21 paths
2921 2018 58 16 whose
2990 2023 42 16 very
3050 2018 72 21 pebbles
3142 2019 7 15 I
3168 2019 44 16 have

2869 2039 97 19 cherished,

2807 2061 34 15 For
2851 2060 45 16 their
2915 2060 50 16 small
2984 2061 55 19 sakes,
3059 2061 48 16 since
3118 2066 29 17 my
3167 2064 44 13 most

2871 2081 53 17 bitter
2930 2082 40 16 loss.

2788 2119 4 21 t
2801 2119 57 20 fancy,
2867 2123 35 14 too,
2911 2119 38 16 that
2957 2119 42 21 'hey
3008 2125 43 11 were
3060 2120 52 20 softly
3120 2121 73 16 covered

2806 2140 28 20 By
2843 2140 64 17 robins,
2916 2142 29 13 out
2954 2140 19 15 of
2978 2140 51 21 apple
3035 2140 68 16 flowers
3109 2141 41 20 they
3157 2141 53 18 knew,

2859 2161 72 20 nursing
2938 2161 54 21 wings
3000 2162 18 16 in
3032 2162 26 16 far
3070 2162 51 16 home
3130 2163 81 15 sunshine

2871 2182 81 19 hovered,

2807 2203 63 17 Before
2884 2203 29 16 the
2922 2203 49 17 timid
2985 2204 54 17 woirld
3052 2204 35 17 had
3095 2204 78 22 dropped
3182 2205 29 16 the

2870 2224 43 16 dew.

2787 2262 50 17 Their
2844 2267 60 12 names
2912 2263 113 16 werewh.t
3034 2268 52 16 yours
3094 2269 35 11 are.
3145 2265 22 15 At
3175 2264 35 16 this

2870 2289 34 16 you
2913 2284 74 19 wonder,

2804 2305 55 16 Their
2867 2305 76 21 picture*
2948 2310 95 17 areyour
3048 2310 44 14 own,
3100 2311 19 11 as
3126 2311 33 16 you
3166 2307 43 15 have

2870 2331 50 14 seer.;

2785 2347 38 17 And
2832 2352 28 16 my
2868 2348 108 16 bird-buried
2985 2348 83 21 darlings,
3082 2349 65 15 hidden
3155 2349 54 16 under

2806 2369 40 16 Lot;
2856 2369 125 22 leaveswhy,
2989 2369 13 17 it
3011 2370 15 16 is
3034 2375 43 16 your
3085 2370 45 16 dead
3138 2370 55 17 selves
3201 2371 8 15 I

2869 2391 60 16 mean!

2839 2438 66 17 BACK
2916 2439 69 16 FROM
2997 2440 52 15 THE
3062 2439 90 17 GRAVE.

2805 2470 30 16 He
2847 2476 35 11 was
2891 2476 10 11 a
2909 2476 57 15 young
2974 2474 79 18 sergeant
3063 2472 16 16 in
3088 2472 29 15 the
3126 2472 82 18 Hussars,

2787 2492 29 16 nd
2825 2492 17 16 in
2851 2497 32 11 one
2891 2492 19 16 of
2917 2493 29 16 the
2954 2497 92 12 numerous
3054 2493 48 19 night
3111 2493 67 16 attacks
3187 2498 22 11 on

2785 2513 27 16 :he
2827 2514 75 15 Russian
2910 2513 122 17 fortifications
3040 2515 16 15 in
3066 2515 29 15 the
3103 2515 75 17 Crimea,
3187 2515 22 15 he

2785 2535 32 15 had
2827 2535 29 15 the
2871 2535 103 16 misfortune
2988 2538 19 14 to
3015 2536 66 16 receive
3093 2541 11 11 a
3112 2536 97 20 dangerous

2785 2556 52 16 bullet
2853 2556 63 17 wound
2930 2557 17 15 in
2963 2556 30 16 the
3009 2557 58 20 region
3082 2557 19 16 of
3108 2557 30 16 the
3153 2557 55 19 heart,

2785 2577 48 16 while
2841 2577 71 22 bravely
2921 2578 90 20 exhorting
3019 2578 27 16 his
3055 2583 38 11 men
3101 2581 18 13 to
3127 2579 63 15 action.

2804 2599 29 16 He
2840 2604 35 11 was
2882 2599 219 21 immediatciystrick:nio
3108 2599 28 16 the
3142 2600 66 20 ground

2785 2620 39 16 with
2833 2620 121 21 insensibility,
2969 2620 35 17 and
3017 2625 11 11 a.
3036 2621 60 20 period
3107 2620 20 16 of
3133 2622 75 19 perhaps

2785 2644 31 12 Iwo
2832 2641 54 16 hoars
2900 2641 71 21 elapsed
2986 2641 58 17 before
3060 2643 29 15 the
3106 2643 102 15 ambulance

2785 2662 49 16 could
2842 2662 21 16 be
2872 2662 87 21 procured.
2980 2663 66 20 During
3055 2663 35 17 this
3097 2663 46 19 time,
3152 2665 56 18 owing

2785 2686 16 13 :o
2821 2684 30 16 the
2867 2684 78 21 piercing
2959 2687 36 13 east
3009 2684 54 16 winds
3082 2684 38 16 that
3138 2685 41 21 only
3197 2690 12 11 a

2785 2705 73 16 Kussian
2870 2710 32 11 can
2918 2705 51 16 stand
2984 2705 42 16 with
3045 2706 114 21 equanimity,
3178 2707 29 16 the

2785 2728 76 17 tergeant
2870 2726 70 16 became
2948 2726 85 21 perfectly
3041 2728 39 20 pale
3088 2728 34 15 and
3130 2728 44 15 cold.

2804 2747 161 21 Notwithstanding
2980 2748 23 16 all
3018 2749 117 20 precautions,
3150 2749 35 15 and
3197 2754 11 11 a

2785 2768 30 17 fair
2823 2769 52 16 share
2888 2769 19 16 of
2914 2770 71 19 nursing
2992 2770 35 15 and
3042 2770 134 15 attentionfor
3190 2770 18 16 in

2785 2795 27 11 me
2820 2790 70 16 Crimea
2898 2790 35 16 this
2940 2790 109 21 department
3059 2796 35 11 was
3103 2796 39 16 very
3155 2791 53 21 badly

2785 2811 126 21 managedhe
2917 2817 35 10 was
2959 2812 111 20 pronounced
3077 2812 29 16 the
3111 2815 39 13 next
3157 2812 43 17 after-

2784 2837 44 11 noon
2842 2833 24 20 by
2881 2832 48 16 three
2944 2833 74 16 mediail
3034 2838 38 11 men
3084 2836 19 14 to
3114 2834 44 16 have
3173 2837 34 13 met

2784 2854 41 16 with
2839 2854 132 16 instantaneous
2979 2854 58 16 death.
3061 2855 34 15 His
3110 2855 46 21 body
3172 2860 36 12 was

2784 2875 109 21 accordingly
2901 2875 70 16 handed
2979 2880 42 12 over
3029 2877 19 15 to
3055 2876 29 16 the
3093 2876 56 16 burial
3157 2881 51 16 corps

2787 2897 14 15 )f
2807 2897 28 15 his
2843 2897 89 20 regiment.

2803 2917 58 17 There
2874 2923 45 11 were
2937 2923 94 11 numerous
3050 2918 66 16 burials
3135 2921 18 14 to
3168 2919 40 16 take

2785 2939 47 20 place
2846 2939 29 16 the
2884 2944 47 11 same
2938 2939 97 19 afternoon,
3051 2945 19 11 so
3085 2940 29 16 the
3123 2940 59 16 bodies
3190 2945 18 11 at

2784 2961 28 18 the
2818 2963 79 18 sergeant
2905 2960 35 17 and
2948 2961 48 16 three
3004 2961 77 21 privates
3089 2966 44 11 were
3138 2962 70 16 handed

2785 2977 39 24 sjer
2838 2984 18 13 to
2872 2987 10 11 a
2896 2982 30 20 big
2933 2982 71 19 brawny
3016 2982 87 16 Irishman
3112 2983 26 16 for
3146 2983 61 16 burial,

2787 3001 39 18 this
2834 3008 46 14 man,
2896 3003 63 20 having
2967 3003 35 19 due;
3010 3004 30 15 the
3048 3004 85 18 trenches,
3147 3004 61 21 placed

2785 3025 26 15 She
2821 3025 38 15 four
2874 3024 60 17 bodies
2949 3025 18 15 in
2975 3029 11 12 a
2993 3024 35 17 line
3035 3025 35 16 and
3084 3025 97 21 proceeded
3190 3028 17 13 to

2785 3050 50 12 cover
2843 3046 53 16 them.

2804 3068 29 15 He
2848 3067 34 16 had
2894 3066 74 17 covered
2980 3067 49 16 three
3040 3066 20 17 of
3074 3067 52 19 them,
3140 3067 48 17 when
3197 3073 11 11 a

2785 3088 76 21 frightful
2870 3088 129 16 thunderstorm
3007 3093 49 11 came
3064 3093 27 14 on,
3101 3088 34 16 and
3143 3089 22 15 he
3173 3094 35 11 was

2785 3110 67 20 obliged
2860 3112 19 14 to
2886 3109 108 16 discontinue
3000 3109 28 16 his
3036 3110 100 20 operations
3144 3110 25 16 for
3178 3111 30 15 the

2785 3131 53 21 Bight,
2854 3131 67 20 leaving
2936 3130 30 16 the
2979 3131 76 16 remains
3066 3131 19 16 of
3092 3131 30 16 the
3129 3135 79 16 sergeant

2785 3152 73 21 txposed
2867 3155 17 13 to
2893 3152 29 16 the
2929 3151 80 19 weather,
3025 3152 67 18 wolves,
3109 3152 34 16 and
3159 3153 50 16 other

2785 3174 46 17 evils.
2854 3173 54 20 Night
2923 3177 49 11 came
2987 3178 28 13 on,
3031 3173 35 16 and
3082 3173 30 16 the
3131 3178 38 12 men
3185 3175 23 15 all

2785 3196 61 15 turned
2860 3196 36 15 into
2912 3194 43 16 their
2964 3194 47 19 beds,
3027 3197 43 13 such
3081 3199 20 12 as
3109 3196 42 20 they
3158 3200 50 15 were,

2786 3217 32 16 ind
2826 3221 42 11 soon
2877 3220 44 11 were
2929 3215 31 16 fast
2969 3215 64 21 asleep.

2805 3239 22 15 At
2842 3237 49 16 three
2905 3236 72 19 o'clock,
2993 3236 30 16 the
3037 3237 49 16 shrill
3101 3242 31 16 cry
3147 3238 19 15 of
3178 3238 30 16 the

2785 3262 56 17 tentiy
2849 3257 107 20 challenging
2972 3262 11 11 a
2995 3262 41 12 man
3045 3258 55 21 might
3114 3258 43 16 have
3166 3258 42 17 been

2785 3280 51 16 heard
2844 3285 22 10 on
2874 3279 29 16 the
2912 3278 34 16 still
2954 3278 49 20 night
3011 3279 31 18 air,
3055 3279 34 16 and
3097 3282 18 13 to
3124 3280 29 16 the
3159 3281 49 16 usual

2786 3305 51 18 juery
2844 3305 49 11 came
2900 3300 30 16 the
2937 3304 72 14 answer,

2805 3322 71 19 Makirg
2884 3321 26 16 his
2919 3326 37 15 way
2964 3324 40 18 past
3011 3321 31 16 the
3049 3325 65 17 sentry,
3128 3322 31 16 the
3166 3328 40 10 man

2785 3344 33 16 had
2827 3346 18 13 to
2860 3342 43 16 walk
2919 3342 49 16 three
2975 3342 80 17 hundred
3070 3344 52 20 yards
3131 3346 17 13 to
3157 3344 51 16 reach

2785 3366 28 15 the
2820 3366 121 19 encampment
2949 3363 19 16 of
2975 3363 28 16 his

2804 3385 68 20 Calling
2887 3385 41 15 with
2943 3389 11 11 a
2969 3384 56 17 feeble
3035 3386 49 15 voice
3096 3385 70 17 outside
3176 3386 32 16 the

2785 3410 33 14 lent
2834 3406 19 16 of
2867 3406 29 16 the
2911 3406 149 21 sergeant-major,
3075 3407 23 16 he
3117 3407 52 16 asked
3183 3408 26 16 for

2785 3431 76 18 quarters
2870 3427 26 16 for
2903 3427 30 16 the
2941 3427 54 20 night.
3019 3428 66 20 Aghast
3098 3428 41 16 with
3148 3431 60 16 terror,

2785 3451 27 15 the
2820 3448 92 20 trembling
2920 3448 58 16 officer
2989 3448 27 17 led
3025 3450 30 15 the
3063 3449 102 16 manwho
3173 3455 36 11 was

2785 3476 20 11 no
2813 3471 50 15 other
2870 3470 43 15 than
2921 3469 29 16 the
2958 3470 44 16 dead
3017 3471 35 15 and
3061 3470 60 16 buried
3129 3474 79 17 sergeant

2785 3495 38 13 to
2837 3492 30 15 the
2884 3491 84 16 colonel's
2985 3494 86 18 quarters,
3090 3491 34 16 and
3145 3492 64 20 having

2785 3512 90 18 iwakened
2894 3512 30 16 the
2942 3512 73 20 colonel,
3034 3513 22 15 he
3074 3513 81 17 narrated
3178 3514 28 16 his

2785 3538 12 13 it
2800 3539 51 15 range
2858 3535 55 19 story.

2804 3556 45 16 Next
2865 3555 35 21 day
2907 3555 30 16 the
2945 3554 88 17 fortunate
3173 3561 35 11 was

2784 3577 93 16 reinstated
2892 3581 20 11 as
2929 3579 79 18 sergeait
3027 3579 19 13 to
3065 3576 27 16 his
3103 3579 52 19 troop
3166 3582 43 11 once

2785 3603 51 14 more,
2844 3597 35 16 and
2883 3599 48 19 great
2940 3603 35 10 was
2981 3598 29 15 the
3018 3598 136 21 merry-making
3159 3599 49 16 when

2784 3620 29 16 the
2820 3624 87 16 company
2912 3619 54 16 heard
2974 3618 3 22 I
2981 3619 23 15 he
3011 3618 45 21 good
3065 3623 51 12 news.

2804 3641 16 16 It
2828 3645 75 17 appears
2910 3640 38 17 that
2954 3639 52 17 about
3015 3645 9 10 2
3032 3645 47 14 a.m.,
3087 3640 30 16 the
3124 3640 84 17 Russians

2784 3662 104 21 discharged
2901 3666 49 12 some
2968 3660 53 17 shells
3038 3665 43 12 near
3096 3662 30 15 the
3142 3662 66 16 British

2784 3685 127 19 encampment,
2919 3682 34 17 and
2961 3687 33 12 one
3001 3681 20 16 of
3027 3681 31 17 the
3064 3682 54 16 shells
3122 3683 87 21 dropping

2785 3705 47 21 quite
2846 3705 47 16 close
2905 3706 19 14 to
2938 3704 31 15 the
2982 3702 57 17 burial
3054 3703 44 16 line*
3108 3704 60 16 awoke
3179 3704 30 16 the

2784 3728 80 18 sergeant
2873 3726 44 16 from
2925 3725 27 15 his
2961 3726 64 14 tnnce.
3048 3724 50 18 Cold,
3114 3730 45 13 sore,
3174 3726 34 16 and

2785 3747 40 19 stiff,
2841 3747 32 16 but
2893 3746 61 20 feeling
2972 3745 44 16 little
3028 3745 30 16 the
3069 3750 55 11 worse
3140 3746 26 16 for
3182 3747 26 15 his

2785 3768 76 22 perilous
2875 3768 99 17 adventure,
2988 3766 23 16 he
3026 3771 39 11 rose
3079 3767 36 16 and
3122 3768 51 16 made
3182 3768 26 16 his

2785 3795 38 16 way
2830 3795 20 11 as
2857 3789 71 21 quickly
2934 3793 20 11 as
2962 3787 75 21 passible
3045 3790 19 14 to
3072 3787 29 17 the
3107 3791 52 14 tents.

2806 3813 27 14 An
2841 3810 115 17 examination
2964 3808 19 16 of
2988 3808 30 16 the
3028 3810 61 14 wound
3102 3809 69 17 elicited
3179 3810 29 16 the

2785 3831 35 19 fcfct
2835 3833 38 15 that
2889 3832 29 14 the
2932 3830 53 16 bullet
3000 3830 72 16 entered
3080 3831 28 15 th*
3116 3831 49 16 chest
3172 3831 36 20 just

2785 3854 56 17 below
2848 3854 30 15 the
2886 3850 62 18 second
2955 3851 33 18 rib,
3000 3852 65 15 curved
3072 3852 24 15 off
3104 3852 29 16 the
3141 3852 43 21 edge
3191 3852 19 16 of

2785 3876 29 16 the
2829 3874 53 19 third,
2896 3873 35 16 and
2945 3876 36 12 w&i
2996 3871 55 17 found
3065 3873 24 20 by
3104 3878 33 11 one
3148 3873 19 16 of
3180 3873 28 16 the

2935 3893 38 16 who
2993 3893 113 21 pronounced
3124 3895 30 15 the
3168 3899 40 12 man

2785 3918 50 18 dead,
2849 3914 93 19 imbedded
2957 3914 53 17 al>oot
3022 3914 39 17 half
3070 3920 23 11 an
3104 3915 104 25 inchelaw

2785 3940 30 16 the
2823 3938 67 16 surface
2897 3935 20 17 of
2922 3935 30 17 the
2960 3935 44 17 dun.

2805 3960 44 17 This
2856 3957 76 18 incident
2940 3961 33 12 was
2983 3956 66 17 related
3060 3957 24 21 by
3093 3957 29 16 tba
3129 3961 79 18 Mrgeaat

2785 3980 68 19 Jcaself
2860 3981 19 15 to
2884 3982 13 14 ft
2904 3979 60 16 Horn*
2971 3979 142 22 irspresantalUfx
3204 3980 6 22 j

1274 41 58 22 THE
1360 41 56 22 HOT
1443 40 92 23 LAKES
1563 40 170 26 CHRONICLE,
1761 41 189 24 WEDNESDAY,
1985 41 157 21 FEBRUARY
2170 42 24 20 27
2223 40 48 18 1835

598 111 138 26 undersigned
764 111 77 25 having
868 112 61 18 taken

507 130 25 26 X
573 144 47 13 ovtr
630 139 34 18 the
673 137 129 22 Blacksmith
813 137 55 25 Shop
879 138 50 17 from

500 165 33 19 Mr
543 164 74 24 Taylor
631 166 83 23 request
732 164 35 19 the
786 165 113 23 patronage
910 161 19 21 of

500 191 34 19 the
545 190 76 24 publtc.

591 214 79 17 MOklil
685 214 33 16 OX
730 213 50 17 AND
793 213 94 18 CORBET
892 214 16 16 i\

525 256 173 24 WYNYARD
712 256 22 23 &
750 255 154 24 FURCKAS

650 292 125 22 Solicitous,

567 325 59 21 Hion
644 325 80 19 Stuku'
738 324 121 20 Auckland.

591 374 132 25 Partnership
739 374 91 19 hitherto
839 374 91 23 existing

508 394 22 25 X
566 400 91 21 between
672 400 35 18 tiie
717 398 138 26 Undersigned
865 398 66 20 under

499 430 35 18 the
544 434 58 12 name
614 433 22 12 or
647 426 44 19 firm
715 426 22 18 i'f
759 424 74 26 Loriga
845 432 11 16 i,
877 424 39 19 Mar-

499 454 96 21 chesseau
617 452 40 19 and
681 452 104 25 Company
807 451 18 19 is
854 450 76 23 hereby

499 476 100 24 dissolved
620 478 26 25 by
669 478 79 20 mutual
770 479 88 17 consent.
896 476 34 19 Ail

500 507 58 18 debts
569 505 40 19 and
627 503 105 21 liabilities
743 503 39 19 due
793 503 39 19 and
842 501 89 27 payable

501 533 25 25 l.y
536 532 35 18 the
581 531 43 19 siiid
640 531 43 18 linn
699 529 41 20 will
760 530 24 18 be
805 528 124 25 discharged

500 558 27 23 by
546 557 58 19 Isaac
630 555 142 21 Mnrcheseau
792 555 39 19 and
848 553 82 20 Patrick

501 583 94 25 Mellroy,
617 580 44 22 who
673 581 41 20 will
725 582 101 18 hereafter
837 586 55 18 cany
904 586 26 12 on

499 611 35 18 the
558 609 92 19 business
673 607 66 19 tinder
762 607 35 19 the
823 612 60 13 name
910 606 22 19 of

500 635 89 24 Mellroy
599 631 41 22 and
650 632 152 21 Marchesseau.

527 661 66 19 Dated
618 661 34 18 the
677 662 29 16 Ist
730 659 39 25 day
788 659 21 19 of
830 658 100 25 January,

502 689 56 21 1805,

744 710 94 21 LoMG.OJ

630 737 61 20 Isaac
699 737 153 20 MakchesskaU

633 763 92 20 Patrick
736 762 99 21 Mclieoy

550 809 24 23 A
602 809 67 23 Rare
697 808 180 30 Opportunity.

628 859 36 25 To
677 860 127 24 Farmers.

548 962 127 46 FOR
711 961 171 46 SALE.

503 1038 78 23 NICE
617 1035 118 24 LITTLE
767 1035 97 24 FARM
892 1035 39 23 OF

587 1089 93 45 123
704 1089 169 45 Acres.

528 1223 126 21 Particulars
664 1230 46 19 may
721 1224 25 19 be
757 1223 95 20 obtained
862 1225 21 17 at
892 1223 39 19 this

499 1251 62 19 office.

615 1306 88 23 JOHN
722 1305 97 28 HALL,

506 1357 153 36 PAINTER,
678 1355 221 26 PAPERHANGER,
917 1357 15 18 &

623 1409 191 25 SIGNTVRITER,

532 1578 136 24 ILEARING
692 1578 70 19 SALE
794 1577 22 20 of
840 1576 90 20 Summei

532 1609 7 14 /
568 1604 98 26 Drapery.

682 1630 20 19 S.
719 1628 133 25 HOWARD,

649 1658 16 17 IS
670 1663 35 12 ear
713 1656 92 19 Catholic
819 1654 87 20 Church.

514 1741 29 16 !t
564 1739 27 24 by
602 1738 133 24 experienced
742 1738 106 19 laundress
856 1743 5 17 ;
878 1737 20 17 Is
906 1734 24 19 (id

498 1773 13 12 a
521 1766 70 19 dozen.
593 1764 74 19 Mjts
678 1762 111 21 Chapman*.

612 1816 35 26 5
662 1816 134 24 REWARD-

515 1867 191 21 ITRAYEDfrom
718 1869 33 20 W.
763 1869 87 25 Roger's
856 1868 75 20 stables

558 1895 131 24 Ohinemutu,
720 1901 26 13 on
772 1895 92 20 Eotorua
887 1902 44 12 race

497 1921 65 26 night,
573 1928 41 13 one
630 1921 39 24 bay
685 1921 91 26 gelding,
789 1922 65 24 newly
874 1921 57 24 shod,

497 1950 63 16 about
575 1949 23 17 12
609 1954 59 18 years
680 1947 40 23 old,
739 1957 11 9 a
761 1948 37 19 few
809 1955 51 18 gray
877 1948 54 19 hairs

497 1980 25 12 on
533 1976 34 23 top
577 1975 21 17 of
606 1973 42 24 tail,
660 1973 65 19 brand
743 1974 109 22 unknown,
865 1974 64 19 about

499 2001 23 17 Hi
532 1999 66 19 hands
614 1999 58 26 high.
710 1999 43 20 The
771 2000 65 20 above
856 1999 75 21 reward

497 2025 40 21 will
548 2025 25 19 bo
583 2026 48 24 paid
642 2030 19 14 to
673 2032 41 19 any
729 2032 74 19 person
822 2025 109 25 returning

497 2051 34 19 the
541 2058 55 12 same
607 2055 21 16 to

678 2077 26 20 A.
720 2078 24 19 F.
762 2078 88 23 SCOTT,

803 2104 28 19 To
839 2104 65 19 Puko.

497 2148 132 21 ROTOBUA
639 2148 128 20 LIBRARY
774 2149 62 19 AND
844 2149 69 19 BEAD-

638 2175 53 19 ING
705 2175 85 19 BOOM.

497 2253 40 16 -*-
566 2252 103 20 Members
690 2253 41 19 and
750 2253 78 20 friends
845 2253 41 19 will
905 2253 25 19 be

497 2278 47 20 held
553 2280 21 18 in
584 2279 33 19 the
628 2279 97 19 lustituto
737 2279 42 20 this
791 2280 93 25 evening,
896 2279 34 19 the

497 2305 48 19 27th
555 2306 54 22 inst.,
621 2307 21 17 at
652 2307 11 16 8
674 2312 49 17 p.m.

497 2335 7 21 I
630 2331 178 19 Presentation
833 2333 21 18 of
877 2333 44 18 testi-

497 2357 73 19 monial
581 2361 20 15 to
610 2357 33 19 Mr
654 2357 27 19 11.
703 2357 22 20 L.
745 2358 125 25 MeFadgen,
890 2357 40 19 and

497 2383 91 20 Election
598 2384 22 19 of
632 2390 13 13 a
656 2383 116 20 Treasurer.

689 2409 52 21 Wit.
756 2410 121 22 SEDDOX,

793 2436 55 19 lion.
859 2437 44 18 See.

552 2512 62 44 11.
669 2512 201 54 KOHN,

497 2573 251 21 MANUFACTURING
769 2575 160 26 JEWELLER,

608 2608 90 26 Queen
722 2609 93 30 Street,

652 2648 122 21 AVCKLAXD.

497 2705 40 14 and
561 2699 28 24 B.
605 2698 172 26 PETEBSON
791 2701 85 29 &ZCo.,

607 2738 77 20 HIGH
704 2740 111 26 STREET,

630 2783 168 22 CIIRISTCHUKCH.

521 2845 44 19 The
574 2844 77 27 largest
665 2846 41 19 and
722 2849 54 16 most
790 2847 62 20 select
872 2848 57 19 stock

497 2871 19 19 of
526 2871 104 25 jewellery
640 2871 56 26 kept.

497 2999 99 47 Ehr
599 3003 193 48 enfried
806 3005 123 47 Bros

638 3082 145 26 BREWERS,

574 3123 111 21 ALBERT
700 3125 149 27 BREWERY,

519 3165 39 17 QTT
563 3165 174 21 KEN-STREET.
755 3168 156 17 ATTOTCXANn

518 3227 67 18 WINE
598 3227 51 18 AND
660 3229 82 17 SPIRIT
753 3230 155 22 MERCHANTS,

539 3255 122 17 BOTTLERS
674 3256 52 17 AND
743 3257 144 23 IMPORTERS,

582 3283 27 19 43,
625 3288 133 13 QUEEN-STIIEET
775 3290 69 13 WIUBF.

589 3334 51 12 rSIZK
652 3335 60 12 MEDAL
723 3336 36 12 AXD
770 3337 70 12 AWARDS

497 3360 23 16 At
530 3360 28 16 the
575 3360 90 21 following
683 3361 113 18 Exhibitions
810 3364 28 15 for
844 3369 33 11 our
883 3364 38 16 well-

590 3382 62 16 known
665 3382 46 16 Bulk
720 3384 34 15 and
762 3384 69 17 Bottled

608 3407 49 17 ALE
670 3407 51 17 AND
732 3409 86 18 STOUT:

496 3436 69 20 Sydney
574 3436 127 18 International
709 3438 108 21 Exhibition,
828 3441 49 16 1879.

497 3457 101 17 Melbourne
607 3457 130 19 International
743 3460 108 20 Exhibition,
861 3462 69 16 1880-S1

497 3479 42 16 New
546 3479 75 16 Zealand
630 3480 206 22 IndustrialExhibitioa,
840 3482 77 20 Welling-

539 3502 36 17 ton,
586 3502 47 15 1883.

497 3521 44 16 New
560 3521 75 17 Zealand
650 3523 33 16 and
699 3523 54 17 South
765 3524 42 16 Seas
821 3525 109 17 Exhibition.

539 3542 87 18 Donedin.
638 3544 79 17 iBB<J-00.

497 3563 21 17 In
527 3564 76 16 addition
612 3566 18 15 to
642 3565 53 16 nboTe
703 3567 43 15 hare
764 3567 43 17 been
820 3567 81 17 swarded
913 3569 17 15 at

539 3585 106 16 Taemanian
678 3587 110 21 Exhibition,
814 3588 116 20 Launceston,

541 3607 80 16 18D1-92.

582 3631 58 17 FIVE
652 3633 71 17 FIRST
739 3634 105 18 AWARDS

696 3664 34 11 FOB

497 3685 68 16 BULK
576 3684 112 17 BOTTLED
700 3685 60 17 ALES
777 3687 52 17 AND
847 3688 78 17 STOUT

690 3715 49 20 Alio,

585 3744 252 35 CHAMPIONSHIP

523 3790 66 24 Gold
602 3791 87 24 Medal
699 3792 28 23 of
738 3792 168 25 Australasia

603 3826 73 12 AGAINST
687 3827 99 13 ALLCOMERS
797 3828 33 12 FOB

497 3847 89 24 BULK
600 3848 70 23 AND
692 3849 146 26 BOTTLED
858 3852 72 26 ALE.

589 3913 74 21 Having
670 3920 12 10 a
692 3914 58 22 Largo
757 3916 52 16 Stock
817 3916 19 18 of

609 3943 49 16 ALE
669 3943 52 17 AND
733 3945 83 21 STOUT,

497 3973 70 16 Bottled
575 3974 18 15 in
600 3975 52 20 quart
661 3975 42 16 and-
710 3975 40 21 pint
762 3977 66 18 bottles,
848 3977 82 21 specially

497 3995 68 16 brewed
574 3995 27 16 for
608 3996 30 16 tha
646 4001 75 11 summer
729 3998 54 19 trade,
794 3998 56 16 which
857 4003 30 12 are
892 4003 38 12 now

497 4015 106 22 thoroughly
610 4017 86 19 matured,
710 4023 33 11 oan
755 4019 44 16 -with
812 4024 52 16 every
877 4020 45 16 confi-

497 4038 53 16 dence
560 4038 108 16 recommend
683 4043 48 12 same
746 4040 18 15 to
778 4045 119 12 connoisseurs
911 4046 19 11 as

497 4059 62 16 second
567 4061 16 14 t;.
592 4063 45 12 none
646 4059 17 16 in
673 4059 30 17 the
711 4060 72 22 Colony.

50 3351 90 31 .-HOT
154 3351 103 31 LAKES
271 3349 201 33 CHRONICLE*

126 3393 52 14 WILL
192 3393 25 14 BE
231 3393 115 14 VU11L1S1IEI)
360 3394 25 12 ON

66 3413 192 31 -JfEDNESDAY
288 3413 185 20 AFTERNOONS

60 3437 28 21 Hi
160 3445 46 14 TILL
215 3445 96 14 FURTBEB
319 3445 79 14 NOTICE.

55 3478 140 25 Subfcripiiozi
239 3478 24 19 6d
273 3485 36 19 pir
319 3480 82 23 quaiter
411 3484 21 13 ra
448 3478 25 19 ad

108 3510 63 13 vunce
178 3511 5 16 ;
198 3504 26 19 6d
234 3507 57 16 estra
300 3504 17 19 if
326 3504 85 19 booked.

69 3538 74 20 Cafcunl
153 3539 167 19 advertisements
330 3541 22 16 3s
361 3545 37 19 per
407 3538 53 20 inch.

82 3573 175 20 Advertisements
263 3575 55 18 must
326 3573 26 20 be
361 3575 45 17 sent
415 3573 22 19 in
445 3573 28 25 by

134 3614 54 13 noon
197 3614 27 13 on

208 3676 100 23 Notice.

79 3708 62 19 'OIE
159 3714 64 20 paper
241 3706 42 20 and
298 3707 112 26 Envelopes
426 3707 47 20 with

125 3734 81 25 printed
218 3733 91 25 Leading
319 3735 21 18 at
348 3734 64 25 cheap
419 3736 55 17 rates

96 3762 22 17 at
127 3760 106 19 Chronicle
246 3760 63 19 office.

133 3828 29 31 J.
182 3828 28 31 F.
231 3826 158 36 PEATSQN,

168 3864 165 23 HiLiTEKEE,

66 3896 57 20 Next
133 3895 100 20 Saddler's
243 3894 57 26 shop,
312 3893 132 23 Ohinemutw,

42 3929 45 19 Has
96 3927 74 25 always
182 3934 11 11 a
203 3926 50 26 good
275 3925 76 26 tupply
368 3925 22 20 o
409 3924 63 20 Fresh

114 3953 66 24 Fruit,
191 3953 47 19 bot.li
250 3952 50 20 local
309 3952 40 19 and
359 3951 24 20 im-

170 3979 69 25 ported
251 3985 24 13 on
286 3979 59 18 hand.

232 4006 57 18 Also

22 4033 36 23 \,A
68 4031 148 21 well-aOited
227 4030 56 20 stock
290 4030 22 20 of
320 4029 95 24 Biscuits,
422 4029 37 21 Con-

81 4059 112 23 fectionery
204 4057 39 19 and
254 4057 90 19 Sucjmer
354 4056 84 24 Drink*,

120 4083 27 20 all
156 4087 22 16 at
187 4088 118 14 MODKBATE
315 4089 83 12 DUCES.

1108 313 57 21 ASK
1180 312 56 21 FOE

954 365 435 46 HANCOCKS'

1077 437 186 21 CELEBRATED

1133 490 87 32 xxxx

1065 548 213 50 ALES,

1085 614 58 14 MADE
1152 612 55 15 FROM
1216 612 42 13 THE

959 658 116 34 FINEST
1101 658 87 33 MALT
1210 656 64 33 AND
1292 656 97 38 HOPS,

994 754 52 12 1-ItEE
1059 752 55 15 FBOM
1127 753 40 13 ALL
1180 752 129 14 AMISEI'TICS
1321 752 26 13 Oil

1060 790 141 14 DELETEIUOUS
1219 789 65 15 ACIUS.

955 846 141 33 CAPTAIN
1121 846 83 34 COOK
1222 845 167 41 BREWERY,

1059 894 196 21 NEWMARKET.

1442 3133 19 20 A
1471 3133 99 26 telegram
1579 3134 53 19 from
1642 3134 101 20 Brisbane
1752 3133 98 25 sa}'sthat

1413 3166 26 12 on
1448 3160 93 25 January
1552 3160 54 19 22nd
1615 3166 13 12 a
1640 3160 91 20 resident
1739 3161 23 19 of
1778 3159 72 22 Queen

1413 3185 62 23 i'ark,
1487 3185 93 26 Gympie,
1591 3186 70 20 whilst
1678 3186 91 26 walking
1788 3185 62 26 along

1413 3218 38 13 one
1459 3212 23 19 of
1492 3213 35 18 the
1537 3214 78 22 streets,
1623 3212 75 26 picked
1706 3219 28 19 up
1743 3219 12 13 a
1764 3212 86 20 boulder

1412 3238 119 26 containing
1553 3238 50 26 gold
1621 3239 75 19 valued
1714 3242 22 16 at
1755 3239 94 19 between

1413 3265 45 19 SO
1468 3265 40 19 and
1517 3265 52 19 7O.
1582 3264 58 20 More
1650 3265 50 20 than
1710 3272 38 13 one
1758 3265 91 20 resident

1413 3290 37 20 has
1458 3291 53 19 been
1520 3290 83 26 tripped
1612 3290 28 26 by
1650 3290 35 21 the
1696 3298 56 13 same
1762 3292 87 20 boulder

1413 3323 26 12 on
1448 3317 53 19 dark
1509 3317 76 24 nights.

1416 3368 54 20 FOR

1468 3394 157 21 TASSITTJDE

1491 3420 163 25 TORPIDITY,

1517 3447 77 20 SOUR
1604 3447 134 20 STOMACH

1543 3472 195 26 INDIGESTION,

1570 3499 165 25 HEADACHE,

1598 3525 161 25 BACKACHE,
1771 3528 34 18 &c.

1411 3561 52 17 Tuke
1478 3566 10 11 a
1499 3560 61 21 couple
1578 3561 20 16 of
1619 3560 87 17 F,etchers
1728 3561 43 16 Pills
1793 3566 54 16 every

1412 3584 65 15 second
1484 3582 64 21 night;
1567 3582 42 21 they
1625 3587 29 11 are
1662 3587 11 11 a
1680 3585 70 19 prompt
1762 3582 35 17 and
1806 3587 41 12 sure

1412 3609 42 11 cure
1463 3604 31 15 und
1504 3604 40 20 give
1551 3603 64 16 certain
1626 3603 56 17 relief.

1436 3624 107 17 Fiktcbeb's
1558 3624 52 17 Fills
1625 3630 29 11 are
1661 3631 11 10 a
1679 3626 59 20 quick,
1754 3630 40 11 sure
1811 3625 34 16 and

1412 3646 73 18 reliable
1499 3646 70 18 rrcedy
1584 3646 28 16 for
1626 3646 24 16 all
1661 3646 104 21 complaints
1778 3646 66 20 arising

1412 3668 46 16 from
1467 3667 57 21 torpid
1533 3667 49 19 liver,
1601 3667 112 20 indigestion,
1729 3667 49 16 weak
1790 3672 45 11 aioro-

1412 3690 38 21 uch,
1463 3689 34 16 and
1504 3688 98 21 impurities
1608 3690 20 14 of
1635 3688 29 16 the
1675 3688 59 17 blood.
1758 3688 49 21 They
1816 3693 28 12 are

1412 3710 84 21 prepared
1504 3714 22 11 on
1534 3709 73 16 rational
1616 3709 35 16 and
1667 3709 74 17 sensible
1753 3709 44 17 lines
1809 3711 35 15 and

1412 3731 21 16 do
1442 3733 31 15 not
1484 3730 69 17 contain
1562 3735 10 11 a
1583 3730 73 21 particle
1667 3732 17 14 of
1696 3731 79 20 calomel,
1792 3737 37 15 gam-

1412 3753 50 20 boge,
1471 3758 20 10 or
1498 3757 34 15 any
1540 3751 64 17 drastic
1612 3752 98 23 purgative,
1727 3753 33 15 but
1772 3754 70 18 operate

1412 3774 23 20 by
1444 3773 84 22 perfectly
1535 3773 71 16 natural
1618 3779 59 11 means
1687 3774 24 19 by
1731 3774 111 20 stimulating

1412 3796 30 16 the
1451 3796 43 16 liver
1503 3794 33 17 end
1543 3794 99 21 increasing
1649 3795 29 16 tbe
1686 3794 40 17 flow
1741 3796 20 15 of
1769 3796 35 16 bile
1811 3796 35 16 and

1412 3817 41 16 thus
1462 3816 96 22 producing
1577 3820 41 17 easy
1628 3817 111 16 evacuutiovis
1748 3817 35 16 and
1792 3820 42 13 natu-

1412 3838 26 15 ral
1447 3838 88 15 catharses
1552 3837 74 16 without
1641 3838 31 15 the
1691 3842 101 17 annoyance
1811 3838 35 16 and

1414 3859 40 21 pain
1466 3859 18 16 of
1496 3859 71 21 griping
1573 3858 34 16 and
1614 3859 85 21 purging.

1435 3880 72 16 Beware
1514 3881 18 14 of
1540 3880 30 15 the
1578 3885 53 15 many
1650 3880 77 16 harmful
1743 3880 103 17 substitutes

1412 3907 22 11 on
1445 3901 37 17 sale
1491 3902 17 15 in
1515 3906 53 15 many
1576 3900 59 21 shops.
1666 3900 49 18 None
1733 3907 30 10 are
1771 3902 75 18 geinine

1412 3928 24 11 un
1440 3923 35 16 less
1482 3923 42 20 they
1532 3922 42 16 bear
1581 3922 30 16 the
1616 3921 90 21 signature
1724 3923 19 16 of
1758 3922 21 17 F.
1786 3923 60 16 Moore

1413 3944 88 17 Clements
1508 3948 21 12 on
1538 3943 29 17 the
1572 3942 67 18 outside
1647 3948 85 17 wrapper.
1753 3944 93 17 Clfmeuts

1412 3965 57 17 Tonic
1482 3965 34 15 and
1528 3964 109 16 Fi.ktcheb's
1652 3964 53 17 Fills
1718 3965 44 17 Lave
1777 3966 69 16 become

1413 3987 42 16 such
1471 3986 94 16 household
1581 3984 56 17 words
1651 3986 39 17 that
1705 3986 97 17 imitations
1816 3992 29 11 are

1413 4008 101 24 frequently
1529 4013 5 9 i
1539 4007 61 16 ffered.
1629 4007 34 17 We
1678 4008 74 16 contend
1761 4008 39 16 that
1808 4008 36 16 this

1414 4029 87 16 imitation
1508 4028 16 16 is
1531 4028 30 16 the
1569 4028 82 16 sincerest
1664 4029 50 21 proof
1727 4029 19 16 of
1754 4029 45 16 then-
1809 4030 27 15 vir-

1414 4051 46 18 tues,
1469 4055 18 11 so
1495 4054 28 12 see
1531 4050 38 15 that
1576 4054 35 15 you
1620 4049 65 22 always
1692 4051 31 19 get
1731 4050 30 16 the
1769 4051 76 20 genuine

1413 4070 73 21 bearing
1505 4070 29 15 the
1553 4075 51 11 name
1618 4070 34 17 and
1667 4071 70 17 address
1753 4071 19 16 oi
1785 4069 22 19 FT
1818 4071 26 17 M.

1415 4092 92 20 Clements,
1515 4090 97 21 Newtown,
1626 4091 72 22 Sydney.

1891 3723 39 17 The
1938 3723 38 18 lute
1985 3723 116 23 earthquake
2109 3723 20 18 in
2138 3722 57 23 Sicily
2203 3722 39 17 and
2249 3722 45 19 Cala-

1868 3746 40 17 bria
1922 3746 59 18 broke
1996 3747 33 17 the
2046 3747 74 17 lantern
2139 3747 20 16 of
2174 3746 33 17 the
2223 3746 83 17 Messiaa

1868 3769 115 23 lighthouse,
2005 3770 38 17 and
2065 3776 25 11 an
2110 3769 75 18 electric
2200 3769 51 23 light
2267 3775 38 11 was

1868 3793 66 22 placed
1942 3793 20 17 in
1972 3793 33 17 the
2021 3793 110 23 lighthouse
2144 3792 62 17 which
2222 3793 42 16 sent
2281 3793 24 17 its

1868 3817 68 21 potent
1943 3822 43 16 rays
1995 3817 29 16 far
2033 3816 39 17 and
2079 3816 55 17 wide.
2164 3816 40 16 The
2216 3816 89 21 peasants

1868 3839 21 17 of
1896 3839 68 20 Tauro,
1974 3839 65 23 seeing
2047 3840 33 17 the
2088 3840 53 16 coast
2148 3838 38 18 and
2194 3838 65 17 clouds
2272 3838 22 18 be-

1868 3862 61 17 tween
1938 3862 32 17 the
1978 3862 78 18 JEolian
2064 3862 81 20 Islands,
2155 3862 51 21 Cape
2218 3861 87 21 Vatican,

1868 3885 38 17 and
1915 3885 32 18 the
1952 3885 99 23 Apenninc
2055 3885 111 18 Mountains
2172 3883 133 23 marvellously

1866 3908 127 21 illuminated,
2002 3908 85 18 believed
2095 3908 44 17 that
2146 3908 33 17 the
2188 3908 37 17 end
2239 3908 20 16 of
2272 3908 33 17 the

1867 3931 60 18 world
1934 3931 40 17 had
1981 3937 59 12 come.
2052 3932 54 22 They
2112 3930 73 24 prayed
2192 3930 39 18 and
2238 3930 58 23 flagel-

1866 3954 53 18 lated
1926 3955 119 21 themselves,
2054 3955 38 17 and
2101 3955 33 17 the
2140 3959 70 18 uproar
2216 3960 39 11 was
2259 3954 46 23 only

1866 3977 61 18 ended
1935 3977 26 23 by
1969 3977 33 18 tho.
2018 3977 125 18 interference
2157 3978 21 17 of
2190 3977 34 18 the
2237 3977 66 22 police.

1866 4000 83 17 Further
1957 4000 27 17 off
1990 4001 33 16 the
2032 4002 57 19 coast,
2101 4007 24 11 on
2137 4000 33 17 the
2185 4000 87 17 foothills
2286 4001 20 17 of

1866 4023 33 17 tho
1913 4023 114 22 Apennines,
2044 4029 51 12 some
2110 4023 68 23 people
2192 4029 47 11 even
2254 4024 51 16 went

1868 4046 49 18 mad.
1941 4046 40 18 The
1988 4052 75 12 women
2070 4047 45 17 beat
2123 4047 50 17 their
2181 4046 78 19 breasts,
2267 4046 38 18 and

1866 4069 33 17 the
1907 4075 50 15 men,
1967 4075 23 12 on
1999 4070 50 17 their
2061 4070 64 21 knees,
2141 4069 98 18 confessed
2254 4070 51 18 their

1866 4092 38 18 sins
1913 4092 63 18 alcsa.

926 4175 103 42 Ask
1053 4178 72 41 for
1150 4179 266 43 Hancock's
1442 4182 278 41 Celebrated
1745 4182 189 40 XXXX
1960 4181 115 42 Ales
2101 4183 94 40 and
2220 4183 149 41 Stout.

2349 3988 42 16 Just
2410 3988 77 16 received
2488 3988 36 14 A
2544 3988 48 19 large
2608 3988 121 19 consignment
2745 3988 17 16 ol

2328 4008 92 17 Hudson's
2427 4009 96 15 celebrated
2537 4008 81 16 Dunodin
2629 4007 78 18 Biscuits
2718 4014 31 11 con-

2328 4030 64 21 sisting
2399 4030 20 16 of
2427 4029 57 21 Wine,
2492 4028 93 21 Wheaten,
2599 4028 63 17 Water
2668 4030 90 21 Craikers,

2327 4051 69 20 Lunch,
2404 4051 101 17 Arrowroot
2513 4051 36 15 and
2559 4050 45 16 Milk
2611 4055 5 14 ;
2629 4051 36 16 also
2678 4056 10 11 a
2695 4052 64 22 supply

2327 4072 19 16 of
2352 4072 96 20 Reynold'!
2464 4071 75 21 Factory
2554 4071 121 19 Butter.W.
2683 4073 75 16 Borers.

2328 4092 72 23 [AdTt.l

2808 4028 31 17 An
2847 4027 100 18 American
2954 4028 35 17 litis
2998 4028 121 18 constructed
3130 4033 25 12 an.
3169 4033 42 12 enor-

2784 4056 55 13 mour
2847 4052 84 21 magnet,
2946 4051 63 18 wlich
3021 4051 25 18 he
3060 4057 49 17 says,
3123 4050 65 18 would
3202 4051 19 16 in

2783 4075 48 17 time
2839 4074 21 17 of
2867 4079 41 12 war
2915 4074 57 18 affect
2979 4080 11 12 a
3003 4075 62 23 ship's
3078 4080 86 18 compass
3178 4075 21 16 at
3211 4080 10 11 a

2785 4098 83 17 distance
2877 4097 21 18 of
2905 4098 30 17 six
2943 4098 59 18 miles.
