3260 4290
166 98 20 40 A
202 97 73 51 Tight
298 98 96 41 Place.

259 164 13 13 ♦

113 195 3 20 '
126 195 116 20 SYDNEY
258 195 160 20 BULLETIN.'

79 253 113 19 Alone—as
213 258 11 13 a
240 252 61 19 white
315 258 98 13 mn.u—on
428 251 53 20 Dine

53 278 69 21 Island
134 278 3 24 !
148 278 11 20 I
169 278 110 19 didn'tbko
288 278 23 19 it.
340 278 10 18 I
361 284 120 18 wasyoung,

53 307 11 19 1
74 306 36 19 had
130 311 61 13 never
206 304 59 20 taken
282 303 72 21 human
373 303 43 19 life.
445 304 35 25 My

53 331 157 25 Arebipelagian
237 330 117 25 experience
378 329 37 19 had
440 329 39 20 lain

52 358 88 20 hitherto
175 358 92 23 amongst
298 355 35 19 the
365 355 114 24 Malaysian

53 383 198 26 peoples—reserved
280 382 37 18 and
347 381 133 25 punctilious.

52 411 46 19 This
117 409 130 25 sub-Papuan
260 414 50 17 race,
322 407 158 21 demonstrative

53 437 38 19 and
100 435 121 21 vociferous.
249 435 11 18 1
270 433 66 19 didn't
348 434 131 24 understand,

51 463 37 19 and
98 462 67 20 didn't
175 463 58 17 trust.

77 489 21 19 It
108 495 39 13 was
159 487 24 20 all
195 493 45 18 very
250 485 43 20 well
303 485 21 20 in
333 485 146 26 Pondeijohn's

51 520 102 20 company.
181 513 39 19 His
230 512 114 25 reputation
354 518 22 13 as
385 518 12 13 a
407 512 73 19 wizard

50 547 41 13 was
100 538 107 26 safeguard
227 538 86 24 enough.
341 538 42 19 But
391 543 46 15 now
454 538 26 19 he

51 573 40 13 was
100 572 52 20 gone
153 564 53 19 —off
216 567 20 16 to
245 563 121 20 Lukolwitk
376 570 11 13 a
395 564 85 19 Yankee

51 592 66 20 trader
139 591 44 20 who
204 590 40 19 had
263 590 41 19 told
327 590 42 18 him
392 590 62 19 about
468 597 12 12 a

50 621 80 22 strange
143 618 75 24 parrot.

77 646 5 9 '
89 644 19 19 A
117 649 43 13 new
170 643 84 22 eclectus,
267 648 34 19 my
310 641 45 25 bo}',
366 641 17 19 if
392 641 77 26 descrip-

51 671 40 19 tion
100 675 48 19 goes
157 669 32 18 for
207 668 105 25 anything.
340 668 12 18 I
370 666 53 21 stall
432 670 47 23 oniy

50 696 24 20 be
84 702 12 13 a
105 695 70 25 couplo
185 695 21 18 of
215 694 49 25 days
272 700 56 19 away
337 693 4 27 ;
357 693 45 24 and,
411 699 53 14 moan-

50 722 51 24 time,
113 721 28 18 let
151 720 81 25 nobody
237 726 49 12 near
295 719 34 20 the
335 719 109 24 collection,
457 725 21 14 as

49 755 39 18 you
97 747 58 19 value
165 753 51 18 your
233 746 42 18 life.
303 745 64 19 Those
376 745 101 27 cdleoptera

49 774 56 19 alone
114 779 34 13 are
157 773 63 18 worth
230 772 63 25 dying
301 771 45 19 for.'

76 797 3 26 1
88 798 60 25 Well,
160 798 11 18 I
181 797 65 21 didn't
253 804 86 19 suppose
348 803 34 20 my
391 797 36 19 lifo
437 804 40 13 was

48 826 20 19 in
84 825 60 19 much
160 824 78 24 danger
246 830 47 12 over
303 823 31 19 his
350 824 125 18 confounded

49 851 78 22 beetles,
148 850 37 19 but
200 850 58 18 there
275 855 51 13 were
341 849 57 19 other
407 849 69 25 things

48 879 85 18 Tumora
150 875 66 25 might
230 875 47 19 take
291 882 12 12 a
321 875 60 25 fancy
390 877 26 21 to,
437 875 38 19 and

48 904 59 19 about
126 901 32 21 Mr
173 901 103 19 Tumora's
291 901 117 25 disposition
423 901 42 19 l'on-

47 928 83 27 derjohn
148 927 40 20 and
211 927 73 25 myself
300 927 71 19 hadn't
394 927 80 24 agreed.

50 956 52 18 Your
112 953 127 25 ethnologist,
255 959 22 13 as
292 959 11 12 a
312 953 50 21 rule,
373 952 17 19 is
406 959 12 12 a
434 952 40 20 bad

47 980 79 26 general
151 979 166 25 physiognomist.
358 978 26 19 So
407 985 55 12 accus-

47 1007 64 20 tomed
120 1006 17 19 is
146 1006 25 18 he
179 1008 20 16 to
207 1005 45 18 look
260 1005 31 19 for
299 1004 175 20 race-indicatiors

47 1034 41 19 that
97 1032 25 19 ho
132 1032 90 19 becomes
232 1037 54 12 more
290 1037 22 12 or
321 1030 39 19 less
367 1030 106 26 incapable

47 1060 19 18 of
75 1058 110 19 individual
195 1056 164 19 differentiation.

73 1083 3 26 •
84 1086 46 18 Just
166 1084 32 19 the
230 1089 86 20 average
352 1083 108 20 Matabello-

45 1110 98 25 islander,'
175 1109 129 26 Ponderjohu
334 1109 50 19 said.
427 1109 44 19 'No

45 1138 62 19 better
123 1137 49 19 than
181 1136 34 19 the
231 1137 38 17 rest
285 1136 21 18 of
316 1135 59 24 tlieni,
396 1135 40 19 and
445 1142 26 12 no

45 1163 73 21 worse.'

69 1190 11 19 I
90 1188 85 25 thought
185 1188 24 18 lie
221 1194 39 13 was
270 1194 11 12 a
286 1187 52 25 good
346 1187 45 19 deal
395 1194 62 12 worse
466 1187 3 26 ;

45 1216 38 20 and
100 1222 48 16 now,
165 1221 21 12 as
203 1214 11 18 I
233 1220 39 12 saw
287 1214 41 18 him
352 1214 119 25 sauntering

45 1249 45 13 over
105 1239 87 27 through
202 1240 34 19 the
250 1241 105 23 sago-tree,
374 1239 11 19 I
395 1235 74 24 stowed

45 1269 31 19 the
85 1267 42 19 rifle
146 1267 39 19 and
194 1272 37 13 one
248 1266 90 18 revolver
352 1272 57 18 away
427 1272 21 13 ?n
458 1272 12 12 a

45 1300 70 16 corner,
139 1292 81 20 covered
238 1298 47 12 over
302 1292 49 18 with
374 1297 26 14 an
415 1293 53 25 atap.

45 1320 39 19 The
94 1319 55 19 other
159 1318 58 26 pistol
236 1317 11 20 I
257 1317 69 20 loaded
344 1318 40 19 and
393 1320 38 24 put
448 1319 20 18 in

43 1352 31 19 my
81 1344 153 26 breast-pocket.

67 1371 84 20 Tumora
159 1376 54 15 came
221 1370 136 25 in—through
368 1370 33 19 the
412 1370 55 25 roof!

43 1398 49 20 Dine
100 1397 71 20 houses
180 1403 34 12 arc
232 1396 25 19 all
268 1396 49 23 roof,
326 1396 40 19 and
375 1396 35 20 the
420 1397 49 18 door

43 1424 20 24 is,
78 1424 94 26 perforce,
183 1422 19 20 in
212 1422 34 20 the
255 1422 55 25 slope
320 1422 21 19 of
347 1422 34 19 the
392 1423 75 19 thatch.

43 1450 39 20 The
91 1450 53 19 chief
161 1448 71 21 looked
243 1448 26 19 all
285 1448 83 21 around.
396 1448 27 20 At
433 1448 35 21 the

43 1476 57 22 birds,
120 1476 33 19 the
180 1475 77 23 snakes,
277 1474 34 20 the
333 1474 133 25 insect-cases,

43 1502 31 21 the
97 1501 115 21 taxidermio
236 1500 125 27 implements
384 1507 26 14 on
433 1501 34 20 the

42 1528 48 21 little
107 1528 60 21 table.
195 1527 62 22 These
276 1526 68 28 things
356 1527 110 26 impressed

41 1553 40 25 him
91 1553 4 27 ;
109 1554 47 26 they
174 1560 50 15 were
239 1553 33 21 the
295 1553 89 21 wizard's
394 1553 3 27 ;
425 1554 41 21 But

43 1582 30 20 the
96 1580 72 22 wizard
190 1587 40 14 waa
251 1579 68 27 away;
334 1586 21 14 so
379 1579 87 23 Tunicra

42 1605 67 26 looked
127 1609 48 19 ntxt
198 1608 20 19 at
236 1613 37 18 me,
289 1606 39 20 aud
342 1606 72 21 wasn't
429 1608 24 19 im-

41 1634 116 27 pl'tsssd'-a
173 1633 61 26 alight
250 1633 144 20 fivo-feet-niue
405 1636 19 17 to
434 1633 32 20 hi*

42 1660 57 27 burly
129 1660 83 21 sis-one.
253 1658 33 21 He
315 1659 70 20 smiled
417 1660 47 21 with

41 1686 82 22 childish
132 1686 73 27 vanity,
217 1686 38 20 and
269 1686 136 26 straightened
414 1686 38 21 him-

41 1715 36 20 self
85 1721 27 19 up
130 1713 21 20 in
163 1714 54 19 front
234 1714 21 18 of
264 1719 70 13 mo—a
348 1715 117 23 portentous

41 1742 66 24 figure,
120 1738 47 22 with
177 1738 47 21 such
235 1745 52 14 mass
297 1739 21 19 of
327 1738 74 21 muscle
411 1745 54 20 Upon

41 1767 91 20 shoulder
142 1766 38 19 and
191 1772 42 13 arm
250 1773 21 12 as
287 1772 47 13 even
345 1772 11 13 a
366 1766 75 26 pot-be!
445 1766 4 26 1
452 1773 13 18 }'

41 1793 55 19 could
111 1795 35 18 not
168 1792 72 20 render
257 1792 140 26 insignificant.
426 1792 39 20 His

40 1820 59 25 frizzy
116 1819 45 20 hair
179 1819 39 19 and
236 1818 62 20 board
311 1825 51 13 were
372 1818 90 26 Papuan,

41 1853 51 19 pure,
104 1846 45 23 and,
161 1845 77 25 though
248 1845 32 19 his
289 1845 44 19 skin
343 1845 40 19 had
393 1845 71 26 hardly

41 1879 52 13 more
110 1872 50 20 than
174 1871 69 25 Malay
258 1871 62 26 depth
334 1872 20 18 of
370 1871 45 24 tint,
433 1871 32 19 his

41 1899 39 24 big,
112 1897 122 26 drop-ended
265 1904 47 13 nose
342 1897 59 25 again
424 1904 40 13 was

41 1925 87 26 Papuan.
156 1924 69 25 Malay
240 1924 80 25 enough
342 1926 20 16 to
381 1930 56 19 carry
453 1931 12 12 a

40 1951 99 19 kris—the
158 1950 108 20 hardwood
278 1950 45 19 club
334 1956 40 13 was
392 1950 73 25 clearly

41 1977 30 19 his
78 1976 124 21 accustomed
218 1982 88 19 weapon.
334 1976 76 25 Nearly
420 1977 46 18 four

41 2003 38 19 feet
88 2003 52 24 long,
158 2003 48 19 with
221 2008 12 14 a
251 2002 51 19 head
316 2002 40 19 like
366 2008 11 14 a
387 2002 66 19 decent-

40 2029 51 19 sized
126 2028 135 26 pumpkin—l
300 2029 63 19 found
393 2029 73 24 myself

41 2055 113 24 wondering
168 2055 89 19 whether
266 2054 12 19 I
296 2055 58 19 could
364 2055 57 19 shoot
431 2055 23 19 be-

41 2081 41 19 fore
103 2081 16 19 it
136 2081 58 19 could
207 2081 58 19 roach
280 2087 36 12 mo.
351 2081 42 18 The
412 2081 54 19 chief

40 2107 90 21 followed
138 2113 34 18 my
190 2106 44 19 look
245 2106 38 19 and
301 2106 51 19 hove
361 2106 35 19 the
406 2106 59 26 thing

40 2133 95 25 suddenly
146 2133 61 20 above
217 2132 31 20 his
261 2132 57 19 head.
346 2132 28 19 T)
384 2132 40 19 and
433 2133 31 18 f'o

40 2159 24 20 ho
71 2159 60 20 shook
141 2159 15 19 it
165 2158 46 21 with
221 2165 37 12 one
265 2158 60 24 hand,
336 2158 79 19 twisted
425 2158 39 19 and

40 2185 73 20 twirled
123 2186 16 18 it
157 2185 39 19 this
217 2191 41 19 way
272 2184 39 20 and
325 2184 49 25 that,
386 2185 31 18 till
433 2185 32 19 his

40 2212 34 24 big
95 2211 66 25 biceps
184 2211 56 19 stood
253 2211 68 25 nearly
337 2210 20 21 in
376 2217 12 14 a
406 2211 46 19 semi-

40 2238 60 23 circle,
120 2237 40 19 and
182 2237 11 19 I
207 2237 83 19 realised
312 2236 44 21 that
373 2237 11 18 I
398 2237 66 20 would

41 2264 49 19 have
170 2269 21 13 as
208 2262 58 20 much
281 2262 72 20 chance
363 2263 49 20 with
422 2263 41 20 hfm

41 2297 21 13 as
71 2297 10 12 a
91 2289 26 25 fly
126 2289 3 25 !
144 2290 40 18 But
194 2290 23 18 all
229 2289 11 19 I
250 2289 43 19 said
301 2289 65 25 was—■

68 2315 4 24 '
80 2316 50 19 That
140 2316 16 18 is
166 2316 84 23 nothing
258 2315 10 20 !'

67 2342 40 20 The
116 2341 261 27 infantineFapuannature
384 2342 80 20 showed

42 2375 31 20 up.
101 2368 57 21 With
176 2374 11 13 a
202 2368 73 26 pettish
289 2368 45 25 grin
350 2368 25 19 he
393 2368 28 19 let
431 2368 33 21 the

42 2395 43 20 club
94 2394 55 28 drop.
177 2394 55 21 Then
246 2394 24 19 he
289 2395 92 24 squatted
395 2401 24 13 on
431 2395 33 20 the

43 2422 46 19 Hour
104 2422 38 19 and
156 2420 94 26 laughed.
279 2420 4 28 '
290 2420 76 21 Would
384 2421 11 21 I
419 2422 45 26 give

42 2448 38 19 him
91 2455 43 12 rum
143 2448 15 19 ?'

69 2474 47 23 'No,
134 2474 10 19 I
163 2474 118 19 wouldn't?'
296 2473 78 27 Boldly,
398 2474 66 20 this—

42 2499 33 21 but
87 2502 32 17 not
129 2500 82 19 without
220 2500 123 26 misgivings.
374 2499 4 27 '
388 2500 76 20 Would

42 2526 11 19 I
70 2527 52 19 show
144 2526 41 20 him
203 2533 33 18 my
251 2533 51 18 guns
309 2526 14 19 ?'
339 2526 50 26 'My
412 2534 52 18 guns

43 2559 49 13 were
101 2559 50 19 gone
161 2552 46 20 with
216 2559 33 19 my
260 2552 3 26 '
271 2552 66 19 father
348 2552 3 26 '
362 2555 21 17 to
391 2552 72 21 Luko.'

43 2576 55 23 That,
121 2585 33 19 my
172 2578 68 20 visitor
258 2578 80 26 frankly
360 2579 103 25 observed,

43 2611 39 13 was
91 2611 10 13 a
111 2605 26 19 lie
144 2604 5 19 '.
164 2605 38 18 and
212 2611 21 13 as
252 2605 79 24 frankly
348 2605 10 19 I
374 2606 77 20 acknow-

42 2629 69 27 ledged
129 2632 21 18 it.
178 2631 55 19 Then
247 2637 29 14 we
298 2631 48 19 both
369 2631 94 27 laughed,

43 2657 37 19 and
91 2657 66 26 things
173 2657 65 25 began
257 2660 19 17 to
290 2658 46 18 look
351 2665 54 12 move
419 2666 34 19 pro-

43 2684 76 24 mising.
147 2683 11 19 I
166 2683 73 19 offered
248 2684 32 19 the
289 2684 55 25 giant
355 2691 10 12 a
376 2688 88 22 quarter,

43 2710 65 24 pound
124 2709 48 19 cake
186 2709 20 20 of
215 2710 48 19 such
279 2710 79 20 tobacco
373 2718 22 12 as
404 2712 11 18 I
425 2712 40 19 had

44 2742 44 12 seen
97 2735 33 21 the
140 2736 32 18 Kc
181 2742 43 13 men
235 2736 152 20 smoke—black
398 2745 21 12 as
430 2738 34 19 ink

43 2761 38 20 and
91 2764 67 21 strong
167 2768 22 14 as
195 2768 11 14 a
216 2764 51 18 team
278 2763 20 18 of
308 2763 95 20 bullocks.
433 2764 33 20 He

45 2787 54 19 smelt
110 2790 19 17 at
139 2789 16 17 it
164 2789 19 17 in
202 2795 11 12 a
229 2789 80 25 puzzled
325 2789 49 19 kind
384 2790 21 19 of
414 2797 49 18 way,

45 2813 47 19 then
114 2814 72 19 stowed
209 2815 14 19 it
246 2822 56 18 away
322 2815 21 21 in
363 2816 32 20 his
414 2817 51 19 hair.

45 2839 58 24 Next,
114 2840 20 19 of
147 2847 72 17 course,
229 2841 25 19 he
272 2848 40 12 was
326 2842 86 25 hungry,
424 2850 21 12 so
455 2843 11 19 I

45 2872 48 19 gave
102 2865 40 21 him
152 2867 115 24 sago-cakes
276 2868 40 19 and
334 2868 55 20 dried
405 2870 61 19 turtle

45 2893 157 19 —half-a-dozen
212 2894 19 18 of
241 2893 32 20 the
284 2900 35 13 one
334 2895 39 19 and
383 2895 62 20 about
456 2902 11 13 a

46 2919 64 25 pound
123 2919 21 20 of
162 2919 32 19 the
208 2919 72 19 other-
291 2921 39 19 and
348 2921 34 19 the
398 2928 44 19 way
451 2922 16 19 it

47 2944 25 19 all
81 2944 127 27 disappeared
217 2946 56 19 made
283 2953 31 13 me
333 2947 96 21 thankful
441 2947 26 21 he

48 2970 66 19 hadn't
130 2971 86 24 brought
229 2972 47 22 with
294 2973 43 20 him
346 2980 12 13 a
372 2970 4 25 '
385 2975 35 19 tail
431 2970 4 25 '
446 2975 21 19 of

49 2996 70 19 similar
144 2997 123 22 performers.
307 3000 41 19 The
381 3000 86 27 thought

49 3023 100 24 suggested
169 3024 33 19 the
215 3025 163 28 question—why
393 3027 41 19 had
442 3027 25 20 he

49 3054 51 13 come
109 3049 54 19 alone
170 3050 9 18 ?

82 3075 3 32 '
96 3075 83 20 Because
188 3078 5 10 '
239 3080 81 27 peering
355 3080 112 27 cautiously

51 3101 59 19 round
120 3102 37 19 and
172 3104 79 27 sinking
261 3106 30 21 his
310 3107 89 25 guttural
412 3108 55 19 voice

51 3129 20 17 to
79 3133 11 13 a
98 3127 105 26 whisper—
213 3127 4 27 '
228 3132 83 21 because
320 3133 25 21 he
359 3133 78 21 wanted
447 3135 20 18 to

52 3159 30 13 see
92 3153 31 19 the
135 3154 177 30 Weather-Spirit.'

78 3179 3 31 ;
90 3179 39 20 The
138 3181 163 29 Weather-Spirit
311 3186 13 19 ?'

139 3207 33 21 the
188 3209 50 20 lifciie
251 3210 53 21 devil
320 3213 92 20 fastened
425 3213 21 19 in
457 3219 11 13 a

52 3234 39 20 box
98 3233 61 21 -that
168 3235 43 19 tells
218 3235 34 27 thy
263 3238 81 19 'father'
351 3238 54 21 what
414 3239 54 19 wind

54 3261 16 19 is
79 3261 59 26 going
146 3261 20 21 to
183 3261 55 22 blow,
254 3264 36 19 and
310 3264 57 21 when
381 3264 34 20 the
424 3265 44 20 rnin

52 3289 91 18 cometh'.'

79 3313 3 26 ■
91 3313 93 22 Fastened
206 3316 17 20 in
247 3324 9 12 a
279 3318 38 19 box
327 3318 9 19 ?
357 3317 63 22 Could
443 3318 26 20 he

52 3344 57 14 mean
130 3341 32 19 the
191 3344 77 19 aneroid
298 3344 112 21 barometer
419 3344 15 20 ?'
458 3344 11 19 I

52 3364 86 25 brought,
148 3367 12 18 it
174 3370 38 18 out,

82 3396 3 31 '
92 3396 40 20 Yes
140 3397 125 30 !'—sheering
280 3402 28 20 off
321 3405 20 17 to
356 3404 34 19 the
400 3403 39 20 end
449 3403 21 19 of

54 3422 33 19 tho
97 3423 35 19 hut
142 3425 36 18 and
185 3425 83 27 keeping
277 3435 9 12 a
296 3429 94 20 watchful
400 3436 36 18 oyc
444 3436 24 12 on

54 3448 34 19 the
105 3448 118 23 instrument.
252 3448 4 27 '
265 3454 50 19 That
330 3462 39 12 was
385 3456 34 19 the
429 3456 41 19 box

54 3475 90 19 —would
153 3476 5 18 1
171 3478 54 18 make
239 3479 33 19 the
280 3480 56 25 spirit
345 3482 61 24 spoak
414 3482 15 19 ?'

82 3501 32 18 'lt
132 3502 82 20 couldn't
229 3506 71 24 speak.'
327 3507 11 18 T
357 3508 112 25 explained.

56 3526 33 19 'lt
108 3527 57 19 could
178 3529 43 25 only
237 3531 59 25 point.
322 3533 48 20 This
389 3541 40 12 was
444 3534 25 19 its

55 3553 76 22 finger.'

81 3577 84 21 Tumora
175 3582 95 20 scratched
283 3584 31 19 his
322 3585 57 24 head,
390 3586 37 19 folt
437 3586 33 19 tho

56 3604 55 24 lump
122 3605 19 18 of
159 3605 75 20 tobacco
248 3609 18 18 in
283 3609 20 20 hi
305 3617 8 13 a
331 3610 7 20 ]
339 3617 18 14 m
358 3612 6 19 j
365 3619 15 18 r|
393 3612 10 18 ,i
406 3619 39 12 row
456 3612 15 20 ft

56 3631 40 23 out,
108 3630 30 19 bit
147 3631 27 18 off
183 3638 11 12 a
202 3635 100 23 mouthful,
312 3637 37 19 and
360 3638 111 19 swallowed

56 3656 33 19 tho
107 3656 86 19 horrible
211 3660 45 18 stuff
270 3667 19 13 as
302 3663 16 18 if
334 3663 16 19 it
367 3664 39 19 had
420 3664 50 19 beon

56 3682 153 25 ginger-bread!

82 3708 54 19 Hero
164 3715 39 13 was
225 3717 9 12 a
256 3711 51 21 fresh
329 3717 141 24 complication.

58 3734 45 20 This
123 3736 41 18 sort
185 3736 19 17 of
226 3736 54 25 thing
294 3741 61 19 would
373 3742 69 25 poison
461 3750 9 12 a

56 3760 124 32 rhinoceros!
204 3761 19 18 If
247 3763 80 21 Tumora
349 3767 121 25 died—well,

56 3786 129 26 Ponderjohn
194 3787 39 19 had
243 3788 96 23 described
348 3795 19 17 to
376 3800 31 14 me
415 3801 11 13 a
433 3795 39 21 few

56 3813 21 20 of
85 3814 33 19 the
137 3812 52 20 little
198 3814 100 21 amenities
315 3819 94 23 practised
419 3828 53 18 upon

56 3840 138 19 unfortunates
208 3839 44 20 who
270 3847 47 15 were
337 3846 71 23 merely
430 3854 32 12 sus-

56 3866 67 25 pected
132 3866 21 19 of
170 3864 93 28 harming
273 3873 10 12 a
292 3868 55 20 chioi.
372 3871 11 19 I
393 3873 50 19 tried
452 3875 20 17 to

56 3892 79 25 explain
145 3893 20 18 to
175 3892 34 19 the
216 3892 73 19 animal
298 3894 41 19 that
348 3897 77 20 tobacco
433 3906 40 12 was

55 3919 20 18 to
92 3918 25 19 be
139 3918 89 23 smoked,
252 3920 34 17 not
299 3922 60 22 eaten,
383 3924 37 19 and
443 3925 30 19 for

55 3951 75 13 answer
146 3944 25 19 ho
181 3944 84 24 grinned
284 3945 38 19 and
339 3948 44 19 took
393 3951 80 19 another

54 3971 106 19 mouthful.
188 3971 57 18 Then
268 3969 24 21 lie
317 3974 105 24 cautiously
440 3983 22 14 ap-

54 3997 96 24 proached
194 3997 33 19 the
272 3996 130 22 barometer—
405 4001 68 21 looked

54 4023 48 19 hard
133 4024 21 20 at
181 4023 35 21 the
247 4023 59 19 index
337 4023 30 21 for
401 4033 12 13 a
436 4029 37 20 few

54 4049 222 25 moments—suddenly
306 4055 70 20 swung
397 4059 26 18 up
445 4054 19 19 h\
466 4062 8 11 H

53 4075 44 19 club
120 4077 67 24 again,
207 4075 40 19 and
275 4075 97 20 delivered
399 4078 75 21 himself

52 4102 20 23 jn
83 4103 103 20 execrable
198 4101 70 27 Malay
281 4103 20 19 to
311 4101 33 21 tho
362 4103 56 22 effect
433 4106 41 20 that

501 93 11 18 I
522 98 40 14 was
571 99 26 13 an
605 93 109 24 unworthy
722 100 34 13 son
767 95 21 18 of
795 101 34 18 my
840 93 4 29 '
853 96 80 26 father,'

501 118 46 20 who
565 119 62 24 spoke
641 119 75 24 always
733 120 56 19 truth
800 118 3 29 !
832 121 25 19 In
871 123 61 24 short,

501 144 12 18 I
523 150 40 13 was
574 151 11 11 a
595 144 38 18 liar
642 144 22 18 of
673 145 34 19 the
718 146 42 18 first
770 148 63 17 water
843 144 4 24 !
876 144 4 24 '
892 148 41 20 The

501 170 59 25 spirit,
578 169 58 20 could
652 171 68 24 speak,
732 172 40 18 and
786 172 17 18 if
812 171 11 20 I
839 174 94 19 wouldn't

501 195 36 19 ask
548 196 15 18 it;
574 197 19 17 to
603 195 25 19 do
645 202 21 12 go
677 195 4 30 '
683 196 61 20 —the
755 197 117 28 impending
887 199 46 21 club

500 221 44 19 said
553 221 34 19 the
597 223 40 17 rest
648 221 4 19 !

482 247 1 26 ,
527 247 76 19 Sliorhl
621 247 11 18 I
642 247 59 20 shoot
714 247 49 26 him,
783 250 132 21 out-of-hand
924 252 9 19 ?

482 272 1 31 _
499 272 43 20 Tho
560 273 47 18 time
618 279 40 13 was
673 275 20 18 to
704 280 131 14 come—soon
851 277 81 26 enough

482 299 1 28 ,
499 299 85 19 —when
602 299 12 18 I
628 300 66 18 would
708 300 52 19 have
780 301 90 26 dropped
890 302 42 20 him

482 324 1 30 ,
500 324 84 21 without
603 330 11 14 a
624 324 60 24 wink,
700 326 38 19 but
747 326 12 19 I
769 327 40 19 had
819 334 61 13 never
897 331 35 23 yet

482 350 1 25 ,
499 350 50 19 fired
558 351 21 18 at
588 350 49 19 Man
648 350 4 25 !
680 351 43 19 The
730 355 171 18 momentousness
911 356 21 18 of

499 376 34 19 tho
541 380 32 15 act
582 376 47 19 held
636 382 34 19 my
678 377 55 19 hand
739 378 40 19 and
785 378 11 19 I
803 381 127 23 temporised.

482 402 1 28 ,
499 402 11 18 I
529 402 67 19 woidd
608 402 37 19 ask
663 402 36 19 tho
712 404 60 23 spirit
789 406 21 17 to
828 406 76 24 speak/
920 407 10 19 I

499 428 50 18 said.
587 427 4 26 '
602 427 46 26 But,
674 435 21 12 as
718 428 87 21 Tumora
829 431 102 21 doubtless

499 453 64 24 know,
582 453 67 26 spirits
663 460 53 14 were
731 456 132 26 occasionally
873 453 4 29 '

482 479 1 29 i
527 479 88 19 'Goon
626 479 11 19 !'
656 479 27 20 lie
697 481 86 20 snarled.
823 483 45 20 'Go
890 484 39 24 on,'

499 505 58 19 make
567 505 35 19 the
610 505 59 26 spirit
679 512 36 19 say
724 507 48 19 wise
782 509 65 19 words
857 509 12 19 !'

482 531 1 30 ,
524 531 39 19 His
582 531 49 25 deep
641 533 30 17 set
681 538 46 18 eyes
740 533 68 26 began
824 537 20 17 to
862 536 53 19 burn
925 531 4 30 ;

482 556 1 29 ,
497 556 32 20 his
546 557 55 19 teeth
616 557 92 24 gleamed
723 559 97 26 viciously
829 561 52 19 from
896 562 33 19 tho

497 583 81 24 gloomy
596 583 59 25 angle
669 583 21 19 of
706 584 32 19 his
753 585 61 20 beard
825 583 4 27 ;
844 587 38 19 but
896 588 33 20 tho

497 608 132 20 sweat-beads
652 610 57 18 stood
732 617 55 19 upon
808 613 32 19 his
863 614 57 20 scroll-

497 634 84 19 marked
597 634 102 24 forehead,
715 635 32 20 his
757 637 71 21 breath
838 646 56 13 came
908 641 20 18 in

497 663 71 20 snorts,
581 660 33 19 the
630 660 70 21 brown
709 662 23 19 of
741 662 31 20 his
782 664 71 20 devil's
870 672 46 13 coun-

497 688 83 17 tenance
588 693 41 12 was
639 687 85 25 turning
733 695 68 18 green.

524 714 5 8 '
538 712 43 19 The
590 712 81 19 tobacco
682 712 11 19 !'
703 714 12 18 I
730 715 42 19 told
781 717 78 24 myself,
880 719 45 22 and,

496 744 49 13 even
552 737 48 20 with
608 738 34 19 the
649 738 94 26 thought,
751 741 33 19 the
792 742 56 19 fated
854 744 73 19 wretch

495 764 75 24 gulped
581 764 57 19 down
649 764 34 20 the
692 769 94 17 remnant
795 769 22 18 of
826 768 35 20 the
870 769 56 26 plug.

494 788 42 21 But
545 790 24 18 ho
580 796 40 13 was
631 790 113 25 dangerous
762 793 40 19 still
814 788 3 30 ;
832 801 27 17 so,
871 797 44 18 turn-

494 815 36 24 ing
539 815 87 20 towards
633 815 34 20 the
678 816 118 26 barometer,
806 820 12 19 I
828 822 99 19 stretched

494 842 35 18 out
539 848 25 12 an
575 848 41 12 arm
627 849 48 12 over
683 842 16 20 it
709 844 40 19 and
759 846 75 19 recited
849 853 12 13 a
870 853 56 14 verso

493 873 23 13 or
534 868 38 19 two
582 868 22 18 of
612 868 155 27 something—l
781 872 66 25 forget
865 874 60 19 what.

493 891 83 26 Silence,
601 894 54 24 then,
685 895 32 19 for
746 896 179 23 half-a-minute—-

492 918 77 20 broken
592 920 47 25 only
648 921 29 24 by
694 921 35 20 tho
743 924 96 24 poisoned
861 926 64 19 man's

492 945 127 25 elephantine
629 947 105 26 gaspings.

518 971 4 28 '
533 971 43 19 The
585 972 58 25 spirit
653 973 44 19 '—l
711 974 73 25 began,
796 977 40 18 and
853 978 72 19 turned

490 996 72 26 barely
579 996 21 20 in
617 998 49 19 timo
681 1001 20 17 to
720 1000 53 20 duck
786 1001 89 22 beneath
890 1004 34 19 tlio

491 1023 127 19 tremendous
641 1025 66 25 swing
728 1027 49 19 with
802 1029 65 20 which
889 1030 34 19 the

490 1048 46 20 club
556 1049 91 20 knocked
668 1050 149 28 Pouderjohn's
838 1055 86 20 choicest

490 1074 120 21 beetle-case
633 1077 21 18 to
676 1077 89 25 Hinders,
791 1081 40 18 and
854 1082 69 24 nearly

490 1100 63 19 shook
563 1102 34 18 the
605 1102 63 19 house
678 1103 58 19 down
746 1110 23 14 as
776 1105 13 19 it
800 1106 73 20 landed
883 1107 40 21 like

489 1133 11 12 a
511 1128 121 19 round-shot
641 1135 55 19 upon
706 1136 38 13 one
753 1131 23 19 of
784 1132 34 19 tho
836 1133 73 21 marblo-

489 1153 57 19 wood
567 1156 62 22 posts.
670 1154 66 27 Eight
762 1157 42 19 foot
826 1165 57 20 away
911 1161 9 18 I

487 1178 91 28 jumped,
603 1180 40 19 and
660 1181 73 25 jerked
754 1183 34 20 tho
805 1185 62 25 pistol
880 1189 40 17 out.

488 1203 42 21 But
540 1206 15 18 it
565 1206 71 19 wasn't
655 1207 139 22 needed—tho
805 1211 58 19 effort
881 1212 40 19 had

489 1231 85 20 linisiied
581 1232 92 20 Tumora.
703 1234 99 27 Twisting
805 1237 40 19 and
849 1244 60 18 groan-

488 1256 41 27 ing,
537 1257 26 19 ho
569 1257 34 26 lay
609 1265 26 12 oti
641 1259 34 18 the
682 1259 150 24 floor—wotted
840 1264 82 26 already

489 1283 48 19 with
546 1284 35 18 the
588 1286 62 17 sweat
660 1284 44 21 that
716 1288 74 24 poured
800 1289 52 19 from
862 1296 59 20 every

487 1309 46 19 inch
544 1310 21 18 of
573 1309 32 20 his
615 1311 97 24 agonised
721 1319 85 14 carcase.

513 1335 11 19 I
534 1336 58 19 made
602 1336 34 20 tho
655 1338 48 18 door
712 1338 47 25 fast,
770 1340 98 25 pocketed
885 1342 35 20 tho

487 1361 60 25 pistol
563 1362 66 25 again,
642 1365 83 24 stooped
735 1371 47 14 over
791 1366 35 21 the
842 1373 76 21 enemy,

487 1387 38 19 and
536 1388 131 26 deliberately
677 1391 106 20 wrenched
796 1392 44 21 him
849 1393 27 26 by
886 1395 34 19 the

486 1414 159 26 nose—slapped
656 1415 41 21 him
708 1417 50 20 hard
769 1418 21 19 in
805 1420 35 19 the
850 1420 57 19 face-
915 1432 5 4 -

485 1439 73 21 lucked
567 1440 43 20 him
624 1443 144 27 energetically
778 1445 20 19 in
817 1446 35 19 tho
861 1446 42 20 ribs
914 1439 4 31 !

485 1465 42 21 Not
537 1469 35 17 out
582 1467 22 19 of
612 1469 57 24 potty
678 1475 94 21 rovenge,
784 1470 37 21 but
831 1473 19 20 to
860 1473 58 20 malic

485 1498 46 14 sure
541 1493 45 19 that
595 1493 25 20 ho
630 1495 65 25 really
704 1502 41 14 was
755 1497 21 19 in
787 1497 33 21 the
836 1500 52 19 state
898 1500 21 19 of

484 1517 130 23 indifference
633 1522 19 18 to
667 1522 148 27 contingencies
838 1524 68 23 charac-

484 1545 76 21 teristic
576 1545 21 21 of
611 1547 179 23 narcotic-irritant
803 1550 114 28 poisoning,

484 1571 57 21 Thon
559 1571 11 21 I
584 1571 24 22 lit
624 1580 35 19 my
673 1574 47 26 pipe
735 1575 39 22 and
797 1578 120 21 constituted

483 1597 74 27 myself
576 1605 25 14 an
611 1599 110 23 Executive
736 1601 83 23 Council
829 1604 20 21 of
868 1605 48 22 One,

483 1624 49 20 This
551 1631 47 15 man
617 1625 40 21 had
672 1629 58 20 eaten
741 1636 12 14 a
774 1631 37 19 htz,
831 1630 52 28 plug
896 1633 22 20 of

484 1651 62 20 about
569 1650 34 22 tho
622 1655 101 25 strongest
748 1656 81 21 tobacco
847 1656 22 22 in
883 1658 34 21 the

482 1676 70 22 World.
580 1677 40 21 His
639 1679 185 30 death—probable
838 1684 21 20 in
878 1691 39 21 any

483 1709 43 15 case
536 1711 60 14 -was
614 1705 76 21 certain
708 1708 17 20 if
741 1709 25 20 ho
781 1715 50 15 were
845 1709 37 22 loft
896 1714 21 18 to

483 1729 87 23 Limself.
598 1730 78 23 Should
686 1732 11 21 I
708 1741 40 17 use,
760 1742 24 13 on
795 1734 32 22 his
838 1735 76 28 behalf,

483 1757 54 20 what
546 1757 85 21 medical
641 1759 119 28 knowledge
769 1761 12 20 I
796 1765 103 23 possessed
908 1766 9 18 Y

511 1784 3 33 '
525 1784 33 19 No
569 1784 10 19 !'
590 1784 11 19 1
612 1787 99 24 repeated,
723 1794 23 12 as
755 1787 12 20 I
776 1788 72 21 looked
859 1796 26 21 up
896 1794 20 16 at

483 1810 34 19 tho
541 1811 156 27 saucer-shaped
716 1813 48 21 dent
782 1816 21 18 of
821 1815 34 20 the
870 1817 45 20 club

482 1843 55 19 upon
547 1837 34 19 tho
591 1837 85 21 massive
687 1838 114 29 housepost.
832 1837 4 30 '
846 1841 70 22 Better

482 1865 34 16 not
527 1863 45 25 givo
591 1864 42 19 him
643 1864 34 20 the
688 1865 74 21 chance
772 1868 21 18 of
810 1870 107 25 repeating

482 1888 45 21 that
545 1888 52 21 little
612 1888 139 28 experiment!
779 1894 38 19 Let
827 1895 34 19 the
877 1895 38 21 law

482 1915 92 20 —which
592 1916 17 19 is
626 1918 19 18 to
656 1924 36 18 say
706 1918 35 20 tho
758 1919 157 22 tobacco—take

483 1941 25 20 its
518 1947 69 14 course
598 1942 11 19 !'

508 1968 160 26 Voices—many
690 1971 177 23 voices—outside.
904 1975 11 19 I

483 1994 76 25 opened
569 1994 33 19 the
621 1995 54 20 door.
704 1996 65 22 There
779 2006 40 13 was
830 2006 10 13 a
857 2001 58 19 small

483 2021 65 18 crowd
558 2022 77 19 around
643 2021 155 30 it—jabbering
807 2026 40 19 and
859 2027 45 19 hust-

483 2046 43 25 ling
536 2046 48 20 each
595 2047 57 20 other
659 2055 22 13 as
692 2049 16 20 is
718 2050 40 19 this
765 2052 88 25 people's
863 2060 50 18 way.

482 2073 42 19 Not
531 2072 33 25 all,
574 2072 83 28 though.
687 2075 42 20 One
737 2076 32 20 old
777 2084 53 17 man,
838 2078 77 21 shorter

482 2098 50 20 than
542 2099 34 19 the
586 2100 73 23 others,
671 2102 40 17 and
720 2102 76 24 lighter
809 2104 21 18 of
839 2104 74 24 coloi'v,

483 2125 56 18 stood
550 2125 81 25 gravely
650 2126 89 20 forward
749 2135 22 12 as
788 2130 126 24 spokesman.

482 2151 34 19 He
534 2151 41 19 had
588 2151 59 20 made
665 2152 34 20 tho
713 2153 103 21 Macassar
831 2163 83 19 voyage,

483 2184 51 12 wore
553 2183 12 13 a
579 2177 47 23 kris,
647 2179 40 19 and
708 2180 62 25 spoko
793 2181 34 20 the
850 2182 65 26 Bugis

482 2203 70 25 Malay
562 2203 122 26 intelligibly
696 2206 86 26 enough.

511 2229 4 32 '
525 2229 87 21 Tumora
631 2236 41 14 was
691 2231 38 20 lost
741 2229 3 32 I
779 2234 42 19 Tho
843 2236 72 25 people

482 2262 51 13 were
548 2256 80 21 afraid!
656 2256 48 20 Had
722 2258 34 20 tho
766 2259 61 21 white
841 2264 74 17 master

482 2288 46 13 seen
538 2281 34 21 the
591 2285 58 21 great
659 2283 54 20 chief
722 2285 67 20 whose
805 2293 59 14 name
874 2295 41 13 was

482 2308 104 19 Tiimora-1
594 2309 37 19 Hue
642 2309 14 19 '?'

508 2335 43 19 The
571 2335 4 31 '
585 2335 61 20 white
660 2338 75 19 master
746 2335 4 31 '
768 2338 89 28 brought
872 2340 42 21 him

482 2361 27 24 in,
518 2361 65 20 closed
594 2361 33 20 the
637 2362 55 25 door,
704 2364 39 19 and
757 2366 83 24 pointed
851 2368 20 18 to
881 2367 34 20 the

482 2387 117 26 deplorable
630 2388 68 27 object
729 2397 26 12 on
787 2392 33 19 the
858 2393 56 21 iloor.

484 2414 4 27 '
498 2414 87 19 Tumora
604 2414 40 20 had
654 2416 89 25 angered
757 2417 35 20 the
808 2418 107 21 Weather-

482 2439 63 27 Spirit
555 2441 21 19 of
582 2441 34 19 the
626 2441 60 20 white
697 2449 52 18 men,
757 2444 41 19 and
808 2445 34 19 the
853 2446 63 26 .Spirit

484 2467 37 19 had
531 2467 73 19 turned
615 2466 31 21 his
655 2467 61 21 blood
726 2469 42 20 into
778 2477 73 13 water/

509 2494 5 11 '
524 2494 52 24 Apia
595 2493 60 20 Inihii
663 2494 12 19 !'
694 2495 40 19 and
755 2496 35 20 the
813 2497 33 19 old
868 2505 47 12 man

482 2519 77 20 shrunk
578 2526 56 19 away
646 2521 85 20 towards
746 2522 34 20 the
797 2523 54 20 door.
881 2525 35 19 'lt

482 2547 16 18 is
509 2553 48 13 even
569 2553 20 12 so
599 2546 4 25 !
698 2554 33 13 are
742 2548 34 20 the
786 2549 61 20 white
857 2557 45 13 men
911 2546 4 25 !

482 2572 62 20 Great
554 2573 17 19 is
578 2573 52 19 their
641 2572 73 29 Spirit!
743 2574 37 21 Let
790 2576 35 25 thy
836 2580 80 17 servant

482 2606 32 17 go,
525 2599 39 19 lost
573 2599 26 19 ho
609 2599 41 19 also
714 2599 3 24 '

508 2625 11 19 I
529 2625 65 19 throw
611 2632 51 18 open
674 2625 34 21 the
722 2627 54 24 door,
787 2629 40 19 and
843 2630 74 19 waited

482 2651 60 19 while
550 2651 25 19 ho
585 2651 107 26 explained
703 2653 20 19 in
731 2653 35 19 the
774 2654 51 20 Dine
834 2660 82 22 tongue.

482 2676 26 23 In
517 2677 45 21 half
572 2684 11 13 a
598 2677 41 23 min
643 2679 33 19 cite
684 2678 58 22 there
751 2681 72 19 wasn't
833 2688 12 13 a
861 2689 42 19 mop-

482 2703 53 19 head
558 2705 20 18 in
597 2704 129 25 sight—save
748 2712 77 14 one—a
847 2709 70 25 nearly

483 2729 59 20 black
565 2737 53 17 mati,
644 2731 44 19 who
712 2732 71 25 surlily
806 2735 56 18 stood
885 2735 32 19 his

483 2756 85 24 ground.
597 2757 97 19 Tattooed
701 2757 53 20 from
760 2759 55 20 wrist
825 2762 20 17 to
853 2761 64 19 elbow

483 2782 20 19 in
512 2782 92 21 brilliant
611 2783 77 20 scarlet,
698 2783 25 20 he
733 2791 71 20 swung
811 2787 106 24 carelessly

483 2811 20 16 to
527 2809 40 19 and
589 2810 32 17 fro
645 2810 34 19 the
702 2810 61 25 short,
788 2812 118 21 cauliflower-

484 2834 78 21 headed
585 2836 45 18 elul)
656 2836 21 20 of
707 2836 33 20 the
767 2837 40 21 Aru
829 2839 88 21 Islands,

484 2861 64 19 There
558 2868 51 13 were
620 2862 98 19 Aru-men
728 2863 22 20 in
759 2863 57 25 Dine,
837 2865 12 19 I
860 2866 57 19 know

484 2887 103 20 —follows
610 2887 48 21 with
672 2895 56 13 more
747 2890 41 24 grit
810 2890 50 21 than
883 2892 34 19 tho

484 2912 114 26 Dine-men,
610 2920 22 14 or
648 2914 38 20 less
703 2917 137 23 superstition.
869 2918 48 19 This

484 2946 47 13 man
550 2939 40 20 also
601 2940 11 19 I
631 2940 76 20 invited
722 2942 70 19 inside,
813 2943 46 25 and,
876 2944 41 20 still

484 2966 76 24 sulkily
569 2966 91 24 vigilant,
672 2968 26 18 he
708 2974 61 13 came.

510 2992 12 19 I
531 2992 73 20 turned
615 2994 19 18 to
641 2993 35 20 the
686 2993 33 20 old
729 3001 53 14 man.
812 2992 4 25 '
825 2996 43 20 Tell
877 2997 41 20 this

484 3018 82 24 fellow,'
589 3018 12 19 I
629 3019 134 26 began—and
792 3022 48 20 then
863 3030 55 14 came

484 3044 110 21 blankness
605 3044 4 21 !

564 3073 12 11 •f
629 3073 10 12 ■:■
693 3072 12 15 #
759 3074 12 14 #
823 3075 13 13 if

511 3099 5 10 '
524 3098 40 19 Hit
573 3104 39 17 you
623 3104 11 14 a
644 3098 135 21 short-armed
786 3100 52 22 blow
849 3109 25 13 on
884 3102 34 21 tho

484 3123 52 21 back
555 3124 22 19 of
596 3124 35 20 tho
649 3125 53 20 head
722 3132 23 14 as
767 3133 40 20 you
832 3129 85 25 turned,'

484 3150 132 27 Ponderjohn
637 3151 50 21 said.
725 3150 3 30 '
739 3153 71 27 Lucky
823 3154 33 19 for
878 3162 40 18 you

484 3177 73 25 you've
565 3178 37 25 got
611 3184 25 13 an
651 3177 54 22 Irish
715 3179 54 23 skull
781 3177 3 31 '
812 3180 53 21 That
884 3184 34 24 tap

485 3203 65 19 would
560 3203 52 21 have
622 3203 84 21 crushed
717 3208 54 17 mine
781 3206 40 20 like
834 3214 26 12 an
870 3213 39 15 eere-

485 3229 64 19 sholl.'
882 3218 26 16 bD

513 3255 4 29 '
528 3255 83 21 Thanks
622 3255 4 29 !
662 3257 42 19 But
724 3257 47 27 why
797 3258 66 22 didn't
885 3260 34 20 tho

485 3281 67 21 fellow
575 3282 60 20 finish
653 3290 31 12 mo
708 3284 58 21 when
784 3285 25 20 lie
832 3285 41 21 had
887 3294 32 13 me

486 3308 57 20 down
553 3307 15 21 ?'

513 3335 4 29 '
528 3335 61 23 Well,
600 3336 51 19 from
668 3337 55 19 what
732 3337 12 19 I
754 3344 37 13 can
807 3339 60 20 make
877 3341 40 23 out,

485 3366 52 19 your
555 3361 60 25 pistol
626 3362 97 26 exploded
734 3370 21 14 ns
769 3371 39 18 you
818 3365 42 24 fell,
880 3366 39 20 and

486 3387 25 18 he
529 3386 87 26 thought
625 3391 16 16 it
652 3396 39 12 was
701 3389 34 20 tho
750 3390 58 26 spirit
818 3391 45 19 that
878 3391 41 21 had

487 3412 111 21 bewitched
616 3413 94 27 Tumora,
720 3422 22 14 so
757 3416 25 20 lie
792 3417 69 20 bolted
879 3419 40 19 and

487 3440 36 18 loft
534 3439 35 18 tho
579 3439 53 20 chief
640 3440 47 20 here
722 3442 89 25 They've
821 3444 47 25 only
877 3445 42 24 just

487 3466 61 18 taken
567 3465 42 19 him
626 3472 62 20 away.
717 3467 64 21 What
795 3470 20 18 in
831 3471 88 19 creation

487 3492 34 19 did
531 3498 40 17 you
582 3492 46 24 give
638 3492 33 19 (he
682 3493 65 20 fellow
758 3493 14 20 '?'

515 3517 4 31 '
527 3517 89 20 Tobacco
623 3518 8 19 ?
659 3518 32 19 Ho
699 3521 32 17 ate
738 3526 12 12 a
760 3522 159 26 quarter-pound

489 3544 21 19 of
519 3544 45 19 that
574 3544 59 19 black
642 3543 108 27 Amboyna
761 3546 10 19 !'

515 3571 5 11 '
531 3570 59 19 Dovil
600 3570 26 19 he
635 3570 34 19 did
680 3570 4 24 '.
713 3571 140 22 Well—listen
864 3574 11 20 !'

515 3596 42 19 Tho
576 3596 87 19 infernal
673 3596 35 19 din
722 3597 52 19 from
793 3599 34 18 tho
846 3600 74 26 village

488 3622 48 19 took
559 3622 81 19 definite
663 3623 97 25 meaning
783 3631 50 12 now.
878 3627 42 19 The

488 3655 77 13 women
575 3655 51 14 were
637 3648 89 26 howling
735 3649 32 19 for
786 3650 33 19 tho
830 3651 60 20 death
901 3654 21 17 of

489 3681 11 13 a
510 3674 59 20 chief.

671 3701 61 22 Al/EX
741 3702 153 21 Mo.VJ'GOMEKY.

970 91 57 20 NOT
1041 93 55 20 TOO
1107 93 83 20 MUCH
1200 94 133 19 MARRIED
1341 95 35 20 TO

1123 120 97 19 ELOPE.

1166 157 11 11 ♦

982 175 19 18 A
1020 176 81 25 painful
1126 176 113 26 elopement
1262 184 45 13 case
1335 184 54 13 came

956 201 68 20 before
1035 202 34 19 the
1079 202 78 26 A'bury
1174 203 63 19 Court
1244 210 26 12 on
1291 204 97 24 Monday,

957 227 55 20 when
1053 228 7 12 r
1063 227 4 27 .
1089 228 47 21 Cuff
1157 235 39 14 was
1226 229 86 25 charged
1338 229 49 20 with

955 254 87 25 stealing
1075 254 34 21 the
1143 256 101 19 furniture
1266 256 22 19 of
1310 256 33 19 W.
1360 255 27 19 H.

956 280 90 25 Murray,
1056 281 22 19 of
1088 281 88 20 Temora.
1204 282 41 19 The
1262 283 125 23 prosecutor,

955 313 10 11 a
972 306 87 20 married
1070 313 44 14 man
1128 308 47 19 with
1186 310 33 17 leu
1239 308 95 23 children,
1345 308 40 19 said

954 334 83 18 accused
1067 340 38 12 was
1141 334 95 26 courting
1269 334 30 19 his
1323 334 64 19 eldest

955 358 105 25 daughter,
1069 360 37 19 but
1114 366 38 13 was
1160 360 80 19 refused
1248 360 35 19 the
1291 360 93 25 paternal

954 387 90 18 consent.
1074 386 32 19 On
1117 386 108 25 reluming
1237 386 56 19 homo
1305 393 25 12 on
1352 386 34 19 the

954 411 41 23 7th,
1006 412 82 19 witness
1098 412 62 20 found
1172 412 46 19 that
1236 412 29 18 his
1281 412 47 20 wife
1346 412 38 19 and

954 438 84 19 accused
1063 438 38 19 had
1129 439 76 24 eloped,
1244 438 72 25 taking
1350 438 35 19 the

954 463 102 20 furniture
1068 465 48 19 with
1123 465 60 22 them,
1194 463 41 20 and
1253 464 80 25 leaving
1352 464 32 19 the

954 489 96 21 children.
1078 492 30 18 At
1125 491 77 24 Albury
1223 490 31 19 bis
1281 489 45 21 wife
1345 491 38 18 and

953 516 84 19 accused
1056 523 53 13 were
1126 517 88 22 residing
1239 516 18 18 in
1277 515 35 19 the
1331 523 54 12 same

953 541 67 25 house,
1032 543 47 19 Cuff
1088 543 59 25 being
1156 543 67 24 passed
1234 542 29 18 off
1271 548 20 13 as
1299 542 34 19 her
1340 549 42 12 son.

953 567 48 19 Cuff
1008 568 42 20 said
1059 569 25 19 he
1092 569 34 19 did
1133 571 35 17 not
1175 567 50 21 steal
1235 568 32 19 the
1274 568 108 23 furniture,

952 594 38 18 and
1017 595 45 19 that
1082 595 17 19 it
1118 602 39 12 was
1176 602 20 12 m
1216 594 44 19 Mrs
1279 594 104 25 Murray's

952 627 57 12 name
1019 623 22 17 at
1048 621 34 19 the
1091 621 80 24 railway
1180 620 81 20 station.
1291 621 91 25 Murray,

953 646 42 19 who
1005 653 39 13 was
1055 654 52 12 move
1117 646 3 20 •
1131 649 19 17 to
1161 649 55 17 tears
1225 646 19 19 in
1252 646 32 19 ths
1293 646 79 19 witness-

952 672 43 24 box,
1006 673 42 20 said
1060 673 23 20 ho
1095 680 39 13 was
1150 680 44 13 now
1204 673 109 25 penniless,
1334 672 48 19 with

951 705 58 13 seven
1027 706 68 18 young
1114 699 88 20 children
1227 706 24 12 on
1268 699 30 20 his
1312 698 69 24 hands,

950 725 39 19 and
1001 724 46 21 that
1057 726 23 19 he
1091 726 65 19 would
1168 726 48 19 have
1227 728 19 16 to
1258 727 66 23 tramp
1332 724 50 20 back

950 754 20 15 to
982 750 90 22 Teinora.
1102 752 92 20 Accused
1215 759 38 12 was
1276 751 105 20 remauded

950 780 19 17 to
983 777 91 21 Temora.

1091 839 66 19 THRICK
1169 838 100 19 KISSED.

949 894 81 20 Defiant
1041 895 70 20 Youth
1122 895 54 23 leaps
1188 895 66 25 boldly
1267 894 64 24 I'ortb,

1027 928 87 18 conquer
1180 922 30 19 his
1221 929 40 11 vow
1270 921 4 25 ;

952 947 36 18 The
999 948 59 19 world
1071 947 49 20 shall
1133 948 50 19 bend
1194 948 33 19 the
1238 947 10 20 k
1258 954 29 12 ieo
1299 949 22 18 to
1332 946 46 26 him,

974 973 39 19 For
1022 974 53 24 hope
1085 974 35 19 has
1129 974 65 20 kissed
1204 974 31 19 his
1246 974 61 19 brow.

947 1004 132 26 Triumphant
1082 1005 71 21 Youth
1164 1006 61 25 proud
1232 1012 66 19 power
1305 1005 73 25 wields,

973 1031 48 19 Men
1033 1031 68 26 highly
1109 1031 22 21 of
1141 1033 39 18 him
1191 1032 59 25 speak
1260 1040 5 16 ;

952 1057 34 19 I'ho
997 1058 61 18 'world
1068 1058 35 18 has
1113 1059 48 19 bent
1172 1059 32 19 the
1215 1059 50 19 knee
1273 1060 20 16 to
1304 1058 46 25 him,

973 1084 40 19 For
1024 1084 55 19 Fane
1095 1085 34 19 has
1138 1085 65 19 kissed
1216 1085 29 19 his
1254 1084 70 20 cheek.

947 1115 97 20 Defeated
1054 1116 71 20 Youth
1137 1117 34 19 lies
1183 1122 61 21 prone
1254 1116 40 20 and
1305 1116 72 20 cold—

973 1142 59 19 Stark
1041 1144 20 18 to
1073 1143 34 19 the
1119 1143 125 26 finger-tips;

946 1169 44 18 And
1000 1168 24 19 he
1032 1169 20 19 in
1065 1170 47 18 turn
1122 1173 35 15 Ims
1167 1169 49 19 bent
1226 1170 33 18 the
1270 1169 56 24 knee,

971 1195 40 19 For
1021 1195 66 19 Deatli
1099 1195 35 20 has
1145 1195 64 21 kiiaed
1223 1195 28 21 his
1265 1196 44 25 lips.

945 1256 54 19 SHE
1018 1255 101 21 HEARD
1138 1256 135 20 NOTHING
1293 1256 82 20 DROP.

1037 1334 91 21 ma'am."

1005 1368 31 13 am
1048 1368 47 18 v«ry
1106 1361 51 19 tired
1169 1360 38 21 ard
1220 1362 9 19 I
1240 1368 31 14 am
1280 1362 61 26 Roitig
1353 1364 21 17 to

943 1387 25 19 lie
977 1388 57 19 down
1047 1388 31 19 for
1088 1394 25 13 an

1038 1414 91 20 ma'am."

1011 1441 10 19 I
1030 1440 72 21 should
1114 1440 78 27 happen
1201 1442 20 19 to
1228 1440 51 28 drop
1291 1441 34 26 off,
1337 1442 37 20 call

943 1474 29 13 me
983 1468 21 19 fit
1014 1467 37 20 five
1067 1467 82 20 o'clock.

967 1493 57 27 ''Zie,
1035 1493 91 21 ma'am."

967 1520 25 21 So
1011 1527 30 20 tny
1062 1520 45 27 lady
1127 1520 35 21 lies
1181 1521 63 25 down,
1263 1520 54 22 folds
1337 1521 37 22 her

941 1547 69 26 hand?,
1021 1548 64 20 closes
1097 1547 34 20 her
1146 1555 46 19 eyes
1202 1548 38 21 and
1252 1548 16 21 is
1286 1556 48 13 soon
1353 1548 20 23 in

941 1574 34 21 the
986 1574 46 21 laiid
1044 1574 21 22 of
1077 1574 83 22 dreams.
1189 1575 39 21 She
1244 1574 15 22 is
1272 1575 99 29 suddenly

941 1601 106 21 awakened
1059 1601 25 26 by
1105 1602 33 21 tbo
1154 1602 55 21 clock
1230 1601 87 29 striking
1336 1603 37 27 eis,

939 1628 40 21 and
989 1628 48 21 calls
1049 1628 125 28 indignantly
1183 1628 3 28 I

966 1681 56 27 '•Yi?i
1035 1682 78 21 ma'am.
1115 1679 4 29 1
1123 1679 3 29 '

1045 1707 66 22 didn't
1120 1715 40 21 you
1179 1707 39 23 call
1238 1717 30 14 me
1292 1713 21 18 at
1334 1711 39 21 fire

939 1734 83 25 o'clock,
1034 1743 21 13 as
1066 1736 11 19 I

1058 1762 77 24 ma'am,
1145 1770 24 18 ye
1178 1764 59 19 tould
1256 1771 30 13 mo
1304 1767 21 17 io
1336 1766 36 19 call

939 1795 23 18 ye
973 1789 16 19 if
995 1795 24 19 ye
1028 1790 91 24 dropped
1131 1786 28 23 oif
1171 1790 9 19 I
1193 1790 70 20 looked
1280 1791 21 20 in
1312 1798 24 13 on
1348 1799 25 18 ye

938 1818 22 16 at
969 1816 59 23 foive,
1038 1816 40 19 and
1089 1823 24 17 ye
1122 1816 69 19 hadn't
1200 1817 89 25 dropped
1301 1818 29 19 off
1350 1820 21 18 vt

938 1842 33 19 all.
1000 1842 30 20 Ye
1040 1849 40 13 was
1091 1842 49 26 lyin'
1160 1849 25 13 on
1202 1843 34 20 the
1252 1844 37 20 bed
1309 1845 20 19 in
1339 1845 33 19 the

938 1875 52 13 same
998 1869 63 26 place,
1073 1869 41 19 fast

1044 1927 55 19 MY
1126 1927 136 19 WIFE.

938 1980 86 25 Darling
1035 1980 47 19 wife
1091 1980 38 19 and
1140 1980 80 20 dearest
1232 1980 73 25 friend,

965 2007 87 24 Pledged
1065 2011 21 14 to
1097 2013 39 17 you
1147 2007 16 19 is
1184 2006 53 21 hand
1248 2008 38 18 and
1298 2008 57 19 licait
1367 2016 5 16 ;

939 2034 101 19 Constant
1050 2040 45 13 ever
1106 2036 21 17 to
1138 2034 33 19 the
1188 2034 45 23 end,

965 2060 44 19 One
1020 2059 50 20 we'll
1083 2060 23 19 he
1117 2060 31 19 till
1155 2060 59 19 death
1226 2060 50 19 shall
1289 2063 51 22 part.

939 2092 108 19 Cherished
1059 2092 40 19 e'er
1110 2092 47 19 with
1168 2092 83 19 fondest
1261 2093 63 25 pride,

965 2118 45 19 And
1021 2118 45 19 love
1076 2118 46 19 that
1132 2118 40 19 will
1183 2117 80 21 forever
1273 2121 52 24 slay,

939 2144 80 26 Alwnjs
1032 2144 62 24 thine,
1105 2151 32 18 my
1146 2144 79 26 darling
1235 2145 62 24 hride,

965 2172 75 18 Sorrow
1049 2178 47 12 over
1105 2171 75 19 driv'eu
1192 2177 60 20 away.

938 2203 64 19 What
1012 2203 62 19 carol
1086 2203 31 19 for
1129 2203 84 27 worldly
1219 2203 61 21 strife

965 2229 65 20 When
1042 2229 68 26 joined
1121 2232 21 16 to
1157 2230 52 24 thee,
1220 2236 32 19 niy
1263 2231 61 20 love?

939 2256 37 19 For
985 2259 60 16 sweet
1056 2257 20 17 to
1087 2263 31 12 me
1129 2256 34 20 the
1174 2256 63 20 bonds
1248 2257 20 19 of
1279 2257 34 19 life

964 2282 38 20 Till
1013 2282 85 20 Heaven
1106 2282 48 21 cells
1165 2290 23 12 us
1196 2283 68 20 above.

1129 2310 103 19 —A.E.B.
1240 2310 103 20 JIUfEHY.

1003 2360 19 21 A
1031 2360 140 21 MEASURE
1188 2360 34 21 OF
1239 2360 67 21 TRUE

1030 2387 242 22 THANKFULNESS.

939 2440 93 20 Between
1048 2440 35 20 tho
1104 2441 50 21 lines
1167 2442 34 20 tho
1231 2442 67 21 smoke
1318 2443 54 26 hung

990 2467 43 19 low.

939 2493 45 20 And
995 2493 60 20 shells
1067 2494 42 20 flow
1120 2495 113 25 screaming
1244 2497 20 19 to
1274 2496 40 20 and
1335 2496 37 24 fro,

966 2519 68 21 While
1044 2521 49 19 blue
1104 2528 22 12 or
1137 2529 48 19 gray
1193 2522 20 19 in
1220 2522 59 23 sharp
1288 2523 83 19 distress

964 2546 56 20 Eode
1040 2548 42 18 fast
1102 2547 52 21 their
1173 2549 99 20 scattered
1290 2549 50 20 linos
1351 2551 21 18 to

992 2580 54 19 press

940 2599 63 26 Again
1016 2607 53 19 upon
1080 2601 34 19 the
1124 2601 100 28 lingering
1237 2602 36 20 Foe.

941 2627 30 19 Pis
982 2629 44 23 past
1029 2627 66 19 —and
1104 2634 44 13 now
1161 2628 97 20 tho.roses
1269 2629 50 20 blow

941 2653 76 20 Wheio
1027 2660 40 13 war
1077 2660 39 13 was
1126 2655 78 26 waging
1218 2663 58 16 years
1287 2663 36 18 ago
1333 2653 4 28 ;

966 2680 45 19 And
1023 2680 78 25 nought
1111 2681 61 20 exists
1184 2689 45 13 save
1240 2681 129 22 frieudliuess

994 2706 95 21 Between
1100 2707 34 19 the
1144 2708 57 20 lines.

939 2733 27 19 To
976 2740 41 19 you
1027 2733 43 19 who
1082 2734 56 20 made
1149 2735 33 19 tho
1203 2736 94 19 traveller
1314 2736 57 19 know

940 2759 25 20 In
978 2759 97 20 southern
1097 2759 66 22 homes
1175 2761 42 20 how
1237 2769 58 13 warm
1306 2763 67 19 hearts

992 2786 49 25 glow-

966 2813 39 19 Let
1013 2820 48 12 even
1071 2813 39 19 this
1120 2813 78 27 halting
1217 2822 59 12 verse
1293 2822 81 19 express

966 2841 58 18 Some
1032 2846 102 14 measures
1143 2840 21 20 of
1171 2842 46 19 true
1222 2841 152 26 thankfulness,

943 2866 43 19 And
996 2866 97 24 grateful,
1106 2867 69 23 loving
1187 2874 87 21 memory
1291 2869 54 19 show

993 2893 95 20 Between
1101 2893 33 19 the
1146 2894 56 19 lines.

1099 2920 126 21 —WiITETI
1236 2918 111 23 Leabnkd.

1037 2977 82 21 FIRST
1126 2978 60 20 AND
1197 2978 74 21 LAST.

966 3030 56 20 Hero
1032 3030 16 20 is
1060 3037 10 13 a
1081 3030 49 20 kink
1138 3033 21 18 to
1168 3032 111 25 straighten
1292 3036 41 22 out,

994 3058 16 18 A
1023 3058 148 19 contradiction
1182 3061 52 18 vast.

969 3083 51 19 How
1031 3090 16 12 is
1058 3083 18 20 it
1086 3086 45 18 that
1142 3085 19 19 in
1175 3085 81 26 making
1266 3086 58 19 hoots

993 3109 41 21 The
1041 3110 46 20 first
1096 3110 59 27 thing
1165 3112 16 19 is
1193 3112 34 20 the
1238 3112 38 20 last
1285 3120 8 13 r
1293 3109 2 28 1

1188 37 56 20 THE
1258 36 60 22 HOT
1333 37 92 21 LAKES
1440 38 173 25 CHRONICLE,
1630 39 190 24 WEDNESDAY,
1834 39 156 20 FEBRUARY
2009 39 31 24 27,
2055 39 49 20 1&0-5

623 3766 57 20 when
692 3767 25 18 do
728 3774 40 16 you
778 3766 59 20 think
848 3774 11 12 a
878 3774 43 12 man

490 3792 73 25 weighs
575 3794 52 18 mo?t
673 3792 62 20 asked
755 3800 11 13 a
787 3792 76 27 patient
880 3794 42 19 who

491 3826 38 12 was
540 3819 125 25 undergoing
684 3826 10 13 a
715 3826 70 13 course
804 3819 21 20 of
844 3820 78 25 dietary

491 3846 115 20 treatment.
734 3845 24 20 he
776 3847 55 24 steps
851 3852 25 14 on
892 3853 30 19 my

582 3872 100 19 answered
696 3871 34 20 the

517 3906 45 20 Mrs
574 3906 110 20 Turnhull:
701 3906 52 19 "It's
773 3908 34 18 too
822 3906 37 20 bad
880 3907 45 19 that

491 3939 50 17 your
548 3933 90 20 husband
647 3932 68 20 cutoff
723 3932 31 21 his
758 3932 80 26 flowing

494 3959 45 19 Mrs
550 3960 87 23 Crimplc
645 3959 3 24 :
727 3959 38 20 but
774 3959 23 20 lie
809 3959 38 20 had
868 3963 21 16 to
900 3960 24 19 do

492 3985 15 19 it
516 3985 4 27 j
531 3986 11 19 I
558 3992 47 15 cave
623 3986 40 19 him
680 3993 12 13 a
710 3985 92 21 diamond
824 3986 99 26 scarf-pin

492 4011 30 20 for
532 4019 11 12 a
553 4012 94 26 birthday

510 4052 56 20 Kvery
574 4057 57 16 person
640 4052 56 17 ih'tlila
712 4052 66 17 district
796 4054 57 15 should
870 4054 39 14 send
917 4059 7 9 n

492 4076 40 15 copy
543 4073 18 15 of
575 4073 27 15 the.
619 4073 42 15 New
675 4073 71 17 Zealand
762 4073 75 19 Cookery
854 4073 47 15 liook
910 4074 15 14 to

499 4091 36 17 hojr
544 4092 66 17 friends.
632 4092 15 16 A
665 4096 45 13 more,
728 4092 55 17 useful
796 4092 67 21 present
877 4092 48 16 could

506 4116 9 10 o
530 4111 20 17 bo
558 4112 128 16 fouud.—Advt

949 3162 70 24 'Clara,
1030 3162 11 19 I
1052 3163 44 19 love
1107 3163 36 20 but
1156 3163 43 20 tbee
1211 3163 81 22 alono!'

969 3188 52 21 Thus
1030 3189 70 26 sighed
1112 3189 33 21 tlio
1155 3190 67 26 gentle
1229 3191 69 26 youth,

1003 3215 47 20 hear
1058 3223 37 15 me,
1102 3219 55 21 then,
1166 3224 32 18 my
1209 3217 79 25 passion
1298 3226 50 13 own.

969 3241 57 21 With
1046 3242 110 27 trembling
1172 3243 39 26 lips
1229 3245 40 19 aud
1290 3247 81 19 earnest

996 3271 53 22 tone,

968 3294 11 19 I
989 3301 62 14 swear
1062 3296 11 19 I
1083 3296 61 26 speak
1156 3297 34 19 tlio

944 3321 31 19 He
981 3322 114 25 paused—a
1115 3323 57 20 blush
1192 3325 71 25 spread
1279 3325 42 20 o'er
1339 3325 34 20 her

996 3348 68 20 cheek.

968 3374 40 20 She
1018 3374 28 20 let
1057 3374 39 21 him
1108 3376 54 20 draw
1174 3376 35 20 her
1220 3384 54 13 near.

943 3400 70 21 Scarce
1024 3401 31 19 for
1073 3403 86 19 emotion
1180 3403 59 20 could
1255 3405 34 19 she
1300 3405 59 24 speak
1370 3400 3 29 ;

968 3428 42 19 Yet
1021 3428 34 19 she
1067 3428 31 20 did
1111 3429 35 20 ask
1157 3429 19 20 in
1187 3433 81 17 accents
1277 3431 64 25 meek,

944 3455 63 19 'How
1018 3454 59 20 much
1089 3455 49 20 bare
1147 3463 40 18 you
1198 3463 11 13 a

1045 3487 16 20 is
1073 3494 9 12 a
1093 3487 75 27 toper's
1176 3495 47 14 nose
1234 3489 40 21 like
1281 3497 25 13 an
1318 3490 59 26 apple

943 3516 43 18 tree
996 3514 19 19 in
1027 3513 31 21 the
1071 3514 69 26 spring

1045 3540 17 21 it
1074 3548 32 19 up.

1058 3567 33 21 it's
1103 3570 36 23 got
1149 3577 12 10 :i
1171 3569 85 20 blossom
1268 3576 25 13 on

970 3602 90 26 Adoring
1072 3603 44 20 Ono
1128 3603 30 25 (in
1168 3604 94 20 lavender
1281 3605 45 20 kids
1337 3607 38 19 aud

944 3635 11 12 a
964 3628 47 19 blue
1022 3630 63 23 start)
1089 3630 72 21 —'Oh
1173 3630 43 20 how
1225 3631 7 19 }
1248 3632 48 19 wish
1308 3633 45 19 that
1366 3634 7 18 I

946 3661 48 12 were
1013 3654 45 20 that
1077 3656 58 24 book,
1161 3657 63 20 which
1233 3664 41 14 vou
1293 3660 44 25 clap
1356 3666 8 12 s
1374 3654 2 31 ■

972 3706 65 20 Sho—
1113 3709 11 18 I
1133 3709 47 19 wish
1188 3717 40 17 you
1237 3717 57 19 wore,
1305 3720 20 12 so
1332 3712 46 20 that

946 3733 10 18 I
967 3732 58 19 could
1036 3734 48 19 shut
1094 3741 39 17 you
1145 3742 33 16 up.

947 3759 22 19 In
982 3758 33 20 the
1025 3759 107 27 gloaming,
1141 3761 30 25 oh,
1183 3769 31 13 mv
1225 3764 85 24 darling,

1048 3785 35 20 the
1093 3786 63 26 lights
1166 3794 33 14 are
1207 3789 40 20 dim
1258 3790 38 20 and
1307 3791 44 25 low,

950 3811 52 19 Hear
1013 3817 50 19 your
1074 3812 99 21 brother's
1181 3815 54 19 voice
1244 3818 134 25 announcing,

1057 3838 78 26 Mary's
1142 3844 35 20 got
1187 3847 10 12 a
1208 3841 71 20 beau.''

966 3872 45 17 Pure
1018 3872 53 16 Blood
1084 3874 14 15 is
1110 3875 28 14 t.ho
1146 3876 53 15 secret
1211 3876 19 15 of
1241 3877 55 15 health
1305 3878 45 15 —Dr
1366 3879 14 14 E

950 3891 82 17 Gordon's
1042 3892 76 17 BLOOD
1129 3894 63 15 PILLS
1203 3896 64 15 olonnso
1281 3896 28 16 tho
1321 3897 59 20 system

949 3911 17 15 of
973 3911 22 16 a.ll
1002 3912 64 18 iiiipuro
1077 3912 54 19 hlood,
1146 3918 39 11 euro
1195 3914 109 20 Indigestion,
1316 3917 55 15 Consti-

950 3931 63 19 pation,
1026 3931 50 15 Liver
1088 3931 99 21 Complaint,
1203 3933 52 17 Pains
1265 3934 16 16 in
1295 3935 41 16 uaok
1349 3936 31 15 and

950 3950 49 19 side?,
1018 3950 106 19 Biliousness,
1147 3951 38 16 Sick
1197 3950 101 21 Headache:
1316 3959 65 12 vomnve

951 3969 75 21 pimples,
1038 3969 81 20 Scrofula,
1129 3969 68 21 Scurvy,
1204 3972 32 16 cot.
1258 3972 53 20 Large
1319 3973 37 19 box,
1363 3975 17 14 0?

951 3990 34 15 two
991 3989 56 18 boxes,
1065 3990 35 15 10s;
1112 3991 37 18 post
1163 3990 39 15 free.
1223 3991 16 16 ,T.
1256 3992 26 15 W.
1299 3992 81 17 Ojiivioa

951 4009 33 17 box
991 4008 35 16 281.
1035 4008 84 16 Bnnedin.

971 4027 211 17 EHETJM-A.TISM.-Dr
1194 4029 19 16 E.
1222 4029 81 18 Gordon's
1317 4031 65 20 remedy

951 4051 60 13 Sfti.in
1028 4051 50 12 tails
1094 4048 17 15 in
1129 4049 115 19 permanently
1260 4050 59 20 curing
1330 4051 42 15 Rheu-

952 4066 71 19 matism,
1036 4066 92 21 Lumbago,
1138 4068 81 20 Sciatica,
1231 4067 50 22 Gout,
1293 4071 38 17 etc.,
1352 4070 30 16 nnd

959 4087 76 16 nebottlo
1044 4086 46 20 gives
1098 4087 53 15 relief.
1173 4087 54 18 I'iiee,
1236 4088 31 20 10s,
1274 4091 39 14 nost
1321 4090 60 15 free.—

954 4107 27 16 W.
992 4106 87 19 Clayton,
1090 4105 72 19 P.OBox
1173 4106 35 20 231,
1218 4108 84 16 Euncdin.

1399 106 34 39 \<i
1454 105 128 36 Rotoitl
1628 105 171 37 Sawmill,
1815 118 24 23 i*

1414 179 132 47 WHITE
1566 179 61 20 AND
1654 179 54 20 RED
1729 178 66 19 PINE
1818 178 21 19 of

1504 205 34 20 the
1549 205 60 20 finest
1628 205 78 25 quality
1725 204 41 19 and
1784 211 44 12 care-

1407 231 52 26 fully
1470 234 40 17 cut.

1579 258 80 19 ALSO

1407 279 99 23 MATAI,
1535 279 137 19 PUKATBA
1687 277 39 19 and
1753 277 86 19 TAWA

1405 304 100 26 Shingles,
1522 304 99 26 Palingep,
1642 304 71 19 Blocks
1724 303 40 19 and
1772 303 65 20 Posts.

1446 353 11 20 A
1465 353 41 26 good
1515 353 32 20 and
1557 352 75 21 assorted
1646 352 60 26 supply
1714 352 64 26 always
1790 357 21 15 on

1492 377 44 22 hand
1542 378 18 20 at
1570 377 27 21 the
1606 377 66 21 Timber
1687 378 49 21 Yard.

1551 402 150 30 r^orpoi^UA.

1405 446 53 19 N.B.
1461 444 124 26 —Special
1599 450 58 14 care
1666 444 75 21 taken
1760 446 22 19 in
1794 444 42 21 the

1487 472 145 24 seasoning.

1433 511 85 39 Prices
1546 511 24 38 at
1592 510 105 40 Current
1720 510 86 44 Rates,

1520 589 35 21 W.
1570 590 157 24 HENSHAW,

1701 616 108 26 Manager.

1471 679 91 30 H.C
1583 679 193 33 WRIGHT,

1477 726 137 19 SUIIGEON
1626 726 129 21 DENTIST.

1452 779 116 23 (Successor
1579 779 21 18 to
1611 781 28 16 A.
1652 778 20 21 L.
1684 778 102 26 Wright),

1428 830 88 20 Notifies
1526 830 44 20 that
1583 830 23 19 he
1625 831 17 18 is
1661 831 121 25 continuing
1800 830 34 21 the

1401 856 93 20 business
1504 856 21 21 of
1536 864 10 11 a
1557 856 85 20 Dentist
1651 860 22 17 at
1683 859 34 18 tho
1728 858 105 19 Premises.

1400 882 228 25 SHOKTLAND-ST.,
1644 884 85 19 assisted
1750 884 26 25 by
1794 884 39 19 Mb

1400 910 33 19 W.
1444 910 28 18 11.
1482 909 106 20 Wright.
1607 909 43 20 The
1661 910 109 26 liigb-class
1780 910 51 19 work

1399 935 21 20 of
1433 936 35 19 the
1478 936 41 19 late
1529 935 35 20 Mr
1573 936 25 18 A.
1611 936 22 19 L.
1644 936 86 26 Wright
1750 936 39 19 will
1809 936 24 19 be

1399 961 88 21 adhered
1498 962 26 25 to,
1534 962 37 19 and
1583 969 38 17 any
1633 963 39 19 left
1682 963 115 19 unfinished
1807 963 24 24 by

1405 988 37 19 bat
1453 987 116 27 gentleman
1582 988 39 19 will
1642 990 24 19 be
1682 988 111 28 completed
1806 989 24 22 by

1493 1014 34 20 tho
1537 1021 41 13 new
1590 1018 148 23 management.

1468 1075 214 31 Established
1703 1084 61 19 is/g-

1463 1133 95 37 John
1590 1132 35 37 J.
1656 1131 106 46 Keys,

1397 1188 120 28 Builder
1550 1186 58 27 and
1642 1186 186 32 Contractor,

1465 1223 296 29 EOTORUA.

1395 1261 109 18 Estimates
1522 1259 57 25 given
1595 1258 33 19 for
1642 1256 112 26 Buildings,
1766 1256 51 21 alter-

1412 1287 77 20 tations
1499 1286 37 19 and
1548 1284 76 25 repairs
1634 1285 20 18 in
1666 1284 25 19 all
1703 1283 97 20 branches

1602 1362 176 20 PUPNKSHER.

1893 126 29 30 J.
1947 125 36 30 H.
2007 124 249 36 BUCHANAN,

1898 172 117 21 STONE
2030 171 216 22 MERCHANT.

1955 205 170 18 ESTABLISHED
2136 207 46 15 1802.

1858 254 104 23 Statuary.
1983 254 143 18 Monumental
2148 253 38 18 aed
2205 252 84 19 General

2029 275 79 18 Mason.

1885 297 118 20 MARBLE
2020 297 62 19 AND
2102 294 163 22 FREESTONE

1858 329 137 20 CHIMNEY
2015 329 106 22 PIECES,
2136 327 98 23 MASES,
2246 327 43 19 Etc.

1899 364 129 31 VICTORIA
2048 362 109 31 STREET
2183 362 72 35 EAST,

1948 405 249 33 AUCKLAND.

1882 472 65 24 Dosig
1990 470 38 19 ami
2049 470 67 19 Prices
2133 468 112 20 forwarded
2265 475 24 12 on

1855 497 123 27 application
1989 499 22 17 to
2020 503 38 19 any
2069 498 47 24 part
2122 495 22 20 of
2149 495 37 20 the
2191 494 98 21 Province

1856 524 82 24 Colony.

1879 599 69 46 W.
1974 595 288 54 THOMAS,

1860 659 76 23 MOK
1943 659 48 21 UJW
1997 658 120 21 BKTAIi
2129 656 124 22 MASON.

1985 727 170 20 AUCKLAND.

1888 781 93 25 Orders
2001 779 28 25 in
2049 778 110 29 Marble,
2180 778 108 23 Granite

1853 816 49 23 and
1912 814 85 28 Stone,
2009 813 131 33 promptly
2150 811 51 25 and
2207 810 66 25 faith-

1855 847 65 29 fully
1933 846 133 26 executed.

1880 907 110 33 Designs
2002 906 51 25 and
2065 912 80 26 price?

1985 938 158 33 application

1912 1038 90 31 GEO
2032 1037 31 31 S.
2082 1035 143 37 WOOD,

1945 1082 80 18 EPSOM
2045 1080 142 19 AUCKLAND.

1888 1120 121 21 iiuilricr
2024 1119 22 20 &
2059 1117 194 23 Contractor.:

1875 1226 85 20 Houeoa
1967 1224 54 20 built
2030 1224 40 19 and
2088 1222 113 20 Furnished
2213 1221 19 21 in
2243 1228 39 19 any

1870 1253 35 19 ,vlo
1915 1254 23 17 at
1948 1253 70 17 lowest.
2029 1250 62 20 Rates
2102 1249 32 19 for
2143 1249 58 19 Cash.

1851 1305 111 19 Furniture
1981 1303 21 19 of
2022 1310 37 17 any
2081 1303 132 22 Description
2235 1308 5 12 s

1900 1330 55 24 plied
1966 1331 21 19 at
1997 1331 72 17 lowest
2079 1329 65 23 prices
2155 1329 22 18 at
2196 1327 34 21 tbe

1967 1357 92 18 Shortest
2082 1355 80 19 Notice.

1591 1554 35 21 Sis
1637 1553 58 22 miles
1705 1552 53 23 from
1767 1551 57 23 Lake
1834 1551 70 28 Taupo
1915 1549 99 29 (Eotorua
2025 1547 59 29 Bide),

1519 1594 221 35 SUPERIOR
1772 1588 389 39 ACCOMMODATION

1585 1643 55 22 ALL
1650 1643 58 22 THE
1719 1639 144 26 COMFORTS
1873 1639 35 23 OP
1920 1639 16 23 k
1946 1636 81 24 SOME
2038 1637 56 22 FOE

1545 1683 215 35 TOURISTS
1798 1681 89 33 AND
1922 1678 208 33 INVALIDS.

1806 1742 12 8 -a
1821 1742 28 9 to-
1910 1742 3 9 ■

1392 1774 70 27 Hot
1477 1771 203 32 Swimming
1693 1768 109 28 Baths
1938 1766 71 26 Hot
2021 1760 141 32 Douche
2174 1761 110 28 Baths

1693 1801 118 29 Grand
1830 1799 151 28 Climate.

1496 1842 301 30 Elevation—l3so
1817 1841 68 26 feet
1898 1839 109 27 above
2018 1844 59 21 sea
2087 1835 97 31 level.

1393 1920 258 31 COMPETENT
1668 1920 162 28 GUIDES
1842 1926 155 25 accompany
2009 1917 107 25 tourists
2126 1917 26 23 to
2161 1915 45 23 the
2216 1912 55 26 vari-

1492 1966 46 16 ous
1552 1958 84 31 places
1650 1956 26 24 of
1688 1956 118 29 interest,
1820 1953 87 26 which
1914 1952 75 25 baffle
2002 1951 45 24 the
2060 1951 66 23 most
2138 1947 76 26 facile
2224 1955 58 24 pen,

1492 1991 51 25 and
1555 1999 47 16 can
1614 1990 61 32 only
1689 1989 31 25 be
1733 1987 109 26 realized
1854 1987 76 24 when
1948 1993 68 17 seen.

1527 2036 87 29 MRS
1628 2036 38 27 R.
1686 2033 196 32 GBAHAM,
1902 2031 245 33 Proprietress.

1633 2095 5 2 .

1392 2125 194 26 GEYSER
1602 2122 193 25 VALLEY
1807 2121 93 21 contains
1907 2120 36 20 the
1951 2119 105 25 following
2064 2114 121 29 unequalled
2194 2113 90 22 Natural

1472 2152 92 20 wonders
1574 2150 157 23 :—Tuhuatnbi,
1753 2156 22 12 or
1795 2149 66 19 Grout
1880 2147 133 25 Champagne
2032 2144 120 23 Cauldron;
2166 2141 117 20 tbe'Groat

1470 2177 105 22 Wairakei
1585 2177 80 26 Geyser
1674 2169 4 34 ;
1687 2175 35 21 the
1733 2175 88 25 Doukey
1832 2174 80 25 Engine
1922 2169 3 34 ;
1937 2173 34 19 the
1981 2171 85 20 Fairies'
2075 2171 53 20 Bath
2139 2169 4 34 ;
2154 2169 34 18 the
2199 2169 73 23 Lightn-

1471 2205 38 24 irg
1520 2205 47 19 Pool
1578 2194 3 35 ;
1595 2203 34 20 the
1639 2202 90 21 Cascde
1743 2201 84 26 Geyser,
1842 2208 22 12 or
1876 2198 102 28 Dragon's
1990 2198 70 19 mouth
2071 2194 3 35 ;
2086 2196 36 21 the
2129 2194 59 22 black
2200 2195 85 24 Geyser;

1472 2230 94 21 tbeMud
1578 2229 93 24 Geyser;
1689 2228 36 20 tbe
1734 2227 54 21 Blue
1797 2227 57 21 Lake
1863 2236 5 16 ;
1877 2226 35 20 the
1932 2226 32 19 Oil
1977 2224 66 22 Bath;
2062 2224 36 20 tbe
2120 2220 80 28 Eagle's
2218 2220 68 25 Neat;

1472 2259 36 18 the
1519 2255 78 22 Devil's
1607 2255 72 21 Punch
1691 2255 55 19 Bowl
1759 2247 3 32 ;
1774 2254 35 20 the
1820 2253 73 21 Prince
1907 2252 22 20 of
1939 2252 77 19 Tfules'
2027 2250 112 24 Feathers;
2147 2249 33 18 the
2196 2247 89 23 Mirror;

1472 2285 33 19 die
1515 2283 56 21 Twin
1581 2283 78 25 Geyser
1670 2274 4 34 ;
1686 2281 34 20 the
1732 2281 60 20 Coral
1804 2281 78 25 Geyser
1893 2274 4 34 ;
1908 2278 35 21 the
1954 2278 67 20 Green
2037 2277 63 23 Bool;
2119 2274 132 24 Terekerehe,
2264 2280 21 13 or

1472 2310 48 22 Hell
1635 2309 36 19 the
1681 2308 69 20 Steam
1762 2307 105 20 Hammer.
1896 2304 85 21 Guide's
1992 2305 32 20 fee
2035 2306 21 17 to
2067 2305 80 24 Geyser
2166 2300 79 26 Val.ey,
2256 2302 28 22 ss;

1472 2338 92 19 distance
1575 2336 51 19 from
1637 2335 36 19 the
1682 2335 63 23 hotel,
1755 2341 38 13 on.i
1804 2333 52 20 mile.

1393 2400 95 24 -j-|_j|=:
1510 2395 339 28 AREATEATEA
1882 2401 21 14 or
1916 2393 80 21 Ladder
2007 2392 84 26 Rapids.
2121 2390 41 21 The
2180 2389 103 21 Grandest

1472 2429 80 26 Uapids
1562 2429 20 20 in
1592 2428 36 20 the
1639 2427 103 21 Southern
1753 2426 149 26 Hemisphere;
1912 2424 74 26 falling
1999 2425 19 18 in
2039 2424 28 19 six
2087 2422 86 21 distinct
2192 2420 91 21 cascades

1472 2458 94 24 amongst
1583 2455 60 21 weird
1657 2454 39 20 and
1708 2453 75 27 rugged
1800 2459 89 19 scenery.
1919 2452 96 21 Distance
2027 2450 50 20 from
2090 2450 35 19 the
2145 2448 62 23 hotel,
2227 2447 55 20 three

1473 2483 63 21 liiiha.
1565 2481 75 21 Saddle
1650 2481 70 20 hor&cs
1736 2483 21 17 to
1769 2480 46 20 visit
1825 2480 33 19 the
1868 2478 83 27 Rapids,
1962 2478 22 20 7s
1997 2478 24 19 (>A
2032 2478 54 19 each.

1394 2530 224 26 KERAPITI
1648 2535 22 14 or
1681 2528 34 21 the
1724 2528 79 21 Devil's
1813 2528 97 25 Trumpet
1921 2527 16 20 is
1954 2527 42 19 said
2018 2528 19 17 to
2059 2525 50 21 emit
2129 2532 10 12 a
2161 2530 55 18 press

1473 2558 70 21 1801bs
1555 2558 20 18 of
1590 2560 63 16 steam
1666 2558 19 17 lr
1698 2556 33 19 the
1740 2555 52 22 inch,
1808 2554 51 20 from
1870 2561 25 12 an
1912 2554 96 25 aperture
2018 2552 21 20 of
2060 2553 64 19 about
2145 2553 22 17 12
2185 2551 31 19 inc

1472 2584 104 20 diameter.
1604 2582 100 21 Distauco
1717 2581 54 20 from
1782 2580 56 21 hotel
1845 2580 57 21 three
1912 2581 39 19 and
1964 2587 12 13 a
1985 2579 43 21 half
2038 2579 56 20 miles
2102 2587 5 15 ;
2128 2577 69 21 saddle
2215 2576 5 19 1

1472 2613 21 18 to
1506 2612 47 19 vibit
1564 2610 35 20 the
1609 2610 68 23 above,
1690 2608 53 19 2s(id
1755 2608 55 19 each.

1396 2673 96 25 THE
1514 2671 132 25 HUKA
1665 2670 170 30 FALLS,
1854 2668 35 21 the
1906 2669 14 19 G

1473 2703 140 24 Hemisphere.
1642 2702 42 19 The
1696 2700 55 21 Falls
1762 2707 44 19 may
1821 2701 25 19 be
1856 2700 64 20 visitet

1933 2667 77 21 •andest
2025 2667 52 20 Falls
2088 2667 19 20 in

1935 2706 25 12 on
1972 2698 33 20 the
2016 2705 52 12 same
2076 2704 30 16 ex]

1474 2757 59 19 horse
1541 2763 21 12 or
1573 2755 69 23 buggy
1658 2756 22 18 2s
1690 2754 25 20 9d
1726 2753 55 21 each.

1446 2968 393 49 PHLHC6
1895 2965 339 49 HOTGL.

1556 3050 83 33 (Both
1653 3051 103 24 Houses
1769 3050 81 25 under
1865 3057 69 17 same
1942 3045 195 34 management)

1395 3125 200 33 Pleasantly
1615 3125 165 29 situated.

1436 3163 221 33 Magnificent
1668 3165 91 26 view
1768 3163 36 28 of
1809 3162 111 28 Maori
1930 3162 46 26 Pa
1987 3160 27 28 &
2024 3160 156 28 Rotorua
2192 3157 91 28 Lake

1496 3206 70 27 Hot
1576 3206 149 27 Mineral
1739 3206 27 27 &
1782 3205 155 33 Sulphur
1949 3202 109 29 Baths
2069 3202 37 27 in
2122 3200 161 35 grounds.

1851 3257 17 12 -

1465 3302 198 46 Buggies
1682 3304 44 33 to
1746 3302 299 34 Government
2063 3297 150 41 Baths.

1675 3402 208 30 •rcmsisi

1937 3454 279 31 PROPRIETOR.

1668 3684 349 30 TKURKNGK

1398 3725 81 41 Smith
1508 3723 48 40 and
1574 3722 115 49 Carriage
1712 3720 106 44 Works,
1848 3719 81 40 Coach
1956 3720 48 39 and
2035 3719 111 51 Waggon
2181 3720 103 50 Factory

1604 3788 215 23 ESTABLISHED
1835 3788 80 20 OVER
1933 3788 26 20 10
1973 3786 106 22 YEARS.

1418 3840 36 16 Tlie
1463 3838 116 22 undersigned
1588 3843 28 11 are
1624 3836 139 18 manufacturers
1772 3835 18 17 of
1798 3836 22 15 nil
1830 3836 61 16 classes
1900 3835 17 17 of
1927 3835 79 17 Vehicles
2015 3835 13 16 &
2038 3835 11 16 &
2069 3835 89 17 ricultwal
2167 3835 117 26 Implements,

1476 3860 100 17 roll-known
1585 3858 98 22 reputation
1692 3863 19 10 as
1719 3857 84 16 Practical
1818 3856 101 18 Meolianioa
1936 3856 33 16 and
2065 3857 9 16 7
2089 3862 51 16 years
2152 3856 99 22 experience
2270 3857 17 15 iu

1468 3880 87 17 .U-alaSian
1563 3880 85 19 Colonics,
1656 3878 65 23 justify
1728 3878 47 19 us.in
1792 3878 81 21 claiming
1886 3879 38 15 that
1940 3883 24 10 we
1981 3883 32 10 can
2027 3877 67 17 furnish
2111 3883 10 11 a
2138 3878 54 16 better
2208 3878 44 16 class
2270 3878 17 15 of

1400 3902 78 19 vohiclbs,
1487 3901 94 17 consistent
1590 3901 42 16 with
1639 3901 62 15 honest
1709 3900 47 15 work
1764 3900 19 16 at
1792 3905 9 10 a
1810 3899 73 21 cheaper
1894 3901 37 14 into
1940 3899 40 15 than
1991 3904 32 11 anv
2033 3896 18 19 of
2059 3904 31 11 our
2100 3899 116 21 competitors.

1420 3922 38 17 The
1463 3922 64 17 Public
1534 3922 37 16 will
1579 3921 38 16 find
1623 3921 16 16 it
1649 3925 19 12 to
1682 3920 45 16 their
1743 3920 98 21 advantage
1856 3922 17 14 to
1890 3919 149 17 ENCOURAGE
2058 3920 81 16 .LOCAL
2158 3918 129 22 INDUSTRY,

1400 3944 56 16 where
1468 3944 41 19 they
1522 3948 30 10 can
1560 3943 44 15 hnvu
1611 3941 28 17 the
1646 3942 79 20 plensuro
1733 3942 18 15 cf
1759 3941 59 21 seeing
1832 3942 91 15 iirst-class
1940 3940 77 17 material
2030 3946 35 11 an-*
2081 3941 127 20 workmanship
2224 3942 33 19 put
2270 3940 17 16 iu

1399 3964 80 18 Vehicles
1486 3964 50 16 made
1545 3964 17 15 to
1571 3963 43 15 their
1621 3962 62 15 valued
1691 3962 64 15 orders.

1421 3986 47 18 N\ls.
1470 3984 103 18 —Vebiolos
1580 3983 17 16 of
1604 3983 23 16 all
1636 3983 114 21 desorjptious
1761 3983 84 21 repaired,
1856 3983 77 21 painted,
1945 3983 92 17 ronovated
2047 3983 34 15 and
2100 3983 50 15 made
2167 3984 16 14 to
2199 3982 39 16 look
2256 3988 31 10 eou

1403 4052 201 29 WILLIAM
1624 4051 185 31 PARKER.,
1830 4051 256 30 Coachbuilder.

1760 4088 292 30 JAMES'HAUA,
2073 4087 214 28 Blacksmith

1664 4119 149 18 DEVONPORT
1825 4120 73 16 ROAD.
1913 4120 119 16 TAURANG
2039 4120 18 16 \.

778 4192 129 54 Ask
930 4192 91 56 for
1045 4196 327 59 Hancock's
1400 4198 342 57 Celebrated
1768 4212 204 45 XXXX
1996 4201 143 55 Ales
2163 4198 118 53 and
2305 4196 190 54 Stout.

2306 777 160 36 .Medical
2504 778 234 40 Electrician.

2406 858 244 33 AUCKLAND.

2467 973 106 26 BEST

2330 1028 162 38 Electric
2518 1030 196 43 .Machines

2428 1103 57 19 FOR
2495 1103 71 21 SALE
2576 1104 36 20 AT

2337 1156 181 28 LOWEST
2546 1159 158 27 PRICES.

2356 1267 174 22 INSPECTION
2554 1268 129 23 INCITED.

2334 1373 128 26 Fromtlie
2470 1383 76 24 many
2555 1376 65 24 facts
2629 1375 110 26 allmust

2301 1428 98 26 believe
2424 1430 57 25 that
2511 1430 74 25 there
2608 1432 22 24 is
2655 1432 46 23 not
2725 1439 12 17 a

2300 1482 82 34 •single
2394 1484 96 26 disease
2499 1484 27 26 in
2539 1494 61 16 man
2609 1486 58 25 that
2680 1493 59 27 may

2300 1540 46 25 not
2356 1539 67 27 have
2436 1538 33 26 its
2481 1540 106 35 remedy
2600 1549 27 18 or
2637 1549 62 19 euro
2712 1540 27 26 in

2301 1605 69 19 some
2384 1595 62 28 herb
2465 1604 26 18 or
2504 1596 75 27 other
2600 1596 20 27 if
2641 1603 37 21 we
2692 1596 47 26 but

2302 1653 75 26 knew
2400 1650 83 29 which
2508 1653 83 33 plant,
2647 1653 92 33 Thirty

2302 1709 80 33 years'
2413 1709 46 24 life
2482 1707 25 26 in
2533 1709 65 24 New
2628 1706 111 28 Zealand

2302 1765 67 25 have
2384 1765 46 24 not
2439 1765 67 24 been
2516 1764 99 25 wasted
2638 1764 28 25 in
2688 1763 51 26 this

2303 1821 109 31 respect,
2426 1827 28 17 so
2467 1828 38 16 we
2519 1820 63 24 offer
2596 1823 26 21 to
2636 1820 34 24 all
2683 1820 56 24 who

2302 1875 81 25 suffer
2395 1874 55 28 iust
2463 1876 69 23 what
2546 1875 62 25 each
2623 1883 56 17 case
2700 1883 28 16 re

2338 2058 54 24 Our
2405 2057 114 25 Electric
2532 2057 83 24 Baths
2627 2065 44 16 arc
2695 2057 44 24 the

2302 2112 57 25 best
2378 2112 27 24 in
2430 2112 43 25 the
2504 2112 60 33 city,
2595 2120 67 17 none
2688 2112 51 24 like

2304 2167 80 27 them.
2464 2168 54 23 Our
2547 2167 114 25 Mineral
2690 2167 49 25 and

2303 2222 107 33 Vapour
2422 2221 82 27 Baths
2516 2231 44 16 are
2573 2223 53 24 also
2651 2222 26 25 of
2697 2224 42 23 the

2304 2277 55 25 iirst
2373 2278 79 24 order.

2773 100 12 15 A
2798 100 74 16 DVICE.
2888 101 148 16 PERSONALLY
3053 101 30 16 OR
3098 101 30 16 BY
3144 100 38 17 LET-

2761 119 36 15 -OL.
2907 121 50 19 TER,
2975 121 66 16 FREE.

2780 160 36 15 DH.
2833 160 55 16 NEIL
2900 162 28 15 has
2940 162 76 19 pleasure
3030 163 17 15 in
3062 162 90 20 informing
3167 162 25 15 his

2761 179 66 18 patrons
2834 180 31 16 and
2874 181 27 15 the-
2913 181 55 19 public
2976 182 39 16 that
3022 183 20 14 lie
3050 182 30 15 has
3088 182 68 15 secured
3164 181 28 16 the

2761 198 71 16 services
2839 199 18 15 of
2864 205 10 9 a
2881 201 94 19 competent
2983 206 78 15 manager
3068 202 27 15 for
3102 202 26 15 his
3135 201 45 16 Auck-

2761 216 38 16 land
2818 217 80 20 business,
2916 220 54 15 whose
2983 221 70 16 medical
3067 221 77 19 training:
3157 220 33 16 ami

2761 236 72 18 hospital
2847 239 95 17 experience
2957 240 66 16 enables
3034 240 33 16 him
3079 242 18 14 to
3109 240 38 20 give
3161 240 30 16 the

2762 255 34 15 best
2804 256 56 14 advice
2869 258 25 14 for
2902 258 26 15 the
2942 260 90 14 treatment
3039 260 17 15 of
3062 260 68 15 disease.

2782 274 61 15 HALM
2862 276 28 14 OF
2905 276 140 19 GILEAD—The
3055 280 76 18 greatest
3146 279 42 15 Cold

2762 294 51 15 Uurer
2825 294 16 14 of
2852 294 27 16 the
2890 294 40 21 age:
2949 296 29 16 has
2992 298 50 16 cured
3056 299 46 15 colds
3116 299 17 15 of
3147 299 42 15 from

2763 313 70 23 seyento
2841 314 28 15 ten
2876 319 48 14 years
2931 315 85 21 standing.
3037 317 53 17 Price.
3099 319 46 15 UOd
3159 323 30 13 per

2763 332 51 14 bottle

2782 350 62 17 LONG
2862 352 147 18 BALSAM-~Will
3020 360 38 11 cure
3069 349 120 27 Consnmptioii

2762 373 17 10 m
2787 371 21 14 its
2816 371 44 18 early
2868 376 18 10 or
2891 373 61 15 middle
2960 373 60 21 stages.
3048 375 45 15 Miss
3102 376 87 18 Russkll,

2764 390 73 14 Woollen
2854 390 49 19 Mills,
2917 391 97 21 Onobnnga,
3032 395 67 18 speaks:
3154 401 35 10 was

2762 411 48 15 given
2816 413 22 14 up
2846 409 21 19 by
2875 409 32 17 two
2915 411 66 16 doctors
2994 413 55 15 before
3062 414 8 14 I
3084 415 105 15 commenced

2764 428 58 19 taking
2837 434 43 13 your
2898 429 47 20 Lung
2955 431 74 17 Balsam,
3043 434 33 14 and
3092 434 8 14 I
3117 434 71 17 declare',

2763 448 69 13 wit.iout
2846 452 32 15 any
2893 450 116 19 exaggeration
3022 451 37 16 that
3071 453 14 14 it
3097 454 50 14 saved
3161 458 27 14 my

2763 467 33 14 Mo.
2817 467 37 19 Aujr
2865 468 68 16 sufferer
2947 468 58 17 should
3015 472 120 16 communicate
3149 473 39 15 with

2763 489 31 21 '"?■;
2801 504 28 6 .c.,
2827 486 5 14 1
2832 491 14 19 ,!
2851 486 3 24 1
2855 492 10 18 ,''
2867 491 7 10 0
2883 498 7 2 -
2892 493 7 8 s
2907 488 18 13 '"'
2933 493 30 13 >"■''
2970 489 53 16 boU,u
3033 486 3 24 ;
3049 491 31 14 five
3087 491 25 15 for
3121 491 31 17 ios.

2782 503 99 19 CASCARA
2893 507 148 17 BITTERS-The
3055 510 38 19 only
3100 511 34 15 real
3149 516 39 11 euro

2763 527 17 23 i?.
2781 528 7 10 r
2794 543 6 7 i.
2814 525 3 25 ,
2825 525 40 15 stlvt
2865 529 13 10 '"
2880 531 24 9 ess
2907 525 3 25 -
3053 529 89 16 Headache
3155 531 33 14 and

2763 545 101 14 flatulence,
2879 545 67 19 makinp;
2957 552 10 9 a
2982 547 85 16 miserable
3079 548 28 16 life
3120 549 67 19 happy:

2763 562 34 14 well
2806 563 57 15 named
2872 564 21 18 by
2900 565 47 15 those
2954 566 36 14 who
2999 566 40 16 have
3053 568 39 15 used
3105 568 14 15 it
3149 569 38 15 TiiK

2762 581 108 17 Siikkkiu-k's
2988 585 46 17 Price
3041 587 18 14 is
3066 587 20 15 Gd
3093 587 94 19 r«rbottlo;

2764 600 30 15 five
2803 601 26 14 for
2836 602 32 15 Ills.

2791 627 67 18 Lajhes
2876 629 128 19 Complexions
3021 633 95 19 beautified,
3140 635 47 16 made

2764 648 52 15 clean,
2825 649 67 18 pimples
2900 651 31 14 and
2938 651 73 16 blotches
3020 654 105 19 removed.by
3138 655 49 18 using

2762 672 30 9 our
2800 666 67 17 LIVER
2878 668 72 20 TONIC,
2963 672 51 14 which
3028 672 13 16 is
3055 673 35 15 also
3105 674 27 15 the
3145 676 42 13 most

2761 688 90 14 successful
2859 693 38 9 cure
2905 689 25 14 fov
2939 689 100 18 Biliousness
3046 693 33 14 and
3086 692 21 16 all
3115 693 72 15 diseases

2761 706 17 14 of
2785 706 29 15 the
2822 706 45 16 liver.
2889 707 45 16 Price
2949 708 16 17 2s
2979 709 20 16 6d
3006 715 30 14 per
3042 710 61 21 bottle;
3116 713 31 15 five
3161 714 26 14 for

2763 736 118 36 nJrScS™?
2943 747 47 15 ANI)
3008 749 44 15 COD
3064 750 69 16 LIVER
3149 751 38 16 OIL

2762 764 112 16 EMULSION
2879 764 26 24 —1
2912 766 18 14 he
2945 766 36 16 best
2995 768 32 15 and
3037 768 80 20 Cheapest
3131 769 44 17 Emul-

2761 787 33 12 sion
2803 788 15 9 m
2827 783 28 16 the
2863 783 74 25 market:
2945 791 9 10 a
2964 787 60 18 special
3032 793 38 10 cure
3078 789 26 15 for
3116 790 71 18 wasting

2762 802 32 16 and
2806 803 75 19 debility.
2903 803 46 18 Price
2957 806 17 15 is.
2986 811 29 14 per
3022 806 58 17 bottle.

2780 844 36 16 DR.
2829 843 77 17 NEIL'S.
2928 845 147 22 Wcllosley-stroot
3088 848 42 16 East
3144 849 41 19 (two

2760 863 49 16 doors
2813 864 52 15 abovo
2874 863 50 17 Milno
2933 865 31 14 and
2973 865 91 21 Choyce's),
3072 869 13 13 is
3093 868 27 14 the
3128 868 50 20 cheap

2760 884 25 14 est
2797 883 51 15 bouse
2866 884 17 14 to
2900 884 33 18 buy
2950 884 61 17 Patent
3027 887 32 15 and
3070 886 116 21 Homeopathic

2761 903 94 17 Medicines,
2869 903 54 15 Toilet
2937 903 95 19 Requisites
3046 907 31 14 and
3090 906 89 20 Druggists

2759 921 84 17 Sundries.
2869 922 55 15 Herbs
2938 924 33 14 and
2985 924 63 16 Herbal
3062 926 118 17 Preparations

2895 942 85 15 ADVICE
2988 943 63 16 FREE.

2779 961 91 15 Manager
2879 961 3 21 :
2897 961 19 16 P.
2928 962 22 14 M.
2967 962 63 16 MACK
3034 964 28 15 AY
3079 965 71 17 (trained
3166 968 19 13 at

2761 980 85 16 Aberdeen
2855 980 71 16 Medical
2934 981 77 18 College).

2759 1055 237 43 STEELE
3032 1060 150 42 Bros.

2794 1140 161 37 JViararoa
2983 1141 167 40 SawmliS.

2763 1214 111 18 FYESIRE
2897 1216 22 17 to
2930 1215 66 18 thank
3013 1216 35 18 the
3067 1217 65 21 public
3154 1218 30 18 for

2763 1234 10 17 1
2783 1238 11 13 /
2818 1237 47 20 past
2873 1236 74 19 favors,
2961 1237 39 18 and
3008 1237 36 21 beg
3053 1239 21 16 to
3083 1244 101 14 announce

2756 1257 47 17 that
2825 1257 75 22 having
2912 1263 11 13 a
2938 1258 55 21 large
3016 1260 57 17 stock
3085 1260 22 17 of
3128 1261 45 18 well-

2757 1279 96 18 seasoned
2875 1279 104 18 first-class
3001 1279 72 19 timber
3091 1286 25 13 on
3131 1282 54 18 hand,

2757 1300 49 21 they
2829 1305 33 13 are
2881 1301 97 21 prepared
2990 1302 22 17 to
3024 1302 51 18 fulfil
3085 1303 67 18 orders
3163 1304 23 18 at

2756 1321 87 18 reduced
2854 1323 62 17 rates.

2759 1375 184 32 JECKLIN
2966 1376 25 30 &
3010 1377 172 33 COTTER

2764 1422 112 20 TT7ISII
2886 1424 21 18 to
2916 1429 104 14 announce
3029 1423 44 21 that
3080 1424 46 24 they
3135 1425 50 21 have

2759 1475 73 27 oponod
2843 1483 11 12 a
2865 1475 105 22 Butcher's
2982 1476 53 26 Shop
3051 1477 89 27 opposite
3151 1478 33 21 the

2759 1528 141 22 Court'Houße
2917 1530 39 21 and
2973 1533 82 25 request
3072 1538 11 14 a
3097 1531 55 22 ehnre
3162 1530 22 23 of

2759 1582 66 28 public
2841 1585 114 26 patronage.

2830 1636 87 24 OKO
2932 1639 10 21 I
2959 1641 17 19 A

2913 1692 121 22 PIUVATE

3067 1636 19 30 t
3101 1641 41 21 IE
3159 1637 24 27 \f

2764 1740 221 33 BOARDING
3027 1738 146 37 HOUSE

2761 1852 129 19 Opposite
2909 1853 49 18 thb
2976 1853 123 21 So-seand
3109 1851 69 23 ©eLI

2876 1883 81 18 graph
2974 1881 94 19 Oppigr

2761 1909 46 21 And
2825 1918 47 12 near
2891 1912 33 20 the
2947 1912 118 20 Celebrated
3086 1910 99 25 PEIE^T

2814 1942 112 22 RACHEL
2935 1945 38 20 and
2980 1945 57 20 other
3044 1943 96 27 BATHS,

2907 1975 136 22 ROTOPJJA.

2783 2027 119 37 MES
2927 2029 211 42 YOUNG,

2994 2074 141 28 Proprietress.
3151 2074 1 28 .
3160 2094 15 5 _

2876 2100 67 21 Terms
2958 2101 110 21 Moderate.

2759 2152 44 35 B.
2834 2154 40 35 S.
2917 2154 265 43 CORLETT,

2842 2226 253 28 ARCHITECT.

2761 2304 192 20 BUILDING
2986 2304 198 23 SURVEYOR.

2794 2361 90 31 COMET
2903 2361 92 36 STORE,
3021 2361 129 33 ROTORUA.

2761 2464 207 21 DRESSMAKING
2980 2464 19 19 iu
3011 2465 24 19 all
3048 2465 24 20 its
3082 2464 92 21 branches

2782 2520 59 34 M.
2868 2520 291 39 BRENNEN,

2780 2634 132 21 GENERAL
2922 2636 91 19 STORE.
3024 2635 134 20 ROTORUA.

2759 2686 65 20 I'jvory
2837 2686 120 21 description
2972 2688 21 12 01
3011 2686 59 16 fruit
3082 2686 40 14 and
3135 2688 49 13 uon«

2797 2707 116 26 fectionory,
2929 2708 96 24 Tobacco,
3042 2708 115 25 Cigarettes,

2839 2735 33 19 &o.
2894 2728 4 26 '
2952 2735 33 19 &c.
3066 2735 32 19 &o.

2860 2765 69 19 Finest
2940 2765 87 19 Smoked
3034 2763 48 21 Fish

2834 2796 71 19 Finest
2919 2796 81 25 Oysters
3011 2804 25 11 on
3046 2796 59 21 hand.

2757 2850 49 28 7*.
2842 2850 339 29 WRRBRICK.

2758 2905 37 23 T)
2803 2904 199 21 OATBTJILDER&
3008 2903 177 22 CONTRACTOR

2903 3003 138 19 ROTORUA.

2787 3053 109 20 Estimates
2905 3052 106 21 furnished
3020 3053 42 18 free
3072 3052 20 19 of
3102 3053 49 18 cost.

2757 3182 150 28 Watchma
2912 3182 13 20 k
2927 3181 180 34 crJeweller,
3126 3183 57 29 &c,

2874 3241 186 25 Hamilton.

2769 3282 85 26 Repairs
2878 3283 19 19 to
2921 3281 91 25 watches,
3037 3281 69 22 clocks,
3131 3280 39 24 &c,

2809 3308 94 20 executed
2926 3307 100 26 promptly
3044 3307 40 18 and
3102 3307 20 18 at

2884 3333 100 20 moderate
2994 3335 59 16 rates.

2756 3360 68 27 Agent
2832 3361 32 19 for
2877 3360 98 19 Rotorua:
3012 3358 20 19 J.
3056 3358 121 20 SEVERIN

2815 3395 62 40 ~J.

2805 3466 114 22 ECEIVES
2934 3467 27 25 by
2980 3473 59 19 every
3062 3466 53 19 train
3134 3466 38 20 Con-

2778 3492 24 23 .V
2830 3494 110 26 signments
2948 3494 21 18 of
2978 3493 59 18 Fruit
3046 3492 55 24 Fish,
3121 3492 63 26 Eggs,

2756 3522 60 19 Farm
2826 3520 39 19 and
2875 3520 63 24 I'airy
2952 3518 96 24 Produce,
3060 3520 32 17 &v.
3112 3518 3 26 ,

2794 3547 40 19 For
2841 3545 41 21 sale
2892 3544 117 21 Wholesale
3022 3544 41 19 and
3072 3544 72 19 Retail.

2799 3595 28 27 J.
2846 3593 51 28 W.
2918 3589 214 33 WKIGLEY,

2833 3650 20 21 E
2879 3649 15 20 C
2922 3648 21 20 II
2970 3648 11 18 I
3015 3647 16 19 T
3061 3647 21 19 E
3114 3646 15 20 0
3162 3645 21 25 T,

2899 3699 136 21 ROTORUA.

2783 3731 70 25 Agent
2868 3728 32 20 for
2913 3727 34 19 the
2966 3725 64 21 South
3051 3724 79 20 British
3138 3724 47 20 Eire

2757 3758 16 20 &
2785 3758 80 18 Marine
2874 3756 113 18 Insurance
2997 3753 109 24 Company.

2806 3811 160 35 Rotorua
2981 3806 159 42 Library.

2757 3897 42 28 \J
2816 3906 11 17 6
2836 3904 25 19 30
2870 3904 19 18 to
2899 3903 24 18 10
2931 3908 44 19 p.m.
2987 3900 93 24 Sundays
3088 3898 30 19 till
3126 3899 52 23 Op.in

2757 3927 190 29 Subscription:
2955 3932 51 18 80s
3020 3935 47 18 per
3079 3931 102 17 annum-

2783 3965 86 20 Visitors
2889 3970 44 18 may
2951 3969 84 20 procure
3052 3960 65 20 Books
3133 3958 49 19 from

2757 3993 33 19 the
2807 3992 86 23 Library
2910 3996 24 13 on
2952 3985 200 29 making,-atieposit
3162 3982 20 20 oi

2757 4021 36 17 not
2808 4017 39 20 less
2867 4016 48 19 than
2932 4017 28 21 iis,
2978 4014 47 21 and'
3034 4012 116 27 purchasing
3161 4010 21 18 Is

2757 4050 78 19 coupon
2846 4043 31 19 for
2888 4049 59 17 every
2958 4041 56 19 Four
3023 4039 69 20 books.

2782 4076 42 19 The
2842 4074 87 25 Library
2948 4073 16 20 is
2988 4078 51 21 open
3058 4069 72 24 .during
3147 4064 48 23 the<.

2757 4102 90 22 evening.

2309 2644 139 26 DEING
2466 2651 20 19 a
2509 2644 90 26 Cash
2623 2644 114 32 Buyer

2379 2677 138 33 Buying
2552 2677 36 26 in
2627 2677 110 33 Large

2305 2710 195 29 Quantities
2532 2711 16 25 I
2575 2717 56 19 am
2656 2710 81 26 thus

2303 2743 146 27 enabled
2500 2745 36 25 to
2590 2750 147 26 procure

2303 2777 106 32 goods
2452 2778 36 25 at
2522 2777 60 26 the
2618 2776 119 27 lowest

2302 2810 152 32 possible
2496 2811 124 31 prices,
2669 2809 68 27 and

2303 2843 174 27 therefore
2491 2851 56 19 am
2564 2844 37 25 in
2615 2849 20 20 a
2648 2844 71 31 posi-

2303 2877 75 26 tion
2386 2877 36 26 to
2443 2876 63 27 sell
2519 2877 38 26 at
2575 2876 162 33 cheapest

2303 2910 96 26 rates
2444 2910 46 26 As
2516 2917 45 19 an
2581 2909 156 32 example

2304 2943 16 26 I
2343 2948 104 28 quote
2469 2943 59 26 the
2558 2943 179 32 following

2304 2976 141 27 articles
2463 2976 53 27 for
2536 2976 89 27 Cash
2639 2976 98 33 Only.

2304 3028 52 24 Jam,
2368 3028 126 20 Australian,
2516 3028 62 20 dozen
2590 3027 41 20 tins
2685 3029 12 18 (5
2726 3029 11 18 0

2322 3070 13 9 ~
2354 3055 85 20 Meni.ie
2450 3056 17 18 &
2477 3054 64 25 Dey'a
2686 3056 11 16 o*
2726 3056 11 18 G

2305 3082 112 22 Kerosene,
2449 3081 69 20 While
2545 3081 54 20 Rose
2627 3080 39 20 and

2330 3107 118 24 Snowfhike,
2462 3109 36 18 150
2514 3110 38 17 teat
2673 3108 24 20 15
2726 3108 11 19 G

2380 3135 35 20 No
2433 3136 10 18 1
2460 3135 45 19 sGlb
2515 3135 48 24 bags
2672 3134 26 20 14
2726 3135 11 18 G

2330 3176 12 11 »
2387 3177 10 10 „
2424 3162 12 18 -'
2460 3176 12 9 n
2526 3177 12 9 „
2672 3160 26 20 13
2711 3160 26 21 '6

2329 3202 13 11 >,
2385 3204 11 9 „
2424 3190 12 17 !3
2460 3203 12 9 „
2528 3202 12 9 „
2673 3188 25 18 12
2726 3188 11 19 G

2306 3215 94 23 Tobacco,
2412 3215 32 19 (>ib
2455 3215 110 26 quantities
2687 3215 11 18 5
2727 3216 10 17 S

2309 3242 41 22 Ten,
2362 3242 23 19 L.
2396 3242 26 19 1).
2434 3241 102 20 Nathan's
2541 3241 39 20 and
2590 3241 77 19 Nelson

2330 3267 88 21 Moate'e
2429 3270 22 16 at
2462 3268 24 19 Id
2497 3268 29 19 oil'
2536 3268 33 19 for
2579 3267 34 19 Gib
2625 3267 38 19 lots

2307 3295 64 22 Flour,
2402 3295 46 18 sUlb
2479 3294 118 20 Housewife
2616 3294 40 19 auJ.

2330 3320 112 26 Champion
2453 3322 23 18 5s
2489 3322 37 18 ami
2539 3322 22 18 5s
2573 3321 31 18 6<.1.

2306 3349 38 20 Wa
2354 3347 47 19 kato
2413 3347 96 20 Potatoes
2520 3349 22 17 8s
2552 3353 12 13 a
2578 3346 54 20 sack.

2329 3375 42 19 The
2382 3373 64 20 aliove
2465 3373 116 26 quotations
2601 3380 33 12 are
2659 3373 78 27 eubjeot

2305 3404 19 17 to
2333 3400 78 20 market
2419 3399 134 21 fluctuations,

2330 3427 66 20 Oti\cr
2406 3427 62 24 goods
2481 3427 80 25 equally
2576 3425 69 28 cheap.

2330 3495 97 26 Monthly
2439 3495 101 22 account?,
2556 3493 46 20 that
2615 3493 15 19 is
2641 3495 96 19 accounts

2305 3522 44 25 paid
2362 3522 70 20 delete
2440 3521 34 18 the
2484 3520 47 20 10th
2543 3520 22 19 of
2579 3520 71 19 month
2662 3520 65 19 follow-

2304 3549 32 24 ing
2349 3549 46 19 dale
2406 3547 21 21 of
2434 3547 40 20 sale
2483 3547 39 19 will
2531 3547 23 19 be
2566 3547 78 19 treated
2653 3553 22 12 as
2682 3546 55 20 cash.

2445 3580 135 23 WILLIAM
2593 3581 119 20 ROGERS.

2324 3741 402 34 BOOTI'^HKeR,

2367 3809 321 65 F^OTORUA.

2331 3923 30 40 C.
2396 3922 33 40 A.
2449 3919 152 47 CLARKE,
2622 3918 89 46 JUN,

2328 3990 137 20 TTTUUTED
2477 3989 99 19 WATER
2583 3989 18 19 &
2609 3987 128 21 CORDIAL

2401 4040 243 24 TwANUEAOTUEEK,

2453 4093 145 20 ROIORUA.
