3260 4290
102 141 36 21 AN
156 141 200 21 UNREHEARSED
374 141 55 21 SEN

209 168 114 20 SATION.

78 221 41 20 The
135 221 58 19 other
211 221 60 22 night
289 228 12 12 a
320 219 123 21 sensational
455 218 18 19 in-

53 248 67 20 cident
147 247 105 23 happened
278 250 21 15 at
322 247 34 19 the
381 245 99 25 Brighton

66 276 12 14 -,
89 271 3 20 •
119 271 2 20 •
149 275 21 10 ~>
270 271 3 20 '
341 278 18 13 m
362 278 10 13 e
390 271 18 19 ol
426 271 49 19 mr-lo

56 327 102 20 Southern
168 325 100 26 England.
301 324 77 26 During
395 324 34 19 the
442 330 31 15 per-

52 353 104 20 formance
174 353 22 18 oil
214 359 12 12 a
248 351 53 26 piece
324 351 62 19 called

158 377 35 21 the
206 377 82 21 heroine
303 377 48 20 rode
365 383 26 13 on
410 377 22 18 to
452 375 33 19 the

55 407 62 23 stage,
135 404 79 26 rapidly
233 403 129 21 dismounted
377 402 39 20 and
436 402 48 19 fired

55 438 12 14 a
76 431 69 25 pistol.
172 430 48 20 This
230 437 21 13 so
258 429 116 27 frightened
384 429 34 18 the
426 428 60 19 horse

55 457 45 20 that
110 457 17 19 it
137 456 73 21 dashed
221 458 21 18 to
263 456 33 20 the
314 455 115 25 footlights
447 453 38 20 and

57 484 38 19 and
110 483 70 25 leaped
195 482 56 26 right
265 489 47 13 over
333 482 35 19 the
383 480 103 21 orchestra

57 510 58 19 down
130 515 73 19 among
217 509 33 20 the
262 509 105 20 audience.
394 506 91 26 Happily

57 536 17 20 it
84 536 83 25 lighted,
177 543 23 12 or
210 535 68 20 rather
288 534 44 24 fell,
347 534 21 19 in
379 533 35 19 the
425 539 48 19 gang-

59 569 49 18 way,
118 562 106 20 otherwise
237 563 18 18 it
269 563 54 18 must
340 560 50 19 have
405 558 82 26 jumped

59 588 52 26 right
123 595 53 19 upon
187 588 35 19 the
231 589 110 23 occupants
351 586 23 19 of
388 585 34 20 the
433 585 55 19 front

60 617 58 17 seats.
145 614 42 19 The
196 614 43 20 fact
250 614 21 19 of
281 614 35 19 the
326 612 75 21 animal
415 611 73 21 falling

59 641 43 26 just
110 647 49 19 gave
170 640 54 19 tbetn
234 640 49 19 time
299 642 21 17 to
338 644 77 19 eseapo,
426 637 62 19 which

60 674 39 13 was
109 674 11 12 a
130 666 103 20 fortunate
248 666 153 21 circumstance,
412 664 31 19 for
456 662 34 20 the

58 696 51 17 next
127 694 88 18 moment
231 692 35 19 the
286 692 58 19 horse
363 691 39 19 bad
419 689 69 20 kicked

40 722 5 6 '
59 720 58 18 down
126 719 75 19 several
212 721 54 17 seats
273 718 22 20 of
302 725 12 13 a
322 717 72 24 couple
405 717 21 19 of
437 722 51 13 rows

59 745 22 20 of
90 745 65 19 stalls.
185 746 30 25 By
226 751 10 13 a
247 743 126 21 remarkable
382 743 74 19 chance
465 748 25 12 uc

59 778 36 13 one
106 778 40 13 was
154 771 89 26 injured.
271 771 62 19 After
341 769 34 20 the
383 769 60 19 horse
451 767 36 20 had

59 797 49 21 heen
115 799 35 24 got
156 800 42 21 out,
205 798 36 18 tho
250 797 138 25 performance
398 802 38 13 was
444 801 36 20 pro

61 824 72 20 ceeded
146 823 54 20 with.

116 890 57 19 THE
182 889 109 20 CANALS
303 888 32 21 IN
348 887 83 21 MARS.

84 942 28 20 To
128 942 35 19 the
178 941 54 20 older
242 941 92 20 features
344 940 21 19 of
381 939 34 20 the
426 939 69 25 planet

59 974 52 14 more
121 975 22 13 or
152 968 39 20 less
199 970 69 18 recent
278 967 107 23 telescopic
402 965 81 20 observa-

60 995 42 19 tion
112 994 36 20 has
158 994 64 20 added
231 1001 12 13 a
261 993 92 26 singular
372 991 90 20 network
473 991 21 18 of

59 1021 66 25 single
134 1021 41 19 and
193 1020 74 20 double
286 1019 88 25 straight
390 1018 51 19 lines
459 1023 35 12 ex.

59 1047 84 26 tending
153 1047 50 19 from
214 1053 38 13 one
259 1054 35 12 sea
303 1047 21 19 to
330 1044 91 21 another,
430 1043 64 20 which

59 1073 50 20 have
118 1073 89 20 received
224 1073 34 19 the
276 1079 59 13 name
354 1071 21 20 of
394 1070 96 20 "canals-'

60 1099 42 20 Tbe
111 1099 93 25 meaning
214 1099 22 19 of
246 1099 55 20 them
307 1098 18 20 is
333 1098 43 19 still
386 1096 108 20 shrouded'

59 1125 22 20 in
90 1127 95 24 mystery.
217 1125 64 20 There
291 1125 15 18 is
319 1124 86 24 nothing
425 1122 56 26 equiv-

60 1152 56 19 alent
134 1153 20 18 to
166 1152 53 19 them
238 1152 21 18 in
272 1157 36 13 our
320 1157 42 12 own
375 1150 66 18 world.
469 1148 18 19 A

60 1178 72 25 glance
140 1179 22 18 at
173 1178 32 19 the
217 1177 126 25 hemisphere
351 1176 22 19 of
384 1176 56 19 Mars
451 1174 38 20 will

62 1204 53 19 i-bow
125 1204 42 19 how
179 1204 112 20 important
300 1210 11 12 a
322 1204 46 24 part
377 1202 47 25 they
435 1203 53 17 must

62 1230 24 21 be
97 1230 88 20 credited
196 1229 46 20 with
265 1230 81 23 playing
356 1228 20 19 in
387 1227 34 20 tbe
430 1233 48 14 econ-

63 1263 44 19 omy
118 1256 22 19 of
151 1257 34 18 tho
200 1256 74 26 planet.
320 1256 19 19 It
360 1255 16 19 is
396 1253 95 20 surmised

62 1282 44 20 that
116 1282 57 20 the.-e
183 1282 74 24 ctnals,
268 1282 64 19 which
349 1287 34 14 are
392 1280 89 20 occasion-

62 1308 41 26 ally
110 1315 47 14 over
167 1309 26 20 70
203 1308 56 20 miles
269 1308 52 20 wide
329 1307 39 20 and
376 1314 21 12 as
405 1313 58 18 many
471 1312 21 12 as

62 1336 52 20 3000
125 1335 21 19 in
155 1334 76 26 length,
241 1341 46 19 may
306 1334 25 20 be
342 1334 37 19 due
390 1336 20 16 to
421 1338 59 19 super-

62 1361 52 20 ficial
127 1361 90 22 cleavage
227 1360 102 26 produced
346 1360 25 25 by
381 1359 108 26 geological

63 1387 76 27 forces,
179 1386 59 21 With
258 1387 93 20 absolute
370 1385 79 26 gravity
464 1384 28 20 M.

64 1414 132 21 Flammarion
217 1415 92 24 suggests
329 1412 45 20 that
391 1412 45 25 they
447 1418 33 18 rep-

64 1442 69 20 resent
140 1440 34 21 the
184 1440 81 20 labours
276 1440 21 20 of
312 1439 33 20 the
360 1437 125 21 inhabitants

63 1466 20 22 in
104 1467 33 22 the
153 1467 134 21 rectification
306 1466 21 20 of
337 1465 82 21 ancient
433 1464 50 20 river-

64 1494 48 20 beds
130 1494 45 20 with
192 1501 11 13 a
222 1494 50 21 view
293 1496 20 17 to
332 1498 11 14 a
362 1491 81 28 general
453 1491 30 19 dis-

64 1521 97 20 tribution
170 1520 20 21 of
201 1521 33 20 the
245 1524 62 17 water
327 1526 47 14 over
394 1518 34 20 the
450 1524 32 14 sur-

63 1548 43 20 face
114 1547 21 21 of
143 1547 34 21 tho
185 1545 209 23 continents.—Good
408 1544 80 22 Words,

87 1608 34 20 He
128 1607 61 20 seized
202 1607 33 21 bcr
244 1607 19 20 in
272 1606 33 20 the
316 1602 50 24 dark
374 1604 38 21 and
424 1603 68 22 kissed

115 1634 42 24 her,

89 1659 44 23 Atoll
141 1661 47 21 fern
200 1659 143 22 momentbliss
353 1665 38 15 was
402 1658 29 21 his
441 1658 3 24 j

61 1686 52 27 ••C-bj
125 1693 38 20 tn.v,
174 1688 10 20 I
194 1687 76 26 though
281 1687 17 20 it
307 1693 38 14 was
364 1691 30 15 air
406 1687 60 18 Bister

86 1714 33 22 He
127 1713 58 22 cried,
215 1715 39 20 Sho
275 1713 87 27 laughed
378 1712 39 21 and
438 1710 49 24 caid,

114 1742 33 20 '•lt

87 1792 86 20 Teacher
193 1792 32 25 (at
246 1799 12 12 a
273 1791 82 23 Sunday
374 1788 67 21 school
460 1790 33 17 tea

60 1818 121 28 party)—''
181 1818 42 21 Will
242 1825 40 16 you
299 1816 46 20 take
371 1823 12 12 a
402 1815 56 25 piece
471 1814 22 19 of

61 1844 67 25 bread;
140 1844 67 26 Bobby

86 1898 87 19 Tfiifher
181 1894 224 28 (reprovingly)—''No

241 1923 49 26 jolly
299 1922 44 20 fear
350 1921 59 20 while
416 1920 74 20 there's

60 1956 38 20 any

85 1997 32 19 An
127 1995 100 21 Irishman
238 1995 69 25 seeing
323 1994 90 24 JNiagara
432 1992 56 19 Falls

59 2023 56 19 said:
220 2021 15 20 is
254 2021 58 20 there
328 2021 46 19 here
393 2021 21 18 to
433 2018 56 20 make

59 2049 47 20 ■uch
117 2056 10 12 a
138 2048 71 20 bother
219 2048 62 19 about

184 2074 42 20 said
236 2081 12 13 a
254 2073 124 25 companion,
442 2071 46 19 that

58 2101 77 27 mighty
150 2101 52 20 rirer
218 2100 87 26 pouring
322 2106 46 13 over
388 2098 44 20 into
451 2097 35 20 the

162 2166 51 17 sure,
233 2158 71 20 what's
314 2160 21 18 to
354 2156 71 20 hinder
441 2155 38 19 it?'

58 2188 42 20 said
110 2187 44 20 Pat.

85 2240 18 19 A
114 2238 76 20 Nelson
201 2238 44 19 firm
253 2237 16 19 is
277 2242 42 14 now
329 2233 160 27 experimenting

58 2264 49 22 With
118 2272 56 13 anew
188 2271 79 18 process
274 2263 31 19 for
311 2261 116 26 preserving
434 2267 53 18 egos,

60 2291 68 24 which,
143 2291 17 19 it
182 2291 17 19 is
222 2289 131 25 anticipated,
376 2288 38 19 will
435 2286 51 24 keep

59 2318 54 20 them
122 2318 20 19 in
154 2324 11 12 a
179 2317 66 20 sound
260 2319 52 16 state
321 2315 20 19 of
363 2312 125 28 presrvation

58 2345 33 19 for
100 2344 57 20 three
165 2350 64 19 years.

84 2376 68 20 Never
162 2375 61 26 judge
233 2381 12 13 a
254 2380 46 14 man
310 2374 26 24 by
343 2378 139 19 appearances,

58 2402 19 21 A
96 2402 77 24 shabby
188 2401 33 20 old
237 2403 47 18 coat
301 2406 45 19 may
374 2397 79 21 contain
465 2404 23 12 an

60 2428 72 25 editor;
141 2428 58 20 while
209 2428 33 19 the
258 2433 43 13 man
317 2426 88 23 wearing
418 2431 12 11 a
444 2424 32 25 pol-

59 2455 55 20 ished
138 2454 38 21 silk
187 2454 34 20 bat
232 2454 39 19 and
290 2460 11 12 a
320 2451 93 20 faultless
433 2450 56 19 frock

59 2483 45 19 coat
114 2488 45 18 may
169 2481 24 19 be
216 2487 11 13 a
237 2479 115 24 defaulting
366 2477 123 20 subscriber.

81 2523 97 17 Governor
193 2521 73 17 Flower
278 2519 33 18 has
323 2517 76 19 decided
408 2519 19 16 to
435 2517 54 18 allow

60 2547 31 17 the
112 2545 49 23 body
179 2544 18 17 of
211 2543 33 18 tho
261 2543 47 18 New
324 2541 54 19 York
394 2540 92 19 nmrdorei

61 2569 76 21 Wilson,
147 2567 41 19 who
197 2568 14 17 is
220 2567 72 22 shortly
301 2568 19 15 to
328 2566 24 17 be
359 2564 130 19 electrocuted,

61 2592 51 17 lobe
133 2589 137 26 experimented
292 2595 49 16 upon
361 2587 126 22 immediately

62 2615 49 18 after
117 2615 32 17 the
156 2614 99 20 .execution
263 2613 45 17 with
318 2611 31 19 the
358 2611 41 16 idea
408 2610 41 18 that
458 2610 32 17 life

61 2644 41 17 may
112 2638 22 18 be
147 2637 83 18 restored.
256 2637 97 17 Governor
369 2634 72 17 Flower
457 2634 32 17 has

61 2662 93 24 promised
166 2660 85 18 Wilson's
264 2662 86 18 attorney
367 2658 47 20 that,
425 2657 19 17 in
457 2657 31 17 the

61 2686 54 17 event
121 2684 20 18 of
147 2683 135 22 resuscitation,
293 2682 31 18 the
333 2681 58 18 man's
400 2681 32 17 life
441 2680 47 18 shall

60 2709 22 18 be
90 2707 70 24 spared,
169 2707 36 18 and
218 2707 70 17 Wilson
301 2705 57 23 clings
371 2705 19 17 to
404 2703 30 18 the
444 2703 44 22 only

59 2731 48 24 hope
122 2731 35 18 left
166 2730 45 20 him,
219 2729 36 18 and
279 2729 34 17 has
336 2726 97 24 expressed
458 2726 28 18 his

60 2754 93 24 gratitude
161 2756 19 15 to
188 2753 32 18 the
230 2753 96 18 Governor
338 2752 29 17 for
380 2750 29 19 the
417 2751 69 17 remote

60 2778 67 19 chance
136 2778 20 18 of
164 2776 33 20 lite
205 2776 55 24 given
268 2775 46 19 him.

81 2812 59 22 Mills,
148 2812 32 17 the
192 2810 63 19 actual
264 2810 58 17 finder
332 2809 18 17 of
359 2808 31 18 tho
400 2808 77 18 Loudon

58 2837 54 21 derry
121 2835 49 18 mino
179 2834 62 18 makes
247 2836 33 15 out
288 2832 53 19 othis
351 2832 60 17 stroke
420 2832 40 23 just
468 2837 22 12 on

58 2860 83 21 £70,000,
152 2858 19 18 of
183 2857 59 19 which
251 2857 24 18 ho
287 2855 34 19 has
343 2855 68 21 dready
428 2856 32 21 got
470 2856 20 16 at

56 2883 47 18 least
109 2883 78 21 £50,000
194 2881 18 17 in
218 2880 47 21 good
272 2882 31 15 red
313 2878 50 23 gold.
390 2878 38 18 One
435 2879 19 17 of
460 2879 31 17 the

56 2907 40 17 first
105 2906 60 22 things
177 2901 65 22 he'did
256 2903 47 18 after
319 2902 29 19 his
357 2903 62 17 return
430 2903 19 16 to
458 2902 30 17 the

58 2929 44 19 East
110 2935 35 12 was
152 2931 19 15 to
180 2933 62 17 marry
249 2927 31 18 the
288 2931 71 12 woman
369 2925 18 17 of
394 2924 28 18 his
428 2925 62 17 choice

57 2959 10 12 a
74 2952 49 19 little
129 2952 94 17 Victorian
234 2952 77 20 country
320 2949 41 22 girl,
373 2950 19 16 to
401 2947 59 19 whom
468 2948 21 18 he

56 2976 73 19 './ecame
136 2974 80 25 engaged
230 2973 45 24 long
283 2972 64 19 before
362 2972 24 18 be
394 2971 54 23 hung
455 2971 30 19 his

55 3000 32 17 hat
103 3005 24 12 on
143 2999 51 17 those
206 2996 111 19 memorable
333 2996 54 17 knots
404 2996 19 16 uf
435 2995 51 22 gold.

78 3029 39 17 The
123 3028 67 17 follow?
195 3026 43 24 agis
246 3026 47 17 from
300 3025 31 17 the
339 3023 55 20 Otaki
404 3030 85 16 paper:—

56 3051 58 19 Those
130 3053 41 16 who
187 3050 47 17 hivo
255 3049 45 18 been
317 3053 32 18 pra
362 3048 35 21 ing
413 3047 26 17 for
453 3047 35 18 fiuo

55 3075 79 18 weather
141 3074 47 17 have
201 3072 37 18 had
247 3072 47 18 their
303 3076 76 19 prayers
392 3070 93 18 answered

55 3098 45 18 with
109 3104 11 11 a
129 3102 108 17 vengeance.
263 3096 36 17 For
316 3095 32 17 the
361 3093 40 18 first
414 3093 44 18 time
468 3094 19 16 in

54 3122 31 18 the
102 3126 82 16 memory
204 3120 19 17 of
230 3119 31 17 old
269 3117 95 19 residents,
378 3117 30 18 the
430 3117 54 18 Ohau

54 3145 49 17 river
114 3144 31 16 has
161 3143 45 17 Veil
236 3140 110 20 e-onwletwlv
374 3139 50 18 dried
456 3146 30 16 up,

54 3260 53 17 could
117 3258 51 18 wish.

77 3291 12 16 A
102 3293 10 15 ti
120 3290 53 17 niblc
184 3288 52 25 panic
246 3295 21 11 rei
335 3286 84 19 occurred
429 3288 19 16 at
457 3288 31 15 the

53 3312 127 21 consecration,
194 3312 19 18 of
225 3319 11 10 a
250 3317 40 12 new
311 3310 67 23 villiige
392 3309 66 19 church
469 3310 17 18 in

53 3336 127 19 Ostroviansk.
206 3335 12 17 A
243 3335 50 22 lamp
317 3333 83 24 hanging
420 3339 23 11 on
456 3333 32 17 the

52 3359 125 20 inconostasis,
203 3358 32 17 iho
267 3357 50 23 large
333 3363 61 12 screen
428 3356 58 18 which

51 3385 90 21 separates
154 3382 31 17 Iho
198 3381 43 23 high
250 3381 48 18 altar
314 3381 47 16 from
371 3380 32 17 the
411 3379 48 24 body
469 3380 19 17 of

52 3406 32 18 the
92 3405 76 20 churchy
175 3404 97 23 exploded,
281 3403 36 19 and
335 3403 32 17 the
383 3403 49 17 dress
450 3404 19 16 of
477 3409 10 10 ji

52 3434 71 13 woman
144 3429 64 22 silting
228 3432 44 13 near
297 3427 69 23 caught
388 3426 36 18 fire.
451 3425 36 19 She

52 3451 90 20 screamed
156 3451 43 18 with
217 3450 63 23 fright,
296 3449 35 18 and
346 3450 52 17 tin-re
415 3455 37 12 was
462 3455 21 12 an

51 3474 103 19 immediate
163 3474 59 23 panic.
248 3474 39 17 The
294 3472 58 18 whole
359 3472 126 24 congregation

49 3498 65 18 rushed
124 3498 29 17 for
173 3498 30 17 the
217 3497 60 19 doors,
286 3496 59 17 which
354 3496 73 18 became
436 3502 37 12 com-

137 3520 77 18 blocked
242 3519 45 18 with
317 3519 31 17 the
373 3519 108 23 struggling

49 3545 70 23 people.
145 3543 58 18 When
213 3543 32 17 the
253 3548 64 17 qergy
330 3547 47 12 were
393 3545 18 14 at
420 3542 64 22 length

49 3568 40 18 able
98 3570 19 15 to
127 3568 69 17 restore
208 3566 52 21 calm,
274 3566 35 16 and
319 3565 30 18 the
358 3571 81 17 pressure
448 3571 37 12 was

49 3590 83 21 relieved,
143 3588 103 19 rhe'Kodies
253 3589 21 18 of
342 3587 43 19 dead
401 3588 82 18 children

48 3614 33 19 and
92 3614 52 17 three
166 3618 69 12 women
253 3618 46 11 were
314 3611 55 18 taken
378 3613 33 16 out
427 3612 20 17 of
453 3612 30 17 the

47 3637 75 21 Ihron?,
131 3636 35 18 and
175 3636 38 17 fiU'O
220 3638 29 15 tw-
256 3638 97 15 ntv-*»ven
361 3641 74 16 persons
442 3636 41 17 who

48 3660 33 18 had
103 3659 75 23 escaped
195 3658 44 18 wilh
258 3656 47 19 llvir
321 3658 50 17 lives,
394 3658 31 17 but
437 3664 46 12 were

47 3683 75 21 terribly
138 3681 79 24 injured.
243 3681 88 23 Eighteen
349 3681 19 17 of
384 3681 50 17 these
439 3681 42 17 died

45 3706 56 17 while
113 3705 44 23 they
173 3711 47 12 were
237 3704 57 23 being
311 3704 55 17 taken
378 3705 18 16 to
405 3704 33 18 the
451 3711 20 12 in

44 3730 82 21 firmary.

69 3758 22 17 In
99 3763 10 12 a
118 3757 53 17 letter
180 3756 45 18 from
236 3763 9 11 a
254 3756 37 23 Fiji
305 3755 109 23 missionary
422 3757 20 16 to
451 3756 30 21 the

44 3782 46 18 Rev.
97 3781 28 17 Dr
131 3780 74 20 Brown,
210 3779 106 22 describing
321 3780 30 16 the
358 3780 121 16 reecntstorin

44 3805 32 18 tb.'-'
83 3806 64 15 writer
275 3803 40 17 best
321 3802 52 23 thing
380 3808 11 11 a
396 3808 42 12 man
448 3808 32 12 can

32 3825 1 23 .
41 3833 28 13 nor
75 3827 21 19 in
103 3832 11 13 a
121 3825 97 19 hurricane
225 3826 16 17 is
249 3827 19 16 to
276 3825 17 18 ki
299 3831 23 17 ep
327 3832 23 10 on
358 3825 78 23 praying
445 3826 34 17 and

43 3851 73 22 nailing
123 3855 26 17 up
160 3848 87 23 diagonal

67 3878 39 17 The
115 3876 58 19 camel
190 3875 53 18 trade
259 3875 19 18 in
295 3875 51 18 AVest
363 3875 94 19 Australia
465 3876 16 19 is

45 3900 93 23 evidently
144 3898 115 23 flourishing.
283 3898 39 18 The
327 3900 77 16 steamer
412 3899 67 19 Darius

44 3924 60 18 which
110 3923 72 18 arrived
189 3923 49 17 from
245 3921 85 18 Calcutta
337 3922 35 16 and
379 3921 100 24 Singapore

45 3947 86 22 recently,
141 3945 67 19 landod
219 3947 34 16 153
262 3944 125 18 dromedaries
398 3946 20 16 at
427 3945 42 18 Free-

44 3970 77 21 mantle,
127 3969 25 18 all
157 3969 20 17 of
182 3968 61 18 which
250 3974 47 11 wero
302 3967 82 24 speedily
390 3968 89 23 equipped

45 3992 36 20 and
90 3992 91 18 mounted
198 3992 26 21 by
239 3991 125 23 gold-seekers
380 3991 62 17 bound
451 3992 29 16 for

44 4017 32 17 the
83 4015 50 19 field.
157 4015 49 21 This,
215 4015 92 17 however,
318 4020 14 11 is
348 4014 25 22 by
385 4020 25 12 no
418 4020 61 11 means

44 4039 31 18 the
81 4039 71 22 largest
157 4038 79 18 number
241 4038 68 17 lauded
316 4038 47 17 from
370 4043 34 12 one
411 4038 42 22 ship
461 4039 19 16 at

47 4061 121 20 Freemantle,
175 4067 12 11 a
194 4060 86 23 previous
288 4062 79 16 steamer
379 4060 19 18 of
413 4060 66 19 Messrs

45 4085 101 21 Archibald
167 4083 65 19 Curvie
251 4083 37 18 and
308 4083 39 18 Co's
361 4083 36 19 line
410 4083 70 24 having

46 4108 82 26 brought
137 4107 58 21 about
213 4108 35 22 'tCC
260 4106 66 20 camftls
345 4107 19 19 tO
372 4107 50 20 West
431 4108 36 19 Aus-

44 4132 66 25 tralia.!
312 4144 75 10 —os._j
398 4153 5 2 .

553 137 18 20 A
586 137 186 20 WONDERFUL
783 136 114 20 ESCAPE.

527 211 42 20 The
583 212 92 25 splendid
694 211 78 24 fidelity
783 211 22 19 of
823 211 33 18 the
867 210 65 19 Arabs

502 240 21 17 to
533 238 53 19 their
597 238 52 19 word
661 238 16 18 is
696 238 118 19 i'lustrated
833 243 56 14 anew
908 237 25 25 by

503 264 19 19 th
546 271 33 12 acn
595 266 34 17 ant
641 264 40 25 just
697 264 104 25 published
814 263 20 19 of
856 263 75 20 Father

578 300 8 8 :•
598 290 17 19 A'
643 297 11 11 e
668 290 1 25 .
677 297 34 18 api?
733 290 2 25 !
743 297 38 12 pom
805 290 2 25 :
816 290 45 18 >mdi
884 296 27 12 ma
931 290 3 25 .

505 318 13 19 A
546 317 76 19 certain
649 316 84 20 faithful
758 316 108 24 Abdallah,
882 322 39 13 com-

504 342 105 21 missioned
619 342 28 26 by
654 342 72 27 Major
733 342 98 26 Wingate
849 344 22 17 to
889 348 40 12 r.:-s-

503 369 78 20 ---cuethe
591 369 86 25 captive,
690 369 112 24 performed
814 369 33 19 the
859 367 76 21 service

503 398 22 17 at
535 395 34 19 the
579 395 52 26 peril
642 395 22 19 of
675 395 30 19 his
715 395 43 19 life.
795 395 67 24 Every
884 394 50 25 peril

504 421 39 20 had
553 421 26 19 its
598 421 110 25 duplicate.
742 421 99 19 Abdallah
862 421 36 18 had
915 423 21 17 to

504 449 106 24 penetrate
620 450 20 16 to
652 448 34 19 the
693 447 71 25 depths
776 447 21 19 of
807 447 34 19 the
852 447 80 19 Soudan

505 476 20 17 to
546 473 130 24 Omdurman,
701 473 62 20 which
786 473 18 18 is
824 473 110 25 perilously

505 507 52 17 near,
568 501 22 19 to
602 500 41 19 find
652 501 33 19 the
695 499 97 26 unhappy
809 500 69 25 priest,
897 499 38 19 and

506 527 48 19 then
564 529 22 17 to
596 526 60 25 bring
665 527 39 19 him
716 527 50 18 back
776 527 64 24 again.
857 526 32 19 lie
899 525 36 19 had

506 554 49 19 been
566 553 90 24 engaged
668 553 19 19 in
705 553 40 18 this
765 553 46 19 task
831 552 32 19 for
882 551 54 25 eight

507 580 86 19 months.
621 579 33 19 He
664 579 37 19 had
710 579 43 19 hair
763 578 83 20 bivadth
856 584 81 18 escapes

508 613 25 13 on
543 605 34 19 the
586 605 88 26 journey
681 608 36 16 out
724 605 38 19 and
770 611 25 13 on
807 605 32 19 the
850 603 87 25 journey

508 633 62 18 home.
602 632 32 19 He
644 632 36 18 had
694 631 30 20 bis
732 637 44 13 own
786 638 42 16 way
838 630 23 19 of
870 636 55 20 escap-

508 658 34 25 ing
557 658 52 19 from
629 658 60 19 them.
730 658 26 19 In
781 664 37 12 one
841 656 98 23 instance,

510 685 55 18 when
576 685 64 18 under
650 686 66 17 arrest
723 690 21 13 as
754 690 12 13 a
776 690 36 18 spy
823 682 24 20 he
858 683 71 20 establi-

510 710 48 20 shed
569 711 30 18 his
614 710 103 20 character
727 717 21 12 as
768 717 10 12 a
797 710 50 25 good
867 710 72 19 citizen

510 737 20 19 of
542 736 34 19 the
586 737 68 19 desert
668 736 26 26 by
712 735 71 27 taking
802 743 10 12 a
831 736 53 19 wife.
913 735 26 20 At

510 762 71 25 length
602 763 24 19 ho
644 762 83 21 reached
748 762 34 19 the
802 762 40 19 end
866 762 21 19 of
906 761 34 19 the

511 788 67 24 world,
598 789 68 24 being,
684 790 20 18 in
729 789 57 25 point
811 789 21 18 of
850 788 91 20 distance

511 815 51 20 from
586 815 128 25 civilisation,
735 816 62 19 about
819 821 21 14 as
864 814 31 19 far
920 821 20 12 as

513 841 121 23 Khartoum,
643 842 63 19 which
724 842 17 19 it
758 842 73 19 almost
849 840 90 19 touches.

513 868 38 19 His
562 875 43 12 new
616 867 97 27 difficulty
724 875 38 12 was
770 870 20 17 to
802 867 39 18 find
852 866 33 20 the
896 873 44 12 man

513 894 24 19 ho
546 894 38 19 had
595 901 55 13 come
658 896 20 17 to
689 894 52 20 seek.
753 895 29 18 At
790 893 69 25 length
868 892 24 20 he
903 892 28 19 dis-

513 921 84 19 covered
608 921 44 18 that
663 927 11 14 a
687 920 59 21 little,
757 925 107 19 careworn,
885 925 49 19 grey

512 946 68 19 haired
592 946 70 20 waiter
673 946 19 20 in
703 953 11 12 a
722 946 50 23 cafe,
788 946 47 18 with
856 946 76 23 nothing-

514 973 68 25 bright
592 973 62 20 about
670 972 37 18 liim
719 972 36 20 but
774 972 31 19 his
823 972 47 19 blue
888 977 53 18 eyes,

513 1005 40 14 was
569 1006 25 13 no
617 999 56 19 other
696 999 48 19 than
769 999 33 19 the
823 997 115 24 missioDar)

513 1026 68 24 priest.
610 1025 32 20 He
652 1024 77 27 slipped
747 1033 11 11 a
780 1024 46 20 card
845 1024 46 20 into
908 1024 34 19 the

513 1051 85 20 waiter's
609 1051 58 24 band,
680 1052 79 19 written
770 1051 21 20 in
811 1058 71 19 speecu
894 1050 47 20 with

513 1077 61 20 which
586 1078 23 19 he
621 1085 38 12 was
670 1078 92 23 familiar,
783 1078 39 18 and
840 1077 34 19 the
894 1077 47 26 p'an

513 1104 21 19 of
543 1110 71 20 escape
626 1111 38 12 was
675 1111 47 12 soon
737 1103 105 26 arranged.
871 1104 21 18 It
903 1110 39 12 was

512 1132 42 21 not,
565 1130 97 23 however,
673 1131 63 25 easily
746 1130 77 20 carried
835 1132 42 17 out.
901 1130 41 18 The

511 1157 70 18 waiter
591 1159 36 22 got
637 1156 55 21 ''sick
790 1157 34 19 for
843 1163 9 12 o
864 1155 48 20 visit
922 1157 20 17 to

513 1183 121 23 Khartoum,
644 1183 38 19 aud
694 1183 75 24 finally,
780 1183 20 19 in
821 1183 89 23 diegui;><?
920 1181 22 19 of

511 1216 11 12 a
532 1209 54 19 slave
602 1209 22 19 of
642 1211 35 18 ti>e
695 1209 82 19 faithful
797 1208 107 24 Abdallan,
917 1208 25 20 he

513 1235 55 19 made
579 1235 30 19 his
621 1235 47 19 dash
677 1237 31 18 for
720 1235 88 20 freedom
820 1242 67 12 across
908 1234 33 20 the

511 1261 73 19 almost
595 1263 97 19 trackless
703 1262 62 19 wilds.
803 1261 42 19 The
865 1263 40 17 rest
924 1261 8 18 i-

512 1294 49 13 uure
588 1289 93 19 'Arabian
716 1287 82 27 N'ghts'
823 1294 20 12 as
864 1288 21 18 to
908 1286 33 20 the

511 1315 107 23 incidents,
631 1315 91 24 but-very
743 1314 58 20 sober
820 1313 57 20 truth
888 1320 22 12 as
920 1315 21 17 t->

512 1341 34 19 the
565 1341 105 19 narrative.
723 1339 98 22 Abdullah
837 1347 40 12 was
896 1339 44 20 well

511 1366 92 26 supplied
616 1367 47 19 with
678 1374 76 20 money,
767 1367 39 19 and
825 1366 24 20 he
868 1366 42 19 had
931 1372 10 13 a

511 1393 59 26 ready
583 1395 82 23 tongue,
687 1394 45 24 ami,
753 1393 87 21 between
861 1392 79 25 bribery

511 1419 38 20 and
572 1419 98 28 bullying,
695 1420 24 20 ho
743 1419 81 22 worried
849 1419 30 20 his
900 1425 41 20 way

512 1445 86 27 through
623 1446 47 22 with
697 1446 31 20 his
752 1445 88 22 terrified
862 1446 72 26 charge

512 1472 64 20 Deoth
588 1473 64 21 would
670 1473 95 26 probably
785 1473 50 20 have
844 1473 50 20 been
907 1472 34 21 the

511 1499 79 21 instant
603 1501 81 26 penally
694 1500 23 20 of
736 1500 102 26 discovery
849 1499 32 21 for
894 1499 46 20 both

511 1527 22 19 of
556 1527 61 26 them,
636 1530 39 17 and
699 1528 19 20 in
744 1534 58 19 many
826 1533 11 13 a
859 1526 81 20 terrible

511 1555 83 24 quarter
608 1554 22 20 of
640 1561 25 13 an
683 1554 50 21 hour
751 1555 47 24 they
819 1555 54 18 mutt
891 1553 50 20 have

512 1580 38 19 felt
560 1580 34 20 the
605 1587 47 19 very
664 1581 59 20 touch
736 1580 20 20 of
771 1581 29 19 his
821 1581 52 23 wing
884 1586 21 14 fta
917 1579 24 21 he

513 1606 76 27 passed,
618 1606 50 21 All's
681 1607 42 22 well
735 1607 44 21 that
789 1607 48 21 ends
849 1607 50 21 well.

538 1633 41 20 The
590 1634 60 26 Daily
664 1633 60 21 News
741 1635 59 20 Cairo
821 1639 106 20 correspon-

512 1659 48 21 dent
570 1659 54 27 gives
635 1661 55 20 these
697 1661 72 20 details
780 1660 25 22 of'
817 1660 34 21 the
871 1666 70 15 rescue

671 1691 30 17 set
720 1691 35 17 out
774 1687 32 21 for
826 1687 75 21 Berber
920 1688 19 20 in

511 1717 55 17 June
576 1713 46 26 la-1,
642 1713 38 21 and
699 1714 76 21 arrived
797 1713 57 21 there
870 1721 25 13 on
906 1714 35 21 the

512 1739 47 21 13th
570 1741 22 19 of
603 1741 45 20 that
659 1742 74 20 month.
769 1742 31 18 He
819 1748 40 13 was
877 1741 62 20 srized

511 1774 25 12 on
548 1773 12 14 a
576 1765 74 28 charge
666 1767 23 21 cf
708 1769 58 24 being
784 1775 10 12 a
812 1774 43 19 spy,
871 1768 37 19 but
917 1768 24 20 he

511 1794 108 19 succeeded
635 1795 20 19 iu
674 1795 92 25 averting
792 1795 101 25 suspicion
915 1795 24 24 by

511 1821 106 24 marrying,
628 1821 38 19 and
677 1821 53 19 after
741 1823 38 17 two
800 1821 78 19 months
897 1824 44 23 stay

511 1847 19 18 in
555 1847 75 19 Berber
650 1847 23 19 he
694 1847 101 20 contrived
821 1851 19 15 to
860 1855 79 18 escape.

513 1873 31 19 He
553 1873 56 20 made
630 1873 29 20 bis
681 1881 40 18 way
741 1876 21 17 to
782 1874 124 19 Omdurman
916 1881 24 12 on

510 1907 11 12 a
531 1900 85 25 donkey,
628 1901 37 18 and
677 1901 56 18 there
743 1900 62 26 began
824 1901 30 19 his
865 1901 71 19 search

510 1925 33 21 for
550 1926 76 21 Father
641 1926 123 27 llossignoli,
783 1927 63 19 whom
859 1927 23 19 he
903 1927 36 19 had

510 1955 55 22 great
576 1953 98 25 difficulty
688 1953 22 19 iu
729 1953 83 25 finding,
831 1953 54 20 since
908 1953 33 20 the

510 1979 60 19 latter
582 1986 39 12 was
632 1979 72 20 known
724 1981 93 24 amongst
836 1980 35 19 the
891 1980 41 19 Der

511 2006 63 18 vishes
584 2006 65 19 under
660 2006 32 19 the
704 2006 54 19 Arab
770 2013 57 12 name
837 2006 21 19 of
870 2006 58 19 Sabal-

509 2031 101 20 el-Kheir.
654 2032 64 19 When
737 2039 11 12 a
768 2032 46 26 plan
833 2032 39 20 had
892 2033 48 19 been

510 2058 71 24 agreed
593 2065 52 17 upon
656 2058 76 20 Father
751 2058 115 26 Rossiguoli
887 2061 55 17 went

510 2084 46 19 with
565 2084 107 23 Abdallah,
680 2086 103 24 disguised
791 2093 20 11 as
822 2086 30 18 his
860 2086 53 19 slave
920 2088 21 16 to

509 2117 11 13 a
531 2115 55 20 place
595 2119 11 11 a
616 2120 35 10 iew
661 2117 56 14 tunea
724 2114 80 18 ou'ieiue
812 2112 129 24 Oujuuruian,

510 2141 64 20 wiiere
584 2139 47 28 tiiey
642 2141 115 20 concealed'
768 2138 118 23 themselves
898 2141 37 18 dur

509 2174 34 19 ing
551 2172 33 15 ihe
595 2167 88 25 daytime
703 2167 19 20 in
742 2174 53 13 some
815 2167 63 23 ruins,
908 2167 30 20 On

508 2194 90 25 arriving
609 2201 47 12 near
664 2194 75 19 llerber
751 2194 47 25 they
808 2194 63 19 found
883 2193 57 20 there

508 2227 38 13 was
556 2228 25 12 no
590 2220 113 26 possibility
711 2221 21 19 of
739 2221 94 24 avoiding
842 2220 33 21 the
883 2220 55 25 ferry

508 2253 65 14 across
584 2247 33 20 the
632 2247 57 20 river.
728 2247 54 22 They
802 2247 97 20 succeded
918 2247 21 19 in

507 2274 73 19 acrossi
584 2281 9 6 -1
598 2281 12 17 g
621 2273 33 20 the
664 2274 55 24 ferry
739 2273 86 20 without
845 2274 83 19 molesta-

508 2300 47 24 tion,
567 2303 38 16 and
616 2297 102 23 Abdallah
725 2300 99 24 conveyed
835 2300 34 19 the
877 2300 63 26 priest

507 2328 21 17 to
538 2333 12 14 a
560 2327 56 25 place
626 2326 22 19 of
658 2326 75 25 hiding.
771 2327 32 19 He
823 2333 45 14 was,
889 2326 39 19 how-

506 2359 52 17 ever,
572 2353 133 24 immediately
716 2354 87 19 arrested
812 2360 23 12 on
847 2359 10 14 a
870 2352 72 26 charge

508 2379 21 19 of
551 2380 118 24 concealing
691 2386 12 12 a
727 2379 108 24 Christian,
866 2378 76 21 !father

508 2406 115 24 Kossignoli
654 2406 74 25 having
747 2406 50 19 been
821 2405 115 25 recognised

508 2439 21 12 as
548 2432 48 19 such
621 2439 23 12 on
670 2432 60 19 beard
755 2432 35 21 the
811 2432 55 25 ferry
891 2432 51 20 boat.

509 2458 99 19 Abdallah
634 2465 39 13 was
694 2460 78 18 thrown
798 2458 44 20 into
868 2458 73 26 prison,

508 2484 38 19 and
558 2484 35 20 the
610 2488 53 17 town
685 2492 38 12 wa-s
744 2486 96 23 scourged
857 2485 33 19 for
909 2485 33 19 the

511 2510 66 25 priest,
589 2511 33 19 bul
639 2511 85 20 without
742 2518 86 17 success,
848 2519 22 12 so
894 2511 38 19 ikil-

509 2537 52 25 fully
570 2538 38 18 had
621 2538 27 19 his
659 2538 69 25 hiding
737 2538 55 25 place
802 2538 47 19 been
861 2538 79 19 chosen.

510 2564 29 25 By
550 2564 80 25 bribing
641 2564 29 19 his
685 2566 79 22 gaolers
781 2564 35 19 the
837 2564 56 19 Arab
913 2571 19 12 re-

510 2590 70 25 gained
592 2590 29 19 his
630 2590 97 20 freedom.
755 2590 49 20 Five
823 2591 48 25 days
891 2590 50 20 later

511 2616 100 20 Abdallah
621 2616 77 26 bought
710 2616 85 20 another
814 2617 68 24 camel,
902 2617 39 19 and

510 2649 24 13 on
546 2643 33 19 the
604 2644 57 24 night
680 2644 21 18 of
720 2644 34 19 the
773 2644 34 19 fhh
827 2644 114 19 JN'ovember

510 2669 74 19 Father
608 2669 121 25 Eossignoli,
750 2670 140 26 accompanied
915 2670 24 26 by

511 2695 29 19 his
550 2696 85 19 faithful
642 2696 66 26 guide,
722 2698 33 24 got
763 2697 51 19 clear
822 2703 56 19 away
889 2696 50 19 from

510 2722 80 20 Berber.
626 2723 42 19 The
690 2722 98 26 fugitives
809 2723 130 26 experienced

511 2751 56 22 great
579 2749 103 22 hardships,
689 2750 20 18 in
722 2750 143 25 their-journey
875 2756 65 13 across

511 2776 33 18 the
569 2775 72 24 desert,
656 2778 57 18 dates
736 2776 38 21 aud
795 2777 62 19 dultra
882 2776 58 26 beiug

502 2801 1 28 :
511 2801 51 20 their
574 2802 45 24 only
631 2802 53 20 food.
714 2802 132 26 Throughout
855 2803 30 19 his
897 2805 33 24 try-

510 2827 33 26 ing
567 2828 39 20 and
631 2829 86 25 perilous
735 2829 86 27 journey
840 2830 99 19 Abdallah

510 2855 102 24 displayed
633 2855 34 20 the
690 2858 75 18 utmost
791 2856 91 20 heroism.
911 2858 29 18 At

510 2882 73 18 several
595 2881 66 27 pointe
674 2889 24 12 op
710 2883 34 19 the
755 2889 64 20 we».ry
830 2883 67 20 march
904 2883 35 21 the

511 2907 77 25 priest's
599 2909 91 26 strength
702 2916 49 20 gave
764 2916 47 19 way,
820 2910 37 19 and
870 2909 18 21 it
899 2917 40 12 was

509 2933 48 26 only
567 2933 25 27 by
602 2935 122 27 supporling
732 2935 40 21 hitn
798 2936 18 21 in
841 2936 27 21 Ins
889 2943 51 15 arms

502 2966 32 14 lon
546 2960 35 21 the
588 2961 80 21 camel'•«
677 2962 50 20 back
737 2963 46 20 that
802 2963 33 20 the
854 2964 84 21 devoted

508 2987 60 25 guide
578 2989 107 19 succeeded
705 2989 20 20 in
737 2990 111 27 conveying
867 2990 39 22 him
920 2997 19 14 to

502 3011 1 24 l
510 3011 10 21 h
530 3020 9 12 s
550 3013 59 21 destii

508 3080 50 19 TOO
570 3080 83 21 MANY
667 3081 158 24 CLAIMANTS
839 3086 33 19 TO
882 3087 57 19 THE

665 3107 120 23 THRONE.

533 3158 17 19 A
561 3160 69 24 miner,
640 3161 64 25 'being
713 3161 79 21 curious
808 3165 18 18 to
835 3164 59 20 know
906 3165 32 20 the

508 3184 103 21 character
619 3187 21 19 of
654 3187 94 21 Eaiidel's
767 3192 58 22 great
833 3191 61 19 work,
906 3193 33 17 the

511 3217 75 12 ••■''l'.-si
602 3213 19 22 i.,
625 3214 10 8 :;
648 3213 64 20 which
725 3214 26 20 3ie
766 3215 39 19 hiul
823 3217 116 26 frequently

507 3236 60 20 heard
578 3239 85 24 praised,
676 3245 50 14 wont
736 3243 20 16 to
767 3241 49 19 hear
826 3243 20 23 it,
859 3243 39 19 and
908 3251 21 11 ar-

506 3262 55 19 rived
581 3264 78 24 shortly
676 3265 70 20 before
757 3267 35 20 the
802 3274 106 14 occurenco
919 3270 20 19 of

506 3288 33 19 the
550 3289 81 20 famous
642 3291 72 19 chorus
764 3299 31 14 am
807 3294 33 19 the
856 3295 54 26 King
919 3297 20 18 of

619 3317 33 19 Ho
663 3317 57 20 made
730 3318 32 19 his
767 3321 76 18 retreat
847 3320 54 21 fioni
905 3322 34 19 the

507 3339 40 20 hall
564 3344 31 16 not
608 3342 48 26 long
675 3343 124 26 afterwards,
819 3346 40 19 and:
878 3347 61 26 being

507 3366 60 20 asked
580 3367 25 26 by
616 3375 14 12 si
640 3375 30 13 me
685 3370 154 24 acquaintances
854 3374 45 23 why
915 3374 24 19 he

508 3391 35 20 left
553 3393 70 20 before
635 3394 33 20 the
677 3396 39 18 end
726 3396 21 19 of
757 3396 33 20 the
800 3401 79 17 concert
888 3405 51 19 gave

506 3417 33 20 the
550 3419 104 27 following
665 3421 135 25 explanation:

633 3446 26 20 he
668 3447 44 19 said
778 3455 38 14 wes
832 3450 105 26 beggowin

506 3469 46 23 ~'((d
562 3473 21 16 to
593 3474 33 21 got
635 3475 33 16 oot
677 3473 49 19 safe
754 3474 45 20 You
809 3476 50 25 chap
867 3480 34 22 gat
913 3484 26 19 up

506 3495 32 19 <in'
562 3496 57 20 baals
643 3501 37 19 oot,
708 3499 63 20 'Aa'm
794 3501 35 19 tho
838 3502 58 26 King
919 3504 21 18 of

505 3521 76 25 Glory.'
610 3524 90 25 Directly
711 3525 50 20 efter
771 3528 87 20 anuther
870 3528 69 26 jumps

506 3553 26 19 up
543 3549 31 18 an'
585 3549 51 25 yells
647 3550 61 23 ,'A'i's
718 3551 34 20 the
761 3552 58 25 King
829 3554 20 18 iv
860 3554 76 25 Glory.'

503 3573 33 18 No
546 3575 68 19 sunior
625 3582 39 13 wes
674 3577 26 18 he
710 3577 52 20 doon
776 3579 50 19 than
840 3586 28 19 up
879 3583 60 17 starts

502 3599 87 20 anuther
607 3601 51 26 chop
678 3603 32 19 an'
731 3610 85 14 screams
828 3610 41 19 oor,
886 3607 53 19 'Art's

502 3624 34 20 tho
546 3626 58 25 King
613 3627 17 19 iv
643 3628 82 24 Glory.'.
754 3629 57 20 Then
828 3631 34 19 the
872 3633 67 19 whole

501 3650 28 19 lot
538 3650 68 26 began
614 3655 21 17 to
644 3654 47 24 yell,
713 3654 52 21 'Aa's
785 3656 33 20 the
840 3658 55 25 King
913 3659 20 19 iv

500 3676 76 26 Glory,'
587 3685 31 16 an,
630 3685 22 12 as
663 3686 34 13 sua
707 3681 45 19 thor
762 3688 38 13 wes
811 3690 55 18 gaun
877 3686 19 18 to
906 3685 25 19 be

499 3708 12 13 a
520 3709 46 13 row.
579 3710 25 13 aa
612 3711 44 12 cam

951 138 57 19 THE
1022 137 195 20 GOTHENBURG
1230 136 154 20 LICENSING

1108 163 113 19 SYSTEM.

978 216 41 19 Hie
1029 215 85 20 London
1123 216 67 18 Times
1199 222 12 12 a
1220 215 40 19 few
1270 214 66 21 weeks
1346 221 39 18 ago

952 241 80 26 pointed
1044 243 34 17 out
1086 241 44 19 that
1139 248 25 12 on
1174 241 35 19 the
1228 247 54 14 same
1292 241 40 24 day
1341 241 44 19 that

952 268 33 18 Mr
1001 267 143 19 Chamberlain
1159 274 40 12 was
1223 267 120 24 advocating
1365 267 20 18 in

952 293 84 19 London
1047 293 33 19 tho
1091 300 58 12 cause
1168 293 22 19 of
1199 293 102 20 moderate
1311 293 75 19 reform

953 326 26 12 on
999 319 34 19 the
1056 319 50 19 Hne3
1130 319 21 20 of
1174 320 33 18 the
1238 319 147 19 Scandinavian

953 350 80 21 system,
1058 345 34 19 tho
1114 345 125 24 Norwegian
1259 345 126 24 Legislature

954 371 86 26 adopted
1052 378 13 12 a
1082 371 37 19 law
1134 371 130 24 introducing
1282 377 54 13 some
1345 371 28 18 im-

954 399 81 24 portant
1047 397 117 19 alterations
1187 397 50 19 with
1255 396 35 19 the
1313 397 74 25 special

954 428 92 21 purpose,
1058 429 22 12 as
1089 423 17 18 it
1119 428 58 17 were,
1189 423 22 18 of
1219 423 91 24 meeting
1319 429 37 12 one
1366 423 21 18 of

955 450 33 18 tho
999 448 111 26 objections
1128 451 20 16 to
1159 449 66 18 which
1243 448 87 19 allusion
1346 455 41 12 was

955 475 57 19 made
1022 475 21 18 in
1052 474 35 19 the
1105 474 97 19 Unionist
1211 474 85 19 leader's
1308 475 78 25 speech.

955 502 42 17 Tho
1006 500 99 26 principle
1123 500 21 19 of
1154 500 114 24 entrusting
1278 500 34 19 tho
1321 501 66 25 liquor

955 527 57 19 trade
1021 527 22 18 cf
1052 526 49 19 each
1110 526 78 19 district
1206 528 20 17 to
1237 532 12 13 a
1258 526 69 25 public
1336 533 39 12 com-

955 559 60 19 pany,
1026 553 21 18 in
1058 552 65 19 whom
1133 552 34 19 the
1176 552 100 25 licensing
1286 552 102 25 authority

956 580 17 17 is
983 578 122 23 exclusively
1114 578 74 23 vested,
1205 578 16 19 is
1232 578 106 20 confirmed
1348 578 40 19 and

957 604 105 23 extended,
1086 600 38 23 but
1146 604 93 19 material
1253 604 87 25 changes
1355 610 33 13 are

957 631 57 19 made
1021 630 23 19 in
1052 630 35 19 the
1097 630 130 19 distribution
1235 631 21 18 of
1265 631 75 25 profits.
1368 630 20 18 It

957 658 17 18 is
984 663 37 13 one
1040 656 21 20 of
1075 656 33 19 the
1127 656 100 20 favourite
1242 658 117 24 arguments
1368 656 21 18 of

958 684 34 18 the
1014 684 112 23 opponents
1149 682 21 20 of
1184 682 34 20 tho
1242 681 147 21 Scandinavian

959 711 73 22 system
1051 707 49 25 that,
1117 708 105 20 inasmuch
1232 716 22 11 as
1272 709 34 18 tho
1320 707 69 26 profits

959 736 50 18 have
1019 734 50 19 been
1087 734 88 19 hitherto
1192 734 78 26 largely
1279 733 80 26 applied
1369 735 20 17 to

959 766 97 20 purposes
1073 760 66 20 which
1157 761 68 19 would
1241 760 105 19 otherwise
1364 759 26 19 bu

959 787 97 24 defrayed
1074 788 35 17 out
1127 786 21 20 of
1157 787 61 24 rates,
1228 786 57 19 there
1295 787 53 18 must
1357 785 31 23 be,

960 813 40 19 and
1010 813 55 19 often
1079 813 36 18 has
1126 812 55 23 been,
1194 818 12 13 a
1214 812 98 24 tendency
1322 818 23 12 on
1357 812 33 18 the

960 841 45 23 part
1015 839 21 19 of
1046 838 33 19 the
1098 840 122 22 ratepayers,
1234 837 88 26 through
1338 837 52 19 their

960 863 155 27 representative
1139 863 75 24 bodies,
1235 865 21 18 to
1280 869 110 20 encourage

960 891 33 19 tho
1001 891 41 18 sale
1052 890 21 19 of
1083 890 57 18 drink
1151 890 40 18 and
1210 890 103 24 generally
1332 891 20 18 to
1361 890 20 18 in-

960 923 66 13 crease
1049 916 33 19 the
1106 917 69 23 profits
1199 916 20 19 of
1236 916 34 18 tho
1286 916 55 19 trade
1364 916 27 24 by

960 942 90 19 methods
1059 942 74 24 clearly
1146 942 144 24 incompatible
1300 942 48 19 with
1358 942 34 19 the

960 968 103 25 professed
1073 968 76 24 objects
1159 968 21 19 of
1186 968 35 19 the
1235 970 80 22 system.
1343 968 49 19 This

960 996 106 22 argument
1086 994 40 19 will
1141 994 119 19 henceforth
1279 994 40 19 lose
1330 994 48 19 what-

961 1027 45 12 ever
1015 1020 52 19 little
1077 1022 53 17 force
1140 1020 15 19 it
1166 1027 45 17 may
1219 1020 53 19 have
1281 1020 109 24 possessed.

960 1046 26 19 In
1004 1047 69 18 future
1091 1046 47 24 only
1153 1047 23 18 15
1195 1053 37 18 per
1254 1048 45 17 cent
1321 1046 20 19 </f
1358 1046 34 18 the

962 1073 68 24 profits
1054 1072 40 20 will
1117 1079 25 18 go
1172 1074 20 17 to
1215 1072 35 19 the
1273 1071 117 20 Communal

960 1099 105 24 Treasury,
1078 1100 23 17 20
1112 1105 35 18 per
1165 1100 46 17 cent
1220 1101 20 15 to
1250 1098 34 19 tho
1294 1104 97 19 company

960 1124 32 19 for
1007 1124 129 19 distribution
1153 1126 95 22 amongst
1266 1127 125 22 temperance

960 1150 40 18 and
1010 1150 56 19 other
1076 1150 111 18 charitable
1197 1150 130 23 institutions,
1340 1149 52 20 after

960 1176 108 25 providing
1084 1176 33 18 the
1126 1175 54 25 legal
1190 1177 43 17 rato
1243 1177 22 17 of
1273 1176 83 18 interest
1366 1182 25 12 on

960 1202 79 24 capital,
1055 1202 39 18 and
1113 1201 34 19 the
1159 1201 83 21 balance
1244 1201 111 26 —namely,

961 1234 34 18 per
1017 1230 44 17 cent
1063 1227 67 19 —will
1148 1227 25 19 be
1187 1227 48 26 paid
1249 1234 47 12 over
1314 1230 19 16 to
1357 1228 33 18 the

960 1254 55 18 State
1034 1254 31 18 for
1075 1253 34 19 the
1124 1254 108 18 formation
1249 1254 21 18 of
1287 1260 13 12 a
1318 1254 73 25 special

959 1280 57 23 fund,
1028 1280 21 18 of
1059 1279 65 19 which
1134 1280 33 18 the
1178 1280 122 25 application
1309 1280 17 19 is
1336 1282 20 17 to
1366 1279 25 20 be

960 1305 92 26 specilied
1084 1307 21 17 at
1128 1312 11 12 a
1171 1306 51 18 later
1244 1305 53 20 date.
1331 1305 21 19 It
1375 1306 16 18 is

960 1331 103 26 generally
1081 1331 122 20 understood
1223 1332 45 19 that
1286 1332 40 19 this
1340 1332 52 19 fund

960 1357 40 21 will
1022 1357 114 25 ultimately
1159 1357 26 20 be
1208 1357 85 20 devoted
1315 1361 19 16 to
1357 1358 34 19 the

960 1384 87 20 creation
1057 1384 21 19 of
1087 1384 81 24 old-ago
1178 1384 102 24 pensions.

959 1432 56 19 THE
1025 1431 138 20 MONEYED
1179 1431 163 20 MILITARISM
1358 1431 33 20 OF

1030 1457 58 21 THE
1097 1457 109 22 UNITED
1217 1457 105 22 STATES.

984 1510 20 22 A
1012 1510 115 28 prominent
1140 1510 80 21 feature
1229 1510 21 21 in
1261 1511 33 20 the
1305 1510 85 21 October

958 1536 67 21 Arena
1044 1538 16 19 is
1075 1537 34 20 the
1139 1538 61 19 series
1223 1538 22 19 of
1263 1538 87 26 pictures
1369 1538 21 19 of

960 1562 4 23 '
972 1562 128 23 Armouries'
1124 1563 21 20 in
1169 1564 158 21 Massachusetts
1350 1564 37 19 udc!

958 1590 49 21 New
1026 1589 63 25 York,
1101 1590 65 21 which
1185 1596 122 20 accompany
1323 1590 32 20 Sir
1365 1590 23 21 B.

958 1616 94 21 Flower's
1076 1616 108 26 indignant
1211 1620 76 24 protest
1310 1617 77 25 againsi

960 1642 428 27 'Plutocracy'sßastiles/ashecaUethem,

958 1670 64 20 Thcso
1042 1672 108 17 structures
1160 1677 34 12 are
1204 1670 62 25 being'
1276 1669 76 22 erected
1364 1670 26 25 by

958 1695 34 22 the
1002 1696 144 26 subscriptions
1158 1696 21 20 of
1189 1697 116 25 capitalists.
1333 1695 57 27 They

958 1729 33 13 are
1002 1725 67 17 meant
1078 1727 20 15 to
1108 1728 96 19 overawe,
1223 1729 27 18 or,
1263 1723 15 19 if
1297 1722 50 21 need
1357 1722 31 23 be,

958 1752 19 17 to
988 1749 59 19 crush
1056 1749 35 19 the
1108 1748 75 27 risings
1197 1750 21 19 of
1234 1750 34 19 the
1282 1749 108 26 oppressed

958 1782 54 19 poor.
1040 1775 56 25 They
1106 1782 33 12 are
1158 1775 82 20 cifadels
1251 1774 20 22 of
1290 1778 34 16 the
1334 1782 56 18 arm)'

958 1803 21 19 of
1000 1802 123 25 occupation.
1151 1802 114 25 Organised
1279 1802 74 19 wealth
1373 1803 17 17 is

958 1828 89 19 alarmed
1073 1828 26 25 by
1120 1831 67 16 recent
1207 1828 127 25 mutterings,
1350 1828 39 18 and

959 1854 55 19 looks
1024 1857 20 16 to
1054 1854 34 18 the
1104 1854 74 19 soldier
1194 1856 20 18 to
1224 1855 58 18 shoot
1292 1855 58 18 clown
1364 1855 26 17 its

958 1880 113 19 assailants.
1099 1880 33 19 lie
1148 1880 90 20 remarks
1249 1887 25 12 on
1298 1880 33 19 the
1349 1881 41 17 fact

958 1907 44 18 that
1025 1906 34 19 the
1082 1912 94 19 armoury
1194 1907 22 19 of
1239 1906 4 25 '
1254 1907 34 18 the
1303 1906 87 19 Seventh

959 1931 108 26 Regiment
1083 1933 21 18 of
1122 1932 51 20 Now
1196 1933 119 18 York—not
1334 1933 45 24 inap-

959 1958 122 25 propriately
1104 1959 76 18 termed
1200 1958 4 25 '
1214 1959 33 19 the
1270 1959 43 19 rich
1326 1958 64 19 man's

958 1984 207 25 regiment'—which
1178 1985 38 18 has
1235 1987 41 17 cost
1296 1984 69 25 nearly
1378 1990 12 13 a

959 2011 77 18 million
1059 2010 79 24 dollars,
1163 2011 16 18 is
1196 2011 42 19 free
1261 2011 52 19 from
1328 2010 48 19 debt
1386 2010 4 24 '

959 2037 42 18 The
1019 2038 52 17 state
1090 2037 39 18 and
1150 2037 34 19 the
1203 2039 73 23 county
1292 2043 50 13 were
1357 2038 34 17 not

959 2063 62 19 asked
1027 2063 31 18 for
1068 2069 11 12 a
1086 2065 50 17 cent.
1164 2063 34 19 All
1208 2063 40 19 this
1255 2069 71 19 money
1336 2069 54 13 came

959 2088 83 26 directly
1049 2089 50 18 from
1107 2089 34 18 the
1148 2089 83 25 pockets
1239 2090 21 18 of
1270 2089 120 20 indviduals.

984 2114 26 18 Tu
1029 2114 34 18 fchs
1082 2114 62 18 wards
1165 2116 21 12 ~*
1202 2122 9 6 «
1237 2121 64 9 «nn
1316 2115 74 14 r,n„<-W

960 2149 45 13 man
1014 2150 32 12 :-■—

987 2169 58 19 'You
1052 2175 38 17 see,
1102 2168 40 20 this
1156 2168 101 26 regiment
1265 2168 17 19 is
1296 2168 57 19 made
1364 2174 28 19 up

960 2196 21 18 of
990 2195 43 19 rich
1042 2194 63 19 men's
1124 2201 45 12 sons
1179 2194 41 19 and
1238 2201 46 12 men
1302 2194 21 19 in
1339 2201 39 17 sym-

960 2221 63 25 pathy
1045 2220 48 21 with
1118 2221 93 24 wealthy.
1238 2220 42 19 The
1304 2220 86 19 Seventh

960 2246 108 26 Regiment
1085 2253 37 12 can
1139 2247 36 18 ask
1185 2246 100 26 anything
1295 2246 15 19 it
1319 2246 73 19 wishes

960 2274 21 19 of
990 2273 34 19 the
1038 2273 42 19 rich
1096 2279 45 12 men
1151 2274 21 17 of
1188 2273 51 19 New
1253 2272 63 24 York,
1327 2272 40 19 and
1376 2272 15 19 it

960 2300 40 19 will
1019 2302 34 22 got
1062 2300 21 23 it,
1103 2299 32 19 for
1144 2299 49 25 they
1211 2299 60 19 know
1291 2298 46 25 chey
1355 2305 37 12 can

960 2326 79 25 depend
1054 2331 54 20 upon
1123 2325 44 19 that
1186 2325 99 25 regiment
1304 2325 19 19 in
1334 2325 58 19 times

960 2352 21 19 of
1000 2351 91 20 trouble.'
1119 2351 56 19 Thou
1192 2351 26 19 he
1237 2351 62 19 added
1315 2351 68 24 signifi-

960 2378 73 25 cantly,
1052 2377 4 26 '
1064 2378 42 18 The
1125 2377 73 19 militia
1216 2377 21 19 of
1244 2377 50 19 New
1309 2377 56 19 York
1375 2377 17 19 is

960 2404 61 25 being
1051 2403 77 26 largely
1156 2403 91 19 oiliccrcd
1278 2403 52 19 from
1358 2403 33 20 the

960 2430 89 19 Seventh
1058 2429 123 26 Regiment.'

986 2457 42 18 The
1051 2455 75 20 Boston
1150 2455 73 20 Cadets
1246 2456 17 18 is
1281 2463 11 11 a
1315 2455 77 19 similar

960 2482 141 26 organisation,
1118 2481 40 19 and
1174 2482 17 18 is
1201 2482 105 24 composed
1313 2481 78 26 largely

960 2509 21 19 of
990 2508 42 21 rich
1042 2508 63 22 men's
1120 2514 46 12 sous
1177 2507 39 19 and
1226 2508 76 18 friends
1312 2508 20 18 of
1348 2508 42 18 rich

960 2541 51 13 men.
1039 2534 41 19 The
1091 2533 129 26 magnificent
1237 2540 93 20 armoury
1346 2540 44 13 now

959 2560 138 26 approaching
1123 2560 121 25 completion
1267 2560 46 23 will,
1338 2560 15 18 it
1373 2560 17 18 is

959 2586 111 23 estimated,
1101 2589 42 16 cost
1175 2586 90 19 between
1292 2586 97 24 $300,000

959 2613 39 18 and
1009 2613 105 24 §400,000,
1133 2618 60 19 every
1207 2614 45 17 cent
1268 2612 21 19 of
1299 2612 64 19 which
1373 2613 16 18 is

959 2639 118 19 subscribed
1085 2639 32 18 for
1135 2638 28 25 by
1173 2638 78 26 private
1260 2638 128 19 individuals.

958 2665 56 19 Hero
1031 2665 17 20 is
1071 2671 54 12 more
1143 2664 51 19 than
1209 2671 11 12 a
1234 2666 81 24 quarter
1339 2665 20 18 of
1378 2671 10 12 a

958 2692 77 19 million
1052 2691 73 19 dollars
1144 2690 66 19 which
1224 2690 121 19 individuals
1355 2697 33 12 are

958 2718 76 25 paying
1044 2717 31 19 for
1085 2723 26 12 an
1117 2723 94 18 armoury
1225 2716 31 20 for
1265 2716 33 19 the
1308 2716 78 24 Cadets,

958 2744 98 25 although
1081 2743 77 20 Boston
1186 2742 37 20 has
1246 2742 81 26 already
1350 2745 38 17 two

958 2776 105 13 enormous
1074 2769 115 20 armouries.

983 2796 33 20 Mr
1025 2796 78 19 Flower
1113 2796 49 19 adds
1174 2796 113 25 ominously
1296 2804 32 11 :

983 2822 42 20 The
1043 2821 155 27 multiplication
1218 2822 20 20 of
1253 2822 109 20 armouries
1371 2822 17 19 is

957 2848 87 27 perilous
1052 2849 32 19 for
1093 2855 11 12 a
1117 2848 106 26 Republic,
1233 2848 39 19 and
1282 2848 75 25 doubly
1367 2855 21 12 so

959 2874 64 21 where
1042 2874 106 24 organised
1168 2874 72 20 wealth
1259 2874 37 22 lias
1314 2875 73 29 gained

957 2903 33 18 tiie
1000 2907 64 21 powoi
1077 2909 14 12 u
1101 2907 64 20 swiiy*
1176 2900 20 22 in
1205 2902 97 23 America,

959 2944 123 22 'TRUTH'
1106 2947 59 19 AND
1194 2948 59 20 THE
1271 2949 116 22 CLERGY.

983 3000 96 26 Recently
1091 3001 90 20 'Truth.'
1193 3008 51 18 pave
1261 3008 11 13 a
1291 3003 96 20 romantic

957 3028 53 23 story
1035 3027 61 19 about
1118 3027 35 20 tho
1177 3028 45 19 wife
1239 3028 20 19 of
1279 3028 31 20 the
1326 3028 61 20 Court

957 3052 58 20 tailor
1031 3055 17 16 a!
1075 3053 64 20 Cabul
1154 3054 34 25 (an
1213 3054 173 26 Englishwoman)

957 3077 61 27 being
1040 3079 77 26 captive
1143 3081 20 17 in
1187 3080 34 20 the
1233 3080 67 20 harem
1318 3081 21 19 of
1353 3081 34 20 the

957 3103 71 21 Ameer
1038 3105 21 19 of
1068 3105 144 26 Afghanistan.
1240 3106 20 19 It
1277 3110 56 16 turns
1352 3113 34 13 our.

957 3132 19 18 to
992 3131 25 19 be
1036 3131 26 19 all
1081 3138 50 19 pure
1145 3132 139 26 imagination,
1301 3133 39 19 and
1354 3133 33 19 Mr

957 3156 134 24 Labouohere,
1117 3158 17 19 in
1156 3158 133 26 apologising,
1313 3166 45 17 says
1376 3167 9 11 a

957 3183 113 22 clergyman
1082 3190 39 12 was
1140 3184 31 19 hi?
1191 3184 102 21 authority
1303 3185 31 18 for
1354 3185 32 19 the

969 3211 3 26 '
983 3212 87 21 ttoment,
1109 3211 38 19 nnd
1184 3211 143 26 consequently
1362 3212 25 19 ho

958 3236 87 25 thought
1062 3236 14 19 it
1102 3243 35 13 ,vas
1153 3237 24 20 all
1203 3238 60 23 right.
1293 3237 33 20 He
1339 3238 47 19 then

958 3268 48 19 goes
1016 3269 24 12 on
1051 3263 20 18 to
1081 3269 34 18 say
1127 3263 4 24 :
1149 3263 4 24 '
1162 3263 48 19 This
1221 3269 44 12 case
1275 3263 16 18 is
1302 3269 11 13 a
1322 3264 63 19 lesson

959 3290 18 17 to
988 3294 37 18 me,
1037 3288 97 26 although
1145 3289 11 18 T
1167 3290 78 18 confess
1256 3289 47 19 with
1319 3290 68 20 shame

958 3313 44 19 (hat
1011 3314 17 18 it
1036 3314 17 18 is
1063 3320 11 13 a
1084 3314 66 20 lesson
1160 3315 11 19 I
1190 3315 65 24 ought
1264 3318 36 16 not
1307 3317 20 18 to
1336 3316 51 19 have

957 3340 81 19 needed.
1067 3341 59 18 Often
1147 3341 52 19 have
1222 3341 10 19 I
1253 3342 68 19 vowed
1344 3342 41 19 that

957 3372 60 12 never
1035 3366 60 24 again
1115 3367 63 19 would
1195 3367 11 18 T
1225 3367 58 19 make
1301 3374 12 12 a
1327 3370 50 17 state-

957 3394 54 16 ment
1029 3391 45 20 in'
1074 3392 78 19 Truth'
1169 3399 52 19 upon
1238 3393 33 19 tho
1286 3393 101 22 authority

957 3418 21 18 of
986 3424 12 12 a
1009 3418 120 23 clergyman.
1158 3420 54 18 Once
1227 3425 53 18 upon
1295 3426 12 12 a
1323 3420 48 19 time
1376 3420 11 19 I

957 3443 108 25 published
1075 3444 74 19 certain
1167 3445 119 23 allegations
1305 3445 61 20 about
1376 3452 9 12 a

957 3469 73 25 village
1040 3475 68 20 pump.
1137 3470 56 25 They
1209 3477 52 12 were
1279 3471 95 19 communi-

956 3495 58 20 cated
1032 3495 28 25 by
1075 3502 12 13 a
1105 3495 122 26 clergyman.
1256 3497 42 18 The
1315 3497 72 24 village

957 3527 62 19 pump
1029 3523 41 17 cost
1084 3528 31 12 mo
1134 3522 55 19 £IOO
1200 3522 20 19 in
1235 3523 101 25 damages,
1348 3524 37 18 and

957 3547 10 19 I
978 3547 65 26 forgot
1053 3547 45 20 how
1106 3554 61 18 many
1177 3548 93 19 hundred
1280 3549 77 25 pounds
1367 3550 19 18 in

957 3575 56 17 costs.
1042 3574 47 18 T\vo
1112 3581 21 11 or
1156 3574 57 19 three
1228 3581 58 18 years
1308 3574 51 21 back
1376 3575 11 19 I

957 3600 58 18 made
1031 3606 54 12 some
1103 3600 90 18 remarks
1208 3600 62 19 about
1284 3600 35 19 tho
1336 3601 41 19 rela-

957 3626 52 17 tions
1033 3625 21 20 of
1076 3631 11 13 a
1105 3625 94 20 Xbrlcsire
1220 3626 67 24 squire
1310 3629 20 16 to
1354 3628 33 18 the

957 3651 80 18 church.
1074 3651 36 24 My
1126 3652 130 19 information
1275 3653 44 18 that
1339 3653 48 18 time

957 3683 56 13 came
1023 3677 120 23 exclusively
1154 3677 53 20 from
1214 3678 78 19 clerical
1301 3685 85 12 sources.

957 3702 19 19 It
986 3705 51 16 costs
1046 3709 30 13 me
1087 3703 54 20 £l5O
1152 3703 21 19 in
1187 3704 95 24 damages
1293 3704 37 19 and
1341 3711 46 12 over

959 3728 74 23 £I,OOO
1044 3729 19 17 in
1074 3731 57 17 costs.
1160 3729 31 19 On
1200 3730 47 18 four
1257 3730 99 19 occasions
1367 3730 20 19 in

958 3761 32 16 my
1001 3754 90 19 editorial
1110 3755 117 24 experience
1243 3755 51 19 have
1307 3756 12 18 I
1333 3763 54 12 come

958 3780 28 19 off
995 3780 71 18 second
1082 3781 45 17 best
1142 3781 21 18 in
1173 3787 11 12 a
1202 3781 49 19 lihel
1265 3781 71 23 action,
1348 3782 37 18 and

957 3805 31 19 for
999 3807 38 17 two
1047 3806 21 18 of
1077 3806 56 18 those
1143 3806 33 18 tho
1195 3807 68 24 clergy
1275 3807 51 20 have
1336 3807 51 19 been

957 3831 34 19 the
1014 3838 58 12 cause
1095 3832 21 19 of
1141 3839 34 17 mj-
1197 3832 103 20 downfall.
1334 3833 51 19 Now

957 3864 64 12 comes
1051 3858 33 18 the
1114 3858 63 18 above
1199 3858 88 19 instance
1309 3859 22 18 of
1352 3859 34 19 tho

957 3890 93 19 accuracy
1058 3884 40 18 and
1113 3883 172 19 trustworthiness
1295 3885 21 18 of
1324 3884 51 20 infor-

956 3909 74 20 mation
1039 3910 52 18 from
1106 3909 79 20 clerical
1195 3916 84 13 sources.
1307 3910 65 20 Hence-

955 3935 61 25 forth,
1028 3936 16 18 if
1054 3936 33 18 tho
1101 3936 65 19 whole
1175 3936 69 19 Bench
1261 3936 21 19 of
1299 3936 86 26 Bishops

955 3961 49 19 send
1034 3967 32 13 me
1094 3968 11 12 a
1130 3962 53 24 joint
1212 3963 170 23 communication,

955 3987 154 23 countersigned
1115 3987 28 24 by
1153 3988 34 18 tho
1194 3989 39 17 two
1240 3988 143 26 Archbishops,

955 4012 11 17 I
976 4012 52 19 shall
1038 4013 75 18 decline
1123 4015 21 16 to
1162 4013 47 19 look
1223 4016 21 16 at
1258 4014 15 18 it
1290 4014 51 19 until
1350 4014 35 19 tho

955 4039 116 18 statements
1080 4045 33 12 are
1121 4039 82 19 verified
1213 4039 27 25 by
1249 4039 134 25 independent

955 4063 106 20 evidonce.'

1401 136 57 19 THE
1479 135 249 20 PROPRIETORSHIP
1759 134 35 20 OF
1816 135 19 18 A

1528 161 99 19 LADY'S
1640 161 62 20 LEG.

1427 214 19 18 A
1463 214 84 24 strange
1561 219 45 13 case
1615 214 38 19 has
1662 214 62 24 lately
1740 219 55 13 como
1809 219 25 12 on

1401 240 69 19 before
1489 239 35 19 the
1534 239 93 19 Brussels
1641 240 59 24 High
1718 239 69 20 Court.
1815 239 19 18 It

1402 271 85 19 appears
1500 266 45 17 that
1555 264 21 19 in
1591 264 71 21 March
1680 266 39 18 last
1736 272 13 12 a
1766 271 70 19 young

1402 292 40 18 and
1452 290 106 26 charming
1568 292 87 17 married
1670 291 47 25 lady
1728 297 40 12 met
1787 290 47 20 with

1402 324 26 13 an.
1447 317 90 19 accident
1551 317 22 18 of
1590 318 50 17 such
1649 324 12 12 a
1675 321 72 15 nature
1762 317 45 18 that
1820 316 16 19 it

1402 349 41 14 was
1461 349 107 18 necessary
1577 344 21 17 to
1612 346 104 22 amputate
1726 344 36 17 Iter
1780 343 56 24 right

1402 369 40 25 leg.
1469 369 44 19 The
1522 368 106 25 operation
1639 375 40 13 was
1688 371 52 17 most
1750 375 75 13 success-

1403 396 52 23 fully
1463 395 123 25 performed,
1597 395 40 18 and
1647 395 34 19 the
1694 398 93 22 operator
1796 401 41 13 was

1403 428 22 12 so
1434 421 81 25 pleased
1529 421 51 19 with
1589 420 34 20 the
1639 428 45 17 waj'
1693 421 26 19 he
1728 421 48 19 took
1792 421 45 19 that

1403 448 34 23 log
1455 447 28 18 off
1492 447 46 18 that
1547 447 26 18 he
1582 447 48 18 took
1644 447 16 18 it
1670 447 28 19 off
1717 447 117 26 altogether,

1404 473 40 20 and
1453 472 106 20 exhibited
1565 472 24 24 it,
1608 473 20 18 in
1639 479 12 13 a
1659 473 33 25 jar
1702 473 21 19 of
1732 473 68 25 spirits
1816 473 21 19 of

1404 500 56 22 wine,
1480 499 136 25 prominently
1632 499 20 19 in
1667 500 32 18 his
1715 501 114 24 consulting

1404 532 61 12 room.
1502 525 29 18 As
1554 525 34 19 the
1602 528 91 16 contents
1711 527 22 17 of
1752 527 35 18 the
1804 527 33 24 jar

1405 557 50 13 wore
1474 551 151 19 authenticated
1643 551 27 25 by
1685 558 11 12 a
1719 553 118 24 descriptive

1405 577 59 23 label,
1482 577 66 19 which
1562 577 49 19 bore
1626 581 93 21 amongst
1734 579 57 19 other
1804 579 22 18 de-

1407 603 50 23 tails,
1468 602 36 19 the
1520 603 96 25 patient's
1626 610 58 12 name
1695 604 40 18 and
1749 605 87 23 address,

1406 629 34 18 the
1457 628 97 26 patient's
1562 629 94 20 husband
1672 629 33 20 did
1715 632 35 17 not
1768 631 36 19 fail
1818 634 21 15 to

1406 655 49 18 hear
1472 655 23 18 of
1508 655 41 18 this
1568 655 62 20 show.
1667 655 40 20 I'ut
1728 656 35 19 the
1784 657 55 19 show

1406 680 61 19 failed
1477 683 21 16 to
1514 684 53 16 meet
1576 682 50 19 with
1635 682 32 18 his
1677 683 104 25 approval,
1799 683 41 19 and

1406 707 26 18 ho
1449 707 113 19 instructed
1571 707 31 19 his
1617 708 88 19 solicitor
1715 710 20 17 to
1753 709 85 19 demand

1408 733 24 18 its
1442 733 115 19 immediate
1567 734 169 22 discontinuance,
1755 735 39 18 and
1805 735 34 20 the

1407 760 69 17 return
1490 759 107 20 forthwith
1607 761 21 18 of
1637 760 44 19 that
1696 760 72 24 which,
1778 761 62 25 being

1408 784 51 19 bono
1469 785 21 18 of
1500 785 32 19 his
1541 785 53 19 boao
1604 786 97 19 andilesh
1711 786 21 18 of
1741 786 32 19 his
1783 787 55 23 flesh,

1409 817 39 14 wa3
1467 811 139 25 undoubtedly
1617 812 32 18 his
1663 812 116 24 (plaintiff's
1795 819 33 19 pro-

1408 838 63 24 perty.
1500 837 28 19 To
1538 838 41 18 this
1588 838 35 18 the
1630 844 87 18 surgeon
1728 838 112 19 demurred.

1409 863 32 19 Ho
1460 863 99 19 admitted
1576 863 46 19 that
1635 864 90 25 plaintiff
1740 864 42 19 had
1795 871 34 19 pro-

1409 889 89 25 prietary
1515 889 67 25 rights
1595 890 21 18 in
1630 890 35 19 the
1682 890 40 25 leg,
1742 891 60 19 while
1825 892 16 17 it

1409 915 77 19 formed
1494 917 46 23 part
1549 916 21 18 of
1580 916 31 18 his
1622 916 51 19 wife,
1684 916 37 18 but
1731 916 25 20 he
1764 917 77 25 argued

1409 941 44 19 that
1470 941 36 19 the
1515 941 39 24 leg,
1571 948 22 12 as
1607 942 16 18 it
1637 948 41 13 was
1694 949 50 15 now,
1757 949 40 13 was
1807 943 35 19 the

1409 967 63 19 result
1490 967 22 19 of
1524 967 33 19 his
1572 967 145 26 (defendant's)
1736 969 47 19 skill
1802 969 39 19 and

1409 993 33 18 the
1461 993 56 19 work
1527 994 21 18 of
1557 993 33 19 his
1599 1000 45 12 own
1657 994 72 23 hands,
1741 995 39 19 and
1796 996 45 18 that

1409 1019 25 19 he
1457 1026 41 12 was
1517 1019 75 25 clearly
1605 1020 83 18 entitled
1707 1022 21 17 to
1748 1021 51 26 keep
1819 1021 22 19 it.

1408 1045 43 18 The
1471 1045 64 19 Court
1552 1046 80 18 seemed
1646 1046 68 19 rather
1734 1048 108 24 staggered

1409 1070 48 20 with
1475 1071 41 19 this
1535 1073 108 24 argument
1656 1072 41 19 and
1705 1073 94 19 reserved
1816 1073 26 20 its

1401 1095 1 21 I
1409 1097 92 19 decision.

1521 1156 58 20 THE
1596 1156 135 22 KOREANS.

1502 1208 26 25 (A
1538 1208 96 21 SXKANGE
1644 1210 96 25 BeOJ.'J.K.)

1435 1234 42 19 The
1488 1233 92 21 Koreans
1597 1241 34 14 are
1641 1236 87 26 perhaps
1743 1236 22 19 of
1780 1236 49 26 Japa-

1409 1265 46 14 nese
1474 1260 62 24 stock,
1553 1260 37 20 but
1608 1261 66 20 China
1688 1262 36 19 has
1744 1263 48 19 been
1811 1263 32 19 for

1409 1286 98 19 centuries
1526 1286 54 20 their
1599 1290 38 17 wet
1658 1294 60 13 nurse
1736 1289 41 18 and
1790 1289 53 19 their

1409 1312 67 19 school
1500 1312 95 21 mistress.
1637 1314 33 19 No
1690 1316 39 17 two
1752 1314 90 21 Oriental

1409 1338 81 25 peoples
1513 1345 34 12 aro
1565 1345 55 14 more
1635 1340 115 24 essentially
1773 1341 70 20 unlike

1409 1363 50 20 than
1464 1370 35 14 are
1507 1364 34 19 the
1549 1364 86 21 Chinese
1644 1366 39 19 and
1691 1366 35 20 the
1731 1361 110 32 Japanese;

1409 1389 39 21 and
1456 1390 34 20 the
1499 1390 99 24 Koreans,
1606 1392 123 26 resembling
1736 1393 35 20 the
1781 1393 48 25 Japa-

1409 1422 46 14 nese
1464 1417 22 19 in
1496 1422 61 21 many
1562 1420 88 24 respects
1662 1418 36 19 but
1704 1418 66 26 living-
1778 1419 65 21 under

1409 1443 111 19 conditions
1529 1443 79 26 largoly
1618 1444 86 20 Chinese
1721 1446 40 19 and
1771 1445 70 27 deeply

1409 1469 82 19 imbued
1506 1469 49 20 with
1565 1470 85 20 Chinese
1665 1470 61 26 ideas,
1739 1474 80 23 present
1830 1479 11 12 a

1409 1495 77 27 pioture
1504 1496 111 26 peculiarly
1629 1497 72 26 quaint
1711 1504 50 13 oven
1770 1498 21 20 in
1808 1497 34 22 the

1408 1521 102 26 (jimintest
1529 1526 46 22 part
1594 1523 21 19 of
1632 1523 35 20 the
1681 1524 68 21 world.
1785 1524 56 27 They

1408 1549 51 19 have
1468 1548 103 26 Japanese
1580 1549 60 24 faces,
1651 1549 86 21 Chinese
1747 1552 92 24 customs,

1408 1574 40 20 and
1458 1582 12 12 a
1479 1582 85 13 manner
1573 1576 22 19 of
1604 1575 52 21 their
1667 1583 50 14 own.
1744 1577 43 20 But
1799 1578 42 19 into

1408 1601 52 19 their
1475 1601 138 21 Chinese-like
1623 1604 86 18 customs
1720 1610 54 14 soino
1790 1604 51 20 little

1408 1627 101 26 Japaneso
1532 1628 58 20 habit
1609 1629 37 19 has
1660 1632 56 25 crept
1736 1636 45 15 now
1801 1631 40 20 and

1408 1653 67 26 again.
1503 1655 48 19 And
1569 1655 34 19 the
1614 1655 93 21 Koreans
1721 1656 52 20 Jiavo
1792 1664 49 13 oven

1408 1680 104 24 ventured,
1524 1687 49 15 once
1590 1681 21 20 in
1622 1688 12 14 a
1643 1682 65 26 while,
1721 1685 19 18 to
1751 1684 69 20 invent
1830 1691 11 13 a

1408 1712 76 14 custom
1495 1708 20 18 of
1526 1707 52 21 their
1587 1715 51 13 own.

1434 1733 55 19 Next
1507 1735 21 18 to
1545 1734 34 20 tho
1592 1734 94 20 Eskimos
1700 1735 35 20 the
1749 1735 92 21 Koreans

1408 1766 34 12 aro
1459 1759 36 20 tho
1504 1759 97 21 heartiest
1611 1763 64 18 caters
1690 1762 20 19 in
1721 1762 34 20 tho
1772 1763 68 20 world.

1408 1785 31 24 80,
1451 1787 104 24 naturally
1569 1787 87 26 enough,
1670 1788 47 25 they
1726 1789 54 26 sleep
1796 1796 33 19 pro-

1408 1811 90 27 foundly.
1527 1812 21 20 It
1565 1813 48 19 used
1623 1815 20 18 to
1653 1820 53 14 seem
1721 1817 19 17 to
1751 1822 31 12 me
1797 1814 44 22 that

1408 1838 48 25 they
1465 1844 52 14 ware
1525 1839 74 25 always
1609 1840 70 25 eating
1686 1838 4 29 ;
1706 1841 40 19 and
1757 1841 84 26 nothing

1408 1864 56 19 short
1482 1865 21 18 of
1520 1871 12 12 a
1542 1865 56 25 royal
1613 1866 52 19 edict
1680 1873 22 12 or
1721 1873 12 13 a
1747 1867 94 27 bursting

1409 1890 59 19 bomb
1488 1891 51 18 .shell
1558 1891 38 20 will
1613 1891 99 27 Interrupt
1726 1900 12 12 a
1759 1894 82 19 Korean

1409 1917 56 18 feast.
1495 1918 11 17 I
1524 1919 68 23 regret
1602 1920 20 17 to
1637 1925 35 19 say
1682 1919 44 19 that
1742 1919 35 20 the
1790 1920 51 19 flesh

1409 1942 21 20 of
1435 1949 70 19 young
1516 1945 50 23 dogs
1574 1944 16 19 is
1601 1944 52 19 their
1663 1945 101 20 favourite
1773 1946 67 19 viand.

1408 1968 101 27 Japanese
1533 1970 47 19 boor
1611 1971 17 18 is
1658 1971 52 19 their
1741 1972 100 19 favourite

1409 1994 106 26 beverage.
1547 1994 43 21 And
1609 1997 32 18 for
1649 1996 41 20 this
1703 1998 29 19 let
1742 2005 31 12 me
1789 2005 39 13 com-

1409 2027 27 12 mr
1442 2021 26 18 nd
1475 2021 63 20 them.
1566 2022 40 20 For
1615 2029 60 13 never
1682 2023 21 20 in
1713 2024 128 26 Milwaukee,

1409 2053 60 13 never
1478 2047 21 19 in
1508 2047 87 20 Vienna,
1604 2048 52 20 have
1665 2049 12 18 I
1686 2049 67 20 drunk
1763 2050 47 20 beer
1820 2057 21 14 so

1410 2073 52 26 good
1471 2079 22 13 as
1503 2074 45 19 that
1558 2074 65 19 which
1631 2075 16 19 is
1658 2076 58 19 made
1726 2078 20 18 at
1756 2076 34 20 the
1801 2077 27 19 Im-

1410 2099 62 26 perial
1496 2100 91 25 brewery
1605 2100 21 20 in
1640 2101 69 20 Tokio.
1744 2103 51 19 Liko
1815 2104 27 18 all

1410 2125 57 19 other
1474 2126 108 23 Orientals,
1593 2126 46 26 they
1647 2127 75 20 devour
1731 2128 111 20 ixiOrouible

1409 2152 111 25 quantities
1530 2152 21 19 of
1561 2152 38 20 fish
1609 2152 4 27 ;
1629 2153 92 26 herrings
1735 2154 33 20 for
1777 2161 12 12 a
1799 2156 43 18 first

1409 2177 73 20 choice.
1510 2178 43 19 The
1571 2179 94 26 herrings
1679 2187 34 12 are
1730 2181 76 25 caught
1821 2182 21 18 in

1413 2204 108 20 December
1544 2205 40 19 and
1603 2212 34 12 aro
1651 2208 35 17 not
1709 2209 59 17 oaten
1789 2208 54 19 until

1410 2230 77 20 March.
1692 2239 34 13 are
1740 2233 34 19 the
1792 2234 51 19 fruit

1410 2261 51 14 most
1484 2257 96 24 plentiful
1597 2258 40 18 and
1652 2260 51 18 most
1724 2260 77 25 perfect
1822 2260 21 19 in

1410 2282 74 20 Korea.
1583 2290 34 13 are
1639 2285 81 25 superb.
1748 2285 95 21 Potatoes

1410 2315 51 13 wore
1479 2309 22 19 in
1510 2309 98 26 disgrace,
1620 2311 63 19 under
1696 2312 35 18 tho
1741 2312 41 19 ban
1791 2313 22 19 of
1830 2319 13 13 a

1409 2335 57 24 royal
1485 2335 57 24 edict,
1555 2336 58 19 whou
1623 2343 29 13 wo
1665 2337 54 19 lived
1728 2337 21 21 in
1768 2339 73 19 Korea.

1410 2361 55 25 They
1488 2361 41 19 h.id
1548 2361 51 20 been
1613 2363 118 19 introduced
1752 2365 42 19 into
1808 2365 35 19 tho

1410 2389 83 23 country
1504 2388 40 18 and
1562 2388 77 25 shortly
1649 2389 69 19 before
1733 2391 108 23 ourselves,

1411 2413 37 18 and
1472 2413 54 19 their
1543 2415 84 24 general
1646 2421 36 13 use
1705 2416 66 25 might
1790 2417 53 19 have

1410 2439 50 19 done
1479 2440 61 19 much
1558 2441 20 18 to
1593 2440 93 20 alleviate
1706 2441 33 21 the
1754 2443 88 19 horrible

1409 2465 86 19 famines
1503 2466 63 19 which
1576 2467 47 19 visit
1633 2467 68 19 Korea
1711 2468 49 20 with
1768 2476 10 12 a
1789 2469 54 19 cruel

1411 2492 116 24 regularity.
1555 2493 42 18 But
1615 2493 52 19 their
1682 2500 34 13 uso
1733 2495 40 19 and
1789 2495 54 19 their

1409 2518 78 18 culture
1496 2525 52 12 were
1566 2519 115 20 forbidden.
1710 2520 52 26 Only
1772 2521 21 19 in
1807 2521 35 20 tho

1410 2543 37 19 less
1457 2544 120 25 disciplined
1587 2545 96 20 outskirts
1693 2546 22 20 of
1724 2547 35 19 tho
1771 2547 59 26 penin-

1409 2569 43 20 sula
1473 2577 51 12 were
1535 2570 47 26 they
1592 2575 19 15 to
1627 2572 24 18 bo
1661 2572 46 20 had.
1735 2572 40 22 We
1792 2574 50 19 used

1409 2598 19 16 to
1438 2596 50 19 send
1497 2603 61 19 many
1572 2598 57 18 miles
1638 2598 32 19 for
1680 2605 46 13 ours
1743 2600 39 19 and
1793 2600 48 19 then

1408 2624 31 16 eat
1450 2622 54 19 thorn
1515 2622 21 19 in
1546 2624 65 24 safety
1622 2624 47 24 only
1678 2625 85 19 because
1776 2626 21 19 of
1806 2626 35 19 the

1408 2648 40 19 red.
1456 2648 66 25 white,
1535 2649 40 19 and
1585 2649 47 20 blue
1637 2650 43 26 flag
1689 2650 45 21 that
1740 2650 101 22 sheltered

1408 2681 35 12 our
1453 2674 109 25 bungalow
1576 2676 53 19 from
1644 2676 34 19 tho
1688 2678 32 18 too
1735 2678 105 26 scorching

1407 2707 46 18 rays
1462 2701 22 19 of
1493 2701 35 19 the
1537 2700 86 21 Eastern
1636 2709 45 13 sun.

1432 2727 43 19 But.
1492 2727 63 20 about
1565 2728 34 19 tho
1613 2728 46 26 sign
1668 2735 55 19 posts
1733 2730 22 19 in
1770 2730 69 20 Korea

1407 2752 48 27 they
1473 2760 34 13 are
1528 2754 109 26 extremely
1660 2755 71 27 quaint
1742 2752 3 30 !
1782 2756 56 20 Each

1857 131 102 25 sign-post
1985 131 17 18 is
2025 130 76 25 shaped
2123 130 42 18 like
2194 136 26 12 an
2249 130 31 18 old-

1857 156 107 20 fashioned
1982 155 87 27 English
2090 155 64 25 coffin,
2181 156 41 18 and
2236 156 16 18 it
2274 156 17 17 is

1858 182 75 26 topped
1951 182 28 26 by
1988 189 11 12 a
2009 182 49 23 face,
2075 188 12 12 a
2096 188 49 18 very
2161 181 131 25 grotesquely

1858 208 88 26 painted,
1967 215 12 12 a
1987 215 49 17 very
2051 208 88 22 Korean,
2150 213 12 14 a
2171 214 49 18 very
2237 208 44 24 grin-

1858 236 56 23 ning,
1933 234 39 19 but
1989 234 32 19 for
2031 233 27 20 all
2072 234 45 18 tliat
2126 239 12 14 a
2152 240 49 18 very
2215 234 78 19 human

1858 261 50 18 faco.
1936 260 57 24 They
2008 260 50 19 used
2068 262 19 16 to
2097 259 69 19 rather
2180 259 71 20 startle
2260 266 32 12 me

1858 288 22 18 at
1889 286 49 24 iirst,
1949 286 58 19 when
2016 286 12 18 I
2038 292 55 12 name
2102 284 65 20 round
2177 285 35 18 the
2222 292 18 12 e--
2246 291 46 14 rner

1859 312 21 19 of
1898 318 12 13 a
1933 314 85 23 country
2030 311 50 19 road
2094 310 40 20 and
2152 311 66 19 found
2238 312 55 19 them

1859 338 100 25 smirking
1967 339 20 18 at
1997 343 31 14 me
2037 338 21 18 in
2067 337 34 19 the
2108 343 107 19 gruesome
2225 344 55 12 moon-

1858 364 61 25 light.
1946 364 41 19 But
1997 363 11 19 1
2027 369 55 19 grow
2092 363 50 19 used
2152 365 20 17 to
2182 363 62 24 them,
2261 364 33 19 for

1858 392 50 25 they
1927 398 50 13 were
1996 390 27 20 all
2037 390 60 20 alike.
2124 387 57 29 They
2200 391 27 19 all
2241 397 53 13 wore

1859 418 35 19 the
1912 420 137 16 countenance
2071 417 22 19 of
2112 416 75 25 Chang
2209 417 49 24 Sun,
2282 424 12 12 a

1860 448 58 21 great
1936 444 83 18 Korean
2039 443 80 19 soldier.
2155 443 74 25 Chang
2252 443 41 19 Sun

1860 470 53 19 lived
1923 476 38 12 one
1969 469 106 23 thousand,
2087 475 55 12 more
2152 476 22 12 or
2181 469 46 24 loss,
2236 476 58 18 years

1861 502 45 19 ago.
1941 495 39 19 His
2002 495 37 19 life
2057 502 40 12 was
2112 495 86 19 devoted
2217 497 21 17 to
2260 495 34 19 the

1861 522 89 25 opening
1967 528 28 19 up
2005 521 21 19 of
2035 521 32 19 his
2076 523 84 22 country
2170 523 21 17 to
2209 521 35 19 the
2254 521 41 19 feet

1861 548 21 19 of
1900 547 32 19 his
1946 548 137 25 countrymen.
2118 547 34 18 Ho
2175 547 119 19 intersected

1862 574 34 19 the
1906 573 47 19 hills
1963 574 20 18 of
1994 573 68 19 Korea
2072 573 49 19 with
2131 573 113 24 pathways,
2256 573 39 19 and

1861 599 75 25 to-day,
1946 600 54 18 from
2009 606 59 15 every
2076 599 46 25 sign
2131 601 52 23 post,
2190 599 26 19 he
2226 599 69 19 beams

1861 632 56 19 upon
1934 632 61 17 every
2008 625 83 19 Korean
2114 625 106 25 wayfarer.
2258 625 24 19 Be-

1862 651 61 20 neath
1942 651 32 19 his
1985 651 94 26 beaming
2093 651 43 19 face
2155 658 40 18 you
2205 657 47 19 may
2271 651 25 24 (if

1861 684 41 20 3*ou
1925 684 34 13 are
1976 678 83 19 learned
2079 678 90 24 enough)
2193 678 49 19 read
2264 678 32 18 his

1862 711 59 12 name
1931 704 4 24 ;
1950 710 40 18 you
2000 711 46 17 may
2056 704 53 23 read,
2127 706 40 20 too,
2179 704 67 19 where
2262 704 34 18 the

1863 730 49 19 road
1930 737 23 12 or
1962 730 59 19 roads
2030 730 50 19 lead,
2093 730 46 19 how
2152 730 33 18 far
2203 730 36 19 the
2248 731 48 17 next

1863 756 114 19 r-ettloniont
1995 756 24 22 is,
2035 756 38 19 and
2093 762 37 13 one
2145 762 22 12 or
2184 757 39 18 two
2240 756 57 19 other

1863 783 57 18 items
1931 782 45 19 that
1994 788 33 12 are
2037 782 130 26 presumebly
2177 782 22 19 of
2214 781 83 25 general

1864 809 83 18 Interest
1969 810 21 17 to
2013 808 34 19 the
2077 808 83 19 Korean
2188 808 109 24 travelling

1863 834 75 26 public.

1864 898 39 19 AN
1926 897 201 20 ORCHARDIST'S
2151 897 146 19 WRINKLE.

1891 950 31 19 An
1933 950 111 19 orchardist
2062 950 21 18 in
2093 949 66 20 South
2174 949 121 25 Wairarapa

1865 977 16 18 is
1892 977 98 24 adopting-
2006 983 12 12 a
2027 983 44 11 now
2080 975 49 25 plan
2139 975 49 20 with
2207 975 32 19 his
2248 975 50 19 fruit

1865 1005 52 17 trees
1934 1005 21 16 to
1966 1002 50 25 keep
2035 1002 34 18 the
2083 1001 79 25 ground
2180 1001 59 20 moist
2253 1007 46 14 over

1865 1031 54 16 roots
1928 1028 76 25 during
2012 1028 33 19 the
2054 1034 88 13 summer
2150 1027 87 19 months,
2265 1027 33 19 lie

1866 1054 65 19 works
1950 1055 35 17 the
1994 1053 77 26 ground
2087 1053 28 19 all
2124 1053 66 19 round
2204 1054 35 18 the
2257 1055 41 17 tree

1865 1081 40 18 and
1912 1081 56 24 gives
1975 1081 17 18 it
1999 1087 12 12 a
2020 1079 52 25 good
2079 1079 92 25 dressing
2180 1079 20 19 of
2208 1086 90 12 manure.

1865 1107 43 18 The
1926 1106 80 26 ground
2025 1107 16 18 is
2055 1105 49 20 then
2122 1105 84 20 covered
2223 1105 50 20 witli
2287 1112 11 12 a

1865 1133 53 23 good
1927 1133 56 24 layer
2001 1132 20 19 of
2031 1132 77 19 rushes.
2137 1132 34 18 Ho
2181 1132 58 18 holds
2255 1132 44 19 that

1865 1158 87 26 digging
1962 1158 61 19 about
2042 1158 34 19 the
2086 1159 54 18 roots
2150 1158 21 18 of
2180 1158 50 19 fruit
2247 1159 52 18 trees

1865 1185 47 18 does
1922 1184 130 19 harm—that
2058 1184 34 18 the
2100 1184 81 18 rootlets
2192 1184 73 19 should
2274 1184 25 19 be

1866 1210 84 19 allowed
1960 1212 19 17 to
1990 1216 54 13 come
2053 1216 72 13 nearer
2134 1212 20 17 to
2164 1210 35 19 tho
2213 1210 84 23 surface.,

1866 1236 78 19 instead
1963 1236 21 19 of
1993 1236 77 25 having
2079 1238 20 17 to
2114 1236 63 18 strike
2195 1235 59 21 down
2267 1236 32 19 for

1865 1265 125 16 sustenance.
2018 1262 42 19 Tho
2070 1262 56 25 layer
2135 1262 22 19 of
2174 1262 72 19 rushes
2255 1268 33 19 pre-

1865 1292 57 16 vents
1932 1288 35 19 tho
1976 1288 96 19 moisture
2081 1288 20 18 in
2111 1288 35 19 the
2156 1288 38 18 soil
2204 1294 83 20 evapora-

1865 1315 50 25 ting,
1936 1314 65 19 weeds
2011 1321 22 12 or
2043 1320 57 19 grass
2114 1314 52 19 have
2183 1320 25 13 no
2225 1314 74 19 chance

1866 1343 20 17 to
1904 1347 62 19 grow,
1978 1340 40 19 and
2032 1340 33 19 the
2075 1340 72 19 rushes
2157 1340 21 18 in
2192 1342 40 17 two
2241 1346 58 19 years

1866 1369 46 17 turn
1931 1369 21 17 to
1962 1372 89 18 manuro,
2066 1366 60 20 when
2144 1372 11 13 a
2172 1366 56 19 fresh
2244 1366 55 26 layer

1865 1400 37 13 can
1912 1393 25 19 bo
1946 1393 43 19 laid
1998 1399 32 13 on.

1891 1448 43 20 Ono
1943 1448 35 19 lad
1986 1448 58 19 down
2054 1448 64 19 South
2128 1448 36 19 has
2184 1447 74 20 earned
2277 1453 23 14 as

1865 1474 59 20 much
1932 1481 23 13 as
1964 1476 35 18 2'ls
2010 1481 12 12 a
2040 1474 56 19 week
2111 1474 22 19 in
2149 1474 75 25 selling
2241 1473 59 21 small

1865 1500 61 21 birds'
1938 1507 50 20 eggs
1997 1503 20 18 to
2027 1507 12 13 a
2049 1500 79 26 County
2138 1500 89 21 Council.

1890 1531 19 21 A
1927 1532 114 20 Masterton
2056 1531 86 21 butcher
2164 1531 38 21 has
2220 1531 80 26 bought

1865 1559 77 19 several
1951 1558 93 20 hundred
2053 1558 62 26 sheep
2126 1562 20 16 at
2158 1560 21 18 Is
2190 1559 26 19 tid
2225 1565 12 13 a
2246 1558 54 20 head

1863 1585 32 19 fcr
1905 1585 35 19 the
1949 1591 87 20 purpose
2046 1586 21 19 of
2080 1585 79 26 boiling
2168 1585 56 20 them
2234 1585 65 21 down,

1891 1611 57 26 Hug)
1952 1618 5 13 i
1985 1608 90 28 Gamble,
2101 1611 58 26 dairy
2177 1611 81 25 farmer,
2279 1611 21 20 of

1864 1637 72 26 Taieri,
1948 1638 37 20 has
1995 1637 52 21 been
2051 1637 54 21 fined
2116 1638 27 20 £'7
2157 1639 33 19 10a
2199 1638 40 20 and
2248 1640 52 18 costs

1863 1664 33 20 for
1905 1665 74 25 selling
1989 1664 125 20 adulterated
2125 1664 55 20 milk.

1891 1696 58 20 Sinco
1960 1697 33 19 tho
2003 1697 53 19 Zulu
2062 1697 52 20 War
2126 1697 21 20 in
2159 1698 49 18 1880
2222 1695 78 22 British

1863 1723 107 19 standards
1984 1723 52 21 have
2054 1725 35 18 not
2107 1723 52 20 been
2179 1723 60 20 taken
2257 1723 43 19 into

1864 1750 34 19 the
1907 1750 54 19 field.

1896 1780 42 19 Tho
1957 1780 82 19 stallion
2061 1780 75 21 Scaton
2158 1779 87 23 Delaval
2262 1784 38 19 has

1864 1807 80 20 arrived
1976 1807 21 19 in
2020 1808 81 24 Sydney
2130 1807 36 20 but
2199 1808 40 21 will
2273 1810 24 20 be

1864 1833 135 26 quarantined
2017 1833 69 20 before
2105 1834 64 26 being
2186 1835 114 20 forwarded

1864 1862 20 17 to
1894 1860 50 19 Now
1956 1859 96 20 Zealand.

1889 1886 44 19 Tho
1943 1885 103 20 Victorian
2063 1886 71 20 Crown
2150 1887 49 20 Law
2213 1889 73 25 Depart-

1864 1914 55 17 ment
1928 1912 71 19 intend
2006 1913 78 24 issuing
2091 1913 131 26 threatening
2230 1915 70 20 letters

1865 1941 19 17 to
1895 1938 134 20 ex-members
2038 1940 21 18 of
2069 1939 125 21 Parliament
2207 1941 45 20 who
2269 1947 20 14 re-

1863 1965 46 19 fuso
1918 1967 20 17 to
1949 1967 68 17 return
2029 1966 51 19 their
2088 1967 85 24 railway
2186 1974 74 18 passes,
2272 1967 28 20 all

1864 1991 57 19 other
1931 1991 70 19 efforts
2010 1992 77 25 having
2097 1992 69 20 failed.

1887 2038 30 17 An
1926 2038 85 24 amusing
2020 2039 82 18 incident
2117 2040 14 17 is
2149 2040 85 23 reported
2251 2041 47 17 from

1864 2061 102 18 Tasmania.
1992 2063 17 16 A
2025 2068 66 12 swarm
2105 2064 20 16 of
2142 2063 41 18 bees
2200 2064 66 22 lodged
2279 2064 20 17 in

1865 2085 22 16 ho
1900 2085 76 23 Hagley
1987 2085 73 18 Church
2070 2092 68 17 organ,
2157 2087 37 18 and
2204 2087 54 17 when
2268 2087 32 17 the

1864 2107 52 18 choir
1938 2108 94 18 assembed
2055 2116 24 11 on
2102 2109 83 23 Sunday,
2208 2111 38 17 and
2269 2111 31 17 tho

1864 2154 51 18 choie
1928 2154 73 18 becama
2017 2154 63 19 mixed
2098 2161 30 18 up.
2154 2157 38 16 Tho
2210 2157 90 17 members

1865 2179 18 15 ot
1893 2179 31 15 the
1934 2179 51 16 choir
1994 2178 36 18 hud
2048 2180 18 17 to
2083 2180 75 21 retreat,
2177 2180 75 23 leaving
2269 2180 31 18 the

1865 2201 42 18 bees
1916 2201 18 18 in
1942 2202 106 22 possession.

1888 2245 17 16 A
1914 2243 115 19 remarkable
2037 2251 86 12 romance
2131 2246 16 17 is
2164 2246 93 23 reported.
2282 2246 17 18 A

1866 2273 79 17 woman,
1955 2268 56 22 lately
2019 2274 11 11 a
2036 2269 80 22 convict,
2130 2269 34 17 has
2173 2270 79 17 married
2269 2269 31 18 the

1865 2290 87 24 chaplain
1959 2291 21 18 of
1987 2297 36 11 one
2030 2292 19 17 of
2057 2291 32 18 the
2096 2292 53 18 home
2156 2296 80 20 country
2242 2293 56 23 gaols.

1865 2314 38 17 Tiic
1913 2315 107 22 clergyman
2030 2314 18 19 in
2056 2316 86 21 question
2152 2321 35 12 was
2196 2322 10 12 a
2215 2316 85 19 widower

1867 2337 43 18 with
1920 2344 10 11 a
1940 2339 52 21 large
1999 2339 69 22 family,
2079 2339 36 17 and
2124 2339 31 17 the
2163 2339 88 24 wedding
2255 2340 44 23 only

1865 2361 73 18 became
1947 2361 67 18 known
2023 2362 78 22 through
2111 2369 24 11 an
2149 2363 67 17 officiul
2232 2364 21 17 of
2269 2364 31 17 the

1866 2385 53 22 penal
1928 2384 55 23 depai
1987 2386 26 16 till
2015 2387 32 16 out
2063 2386 129 22 complaining
2209 2386 42 19 that
2267 2387 33 17 the

1867 2408 40 17 wife
1926 2408 35 17 hud
1979 2410 32 16 not
2028 2410 87 23 reported
2135 2410 68 17 herself
2227 2415 24 12 on
2268 2410 31 17 the

1865 2431 89 17 ticket-of
1963 2432 55 17 leave.
2044 2431 23 18 In
2083 2438 125 17 consequence
2232 2434 19 16 of
2267 2433 32 19 the

1865 2455 37 17 fact
1911 2455 74 22 coming
1994 2456 37 20 out,
2046 2455 30 18 the
2085 2455 59 24 clergy
2149 2462 42 11 man
2201 2457 33 17 has
2243 2456 55 18 asked

1865 2478 29 17 for
1903 2478 37 17 and
1947 2478 45 17 been
2001 2479 102 22 appointed
2114 2482 17 15 to
2141 2480 79 17 another
2235 2480 63 24 prison

1864 2502 20 16 in
1893 2501 32 18 the
1934 2502 62 17 North
2004 2504 18 15 ot
2032 2501 89 24 England.

1888 2550 19 16 If
1915 2556 49 11 more
1978 2551 54 22 pains
2041 2557 46 11 were
2169 2554 18 15 to
2204 2552 53 18 build
2266 2558 25 18 up

1864 2572 31 18 the
1903 2573 69 18 feebler
1978 2577 50 19 parts
2034 2575 19 17 ot
2060 2574 31 18 the
2098 2576 72 22 nature,
2178 2576 51 17 there
2237 2570 60 23 would

1865 2596 20 17 be
1893 2596 36 19 less
1939 2598 44 16 need
1994 2600 19 14 to
2029 2598 40 22 pull
2085 2598 55 17 down
2157 2599 32 17 the
2206 2601 91 21 stronger.

1864 2619 35 19 For
1907 2620 71 18 virtues
1987 2620 43 18 bear
2040 2627 11 11 a
2058 2621 82 19 relation
2148 2624 19 16 to
2183 2622 45 18 each
2245 2623 53 17 other

1933 2650 55 12 never
2002 2650 32 12 can
2052 2644 21 18 bo
2090 2644 96 20 disturbed
2202 2646 45 18 with
2265 2647 22 16 im-

1862 2667 73 23 punity.
1959 2667 52 23 They
2021 2669 68 16 cann'ot
2106 2667 76 20 flourish
2192 2669 59 19 alone,
2261 2669 36 18 and

1862 2691 22 16 lie
1893 2691 42 16 who
1943 2690 58 18 excels
2011 2691 19 17 in
2043 2697 33 12 one
2085 2692 32 17 bus
2131 2692 31 17 the
2170 2694 73 16 utmost
2251 2693 46 18 need

1861 2714 20 16 to
1900 2714 88 18 cultivate
2011 2715 77 17 another
2106 2715 60 18 which
2190 2721 43 18 may
2248 2722 48 12 seem

1861 2737 86 23 ojqjosed,
1954 2737 34 18 but
1995 2737 60 19 which
2060 2738 14 18 is
2081 2739 19 17 iu
2108 2739 67 22 reality
2181 2739 24 18 its
2211 2743 75 15 counter-

1862 2763 47 20 part.

2403 131 19 17 A
2436 130 102 20 PILOT'S
2553 133 87 21 YARN.

2336 183 51 19 How
2408 181 56 21 Pilot
2471 183 88 27 Posgata
2572 186 60 21 saved
2649 193 26 12 an
2696 185 33 19 out-

2312 208 52 20 ward
2384 209 66 19 bound
2461 209 50 21 New
2526 211 87 21 Zealand
2633 210 106 27 Bbip—the

2311 234 134 20 Pareora—in
2464 235 35 20 the
2515 237 81 26 English
2613 237 91 21 Channel
2720 237 19 17 in

2312 262 49 18 ISSI
2373 261 16 19 is
2399 261 44 19 told
2453 261 20 19 in
2484 268 23 14 an
2518 264 102 20 interview
2636 263 71 21 article
2718 263 19 18 in

2312 287 33 19 the
2364 287 4 27 '
2379 287 76 19 Strand
2470 287 106 27 Magazine
2587 287 4 27 '
2607 291 33 19 for
2657 291 69 19 Decem-

2314 315 31 18 ber
2356 313 4 25 :
2365 324 23 3 —
2390 313 4 25 '•
2405 313 41 19 The
2470 313 84 23 Pareora
2587 324 37 12 was
2649 324 11 12 a
2684 316 56 22 largo

2313 345 109 19 passenger
2432 339 51 25 ship,
2493 341 108 27 belonging
2615 346 20 17 to
2645 343 34 19 the
2690 341 49 20 New

2314 365 85 20 Zealand
2428 365 99 28 Shipping
2557 369 109 26 Company.
2714 367 25 19 Id

2313 392 119 24 iNovembor,
2444 393 56 23 ISSI,
2512 400 28 14 we
2549 402 50 12 were
2612 396 60 25 going
2683 395 56 17 down

2314 419 33 18 the
2357 418 97 19 Chaunel.
2484 419 117 28 Practically
2618 422 12 19 I
2640 422 39 18 had
2690 421 50 18 done

2315 444 46 20 with
2372 445 34 18 the
2416 444 51 25 ship,
2486 452 21 13 as
2519 453 26 12 we
2556 447 38 19 had
2605 447 85 20 reached
2706 445 35 20 the

2316 472 78 22 Downs,
2407 470 38 19 but
2462 471 33 20 the
2505 473 80 25 captain
2596 474 61 20 asKed
2678 479 31 13 me
2719 474 21 17 to

2314 499 45 21 stop
2370 498 25 23 by
2416 496 46 24 him,
2474 504 21 12 as
2505 498 16 19 it
2535 499 114 21 threatened
2665 502 21 16 to
2696 499 25 19 be
2730 505 11 12 a

2314 524 54 24 dirty
2387 523 65 25 night.
2481 524 56 25 Long
2551 525 69 21 before
2642 524 100 26 midnight

2315 550 15 19 it
2341 557 39 12 was
2390 549 88 25 blowing
2488 557 10 12 a
2509 552 73 20 terrific
2592 553 51 24 gale,
2654 552 38 19 and
2704 557 38 12 was

2314 583 21 12 as
2354 576 59 19 black
2432 582 21 13 as
2469 576 61 24 pitch.
2558 578 103 26 Suddenly
2676 578 11 19 I
2701 583 39 14 saw

2316 606 37 15 two
2364 601 73 20 vessels
2455 603 53 19 close
2518 610 52 18 upon
2581 612 29 12 us.
2639 606 45 18 One
2704 610 37 12 was

2315 629 32 18 the
2368 628 77 19 British
2464 628 64 26 Navy,
2543 637 11 12 a
2571 631 54 25 largo
2639 630 103 20 merchant

2316 654 51 26 ship,
2374 654 64 19 which
2445 654 109 21 foundered
2562 652 73 30 during
2643 657 34 19 the
2685 656 57 24 night

2315 681 39 19 and
2373 680 95 20 drowned
2492 683 26 17 20
2532 683 20 18 of
2571 683 34 20 her
2619 690 50 13 crew
2681 691 5 15 ;
2710 682 33 19 the

2316 708 57 19 other
2383 714 39 12 was
2441 708 36 18 the
2487 707 95 26 Larnaca,
2592 709 22 20 of
2632 708 111 25 Liverpool,

2316 734 47 19 both
2375 733 56 25 large
2441 733 71 24 sailing
2526 734 61 26 ship?.
2615 735 108 25 Presently
2733 734 11 19 1

2317 767 37 12 taw
2366 760 34 19 the
2420 760 107 19 Larnaca's
2538 762 72 19 second
2620 762 75 19 anchor
2706 760 36 19 had

2318 787 69 25 parted
2398 787 40 18 and
2448 785 45 20 that
2504 786 33 20 she
2548 794 37 13 was
2598 788 78 25 driving
2690 794 53 19 upon

2317 820 28 12 us.
2375 812 40 19 She
2424 818 55 14 came
2489 813 84 20 athwart
2584 821 36 12 our
2630 814 66 19 hawse
2705 813 38 20 and

2318 839 68 26 parted
2406 845 36 13 our
2457 838 71 20 cables.
2564 840 11 19 I
2598 847 39 13 was
2661 847 26 13 on
2711 839 34 20 the

2318 865 84 20 fo'c'sle.
2431 865 10 19 I
2461 872 39 12 saw
2511 865 55 20 there
2577 873 38 13 wa3
2631 874 24 12 no
2665 867 49 19 time
2724 869 21 17 to

2318 892 47 23 lose,
2384 892 41 19 and
2439 892 11 18 I
2469 898 49 18 gave
2532 893 68 19 orders
2615 896 21 17 to
2655 893 38 25 slip
2708 899 38 13 our

2318 918 54 20 cable
2382 918 75 20 chains.
2485 917 22 19 It
2526 925 39 13 was
2579 920 43 19 well
2634 920 31 19 for
2676 926 24 12 us
2718 925 27 13 we

2318 951 50 13 were
2378 943 106 26 prepared.
2514 945 38 19 We
2563 945 36 20 had
2610 953 37 13 our
2655 945 90 24 foresail,

2318 970 118 26 foretopsail
2455 970 38 19 and
2517 971 29 24 jib
2561 971 64 21 blown
2645 974 40 22 out,
2706 972 39 20 aud

2318 1004 50 12 were
2453 996 106 20 broadside
2569 1004 25 13 on
2605 1002 20 16 to
2643 999 35 19 the
2688 999 56 19 sand.

2319 1024 9 18 I
2347 1025 63 18 called
2428 1026 36 17 out
2474 1023 32 19 for
2521 1030 52 13 some
2584 1025 21 19 of
2620 1025 34 19 the
2665 1032 44 12 men
2725 1028 21 16 to

2318 1057 24 18 go
2361 1056 27 19 up
2406 1050 39 19 and
2456 1052 35 16 cut
2505 1056 54 18 away
2573 1051 34 19 the
2621 1051 125 25 foretopsail,

2319 1075 62 20 which
2392 1083 39 12 was
2451 1075 86 26 blowing
2547 1076 52 20 loose
2611 1075 4 26 ;
2631 1078 36 19 but
2676 1079 26 18 all
2718 1084 19 13 re-

2319 1103 45 19 fute
2370 1104 36 18 Ito
2416 1108 25 19 go
2451 1101 59 21 aloft.
2538 1103 52 25 They
2599 1104 67 23 asked,
2677 1101 4 27 '
2690 1104 56 20 Have

2320 1136 26 12 we
2358 1133 48 15 time
2416 1133 20 15 to
2446 1130 35 24 gut
2492 1129 57 19 down
2560 1131 56 24 again
2628 1131 68 19 before
2712 1131 35 19 she

2319 1162 45 18 goes
2373 1162 25 12 on
2408 1155 33 19 the
2450 1155 49 19 saud
2507 1155 15 19 ?'
2551 1155 47 20 Said
2605 1157 26 18 I'
2638 1157 22 19 It
2668 1157 79 19 doesn't

2319 1184 72 17 matter
2401 1181 65 20 where
2472 1188 40 18 you
2519 1188 33 13 are
2560 1183 55 19 when
2624 1183 35 19 she
2666 1183 80 24 strikes,

2319 1208 32 19 for
2362 1210 37 17 uot
2409 1215 11 12 a
2440 1214 46 13 man
2496 1207 21 20 of
2526 1214 39 18 you
2577 1209 38 19 will
2632 1210 76 20 outlive
2718 1210 28 19 it.'

2318 1234 53 26 They
2392 1234 68 26 finally
2481 1237 54 16 went
2550 1241 26 18 up
2591 1237 39 18 and
2644 1239 34 17 cut
2692 1243 54 17 away

2319 1261 33 19 the
2376 1261 53 20 tails.
2458 1261 53 18 That
2530 1261 57 20 saved
2603 1268 29 18 us,
2655 1263 41 19 and
2719 1270 28 12 we

2319 1288 76 19 cleared
2415 1288 35 19 tho
2464 1287 57 23 sand,
2535 1287 43 26 just
2598 1289 96 26 touching
2713 1289 34 19 the

2318 1314 41 24 ■spit
2378 1314 22 19 of
2414 1314 23 19 it.
2466 1314 66 19 There
2543 1320 37 13 was
2594 1321 25 13 an
2638 1315 62 20 awful
2714 1323 33 12 sea

2319 1347 31 16 on,
2362 1340 63 19 which
2436 1340 71 19 struck
2518 1347 37 12 our
2565 1341 74 21 rudder
2655 1342 40 19 and
2706 1349 31 13 car-

2319 1366 42 20 ried
2372 1373 36 13 our
2424 1366 62 20 wheel
2505 1366 56 20 clean
2572 1374 60 19 away.
2661 1369 42 19 But
2720 1376 28 12 we

2318 1396 35 22 got
2371 1393 54 20 clear
2435 1393 43 19 into
2490 1393 34 19 the
2538 1392 65 21 North
2622 1397 43 23 Sea,
2683 1395 64 20 where

2319 1426 27 13 we
2357 1420 58 19 drove
2428 1419 67 20 before
2506 1420 34 20 the
2557 1420 52 20 wind
2622 1421 45 20 four
2678 1428 22 13 or
2711 1421 36 20 live

2319 1446 54 26 days.
2408 1446 68 21 When
2496 1446 34 20 the
2544 1449 62 18 storm
2627 1448 120 25 moderated,

2319 1479 28 14 we
2356 1473 80 20 worked
2447 1479 37 14 our
2495 1479 42 19 way
2545 1473 57 20 down
2612 1475 59 25 again
2681 1476 22 19 to
2714 1475 34 21 the

2319 1500 68 19 mouth
2408 1499 21 21 of
2440 1499 34 20 the
2492 1500 90 25 Thames,
2598 1502 38 19 and
2647 1502 33 20 the
2696 1508 53 14 isamo

2319 1530 37 22 tug
2366 1526 4 26 1
2377 1526 33 20 bat
2427 1526 48 20 took
2486 1533 23 13 us
2520 1529 36 18 out
2566 1528 21 19 of
2598 1528 33 20 tho
2641 1528 52 20 river
2708 1531 41 17 met

2319 1560 22 13 us
2352 1554 58 25 again
2421 1559 48 14 near
2477 1553 34 20 tho
2522 1553 87 21 Kentish
2620 1555 78 24 Knock,
2709 1557 38 19 aud

2319 1580 90 26 brought
2415 1587 24 13 us
2451 1580 50 21 back
2511 1582 19 19 Lo
2542 1580 115 22 Gravesend
2665 1584 21 18 to
2697 1583 51 23 refit,

2318 1613 20 14 as
2350 1613 28 14 wo
2389 1607 38 20 had
2439 1606 77 21 neither
2527 1608 85 20 anchors
2624 1615 35 14 nor
2673 1609 75 20 chains.

2317 1667 39 21 AN
2379 1666 98 22 ARTIST
2507 1667 135 23 WITHOUT
2665 1669 76 21 ARMS.

2343 1719 33 21 Mr
2385 1719 96 23 Bartram
2487 1720 65 26 Ililes,
2561 1720 36 23 tha
2603 1723 83 20 armless
2693 1723 57 20 artist

2317 1746 66 21 whose
2392 1747 113 21 exhibition
2515 1749 21 19 of
2545 1749 32 20 his
2587 1749 55 19 work
2651 1752 21 17 at
2682 1750 56 20 Picca-

2317 1773 49 25 dilly
2376 1773 37 19 has
2423 1775 99 19 attracted
2538 1775 137 20 considerable
2685 1778 54 18 atten-

2317 1800 49 23 tion,
2390 1799 37 20 has
2446 1801 60 24 given
2524 1808 12 12 a
2554 1803 157 24 lepresentative
2729 1804 21 19 of

2320 1825 78 25 Lloyd's
2408 1827 88 24 Weekly
2514 1834 55 13 some
2578 1829 118 24 particulars
2704 1836 34 13 con-

2317 1853 84 24 cerning
2418 1852 32 20 his
2466 1854 81 25 pursuit
2562 1855 22 19 of
2598 1855 32 19 art
2647 1855 65 19 under
2722 1857 18 18 al-

2317 1881 51 16 most
2386 1879 129 25 insuperable
2535 1879 118 22 difficulties.
2681 1881 69 21 When

2317 1911 12 13 a
2334 1904 54 21 child
2399 1905 21 19 of
2429 1905 62 25 eight,
2501 1906 25 19 he
2536 1909 40 17 mot
2587 1907 48 19 with
2645 1914 11 12 a
2664 1909 86 19 tramcar

2317 1931 89 19 accident
2420 1931 45 20 that
2472 1932 132 20 necessitated
2615 1933 33 19 the
2658 1937 78 22 amputa-

2317 1957 42 19 tion
2380 1958 21 19 of
2419 1957 50 20 both
2484 1965 59 17 arms,
2563 1959 40 20 and
2622 1959 27 25 by
2668 1960 43 19 dint
2729 1962 21 18 of

2317 1989 142 19 perseverance
2475 1984 40 21 aud
2524 1985 93 26 practice,
2637 1986 37 19 has
2691 1987 59 20 made

2313 2007 1 29 |
2317 2008 31 21 his
2357 2010 71 19 mouth
2439 2010 25 19 do
2472 2011 43 19 him
2529 2012 98 19 excellent
2637 2013 75 19 service
2729 2014 21 18 in

2319 2036 51 18 their
2379 2036 63 25 place.
2470 2037 28 19 At
2509 2038 78 19 sixteen
2597 2045 58 18 years
2674 2039 21 19 of
2705 2046 43 18 age,

2317 2061 25 19 he
2352 2059 41 22 had
2402 2062 96 26 acquired
2507 2064 50 19 such
2573 2064 120 26 proficiency
2702 2066 48 19 with

2318 2088 62 19 brush
2391 2089 38 18 and
2437 2090 65 24 pencil
2510 2090 44 19 that
2561 2090 26 19 he
2597 2091 103 20 exhibited
2710 2092 40 19 and

2317 2114 43 18 sold
2369 2121 12 12 a
2392 2115 76 24 picture
2478 2116 20 17 at
2507 2116 34 17 the
2556 2116 76 18 Bristol
2641 2118 108 23 Acadomy.

2319 2139 22 18 Ai
2355 2139 44 20 chat
2417 2140 48 19 time
2479 2140 26 20 ho
2524 2147 38 13 was
2575 2141 98 27 studying
2686 2144 21 17 at
2716 2145 34 17 the

2318 2165 74 20 Bristol
2406 2166 108 20 Technical
2529 2166 21 20 C<
2558 2167 59 26 l'ege,
2628 2168 20 19 in
2663 2169 58 19 order
2730 2172 20 17 to

2318 2194 88 23 compete
2438 2192 32 20 for
2493 2199 12 13 a
2526 2193 94 20 scholars!
2623 2194 27 26 tip
2673 2197 21 18 at
2716 2196 34 19 the

2318 2217 96 20 National
2436 2219 38 19 Art
2497 2219 97 26 Training
2609 2220 77 25 School,
2711 2222 39 19 and

2318 2245 107 19 succeeded
2435 2245 21 19 in
2467 2246 90 25 winning
2571 2253 37 13 ono
2618 2247 21 19 of
2648 2247 34 20 the
2692 2248 58 20 value

2319 2270 19 19 of
2351 2277 12 13 a
2378 2271 94 19 hundred
2490 2272 79 25 pounds
2586 2273 32 19 for
2632 2276 39 17 two
2684 2280 64 19 years,

2318 2297 39 18 and
2376 2297 59 19 while
2454 2299 20 18 at
2493 2298 136 26 Kensington,
2649 2307 44 12 won
2711 2302 39 18 two

2318 2323 73 19 bronze
2409 2323 83 25 medals,
2508 2331 37 13 ono
2559 2325 38 20 silv
2604 2332 16 14 jr
2630 2332 44 18 one,
2689 2327 40 19 and
2738 2333 12 13 a

2318 2349 52 19 book
2381 2349 53 25 prize
2453 2351 33 19 for
2503 2351 78 26 design.
2609 2352 33 20 He
2662 2352 36 20 has
2708 2353 42 19 also

2319 2375 50 19 been
2379 2376 32 18 for
2418 2382 12 13 a
2444 2376 56 20 short
2510 2377 48 19 time
2568 2378 20 19 in
2598 2379 59 19 Paris
2666 2379 84 26 making

2317 2401 61 25 study
2387 2402 21 19 of
2426 2401 79 21 French
2522 2406 37 17 art.
2587 2405 26 19 In
2631 2405 90 19 addition
2729 2408 20 17 to

2317 2427 31 19 Itis
2358 2431 70 22 expert
2438 2435 35 13 use
2483 2430 21 18 of
2514 2429 33 20 the
2561 2431 69 24 brush,
2641 2431 34 19 Mr
2691 2432 58 20 Ililes

2317 2453 36 20 has
2364 2454 94 21 achieved
2468 2456 138 20 considerable
2616 2464 77 14 success
2703 2465 21 13 as
2738 2465 11 13 a

2317 2479 96 21 modeller
2418 2481 23 20 in
2451 2481 49 26 clay,
2512 2483 38 19 and
2559 2483 58 20 holds
2624 2490 12 12 a
2645 2483 104 22 first-class

2317 2506 106 21 certificate
2434 2509 30 18 for
2473 2509 119 26 proficiency
2604 2510 21 19 in
2635 2510 33 20 the
2678 2511 71 25 plastic

2317 2533 36 19 art.
2381 2533 43 20 The
2430 2535 157 25 representative
2594 2543 41 12 was
2644 2537 68 20 struck
2722 2538 27 24 by

2316 2558 34 20 the
2360 2560 112 19 wonderful
2487 2561 79 25 facility
2575 2561 49 22 with
2633 2563 65 19 which
2714 2563 35 21 the

2317 2585 56 19 artist
2384 2586 48 19 used
2447 2586 32 20 his
2493 2587 52 19 tools
2555 2585 4 30 ;
2574 2588 40 19 and
2623 2590 126 25 mentioning

2316 2610 43 21 that
2368 2612 26 19 ho
2402 2612 72 19 should
2484 2613 40 20 like
2535 2620 26 13 an
2570 2616 114 24 autograph
2694 2618 20 17 to
2722 2624 26 18 go

2317 2637 47 20 with
2383 2638 34 19 tho
2433 2639 62 25 photo
2515 2641 107 24 presented
2642 2641 48 25 him,
2715 2642 34 20 Mr

2316 2663 57 20 Ililes
2384 2664 136 27 immediately
2529 2666 48 20 took
2591 2674 13 12 a
2613 2667 89 26 blotting
2708 2669 40 25 pad

2315 2689 21 20 in
2346 2690 31 19 his
2387 2692 76 22 mouth,
2484 2693 77 25 opened
2577 2693 15 19 it
2603 2693 39 20 and
2652 2694 70 25 placed
2731 2695 16 19 it

2316 2716 18 18 in
2345 2717 92 24 position,
2448 2718 48 19 then
2506 2719 69 25 placed
2581 2719 35 20 the
2623 2720 62 25 photo
2693 2728 53 19 upon

2315 2742 14 18 rt
2340 2741 27 26 by
2375 2743 34 19 the
2426 2750 55 13 same
2499 2751 75 17 means,,
2585 2746 66 21 soiled
2661 2753 11 13 a
2679 2754 40 18 pen
2726 2748 20 19 in

2314 2768 31 19 his
2358 2770 60 23 teeth,
2439 2770 41 21 and
2490 2773 60 18 wrote
2560 2772 30 19 his
2601 2779 59 13 name
2677 2773 69 26 boldly

2315 2794 39 20 and
2371 2796 78 26 legibly
2466 2803 66 14 across
2550 2798 23 20 it.
2600 2798 42 21 The
2661 2800 86 20 number

2314 2820 20 20 of
2348 2821 102 28 drawings
2469 2824 40 19 aud
2522 2824 104 26 paintings
2642 2826 103 20 exhibited

2315 2857 39 13 was
2365 2852 29 22 76,
2407 2850 40 19 and
2464 2851 95 25 upwards
2575 2852 20 19 of
2609 2852 76 26 twenty
2694 2852 52 21 have

2315 2877 61 19 found
2394 2876 127 26 purchasers.
2557 2878 42 20 Ono
2618 2878 21 19 of
2648 2879 34 19 the
2695 2882 50 17 most

2315 2903 99 20 beautiful
2437 2903 87 26 pictures
2538 2904 22 20 in
2581 2904 35 20 tho
2633 2905 112 20 exhibition

2316 2937 38 13 was
2369 2937 12 13 a
2395 2930 126 20 water-color
2530 2930 71 25 design
2611 2931 31 20 for
2656 2938 11 13 a
2677 2932 65 24 frieze,

2315 2957 64 19 which
2388 2956 65 20 found
2462 2963 12 13 a
2483 2957 62 25 ready
2555 2957 47 20 sale.

2341 3012 77 20 HOPE
2433 3012 57 21 FOR
2505 3014 56 19 THE
2575 3013 141 21 FARMERS.

2340 3066 14 19 A
2379 3072 34 17 ray
2428 3066 22 19 of
2469 3066 52 26 hope
2540 3068 33 19 for
2588 3068 50 19 New
2658 3067 84 21 Zealand

2315 3091 82 20 farmers
2408 3091 3 23 :
2434 3092 25 20 So
2462 3100 31 13 nig
2513 3101 38 13 one
2569 3094 44 20 who
2636 3095 36 19 has
2695 3095 47 19 besn

2316 3117 79 26 looking
2416 3125 26 19 up
2459 3119 33 20 the
2503 3120 99 21 statistics
2617 3121 22 20 of
2653 3121 90 20 business

2315 3144 81 19 Failures
2408 3152 44 18 says
2464 3154 30 11 :•—
2498 3144 3 28 :
2514 3147 129 25 Agriculture
2662 3148 16 19 is
2689 3148 54 19 safer

2315 3170 46 20 thau
2370 3170 96 28 banking,
2474 3174 171 24 manufacturing,
2654 3174 77 26 railway-

2314 3196 38 25 ing.
2382 3197 63 21 There
2461 3198 18 20 is
2489 3206 27 13 no
2526 3200 78 20 farmer
2615 3200 20 20 of
2652 3200 50 26 good
2711 3200 21 20 in-

2315 3223 104 27 telligence
2429 3225 38 19 and
2479 3233 12 14 tr
2500 3227 29 18 'Oil
2541 3226 66 20 health
2622 3224 64 26 living
2696 3233 35 19 any-

2315 3250 64 20 where
2390 3251 42 18 who
2443 3254 73 17 cannot
2528 3252 55 21 make
2599 3261 10 12 a
2620 3254 51 24 good
2681 3253 62 25 living

2315 3281 30 14 lor
2356 3276 80 21 bimsalf
2446 3278 38 19 and
2496 3278 30 20 his
2536 3279 143 25 family—that
2722 3286 20 13 as

2315 3302 43 20 well
2369 3310 21 12 as
2402 3303 33 20 the
2448 3304 92 26 majority
2550 3306 22 19 of
2582 3313 43 12 men
2640 3313 33 12 are
2684 3306 59 24 doing

2315 3336 18 13 m
2353 3336 39 18 any
2415 3330 55 20 othet
2488 3332 87 24 pursuit.
2609 3332 54 26 Only
2682 3334 11 18 3
2708 3339 34 19 per

2314 3358 45 17 cent
2369 3356 20 19 of
2399 3356 34 19 the
2444 3363 44 14 men
2499 3358 19 19 in
2529 3358 58 19 other
2598 3358 50 20 lines
2658 3359 21 18 of
2689 3358 43 20 busi-

2314 3389 44 12 ness
2378 3389 70 18 escape
2468 3383 79 22 fai'ure,
2563 3385 39 19 and
2620 3385 48 25 only
2681 3386 12 19 3
2708 3392 33 18 per

2314 3410 45 17 cent
2380 3408 21 20 of
2411 3409 85 20 farmers
2512 3410 42 21 fail.
2581 3411 42 20 The
2641 3418 44 13 man
2700 3411 42 19 who

2314 3442 54 12 owns
2379 3442 10 12 a
2401 3435 50 20 farm
2461 3437 38 18 and
2511 3437 62 20 sticks
2583 3440 21 17 to
2615 3438 15 19 it
2641 3438 16 19 is
2667 3437 73 20 certain

2320 3461 13 18 >f
2344 3467 23 12 an
2379 3462 93 19 eventual
2485 3462 67 26 profit.
2579 3463 65 20 There
2654 3464 17 19 is
2681 3470 48 18 prac-

2313 3487 67 30 tically
2399 3494 26 12 no
2442 3494 53 14 more
2505 3489 46 18 land
2568 3491 20 17 to
2599 3490 25 19 be
2642 3490 62 19 added
2721 3491 20 17 to

2312 3512 118 21 cullivntion
2447 3514 21 19 in
2479 3514 121 23 the.TJr.ited
2621 3517 74 23 States,
2704 3516 36 20 but

2312 3539 33 19 the
2364 3539 85 21 demand
2471 3541 33 20 for
2519 3541 51 20 farm
2590 3542 97 25 products
2701 3542 38 19 will

2312 3565 84 25 steadily
2417 3566 95 21 increase.
2540 3568 47 19 This
2609 3570 55 18 must
2685 3568 56 19 make

2312 3591 66 20 better
2389 3593 64 24 prices
2472 3594 31 19 for
2514 3594 96 25 product*
2626 3595 38 19 and
2674 3595 66 19 better

2313 3619 64 19 nriers
2396 3619 33 19 for
2449 3619 34 21 the
2496 3620 46 19 land
2559 3620 63 20 which
2645 3621 95 26 produces

2312 3644 59 20 thorn.

2803 1072 71 19 WHY
2885 1073 50 20 DID
2953 1075 40 19 HE
2999 1075 34 20 GO
3043 1077 34 19 TO
3087 1077 67 23 SEA?

2790 1125 62 20 Little
2860 1126 44 26 Boy
2912 1134 5 13 :
2932 1128 41 21 Did
2982 1136 40 18 you
3032 1137 46 14 ever
3088 1134 57 20 catch
3161 1142 39 15 any

2766 1152 75 19 whales
2848 1152 9 19 ?

2791 1177 39 20 Sea
2843 1177 98 33 Captain:
2966 1181 38 21 No.
3032 1183 68 21 Never
3114 1186 87 24 shipped

2765 1209 26 13 011
2801 1210 9 12 a
2823 1204 80 21 whaler.

2791 1230 51 19 Was
2851 1237 42 19 you
2902 1239 46 13 ever
2957 1234 136 27 shipwrecked
3101 1239 8 18 ?

2792 1256 39 20 No.

2792 1281 68 21 Nevor
2870 1286 42 18 cast
2922 1292 26 13 on
2957 1292 13 13 a
2980 1286 66 22 desert
3055 1289 66 21 island

2792 1308 40 20 No.

2792 1334 69 20 Never
2870 1336 76 27 caught
2956 1338 27 26 by
2994 1342 102 20 cannibals
3105 1343 9 20 ?

2793 1360 39 20 No.

2794 1387 43 19 Nor
2847 1388 65 21 bitten
2921 1390 28 25 by
2959 1394 96 21 serpents.

2793 1413 39 20 No.

2792 1439 57 21 Then
2867 1441 12 19 I
2893 1443 53 20 can't
2959 1444 59 21 think
3036 1446 55 22 what
3109 1455 40 15 was
3168 1450 34 22 the

2766 1472 36 13 use
2810 1466 21 20 of
2840 1473 51 19 your
2899 1469 63 27 going
2972 1472 20 18 to
3002 1466 44 34 sea;
3054 1480 41 18 you
3103 1476 67 24 might
3180 1484 22 15 ag

2767 1493 45 20 well
2821 1493 53 21 have
2883 1497 71 24 stayed
2964 1503 25 14 ou
2997 1498 53 21 laud.

2867 1543 75 23 REAL
2951 1547 144 26 ECONOMY.

2797 1597 62 22 What
2869 1599 111 23 conditions
2988 1602 25 21 do
3020 1609 40 20 you
3070 1606 30 20 set
3118 1605 32 24 for
3168 1607 35 22 the

2796 1650 3 35 '
2804 1650 24 21 'A
2837 1651 103 23 beautiful
2945 1653 51 27 face,
3003 1662 12 14 a
3021 1656 103 29 thorough
3133 1658 55 26 know-

2767 1678 60 26 ledge
2837 1678 21 20 of
2867 1678 157 31 housekeeping,
3037 1684 41 21 and
3096 1687 36 20 she
3148 1690 54 19 must

2769 1710 52 14 wear
2831 1705 31 19 six
2872 1706 40 20 and
2922 1713 12 13 a
2942 1710 81 23 quarter

2864 1738 48 19 may
2915 1733 11 19 I
2931 1737 83 17 venture
3022 1738 20 18 to
3046 1737 80 26 inquire

2943 1762 78 19 several
3048 1770 59 19 years
3131 1773 40 18 ago
3190 1768 13 19 I

2768 1784 54 18 drew
2839 1791 21 12 in
2879 1791 12 13 a
2909 1786 56 20 raffle
2982 1788 31 19 six
3027 1790 55 25 pairs
3101 1792 22 19 of
3140 1793 64 20 ladies

2768 1809 69 25 gloves
2844 1811 22 18 of
2873 1811 44 20 that
2924 1813 91 25 number,
3028 1816 39 19 and
3085 1824 41 19 you
3144 1820 59 20 could

2768 1838 34 17 not
2812 1839 70 23 expect
2891 1844 32 13 me
2933 1841 20 17 to
2964 1840 63 21 throw
3034 1842 54 20 them

2781 1881 41 20 HE
2829 1882 93 21 COULD
2933 1884 55 20 NOT
2997 1886 193 25 UNDERSTAND

2968 1910 35 21 IT.

2793 1965 43 19 The
2849 1966 112 25 policeman
2971 1975 41 14 was
3020 1971 96 27 standing
3125 1979 26 14 on
3170 1975 34 21 the

2767 1997 70 13 corner
2855 1992 64 19 about
2937 1994 107 26 midnight,
3065 1998 59 20 when
3142 2006 12 14 a
3168 2001 24 21 be-

2768 2017 54 19 lated
2837 2024 110 21 passenger
2963 2022 126 26 approached
3108 2025 42 20 him
3166 2034 25 14 un-

2768 2043 92 26 steadily.

2794 2069 12 19 I
2815 2075 41 20 say,
2865 2069 35 21 Mr
2909 2071 81 27 Ossifer,
3008 2074 27 20 he
3052 2076 50 25 said,
3123 2078 45 22 how
3186 2081 17 20 is

2769 2096 40 18 tins
2819 2096 91 25 anyhow.

2794 2121 71 19 How's
2876 2123 71 19 what?
2964 2125 94 26 inquired
3077 2128 34 21 the
3130 2132 71 24 officer,

2768 2152 53 19 gooci
2830 2148 113 25 naturedly.

2794 2172 48 20 This
2849 2174 86 25 politics.

2794 2198 65 21 What
2867 2200 80 25 politics
2954 2202 9 20 ?

2795 2224 53 21 That
2858 2228 21 18 at
2886 2227 146 28 Washington.

2795 2251 11 19 I
2816 2252 56 19 don't
2882 2253 56 25 quite
2946 2257 57 19 catch
3013 2264 31 14 on.

2794 2277 43 20 The
2846 2285 110 20 passenger
2974 2284 48 19 took
3038 2285 34 21 the
3091 2288 67 22 officer
3175 2292 29 21 by

2769 2304 33 19 the
2809 2310 49 13 arm.
2886 2305 12 19 I
2908 2312 58 15 mean
2981 2309 44 26 this,
3037 2311 26 20 he
3073 2315 44 18 said
3152 2317 51 20 Was

2768 2332 15 17 it
2794 2330 34 19 the
2838 2330 73 21 Senate
2930 2333 45 21 that
2992 2339 73 22 passed
3081 2340 35 19 the
3136 2342 67 23 Sugar

2768 2356 40 19 Bill
2826 2363 22 13 or
2857 2364 41 13 was
2912 2361 16 16 it
2937 2359 34 21 the
2990 2368 62 20 sugar
3070 2366 46 20 that
3130 2370 73 24 passed

2768 2382 34 20 the
2809 2382 74 21 Senate
2890 2384 50 19 bill?
3129 2382 14 12 r

2806 2426 204 26 ELEPHANTINE
3027 2434 128 23 HUMOUR.

2795 2480 40 21 The
2845 2481 102 28 Elephant
2964 2486 87 21 reached
3068 2492 67 20 round
3152 2493 49 21 with

2768 2508 30 18 his
2808 2509 62 18 trunk
2880 2510 40 19 and
2930 2512 74 20 rattled
3013 2514 35 19 the
3065 2515 48 21 bars
3129 2519 21 19 of
3166 2520 35 20 tho

2767 2539 48 19 cage
2823 2535 22 18 of
2854 2535 34 19 the
2896 2535 66 26 Royal
2971 2538 79 27 Bengal
3060 2542 59 25 tiger.

2793 2560 64 19 What
2874 2561 25 19 do
2916 2570 41 17 you
2975 2566 68 19 waut?
3060 2570 90 23 growled
3166 2572 35 20 tho

2768 2591 64 21 Alger.

2792 2612 71 20 Didn't
2870 2621 40 18 you
2920 2618 42 18 cast
2972 2624 54 14 some
3045 2623 113 23 aspersions
3174 2631 27 14 on

2766 2645 31 17 my
2809 2640 60 19 trunk
2878 2641 34 19 tho
2922 2643 58 19 other
2990 2644 39 25 day
3036 2645 8 19 ?
3053 2646 94 26 inquired
3166 2651 35 20 the

2766 2666 106 24 Elephant.

2791 2691 11 19 I
2811 2690 40 26 did,
2862 2695 113 23 responded
2985 2697 33 19 the
3027 2698 66 27 Tiger,
3101 2702 55 20 what
3166 2710 35 14 aro

2764 2723 40 18 you
2815 2724 62 20 going
2886 2721 20 18 to
2921 2721 26 19 do
2956 2722 63 20 about
3028 2724 22 20 it.

2790 2743 99 27 Nothing.

2790 2770 61 24 Well,
2862 2771 55 22 what
2927 2780 35 14 aro
2978 2782 41 19 you
3032 2777 117 29 disturbing
3167 2789 33 14 mo

2764 2798 31 17 tor
2803 2798 8 17 (
2838 2798 46 19 lou
2890 2800 60 19 make
2959 2808 32 13 mo
3001 2803 57 21 tired.

2790 2822 11 19 I
2820 2822 40 27 beg
2886 2831 52 19 your
2962 2829 84 24 pardon.
3084 2832 12 20 I
3123 2836 78 23 merely

2765 2852 80 17 wanted
2854 2852 20 17 to
2885 2852 36 19 ask
2928 2859 41 19 you
2979 2860 11 13 a
3001 2857 100 23 question.

2789 2875 43 19 Ask
2842 2876 16 19 it
2867 2876 54 26 then,
2934 2880 41 19 and
2993 2881 56 21 dou't
3065 2885 61 20 stand
3142 2887 57 20 there

2763 2902 27 18 all
2800 2902 46 26 day.

2789 2927 43 21 Can
2860 2936 40 19 you
2925 2932 36 19 toll
2979 2940 32 13 me
3029 2935 35 19 tho
3090 2937 108 23 difference

2764 2954 90 21 betweou
2865 2963 12 12 a
2883 2956 66 26 Royal
2958 2958 80 28 Bengal
3053 2962 61 25 Tiger
3132 2966 41 19 and
3182 2973 12 13 a

2761 2981 96 25 jackass?

2788 3007 32 19 No
2847 3009 89 24 growled
2952 3012 35 19 tho
3010 3013 66 27 Tiger-
3116 3016 81 24 What's

2762 3034 34 18 the
2806 3034 108 20 difference
2922 3036 8 18 ?

2788 3059 60 24 Well,
2860 3060 98 21 chuckled
2966 3064 34 19 the
3009 3065 104 27 Eiephaut
3131 3077 21 12 as
3171 3071 27 20 he

2762 3085 51 19 blew
2832 3092 12 13 a
2862 3087 94 21 washtub
2982 3090 21 19 of
3026 3092 48 20 dust
3100 3095 43 19 into
3162 3097 35 20 the

2764 3111 67 24 Tigers
2849 3118 46 18 eyes
2912 3114 17 18 if
2947 3115 9 19 I
2985 3118 89 21 couldn't
3102 3122 34 19 tell
3161 3123 35 20 the

2761 3138 107 19 difference
2896 3138 90 23 between
3013 3146 75 23 myself
3115 3149 40 19 and
3183 3156 14 12 a

2760 3163 86 25 jackass..
2855 3163 33 20 I'd
2890 3165 29 19 tie
2924 3172 34 19 my
2966 3168 71 26 stripes
3048 3171 41 20 into
3100 3180 12 12 a
3130 3175 66 23 string

2761 3189 39 18 and
2813 3189 57 26 hang
2888 3193 73 22 myself
2983 3195 50 20 with
3051 3197 26 25 it;
3094 3199 72 20 indeed
3183 3201 13 20 I

2761 3215 71 23 would,
2843 3216 41 19 and
2893 3217 34 19 tho
2937 3219 95 26 elephant
3042 3226 53 18 wont
3104 3225 53 20 back
3175 3229 21 18 to

2761 3248 111 20 .seesawing
2882 3250 25 12 ou
2917 3243 32 21 his
2964 3246 55 21 fiont
3036 3248 6 20 l
3044 3255 11 13 6
3055 3256 14 20 g
3069 3257 10 13 ß
3097 3252 40 19 and
3156 3252 30 21 dis-

2761 3269 101 25 tributing
2868 3272 110 20 occasional
2995 3275 100 20 truckfuls
3112 3278 21 18 of
3149 3278 47 23 dust

2761 3294 38 18 and
2808 3300 57 18 grass
2875 3295 61 26 along
2946 3297 31 20 his
2983 3299 66 25 spinal
3055 3302 80 21 column

2799 3355 50 20 SEE
2860 3356 29 19 IT
2898 3358 39 20 BY
2947 3360 56 20 THE
3015 3362 67 22 WAY
3091 3365 56 21 SHE

2926 3385 96 21 SPOKE.

2784 3433 47 20 You
2858 3435 69 22 homd
2943 3445 59 14 moan
3027 3441 111 23 detestable
3160 3446 33 20 old

2760 3462 63 23 thing,
2836 3462 43 19 said
2890 3469 10 12 a
2906 3469 71 21 young-
2991 3473 77 14 woman
3078 3469 22 19 in
3118 3471 75 23 browr,

2759 3488 95 24 stepping
2864 3494 28 19 up
2900 3488 77 26 behind
2987 3499 11 12 a
3005 3499 70 21 young
3084 3502 78 14 woman
3171 3499 22 19 in

2761 3513 45 18 blue
2817 3513 43 19 who
2869 3520 41 13 was
2920 3516 97 27 enjoying
3031 3525 12 13 a
3062 3521 83 25 solitary
3163 3524 29 19 ico

2759 3544 65 13 cream
2834 3539 49 19 soda
2890 3542 21 18 at
2921 3548 12 12 a
2942 3542 53 26 drug
3004 3546 53 19 store
3064 3551 82 17 counter

2785 3563 41 21 The
2836 3572 70 19 young
2921 3574 80 14 woman
3017 3570 21 20 in
3056 3572 49 21 bluo
3120 3576 72 20 turned

2759 3596 25 12 an
2792 3591 115 20 astomshed
2914 3593 44 20 face
2964 3596 86 21 towards
3057 3598 34 20 the
3100 3601 86 24 speaker

2759 3617 39 17 and
2818 3620 33 15 the
2867 3619 86 24 speaker
2975 3628 40 13 was
3044 3626 83 20 covered
3144 3627 49 21 with

2759 3646 103 16 contusion
2872 3645 41 19 and
2923 3646 88 21 blushes.

2784 3668 37 24 Oli,
2845 3669 35 19 she
2899 3673 118 25 exetaimed,
3045 3676 13 19 I
3076 3676 41 25 bog
3140 3686 51 15 your

2758 3693 82 26 pardon.
2869 3695 12 19 I
2890 3696 89 27 thought
2987 3706 40 18 you
3038 3708 52 15 were
3099 3710 12 13 a
3123 3705 68 21 Mead

2758 3720 21 18 of
2787 3727 59 13 mine.
2875 3721 28 20 To
2913 3723 67 21 which
2989 3725 33 21 the
3032 3734 71 20 young
3112 3737 79 15 woman

2758 3753 19 12 in
2786 3747 48 18 blue
2843 3749 77 24 replied
2928 3751 96 26 amiably.

2783 3772 26 19 Of
2818 3779 75 18 course,
2904 3775 12 19 I
2926 3775 59 21 knew
2994 3786 40 17 you
3041 3780 35 20 did
3092 3782 53 19 from
3154 3784 35 19 tlio

2758 3800 160 26 wayyouspoke.

2757 3831 25 12 on
2788 3826 119 25 friendship.
3176 3826 10 10 J

2868 3868 20 19 A
2896 3869 179 26 CONFESSION.

2782 3919 51 19 She:
2849 3920 11 19 I
2878 3920 65 24 know,
2964 3922 72 22 Alfred
3053 3926 13 20 I
3083 3928 53 21 have
3156 3936 21 14 m
3178 3937 13 18 T

2754 3945 69 20 faults.
3177 3945 10 11 •'

2781 3971 45 30 Ho:
2838 3971 37 25 Oh,
2887 3975 103 26 certainly.

2781 3997 41 20 Sho
2846 3998 112 27 (angrily);
2980 4003 93 21 Indeed?
3096 4007 93 24 Perhaps

2754 4024 63 24 you'll
2826 4025 36 18 tell
2875 4032 32 13 me
2914 4027 56 20 what
2975 4029 49 26 they
3033 4037 41 16 arc.

1171 81 58 20 THE
1242 80 60 21 HOT
1317 80 93 20 LAKES
1425 79 174 24 CHRONICLE,
1616 77 190 24 WEDNESDAY,
1821 76 157 22 FEBRUARY
1996 76 31 24 27,
2042 76 57 23 1895,

2756 4085 69 17 Printer!
2841 4092 34 13 ana
2886 4090 92 18 published
2995 4092 27 17 for
3034 4094 29 15 tho
3081 4095 107 20 proprietors

2786 4113 36 25 IC-
2824 4114 11 11 E
2836 4114 33 11 ECY
2886 4110 50 18 Jame
2938 4118 6 10 '
2956 4113 99 21 Hamkond,
3067 4120 18 11 m
3100 4115 86 23 Kotorue,

2775 4130 18 16 at
2805 4130 26 17 lus
2839 4131 94 21 registerou
2946 4135 79 21 printing
3035 4136 48 17 office
3099 4137 85 21 Eotorun,

2775 4164 159 26 WEDNESDAY,
2943 4168 132 23 FEBRUARY
3087 4173 27 23 il,
3129 4174 28 19 189
3157 4174 20 19 i,

522 3776 20 17 It
550 3776 10 29 i
570 3776 11 29 3
591 3776 93 29 announced
698 3780 19 18 in
736 3780 30 20 the
781 3782 77 20 Quzutte
875 3784 42 21 that

500 3800 58 16 bonus
567 3800 19 18 of
596 3801 61 18 £IOOO
666 3803 39 18 will
715 3804 21 18 be
750 3805 42 23 paid
813 3806 28 18 for
850 3807 31 19 the
891 3814 38 14 eree

501 3823 40 16 tion
551 3823 19 17 of
576 3823 54 22 plant
637 3826 35 17 and
684 3826 31 19 the
728 3828 128 20 manufacture
865 3831 19 18 in
893 3833 46 18 Now

499 3845 83 19 Zealand
590 3846 19 18 of
617 3847 32 19 the
670 3849 42 17 first
719 3852 36 15 two
769 3851 84 20 hunched
866 3857 42 16 tons
922 3857 17 18 of

498 3870 56 15 crude
567 3870 78 22 cyanide
659 3873 20 16 of
694 3874 103 21 potassium
804 3875 47 18 from
861 3878 78 21 colonial

498 3892 86 21 produce.
610 3894 39 17 The
666 3895 53 22 plant
735 3899 50 15 must
801 3897 22 18 he
835 3901 77 21 capable
920 3907 19 15 of

498 3915 102 24 producing
610 3918 20 16 at
639 3917 46 19 least
701 3921 77 21 seventy
795 3923 40 16 tons
852 3924 19 17 of
884 3926 43 17 erud

498 3939 76 20 cyanide
595 3939 19 19 of
641 3942 103 22 potassium
781 3945 94 24 annually.
900 3950 38 19 The

498 3961 55 18 crude
574 3964 78 21 cyanide
665 3965 20 17 of
705 3967 101 21 potassium
828 3974 19 12 so
872 3976 55 14 nsanu

498 3984 85 19 faoturod
590 3985 50 19 shall
658 3989 72 17 contain
736 3990 19 17 at
771 3990 46 19 least
826 3992 21 18 70
856 3999 33 14 per
896 4000 41 13 cent

498 4007 18 16 ot
525 4012 98 19 cyanogen.
931 4007 8 12 z

520 4042 81 21 Senator
616 4045 85 26 Morgan,
722 4051 22 16 of
764 4051 126 24 Washington
903 4054 22 18 de-

497 4066 58 18 clares
564 4068 41 17 that
614 4069 56 18 Great
677 4071 71 19 Britain
760 4073 15 18 is
788 4075 80 24 plotting
877 4078 19 16 to
903 4078 22 18 ob-

498 4091 40 16 tain
550 4091 56 27 Peajl
630 4092 88 21 Harbour
742 4096 19 18 in
782 4098 30 18 the
837 4099 97 20 Sandwich

498 4137 161 23 Miorwtarofthe
671 4140 72 22 Pucitic,

988 4100 65 16 Bough
1060 4104 23 12 on
1246 4106 29 12 out
1289 4104 38 15 rata,
1342 4108 41 11 mice

953 4119 72 19 Ojar.tea,
1037 4119 40 20 flies,
1090 4121 43 18 auts,
1148 4121 89 20 bed-bugn,
1250 4122 65 19 inrocts,
1328 4122 53 16 skunk

952 4139 97 19 ock-rabits,
1067 4144 85 17 spariws,
1166 4141 75 20 gophers.
1262 4142 23 17 At
1306 4142 74 17 chemist!

952 4158 32 20 »ad
995 4158 83 21 druggists

1791 2986 27 71 I

2011 3079 35 34 m

1469 3147 36 14 ■i;-:

1792 3253 41 17 "-•':'.

1709 3255 16 17 V.
1730 3255 17 12 r::
1747 3265 7 6 --

1549 3276 24 27 &

1611 3334 44 21 WB

1450 3620 100 25 %^??P^:

2255 3741 27 15 •-■•
2281 3741 1 15 I

1652 3777 74 23 BRAND

1871 3670 143 33 FINEST

1735 3882 538 78 *fIISTIIiiERSC»ip:

1744 3960 56 44 r&'
1834 3963 171 40 £D/#MW,
2026 3970 142 30 6COHMD.

1403 4051 271 32 WHOLESALE
1694 4052 182 38 AGENTS,

1688 4112 49 40 L.
1765 4111 53 44 D,
1846 4112 260 43 NATHAN
2132 4115 40 41 &
2199 4117 83 41 CO.

2336 3693 43 19 One
2389 3694 21 18 of
2419 3694 34 19 the
2464 3697 50 16 most
2525 3694 140 25 distinguished
2671 3695 57 19 autbo-

2309 3720 55 18 rilies
2375 3720 20 19 in
2409 3720 94 24 England
2514 3720 40 19 and
2570 3720 92 20 America
2672 3727 25 12 on
2707 3721 33 18 the

2309 3751 95 19 eurrency
2415 3746 153 24 question—Mr
2584 3747 93 19 Moreton
2693 3747 35 19 Fre-

2309 3771 88 19 won—is
2406 3777 45 14 now
2469 3778 26 13 on
2505 3779 11 12 a
2535 3772 47 19 visit
2598 3779 19 13 to
2630 3772 108 24 Australia,

2309 3797 38 18 and
2367 3797 37 19 has
2422 3798 79 19 arrived
2516 3798 19 19 in
2554 3798 125 21 Melbourne.
2706 3798 33 19 He

2309 3822 16 20 is
2334 3824 20 17 to
2363 3823 82 19 address
2455 3830 12 13 a
2485 3824 69 26 public
2567 3825 89 24 meeting
2670 3831 25 12 on
2704 3824 35 19 the

2309 3848 78 26 subject
2398 3850 20 18 of
2426 3849 34 19 the
2476 3856 95 19 currency
2589 3851 39 18 and
2638 3850 34 19 the
2681 3854 57 21 great

2308 3874 36 20 fall
2354 3875 21 19 in
2383 3876 70 24 prices.

2333 3909 127 26 Everything
2469 3916 65 13 comes
2542 3912 20 18 to
2571 3910 43 20 him
2622 3911 43 19 who
2673 3911 63 20 waits,

2307 3934 37 20 but
2359 3935 63 25 you'll
2440 3937 34 23 get
2493 3936 54 19 what
2556 3943 40 18 you
2610 3939 54 17 want
2678 3936 59 20 much

2307 3967 70 13 sooner
2386 3961 28 25 by
2424 3961 63 26 going
2497 3964 19 17 to
2526 3961 54 20 fetch
2590 3962 16 20 it
2615 3962 96 26 yourself,

2307 4003 287 46 ADVERTISEMENTS
2617 4004 22 20 of
2671 4005 58 20 Situa

2382 4030 54 20 iions
2445 4030 88 25 Vacant,
2545 4031 98 24 Wanted,
2659 4031 39 19 and
2716 4031 22 20 of

2307 4056 68 20 Places
2391 4058 20 18 to
2427 4056 45 25 Let,
2489 4057 66 19 under
2571 4057 42 19 this
2629 4057 56 24 head,
2700 4059 35 18 not

2304 4082 109 26 exceeding
2438 4083 93 20 fourteen
2558 4083 71 25 words,
2653 4083 41 23 will
2711 4083 25 21 be

2304 4108 87 26 charged
2405 4115 39 13 one
2458 4109 91 26 shilling,
2559 4109 39 21 and
2612 4116 38 13 one
2668 4116 67 19 ponny

2304 4141 35 19 per
2357 4135 56 21 word
2432 4142 47 15 over
2498 4135 47 23 that
2563 4135 92 23 Dumber.
2682 4136 52 22 Cash

2304 4161 55 27 c-nly,

2845 131 169 21 FLETCIIEE'S
3021 133 79 21 PILLS

2878 169 59 14 never
2946 164 38 21 fail
2993 171 20 14 to
3022 173 47 12 euro

2756 195 193 26 INDIGESTION,

2783 230 192 27 COSTIVENESS,

2810 265 76 20 SOUR
2900 266 120 26 BREATH,

2836 299 183 26 HEARTBURN,

2862 332 88 20 RIVER
2959 334 123 26 DISEASE,
3093 339 41 19 and

2889 367 114 21 KIDNEY
3009 370 177 25 COMPLAINTS

2784 397 171 21 FLETCHER'S
2965 400 79 21 PILLS
3059 404 40 19 and
3109 405 68 21 CLEM-

2758 423 71 21 ENTS
2832 424 85 20 TONIC
2921 432 33 12 are
2958 426 35 19 the
2999 430 117 24 recognised
3121 432 61 20 house-

2758 449 48 19 hold
2835 451 97 19 remedies
2958 452 22 19 of
3005 454 34 19 the
3074 456 120 23 Australian

2758 475 94 24 colonies,
2872 477 40 19 and
2925 483 60 20 every
3003 479 108 29 designing
3127 486 67 23 quack

2758 501 49 19 tries
2817 504 20 16 to
2851 503 58 19 trade
2919 510 25 12 on
2954 504 53 20 their
3024 510 117 22 reputation
3154 512 41 19 and

2758 534 89 13 renown.
2876 529 49 19 This
2933 529 18 19 is
2960 530 36 20 the
3005 536 88 20 greatest
3106 538 60 22 proof
3175 538 22 19 of

2759 553 54 19 their
2822 555 65 23 merit,
2895 555 40 19 and
2951 557 95 20 sufferers
3065 564 55 15 want
3132 564 21 17 to
3170 564 25 19 bo

2759 579 111 25 particular
2879 583 21 17 to
2909 583 34 23 get
2961 583 35 19 the
3015 585 87 23 genuine
3116 589 80 20 articles

2760 612 22 12 as
2791 608 68 21 regret
2866 607 40 19 and
2912 607 171 26 disappointment
3097 619 35 13 are
3151 621 46 14 sur«

2760 633 21 16 to
2791 631 69 20 follow
2870 632 33 20 'he
2914 640 35 12 use
2959 635 21 18 of
2994 635 35 19 tho
3045 637 112 22 thousands
3175 642 22 19 of

2931 661 98 19 remedies
3073 670 22 13 so
3132 666 63 25 freely

2761 683 120 20 advertised.
2909 686 44 19 Tho
2961 689 115 23 reputation
3086 692 41 19 and
3137 693 48 19 wide-

2761 710 73 23 spread
2857 717 35 13 use
2911 712 21 19 of
2951 712 100 21 Clements
3069 715 62 21 Tonic
3156 720 42 19 and

2762 735 111 20 Fletcher's
2882 737 50 19 Pills
2942 744 34 13 are
2986 739 34 20 the
3029 745 90 20 greatest
3128 746 69 23 proofs

2762 761 21 18 of
2792 762 54 18 their
2864 764 136 24 appreciation
3017 766 28 25 by
3067 768 35 19 the
3121 771 75 24 public.

2762 786 21 20 If
2792 787 49 24 they
2851 795 52 13 wore
2917 792 35 17 not
2970 797 22 12 as
3006 796 130 22 represented
3149 797 50 25 they

2763 813 66 19 would
2837 814 51 19 hare
2895 816 73 24 passed
2978 820 35 17 out
3023 819 21 18 of
3050 826 90 20 memory
3150 813 4 33 ]
3158 830 10 12 0
3170 830 29 16 ii£

2763 845 33 13 ere
2812 839 52 23 this;
2888 840 39 21 but
2953 843 78 20 instead
3054 846 53 20 their
3120 849 43 19 sale
3182 851 16 18 is

2763 868 80 20 greater
2853 867 40 19 and
2907 868 49 25 they
2973 875 35 13 are
3026 877 54 14 more
3099 876 100 20 esteemed

2763 893 40 22 day
2814 893 26 23 by
2846 893 40 24 day
2900 895 40 18 and
2958 896 57 19 week
3031 897 28 25 by
3073 901 62 23 week,
3159 903 41 19 and

2763 917 42 19 this
2846 920 143 26 emphatically
3034 929 72 19 proves
3146 927 54 21 their

2763 944 124 25 undisputed
2899 953 125 20 supremacy.
3052 950 70 22 Listen
3139 955 21 18 to
3172 961 27 13 no

2764 973 108 21 argument
2897 973 52 19 from
2976 974 109 22 interested
3112 980 77 21 parties-

2765 995 87 20 demand
2874 997 35 19 the
2932 1000 88 21 Kenuino
3052 1003 80 21 articles
3159 1007 41 19 and

2764 1021 75 20 TAKE
2848 1023 38 19 NO
2897 1023 177 24 SUBSTITUTE.
