2520 4029
593 510 221 38 PUBLISHED
860 510 133 37 EVERY
1036 509 257 38 WEDNESDAY
1335 509 88 37 AND
1470 510 228 38 SATURDAY
1743 511 207 37 MORNING.

630 626 129 31 PORT
782 626 285 39 NICHOLSON,
1090 623 257 35 SATURDAY
1369 626 239 40 MORNING,
1630 629 122 32 JULY
1774 633 51 33 23,
1851 633 88 30 1842.

76 629 64 31 No.
159 628 83 40 161.]

2269 632 99 41 [Vol.
2389 632 67 31 IIL

60 53 2422 60 THE

63 113 460 134 NEW
620 115 886 135 ZEALAND
1580 115 896 140 GAZETTE

1244 278 113 32 AND

60 310 1154 168 WELLINGTON
1329 310 1153 168 SPECTATOR.

141 731 4 3 -
169 720 5 3 '
198 720 61 25 For^
266 719 107 25 Sydney
388 718 93 21 direct.

53 748 107 39 .^jj^jjiL-
202 755 92 32 npHE
321 751 141 30 remarkably
479 753 61 21 -fast'
555 753 74 27 sailing

67 776 117 38 Jijfvfes^
209 776 29 28 J-
263 781 47 22 first
319 781 55 21 class
384 781 82 26 barque
472 781 88 20 Isabella
564 781 65 24 Anna,

49 805 38 37 dm
96 817 98 25 yEy
215 810 41 20 300
274 811 63 18 tons*
342 815 40 20 per
395 809 103 25 .register,
518 807 27 22 T.
560 807 32 22 H.
608 807 21 21 P.

48 829 111 38 as§[i3Ea
167 846 30 15 w
215 835 130 27 Thompson
380 834 144 22 commander
536 842 6 19 ;
593 834 36 21 has

49 856 146 34 *s?ffij|BjjFffl&
216 861 104 29 splendid
334 861 192 22 accommodation
534 859 36 23 for
584 868 45 19 pas-

216 885 105 31 sengers,.'
324 888 43 22 and
375 888 44 22 will
429 888 28 21 be
468 887 133 28 despatched
609 887 20 21 in

48 927 13 14 a
73 920 44 21 few
132 918 63 28 days,
224 916 43 22 For
282 915 82 27 freight
379 922 25 14 or
416 922 99 20 passage,
534 914 66 27 apply
611 916 18 19 to

48 946 36 22 the
96 945 148 24 Commander
252 950 29 15 on
291 941 75 28 boardi
378 949 24 14 or
412 944 22 19 to

290 976 2 3 '
301 977 54 21 Hay
369 975 45 22 and
428 975 149 25 Machattie,

509 1003 95 30 Agents.

73 1039 143 27 Wellington,
227 1038 53 26 July
292 1037 33 26 15,
336 1037 59 20 1842.

77 1105 7 6 ,
112 1090 54 21 For
181 1089 66 26 Sale,
264 1088 118 26 Freight,
399 1092 29 15 or
444 1087 118 19 Charter.

84 1120 72 37 •wis£js!
223 1124 64 23 THE
304 1124 108 22 shcooner
425 1124 162 19 Perserverance
602 1122 27 21 45

74 1146 128 37 jgySS^'
223 1156 50 17 tons
284 1150 101 26 burthen,
393 1150 51 22 well
453 1149 69 22 found
532 1150 24 20 in
563 1156 66 20 every

60 1194 4 4 .
72 1172 130 38 JnF^^g'
210 1190 4 5 -
223 1181 94 24 respect,
330 1184 13 14 a
348 1177 49 21 fast
403 1176 72 27 sailer,
487 1176 44 22 and
542 1176 87 22 asuita-

61 1198 141 40 jrfpgM»jp_
223 1205 36 22 ble
270 1204 69 24 vessel
351 1204 34 21 for
399 1203 36 21 the
451 1203 99 27 coasting
560 1202 69 22 trade.

51 1225 157 34 §Sj^fr*^gjg
224 1231 77 28 Apply
311 1234 22 18 to
344 1231 62 26 Capt.
417 1230 83 27 Bishop
511 1237 29 14 on
552 1229 76 27 board,

222 1266 24 14 or
256 1261 23 19 to

247 1285 132 25 RIDGWAYS,
391 1284 98 21 GUYTON
500 1284 20 21 &
529 1284 73 21 EaRP.

73 1313 52 21 Port
132 1312 130 26 Nicholson,
274 1311 55 26 July
339 1311 31 26 15,
382 1311 61 21 1842.

50 1357 60 27 Ship
125 1357 84 21 Hotel
224 1357 20 20 &
259 1357 115 23 Tavern,
388 1355 131 21 Manners
534 1355 95 24 Street,

196 1390 40 21 BY
251 1388 85 23 JOHN
350 1388 130 26 FULLER,

49 1425 76 19 WINES,
139 1424 94 20 SPIRITS,
245 1424 47 14 AND
301 1423 61 14 MALT
372 1422 98 16 LIQUORS
481 1421 27 15 OF
518 1421 111 15 SUPERIOR

285 1449 106 16 QUALITY.

120 1474 155 22 Commodious
286 1481 72 15 rooms
368 1473 52 22 with
430 1473 56 27 good
495 1473 62 21 beds.

73 1510 93 21 Dinners
184 1510 35 25 got
240 1509 64 25 ready
324 1515 25 14 on
369 1508 35 20 the
416 1508 91 20 shortest
526 1508 76 20 notice.

126 1550 33 15 AN
169 1550 118 14 ORDINARY
299 1549 68 15 DAILY
377 1549 29 14 AT
415 1543 15 20 2
446 1541 103 22 O'CLOCK.

72 1595 69 20 New
155 1595 122 19 Zealand
291 1594 181 25 Temperance
487 1592 115 26 Society.

49 1628 70 49 ON
139 1627 141 22 MONDAY
301 1626 145 23 EVENING
467 1626 94 26 NEXT,
577 1628 23 19 at
618 1625 11 22 7

123 1654 92 27 o'clock,
226 1662 13 14 a
247 1654 99 26 meeting
355 1654 25 20 of
387 1653 37 21 the
433 1652 84 22 friends
527 1652 46 21 and
580 1659 49 21 sup-

47 1685 82 24 porters
141 1681 26 22 of
176 1681 106 22 thertotal
298 1680 125 22 abstinence
439 1687 65 14 cause
520 1679 44 22 will
578 1680 51 20 take

46 1709 60 27 place
122 1708 23 21 in
162 1708 38 21 the
206 1709 2 7 '
214 1708 84 21 lecture
305 1727 7 5 ,
314 1714 62 15 room
392 1706 26 21 of
432 1706 38 21 the
493 1706 136 22 Mechanics'

47 1736 110 21 Institute.
186 1734 44 23 Mr.
242 1734 23 21 J.
276 1733 131 22 Woodward
418 1733 45 21 and
472 1732 85 23 several
567 1732 62 22 other

46 1762 125 27 gentlemen
180 1769 37 14 are
228 1760 110 28 expected
340 1780 5 5 v
345 1764 22 18 to
378 1760 88 21 address
475 1760 37 21 the
522 1759 107 27 meeting.

194 1814 2 5 ,
223 1801 3 4 ■
261 1794 65 22 John
341 1793 122 28 Knowles,
480 1794 122 26 Secretary.

73 1821 53 28 July
136 1823 33 26 19,
182 1823 58 21 1842.
572 1844 4 3 ,

48 1865 67 49 ON
131 1866 85 26 SALE,
231 1866 31 26 by
270 1865 38 21 the
317 1865 149 27 undersigned
468 1875 26 5 —

122 1892 63 22 Mess
193 1892 56 28 pork
257 1892 25 22 in
294 1892 90 21 barrels.

395 1919 22 22 J.
428 1919 33 22 M.
472 1919 102 22 Taylor.

70 1946 54 27 July
133 1948 33 24 19,
179 1947 59 21 1842.
549 1952 79 27 I__

180 1991 86 20 Town
284 1990 31 20 of
327 1991 164 19 Manewatu.
526 2006 4 4 .

46 2023 90 26 npHE
158 2023 213 22 PROPRIETORS
396 2023 25 21 of
446 2023 37 21 the
503 2023 62 21 three
571 2023 57 24 .first

24 2050 57 22 ""'lll
131 2047 93 23 choices'
235 2052 23 18 at
268 2050 37 20 the
322 2049 42 21 last
379 2049 105 21 selection
495 2049 25 21 of
534 2053 94 24 country

45 2075 67 27 lands,
126 2075 85 27 having
229 2075 137 22 determined
379 2082 61 19 upon
457 2075 37 22 the
510 2076 42 21 site
566 2076 34 21 for
615 2084 13 14 a

56 2109 94 22 TOWN
167 2109 42 21 ON
223 2108 66 22 THE
305 2108 186 22 MANEWATU
505 2109 108 26 RIVER,

47 2137 52 21 after
104 2137 80 20 several
192 2137 58 19 visits
260 2140 21 16 to
291 2136 37 21 the
338 2136 183 31 neighbourhood,
534 2136 46 21 and
590 2136 38 21 the

47 2166 54 18 most
120 2162 84 23 careful
221 2162 45 22 and
284 2162 82 21 minute
386 2162 150 21 examination
552 2162 25 21 of
590 2162 38 22 the

47 2195 67 16 entire
130 2190 93 26 district,
238 2188 67 23 aided
320 2189 30 27 by
358 2188 38 22 the
412 2188 144 28 professional
570 2189 56 27 skill,

47 2216 134 27 knowledge,
201 2216 43 21 and
259 2216 129 27 experience
404 2215 25 22 of
440 2215 38 22 the
494 2219 59 18 most
568 2223 60 14 com-

47 2247 72 23 petent
125 2243 89 27 judges,
230 2249 94 21 propose
339 2245 21 18 to
378 2242 54 21 offer
442 2242 33 21 for
492 2242 102 28 disposal,
606 2246 22 18 at

194 2270 36 21 the
244 2272 89 24 present
341 2269 59 27 time,
413 2268 67 22 about

47 2302 216 23 TWENTY-FIVE
298 2302 103 25 ACRES,
440 2302 37 22 IN
513 2303 115 22 ALLOT-

47 2330 110 27 MENTS,
173 2329 86 23 EACH
280 2329 39 21 OF
343 2329 63 21 ONE
426 2329 148 24 QUARTER
588 2330 39 22 OF

259 2355 45 22 AN
320 2356 88 22 ACRE.

68 2383 45 22 The
124 2386 50 25 spot
183 2383 49 21 thus
242 2382 97 22 selected
350 2390 110 21 possesses
468 2382 38 22 the
515 2386 58 19 most
589 2391 39 14 ex-

45 2411 80 21 tensive
139 2411 101 26 frontage
255 2412 23 18 to
296 2409 54 28 deep
360 2413 69 18 water
444 2409 26 22 of
481 2416 44 25 any
540 2417 29 14 on
588 2410 39 22 the

45 2437 60 22 river.
134 2437 23 21 It
174 2437 20 21 is
212 2436 96 22 situated
323 2437 45 24 just
381 2439 23 19 at
419 2435 49 23 that
486 2437 65 26 point
568 2437 59 22 from

104 2463 74 23 which
187 2471 13 14 a
209 2463 54 21 road
275 2461 70 23 would
353 2462 86 23 branch
449 2463 33 22 off
488 2467 22 18 to
520 2463 39 22 the

46 2498 90 14 WOODED
160 2498 46 14 AND
216 2507 3 5 ,
227 2497 99 15 FERTILE
344 2497 117 15 DISTRICTS
482 2498 76 14 ALONG
581 2498 45 14 THE

212 2524 56 14 BASE
282 2524 28 14 OF
325 2524 43 14 THE
383 2524 75 19 HILLS,

47 2544 38 22 and
98 2544 71 22 above
180 2543 72 22 which
263 2543 36 21 the
313 2543 127 26 navigation
454 2543 35 22 for
497 2543 81 23 vessels
587 2544 40 22 be-

47 2578 69 14 comes
125 2572 87 24 tedious,
222 2571 24 25 if
250 2572 37 18 not
297 2571 93 25 difficult.
419 2569 23 23 It
447 2570 19 22 is
472 2570 108 23 therefore
588 2571 38 22 the

230 2606 3 7 1
239 2597 63 28 point
311 2597 70 22 where
392 2597 37 21 the

47 2631 82 22 LAND
146 2631 67 22 AND
228 2631 113 22 WATER
355 2631 162 22 CARRIAGE
531 2631 94 28 MEET,

47 2658 40 21 and
94 2658 76 22 Tvhere
180 2665 13 14 a
202 2658 68 22 Town
288 2666 64 14 must,
359 2666 30 14 be
404 2665 90 15 formed
510 2658 66 22 when
588 2659 38 22 the

47 2684 80 23 district
142 2684 20 22 is
171 2685 86 22 settled.
286 2685 23 21 It
317 2692 42 15 was
370 2685 96 22 selected
482 2686 30 26 by
522 2685 38 22 the
574 2686 53 21 Sur-

47 2711 76 27 veying
132 2712 60 21 Staff
203 2719 23 14 as
235 2712 38 21 the
282 2712 136 21 rendezvous
426 2712 37 21 for
477 2712 57 21 their
548 2712 61 27 body
619 2721 6 19 ;

47 2738 37 21 and
96 2738 39 22 has
144 2738 58 22 been
211 2746 51 15 now
274 2738 76 28 found,
360 2739 58 21 after
428 2739 86 21 several
529 2739 96 22 months'

46 2763 99 28 location,
157 2768 23 18 to
193 2765 27 21 be
229 2764 38 21 the
277 2768 57 18 most
347 2765 165 26 advantageous
520 2766 105 26 position,

47 2790 53 23 from
115 2792 29 21 its
159 2790 97 28 peculiar
276 2791 83 27 facility
374 2791 26 22 of
413 2791 110 27 approach
532 2792 55 21 both
595 2792 31 27 by

46 2816 50 23 land
105 2817 46 22 and
160 2820 73 19 water;
371 2832 3 5 .

70 2844 29 21 In
109 2844 154 21 confirmation
273 2843 26 21 of
304 2843 37 22 the
351 2843 129 27 superiority
491 2844 25 21 of
524 2844 43 21 this
578 2848 49 23 spot

46 2878 49 15 over
104 2877 46 21 any
159 2870 62 21 other
228 2873 40 24 yet
275 2870 89 26 known,
376 2870 38 21 the
424 2870 89 22 Messrs.
522 2870 103 28 Kebbell,

47 2898 52 21 after
116 2897 39 22 the
162 2903 7 14 ;
175 2896 158 25 examination,
341 2897 25 21 of
381 2896 37 21 the
436 2896 59 22 river
511 2896 59 23 from
588 2897 38 22 the

47 2924 85 22 Paneiri
141 2923 49 22 Pah
200 2927 21 18 to
230 2923 29 22 its
269 2922 84 28 mouth,
364 2923 139 22 determined
516 2931 30 14 on
557 2928 69 18 erect-

280 2950 39 26 ing
323 2949 66 22 -their

49 2985 60 21 SAW
123 2984 82 23 MILL
225 2983 232 23 IMMEDIATELY,
468 2983 157 24 OPPOSITE.

48 3011 42 22 The
107 3011 73 23 works
198 3010 25 22 of
237 3010 50 21 that
305 3009 167 23 establishment
489 3018 37 14 are
545 3015 24 17 at
583 3011 44 22 this

49 3041 94 19 moment
160 3038 25 21 in
199 3037 64 28 rapid
277 3044 106 19 progress,
400 3037 44 21 and
463 3037 37 21 the
517 3038 110 27 proposed

49 3063 61 23 Town
120 3065 45 22 will
174 3062 134 28 necessarily
312 3063 92 28 partake
410 3063 25 22 of
440 3063 44 22 this
494 3063 131 28 advantage.

70 3092 47 22 The
134 3091 94 23 nucleus
244 3090 54 24 of>a
315 3092 68 20 Town
398 3090 26 27 is,
434 3090 24 22 in
472 3090 50 27 fact,
535 3091 91 28 already

50 3118 87 25 created,
147 3119 32 26 by
188 3117 37 23 the
235 3117 165 22 concentration
416 3117 24 21 of
455 3117 36 21 the
501 3117 125 28 Surveying

51 3143 49 23 Staff
106 3153 28 14 on
145 3145 49 22 that
203 3147 55 24 spot,
270 3151 24 15 as
303 3143 37 22 the
350 3147 74 18 centre
440 3143 26 22 of
476 3144 149 22 communica-

49 3171 38 21 tion
98 3175 22 19 to
129 3172 39 22 the
179 3170 148 27 surrounding
336 3169 96 28 district;
447 3170 39 22 the
496 3171 101 21 erection-
603 3172 26 21 of

50 3196 81 25 Messrs.
143 3198 116 23 Kebbell's
274 3198 50 22 Saw
339 3197 63 22 Mills
418 3197 110 28 opposite;
544 3197 30 27 by
587 3198 38 22 the

49 3229 161 24 arrangements,
218 3225 35 22 for
268 3232 30 14 an
314 3224 112 22 extensive
437 3223 98 23 General
548 3225 61 21 Store
618 3233 5 19 ;

50 3251 37 22 and
95 3253 30 26 by
131 3253 39 21 the
179 3252 44 22 late
232 3251 133 28 application
371 3251 34 21 for
414 3258 14 14 a
433 3250 108 23 Licensed
549 3251 76 22 House

49 3284 23 15 on
79 3278 36 22 the
121 3283 53 27 part
184 3279 30 22 of.
219 3286 29 14 an
258 3277 123 23 individual
394 3277 50 23 who
458 3277 47 28 has,
515 3277 61 22 since
587 3278 37 22 the
625 3281 4 6 1

49 3303 109 25 formation
176 3306 25 22 of
214 3306 38 22 the
269 3305 90 28 Colony,
374 3304 98 28 pursued
487 3311 14 15 a
518 3304 107 22 lucrative

49 3331 54 23 trade
113 3333 53 21 with
174 3333 42 21 the-
221 3331 150 29 natives,'and
381 3331 73 23 whose
463 3331 132 27 knowledge
602 3331 26 22 of

48 3356 30 23 the
87 3359 134 28 advantages
231 3360 26 22 of
263 3359 38 22 the
310 3359 101 28 position,
418 3358 117 28 prompted
543 3357 47 23 him
600 3361 25 19 at

49 3390 47 16 once
107 3390 21 18 to
136 3387 73 25 prefer
219 3386 49 22 that
279 3386 140 27 application.

70 3411 43 23 The
123 3413 93 22 Natives
229 3413 113 28 byiwhom
356 3413 45 21 this
410 3411 55 23 land
474 3419 45 15 was
529 3411 96 23 claimed

49 3443 29 15 are
88 3439 59 27 quite
157 3439 109 27 prepared
273 3439 80 28 togive
360 3447 30 20 up
396 3439 131 28 possession-,
535 3439 45 21 and
586 3446 38 15 are

49 3466 136 27 exceedingly
195 3466 91 22 anxious
299 3469 23 19 to
336 3466 57 22 have
403 3474 14 14 a
425 3466 120 28 European
553 3473 71 20 popu-

48 3488 57 25 lation
116 3499 83 20 among
207 3492 68 27 them,
285 3493 82 27 having
383 3493 58 22 been
449 3500 60 21 upon
519 3493 38 21 the
566 3496 59 18 most

48 3515 85 31 friendly
139 3519 87 26 footing
236 3519 59 21 with.
298 3519 37 21 the
346 3520 124 27 Surveying
480 3519 58 22 Staff
543 3519 82 27 during

45 3542 29 22 the
83 3544 49 23 four,
140 3552 25 15 or
174 3542 141 25 five-months
396 3547 58 22 have
470 3547 56 21 been
535 3545 91 24 located

45 3568 59 25 there.

68 3597 29 22 As
107 3598 37 22 the
152 3597 137 28 Proprietors
298 3606 92 20 purpose
398 3603 23 19 to
432 3599 86 28 dispose
529 3600 26 22 of
560 3600 40 22 but
609 3607 14 15 a

47 3622 73 24 limited
134 3624 90 27 portion
240 3625 27 21 of
276 3624 39 22 the
329 3627 68 21 Town
413 3630 22 18 at
453 3629 97 26 present,
569 3627 54 26 they

46 3648 66 30 Pledge
122 3651 134 22 themselves
265 3651 54 27 that,
330 3655 22 18 at
360 3659 30 15 no
409 3653 73 23 future
491 3653 64 28 sales,
566 3653 57 23 shall

48 3675 29 22 the
86 3678 126 22 allotments
220 3677 28 23 be
258 3680 40 25 put
303 3685 31 20 up
343 3681 23 19 at
374 3686 14 15 a
398 3677 45 25 less
453 3688 48 14 sum
510 3680 55 22 than
574 3688 50 15 now

49 3702 76 24 offered.
202 3707 83 10 .•■<■'

68 3737 19 20 A
105 3738 130 28 Prospectus
255 3737 46 23 and
319 3738 55 23 Plan
395 3740 25 21 of
433 3740 38 22 the
488 3741 71 22 Town
576 3741 47 22 will

47 3761 74 30 shortly
128 3765 30 22 be
167 3765 68 27 ready
244 3764 35 22 for
286 3765 125 27 inspection
425 3770 22 17 at
460 3766 37 23 the
508 3767 81 22 Offices
599 3768 26 21 of

48 3788 77 25 Messrs.
136 3791 70 22 Waitt
215 3791 45 22 and
269 3792 75 27 Tyser,
355 3792 31 22 Te
397 3793 71 22 Aro.-

67 3820 139 30 Wellington,
217 3823 65 28 April
291 3825 34 25 22,
336 3825 61 21 1842.
454 3834 12 16 -,
541 3833 32 15 .<
599 3834 4 16 ;

223 3873 94 22 House
333 3874 27 20 to
371 3874 58 21 Let.
443 3880 5 4 -

49 3902 41 50 A
109 3905 87 23 GOOD
214 3906 131 23 substantial
360 3907 79 27 house,
460 3907 52 22 with
530 3907 92 23 kitchen

115 3932 45 22 and
170 3933 136 28 out-house's,
318 3937 21 19 to
348 3933 33 23 let
388 3934 25 22 in
421 3934 200 24 Manners-street.

49 3957 35 20 *or
91 3959 142 28 particulars;.
237 3961 68 28 apply
315 3964 23 20 to
348 3961 47 23 Mr.
406 3961 123 23 Brewer's
540 3962 79 23 Office.

779 716 96 21 Public
891 717 61 20 Sale
966 717 38 26 by
1017 716 131 26 Auction,

668 749 71 49 AT
754 749 60 23 KAI
833 749 118 23 WARRA
971 750 122 26 WARRA,
1109 757 29 14 on
1154 750 96 27 Tuesday

747 780 62 23 next,
820 777 38 21 the
872 777 52 21 26th
935 780 95 23 current,
1044 777 31 26 by
1087 777 41 21 Mr.
1139 776 22 22 J.
1173 776 77 28 Wade>

667 803 69 22 about
746 805 27 20 20
784 803 81 22 heifers
874 803 22 21 in
907 802 57 28 calf;
981 807 42 18 two
1033 803 41 21 lots
1083 803 25 21 of
1114 803 54 21 land
1178 811 28 14 on
1215 804 35 21 the

664 830 79 31 Petqni
752 830 62 26 road,
825 831 26 21 of
856 837 42 15 one
916 837 50 14 acre
983 829 60 27 each,
1054 836 23 14 as
1094 829 105 28 formerly
1214 830 36 22 ad-

663 857 97 21 vertised
767 864 6 19 ;
791 864 13 14 a
813 856 33 22 lot
854 856 25 22 of
886 857 98 26 farming
994 856 147 31 implements;
1154 857 63 21 made
1227 857 23 21 in

665 883 104 27 Glasgow
788 883 35 21 for
843 883 36 21 the
893 890 92 18 .owners
1004 883 84 27 private
1105 890 40 14 use
1153 891 6 19 ;
1175 884 43 21 also
1239 891 11 15 a

663 910 102 27 quantity
784 910 26 20 of
821 913 103 22 oatmeat,
943 916 61 20 soap,
1015 909 55 27 hats,
1086 910 39 21 &c.
1136 910 40 22 &c.
1204 911 46 21 The

662 936 111 21 attention
786 936 25 21 of
823 936 37 20 the
871 936 79 27 public'
954 936 19 20 is
983 936 142 27 particularly
1135 937 115 27 requested

663 967 23 16 to
696 963 37 21 the
744 962 135 27 description
890 962 26 21 of
923 962 64 21 stock
1000 969 49 15 now
1064 963 84 21 offered
1156 964 33 21 for
1198 964 52 26 sale,'

661 989 67 27 being
743 989 57 21 from
816 988 37 22 the
869 988 45 22 fold
928 989 27 21 of
966 989 40 21 Dr.
1019 989 79 28 Imlay,
1114 990 26 21 of
1152 990 98 23 Twofold

661 1016 55 26 Bay,
728 1015 45 22 and
784 1015 139 22 naturalized
934 1019 23 18 to
967 1016 39 21 the
1014 1016 92 27 Colony.

836 1052 5 4 ■
869 1042 78 22 Terms
957 1040 84 24 at^sale.

660 1068 82 22 Lunch
752 1071 22 18 at
786 1070 26 20 12
822 1068 92 27 o'clock,
926 1069 46 21 and
983 1070 37 20 the
1029 1070 45 21 sale
1088 1073 22 19 to
1122 1078 128 15 commence

880 1099 22 18 at
913 1097 11 20 1
940 1096 93 22 o'clock.

674 1125 3 4 '
687 1121 135 27 Kai-warra,
833 1122 54 27 July
897 1124 35 24 22,
945 1121 61 23 1842.

679 1165 214 23 FAVOURABLE
922 1167 222 24 OPPORTUNITY
1172 1169 60 22 FOR

701 1192 65 22 THE
780 1193 207 24 INVESTMENT
1008 1195 38 22 OF
1061 1196 142 22 CAPITAL.

769 1226 149 21 Extensive
934 1228 61 21 Sale
1012 1228 30 21 of
1056 1229 84 20 Land.

661 1259 93 35 TV/TR.
779 1259 86 22 JOHN
887 1259 96 23 WADE
1002 1261 39 21 has
1059 1261 38 22 the
1121 1262 87 22 honour
1225 1265 23 19 to

661 1282 62 25 -LtJL
752 1292 126 21 announce,
889 1286 50 22 that
952 1287 28 21 he
997 1287 44 22 will
1054 1289 41 21 sell
1108 1288 36 27 hy
1154 1289 92 27 auction,

660 1319 29 14 on
708 1312 90 27 Friday,
814 1313 38 21 the
867 1313 37 21 sth
921 1314 95 27 August,
1034 1316 58 25 1842,
1110 1319 25 17 at
1152 1315 36 22 the
1203 1316 45 21 Ex-

661 1338 92 28 change,
774 1339 33 22 Te
825 1340 54 27 Aro,
900 1344 24 17 at
941 1342 11 20 1
971 1341 85 22 o'clock
1075 1342 116 28 precisely,
1210 1343 38 21 the

896 1366 115 29 following

701 1399 211 23 ALLOTMENTS
927 1400 37 22 IN
980 1401 116 22 WADE'S
1110 1402 99 28 TOWN,

660 1425 38 22 the
708 1433 60 14 same
782 1426 69 27 being
866 1426 70 23 either
952 1427 49 22 sold
1018 1436 28 14 on
1063 1428 77 28 credit,
1157 1429 91 27 bearing

660 1452 100 27 interest,
779 1460 25 14 or
821 1453 32 22 let
870 1457 20 18 to
907 1454 137 27 respectable
1060 1458 95 24 tenants,
1173 1456 50 22 with
1234 1464 14 14 a

659 1479 61 27 right
730 1480 27 21 of
766 1480 113 27 purchase,
891 1480 47 22 and
948 1488 50 15 now
1007 1482 107 28 occupied
1122 1482 44 22 and
1177 1483 71 22 under

887 1508 138 25 cultivation.

794 1538 76 22 LOTS
885 1539 44 21 ON
945 1539 64 23 THE
1024 1540 91 22 PLAN.

660 1563 114 23 Numbers'
783 1567 19 24 9,
815 1567 33 25 10,
860 1567 31 25 11,
904 1567 33 26 12,
948 1568 33 25 26,
993 1567 74 26 27,28,
1077 1569 34 25 29,
1122 1568 35 25 56,
1168 1567 33 27 57,
1211 1568 33 27 58,

660 1592 46 20 and
715 1593 33 26 59,
760 1591 32 22 let
802 1592 33 21 for
851 1599 73 15 seven-
933 1600 72 20 years,
1016 1594 57 21 from
1090 1596 33 20 Ist
1139 1595 108 26 January,'

661 1619 61 26 1842,
731 1619 35 21 for
776 1619 95 27 i€l4per
879 1627 60 20 year,
945 1620 93 27 payable
1048 1620 50 22 half
1103 1621 83 27 yearly,
1195 1621 51 22 with

660 1652 14 14 a
684 1645 59 27 right
754 1645 26 22 of
786 1646 105 27 purchase
902 1651 23 17 at
936 1654 43 20 any
991 1648 50 20 time
1052 1647 81 28 during
1141 1648 38 21 the
1188 1648 58 22 lease

827 1673 36 21 for
872 1673 36 21 the
918 1680 50 15 sum
978 1674 24 22 of
1008 1674 67 22 £140.

660 1698 113 22 Numbers
783 1701 19 25 1,
812 1701 20 24 2,
847 1701 30 25 18,
888 1700 46 22 and
950 1702 32 25 19,
999 1701 49 21 sold
1062 1701 37 22 for
1111 1701 39 22 the
1165 1708 47 16 sum
1224 1701 25 22 of

660 1725 55 27 £60,
727 1729 22 18 at
759 1733 13 14 a
781 1725 71 23 credit
861 1727 26 21 of
898 1734 68 14 seven
983 1735 68 20 years,
1069 1729 57 21 from
1140 1729 48 21 21st
1201 1728 45 22 De-

660 1753 97 26 cember,
763 1754 65 27 ,1841,
841 1753 92 27 bearing
941 1755 93 21 interest
1047 1755 57 22 after
1117 1755 39 22 the
1168 1758 45 19 rate
1223 1757 27 20 of

660 1781 27 19 10
701 1786 39 21 per
757 1783 64 24 cent.,
839 1780 50 27 viz.,
906 1781 35 23 £6
957 1788 39 21 per
1013 1789 60 20 year,
1091 1782 94 27 payable
1201 1782 49 22 half

912 1808 86 27 yearly.
1078 1807 3 4 '
1180 1812 6 5 *
1220 1810 2 6 '

659 1832 112 22 Numbers
781 1835 33 25 80,
827 1835 33 25 81,
872 1835 43 21 and
926 1836 33 25 82,
970 1835 32 21 let
1013 1835 35 22 for
1060 1839 39 18 ten
1107 1843 72 20 years,
1190 1836 56 22 from

660 1859 52 22 17th
727 1861 96 26 August,
841 1862 57 26 1841,
912 1866 22 17 at
945 1869 13 13 a
968 1865 51 20 rent
1034 1863 24 21 of
1070 1863 48 21 £10
1133 1870 39 19 per
1185 1870 59 20 year,

658 1886 94 47 Sayable
767 1887 51 21 half
829 1888 83 27 yearly,
928 1888 53 22 with
996 1896 13 14 a
1022 1889 59 27 right
1097 1889 34 21 of-
1138 1889 106 27 purchase

666 1936 5 4 ,
677 1913 65 27 uring
751 1913 38 21 the
797 1913 58 23 lease
865 1915 33 21 for
906 1915 68 23 £100.
1004 1915 52 22 This
1065 1915 54 22 land
1128 1916 20 21 is
1158 1916 88 22 cleared

653 1940 52 25 .and
720 1940 128 27 cultivated,
866 1941 53 21 and'
926 1941 41 22 has
983 1949 28 14 an
1028 1943 111 21 excellent
1154 1943 91 22 wooden

672 1966 100 27 building
782 1974 28 14 on
818 1968 23 25 it,
851 1967 69 22 which
927 1969 39 21 the
972 1970 126 26 proprietor
1105 1969 71 21 would
1184 1970 44 21 sell.

658 1992 112 22 Numbers
780 1995 33 25 92,
825 1995 32 25 96,
869 1995 32 26 97,
913 1997 48 24 131,
972 1996 44 26 132,
1028 1997 45 24 133,
1086 1997 46 26 134,
1145 1997 44 26 135,
1200 1997 45 21 and

658 2021 46 25 136,
716 2020 48 21 sold
778 2020 36 21 for
829 2021 65 26 £160,
907 2025 24 19 at
947 2029 13 14 a
975 2023 69 22 credit
1054 2023 33 26 ,of
1103 2025 147 25 three,,yeaia-

656 2046 59 20 from
726 2048 34 19 Ist
769 2046 61 27 July,
844 2048 50 20 1842
894 2063 10 11 r
914 2047 46 22 and
975 2048 93 27 bearing

658 2072 37 21 the
704 2076 48 18 rate
762 2073 25 21 of
794 2075 26 19 10
830 2080 40 20 per
879 2077 66 24 cent.,
954 2075 49 28 viz.,
1015 2076 47 23 £16
1070 2084 40 19 per
1120 2083 60 20 year,
1190 2084 54 19 pay-

658 2099 50 22 able
718 2099 50 22 half
773 2101 84 26 yearly.
885 2101 48 21 The
943 2106 87 23 greater
1039 2106 50 23 part
1098 2103 24 21 of
1124 2103 54 25 .this
1185 2103 32 21 lot
1225 2104 20 21 is

759 2127 94 27 cleared,
865 2127 88 28 fenced,
965 2129 44 21 and
1020 2129 127 23 cultivated.

658 2153 118 22 Numbers-
787 2156 27 20 39
827 2155 45 21 and
886 2157 35 24 40,
932 2155 32 22 let
974 2160 23 17 to
1006 2157 136 26 respectable
1157 2160 87 19 tenants

658 2180 35 21 for
703 2188 66 14 seven
786 2188 70 20 years,
874 2181 57 22 from
943 2183 51 21 18th
1006 2183 135 28 September,
1153 2185 58 25 1841,
1222 2188 23 18 at

658 2206 34 24 £3
708 2209 42 20 10s.
767 2215 41 20 per
824 2216 60 19 year,
899 2209 96 26 payable
1012 2208 49 24 half
1069 2211 85 26 yearly,
1168 2211 48 21 with
1231 2218 14 15 a

685 2234 60 27 right
755 2235 26 21 of
787 2235 114 27 purchase,
911 2235 82 28 during
999 2237 37 21 the
1045 2237 66 27 lease,
1119 2237 36 21 for
1163 2237 52 24 £35.

658 2261 103 22 Number
771 2263 46 25 151,
828 2262 47 22 sold
887 2263 34 21 for
930 2263 55 27 £30,
998 2263 34 26 (of
1041 2263 71 22 which
1121 2264 34 23 £5
1164 2265 19 21 is
1192 2265 52 27 paid

658 2289 48 26 up,)
715 2291 32 19 *at
766 2296 13 14 a
799 2289 69 21 credit
881 2289 26 21 of
919 2293 44 18 two
980 2295 62 22 years
1057 2291 58 21 from
1135 2291 37 21 the
1189 2292 55 21 27th

782 2315 103 26 October,
897 2317 59 21 1841=
966 2317 39 26 (no
1014 2317 107 27 interest.)
1138 2319 5 5 '

658 2341 113 23 Numbers
780 2343 34 26 47,
825 2344 33 25 48,
870 2344 33 25 49,
920 2345 35 25 50,
972 2345 34 26 51',
1018 2346 31 25 64,
1061 2345 34 26 65,
1110 2346 34 25 66,
1155 2344 33 28 67,
1200 2345 44 22 and

658 2370 33 25 68,
714 2369 21 26 (5
752 2369 80 27 acres,)
853 2371 31 20 let
900 2369 36 22 for
962 2374 38 18 ten
1023 2378 70 20 years,
1113 2372 57 21 from
1192 2373 52 21 27th

658 2395 104 26 October,
773 2398 61 25 1841,
851 2396 103 27 (without
968 2397 60 27 right
1043 2399 25 21 of
1079 2398 127 27 purchase,)
1221 2402 24 18 at

658 2421 33 25 £2
707 2425 42 19 10s.
766 2430 40 19 per
819 2431 53 19 year
879 2423 36 22 for
922 2426 2 6 '
931 2424 37 22 the
985 2425 47 21 first
1044 2425 63 21 three
1121 2432 71 21 years,
1210 2426 33 23 £5

656 2456 41 20 per
711 2457 55 19 year
774 2450 34 22 for
823 2450 38 22 the
870 2454 54 18 next
934 2451 61 22 three
1011 2459 70 20 years,
1092 2452 45 22 and
1152 2452 33 22 £7
1199 2454 43 20 10s.

656 2483 40 20 per
705 2483 54 20 year
767 2477 37 21 for
817 2477 37 22 the
871 2477 43 22 last
928 2478 53 22 four
995 2486 63 19 years
1064 2487 6 19 ;
1086 2482 49 19 rent
1150 2479 93 28 payable

868 2524 4 3 .
880 2504 50 22 half
936 2505 86 27 yearly.

657 2529 48 22 The
715 2531 71 22 above
795 2530 43 22 lots
854 2531 44 22 will
914 2532 154 28 immediately
1077 2536 78 18 return
1171 2536 22 19 to
1207 2533 36 22 the

656 2557 119 27 purchaser
785 2565 29 14 an
830 2559 84 21 annual
927 2559 90 22 income
1031 2560 84 27 worthy
1124 2560 27 21 of
1163 2561 79 27 notice,

644 2603 2 6 ,
657 2583 30 22 all
695 2585 95 26 payable
801 2585 50 21 half
860 2585 89 28 yearly;
966 2585 56 28 and,'
1028 2586 17 22 it
1058 2590 61 18 must
1130 2587 28 21 be
1174 2587 68 22 borne

656 2611 23 21 in
700 2611 69 26 mind,
789 2611 49 22 that
855 2613 18 20 it
892 2613 20 21 is
935 2613 31 21 all
990 2613 105 27 occupied
1114 2614 46 21 and
1177 2614 66 27 being

655 2638 87 27 rapidly
762 2639 122 27 improved,
910 2639 52 28 and,
994 2640 77 22 should
1099 2641 37 21 the
1164 2642 78 26 parties

656 2665 38 21 fail
705 2668 22 18 to
736 2665 68 22 claim
814 2666 57 22 their
884 2667 127 27 purchases,
1022 2667 45 22 will
1082 2675 77 14 secure
1174 2672 21 17 to
1206 2668 36 21 the

656 2691 69 28 lucky
736 2692 129 27 purchaser,
882 2698 23 17 at
920 2693 39 22 the
978 2698 88 23 present
1083 2694 52 27 sale,
1157 2702 28 15 an
1203 2702 40 15 un-

779 2729 3 4 •
807 2719 98 22 doubted
915 2720 178 28 independence.

861 2754 73 15 AFTER
949 2755 85 20 WHICH,

656 2772 45 22 will
716 2772 29 22 be
764 2772 85 23 offered
862 2774 34 21 for
912 2774 52 26 sale,
980 2775 43 21 lots
1035 2778 40 18 not
1082 2778 39 24 yet
1131 2775 110 28 occupied.

656 2799 113 22 Numbers
783 2801 33 26 91,
833 2801 34 26 94,
884 2802 45 23 102,
950 2803 46 25 103,
1013 2803 45 25 104,
1075 2802 46 26 105,
1134 2804 46 24 111,
1196 2804 45 25 112,

657 2827 50 25 113/
715 2826 45 22 and
769 2827 48 26 114,
826 2827 71 21 which
907 2827 45 22 will
961 2828 85 28 be,sold
1055 2828 118 28 positively
1181 2829 62 22 with-

656 2855 39 19 out
705 2852 36 22 the
751 2853 56 21 least
821 2860 94 21 reserve,
927 2855 46 20 and
983 2862 36 14 are
1034 2852 29 24 all
1078 2855 50 22 well
1140 2856 101 26 situated,

656 2878 46 22 and
717 2879 50 21 well
781 2879 87 27 worthy
881 2881 76 25 public
972 2881 115 27 attention,
1101 2882 143 28 particularly

656 2905 64 21 those
733 2905 50 22 who
796 2913 37 14 are
844 2907 97 21 desirous
957 2908 25 20 of
997 2908 52 21 land
1065 2909 35 20 for
1114 2908 128 23 immediate

658 2932 140 27 occupation.
827 2932 24 22 It
865 2940 50 19 may
925 2933 30 22 be
965 2935 116 22 remarked
1095 2935 50 22 that
1154 2936 88 22 Wade's

656 2958 70 22 Town
734 2959 20 21 is
764 2959 38 21 the
811 2959 53 27 only
868 2959 62 28 place
940 2960 23 22 in
972 2961 36 21 the
1017 2961 130 23 immediate
1153 2962 89 29 vicinity

658 2985 25 21 of
684 2983 12 29 '
696 2983 129 29 Wellington
835 2988 49 20 that
889 2987 81 21 affords
978 2988 148 22 convenienoe
1136 2990 34 21 for
1176 2989 66 28 keep-

645 3011 51 28 ing
706 3011 62 27 dairy
778 3012 67 22 herds
853 3013 28 21 'or
895 3013 65 22 other
974 3015 68 26 stock,
1060 3018 36 24 as,'
1106 3016 23 21 in
1145 3016 96 22 addition

657 3041 22 18 to
698 3039 38 21 the
887 3041 93 26 grazing
998 3042 47 20 that
1063 3042 38 21 the
1113 3042 56 22 land
1183 3043 63 22 itself

656 3065 88 27 affords,
755 3065 63 22 there
828 3073 37 15 are
875 3067 80 21 outlets
964 3073 22 16 to
997 3075 28 14 an
1039 3068 118 22 unlimited
1168 3073 75 18 extent

656 3092 26 21 of
686 3093 101 26 grazing,
795 3092 74 25 which
879 3100 83 15 cannot
972 3094 27 22 be
1014 3095 105 27 occupied
1132 3096 36 22 for
1179 3104 63 20 years

895 3123 23 19 to
929 3128 70 15 come.

761 3146 8 14 1
860 3154 72 15 AFTER
954 3156 84 19 WHICH,

656 3172 88 22 Section
755 3172 25 22 of
786 3173 56 21 land
851 3173 23 22 in
883 3174 38 22 the
930 3175 49 21 first
988 3175 44 22 and
1044 3176 111 28 principal
1168 3177 74 22 settle-

656 3202 70 23 ment,
746 3204 95 23 country
854 3201 84 22 section
958 3208 51 16 now
1023 3200 120 30 unchdsen,
1161 3203 42 22 No:
1218 3204 26 22 of

656 3225 77 22 choice
743 3227 47 26 896,
802 3227 52 21 with
865 3227 35 22 the
916 3231 60 19 town
992 3236 49 15 acre
1051 3230 121 27 belonging
1184 3234 22 18 to
1215 3231 25 27 it,

656 3252 142 27 delightfully
807 3253 94 23 situated
912 3258 24 18 at
946 3255 37 21 the
988 3255 58 22 back
1056 3256 25 22 of
1089 3257 31 22 Te
1129 3258 49 21 Aro
1184 3258 56 21 Flat.

682 3279 106 22 Terms—
792 3280 78 22 Under
878 3281 53 28 £10,
944 3282 65 27 cash;
1025 3283 57 22 from
1091 3283 48 24 £10
1154 3288 21 17 to
1185 3284 53 27 £20,

655 3307 12 20 3
682 3306 91 22 months
778 3314 7 19 ;
800 3307 63 21 from-
873 3307 46 22 £20
937 3311 23 18 to
976 3309 54 27 £30,
1039 3311 15 20 4
1067 3310 90 23 months
1163 3319 6 19 ;
1184 3311 57 22 from

654 3332 49 22 £30
717 3333 108 27 upwards,
837 3335 14 21 3
867 3334 42 22 and
925 3336 14 20 6
954 3335 95 22 months'
1068 3336 77 29 credit,
1157 3345 29 14 on
1202 3345 39 20 ap-

654 3356 86 30 provedi
748 3359 111 23 endorsed
868 3364 150 25 acceptances.

682 3392 49 22 P.S.
733 3403 29 3 —
763 3392 81 22 Lunch
853 3400 29 14 on
892 3393 62 22 table
964 3397 23 18 at
994 3396 29 22 12
1034 3394 84 23 o'clock
1126 3396 115 27 precisely.

863 3439 5 4 '
891 3438 40 20 To
947 3439 58 24 Let,
1057 3441 3 9 '
1172 3442 3 6 •

654 3470 53 49 A
734 3469 257 24 SUBSTANTIALLY
1013 3472 94 23 BUILT
1130 3474 110 27 HOUSE,
1249 3459 2 39 |

722 3497 122 26 consisting
860 3497 25 21 of
899 3497 52 22 four
966 3505 80 21 rooms,
1056 3500 64 21 with.
1125 3507 14 15 a
1157 3501 54 21 roof
1218 3500 28 22 of
1249 3498 2 22 I

655 3523 53 22 Van
727 3523 117 22 Dieman's
867 3524 66 22 Land
957 3524 103 30 shingles,
1080 3526 44 23 and
1143 3534 14 14 a
1179 3527 62 22 brick
1249 3534 2 18 i

654 3550 112 27 chimney,
778 3550 101 27 together
891 3550 56 23 with
961 3553 77 27 nearly
1048 3561 41 14 one
1100 3561 50 15 acre
1160 3554 26 21 of
1195 3553 46 23 cul-

654 3577 86 22 tivated
749 3577 46 21 and
803 3577 50 22 well
861 3577 82 23 fenced
950 3578 62 23 land.

681 3604 48 21 The
739 3604 71 21 house
820 3604 19 21 is
847 3604 124 29 pleasantly
980 3606 94 23 situated
1079 3606 25 23 in
1111 3614 14 15 a
1131 3606 111 23 sheltered

654 3634 56 25 spot,
719 3630 23 22 in
752 3630 221 32 Majoribank-street

681 3658 45 21 For
738 3658 139 27 particulars,
889 3658 68 28 apply
972 3662 22 19 to
1010 3659 49 22 Mr.
1070 3660 109 28 Brewer,
1190 3660 49 23 Mr.

654 3684 73 27 Park,
739 3691 25 14 or
773 3684 50 22 Mr.
835 3684 94 23 Robert
940 3683 120 25 Langdon.

711 3748 5 5 ,
733 3750 4 3 .
771 3747 4 5 .
802 3742 13 15 ,<■
849 3730 24 21 J.
887 3731 39 20 M.
942 3731 108 28 Taylor,

667 3763 154 22 LICENSED
847 3763 239 23 CUSTOM-HOUSE
1108 3764 115 28 AGENT,

901 3798 28 14 TE
945 3798 51 14 ARO.

700 3827 97 28 OUND,
817 3827 25 22 in
861 3828 44 22 Mr.
923 3827 144 28 Houghton's
1085 3828 62 34 yard,
1151 3854 5 5 t
1168 3827 71 23 Willis

727 3855 79 26 Street,
817 3862 14 14 a
841 3855 64 21 small
919 3862 51 14 new
969 3867 5 14 ;
976 3876 5 3 .
985 3855 90 26 anchor,
1086 3861 49 15 now
1148 3854 20 22 it
1178 3862 61 14 came

653 3883 63 21 there
732 3884 41 19 not
791 3881 88 22 known.
908 3879 54 30 Any
979 3888 79 20 person
1075 3881 124 27 describing
1213 3881 24 27 it,

653 3916 52 21 may
713 3908 58 22 have
786 3907 39 22 the
841 3914 59 16 same
915 3914 31 16 on
960 3907 83 28 paying
1057 3907 38 23 the
1105 3915 98 21 expence
1216 3909 27 21 of

653 3935 181 24 advertisement.

680 3962 54 25 July
744 3963 34 24 22,
790 3963 61 21 1842.

1274 726 2 4 ■
1286 715 90 26 npHE
1390 716 57 22 Rev.
1458 716 44 23 Mr.
1514 716 123 23 Haefield
1646 717 45 22 will
1701 717 28 22 do
1738 717 54 27 duty
1800 720 23 19 at
1833 717 37 22 the

1350 742 139 23 Mechanics'
1501 744 110 26 Institute,
1620 751 54 14 near
1683 744 184 28 Barrett's-hotel,

1284 776 27 13 ou
1324 769 87 27 Sunday
1422 770 104 27 morning
1534 774 62 23 next,
1609 774 23 18 at
1640 772 23 20 11
1677 771 92 22 o'clock.

1284 820 80 48 DR.
1392 821 177 27 TURNBULL,
1599 821 153 28 SURGEON,
1776 823 92 21 intends

1335 864 3 3 .
1348 847 122 27 practising
1479 848 36 21 the
1524 848 89 22 various
1622 849 106 21 branches
1738 849 26 21 of
1774 849 34 21 his

1282 873 86 27 fession,
1380 874 46 22 and
1440 882 53 19 may
1501 875 33 21 for
1550 875 39 21 the
1604 878 89 24 present
1706 875 29 22 be
1752 870 115 27 consulted

1282 899 23 22 at
1313 899 72 23 Baron
1399 901 95 22 Alzdorf
1496 901 23 22 's.

1307 933 68 22 River
1384 934 67 28 Hutt,
1463 934 59 22 June
1531 935 34 27 17,
1576 937 61 21 1842.

1282 969 17 4 —
1299 969 11 4 ~
1310 969 20 4 —
1330 962 4 11 '■
1378 970 26 4 —
1735 967 4 9 :

1281 984 57 50 Ja
1357 984 122 23 SUTTON
1499 986 20 22 is
1536 993 52 16 now
1606 987 111 27 -prepared
1736 990 22 19 to
1778 988 85 28 supply,

1294 1034 10 4 ,_
1321 1022 10 11 •
1360 1012 125 28 wholesale,
1495 1013 36 22 the
1544 1014 121 27 profession
1677 1014 26 21 of
1710 1014 53 22 Port
1773 1014 92 23 Nichol-

1280 1038 149 28 son.'Nelson,
1448 1040 125 27 Auckland,
1590 1040 46 22 and
1654 1040 38 23 the
1711 1041 64 22 other
1789 1042 76 21 settle-

1281 1068 70 18 ments
1361 1066 26 21 of
1400 1066 56 22 New
1471 1066 104 28 Zealand,
1587 1068 52 21 with
1651 1067 81 28 drugs,,
1738 1068 125 28 chemicals,

1280 1091 71 27 stop.'d
1367 1092 86 27 bottles,
1470 1096 53 24 pots,
1541 1094 41 21 &c.
1598 1094 47 27 &c,
1662 1095 44 20 and
1723 1102 60 20 upon
1801 1102 62 15 more

1279 1118 163 28 advantageous
1452 1123 65 18 terms
1529 1120 53 22 than
1592 1120 38 22 the
1641 1121 90 27 Sydney
1740 1122 105 22 markets.

1305 1151 24 19 A
1335 1153 124 24 respectable
1467 1153 64 25 youth
1539 1154 84 20 wanted
1631 1160 22 14 as
1663 1160 28 14 an
1700 1154 136 26 Apprentice.

1280 1184 98 22 Medical
1387 1185 63 27 Hall,
1462 1186 141 27 Wellington,
1611 1187 64 22 June.
1681 1189 33 25 10,
1725 1189 60 20 1842.

1281 1229 89 35 npHE
1389 1230 154 22 PREMISES
1563 1231 70 27 lately
1647 1231 107 27 occupied
1756 1237 5 8 1
1763 1235 3 5 '
1773 1232 30 27 hy
1822 1233 40 21 Dr.

1287 1253 28 24 .L
1355 1256 94 27 Gilbert,
1460 1261 23 17 at
1493 1257 36 21 the
1540 1265 78 14 corner
1629 1259 24 21 of
1659 1258 151 22 Willis-street
1820 1259 44 22 and

1281 1284 34 19 ihe
1326 1282 76 28 beach,
1414 1284 45 21 will
1476 1284 27 22 be
1517 1284 86 28 shortly
1613 1285 85 27 opened
1713 1285 53 21 with
1776 1293 13 14 a
1801 1286 62 22 stock

1278 1306 25 25 of
1315 1310 93 26 genuine
1425 1310 66 27 drugs
1507 1311 44 22 and
1567 1311 108 23 chemical
1691 1312 58 22 from
1762 1313 101 26 Apothe-

1279 1336 68 22 caries
1357 1336 61 28 Hall,
1430 1337 101 22 London.

1305 1362 36 22 An
1361 1364 148 27 experienced
1523 1365 113 22 Assistant
1649 1366 96 27 wanted,
1763 1366 69 27 apply
1841 1369 21 19 to

1279 1389 21 22 J.
1312 1390 85 26 Sutton,
1409 1391 100 22 Medical
1517 1391 63 23 Hall.

1305 1416 58 22 June
1373 1418 33 26 10,
1418 1419 61 20 1842.

1418 1455 142 23 CHARLES
1576 1457 140 27 HARVEY,

1484 1490 100 26 Tailor,
1599 1491 54 25 &c,

1402 1524 114 26 Adjoining
1529 1525 72 20 Kumu
1616 1526 50 20 Toto
1681 1526 55 27 Pah,

1490 1564 158 20 WELLINGTON,

1277 1587 105 49 BEGS
1397 1591 22 19 to
1435 1592 77 19 return
1529 1590 82 22 thanks
1628 1594 21 18 to
1666 1591 39 21 the
1719 1593 82 25 gentry
1815 1591 45 21 and

1329 1616 10 9 *'
1351 1615 74 27 public
1437 1616 23 21 of
1469 1616 55 22 New
1535 1617 101 22 Zealand
1644 1618 35 21 for
1686 1618 37 21 the
1731 1621 92 23 support
1832 1618 28 21 he

1276 1640 40 23 has
1322 1642 111 22 'received
1447 1642 58 23 from
1521 1644 61 21 them
1598 1644 60 22 since
1672 1645 29 21 he
1716 1645 144 21 commenced

1277 1668 105 27 business,
1401 1669 52 23 and.
1465 1669 27 22 he
1510 1677 86 15 assures
1612 1671 60 21 them
1689 1672 49 20 that
1736 1673 2 4 1
1752 1672 24 20 if
1789 1671 18 21 is
1825 1672 35 21 his

1275 1694 109 23 intention
1395 1699 22 18 to
1429 1697 104 21 continue
1542 1697 34 21 his
1592 1701 59 18 most
1665 1701 118 18 strenuous
1796 1705 64 15 exer-

1277 1722 56 21 tions
1343 1725 23 18 to
1376 1723 89 21 merit-a
1475 1724 148 22 continuance
1633 1724 24 22 of
1663 1725 195 27 their.patronage.

1304 1753 62 22 C.-H.
1377 1754 62 22 takes
1456 1754 43 22 this
1519 1756 143 27 opportunity
1677 1757 26 21 of
1714 1757 82 26 stating
1813 1757 47 21 that

1276 1779 33 23 his
1321 1781 60 22 stock
1391 1781 94 22 consists
1495 1782 28 21 of
1531 1790 13 14 a
1552 1783 61 26 good
1622 1783 85 27 variety
1716 1783 26 22 of
1749 1783 110 27 superfine

1277 1807 81 28 cloths,-
1364 1807 111 28 doeskins,
1490 1809 89 26 tweeds,
1595 1810 127 27 moleskins,
1733 1809 125 27 velveteen,

1275 1833 189 28 pilot-cloth,-&c.
1474 1836 47 27 &c,
1536 1836 46 22 and
1597 1836 35 22 his
1642 1837 93 26 charges
1746 1837 46 26 (for
1811 1838 49 20 cash

1275 1862 58 25 onbj)
1343 1861 122 23 moderate.

1463 1908 93 20 James
1571 1908 98 26 Spiers,

1276 1932 191 31 prTospect
1489 1941 210 23 boarding
1722 1942 136 28 house,

1310 1981 25 19 jf
1349 1982 129 15 GUILDFORD
1493 1983 111 20 TERRACE,
1620 1983 54 15 HILL
1689 1984 92 20 STREET,

1322 2007 32 26 Jji
1373 2007 36 20 the
1429 2014 59 14 rear-
1496 2008 24 25 of
1520 2008 53 24 \Dr.
1587 2008 89 24 Evans's
1691 2009 110 25 residence,
1833 2009 2 5 '
1844 2005 6 12 4

1265 2046 4 4 •
1279 2046 29 24 ff^
1318 2058 4 2 .
1330 2048 2 5 '
1345 2042 35 26 »£'
1455 2047 219 14 TJBItMITrBIODKttArE.
1687 2046 16 15 7.
1714 2046 3 5 '
1803 2048 6 3 ~

1446 2089 89 26 Cheap
1550 2090 138 27 Clothing.

1278 2122 190 24 /COMPLETE
1482 2123 84 22 SUITS
1582 2124 26 21 of
1619 2124 76 27 neatly
1706 2124 66 22 made
1789 2125 70 21 Gam-

1278 2152 40 19 Vy
1355 2150 70 21 broon
1444 2150 89 27 clothes,
1554 2153 23 18 at
1594 2150 57 22 from
1670 2152 34 23 £'3
1723 2155 23 18 to
1764 2152 35 24 £3
1818 2153 39 27 55.,

1275 2176 116 27 according
1401 2180 23 18 to
1434 2176 52 22 size.

1459 2204 27 21 E.
1502 2204 124 27 Stafford,
1641 2204 80 28 Tailor,

1517 2237 61 23 Near
1590 2238 135 27 Wellington
1735 2239 96 22 Tavern.

1302 2263 54 28 May
1366 2264 33 27 27,
1411 2265 61 21 1842.

1448 2314 106 21 Heifers
1569 2315 30 20 in
1614 2315 67 21 Calf.

1275 2347 87 48 FOR
1376 2347 86 27 SALE,
1474 2348 66 22 about
1554 2348 28 22 50
1592 2348 99 27 superior
1700 2348 56 23 bred
1768 2348 88 28 heifers,

1333 2378 57 18 most
1407 2374 26 21 of
1444 2374 61 22 them
1519 2374 73 28 heavy
1606 2375 24 22 in
1646 2375 50 27 calf,
1715 2376 45 21 and
1775 2376 84 27 having

1274 2400 57 22 been
1350 2409 59 14 some
1425 2402 55 21 time
1494 2402 22 21 in
1530 2402 38 21 the
1589 2402 90 27 Colony,
1698 2406 39 18 not
1752 2402 66 22 liable
1836 2407 22 17 to

1274 2428 66 21 suffer
1349 2428 56 21 from
1414 2428 39 21 the
1463 2428 74 22 effects
1548 2428 25 22 of
1584 2428 39 23 the
1638 2429 62 22 Toot.
1728 2430 49 21 The
1789 2430 69 21 above

1275 2454 65 22 cattle
1357 2455 84 23 can-sbe
1458 2456 99 26 strongly
1569 2456 181 27 recommended,
1768 2463 23 15 as
1806 2456 53 28 they

1274 2480 57 23 have
1346 2482 57 22 been
1419 2480 97 23 selected
1531 2483 58 21 from
1606 2483 36 21 the
1658 2490 120 15 numerous
1793 2483 66 22 cattle

1274 2508 59 28 ships
1342 2508 71 23 which
1423 2508 58 22 have
1498 2510 93 21 arrived'
1598 2510 60 21 here.
1688 2510 75 28 Apply
1778 2514 21 17 to
1813 2510 45 21 Mr.

1274 2535 95 28 Revans,
1383 2537 87 20 Gazette
1480 2536 68 27 office,
1561 2543 25 15 or
1595 2539 23 19 to
1629 2536 43 22 Mr.
1684 2536 84 28 Hulke,
1778 2537 81 22 Evans'

1274 2562 55 27 Bay.

1302 2596 60 27 Also,
1373 2595 62 23 three
1445 2597 114 21 well-bred
1568 2604 73 15 mares
1646 2597 24 21 in
1680 2597 51 27 foal,
1743 2601 23 18 to
1776 2597 81 28 impor-

1274 2622 36 22 ted
1321 2623 80 22 horses.

1332 2668 51 20 For
1402 2669 70 24 Sale,
1488 2674 34 15 ex
1562 2668 118 21 Thomas

1274 2701 115 50 FIRST
1404 2702 139 24 QUALITY
1557 2701 105 23 FLOUR
1676 2701 24 22 in
1711 2703 39 20 100
1754 2701 31 22 lb.
1795 2701 62 28 bags,

1346 2729 62 27 Rice,

1354 2755 52 27 Tea,

1355 2782 81 27 Coffee,

1355 2809 77 27 Sugar,

1354 2835 103 23 Tobacco
1468 2836 22 22 in
1500 2836 67 27 bond,
1603 2840 12 14 *

1354 2862 115 28 Blankets,

1355 2889 42 22 Gin
1408 2890 24 21 in
1441 2890 68 27 bond,

1354 2915 171 24 Double-barrel
1534 2924 65 21 guns,

1354 2943 69 28 Slops,

1354 2969 110 28 Oatmeal,

1354 2996 59 23 Beef
1418 2998 24 21 in
1454 2997 83 23 tierces.

1549 3024 57 22 Hay
1620 3024 43 22 and
1678 3024 152 22 Machattie.

1302 3049 59 23 June
1371 3051 33 26 14,
1416 3052 62 21 1842.

1472 3096 76 21 Fruit
1556 3100 3 3 '
1569 3096 88 20 Trees.

1274 3129 88 49 FOR
1383 3129 87 27 SALE,
1490 3137 14 14 a
1521 3129 95 22 number
1637 3129 25 21 of
1681 3129 104 21 first-rate
1804 3128 54 22 fruit

1345 3160 64 23 trees,
1428 3157 108 27 imported
1547 3156 71 22 direct
1627 3156 56 21 from
1698 3155 110 27 England,
1820 3155 37 21 the

1272 3183 98 27 superior
1378 3183 55 21 fruit
1441 3185 27 19 of
1478 3183 71 21 which
1557 3182 83 27 gained
1652 3182 39 22 the
1706 3183 71 26 prizes
1787 3185 23 17 at
1820 3182 37 21 the

1273 3213 41 19 two
1330 3209 42 22 last
1388 3209 154 23 horticultural
1562 3209 78 21 shows.
1668 3208 64 28 They
1750 3215 37 14 are
1806 3215 51 14 now

1270 3236 70 27 ready
1357 3236 33 22 for
1409 3236 192 28 transplantation,
1622 3235 41 22 and
1688 3235 106 27 comprise
1818 3235 39 21 the

1270 3263 51 22 best
1331 3263 43 21 and
1382 3263 69 22 latest
1459 3263 64 22 kinds
1536 3263 61 21 from
1606 3262 37 22 the
1656 3262 74 27 Royal
1742 3262 116 22 Horticul-

1272 3289 59 23 tural
1341 3289 108 23 Gardens.
1477 3290 73 28 Apply
1562 3293 24 18 to

1399 3324 108 23 Charles
1519 3324 28 22 E.
1562 3324 54 22 Yon
1631 3323 116 27 Alzdorf,

1592 3349 72 24 Breda
1675 3357 29 15 on
1714 3350 37 21 the
1762 3349 67 22 Hutt.

1300 3377 55 27 May
1365 3376 34 28 27,
1409 3379 63 20 1842.
1486 3379 3 4 '

1272 3422 89 50 FOR
1375 3423 85 27 SALE,
1477 3430 28 14 ex
1517 3423 61 27 Lady
1590 3423 68 26 Leigh
1675 3422 44 22 and
1736 3422 63 22 other
1812 3422 46 21 late

1345 3450 90 21 arrivals
1444 3458 5 13 :
1452 3461 28 4 —

1301 3476 96 22 Seconds
1406 3476 64 27 flour,
1623 3496 5 7 

1300 3503 71 21 Patna
1379 3503 53 27 rice,

1300 3530 57 22 Java
1367 3530 76 27 coffee,

1270 3577 4 5 .
1300 3556 94 22 Manilla
1404 3564 73 19 sugar,

1299 3583 63 21 Pitch
1371 3583 46 21 and
1427 3587 41 23 tar,

1300 3610 49 22 Coir
1357 3617 59 20 rope,

1299 3637 89 27 Brandy
1397 3636 25 22 in
1432 3636 64 22 wood
1503 3635 43 22 and
1556 3642 69 20 cases,
1636 3641 54 21 very
1698 3634 65 28 good,

1298 3664 54 21 Best
1359 3663 105 21 hollands
1472 3663 24 21 in
1505 3662 40 22 red
1555 3669 68 19 cases,

1298 3690 59 22 Rum
1367 3690 43 22 and
1418 3690 81 21 arrack
1505 3690 23 20 in
1536 3688 67 22 hhds.

1300 3717 42 21 Gin
1352 3717 23 21 in
1383 3716 67 22 hhds.
1460 3718 45 20 and
1513 3716 70 27 pipes,

1298 3744 53 21 Port
1357 3743 45 22 and
1411 3743 78 27 sherry
1496 3742 24 21 in
1529 3741 64 22 hhds.
1605 3741 42 22 and
1656 3744 91 24 quarter
1756 3742 70 28 casks,

1297 3770 58 27 Port,
1373 3770 83 26 sherry,
1474 3769 46 22 and
1531 3768 109 28 Madiera,
1655 3768 137 23 Rutherford
1810 3768 46 23 and

1268 3797 94 27 Drury's
1370 3796 78 27 brand,

1297 3824 142 27 Champagne
1448 3822 26 22 in
1484 3829 66 19 cases,

1296 3850 91 22 Powder
1394 3857 24 14 m
1430 3850 26 21 25
1463 3849 30 22 lb.
1505 3849 70 27 casks,

1298 3876 88 24 Several
1396 3875 203 23 double-barrelled
1608 3883 62 19 guns,

1296 3904 89 23 Timber
1395 3902 94 24 suitable
1499 3903 34 21 for
1542 3902 30 22 all
1581 3902 102 28 building
1690 3909 112 21 purposes.

1588 3937 83 23 Waitt
1685 3936 44 23 and
1741 3937 84 23 Tyser.

1297 3966 142 26 Wellington,
1451 3964 53 28 July
1513 3966 32 26 12,
1557 3965 61 22 1842.

2133 723 127 21 Wanted.

1902 754 76 48 AN
2006 755 224 22 EXPERIENCED
2259 756 226 23 BOOK-KEEPER

1982 781 66 28 apply
2058 784 23 19 to

2217 809 24 22 C.
2251 809 28 22 L.
2292 810 86 21 Gazette
2389 811 67 25 Office.

1928 833 143 28 Wellington,
2083 835 55 28 July
2147 836 31 27 18,
2190 837 61 20 1842.
2450 834 30 25 I.

2022 898 5 5 .
2043 879 94 22 Union
2152 881 89 21 Steam
2255 882 87 21 Mills.
2418 899 3 5 ,
2459 895 10 8 .„

1898 911 92 49 ALL
2004 911 132 23 PARTIES
2150 913 82 28 having
2248 914 77 23 claims
2345 915 87 27 against
2446 915 38 22 the
2493 923 3 7 J

1978 937 73 23 Union
2062 939 76 21 Steam
2148 939 68 28 Mills,
2225 948 37 14 are
2272 941 119 28 requested
2396 944 23 19 to
2429 943 56 21 send

1898 964 61 22 them
1968 964 25 22 in
2002 965 114 23 forthwith
2125 969 24 19 to
2159 966 37 23 the
2204 967 159 28 undersigned.

2252 1001 38 22 W.
2305 1001 28 22 V.
2349 1002 108 22 Brewer.

1924 1024 56 28 July
1990 1027 31 25 14,
2034 1027 61 21 1842.

2095 1067 55 25 £lO
2164 1072 126 20 Reward.

1895 1104 202 49 WHEREAS,
2111 1113 28 14 on
2150 1105 101 28 Monday
2260 1106 71 27 night,
2342 1107 70 22 Town
2421 1107 59 22 Acre

1980 1132 42 21 No.
2039 1133 28 20 48
2085 1139 44 15 was
2145 1132 93 22 entered
2250 1133 31 27 by
2297 1132 36 23 the
2347 1133 99 25 remov.al
2462 1134 25 22 of

1897 1157 38 22 the
1944 1158 71 25 fence,
2033 1158 47 22 and
2090 1158 38 23 the
2144 1159 84 27 garden
2242 1160 84 21 robbed
2337 1160 26 21 of
2373 1167 61 15 some
2443 1167 40 20 po-

1897 1187 57 19 tatoe
1972 1186 90 25 onions;
2090 1186 38 21 the
2144 1186 152 27 undersigned
2314 1186 45 23 will
2375 1187 50 26 give
2445 1186 38 23 the

1897 1211 70 22 above
1977 1212 85 21 reward
2070 1219 61 20 upon
2146 1212 114 27 receiving
2274 1212 145 23 information
2434 1212 49 23 that

1897 1238 45 21 will
1959 1238 52 22 lead
2029 1242 23 18 to
2073 1241 37 19 the
2130 1240 125 21 conviction
2274 1240 26 21 of
2319 1240 39 21 the
2382 1240 57 21 thief
2459 1247 24 15 or

1895 1264 94 23 thieves.

2305 1293 26 21 T.
2343 1292 25 22 B.
2382 1292 73 23 Hine.

1950 1337 49 21 OW
2013 1338 151 22 LANDING
2177 1339 59 21 from
2255 1339 38 21 the
2309 1340 113 26 Exporter,
2438 1339 46 23 and

1977 1371 28 15 on
2015 1364 45 22 sale
2069 1365 31 27 by
2111 1365 37 22 the
2157 1365 154 28 undersigned
2311 1378 27 4 —

2111 1399 153 22 CANDLES.

2230 1426 35 23 W.
2281 1426 172 24 FITZHERBERT.

1921 1451 55 27 July
1984 1453 33 25 21,
2029 1453 61 21 1842.

1900 1495 88 22 TUST
2001 1496 132 22 LANDED
2142 1497 60 22 from
2211 1498 38 21 the
2262 1499 137 26 Exporter-:

1893 1523 26 20 tf
1957 1522 51 22 Rim
2017 1523 62 22 locks
2088 1524 69 26 (brass
2167 1524 46 22 and
2220 1524 68 28 iron),
2295 1536 3 3 ■

1957 1550 58 27 Soup
2024 1550 72 22 ladles
2105 1550 45 22 and
2160 1551 42 21 salt
2211 1558 89 21 spoons,

1956 1576 22 22 A
1989 1577 84 27 variety
2083 1577 25 21 of
2113 1577 57 22 tools
2178 1578 46 22 and
2233 1578 63 22 nails.

2227 1605 37 22 W.
2279 1605 172 23 FITZHERBERT.

1920 1629 55 28 July
1984 1632 33 25 20,
2028 1632 62 20 1842.
2111 1645 3 2 ■
2137 1649 5 5 ,
2168 1647 3 5 .
2391 1647 2 5 ,

2067 1676 44 20 Ex

1892 1708 90 48 FOR
1996 1708 87 28 SALE,
2093 1709 30 27 by
2133 1709 37 22 the
2180 1709 157 28 undersigned,
2348 1710 38 22 the
2395 1711 84 23 follow-

1949 1733 3 5 '
1964 1735 40 27 ing
2011 1736 75 26 cattle,
2097 1736 96 22 selected
2203 1737 57 21 from
2269 1738 39 21 the
2318 1737 56 22 herd
2384 1738 26 21 of
2416 1738 60 28 Capt.

1891 1762 98 26 Rhodes,
2010 1766 22 17 at
2050 1762 102 28 Broulee,
2170 1763 55 22 New
2244 1764 72 22 South
2331 1764 82 28 Wales,
2432 1765 47 22 and

1891 1789 84 21 landed
1984 1789 52 22 here
2044 1790 25 21 in
2079 1790 71 26 prime
2158 1790 122 28 condition,

1918 1818 27 20 28
1956 1823 55 14 cows
2019 1816 24 21 in
2055 1812 50 32 calf,

1919 1845 14 19 9
1942 1842 106 28 bullocks,

1919 1871 26 20 13
1956 1873 66 18 steers
2032 1870 47 22 and
2091 1870 89 28 heifers,
2192 1870 105 28 eighteen
2307 1872 89 22 months
2406 1872 45 22 old.

2155 1905 62 20 ALSO,

1919 1924 26 21 70
1959 1922 58 23 head
2026 1924 27 21 of
2063 1924 45 22 fine
2123 1924 66 22 cattle
2204 1925 110 28 expected
2326 1927 24 20 to
2366 1926 72 22 arrive
2455 1926 23 22 in

1890 1949 40 22 the
1938 1951 98 20 Eleanor.

1918 1976 103 28 Wanted,
2039 1985 15 14 a
2065 1985 80 21 person
2160 1982 129 25 competent
2298 1983 23 19 to
2336 1980 53 22 take
2398 1980 80 27 charge

1891 2004 26 21 of
1923 2011 14 14 a
1947 2004 70 22 Cattle
2027 2004 93 23 Station!
2149 2013 2 6 r
2187 2012 31 18 '
2246 2009 3 7 '
2266 2014 5 5 -

1885 2033 94 21 ..^.•ai'-r
1989 2041 5 3 -
2006 2035 35 17 t-i-
2041 2034 3 10 s—t-^-TT'-5
2044 2042 20 4 —
2064 2033 80 19 t-^-TT'-"
2145 2033 4 9 <
2152 2026 344 31 W-5^8.-SlitoDrrs-airi3'Ga;--rf:

1917 2054 56 28 July
1982 2056 31 25 14,
2027 2056 62 21 1842.
2115 2063 2 4 ■
2245 2056 3 3 '
2323 2068 8 6 ,
2436 2065 4 5 -
2457 2064 3 5 ■
2468 2053 28 20 '.?

1994 2099 85 28 SALE,
2089 2099 30 28 by
2130 2099 36 23 the
2176 2100 179 29 undersigned-

1917 2152 103 28 Superior
2028 2156 52 24 port
2090 2153 44 22 and
2144 2153 77 28 sherry
2229 2155 26 21 in
2265 2162 68 21 cases,

1918 2180 144 27 Champagne
2071 2180 24 22 in
2106 2180 63 27 ditto,

1917 2206 92 27 Brandy
2017 2207 24 21 in
2052 2211 90 23 quarter
2151 2207 71 28 casks,

1919 2233 45 21 Gin
1973 2233 25 22 in
2007 2232 65 24 hhds.

2215 2262 26 22 T.
2255 2263 34 21 M.
2305 2263 143 23 Partridge.

1891 2286 82 22 March
1982 2287 33 27 25,
2027 2287 62 22 1842.
2373 2305 4 5 ,

1943 2333 54 20 For
2015 2333 61 20 Sale
2096 2335 29 19 at
2146 2334 45 20 the
2216 2334 105 21 Nelson
2340 2335 84 26 Dairy

2168 2362 29 19 at

2069 2387 105 20 Nelson
2188 2388 105 21 Haven.

1895 2424 64 27 Qfk
1977 2420 83 22 COWS
2076 2420 35 22 IN
2126 2421 85 26 CALF,

1989 2448 27 20 30
2025 2447 82 21 heifers
2116 2447 23 21 in
2150 2447 49 28 calf,

1989 2475 27 20 50
2024 2481 78 20 young
2110 2474 89 27 heifers,

1923 2501 15 20 4
1945 2499 116 23 half-bred
2069 2501 102 22 Durham
2182 2501 67 28 bulls,

1919 2527 24 21 11
1954 2530 73 24 steers,

1945 2555 14 19 6
1969 2554 99 27 working
2077 2554 108 28 bullocks,

1944 2581 15 20 4
1968 2580 62 22 stock
2038 2581 85 27 horses,

1945 2608 42 21 100
1996 2615 62 19 ewes,

1945 2634 27 21 50
1981 2634 102 28 wethers,

1917 2660 48 22 The
1980 2661 71 22 above
2064 2668 38 15 are
2116 2661 57 23 from
2187 2662 42 22 Dr.
2241 2662 92 28 Imlay's
2351 2663 125 22 celebrated

1890 2688 62 20 stock
1962 2691 23 17 at
1995 2688 100 22 Twofold
2106 2689 57 26 Bay.
2190 2689 49 22 The
2250 2690 67 22 cattle
2331 2698 38 14 are
2380 2690 36 22 the
2427 2691 49 21 best

1890 2714 61 27 bred,
1961 2714 57 22 have
2030 2715 58 21 been
2097 2715 84 22 landed
2190 2716 23 22 in
2227 2716 38 22 the
2275 2716 67 23 finest
2352 2717 69 27 order,
2432 2717 44 22 and

1889 2741 59 21 form
1958 2741 38 21 the
2008 2741 50 22 best
2067 2742 106 22 selection
2180 2743 26 21 of
2213 2750 43 20 any
2262 2743 34 22 lot
2304 2747 38 24 yet
2349 2743 97 29 brought
2455 2747 21 19 to

1890 2768 57 22 New
1956 2768 107 22 Zealand.
2093 2769 45 22 For
2143 2769 137 28 particulars,
2292 2771 66 28 apply
2367 2775 23 18 to

2080 2803 22 22 S.
2117 2803 101 27 Revans,
2234 2803 144 29 Wellington,
2391 2811 24 15 or

2079 2829 30 22 D.
2119 2830 146 27 Drummond,
2276 2830 87 23 Nelson
2373 2831 89 22 Haven.

1940 2889 14 7 *
2044 2881 91 26 Maps,
2145 2882 106 25 Charts,
2262 2882 55 25 &c,

1890 2907 92 21 rriHE
1997 2907 152 28 undersigned
2162 2908 41 21 has
2215 2908 49 27 just
2279 2908 104 21 received
2398 2915 13 14 a
2420 2915 53 15 con-

1897 2929 29 26 _L
1964 2934 112 27 signment
2095 2934 26 21 of
2136 2942 61 19 maps
2217 2935 46 20 and
2282 2935 72 21 charts
2373 2935 58 22 from
2450 2935 23 22 J.

1889 2960 93 28 Wyld's,
2006 2961 96 26 Charing
2125 2961 70 27 Cross,
2222 2961 145 28 Geographer
2391 2964 22 19 to
2436 2961 37 24 the

1890 2987 85 26 Queen,
1986 2987 34 21 viz
2027 2995 5 14 :
2034 2989 5 13 :
2039 2998 25 4 —

1916 3013 72 27 Large
1999 3017 41 18 two
2051 3013 63 22 sheet
2124 3021 50 19 map
2184 3014 26 21 of
2217 3014 56 21 New
2283 3014 108 28 Zealand,

1916 3040 50 22 One
1977 3040 61 22 sheet
2046 3048 53 19 map
2109 3041 26 21 of
2141 3040 56 22 New
2207 3041 107 27 Zealand,
2322 3041 2 6 '

1916 3067 104 21 Chaffers'
2038 3067 64 22 chart
2117 3067 26 22 of
2157 3067 80 22 Cook's
2257 3068 86 28 Straits,
2361 3068 54 23 with
2432 3069 39 22 the

1886 3093 69 21 latest
1964 3093 117 28 additions,

1916 3120 104 22 Chaffers'
2030 3121 65 21 chart
2104 3121 26 21 of
2136 3121 53 21 Port
2197 3121 132 28 Nicholson,

1916 3147 130 22 Mercator's
2057 3147 63 22 chart
2130 3148 24 21 of
2166 3147 37 22 the
2213 3149 78 26 world,
2302 3149 41 22 &c.
2355 3150 39 21 &c.
2405 3150 40 21 &c.

2245 3175 114 22 William
2373 3176 73 22 Lyon.
2466 3179 3 4 '

1888 3200 85 22 Corner
1982 3201 27 21 of
2012 3200 152 23 Willis-street
2173 3201 45 22 and
2229 3202 190 27 Lambton-quay.

2059 3227 59 22 June
2128 3229 33 26 21,
2172 3230 63 20 1842.
2412 3235 3 7 ■
2432 3240 4 3 •
2465 3237 3 4 •

2126 3273 107 22 Notice.
2323 3283 5 8 i

2098 3307 5 5 '
2124 3306 137 29 Wellington
2271 3308 60 22 June
2340 3307 35 28 27,
2387 3309 59 20 1842.

1890 3338 91 23 mHE
1996 3338 147 25 BUSINESS
2157 3340 97 23 hitherto
2270 3340 204 23 conductedunder

1896 3363 30 25 X
1963 3366 38 21 the
2017 3366 52 22 firm
2078 3366 26 22 of
2112 3367 65 22 'John
2188 3368 44 21 and
2243 3368 85 26 George
2342 3367 71 22 Wade
2421 3366 51 28 will,

1888 3393 59 21 after
1956 3392 38 23 the
2010 3394 33 21 Ist
2053 3393 44 28 day
2113 3394 26 21 of
2152 3394 61 28 July,
2228 3396 61 26 1842,
2304 3396 27 20 be
2335 3399 6 9 1
2347 3393 83 22 carried
2445 3401 29 14 on

1888 3419 74 22 under
1971 3420 37 21 the
2015 3427 66 15 name
2091 3420 28 22 of-
2123 3420 61 23 John
2192 3422 68 21 Wade
2271 3422 45 21 and
2326 3421 39 22 Co.
2373 3428 7 14 :
2391 3420 45 22 and
2444 3420 30 23 all

1888 3453 91 17 persons
1987 3446 106 23 indebted
2100 3450 23 19 to
2133 3448 37 22 the
2177 3448 52 22 firm
2236 3448 26 21 of
2268 3448 60 24 Jphn
2336 3454 46 15 ana
2387 3447 87 27 George

1888 3469 80 31 Wade,
1979 3481 37 14 are
2029 3474 120 28 requested
2162 3474 112 23 forthwith
2284 3477 23 18 to
2316 3481 45 21 pay
2370 3474 57 21 their
2439 3481 35 14 re-

1890 3500 97 27 spective
1998 3502 108 21 accounts'
2114 3505 23 18 to
2147 3501 37 22 the
2193 3500 155 28 undersigned,
2360 3500 114 23 otherwise

1888 3526 53 28 they
1951 3527 46 22 will
2005 3528 27 22 be
2045 3528 93 22 handed
2146 3531 23 19 to
2179 3536 13 14 a
2208 3528 101 22 Solicitor
2317 3527 35 22 for
2361 3534 111 20 recoveiy.

2286 3561 63 21 John
2363 3559 81 23 Wade.

2091 3607 40 21 To
2148 3607 33 20 be
2195 3606 75 25 Sold,

1889 3641 74 49 ON
1984 3641 83 22 MOST
2086 3640 259 23 ADVANTAGEOUS
2361 3639 110 26 TERMS,

1967 3675 29 15 an
2013 3668 111 22 excellent
2141 3667 65 23 retail
2222 3670 59 18 store
2298 3666 114 26 businesV
2420 3665 26 22 in
2460 3673 14 15 a

1886 3695 109 27 populous
2001 3695 44 21 and
2053 3695 44 21 fast
2105 3694 184 27 increasing-part
2298 3693 28 22 of
2330 3692 142 27 Wellington.

1887 3721 48 22 The
1945 3721 105 28 premises
2058 3728 39 15 are
2103 3721 25 21 of
2135 3728 24 14 so
2167 3720 60 27 good
2236 3719 45 23 and
2284 3726 78 21 roomy
2368 3727 14 14 a
2387 3723 84 23 nature,

1885 3747 51 23 •that
1945 3748 110 22 sufficient
2065 3755 43 15 can
2114 3747 30 23 be
2152 3747 114 22 under-let
2280 3749 35 21 to.'
2320 3746 61 22 clear
2395 3746 78 28 nearly

1885 3774 40 23 -the
1935 3778 3 6 v
1944 3778 57 19 rent;
2016 3784 2 6 •
2036 3774 74 22 Three
2128 3773 96 28 months,
2245 3775 51 20 rent
2387 3773 45 22 will
2445 3773 27 22 be

1886 3801 144 27 guaranteed.

1914 3829 82 28 Apply,
2007 3829 29 26 by
2041 3827 73 28 letter,
2126 3830 22 19 to
2158 3827 67 26 X.Z.,
2236 3829 26 19 at
2269 3826 39 22 the
2318 3825 71 23 Office
2398 3827 27 21 of
2429 3825 44 23 this

1885 3862 76 21 paper.

1913 3888 55 28 July
1977 3890 20 26 8,
2007 3889 60 22 1842.
2371 3907 4 5 .

1889 3933 93 49 JUST
1996 3932 132 27 OPENED,
2136 3931 43 23 and
2190 3938 29 16 on
2230 3931 51 23 Sale
2290 3935 24 19 at
2323 3929 38 25 the
2371 3931 71 23 Office
2453 3931 25 23 of

1952 3959 45 24 this
2006 3960 78 27 Paper,
2094 3959 40 23 ink
2144 3959 76 23 stands
2231 3959 25 22 of
2262 3958 89 24 various
2361 3959 63 22 size*.
