2520 4029
1305 1032 113 24 Governor
1430 1033 119 24 Hobson's
1570 1036 123 27 estimates,
1715 1035 137 31 amounting

1272 1069 23 20 to
1306 1066 108 28 £50,922
1433 1069 36 21 3s.
1483 1066 48 29 4d.,
1549 1067 36 23 for
1606 1069 72 28 1841,
1699 1068 114 30 appeared
1827 1069 26 23 in

1273 1099 37 23 the
1320 1098 53 24 New
1383 1099 105 23 Zealand
1496 1099 106 30 Journal,
1614 1101 26 22 of
1654 1101 38 22 the
1702 1101 67 23 22nd
1779 1101 73 24 Janu-

1273 1139 48 24 ary.
1369 1132 64 31 They
1455 1140 60 16 were
1541 1133 127 24 forwarded
1694 1133 74 24 direct
1794 1134 59 24 from

1273 1165 123 29 Auckland,
1412 1165 32 32 by
1458 1165 39 26 the
1516 1165 106 30 Planter,
1634 1166 74 25 which
1727 1165 73 26 sailed
1818 1167 35 24 for

1273 1198 101 32 England
1385 1199 24 23 in
1419 1200 96 30 August
1524 1198 53 25 last.
1614 1200 52 27 Our
1681 1203 172 28 contemporary

1273 1233 19 22 is
1304 1231 118 25 astounded
1433 1237 23 19 at
1468 1232 38 24 the
1518 1237 101 25 amount,
1631 1233 44 23 and
1689 1237 23 20 at
1724 1234 80 30 nearly
1816 1234 37 23 the

1273 1265 72 24 whole
1359 1265 63 31 being
1433 1266 119 31 expended
1565 1274 63 24 upon
1644 1266 134 24 Auckland.
1811 1266 42 24 'He

1274 1303 98 27 suggests
1383 1299 50 23 that
1441 1307 25 15 as
1475 1299 39 23 the
1524 1299 112 31 principal
1647 1299 105 24 collector
1765 1300 26 23 of
1801 1308 52 15 cus-

1273 1336 59 20 toms
1341 1333 19 22 is
1365 1336 36 19 not
1405 1337 25 19 at
1433 1332 154 32 Washington
1588 1346 33 4 —
1621 1333 73 24 where
1700 1332 40 24 the
1747 1333 106 24 business

1273 1365 20 23 is
1301 1370 46 25 not,
1352 1365 84 31 .though
1444 1366 38 23 the
1492 1366 82 31 capital
1585 1367 26 23 of
1619 1366 39 24 the
1668 1366 88 24 United
1769 1367 84 28 Spates,

1273 1398 42 24 but
1326 1403 24 19 at
1359 1399 52 24 New
1429 1398 69 25 York
1507 1399 75 24 which
1592 1400 20 23 is
1624 1404 41 19 not
1677 1407 57 16 even
1745 1400 40 23 the
1797 1404 56 19 state

1273 1437 61 19 town
1346 1432 21 23 of
1373 1432 43 27 .the
1434 1437 59 20 state
1513 1433 24 24 of
1553 1433 39 23 the
1612 1440 62 16 same
1692 1433 161 30 name-=r;that,

1274 1465 112 30 therefore,
1395 1465 39 24 the
1447 1466 114 24 Collector
1572 1466 26 24 of
1614 1466 107 24 Customs
1726 1466 90 26 ..should
1826 1467 27 25 be

1273 1498 55 24 here
1340 1498 37 24 and
1387 1503 41 19 not
1439 1504 24 18 at
1475 1499 131 23 Auckland.

1875 134 129 24 immediate
2015 141 116 17 measures
2144 135 35 24 for
2191 135 154 32 establishing
2351 144 13 15 a
2374 136 91 32 County

1876 167 73 24 Court
1959 167 25 23 in
1995 167 46 24 this
2053 167 144 24 settlement.

1909 199 75 31 Eight
1995 200 91 24 months
2096 200 58 23 have
2164 201 85 30 passed
2262 201 62 24 since
2335 201 38 24 the
2383 203 84 24 arrival

1877 232 25 23 of
1917 233 38 22 the
1966 233 52 24 first
2029 233 59 31 body
2100 233 26 23 of
2145 233 108 25 colonists
2265 235 24 23 in
2301 234 96 30 Nelson,
2417 236 46 24 and

1876 273 57 23 your
1955 266 161 24 memorialists
2140 271 83 19 cannot
2246 267 42 23 but
2310 273 76 25 regret
2409 269 56 29 that,

1877 299 83 30 during
1971 299 31 23 all
2013 299 48 23 that
2068 300 64 28 time,
2143 307 31 15 no
2189 304 62 26 steps
2259 300 56 24 have
2322 301 57 23 been
2395 302 72 23 taken

1876 332 31 29 by
1918 331 39 23 the
1970 332 103 24 Colonial
2082 332 158 24 Government
2251 337 23 19 to
2284 339 59 18 erect
2351 342 13 15 a
2373 334 93 31 County

1874 364 77 24 .Court
1961 365 25 23 in
1998 365 46 23 this
2055 364 97 25 district.
2188 365 146 30 Meanwhile,
2354 366 38 24 the
2404 375 62 16 com-

1875 398 103 30 parative
1998 398 114 31 impunity
2129 399 35 23 for
2185 406 68 23 every
2274 398 56 24 kind
2350 399 26 23 of
2391 400 74 29 fraud,

1878 431 87 30 arising
1976 435 40 19 out
2027 430 25 24 of
2060 431 39 23 the
2108 436 61 19 want
2178 432 26 23 of
2212 432 58 23 such
2282 440 14 15 a
2307 432 106 30 tribunal,
2425 438 42 19 not

1878 463 53 31 only
1943 465 115 22 occasions
2070 469 65 25 great
2151 465 47 23 loss
2216 465 46 23 and
2279 466 145 23 inconvience
2442 471 24 19 to

1878 497 37 25 the
1923 496 144 24 inhabitants
2079 497 26 23 of
2121 497 46 24 this
2179 502 61 19 town
2260 498 44 24 and
2321 499 31 22 its
2362 500 103 30 vicinity,

1877 529 42 24 but
1929 529 117 24 threatens
2056 534 23 19 to
2091 530 134 31 discourage
2235 532 87 29 private
2332 533 133 30 enterprise,

1878 567 23 19 to
1920 562 100 32 derange
2040 562 38 24 the
2096 563 51 32 just
2164 564 97 23 relation
2281 564 26 24 of
2322 564 80 24 debtor
2421 565 46 24 and

1874 596 109 29 .creditor,
1991 596 46 24 and
2043 600 22 19 to
2073 596 77 24 retard
2158 596 37 24 the
2204 597 144 24 commercial
2354 598 112 24 advance-

1879 633 63 19 ment
1951 629 24 23 of
1985 629 39 23 the
2036 629 90 30 colony.

1911 662 118 32 Suffering
2046 662 65 24 these
2122 662 87 25 serious
2224 663 128 31 grivances,
2372 664 46 24 and
2429 665 37 23 in-

1877 695 103 32 timately
1992 695 124 25 convinced
2127 695 49 25 that
2187 696 55 31 they
2254 701 61 19 must
2324 697 108 24 continue
2442 702 24 19 to

1878 729 110 29 increase,
2004 729 77 23 unless
2100 734 93 27 prompt
2209 729 47 24 and
2267 730 104 25 effectual
2388 739 78 15 means

1879 769 37 15 are
1924 761 71 24 taken
2000 767 23 18 to
2030 769 92 17 remove
2131 762 70 29 them,
2211 770 33 17 w,e
2253 770 49 16 now
2309 763 92 24 address
2409 772 57 23 your

1880 794 148 32 Excellency,
2048 795 56 24 with
2124 803 31 16 an
2175 795 144 32 undoubting
2338 796 59 31 hope
2417 797 49 24 that

1879 827 45 23 this
1935 828 118 24 memorial
2063 829 49 23 will
2121 829 30 23 be
2160 829 134 30 favourably
2305 829 111 27 received.

1913 860 96 24 Police
2028 861 105 24 Office.
2135 874 34 4 —
2171 862 39 23 On
2227 862 107 31 Tuesday
2351 863 115 32 morning,

1880 902 14 15 a
1904 901 54 15 man
1970 894 27 23 of
2007 894 42 27 .the
2065 902 66 16 name
2143 895 26 23 of
2185 895 95 23 Samuel
2297 896 111 24 Florence
2420 904 46 16 was

1878 927 101 31 brought
1989 927 76 24 before
2077 927 39 24 the
2127 927 73 31 police
2211 925 139 33 magistrate^,
2369 929 97 32 charged

1879 960 55 24 with
1946 960 86 31 having
2042 960 74 24 stolen
2124 965 43 19 two
2178 962 76 29 pieces
2264 962 25 22 of
2294 961 64 27 .linen
2368 963 45 23 and
2425 971 41 16 one

1880 993 25 24 of
1912 994 138 23 mousseline
2067 993 29 24 de
2107 993 61 24 lame
2179 994 60 23 from
2258 994 39 26 the
2308 998 60 20 store
2381 996 25 23 of
2416 996 47 24 Mr.

1880 1026 122 30 Williams,
2021 1027 35 23 his
2073 1027 195 30 brother-in-law,
2284 1028 29 23 in
2328 1028 77 24 whose
2418 1037 48 15 em-

1882 1060 54 30 ploy
1945 1059 29 25 he
1986 1068 54 16 was.

1913 1094 39 22 On
1962 1094 103 30 Monday
2072 1094 113 31 morning,
2198 1094 49 24 Mr.
2256 1094 114 24 Williams
2383 1096 85 24 missed

1880 1127 37 23 the
1938 1127 72 29 goods
2023 1131 38 19 out
2072 1127 26 23 of
2114 1127 39 23 the
2163 1128 62 23 front
2242 1128 103 28 window,
2352 1129 51 24 .and
2421 1137 47 16 saw

1880 1159 50 24 that
1948 1167 44 17 one
1998 1160 30 26 .of
2046 1159 38 24 the
2101 1168 72 23 panes
2185 1160 24 23 of
2225 1160 62 31 glass
2305 1169 46 15 was
2368 1162 99 24 broken.

1883 1192 38 24 He
1931 1196 95 20 cameto
2038 1192 38 24 the
2087 1193 81 23 Police
2176 1193 75 23 Office
2261 1197 22 19 to
2291 1193 53 23 take
2352 1202 117 16 measures

1880 1225 35 23 for
1926 1224 144 32 discovering
2080 1225 39 24 the
2131 1225 108 29 offender,
2254 1226 51 30 and,
2318 1226 67 24 while
2395 1228 72 29 there,

1881 1266 46 15 was
1933 1263 49 19 met
1992 1259 31 30 by
2032 1258 97 32 Captain
2138 1258 88 29 Guard,
2236 1259 58 29 who,
2307 1259 83 31 having
2398 1261 71 24 heard

1882 1291 25 24 of
1915 1291 40 24 the
1964 1292 106 30 robbery,
2089 1299 64 16 came
2166 1296 21 20 to
2199 1293 52 30 give
2263 1292 145 25 information
2418 1294 50 23 that

1882 1325 37 23 the
1931 1326 103 30 prisoner
2046 1325 111 24 Florence
2164 1325 45 24 had
2215 1326 69 30 given
2293 1325 47 25 him
2348 1326 42 27 ,the
2397 1327 71 31 goods

1882 1358 24 23 in
1917 1362 108 27 payment
2036 1358 25 27 of
2076 1366 31 17 an
2118 1358 38 24 old
2169 1358 62 30 debt,
2250 1359 45 24 and
2308 1367 62 16 some
2381 1360 89 24 further

1883 1391 171 27 consideration.
2085 1392 39 27 jSo
2135 1391 59 25 little
2205 1393 55 26 time
2270 1392 47 27 had
2325 1393 91 31 elapsed
2428 1393 40 23 be-

1883 1429 70 19 tween
1965 1425 39 24 the
2011 1424 97 32 robbery
2115 1425 47 24 and
2171 1425 38 24 the
2222 1425 55 29 sale,
2290 1426 49 23 that
2350 1426 64 24 there
2423 1434 45 16 was

1882 1466 28 15 no
1919 1466 68 16 cause
1994 1458 36 23 for
2041 1457 71 25 doubt
2119 1466 25 16 as
2155 1462 24 20 to
2185 1458 51 24 who
2246 1466 46 16 was
2301 1459 38 23 the
2350 1460 101 24 oriminal
2460 1469 6 20 ;

1883 1491 44 24 and
1945 1499 28 16 as
1985 1491 39 24 the
2035 1491 66 24 value
2114 1491 25 24 of
2150 1491 44 24 .the
2213 1491 72 31 goods
2296 1499 46 16 was
2360 1493 75 23 stated
2446 1498 23 19 at

1882 1524 45 24 less
1938 1524 54 24 than
1999 1525 44 23 five
2050 1524 99 31 pounds,
2161 1525 39 25 the
2207 1525 106 31 prisoner
2321 1533 45 16 was
2374 1526 95 25 enabled

1879 1562 26 22 .to
1916 1557 55 24 take
1983 1558 126 30 advantage
2120 1558 27 23 of
2158 1558 41 23 .the
2211 1558 76 24 clause
2298 1559 24 22 in
2340 1558 39 23 the
2390 1559 77 24 ordin-

1884 1598 54 16 ance
1959 1591 154 32 empowering
2129 1591 39 26 the
2188 1592 131 30 magistrate
2326 1595 34 20 'to
2381 1593 89 23 convict

1878 1639 2 4 ■
1883 1624 133 31 summarily
2032 1631 29 16 on
2080 1624 137 25 confession.
2251 1624 42 27 On.
2307 1624 73 32 -being
2397 1625 73 24 called

1884 1665 29 16 on
1922 1658 37 23 for
1969 1658 37 23 his
2014 1658 100 29 defence,
2126 1657 29 24 he
2166 1658 191 28 confessed.to.the
2366 1659 104 31 robbery,

1885 1691 43 23 and
1936 1698 46 17 was
1994 1691 122 24 sentenced
2125 1696 23 19 to
2160 1699 42 16 one
2212 1691 75 32 year's
2295 1692 175 30 (imprisonment

1884 1724 45 24 and
1942 1724 58 24 hard
2013 1724 88 24 labour.

1306 1552 25 24 A
1341 1553 80 30 private
1438 1553 68 24 letter
1514 1553 62 25 from
1588 1553 101 30 Akaroa,
1702 1553 27 24 of
1738 1553 52 24 date
1800 1553 54 31 July

1277 1587 38 27 12,
1324 1587 55 30 gives
1390 1594 28 16 us
1430 1586 38 25 the
1480 1591 59 20 most
1546 1587 109 32 cheering
1666 1591 108 20 accounts
1783 1588 25 23 of
1817 1587 38 24 the

1275 1619 93 31 whaling
1382 1621 85 30 parties
1478 1621 25 23 in
1515 1620 37 24 the
1567 1620 196 32 neighbourhood.
1799 1621 55 23 Two

1273 1654 84 30 parties
1369 1653 56 24 have
1437 1653 90 32 already
1531 1654 45 26 .Six
1586 1654 84 24 whales
1679 1654 71 29 .each,
1763 1654 45 23 and
1817 1654 38 23 the

1275 1693 80 17 season
1363 1694 48 24 may
1421 1687 34 24 -be
1473 1687 133 24 considered
1624 1687 53 31 only
1688 1688 165 30 commencing.

1276 1718 23 24 It
1310 1719 20 24 is
1343 1719 127 32 distressing
1481 1725 23 19 to
1516 1720 94 24 observe
1622 1718 69 33 (from
1710 1728 64 16 some
1791 1728 65 15 over-

1275 1751 68 32 sight,
1353 1760 26 16 we
1391 1753 79 32 trust,)
1482 1754 49 23 that
1541 1754 40 23 the
1592 1755 128 30 provisions
1733 1754 45 23 and
1794 1753 61 32 slops

1275 1793 38 16 are
1324 1794 68 16 scarce
1400 1787 6 23 !
1425 1788 39 23 the
1475 1788 53 23 bare
1548 1787 84 24 chance
1652 1788 24 23 of
1691 1786 47 24 this
1751 1787 71 31 ought
1832 1791 24 19 to

1274 1819 29 23 be
1322 1819 85 24 avoided
1407 1833 35 4 —
1442 1821 39 23 the
1501 1821 127 31 provisions
1650 1820 90 24 wanted
1763 1828 37 16 are
1816 1825 40 19 not

1275 1853 85 29 arrack,
1379 1853 43 24 but
1447 1858 70 24 meat,
1543 1854 68 28 flour,
1634 1858 44 25 tea,
1702 1853 46 24 and
1771 1861 68 24 sugar
1849 1854 5 24 !

1275 1886 100 24 Allusion
1386 1887 20 23 is
1418 1887 66 23 made
1502 1887 23 23 in
1537 1895 42 15 our
1592 1887 188 31 correspondents
1791 1887 65 25 letter

1277 1924 21 19 to
1311 1920 37 23 the
1359 1920 107 24 excellent
1484 1920 106 32 qualities
1600 1920 25 24 of
1642 1929 14 15 a
1668 1921 56 23 boat
1740 1920 60 25 built
1814 1922 42 23 and

1276 1953 110 24 furnished
1397 1953 29 31 by
1437 1954 48 24 Mr.
1501 1953 91 31 George
1602 1953 70 24 Allen
1683 1954 27 23 of
1719 1953 46 25 this
1776 1954 64 31 place
1849 1964 6 19 ;

1277 1987 17 22 it
1306 1987 26 23 .is
1350 1986 110 25 described
1478 1994 25 17 as
1520 1995 14 15 a
1552 1986 71 25 credit
1632 1991 28 21 ..to
1672 1986 54 28 .him
1738 1988 46 23 and
1800 1987 56 24 Port

1277 2019 128 22 Nicholson.

1310 2068 24 23 A
1344 2068 81 31 private
1442 2068 68 24 letter
1525 2069 61 23 from
1605 2069 88 31 Cloudy
1705 2069 53 31 Bay
1774 2068 83 24 affords

1278 2108 27 16 us
1327 2101 35 23 the
1380 2101 117 32 following
1519 2107 96 24 extract,
1639 2102 73 24 which
1735 2110 34 16 we
1794 2102 65 23 deem

1278 2134 83 32 worthy
1375 2143 14 15 a
1407 2136 103 30 perusal.
1680 2135 70 29 Vale,
1771 2134 88 33 Cloudy

1278 2167 58 32 Bay,
1354 2168 48 31 July
1414 2170 24 23 8.
1440 2181 33 4 —
1475 2169 14 23 I
1506 2168 47 27 like
1572 2169 94 30 Nelson,
1680 2177 30 16 on
1722 2169 40 23 the
1779 2168 79 29 whole,

1278 2201 72 24 better
1359 2201 51 24 than
1422 2202 58 24 Port
1491 2202 136 30 Nicholson,
1647 2202 87 31 though
1745 2202 64 24 there
1821 2209 38 16 are

1279 2235 83 23 several
1369 2235 135 31 particulars
1517 2236 31 25 .in
1565 2236 75 23 which
1659 2237 58 23 Port
1733 2235 126 24 Nicholson

1278 2268 42 23 has
1329 2268 40 24 'the
1385 2268 133 32 advantage.
1554 2270 89 23 Nelson
1661 2270 41 23 has
1720 2277 65 16 more
1796 2268 63 25 .land

1279 2301 102 25 availahle
1397 2301 50 26 .for-,
1460 2303 140 24 .cultivation
1620 2304 26 22 in
1666 2303 40 23 the
1729 2301 130 25 immediate

1279 2334 187 32 neighbourhood,
1486 2336 39 24 but
1545 2344 43 16 one
1609 2336 61 24 third
1688 2336 27 23 of
1736 2336 40 23 the
1799 2339 60 20 town

1280 2369 91 23 sections
1379 2376 38 16 are
1425 2377 113 25 swampy-;
1552 2369 40 24 the
1598 2370 98 28 settlers,
1702 2369 113 28 however,
1823 2376 36 16 are

1279 2401 153 32 indefatigable
1444 2403 24 23 in
1480 2403 59 23 their
1550 2404 114 23 exertions
1675 2407 22 19 to
1709 2403 104 30 improve
1830 2402 29 31 by

1279 2435 109 24 meansojf
1402 2435 87 30 drains,
1499 2436 73 29 roads,
1592 2437 43 23 &c.
1679 2436 13 23 1
1712 2435 68 25 think
1799 2443 60 16 more

1279 2468 20 23 is
1322 2468 62 32 doing
1401 2470 98 23 towards
1519 2470 39 23 the
1576 2470 98 23 internal
1689 2470 131 30 prosperity
1839 2468 20 24 of

1280 2501 38 24 the
1331 2501 80 32 Colony
1423 2507 23 19 at
1458 2503 88 24 Nelson
1559 2503 55 23 than
1626 2508 24 19 at
1661 2503 150 30 Wellington.
1847 2502 12 24 I

1280 2542 45 17 saw
1347 2535 68 24 chairs
1434 2543 56 24 very
1511 2536 149 31 handsomely
1682 2540 42 27 got
1741 2544 32 23 up
1789 2536 70 29 there,

1282 2568 87 32 cheaper
1381 2569 56 24 than
1449 2569 55 31 they
1514 2569 67 24 could
1592 2569 28 23 be
1629 2574 39 26 got
1678 2569 61 23 from
1752 2569 93 31 Sydney
1853 2578 6 19 ;

1282 2601 157 33 wheelwrights
1451 2611 59 23 w;ere
1520 2603 50 24 also
1578 2604 25 22 in
1615 2604 71 23 active
1697 2603 100 31 employ,
1816 2602 43 23 and

1281 2634 13 24 I
1308 2642 40 17 can
1357 2640 54 19 state
1423 2637 49 23 that
1481 2637 25 23 in
1517 2644 14 16 a
1541 2644 56 23 very
1606 2636 64 24 short
1687 2636 64 28 time,
1771 2635 88 23 articles

1281 2668 23 24 in
1324 2669 56 24 these
1399 2673 43 20 two
1460 2670 113 23 branches
1594 2670 25 23 of
1634 2669 75 24 trades
1722 2668 47 24 will
1780 2668 29 23 be
1820 2675 39 16 ex-

1280 2702 77 31 ported
1365 2707 21 19 to
1398 2703 39 23 the
1448 2703 168 30 neighbouring

1916 1790 46 22 We
1987 1790 93 22 observe
2098 1790 61 23 little
2180 1790 124 25 additional
2326 1797 62 17 news
2411 1790 59 23 from

1885 1821 67 24 India
1964 1823 24 22 in
2006 1830 40 15 our
2055 1822 48 24 late
2115 1823 92 31 Sydney
2218 1830 90 24 papers.
2344 1822 43 23 We
2399 1823 72 23 insert

1885 1855 37 23 the
1928 1855 116 32 following
2052 1860 89 20 extract
2150 1864 6 16 :
2158 1869 34 6 —

2140 1889 113 24 INDIA.

1914 1921 84 31 (From
2012 1922 37 24 the
2058 1922 102 24 Madras
2172 1922 136 31 Circulator,
2319 1922 57 25 Feb*
2390 1923 53 30 14.J

1919 1955 59 24 The
1992 1957 89 22 Cabul
2094 1956 117 24 Treaty.
2212 1968 35 4 —
2247 1957 25 23 A
2281 1956 105 24 Kernaul
2396 1957 74 29 letter,

1886 1988 103 24 received
2011 1989 31 30 by
2061 1989 40 23 the
2119 1988 160 31 Englishman,
2288 1997 60 22 »says
2357 1987 59 26 'that
2434 1990 36 22 the

1887 2021 73 23 Cabul
1966 2026 78 26 -treaty
2054 2029 49 15 was
2115 2021 81 30 signed
2211 2022 32 30 by
2251 2022 81 30 -Major
2344 2022 127 30 Pottinger,

1887 2053 100 24 General
1993 2053 163 32 Elphinstone,
2166 2054 51 25 Col.
2227 2053 103 30 Shelton,
2341 2054 131 32 Brigadiers

1886 2086 113 32 Auquetil
2016 2086 44 24 and
2079 2087 135 25 Chambers.
2251 2087 50 24 The
2311 2087 70 30 force,
2401 2089 19 22 it
2431 2096 41 23 ap-

1887 2127 75 24 pears,
1974 2120 80 24 moved
2061 2124 42 20 out
2110 2120 26 24 of
2147 2119 73 25 Cabul
2229 2128 31 16 on
2265 2120 39 24 the
2312 2120 41 25 sth
2362 2120 109 32 January,

1887 2153 45 24 and
1943 2161 30 16 on
1990 2153 40 25 the
2042 2153 84 24 second
2136 2153 79 24 march
2226 2161 59 17 were
2296 2153 106 25 attacked
2418 2155 30 30 by
2459 2163 13 15 a

1887 2187 63 31 large
1969 2186 61 32 body
2047 2186 26 24 of
2089 2186 41 25 the
2149 2187 140 31 insurgents,
2308 2187 40 24 but
2367 2188 105 31 repulsed

1887 2220 63 24 them
1958 2229 6 21 ;
1978 2228 30 16 on
2019 2219 37 24 the
2068 2225 56 19 next
2134 2220 77 26 march
2225 2220 54 31 they
2289 2228 58 16 were
2357 2222 69 29 again
2436 2225 35 19 at-

1888 2253 90 29 tacked,
1996 2253 88 31 though
2094 2254 54 23 with
2166 2261 29 16 no
2206 2254 75 23 better
2292 2261 90 16 success
2394 2262 30 16 on
2434 2254 38 24 the

1887 2291 52 27 part
1950 2287 26 24 of
1991 2287 40 25 the
2049 2286 83 29 rebels,
2152 2287 43 23 but
2207 2294 44 16 our
2268 2291 77 28 troops
2361 2288 47 24 lost
2419 2295 53 24 very

1889 2327 68 23 many
1968 2328 62 16 men.
2065 2320 40 24 On
2115 2320 38 24 the
2159 2320 78 24 fourth
2246 2320 52 32 day,
2309 2320 111 30 however,
2433 2320 38 24 the

1889 2361 82 24 enemy
1980 2353 97 25 assailed
2087 2353 64 24 them
2159 2353 54 24 with
2220 2354 175 31 overwhelming
2406 2362 67 16 num-

1888 2386 60 30 bers,
1970 2387 45 24 and
2025 2391 38 19 cut
2080 2386 64 24 them
2162 2386 30 25 all
2211 2392 24 19 to
2254 2387 82 31 pieces,
2354 2395 54 16 save
2428 2387 44 24 Dr.

1890 2420 93 31 Brydon
1994 2420 45 24 and
2052 2428 15 16 a
2077 2425 99 27 trooper,
2194 2420 51 24 who
2257 2420 95 32 escaped
2368 2425 24 20 to
2403 2421 69 24 relate

1891 2453 38 24 the
1941 2453 103 24 dreadful
2053 2453 56 25 tale.

1922 2487 59 24 The
2013 2487 101 24 Indian
2140 2486 90 26 Army.
2231 2500 34 4 —
2265 2486 45 26 We
2335 2487 66 25 learn
2421 2487 52 24 with

1889 2520 113 31 pleasure,
2018 2520 52 26 that
2082 2520 38 24 the
2132 2528 106 24 supreme
2255 2526 149 26 government
2418 2521 55 24 have

1890 2553 102 24 resolved
2005 2562 30 15 on
2046 2553 85 32 adding
2142 2562 14 15 a
2172 2553 65 25 tenth
2252 2562 110 23 company
2373 2559 23 19 to
2408 2562 65 23 every

1890 2587 113 30 regiment
2018 2587 26 23 of
2062 2588 78 23 native
2159 2587 102 31 infantry
2279 2587 139 31 throughout
2437 2587 36 24 the

1891 2619 64 25 three
1966 2620 162 31 presidencies.

1935 2652 152 25 Hydrabad
2120 2653 111 24 Troops.
2242 2665 35 6 —
2287 2653 186 32 Apprehensions

1890 2686 99 23 founded
2006 2694 29 15 on
2051 2686 40 23 the
2109 2690 59 19 state
2180 2686 24 24 of
2223 2686 86 32 feeling
2331 2695 83 23 among
2437 2687 36 23 the

1891 2719 129 31 Hydrabad
2039 2723 86 27 troops,
2148 2727 39 16 are
2206 2721 113 30 seriously
2336 2720 137 24 entertained

1890 2752 30 31 by
1932 2758 149 25 government
2089 2761 7 20 ;
2116 2752 45 24 and
2173 2753 38 23 the
2227 2753 141 23 disaffection
2385 2753 88 25 evinced

1891 2786 30 30 by
1933 2786 39 23 the
1985 2786 87 32 Sepoys
2088 2786 26 23 in
2124 2786 51 23 that
2187 2790 98 27 quarter,
2304 2794 95 24 appears
2416 2791 23 19 to
2450 2787 23 23 be

1891 2820 24 22 in
1931 2827 155 24 consequence
2105 2820 25 23 of
2148 2819 40 24 the
2205 2819 141 32 deprivation
2364 2820 26 24 of
2406 2820 67 24 batta.

1891 2852 35 24 At
1941 2860 14 15 a
1972 2858 101 19 moment
2094 2852 48 24 like
2153 2853 38 24 the
2208 2858 101 26 present,
2321 2853 66 24 when
2404 2853 69 24 men's

1891 2886 76 24 minds
1986 2894 38 16 are
2043 2886 119 31 unhinged
2176 2886 31 31 by
2220 2886 38 24 the
2274 2886 102 24 dreadful
2394 2887 79 30 tidings

1891 2919 60 24 from
1962 2919 180 32 Affighanistan,
2155 2919 37 24 the
2203 2924 154 26 government-
2362 2921 75 22 would
2449 2920 24 23 do

1892 2952 51 24 well
1952 2958 24 19 to
1987 2957 112 28 postpone
2107 2953 39 23 the
2158 2953 165 23 consideration
2333 2953 24 23 of
2366 2952 39 25 the
2416 2954 57 22 batta

1893 2987 106 30 question
2020 2990 22 20 to
2060 2994 15 16 a
2094 2994 64 16 more
2174 2986 132 24 favourable
2324 2987 149 30 opportunity.

1894 3019 77 25 There
1992 3028 40 16 are
2058 3027 70 24 many
2150 3019 115 32 Affghans
2287 3019 44 23 and
2351 3019 79 24 Arabs
2451 3020 22 22 in

1893 3049 136 35 Hydrabad,
2042 3053 52 24 who
2106 3053 75 24 would
2191 3057 41 19 not
2248 3053 94 23 hesitate
2354 3057 24 18 to
2390 3053 83 23 embar-

1893 3093 47 21 ras.
1949 3087 39 23 the
2006 3090 149 27 government
2173 3086 31 31 by
2217 3086 100 30 exciting
2334 3093 41 15 our
2385 3093 54 16 men
2456 3089 17 19 to

1893 3124 48 19 acts
1950 3121 25 22 of
1983 3119 197 25 insubordination
2187 3119 45 24 and
2243 3119 89 30 mutiny
2338 3127 6 20 ;
2357 3118 116 29 therefore,

1893 3153 19 23 it
1927 3153 100 24 behoves
2044 3152 40 24 the
2107 3156 149 28 government
2277 3155 23 20 to
2317 3152 29 23 be
2369 3159 31 17 on
2421 3152 52 24 their

1893 3187 84 30 guard.
1998 3211 6 4 ,

1927 3220 36 24 H.
1975 3220 36 24 M.
2025 3222 69 22 50th
2106 3227 54 17 and
2173 3219 69 25 47th
2254 3217 31 24 N.
2298 3218 23 24 I.
2322 3230 33 5 —
2357 3217 24 25 It
2392 3219 21 23 is
2421 3226 52 23 sup-

1892 3254 73 30 posed
1976 3253 49 24 that
2032 3253 64 24 these
2105 3258 43 18 two
2155 3253 44 22 fine
2206 3251 138 30 regiments,-
2350 3251 38 24 the
2395 3252 78 23 former

1893 3291 24 19 at
1928 3286 137 29 Maulmein,
2079 3286 44 24 and
2140 3285 38 24 the
2188 3285 68 24 latter
2268 3288 23 20 at
2301 3284 112 31 Arracan,
2432 3283 41 25 will

1894 3320 28 23 be
1934 3320 94 24 ordered
2037 3324 23 19 to
2072 3318 97 32 Bengal,
2187 3322 23 20 to
2221 3318 30 24 be
2261 3317 53 24 held
2325 3318 110 25 available
2444 3317 29 24 for

1894 3354 87 23 service
1999 3352 130 29 elsewhere,
2152 3359 26 16 as
2197 3350 176 27 Tharrawaddie
2393 3352 21 23 is
2432 3351 41 23 dis-

1893 3387 73 19 posed
1976 3390 23 16 to
2011 3386 31 20 let
2052 3393 30 13 us
2093 3385 74 21 alone.

1951 3441 197 26 ENGLISH
2178 3441 241 25 EXTRACTS.

1927 3492 39 32 By
1981 3492 39 24 the
2041 3489 103 32 Wilmot,
2156 3492 75 24 which
2249 3493 88 24 arrived
2351 3492 125 32 yesterday,

1894 3533 34 17 we
1951 3524 102 25 received
2070 3524 52 24 files
2142 3525 25 23 of
2185 3525 101 32 English
2302 3534 83 24 papers
2401 3531 24 19 to
2441 3525 36 24 the

1896 3558 58 25 19th
1966 3557 91 25 March.

1900 3612 3 4 .
1929 3592 39 24 Sir
1979 3591 90 24 Robert
2080 3591 65 30 Peel,
2158 3599 30 17 on
2195 3592 40 24 the
2249 3592 57 24 11th
2317 3592 91 30 March,
2416 3590 60 25 made

1894 3625 37 24 his
1952 3624 109 25 financial
2082 3625 85 31 speech
2187 3626 27 24 in
2235 3625 40 24 the
2301 3626 136 24 Committee
2457 3622 21 24 of

1894 3658 73 31 Ways
1978 3658 45 23 and
2034 3657 85 25 Means
2130 3659 25 23 in
2166 3659 39 24 the
2218 3658 82 25 House
2312 3659 25 24 of
2348 3660 127 23 Commons.

1896 3691 39 24 He
1948 3691 51 24 said
2013 3691 50 24 that
2081 3691 39 25 the
2132 3692 46 24 late
2196 3692 137 24 Chancellor
2343 3692 26 24 of
2379 3692 39 24 the
2429 3691 47 24 Ex-

1895 3724 99 32 chequer
2004 3724 45 24 had
2060 3725 127 24 calculated
2203 3725 42 24 the
2260 3725 108 31 probable
2384 3730 93 19 revenue

1894 3757 37 25 for
1964 3757 40 25 the
2035 3766 57 23 year
2125 3759 86 31 ending
2243 3759 84 31 April,.
2355 3760 74 27 1842,
2458 3758 20 20 at

1894 3792 184 29 £48,310,000,
2113 3792 46 23 and
2198 3792 41 24 the
2279 3791 147 32 expenditure
2457 3792 20 20 at

1895 3825 184 30 £50,735,000,
2098 3825 149 24 calculations
2264 3825 74 24 which
2354 3831 60 17 were
2428 3827 49 24 very

1894 3858 81 31 nearly
1986 3863 96 20 correct.
2117 3858 49 24 For
2180 3858 40 25 the
2237 3866 55 20 year
2308 3857 86 33 ending
2407 3854 70 34 April,

1896 3893 75 28 1843,
2000 3891 39 25 the
2067 3891 121 25 estimated
2216 3898 98 17 revenue
2346 3890 74 24 would
2453 3888 23 23 to

1895 3925 184 29 £48,350,000,
2130 3924 46 24 and
2230 3924 40 24 the
2336 3922 141 33 expenditure

1895 3959 184 30 £50,819,000,
2148 3957 40 25 the
2242 3957 124 31 deficiency
2416 3954 61 29 being

1315 2759 88 24 D,ea.th
1428 2766 73 17 from
1521 2759 159 24 Droavning.
1681 2770 35 6 —
1716 2759 46 22 We
1778 2759 84 22 under-

1283 2792 65 24 stand
1357 2792 45 23 that
1418 2801 42 15 one
1479 2792 24 24 of
1523 2793 41 23 the
1581 2800 98 24 sawyers
1698 2799 31 16 on
1744 2792 40 23 the
1803 2792 61 24 Hutt

1283 2825 115 31 unhappily
1409 2825 46 24 lost
1466 2826 37 23 his
1514 2825 39 24 life
1565 2830 24 20 at
1599 2825 123 29 Waiwatu,
1741 2833 31 16 on
1791 2825 72 24 Wed-

1283 2858 84 31 nesday,
1377 2859 38 23 the
1428 2862 31 21 20
1473 2864 99 20 current.
1617 2859 53 24 The
1687 2866 56 16 man
1760 2859 20 23 it
1789 2858 76 24 would

1283 2900 82 23 appear,
1386 2900 47 17 was
1449 2893 111 31 -crossing
1579 2893 39 24 the
1638 2893 62 24 Hutt
1716 2893 27 23 in
1765 2900 14 15 a
1797 2893 67 23 small

1283 2925 60 30 boat,
1364 2926 73 24 which
1464 2934 49 16 -was
1533 2931 76 27 upset,
1632 2927 59 23 from
1713 2926 62 23 what
1797 2933 66 16 cause

1283 2959 91 24 remains
1385 2963 23 19 to
1420 2960 29 23 be
1461 2960 128 31 explained.
1632 2960 91 31 Report
1734 2963 70 20 states
1816 2959 49 24 that

1283 2992 28 23 he
1322 2992 39 23 had
1371 2993 58 24 been
1442 2993 108 31 drinking
1558 2994 6 23 !
1600 2993 52 24 The
1662 2992 62 31 body
1736 3000 33 16 we
1780 2992 85 24 under-

1283 3026 65 23 stand
1367 3027 42 22 has
1434 3027 59 23 been
1513 3026 80 30 found.,
1616 3026 45 24 and
1680 3026 39 23 the
1743 3026 121 23 Coroner's

1283 3060 83 31 inquest
1377 3059 46 25 will
1435 3068 26 15 or
1466 3059 79 32 .ought
1552 3064 24 19 to
1588 3059 110 24 elucidate
1709 3058 45 24 full
1764 3060 101 30 particu-

1283 3093 53 29 lars,
1353 3093 68 24 which
1437 3101 35 16 we
1490 3093 59 23 shall
1569 3093 28 23 be
1612 3098 60 18 most
1689 3092 79 32 happy
1779 3097 23 19 to
1813 3093 52 30 give

1283 3127 102 31 publicity
1397 3130 32 21 to.
1474 3126 50 24 The
1536 3126 79 24 widow
1632 3126 44 24 and
1685 3125 83 32 family
1780 3126 26 23 of
1819 3126 46 24 this

1283 3160 100 32 unhappy
1393 3168 54 15 man
1458 3159 137 31 irresistibly
1611 3167 63 16 come
1686 3162 28 20 .to
1731 3166 87 24 occupy
1824 3167 41 16 our

1283 3193 109 32 thoughts,
1418 3194 36 23 for
1479 3193 119 30 assuredly
1614 3192 44 24 few
1676 3192 128 24 calamities
1823 3201 42 15 can

1283 3227 28 23 be
1321 3234 56 16 more
1388 3234 79 16 severe
1476 3226 55 23 than
1546 3225 40 24 the
1604 3225 48 25 loss
1670 3226 25 23 of
1712 3234 21 15 -a
1748 3226 76 24 father
1842 3231 23 19 to

1283 3260 35 24 his
1332 3260 102 24 children.
1480 3259 50 24 The
1548 3260 48 23 loss
1608 3260 20 22 is
1640 3261 24 22 in
1675 3263 63 19 most
1749 3267 64 16 cases
1824 3259 41 24 felt

1284 3301 29 16 on
1334 3293 30 24 the
1383 3294 95 28 instant,
1501 3293 45 24 and
1565 3293 36 23 for
1618 3293 48 24 life.
1714 3292 91 24 Should
1826 3293 39 24 the

1284 3326 66 24 death
1357 3327 22 23 in
1390 3326 47 24 this
1448 3334 53 16 case
1511 3326 58 24 have
1581 3327 76 23 arisen
1667 3326 62 24 from
1747 3328 118 22 excessive

1284 3359 108 31 drinking,
1403 3359 39 24 the
1454 3364 97 19 account
1562 3360 26 23 of
1602 3360 19 23 it
1636 3359 46 24 will
1694 3359 61 24 form
1765 3359 39 24 the
1814 3361 52 23 best

1283 3393 91 31 possible
1399 3393 85 32 speech
1506 3393 24 23 in
1555 3398 97 27 support
1674 3393 26 23 of
1722 3397 144 28 temperance

1283 3427 71 24 which
1362 3434 42 16 can
1414 3427 29 24 be
1452 3426 122 24 addressed
1586 3431 23 19 to
1622 3427 37 24 the
1670 3427 103 31 meeting
1784 3427 25 23 of
1828 3427 38 24 the

1283 3460 58 24 New
1351 3459 95 26 Zealand
1459 3460 155 31 Temperance
1632 3460 101 31 Society,
1749 3468 31 16 on
1795 3460 70 24 Mon-

1284 3493 43 32 day
1347 3497 58 20 next.
1454 3494 29 23 A
1505 3493 142 24 Benevolent
1665 3493 95 31 Society
1778 3495 20 22 is
1815 3502 51 15 now

1283 3526 81 24 wanted
1374 3527 24 23 in
1405 3526 40 24 the
1458 3526 96 31 Colony.
1601 3526 95 32 Charity
1712 3526 70 24 -when
1799 3527 67 31 given

1283 3559 182 33 promiscuously,
1484 3559 41 24 has
1546 3560 58 23 been
1621 3560 86 31 proved
1715 3560 33 31 by
1759 3560 107 25 recorded

1284 3594 107 24 statistics'
1397 3597 23 19 to
1432 3593 29 23 be
1473 3592 106 24 attended
1586 3593 55 23 with
1652 3593 72 24 much,
1733 3593 47 24 less
1799 3593 66 31 good,

1284 3627 56 24 than
1357 3626 64 24 when
1442 3625 125 25 conducted
1588 3625 31 32 by
1642 3634 14 16 a
1677 3627 52 23 well
1749 3627 119 30 regulated

1284 3660 129 24 association
1435 3660 26 23 of
1487 3658 124 25 charitable
1630 3660 146 24 individuals.
1823 3659 44 24 We

1285 3693 74 24 should
1376 3693 29 23 be
1421 3692 99 24 inclined
1531 3697 23 19 to
1567 3696 59 20 trust
1638 3692 37 24 the
1687 3693 148 23 distribution
1845 3693 25 23 of

1285 3735 42 16 our
1337 3726 46 24 mite
1395 3730 23 20 to
1430 3735 14 15 a
1455 3726 86 28 society
1554 3726 25 23 of
1594 3726 159 28 Temperates.

1412 3785 166 21 NELSON
1602 3785 125 21 NEWS.

1318 3829 140 25 Memorial
1472 3836 48 17 for.
1538 3836 51 16 the
1603 3836 216 17 establishment
1835 3836 31 17 of

1287 3870 17 16 a
1316 3863 100 24 County
1438 3862 96 24 Court.
1536 3875 35 6 —
1571 3862 36 24 To
1627 3862 36 24 his
1674 3862 144 31 Excellency
1830 3862 36 24 the

1287 3896 120 24 Governor.
1409 3909 34 3 —
1443 3896 53 29 We,
1505 3896 37 23 the
1547 3895 161 31 undersigned,
1717 3895 149 30 landowners,

1287 3928 129 29 merchants,
1438 3929 45 23 and
1503 3929 85 29 others,
1606 3929 102 31 residing
1727 3933 24 19 at
1771 3929 95 30 Nelson,

1287 3961 140 28 respectfully
1444 3961 75 24 solicit
1535 3969 59 20 your
1612 3961 143 28 Excellency
1774 3966 23 19 to
1814 3962 52 25 take

744 1185 291 20 METEOROLOGICAL
1049 1183 109 22 TABLE.

668 1223 42 20 For
719 1221 98 21 the'week
826 1221 75 26 ending
914 1220 116 25 Thursday,
1040 1218 56 26 July,
1110 1219 35 23 21,
1158 1217 62 21 1842.

666 2766 92 85 New
789 2766 216 85 Zealand
1036 2766 216 85 Gazette

710 2851 67 23 AND
791 2852 211 22 WELLINGTON
1018 2852 186 22 SPECTATOR.

801 2907 131 27 Saturday,
943 2907 62 22 July
1013 2908 35 26 23,
1057 2907 61 22 1842.

698 2959 45 24 We
755 2968 58 15 were
826 2960 54 31 only
892 2961 49 23 able
952 2964 23 19 to
992 2968 97 24 procure
1101 2969 42 16 our
1155 2961 97 31 English

665 3001 152 24 newspapers,
830 3001 41 23 per
882 2994 38 23 the
928 2993 136 33 Indemnity,
1075 2994 76 24 which
1162 2994 90 25 entered

666 3035 41 16 our
727 3027 57 24 Port
802 3035 29 15 on
849 3027 40 24 the
906 3027 118 24 afternoon
1039 3027 24 24 of
1078 3027 118 32 Tuesday,
1216 3028 36 23 the

668 3060 65 24 19th.
737 3064 98 25 current,
848 3064 24 20 at
883 3068 14 16 a
911 3061 46 23 late
969 3060 59 25 hour
1040 3068 29 16 on
1080 3060 124 33 Thursday
1215 3062 37 23 the

666 3096 64 25 21st,
746 3098 57 22 qurt.

700 3127 44 24 We
765 3131 77 28 regret
859 3126 51 25 that
927 3135 41 16 our
988 3128 190 31 correspondents
1198 3128 56 24 have

666 3161 73 24 either
749 3166 41 19 not
800 3161 118 31 displayed
929 3161 57 24 their
1004 3161 90 24 wanted
1105 3162 94 31 activity
1211 3162 44 24 and

666 3194 118 30 attention,
793 3202 30 18 jot
834 3199 93 26 suspect
937 3194 49 24 that
1002 3202 42 16 our
1059 3202 84 25 papers
1158 3204 54 23 may
1226 3195 29 24 be

665 3227 65 32 lying
736 3228 29 25 .in
777 3235 62 16 some
850 3235 61 23 snug
929 3235 80 17 corner
1026 3229 25 23 in
1069 3228 150 28 theJLondon
1231 3237 25 16 or

667 3261 57 24 New
732 3260 101 24 Zealand
844 3260 145 25 Post-office.
1000 3275 4 9 .
1025 3262 44 24 We
1075 3269 62 24 may,
1148 3262 106 32 perhaps,

667 3299 39 27 get
718 3294 61 24 them
790 3294 66 23 when
864 3294 40 23 the
915 3294 143 32 atmosphere
1069 3299 52 25 gets
1133 3295 89 24 cleared
1233 3296 24 23 of

667 3328 39 23 the
717 3328 73 24 fumes
798 3327 25 23 of
828 3327 105 30 -tobacco,
942 3335 25 16 or
976 3336 14 14 a
998 3328 103 31 brighter
1109 3328 60 32 light
1179 3329 76 23 dawns

666 3368 63 24 upon
748 3361 64 23 those
830 3360 109 25 National
957 3361 207 25 Establishments.
1204 3362 51 24 The

668 3401 143 24 newspapers
827 3394 103 24 received
946 3394 32 31 by
990 3395 40 24 the
1042 3392 130 34 Indemnity
1188 3396 68 24 reach

668 3427 55 31 only
733 3432 23 19 to
768 3426 119 32 February
897 3428 40 25 27.
971 3427 117 32 Amongst
1099 3428 64 24 them
1169 3436 33 17 we
1209 3429 47 24 find

669 3461 63 24 three
744 3460 58 24 Nos.
816 3460 24 24 of
850 3460 40 24 the
900 3460 57 24 New
968 3460 112 25 Zealand.
1081 3460 108 31 Journal,
1202 3463 52 28 viz.j

669 3496 41 28 51}
723 3496 39 27 53,
779 3493 45 24 and
835 3495 42 28 55,
890 3493 50 25 date
951 3493 118 31 February
1083 3495 42 24 19.
1129 3521 5 5 m
1159 3495 45 24 We
1215 3496 41 23 ob-

669 3536 65 16 serve
748 3527 55 25 .that
820 3527 39 24 the
878 3526 82 26 Editor
977 3528 27 24 of
1019 3528 38 24 the
1076 3526 60 25 New
1155 3528 102 24 Zealand

668 3559 101 28 Journal
777 3560 133 32 vComplains
925 3561 25 24 of
963 3561 67 32 delay
1042 3562 25 23 in.
1084 3561 121 32 receiving,
1217 3562 39 24 the

668 3595 91 31 regular
776 3594 39 24 file
833 3593 26 24 of
875 3595 38 23 the
934 3593 102 30 Gazette,
1047 3593 39 25 the
1103 3594 47 24 last
1166 3595 53 25 date
1235 3597 21 22 is

670 3627 73 25 stated
754 3631 23 20 to
788 3629 29 24 be
828 3627 39 26 the
878 3628 42 25 sth
937 3627 68 30 June,
1024 3627 77 24 whilst
1118 3627 56 32 they
1187 3629 70 24 admit

670 3662 39 22 the
720 3661 85 31 receipt
822 3660 27 24 of
863 3660 69 28 much
948 3660 59 25 later
1018 3661 72 28 dates,
1102 3660 42 24 but
1153 3662 103 31 -through

670 3693 111 32 irregular
798 3694 117 24 channels.
949 3694 53 24 The
1019 3693 92 33 regular
1124 3694 96 25 channel
1235 3696 21 23 is

669 3727 32 31 by
712 3731 50 28 way
772 3727 25 25 of
806 3727 101 32 Sydney,
927 3727 75 25 which
1019 3728 54 31 they
1084 3731 60 21 state
1162 3732 24 20 to
1199 3728 58 25 have

670 3760 99 25 hitherto
780 3759 101 26 afforded
890 3761 145 31 intelligence
1045 3759 80 25 within
1134 3760 62 25 from
1206 3763 51 23 four

670 3799 24 19 to
704 3794 44 23 five
766 3794 101 29 months,
878 3794 89 24 instead
984 3794 27 24 of
1024 3794 103 24 between
1139 3794 63 31 eight
1213 3795 44 24 and

670 3827 62 29 nine,
744 3834 25 16 as
783 3827 24 23 in
817 3826 40 24 the
867 3831 92 27 present
969 3829 111 23 instance.
1118 3827 51 24 The
1185 3828 72 24 Bom-

671 3861 45 30 bay
733 3867 90 24 papers,
841 3860 32 31 by
890 3860 39 24 the
945 3860 103 32 January
1065 3860 109 24 overland
1196 3862 61 29 mail,

671 3901 58 16 were
741 3893 68 24 silent
826 3901 30 15 on
868 3893 38 24 the
923 3893 90 31 subject
1031 3894 24 24 of
1070 3893 59 24 New
1148 3894 108 25 Zealand.

671 3928 38 29 By
720 3926 37 24 the
770 3926 51 31 ship
831 3926 106 30 Planter,
946 3926 73 24 direct
1029 3927 60 23 from
1100 3926 125 26 Auckland
1235 3932 22 20 to

672 3959 133 30 Plymouth,
816 3966 19 22 a^
847 3959 88 30 private
950 3958 78 30 letter,
1040 3958 25 24 of
1074 3957 54 28 date,
1139 3959 45 24 4th
1196 3961 61 28 Oct.,

101 1055 170 23 SHIPPING
286 1056 279 22 INTELLIGENCE.

262 1112 143 22 ARRIVED.

68 1147 52 25 July
130 1148 34 23 20,
175 1147 60 26 sloop
243 1148 70 24 Eoyal
329 1148 100 24 William,
440 1148 28 20 43
477 1149 57 24 tons,
543 1146 85 27 Lovett,

41 1174 54 21 from
105 1175 93 19 Akaroa.

69 1202 51 25 July
140 1203 34 22 21,
190 1202 104 20 schooner
309 1202 103 26 Minerva,
430 1203 41 20 129
488 1205 56 23 tons,
565 1202 63 26 Reid,

40 1230 54 20 from
106 1229 89 20 Nelson.

69 1256 51 26 July
137 1257 34 23 22,
189 1256 104 21 schooner
308 1257 55 26 Ann,
381 1258 33 26 22,
426 1257 84 27 Brown,
528 1257 57 21 from
594 1258 36 20 the

41 1283 82 21 Middle
135 1283 80 21 Island.

71 1311 61 19 Same
148 1311 47 26 day,
212 1313 69 19 cutter
294 1312 115 26 PidwicJc,
427 1313 36 26 38,
481 1312 75 27 Styles,
574 1313 56 23 frpm

42 1337 99 21 Hrwke's
149 1339 53 25 Bay.

280 1384 113 21 SAILED.

69 1418 53 26 July
138 1419 34 24 21,
193 1418 104 21 schooner
315 1419 60 26 Lady
384 1419 76 26 Leigh,
476 1420 53 25 ,IQ9,
549 1419 79 29 Roche,

42 1445 35 21 for
87 1445 82 26 Kapiti.

72 1473 61 20 Same
143 1473 46 26 day,
206 1473 103 21 schooner
324 1473 118 26 Elizabeth,
460 1476 34 24 52,
511 1475 76 26 Smith,
597 1475 34 21 for

43 1500 91 20 Nelson.

72 1528 61 20 Same
142 1528 47 26 day,
200 1528 103 21 schooner
317 1529 63 25 Kate,
391 1529 26 21 62
433 1531 57 24 tons,
501 1529 129 27 M'Farlane,

42 1555 35 21 for
86 1555 101 22 Hawke's
197 1555 52 26 Bay.

269 1601 33 20 IN
316 1601 85 22 PORT.

66 1635 87 26 ,Barque
170 1635 113 26 Clydeside,
295 1636 41 20 256
350 1638 55 22 tons,
426 1635 129 26 Mathieson,
571 1637 59 20 refit-

42 1663 53 25 ting.
125 1663 68 20 Waitt
201 1663 41 19 and
251 1663 72 26 Tyser,
331 1663 88 26 Agents.

72 1691 83 25 Barque
167 1691 85 25 Ty-rian,
262 1692 49 22 227,
323 1690 111 21 Clarkson.
463 1691 75 26 Agent,
544 1692 85 21 -Evans.

73 1718 123 25 Brigantine
205 1718 68 25 Ariel,
282 1719 39 19 104
329 1720 56 23 tons,
396 1718 141 23 Cr,uikshabk.
555 1719 75 24 Wade,

44 1745 78 27 Agent.

72 1774 82 26 Barque
173 1774 78 25 Bright
273 1774 83 26 Planet,
377 1774 40 22 18.7
429 1775 65 24 .tons,
514 1773 117 24 Morrison.

43 1801 90 26 Agents,
143 1802 95 20 Bethuue
249 1801 41 20 and
299 1800 89 21 Hunter.

73 1829 82 26 Barque
172 1829 93 20 -Isabella
287 1829 69 25 Anna,
372 1829 43 22 300
440 1830 57 24 tons,
516 1829 115 22 Thomson.

43 1856 89 26 Agents,
143 1856 48 26 Hay
200 1856 43 21 and
254 1856 39 19 Co.

73 1884 106 20 Schooner
190 1884 192 24 Perseverance,.^
392 1885 58 23 tons,
461 1884 87 26 Bishop.
565 1884 68 27 Ridg-

43 1917 45 20 way
98 1911 43 20 and
151 1912 47 24 Co,,
207 1911 88 25 Agents,

74 1939 108 19 Schooner
202 1938 110 20 Susannah
326 1939 55 26 Anr.,
393 1939 27 21 79
435 1940 57 24 tons,
504 1939 127 27 Dqnghirty.

43 1965 77 27 Agent,
132 1965 74 21 Wade.

73 1993 108 21 Schooner
189 1994 68 24 Ariel,
269 1994 40 20 146
320 1995 54 23 tons,
386 1993 143 21 Mulholland.

27 2040 11 5 ._
162 2021 127 24 Indemnity,
297 2021 42 21 450
355 2025 57 19 tons,
428 2021 87 21 Adams.
542 2021 91 24 Agents,

43 2047 69 20 Waitt
122 2047 41 19 and
173 2047 74 25 Tyser.

73 2074 83 25 Barque
172 2074 115 25 Exporter,
297 2073 41 20 216
353 2075 56 23 tons,
424 2073 85 27 Anwyl.
536 2073 97 23 Fitzher-

44 2101 55 26 bert,
110 2101 88 26 Agents.

75 2129 63 25 Sloop
147 2129 69 25 Royal
226 2129 100 24 William,
334 2128 28 21 43
372 2130 57 23 tons,
440 2127 83 23 Lovett.
553 2127 80 28 Agent,

38 2157 33 21 .J.
80 2156 33 20 M.
124 2156 86 26 Taylor.

74 2183 107 21 Schooner
190 2184 104 24 Minerva,
306 2184 39 23 12.9
352 2185 58 22 -tons,
422 2183 62 21 Reid.

75 2211 107 20 Schooner
200 2211 56 28 Ann,
277 2212 27 20 22
323 2214 56 21 tons,
398 2211 85 21 Brown.
526 2211 107 25 Schultze,

46 2238 77 27 Agent.

75 2266 75 20 Cutter
161 2266 112 25 Pickwici,
283 2266 27 20 38
320 2267 56 24 tons,
391 2266 78 27 Styles.
499 2265 85 22 Rhodes
593 2266 42 21 and

47 2293 48 22 Co.,
106 2294 87 21 Agents.

222 2348 119 19 CUSTOM
356 2348 108 19 HOUSE.

282 2404 116 17 •IMPORTS.

75 2425 29 22 In
129 2432 46 14 the
409 2431 66 15 from
607 2436 29 5 —

45 2453 74 21 .Waitt
128 2454 42 19 and
188 2453 41 25 Co.,
239 2454 88 25 Agents.
328 2463 27 5 —
356 2454 13 19 6
384 2453 105 27 packages
506 2454 102 26 sundries,
623 2454 11 19 1

49 2481 34 20 do.
102 2480 91 27 apparel,
212 2482 10 19 1
238 2487 49 14 case
300 2480 42 26 do.,
354 2482 11 18 1
381 2487 48 14 case
445 2480 108 27 crockery,
565 2482 12 19 1
595 2482 41 19 box

49 2508 66 24 seeds,
129 2508 10 19 1
151 2514 47 14 case
206 2508 88 26 pickles,
302 2509 12 20 9
324 2508 60 20 casks
391 2508 112 26 preserved
508 2508 127 26 provisions,

50 2537 13 18 2
73 2536 102 25 packages
184 2536 155 26 ironmongery,
351 2536 11 19 1
379 2536 50 19 cask
442 2535 62 21 boots
513 2536 42 19 and
565 2536 70 24 shoes,

50 2564 40 19 100
101 2563 79 20 barrels
196 2565 40 22 tar,
251 2564 11 19 1
279 2569 46 14 case
341 2565 54 24 toys,
405 2564 14 19 4
436 2563 61 20 casks
513 2563 96 25 tobacco,
623 2564 12 19 1

50 2597 47 13 case
106 2591 122 25 stationery,
238 2591 26 20 10
281 2590 61 21 hhds.
353 2593 74 23 strong
436 2590 57 25 beer,
503 2591 13 20 3
532 2591 103 26 packages

50 2618 52 21 door
111 2618 83 24 frames,
209 2619 13 19 3
238 2624 57 15 cases
310 2618 158 21 manufactured
477 2618 72 26 goods,
567 2619 10 19 1
596 2619 40 19 box

48 2646 61 21 sheet
122 2646 62 24 glass,
201 2646 14 19 4
229 2652 59 14 cases
302 2646 129 26 machinery,
443 2646 13 19 6
469 2646 62 20 hhds.
546 2646 61 24 wine,
623 2647 11 19 1

50 2673 47 20 bale
111 2672 104 27 blankets,
226 2674 12 19 2
254 2679 58 14 cases
322 2674 130 26 .stationery,
462 2674 42 20 312
518 2673 49 20 bars
579 2674 56 24 iron,

51 2701 26 19 28
87 2700 88 20 bundles
185 2701 54 23 iron,
252 2701 10 20 1
280 2701 69 25 parcel
365 2707 82 18 screws,
457 2702 14 19 2
482 2707 56 15 cases
555 2701 80 20 machi-

50 2733 60 20 nery,
120 2727 26 20 41
163 2727 105 27 packages
282 2728 43 24 do.,
342 2728 28 20 26
384 2728 36 21 do.
436 2729 44 25 do.,
490 2729 28 22 23
532 2729 104 26 packages

50 2755 73 26 barley
133 2755 69 24 meal,.
205 2755 12 20 B
229 2755 60 20 hams
300 2754 82 28 (loose,)
393 2757 13 19 8
424 2762 33 20 qr.
467 2756 60 20 casks
536 2756 62 24 wine,
610 2757 26 19 10

52 2782 35 20 do.
97 2782 62 26 pork,
169 2783 13 19 4
191 2788 57 14 cases
255 2783 110 25 groceries,
374 2783 11 19 1
394 2783 51 20 cask
452 2783 35 21 do.
497 2784 37 19 100
543 2783 93 25 brooms,

51 2811 13 19 4
75 2810 69 25 lumps
154 2812 68 22 stone,
228 2810 15 22 ,1
255 2816 47 14 case
310 2810 155 26 ironmongery,
476 2811 28 20 30
511 2817 57 14 cases
576 2811 59 24 wine,

52 2838 26 19 1-2
88 2837 39 20 do.
137 2837 104 24 Hollands,
252 2839 13 19 2
276 2837 34 21 do.
325 2837 88 28 brandy,
424 2835 17 23 I'
446 2838 34 20 do.
497 2838 46 20 Eau
558 2839 26 19 de
596 2838 40 22 Co-

50 2864 71 26 logne,
133 2865 40 20 100
184 2865 60 23 casks
259 2865 81 20 bottled
354 2865 56 26 beer,
421 2865 13 19 5
445 2865 101 26 packages
562 2866 74 20 haber-

52 2893 95 25 dashery,
160 2894 10 20 1
181 2899 47 14 case
244 2893 98 26 apparel,.
346 2893 13 20 3
369 2893 58 20 bales
436 2893 162 27 haberdashery,
609 2894 26 19 25

50 2919 63 21 hhds.
130 2922 66 23 stout,
213 2921 12 19 8
242 2921 78 19 barrels
336 2921 61 24 flour,
416 2921 26 19 21
458 2921 67 24 hams,
543 2921 25 19 10
585 2921 51 26 bags

51 2947 85 25 biscuit,
154 2949 12 19 8
182 2954 56 14 cases
255 2947 44 26 do.,
316 2948 13 20 2
346 2954 56 14 cases
419 2948 92 26 apparel,
529 2948 26 20 30
573 2948 63 20 boxes

52 2975 91 26 candles,
155 2977 12 19 2
178 2975 34 20 do.
223 2975 69 25 shoes,
300 2976 13 19 4
323 2976 60 19 casks
393 2981 70 20 sugar,
470 2976 27 19 20
508 2981 56 14 cases
576 2976 60 24 wine,

52 3004 26 19 57
88 3003 86 21 baskets
190 3003 60 27 wine,
261 3003 13 20 6
290 3003 58 27 pipes
363 3003 37 20 red
415 3003 61 24 wine,
487 3003 28 20 33
531 3009 32 20 qr.
578 3004 58 19 casks

52 3030 43 25 do.,
107 3032 11 18 1
130 3031 50 20 cask
189 3030 54 21 olive
253 3031 36 25 oil,
301 3032 10 19 1
329 3030 45 21 bale
389 3034 90 22 carpets,
492 3031 11 19 1
513 3031 123 26 fire-engine

51 3058 24 22 in
83 3064 55 19 case,
149 3060 13 19 2
173 3058 103 26 packages
286 3058 65 25 seeds,
360 3060 15 21 %
382 3064 60 15 cases
451 3058 159 26 haberdashery,
623 3060 13 19 2

51 3084 65 21 boxes
126 3086 91 26 apparel,
227 3086 13 19 2
250 3086 101 26 packages
358 3086 59 20 seeds
428 3086 41 19 and
478 3086 91 26 apparel,
578 3087 14 20 3
603 3086 33 21 do.

52 3112 70 25 shoes,
134 3114 10 19 1
156 3114 144 26 case_qutlery,
309 3114 19 22 .2
338 3113 103 26 packages
456 3114 155 27 ironmongery,
625 3115 11 19 2

53 3146 58 14 cases
127 3140 152 25 merchandize,
295 3142 27 21 31
337 3141 64 20 boxes
417 3147 58 21 soap,
487 3142 13 19 2
515 3147 65 17 cases,
584 3148 52 16 mer-

53 3167 107 27 chandize,
170 3168 28 20 30
209 3168 34 20 do.
252 3171 50 24 port
310 3168 60 25 wine,
381 3168 28 20 56
416 3174 58 14 cases
480 3168 88 20 window
575 3169 61 26 glass,

54 3195 12 20 1
76 3194 43 20 box
128 3195 91 26 apparel,
236 3197 13 18 4
266 3202 57 14 cases
341 3196 80 24 cheese,
431 3196 28 20 40
474 3195 79 21 barrels
565 3199 71 23 strong

53 3222 40 24 ale,
105 3222 11 19 1
125 3228 46 14 case
181 3222 151 26 merchandize,
344 3223 10 20 1
364 3223 33 21 do.
408 3223 93 26 apparel,
511 3224 13 19 4
534 3223 102 26 packages

53 3249 72 26 drugs,
143 3249 13 20 6
172 3256 57 14 cases
245 3250 44 25 do.,
304 3251 11 19 1
331 3251 58 20 chest
405 3251 45 24 do.,
466 3251 13 20 2
496 3251 45 19 half
560 3251 76 21 barrels

52 3277 92 26 powder,
155 3277 13 20 2
179 3282 56 15 cases
245 3277 70 26 drugs,
322 3278 27 19 50
360 3284 57 14 cases
426 3278 45 25 gin,
486 3279 13 19 2
506 3279 64 19 boxes
579 3285 57 20 soap,

52 3304 15 24 i
75 3304 70 20 barrel
154 3304 96 27 powder,.
255 3305 13 19 5
279 3305 60 21 casks
347 3305 56 26 beer,
416 3306 26 19 10
459 3312 57 14 cases
527 3306 109 24 Hollands,

55 3333 24 19 10
90 3332 38 20 do.
144 3332 62 24 wine,
216 3332 12 19 5
244 3332 36 20 do.
297 3332 85 27 brandy,
400 3333 14 20 3
429 3333 76 21 tierces
513 3341 4 12 t
520 3333 95 25 tobacco,
628 3335 8 19 1

51 3359 78 27 packet
137 3366 73 19 paper,
220 3359 27 20 24
257 3359 35 21 do.
302 3365 58 20 soap,
376 3361 12 19 2
403 3360 64 23 hhds.
483 3361 39 24 ale,
534 3361 26 20 16
579 3361 57 21 casks

52 3387 61 24 wine,
125 3387 13 20 2
147 3393 60 14 cases
216 3386 43 25 do.,
269 3387 28 22 34
311 3387 61 22 jcasks
388 3388 139 25 stro.pg,b.cer,
538 3389 26 19 19
575 3389 61 26 pack-

50 3421 59 20 Ages,
120 3415 27 20 28
158 3420 58 17 c.as.es
222 3414 42 20 and
278 3413 60 21 casks
351 3415 58 24 beer,
414 3415 19 23 .2
443 3415 34 22 dp.
489 3415 41 25 do.,
542 3416 27 21 19
579 3416 57 21 casks

54 3442 43 23 do.,
107 3442 13 21 1
132 3442 35 21 do.
177 3441 135 28 gunpowder,
323 3441 68 23 l.case
400 3441 76 26 cigars,
487 3442 40 21 318
536 3444 100 25 packages

54 3469 103 23 sundries.
187 3469 124 26 Passengers
311 3479 28 4 —
340 3468 29 21 H.
388 3469 121 26 Dowsland,
528 3470 36 21 W.
584 3471 52 20 Sim-

54 3497 82 24 monds,
146 3496 28 21 L.
193 3496 126 24 Simmonds,
329 3496 26 21 T.
365 3496 106 26 Haggard,
484 3497 27 21 O.
526 3498 110 25 Millward,

52 3524 36 21 W.
99 3524 153 25 Walkenshaw,
263 3524 43 21 and
315 3523 30 22 H.
355 3523 106 27 Barltrop.
490 3524 146 24 Intermediate

52 3563 28 5 —
80 3552 22 20 J.
115 3551 92 25 Hutton,
217 3551 21 22 J.
256 3551 95 25 Stewart,
369 3550 27 21 G.
413 3550 88 27 Arlken,
518 3552 25 21 G.
560 3552 76 26 Macer,

54 3579 26 21 R.
92 3579 99 23 Duncan,
199 3579 26 20 A.
236 3578 73 24 Hetty,
318 3578 28 21 A.
358 3578 67 24 Betts,
436 3579 40 20 and
487 3579 21 20 J.
520 3579 97 22 Celman.

80 3607 31 20 In
130 3612 47 15 the
414 3611 66 15 from
509 3606 103 23 Sydney.
614 3618 29 4 —

52 3635 134 20 Fitzherbert
207 3634 78 26 Agent.
285 3644 28 5 —
315 3634 39 20 100
379 3632 53 27 bags
454 3634 62 24 flonr.,
532 3635 22 21 ;3
574 3634 68 22 (hhds.

52 3662 44 26 gin,
109 3662 11 20 1
130 3667 49 15 case
195 3664 81 22 cotton,
287 3662 13 20 2
316 3662 61 19 casks
393 3660 114 27 hardware,
519 3662 12 19 2
543 3662 74 24 .casks,
628 3663 14 19 3

52 3695 35 14 cas
96 3695 31 19 es,
142 3690 12 21 1
163 3689 42 25 bag
217 3690 73 24 cqffee,
304 3689 13 20 2
331 3688 60 21 casks
404 3694 71 20 sugar,
489 3689 14 22 2
515 3688 47 21 half
574 3690 68 19 chests

53 3719 35 18 tea
106 3717 12 20 1
129 3716 41 21 box
179 3717 112 25 groceries,
304 3716 14 23 .1
329 3716 59 21 chest
402 3717 42 23 tea,
457 3716 10 20 1
482 3716 52 20 hhd.
544 3722 70 20 sugar,
629 3717 13 20 2

55 3743 62 21 casks
127 3745 62 23 flour,
205 3744 10 19 1
226 3744 52 20 cask
290 3743 115 25 mollasses,
418 3743 15 23 :1
445 3742 44 21 box
499 3749 60 21 soap,
574 3745 13 19 1
602 3743 41 22 box

54 3771 36 26 dip
103 3771 92 25 candles,
209 3771 10 19 1
233 3778 49 14 case
292 3771 74 25 books,
381 3771 29 21 6*9
419 3770 50 27 bags
484 3777 70 19 sugar,
565 3771 27 23 7.8
606 3771 36 23 do,

54 3799 12 19 2
76 3798 68 27 casks,
156 3799 11 19 1
177 3798 99 27 package,
287 3799 13 19 8
308 3798 52 26 kegs
370 3798 61 26 nails,
443 3798 13 20 3
463 3798 51 26 bags
523 3797 35 21 do.
569 3799 12 19 4
591 3799 52 20 coils

52 3832 59 19 rope,
124 3826 25 20 12
160 3826 38 20 ash
209 3831 55 19 oars,
276 3827 10 19 1
301 3825 46 22 bale
356 3831 96 19 canvass,
469 3826 11 20 1
491 3831 46 15 case
552 3826 90 26 sadlery,

55 3853 11 19 1
82 3853 43 19 box
134 3853 35 20 do.
189 3853 25 20 10
231 3853 52 26 bags
299 3853 50 24 rice,
366 3854 11 19 1
396 3853 42 26 bag
453 3853 62 26 hops,
532 3853 42 21 236
593 3853 50 26 bags

53 3886 69 19 sugar,
133 3881 41 21 200
183 3880 50 26 bags
242 3881 62 24 flour,
315 3881 26 19 25
353 3881 64 21 boxes
432 3883 41 22 tea,
487 3881 24 19 10
522 3881 71 21 chests
607 3881 35 20 do.

54 3908 12 20 9
75 3907 52 26 bags
141 3914 85 20 pepper,
236 3909 14 20 3
265 3908 35 20 do.
309 3908 80 26 ginger,
405 3908 28 20 10
443 3907 35 23 do.
494 3914 69 19 sugar,
575 3909 11 19 1
601 3908 42 20 box

53 3937 105 24 nutmegs,
169 3936 13 19 2
194 3935 57 21 bales
261 3935 126 26 lampwicks,
404 3935 11 20 1
427 3941 47 15 case
489 3935 76 24 cloves,
577 3937 12 19 1
603 3938 40 18 ton

52 3962 105 26 pahahan,
172 3963 13 20 2
196 3968 57 17 caseß
267 3968 72 20 paper,
349 3963 12 21 1
376 3962 53 22 hhd.
438 3961 46 27 ink,
499 3963 13 21 2
522 3963 62 21 casks
597 3962 46 25 ink,

546 41 101 52 Cst
668 47 121 43 Wltto
810 45 214 43 Ztateuto
1046 43 193 49 <&mtU
1262 44 93 41 anb
1374 44 301 48 mMlinqton
1696 40 256 52 Spectator-

1266 132 102 31 together
1383 132 55 24 with
1460 141 14 15 a
1496 133 38 23 file
1557 133 27 23 of
1603 133 39 23 the
1663 132 58 24 New
1744 133 105 23 Zealand

1268 165 94 24 Gazette
1373 165 55 24 from
1440 166 42 27 7.th
1494 167 94 31 August
1601 170 23 19 to
1642 167 42 23 4th
1702 166 144 31 September,

1265 198 56 24 both
1339 198 122 30 inclusive^
1468 199 47 23 had
1528 199 58 25 been
1597 199 111 28 received,
1721 200 54 29 and,
1786 200 32 29 by
1835 208 14 15 a

1265 231 74 23 vessel
1358 230 53 25 from
1433 232 39 23 the
1494 232 51 31 Bay
1565 232 25 23 of
1608 232 100 29 Islands,
1728 232 39 23 the
1790 233 58 23 New

1266 264 100 24 Zealand
1375 265 116 31 Company
1506 273 58 15 were
1574 270 44 27 put
1628 266 25 22 in
1667 265 37 23 the
1716 266 133 30 possession

1267 297 25 23 of
1301 297 127 31 despatches
1438 298 61 23 from
1507 298 58 24 their
1575 299 102 23 Princial
1683 299 81 29 Agent
1776 302 23 19 to
1810 298 39 23 the

1269 329 57 25 15th
1337 330 95 30 August.

652 136 11 20 1
673 135 92 26 package
774 134 56 24 skin,
841 135 13 18 2
865 140 58 14 cases
933 134 69 25 drags,
1016 135 12 19 1
1039 132 50 22 cask
1102 132 36 20 do.
1148 133 13 19 4
1178 133 59 20 casks

650 162 93 25 vinegar,
753 161 13 20 3
776 167 57 14 cases
842 161 159 25 haberdashery,
1012 162 14 19 3
1034 161 49 25 kegs
1094 159 96 24 tobacco,

652 189 71 26 sheep,
741 189 12 19 5
770 194 75 18 mares,
857 189 11 19 1
882 188 73 24 .horse,
971 189 20 19 9-
1002 194 57 15 cases
1072 187 57 26 beer,
1148 187 12 19 8
1174 187 64 22 .casks

651 216 55 22 beef,
730 217 21 23 3,
762 216 60 20 casks
841 215 89 25 salmon,
951 216 10 19 1
981 215 47 20 bale
1045 215 67 24 slops,
1137 214 37 20 19.
1182 214 65 20 bales,

651 243 159 26 haberdashery,
823 243 10 19 1
845 243 51 20 cask
910 243 153 25 ironmongery,
1076 241 25 19 14
1112 241 50 25 bags
1178 241 59 25 flour,

653 271 25 19 14
689 270 50 26 bags
748 276 68 19 sugar,
828 271 12 19 2
855 270 36 20 do.
901 276 85 21 pepper,
1002 271 12 18 5
1026 269 70 21 chests
1110 271 41 21 tea,
1163 269 12 21 1
1185 268 53 23 ,cask

651 297 64 26 glass,
729 298 26 20 15
770 298 102 25 packages
886 298 74 20 french
972 296 93 27 apparel,
1079 295 14 19 2
1108 301 59 13 cases
1181 301 56 21 soap,

653 325 11 19 1
674 325 44 20 box
731 325 90 24 candles,
838 325 39 19 120
892 325 63 20 boxes
964 323 92 25 candles,
1073 322 9 20 1
1094 321 43 21 box
1150 323 88 25 cutlery,

653 353 12 20 9
675 358 59 14 cases
748 352 73 25 cigars,
832 353 13 19 2
860 351 36 21 do.
911 353 33 19 do.
959 352 13 23 2
983 351 80 24 horses,
1075 349 10 20 1
1101 349 59 26 dray.
1190 349 48 21 Pas-

653 376 163 29 sengers—Mr/
832 379 83 26 Anwyl,
920 389 4 5 •
936 378 42 20 Mr.
994 378 22 21 J.
1037 377 88 25 Joseph,
1144 376 44 20 Mr.
1209 376 29 21 H.

649 407 92 26 .Joseph,
751 406 44 21 Mr.
805 407 42 20 and
856 406 55 20 Mrs.
923 405 89 24 Samuel,
1018 405 43 20 and
1070 404 59 21 three
1138 403 100 22 children.

654 434 123 25 Steerage—
852 433 131 23 M'Allister,'
991 439 5 3 •
1001 432 63 27 Mary
1088 431 150 24 Sommerville,

654 461 111 20 Catherine
780 461 117 24 Cummins,
913 461 56 20 John
984 459 87 25 Collier,
1085 457 36 21 W.
1131 458 73 25 Allen,
1218 458 20 22 J.

650 488 58 24 .Bell,
722 488 23 21 J.
759 488 44 21 Rae
812 488 42 20 and
863 488 56 21 wife.
1216 495 2 2 '
1225 497 2 4 ■
1246 507 2 4 ,

1300 378 52 24 The
1363 379 53 24 Rev.
1430 380 49 24 Mr.
1494 380 103 26 Hatfield
1614 380 87 25 arrived
1713 380 57 23 here
1782 388 14 15 a
1806 380 43 24 few

1269 411 55 31 days
1343 413 54 22 since
1409 412 59 24 from
1475 413 44 26 .the
1532 419 71 24 coast,
1623 414 44 24 and
1678 421 34 19 w,e
1718 421 44 20 .are
1774 413 75 31 happy

1267 445 25 23 in
1311 445 65 31 being
1391 445 51 24 able
1460 450 24 19 to
1505 451 58 19 state
1584 448 24 22 in
1623 447 89 31 greatly
1731 446 118 32 improved

1268 477 85 25 health.
1389 478 45 24 We
1452 479 60 23 have
1529 479 60 24 been
1607 479 122 32 requested
1737 483 36 21 tto
1793 483 56 19 state

1268 511 50 23 that
1333 511 36 23 the
1381 511 60 25 Rev.
1456 512 137 24 Gentleman
1605 513 46 24 will
1667 512 93 32 perforn
1776 513 73 22 divine

1269 544 93 30 service,
1371 548 20 20 at
1401 544 39 24 the
1452 545 143 24 Mechanic's
1607 546 117 29 Institute,
1745 554 30 16 on
1787 546 62 23 Sun-

1269 577 43 30 day
1324 581 56 26 next,
1381 589 34 5 —
1416 582 142 20 to-morrow.

1303 630 31 24 In
1345 631 93 24 addition
1455 637 23 18 to
1491 633 37 22 the
1540 634 86 22 vessels
1638 641 33 16 we
1688 632 60 24 have
1759 633 91 31 already

1270 664 126 24 announced
1418 673 26 15 as
1465 664 48 24 laid
1530 673 30 15 on
1578 666 25 22 in
1621 666 106 29 London,
1749 666 36 24 for
1803 666 47 24 this

1270 697 71 31 place,
1359 705 27 16 we
1402 697 59 25 have
1472 699 62 22 since
1546 702 47 19 met
1605 699 56 23 with
1677 699 39 23 the
1727 698 97 31 Nelson,
1837 708 13 15 a

1269 730 45 23 fine
1325 731 47 31 brig
1381 730 25 28 qf
1422 734 49 21 253
1484 736 59 25 tons,
1560 732 128 30 purchased
1703 732 32 30 by
1749 732 39 23 the
1799 733 51 23 firm

1271 763 25 24 of
1390 765 46 23 and
1448 765 75 30 Tyser
1534 764 26 24 of
1576 764 46 24 this
1633 769 59 26 port.
1729 765 49 23 She
1797 766 19 23 is
1828 770 22 19 to

1270 796 63 24 leave
1354 797 91 24 London
1462 798 69 23 about
1549 797 40 24 the
1609 798 83 23 middle
1714 798 27 23 of
1758 798 91 29 March,

1271 829 44 24 and
1325 831 44 23 will
1376 831 28 23 be
1416 830 103 31 engaged
1529 831 25 23 in
1565 831 93 30 trading
1668 832 24 22 in
1703 831 68 24 these
1791 840 58 15 seas.

1304 883 44 24 We
1367 883 54 27 have
1445 885 63 24 'been
1529 885 96 24 assured
1652 885 50 24 that
1720 893 65 20 n.ews

1271 917 94 24 reached
1373 917 106 31 England
1491 918 61 31 prior
1568 923 24 19 to
1604 919 38 23 the
1656 921 29 21 12
1689 918 24 24 th
1725 918 92 30 March,
1829 919 24 23 of

1272 950 38 23 the
1332 951 92 23 location
1447 952 25 23 of
1491 951 38 24 the
1553 952 93 24 Second
1668 952 138 24 Settlement
1826 954 26 22 in

1273 983 113 24 Tasraan's
1399 984 88 31 Gkilph.
1515 997 4 3 •

762 563 3 8 f
799 548 139 19 outwards,
950 546 143 17 coastwise.

682 570 29 21 In
720 577 47 14 the
961 575 44 14 for
1023 569 150 21 Manawatu
1189 574 49 14 akd

653 598 149 21 Wanganui.
802 608 29 5 —
833 598 70 21 Waitt
925 597 40 20 and
993 598 73 24 Tyser,
1097 596 88 25 Agents.
1186 606 28 4 —
1216 596 24 20 12

654 625 50 26 bags
714 626 60 23 flour,
794 626 13 19 2
824 625 65 20 boxes
906 625 60 25 glass,
983 625 13 19 4
1014 625 51 24 bags
1082 623 49 24 salt,
1151 623 14 19 3
1183 628 58 20 camp

655 659 72 19 ovens,
736 654 12 19 2
757 652 14 24 i
781 653 68 20 chests
859 655 42 21 tea,
913 654 11 19 2
939 652 50 26 bags
1005 652 52 24 rice,
1075 650 26 20 14
1112 650 51 25 bags
1174 656 66 20 sugar,

656 681 10 18 1
685 680 49 26 pipe
750 680 36 24 oil,
807 680 26 20 10
848 680 76 20 tierces
938 679 55 24 beef,
1014 680 27 19 21
1051 678 87 21 .barrels
1155 677 63 25 flour,
1228 678 12 19 3

654 707 82 20 barrels
751 707 110 26 groceries,
880 708 13 19 2
903 708 50 24 bags
962 706 73 24 coffee,
1047 707 10 20 1
1069 706 42 21 box
1126 704 83 25 raisins,
1229 705 11 19 1

654 735 40 25 bag
703 735 62 24 flour,
781 736 13 19 2
810 741 57 14 cases
883 735 61 23 wine,
962 734 11 19 1
991 734 87 23 anchor,
1096 733 27 19 41
1142 732 100 26 packages

656 762 64 26 slops,
731 762 111 26 groceries,
852 762 43 20 and
904 761 89 27 apparel,
1001 761 81 25 sQrder.

683 789 30 21 In
732 795 46 15 the
953 794 46 15 for
1012 788 106 21 Nelson.
1119 797 29 5 —
1150 788 91 19 Wallace

656 817 41 21 and
717 817 41 26 Co.,
774 817 87 25 Agents.
863 827 27 4 —
892 817 11 19 1
921 815 48 21 cask
984 817 64 23 snuff,
1068 815 76 25 Perry.
1146 825 27 4 —
1173 815 13 19 -1
1204 814 39 25 keg

655 845 96 24 tobacco,
761 845 13 19 3
788 844 59 21 casks
857 844 100 26 whiskey,
972 843 14 21 3
1004 849 58 15 cases
1073 848 61 18 -rum,
1153 842 14 20 8
1184 847 59 15 cases

654 872 47 25 gin.

684 899 30 21 In
723 905 46 14 the
987 904 47 14 for
1047 897 110 21 Akaroa.
1159 907 27 4 —
1186 897 57 19 Hort

656 927 42 21 and
716 927 42 26 Co.,
774 927 87 26 Agents.
863 937 29 5 —
893 928 11 19 1
924 925 62 21 hhds.
995 932 57 17 rum,
1063 924 25 21 16
1099 926 49 18 tons
1154 924 65 24 -flour,
1231 923 11 20 1

656 956 38 19 ton
703 955 62 26 pork,
776 955 14 19 2
800 957 47 17 tons
856 954 55 25 beef,
923 955 11 19 1
948 955 38 18 ton
995 959 70 19 sugar,
1075 953 14 18 2
1104 951 59 20 bales
1180 951 62 26 slops,

658 983 10 19 1
680 983 47 19 bale
736 982 87 23 leather,
833 982 13 19 3
852 982 103 25 packages
961 980 157 26 ironmongery,
1127 979 12 19 5
1147 979 96 23 anchors,

656 1010 12 19 8
679 1010 52 25 kegs
739 1009 66 26 paint,
817 1009 12 19 1
840 1014 48 14 case
895 1009 65 26 pipes,
973 1009 11 19 1
995 1014 49 14 case
1056 1007 103 24 muskets,
1171 1007 12 18 5
1194 1005 49 26 bags

656 1038 73 23 coffee,
741 1037 12 20 2
763 1042 58 14 cases
831 1036 82 24 cheese,
924 1036 12 20 8
946 1035 51 21 coils
1007 1041 60 21 rope,
1077 1035 12 19 1
1107 1033 50 21 cask
1174 1033 40 25 tin,
1232 1033 11 19 1

656 1064 65 20 tierce
740 1064 54 24 beef,
819 1064 14 19 4
849 1069 60 14 cases
925 1063 36 20 oil.
997 1062 127 25 Passengers
1125 1071 26 4 —
1152 1060 45 20 Mr.
1216 1059 27 21 A.

657 1091 63 25 Hort,
739 1091 71 20 Mons.
829 1090 88 26 Swaina,
937 1089 73 21 Mons.
1028 1091 28 20 A.
1071 1087 108 25 Mitchell,
1190 1087 53 21 Mrs.

657 1118 105 22 Mitchell,
773 1118 43 21 Mr.
828 1118 23 20 P.
863 1117 107 21 Salvador.
1027 1120 9 13 ■*

677 1315 48 16 1842.

762 1292 51 17 Time
820 1293 21 16 of

758 1314 86 16 Observa-

777 1335 45 16 tion.

874 1302 56 17 Baro-

869 1325 63 15 meter.

943 1297 88 21 kThermo-

958 1323 66 16 meter.

663 1394 78 20 ?riday...

663 1456 25 16 Sat

781 1394 9 15 8

779 1414 54 20 Ip.m.

780 1436 9 14 5

780 1456 10 15 8

780 1477 52 20 lp.m,

780 1499 10 14 5

780 1519 10 15 8

780 1540 54 20 lp.m.

780 1561 10 15 5

781 1582 10 15 8

782 1603 52 20 lp.m.

781 1644 11 16 8

780 1666 54 19 lp.m.

781 1687 9 14 5

782 1707 10 15 8

782 1728 54 20 lpm.

782 1750 9 14 5

782 1770 10 16 8

782 1791 54 19 lp.m.

782 1813 10 15 5

874 1393 58 16 29.960

873 1414 60 16 29.950

874 1435 58 15 29.980

874 1456 58 15 30.100

874 1476 59 16 30.100

874 1497 59 16 30.100

973 1391 28 16 46.

974 1412 27 16 48.

974 1433 37 16 46.5

1070 1412 39 16 0.25

1071 1475 39 16 0.04

1142 1391 40 18 S.E.

1142 1412 42 16 S.E.

1141 1433 42 16 S.E.

1142 1453 88 18 Variable.

1142 1474 52 17 N.W.

1142 1496 54 16 N.W.

1143 1516 51 17 N.W.

1142 1537 52 17 N.W.

1142 1558 54 16 N.W-

1142 1578 52 17 N.W.

1142 1600 54 17 N.W.
1208 1598 2 7 '

1143 1621 53 15 N.W.

1142 1640 87 18 Variable.

1142 1663 54 16 N.W.

1143 1684 52 16 N.W.

1142 1704 54 17 N.W.

1142 1725 53 17 N.W.

1142 1746 54 17 NW.

1142 1767 43 17 S.E.

1142 1788 37 17 S.E

1143 1809 42 16 S.E-

663 1518 79 21 Sunday..

1062 1537 57 18 None.

663 1581 79 21 Vlonday.

663 1643 79 21 Tuesday

663 1706 40 17 EVea

875 1580 58 16 30.410

875 1602 58 15 30.550

875 1622 58 16 30.320

876 1643 57 16 30.320

876 1664 57 16 30.330

876 1685 57 17 30.330

876 1706 57 17 30.310

876 1727 20 16 30
903 1727 31 16 200

876 1748 57 17 30.200

876 1769 57 17 30.200

876 1790 58 17 30.200

876 1812 58 16 30.210

974 1579 39 17 45.5

975 1600 37 17 54.5

975 1621 28 17 52.

974 1642 38 17 45.5

975 1663 27 16 58.

975 1683 37 17 54.5

975 1704 38 18 48.5

976 1726 27 18 53.

975 1748 27 16 52.

974 1769 29 17 45.

976 1790 37 16 55.5

975 1811 27 16 54.

1062 1599 59 18 Hone.

1062 1662 58 18 None.

1063 1725 58 18 None.

663 1769 79 18 rhurs...

1063 1787 57 18 None.

737 1799 10 26 J

679 1876 65 21 iday...

779 1878 13 15 *

990 1852 127 21 REMARKS.

862 1877 54 21 Light
922 1877 62 16 breeze
992 1877 37 17 and
1036 1881 45 13 raw.

776 1920 60 19 ..Ip.m.

862 1918 54 22 Light
923 1919 61 17 breeze
992 1918 37 18 and
1033 1918 90 19 overcast

783 1960 9 16 I

905 1960 33 17 Do.
980 1960 35 17 Do.
1058 1960 34 17 Po.

669 2002 23 16 lat

783 2003 10 15 8

783 2043 54 19 Ip.m.

863 2002 51 17 Calm
920 2002 36 18 and
961 2006 45 18 very
1010 2003 43 17 fine.

863 2042 55 21 Light
923 2042 62 16 breeze
993 2043 37 16 and
1037 2043 42 16 fine.

1146 2021 99 50 -**■>

783 2085 10 14 5

905 2084 33 16 Do.
981 2083 34 18 Do.
1057 2083 34 18 So.

670 2120 79 26 iundayJ

775 2126 19 16 •8

864 2125 50 18 Calm
921 2125 35 17 and
962 2129 44 17 very
1013 2125 43 18 fine.

783 2168 54 20 Ip.m.

907 2167 33 17 Do.
982 2167 34 17 Do.
1060 2167 33 17 Do.

775 2210 19 18 5

903 2209 36 17 •Do.
982 2209 36 18 Do.
1061 2209 34 18 Do.

1223 2200 3 11 i

662 2250 84 21 Monday.

784 2252 10 16 8

858 2244 60 34 JLight
923 2252 62 16 breeze
992 2252 38 17 and
1036 2255 41 16 very
1084 2251 44 17 fine.

783 2293 54 20 Ip.m.

859 2284 96 36 [Moderate
982 2292 34 18 Do.
1060 2292 34 18 Do.

783 2336 11 15 5

907 2334 34 21 Dp.
983 2334 37 19 Do.
1062 2334 34 19 Do.

663 2376 84 21 Tuesday

783 2378 11 15 8

865 2376 50 18 Calm
922 2377 88 21 andv<v.ery
1015 2378 43 17 floe.

783 2419 55 20 Ip.m.

864 2418 54 22 Light
924 2419 63 17 breeze
994 2420 37 17 and
1041 2423 47 17 very
1091 2419 42 19 fine.

784 2459 10 18 I

908 2461 32 17 Do.
982 2461 36 17 Do.
1061 2461 34 17 Do.

663 2501 45 17 Wed

785 2503 11 15 8

908 2503 34 17 Do.
985 2503 35 17 Do.
1062 2503 35 16 Do.

785 2545 54 20 Ip.m.

865 2543 56 22 Light
927 2545 62 17 breeze
997 2546 37 17 and
1042 2546 88 16 overcast.

786 2586 10 16 I

909 2586 33 17 Do.
984 2586 38 18 Do-
1062 2586 35 17 Do.

663 2627 53 17 Thur
728 2639 19 6 ...

785 2628 11 16 8

866 2627 55 22 Light
926 2628 63 17 breeze
996 2630 37 16 and
1041 2628 69 21 cloudy.

780 2670 59 21 .Ip.m.

909 2670 33 17 Do.
983 2671 37 17 Do.
1055 2670 49 17 -fine.

785 2712 10 15 i

909 2713 33 17 Do.
983 2713 35 17 Do.
1060 2712 35 17 Do.

57 140 73 37 jjSSI
384 143 25 22 of
419 142 70 28 goods
498 149 35 14 ,«x
541 143 82 20 Indent'

52 170 97 33 flfejtefk,
155 163 13 28 y
189 175 7 9 '
212 171 52 26 nity,
275 177 38 15 are
329 168 118 30 requested
464 172 23 18 to
503 176 50 20 pass
566 167 58 24 their

40 191 111 38 ggßpßgg
167 197 82 22 entries
260 200 23 19 at
292 197 38 21 the
344 195 179 27 Custom-house,
535 196 48 21 that
592 203 31 14 no

167 224 67 27 delay
242 231 52 21 may
304 223 51 22 take
369 223 64 27 place
441 222 26 22 in
483 222 148 28 discharging'

160 251 39 22 the
210 259 74 19 cargo.

255 278 82 21 Waitt
348 276 43 23 and
402 276 86 26 Tyser,
499 275 94 27 Agents.

40 304 146 28 Wellington.
198 304 54 27 July
261 306 34 24 22,
307 304 60 21 1842,
622 301 3 3 '

40 350 69 50 OO
125 349 85 27 SALE,
226 356 28 14 ex
262 349 117 27 Indemnity
384 347 51 25 .and
443 348 106 28 Exporter
556 354 6 13 :
562 355 31 6 —

117 377 56 21 Fine
183 375 100 23 Colonial
290 375 65 26 Jftour,

66 404 78 26 Siigar,

65 430 63 26 Rice,

64 457 53 26 Tea,
128 455 134 28 gunpowder
271 455 47 22 and
326 461 93 20 congou,

65 483 97 22 Manilla
172 483 77 26 cigars,

66 511 64 26 Sago,
142 513 110 22 nutmegs,

66 536 91 22 Bottled
166 535 70 26 fruits,

62 563 48 23 Ale
120 563 24 21 in
154 561 64 23 wood
227 561 44 24 and
280 561 75 27 bottle,

65 589 54 22 Port
128 588 44 22 and
182 588 77 27 sherry
268 589 24 21 in
302 588 69 27 wood,

68 615 99 22 German
177 615 67 23 silver
254 622 64 20 ware,

66 642 137 27 Negrohead
212 642 99 26 tobacco,

66 668 75 27 Single
151 668 45 22 and
206 668 199 22 double-barrelled
414 674 66 21 guns,

66 695 88 27 Mould,
163 702 79 20 sperm,
252 695 47 22 and
308 702 49 15 wax
366 695 98 26 candles,

68 722 144 27 Champagne
221 722 23 21 in
255 722 70 22 dozen
336 722 95 26 baskets,

67 749 77 22 Men's
151 748 44 22 and
203 749 105 21 women's
317 751 74 23 strong
401 748 64 21 boots
475 746 43 24 and
527 746 72 23 shoes.

362 781 80 22 Waitt
457 781 45 22 and
515 780 85 22 Tyser.

67 809 145 27 Wellington,
224 809 52 27 July
286 809 34 26 22,
331 809 60 21 1842.

228 861 68 20 Seed
305 861 139 20 Potatoes.

146 887 63 22 TON
217 887 25 21 of
248 887 39 22 the
296 887 49 21 best
351 887 106 21 Derwent
465 889 105 26 potatoes,
579 887 49 28 just

43 911 45 26 V/
118 913 106 23 received
233 914 31 28 by
273 914 38 22 the
325 914 115 27 Exporter,
457 916 59 20 from
530 913 96 29 Sydney,

69 941 44 22 For
122 941 45 21 sale
178 941 31 27 by

461 967 45 22 and
516 967 84 23 Tvser.

69 993 147 28 Wellington,
229 994 53 27 July
292 996 33 25 22,
337 996 59 21 1842.
