2520 4029
1301 3919 56 25 The
1369 3920 101 26 Widow
1478 3928 32 17 of
1520 3920 102 26 Fox.—
1621 3919 117 34 Amongst
1746 3921 40 25 the
1798 3929 51 18 con-

1265 3953 121 26 tributions
1397 3959 24 20 to
1433 3954 37 25 the
1487 3954 93 30 bazaar,
1593 3959 40 20 not
1642 3954 100 32 hjtherto
1753 3955 96 30 noticed,.

1306 2925 72 25 Peel
1396 2927 119 25 Jobbing.
1517 2940 34 4 —
1551 2928 25 23 A
1593 2928 176 31 correspondent
1779 2927 28 24 of
1817 2927 41 24 the

1272 2956 89 26 Dublin
1368 2959 109 32 Register
1485 2967 144 17 enumerates
1640 2961 38 23 the
1691 2961 75 31 places
1784 2961 74 23 which

1272 2991 39 24 Sir
1329 2992 90 25 Robert
1440 2994 62 29 Peel,
1525 2995 78 29 acting
1625 3001 29 16 on
1673 2994 38 24 the
1730 2994 90 23 maxim
1836 2994 22 23 of

1298 3025 95 32 making
1403 3027 46 31 hay
1456 3027 68 24 while
1535 3027 38 24 the
1584 3035 45 16 sun
1752 3027 43 23 has
1803 3034 54 16 con-

1270 3057 74 26 ferred
1357 3067 28 16 on
1397 3060 36 23 his
1453 3060 116 24 relations.
1612 3060 50 24 The
1682 3060 40 24 list
1743 3060 22 24 is
1785 3060 73 23 worth

1270 3092 181 32 re-publishing:
1452 3106 33 4 —
1489 3095 22 23 1.
1537 3094 39 23 Sir
1598 3093 89 24 Robert
1708 3093 66 29 Peel,
1803 3094 51 23 first

1270 3124 50 24 lord
1341 3126 25 23 of
1391 3126 39 24 the
1451 3131 113 27 treasury,
1587 3126 82 31 salary,
1698 3127 113 28 £5,000;
1831 3128 23 22 2.

1270 3157 121 29 Jonathan.
1412 3159 58 25 Peel
1496 3158 50 33 (his
1571 3157 114 33 brother,)
1711 3159 145 31 comptroller

1269 3192 98 29 general-
1381 3192 26 24 of
1431 3193 39 24 the
1491 3193 130 28 ordinance,
1642 3192 82 32 salary,
1747 3193 106 29 £1,500,

1269 3224 89 24 besides
1377 3225 37 24 his
1431 3225 44 25 full
1490 3234 47 24 pay
1553 3234 26 16 as
1597 3225 227 25 lieutenaut-colonel
1834 3226 24 23 of

1270 3257 38 23 the
1318 3258 98 30 guards;
1429 3261 23 22 3.
1472 3259 90 31 George
1570 3258 27 25 ß
1618 3258 100 24 Dawson
1736 3257 117 32 (brother-

1268 3290 99 32 in-law,)
1395 3293 171 23 commissioner
1593 3291 26 24 of
1644 3295 107 26 customs,
1780 3292 75 31 salary

1270 3324 94 29 £1,200
1374 3333 7 21 ;
1401 3327 25 22 4.
1446 3326 38 23 Sit
1506 3325 92 31 George
1622 3324 124 25 Cockburn
1766 3323 86 33 (whose

1270 3356 90 25 brother
1367 3358 22 24 is
1400 3358 99 24 married
1510 3363 23 19 to
1543 3359 38 23 Sir
1591 3358 107 24 Robert's
1710 3356 88 33 sister,)
1805 3358 49 24 lord

1270 3390 25 23 of
1304 3390 37 24 the
1352 3391 127 32 admiralty,
1489 3392 76 31 salary
1571 3391 97 30 £1,500
1680 3399 6 16 :
1698 3394 24 22 5.
1733 3391 121 24 Laurence

1269 3422 56 24 Peel
1346 3422 49 33 (his
1423 3423 113 34 brother,)
1565 3425 63 23 chief
1651 3424 84 32 justice
1764 3424 26 24 of
1816 3424 38 24 the

1268 3463 104 25 supreme
1383 3462 66 20 court
1460 3458 25 24 of
1498 3458 99 32 Bengal,
1616 3457 74 31 salary
1706 3457 146 30 £12,000—

1268 3488 46 25 this
1329 3491 21 23 is
1368 3487 38 27 the
1423 3491 101 24 luckiest
1541 3491 26 24 of
1582 3491 37 23 the
1637 3490 85 29 brood;
1742 3491 25 23 6.
1791 3490 62 24 Lord

1268 3521 87 33 Jersey,
1367 3528 83 19 master
1462 3524 25 23 of
1501 3525 40 22 the
1556 3524 75 28 horse,
1650 3525 84 27 2,500.
1776 3523 76 29 Total,

1267 3556 123 29 £23,700.
1442 3557 174 31 Twenty-three
1640 3556 113 24 thousand
1782 3564 70 16 seven

1267 3588 103 25 hundred
1391 3590 88 31 pounds
1501 3598 42 24 per
1564 3597 85 16 annum
1672 3589 26 23 of
1717 3589 40 24 the
1774 3590 79 31 public

1266 3629 82 25 money
1359 3624 20 22 is
1391 3627 40 19 not
1441 3631 14 15 a
1465 3630 55 24 very
1537 3622 46 24 bad
1600 3622 66 24 share
1683 3622 35 24 for
1739 3622 37 24 the
1797 3623 55 24 Peel

1268 3654 85 32 family.
1396 3656 75 24 There
1489 3663 40 16 are
1546 3664 14 15 a
1573 3655 76 31 parcel
1659 3655 26 23 of
1699 3657 153 29 connections,

1266 3686 110 32 however,
1396 3693 42 19 not
1459 3688 145 24 enumerated
1622 3688 25 23 in
1665 3688 38 24 the
1719 3688 72 24 above
1805 3690 46 30 list,

1267 3721 55 23 who'
1334 3722 47 23 also
1400 3730 63 15 come
1482 3722 25 23 in
1522 3721 35 24 for
1576 3729 14 15 a
1608 3721 66 24 share
1686 3722 25 23 of
1725 3721 39 25 the
1775 3723 77 31 public

1267 3761 88 25 money,
1368 3754 90 24 besides
1468 3754 82 29 which,
1563 3754 38 24 the
1619 3759 52 20 vast
1687 3759 125 28 patronage
1831 3761 22 19 at

1267 3787 38 23 the
1313 3787 100 32 disposal
1424 3788 25 24 of
1459 3788 37 24 Sir
1506 3787 89 24 Robert
1606 3787 57 25 Peel
1673 3789 20 23 is
1705 3794 23 19 to
1740 3789 28 24 be
1775 3789 76 30 noted,

1267 3820 53 24 with
1331 3829 14 16 a
1355 3821 45 24 due
1411 3825 93 20 amount
1515 3821 26 23 of
1555 3822 107 30 pensions
1681 3822 44 23 and
1743 3822 108 30 honours,

1266 3861 26 16 so
1309 3853 48 25 that
1633 3855 21 24 is
1671 3859 40 20 not
1729 3855 69 31 badly
1815 3864 36 15 re-

1265 3886 90 24 warded
1367 3887 58 23 after
1437 3886 30 24 all
1475 3887 6 23 !

665 139 82 23 Crown
758 137 81 25 Lands
851 138 48 24 Bill
908 138 37 24 for
956 146 14 15 a
980 138 44 23 few
1035 137 64 31 days,
1111 137 51 24 said
1173 137 29 25 he
1212 138 37 23 in-

664 172 82 23 tended
756 176 25 19 to
788 172 68 30 bring
862 171 25 24 in
898 179 13 15 a
920 170 48 24 Bill
974 170 35 23 for
1015 170 39 24 the
1062 171 74 23 better
1144 170 105 24 Govern-

662 209 65 19 ment
738 204 26 24 of
774 205 74 23 South
858 202 34 33 (?)
904 203 127 25 Australia.

697 237 149 31 Intelligence
869 237 26 23 of
913 236 40 25 the
976 236 124 24 disastrous
1118 240 84 24 .events
1224 236 25 23 in

664 270 68 24 India
748 269 95 25 reached
864 269 99 24 London
980 277 29 15 on
1029 269 38 24 the
1080 269 59 25 13th
1156 268 91 27 March.

663 304 50 24 Ten
725 303 114 24 thousand
855 307 76 26 troops
944 309 58 17 were
1019 306 24 20 to
1052 302 28 23 be
1092 306 51 20 sent
1162 307 23 19 to
1197 302 51 24 Aff-

662 337 122 31 ghanistan
795 335 160 31 immediately,
978 336 45 23 and
1033 336 19 22 it
1063 343 47 16 was
1127 335 122 24 rumoured

663 370 49 23 that
732 369 38 24 Sir
789 369 84 29 Henry
885 368 120 32 Hardinge
1024 376 47 17 was
1091 374 24 19 to
1134 368 59 24 have
1211 368 38 24 the

664 402 129 25 command.

696 435 76 24 Trade
792 442 30 16 on
842 434 38 23 the
897 434 73 24 whole
987 442 46 17 was
1049 435 111 31 reviving.
1196 434 52 24 The

664 468 103 24 Colonial
780 468 95 23 Gazette
886 468 25 22 of
929 468 83 24 March
1025 470 39 27 16,
1082 475 61 24 says,
1186 468 63 24 there

662 509 46 15 was
727 510 14 15 a
756 501 74 24 better
848 500 97 24 demand
961 501 35 24 for
1014 501 54 24 both
1085 501 101 30 English
1205 500 44 24 and

663 535 100 30 Foreign
772 534 76 29 Wool,
861 534 45 23 and
912 534 43 23 full
966 539 60 19 rates
1036 534 58 24 have
1103 534 57 23 been

695 567 25 24 A
737 567 102 31 singular
857 571 67 19 event
935 568 108 23 occurred
1059 568 25 22 in
1094 567 106 30 London,
1219 575 30 16 on

662 600 39 24 the
715 600 58 24 16th
784 600 90 30 March,
892 600 39 23 the
946 600 62 24 Irish
1028 600 92 24 Roman
1132 600 117 24 Catholics

662 634 85 31 having
755 633 104 24 declared
870 633 49 24 that
931 633 63 24 there
1002 642 47 15 was
1060 638 23 19 to
1096 634 28 23 be
1136 642 29 15 an
1174 633 75 24 earth-

663 667 74 32 quake
749 675 29 15 on
787 667 49 23 that
843 666 51 32 day,
902 666 125 24 thousands
1036 667 26 23 of
1071 666 62 24 them
1140 667 43 23 left
1190 671 69 21 town^

662 701 23 23 in
705 701 31 23 all
748 700 121 24 directions
886 701 24 23 in
927 700 40 24 the
986 701 113 30 morning,
1120 699 46 25 and
1186 700 63 24 those

662 734 50 23 that
718 741 58 17 were
784 737 41 20 not
836 733 50 24 able
897 737 23 20 to
932 738 40 26 get
983 738 40 19 out
1029 734 24 23 of
1063 738 60 19 town
1134 737 68 27 spent
1210 732 39 25 the

664 767 43 31 day
718 768 25 22 in
753 767 104 31 praying,
870 767 44 23 and
925 767 111 30 invoking
1048 766 30 24 all
1090 766 37 24 the
1141 767 71 23 saints
1224 767 25 23 in

662 800 39 24 the
711 800 112 25 calendar.
850 800 39 23 An
897 800 38 23 old
939 800 114 31 prophecy
1061 807 46 16 was
1115 798 39 25 the
1162 799 87 31 ground

663 834 34 23 for
709 834 46 23 this
767 838 92 26 strange
870 833 142 23 infatuation.

697 866 50 24 The
765 866 72 25 Duke
853 866 27 23 of
895 866 100 23 Norfolk
1015 864 51 25 died
1084 873 31 16 on
1132 865 40 24 the
1191 864 57 26 16th

664 899 93 25 March.

695 933 94 31 Sydney
805 939 61 17 news
886 934 27 21 to'
929 931 39 24 the
988 931 42 24 6th
1050 931 133 24 November
1202 932 46 23 had

661 965 58 24 been
730 965 106 25 received
847 966 24 22 in
883 964 105 24 London.

695 998 94 31 Among
800 998 38 23 the
856 998 166 31 presentations
1033 1001 23 20 to
1070 997 40 24 the
1122 997 90 31 Queen,
1226 1003 23 19 at

662 1031 37 24 the
710 1031 64 24 levee
785 1031 53 23 held
850 1038 28 16 on
888 1031 37 23 the
939 1031 56 24 16th
1004 1030 91 29 March,
1103 1038 34 16 we
1146 1032 102 31 perceive

737 1064 23 24 J.
769 1064 34 24 H.
817 1064 119 28 Plunkett,
944 1064 41 23 her
994 1064 121 32 Majesty's
1122 1064 125 32 Attorney-

662 1098 100 23 General
785 1098 36 23 for
843 1098 56 23 New
923 1098 74 23 South
1019 1097 87 30 Wales,
1129 1098 32 31 by
1185 1097 63 24 Lord

661 1131 120 31 Stanley.''

694 1164 44 24 We
749 1165 53 30 give
812 1164 72 24 below
896 1164 39 24 the
946 1167 58 20 state
1017 1164 24 23 of
1050 1164 39 24 the
1098 1164 70 24 funds
1181 1168 21 20 at
1209 1164 38 23 the

662 1197 59 24 close
744 1198 26 23 of
790 1197 38 24 the
850 1198 92 23 market
965 1205 29 16 on
1016 1197 38 24 the
1074 1198 63 27 18th.,
1155 1197 90 30 March,

661 1230 73 24 which
744 1231 22 22 is
779 1230 38 24 the
828 1231 54 31 only
901 1235 88 20 extract
1006 1238 34 16 we
1059 1238 41 16 can
1118 1231 51 23 find
1184 1239 62 16 room

660 1263 35 24 for
708 1264 81 31 to-day
789 1277 34 4 —

687 1301 90 23 Money
804 1302 110 26 Market,
939 1302 100 22 Friday.
1048 1313 29 5 —
1091 1302 99 27 Consols,
1212 1302 35 22 for

661 1336 80 19 money
756 1336 38 14 are
810 1336 50 14 now
875 1331 39 24 89}
925 1331 13 24 %
944 1337 5 18 ;
965 1329 35 22 for
1015 1329 37 23 the
1068 1329 112 27 Account,
1191 1331 38 24 89|
1239 1338 6 19 ;

660 1355 43 22 and
713 1355 132 28 Exchequer
859 1355 61 27 Bills,
932 1357 28 21 39
974 1358 25 20 31
1013 1364 46 23 ptn.
1089 1357 47 21 The
1153 1357 94 26 Foreign

661 1382 73 22 Bonds
748 1389 36 15 are
802 1383 46 21 also
864 1390 61 14 more
942 1383 100 27 languid,
1058 1383 108 23 Mexican
1181 1383 66 26 being

661 1416 49 14 now
729 1410 25 20 41
775 1412 23 18 to
815 1410 25 20 41
845 1410 17 25 J,
887 1409 130 22 Columbian
1041 1412 27 20 26
1087 1413 23 19 to
1132 1411 49 26 26£,
1203 1411 44 21 and

661 1435 93 28 Spanish
764 1437 39 24 24|
812 1437 19 25 f,
843 1435 57 22 after
909 1435 67 28 being
985 1436 58 22 done
1050 1440 24 18 at
1083 1437 33 22 25.
1146 1437 101 27 Nothing

659 1463 87 26 worthy
760 1462 26 22 of
800 1463 72 21 notice
888 1462 41 22 has
943 1463 123 26 transpired
1082 1464 23 21 in
1123 1463 39 22 the
1181 1464 64 22 share

660 1489 93 26 market,
770 1489 74 22 which
862 1489 19 22 is
900 1488 46 23 also
963 1490 75 22 rather
1052 1490 47 22 flat.
1129 1490 42 22 We
1191 1491 55 21 have

660 1515 89 23 advices
767 1523 14 14 a
796 1515 42 23 few
857 1515 54 28 days
929 1516 56 22 later
1000 1517 57 22 from
1074 1517 38 21 the
1131 1517 74 22 island
1225 1518 25 21 of

660 1543 125 26 Mauritius,
803 1543 40 21 but
860 1542 95 28 nothing
972 1543 26 22 of
1012 1543 92 23 interest
1122 1543 41 23 has
1177 1547 70 19 trans-

660 1569 63 27 pired
739 1569 24 22 in
781 1569 36 22 the
831 1569 96 23 interval
941 1571 57 21 from
1017 1571 38 21 the
1075 1571 84 21 former
1178 1570 67 23 dates.

661 1597 97 23 Quarter
767 1596 75 22 before
852 1596 70 22 three.
923 1608 29 4 —
953 1597 91 23 Consols
1052 1597 37 22 for
1097 1597 39 22 the
1144 1600 101 25 account,

661 1625 39 24 S9|
711 1625 51 24 i.—
762 1624 83 26 Sydney
855 1625 89 24 Herald,
955 1625 50 26 July
1014 1625 22 21 7.

694 1660 106 24 Wants.
802 1673 34 4 —
836 1660 50 24 The
899 1660 83 26 Queen
991 1665 73 20 wants
1080 1670 14 16 a
1105 1661 72 25 dozen
1188 1662 57 30 able,

659 1692 90 30 honest,
774 1694 43 24 and
836 1694 94 32 upright
950 1694 100 25 advisers
1051 1707 34 5 —
1085 1695 65 24 Lord
1167 1695 79 32 Lynd-

660 1725 65 25 hurst
735 1731 74 19 wants
819 1731 23 20 to
855 1727 66 24 know
933 1727 50 25 how
993 1728 56 31 long
1060 1728 29 24 he
1101 1728 61 24 shall
1172 1729 71 24 retain

660 1759 35 24 his
720 1765 49 19 seat
791 1768 29 16 on
841 1760 39 24 the
899 1761 114 24 woolsack
1013 1774 34 4 —
1048 1761 51 24 The
1116 1761 89 32 Bishop
1223 1763 26 25 of

660 1792 23 24 E
685 1806 32 4 —
717 1801 12 15 r
740 1798 72 19 wants
824 1802 14 15 a
856 1794 58 23 little
932 1794 106 32 humility
1038 1807 35 4 —
1073 1795 51 24 The
1143 1795 71 24 Duke
1224 1796 25 23 of

661 1826 161 32 Buckingham
830 1832 74 19 .wants
922 1827 56 32 high
995 1832 63 19 rents
1059 1840 33 5 —
1094 1828 38 24 Sir
1151 1828 94 25 Francis

661 1859 99 24 Burdett
775 1865 72 18 wants
859 1868 14 16 a
890 1868 97 24 peerage
989 1874 32 4 —
1022 1861 37 24 the
1079 1861 55 25 hon.
1152 1861 94 25 baronet

661 1898 71 18 wants
744 1898 23 19 to
777 1893 69 24 know
854 1894 56 28 also,
924 1894 72 24 where
1009 1899 22 19 to
1042 1894 54 24 look
1104 1894 35 24 for
1147 1894 37 24 his
1191 1903 54 16 con-

660 1926 100 31 sistency
760 1940 30 3 —
790 1939 4 16 ;
795 1926 50 24 The
857 1926 80 24 Tories
949 1931 59 20 want
1021 1927 38 24 the
1072 1933 96 26 country
1179 1933 22 19 to
1217 1928 28 25 be

659 1959 115 31 governed
795 1960 31 30 by
854 1967 28 16 an
913 1961 136 31 aristocracy
1049 1973 34 5 —
1083 1960 52 25 The
1163 1960 82 32 Whigs

659 1997 61 18 want
730 1993 18 23 it
759 1992 114 31 governed
880 1993 31 28 by
920 1993 136 24 themselves
1057 2006 33 5 —
1090 1994 53 23 The
1150 1994 95 24 radicals

660 2030 59 18 want
737 2034 16 14 a
764 2026 133 30 democracy
897 2039 35 3 —
932 2026 51 23 The
1002 2027 124 22 dissenters
1145 2032 60 18 want
1222 2026 28 27 ti*

659 2057 124 24 annihilate
793 2058 84 23 church
885 2062 61 20 rates
948 2071 33 4 —
981 2058 51 24 The
1039 2058 140 24 churchmen
1184 2063 62 21 want

659 2094 23 20 to
694 2091 124 23 annihilate
830 2091 87 24 dissent
917 2105 33 3 —
951 2091 134 32 Neighbour
1085 2104 32 4 —
1120 2093 50 22 who
1179 2093 41 23 has
1231 2101 14 16 a

659 2124 62 30 large
729 2124 80 31 family
821 2124 25 24 of
862 2124 67 24 small
941 2124 108 30 children,
1062 2129 72 19 wants
1146 2133 14 15 a
1178 2126 67 23 thou-

659 2157 58 23 sand
724 2164 81 24 a-year
805 2170 33 4 —
839 2157 73 31 Many
920 2158 25 23 of
953 2158 38 23 the
1000 2158 49 23 rich
1056 2162 61 19 want
1124 2159 121 32 sympathy

660 2189 33 24 for
704 2190 39 23 the
755 2195 71 19 wants
837 2190 27 24 of
876 2191 40 23 the
935 2199 55 23 poor
991 2203 33 5 —
1026 2191 125 24 Hundreds
1164 2192 25 24 of
1206 2192 38 24 the

659 2230 55 24 poor
725 2228 61 19 want
793 2223 52 24 food
856 2224 43 24 and
908 2225 97 23 raiment
1005 2237 34 4 —
1039 2225 138 24 Thousands
1185 2231 61 19 want

659 2256 155 32 employment
814 2269 33 5 —
847 2257 55 24 And
920 2262 50 19 tens
982 2258 25 23 of
1024 2258 126 24 thousands
1162 2263 59 20 want
1231 2267 15 16 a

659 2289 70 32 cheap
741 2290 55 24 loaf.
798 2303 33 4 —
831 2290 198 32 Nonconformist.

692 2328 87 24 Niger
797 2328 211 25 Expedition.—
1007 2329 93 24 Return
1111 2330 26 24 of
1148 2330 97 32 Captain

658 2361 101 30 Trotter,
772 2362 77 29 R.N.,
861 2362 44 23 and
913 2367 52 27 part
976 2363 26 23 of
1010 2361 37 26 the
1060 2364 90 23 officers
1162 2364 24 24 of
1207 2364 38 24 the

658 2394 72 31 Niger
753 2395 147 32 Expedition.
902 2408 35 5 —
937 2395 129 32 Liverpool,
1089 2396 55 24 Jan.
1169 2399 40 23 26.
1210 2410 35 5 —

659 2428 42 23 We
712 2428 58 24 have
782 2433 65 27 great
857 2429 140 24 satisfaction
1009 2430 22 23 in
1040 2431 144 31 announcing
1195 2430 50 25 that

657 2461 38 23 the
722 2461 102 30 Warree,
843 2462 76 24 which
937 2463 88 24 arrived
1042 2463 55 24 here
1115 2463 47 24 last
1178 2464 67 32 night

658 2495 58 23 from
742 2495 81 24 Africa
851 2495 98 32 brought
970 2496 67 24 home
1060 2505 25 15 as
1107 2504 137 24 passengers

659 2528 66 31 Capt.
739 2528 101 29 Trotter,
852 2529 78 29 R.N.,
944 2537 41 16 one
998 2529 25 25 of
1037 2530 39 24 the
1087 2531 157 24 commanders

657 2561 26 24 of
697 2562 38 23 the
746 2562 47 24 late
803 2562 96 24 African
911 2562 136 32 expedition,
1069 2564 38 23 the
1120 2564 60 24 Rev.
1193 2564 49 24 Mr.

657 2595 124 30 M'Shane,
793 2596 45 24 Dr.
852 2596 117 31 Stranger,
982 2596 44 24 and
1036 2597 53 23 four
1105 2597 98 25 invalids
1221 2598 26 24 of

656 2629 38 23 the
706 2629 74 31 Niger
793 2629 128 31 expedition
930 2638 6 16 :
949 2637 42 16 one
1004 2630 25 24 of
1042 2630 39 24 the
1091 2638 55 17 men
1163 2631 80 24 belon-

655 2662 41 31 ing
718 2666 23 20 to
764 2662 38 24 the
825 2663 129 31 expedition
976 2663 52 24 died
1046 2671 30 17 on
1097 2664 38 24 the
1158 2672 85 24 voyage

657 2695 75 24 home.
779 2695 51 24 The
856 2695 94 24 Warree
967 2696 42 24 left
1026 2697 122 24 Fernando
1165 2698 33 24 Po
1215 2707 30 15 on

656 2728 38 24 the
707 2728 60 24 23rd
779 2728 24 24 of
819 2729 137 29 November,
975 2729 45 24 and
1030 2738 46 16 was
1087 2731 75 24 towed
1173 2740 24 15 as
1209 2731 36 25 far

657 2769 25 16 as
702 2762 37 23 St.
758 2761 121 24 Thomas's
897 2763 32 31 by
946 2763 40 24 her
1005 2763 122 33 Majesty's
1146 2769 99 20 steamer

656 2793 91 30 Albert,
767 2795 75 23 which
862 2795 56 24 then
937 2797 125 30 proceeded
1080 2801 22 20 to
1114 2798 130 24 Ascension

657 2827 54 23 with
722 2827 40 24 the
772 2833 47 18 rest
831 2829 25 22 of
870 2829 39 23 the
1021 2830 44 24 and
1077 2838 71 17 crews
1166 2832 24 23 of
1205 2831 39 24 the

657 2860 45 23 late
709 2860 147 31 expedition,
878 2862 45 23 and
941 2862 48 24 who
1007 2870 59 17 were
1078 2864 55 24 then
1144 2872 54 23 very
1209 2865 36 24 far

658 2893 165 25 convalescent.
868 2894 51 24 The
937 2895 82 24 Albert
1034 2896 72 25 would
1117 2897 127 25 endeavour

657 2930 23 19 to
692 2930 61 19 meet
767 2926 38 24 the
828 2926 151 33 Wilberforce
996 2933 104 26 steamer,
1120 2930 123 33 belonging

657 2963 23 19 to
704 2959 38 23 the
765 2959 130 31 expedition
915 2959 89 33 (which
1024 2970 47 15 was
1092 2965 110 31 expected
1219 2970 24 18 to

656 2996 80 19 return
753 2997 24 18 to
796 2992 37 25 the
854 2992 72 32 Niger
944 3002 25 16 as
981 3003 55 15 soon
1048 3004 25 15 as
1084 2996 39 24 the
1132 2997 77 24 health
1221 2999 26 23 of

659 3025 97 32 Captain
772 3025 102 25 William
892 3027 69 23 Allen
979 3036 46 16 was
1043 3029 133 31 recruited,)
1198 3031 45 24 and

657 3058 75 23 would
742 3059 97 31 proceed
849 3060 53 23 with
919 3060 41 24 her
976 3065 23 19 to
1017 3062 138 31 Ascension,
1169 3064 73 24 where

657 3090 52 32 they
721 3092 75 24 would
807 3093 85 23 remain
911 3093 54 24 with
983 3095 38 24 the
1041 3103 70 16 crews
1129 3098 59 23 until
1206 3098 37 23 in-

658 3125 124 24 structions
796 3133 58 16 were
864 3126 103 25 received
978 3128 58 24 from
1050 3128 46 24 this
1108 3135 97 27 country
1215 3139 27 15 as

657 3161 23 19 to
692 3157 59 25 their
762 3159 76 23 future
852 3160 157 32 proceedings.
1052 3161 51 25 Her
1115 3163 128 32 .Majesty's

657 3194 98 21 steamer
774 3191 91 24 Soudan
883 3201 47 16 was
946 3194 47 24 laid
1014 3202 31 24 up
1063 3196 24 23 in
1102 3197 105 32 ordinary
1219 3201 24 19 at

659 3224 110 24 Clarence
782 3225 68 30 Cove,
862 3225 76 26 where
949 3227 41 24 she
999 3228 75 24 would
1080 3231 68 22 await
1153 3230 90 24 further

657 3257 77 24 orders
745 3258 58 23 from
815 3258 75 25 home.
938 3260 66 32 Capt.
1021 3261 94 24 Trotter
1125 3263 42 23 has
1179 3264 63 31 quite

657 3291 119 23 recovered
788 3291 35 23 his
834 3291 84 31 health,
937 3295 44 22 and
990 3295 125 30 proceeded
1132 3296 80 28 direct.
1217 3301 24 19 to

657 3322 98 25 London
767 3323 46 24 this
824 3325 107 31 morning
940 3326 30 31 by
977 3327 39 24 the
1023 3328 92 31 railway
1124 3338 6 20 ;
1146 3329 37 24 the
1194 3335 49 18 rest

657 3356 25 22 of
696 3356 39 24 the
748 3361 67 27 party
833 3359 86 23 remain
937 3358 53 26 here
1009 3364 23 20 at
1051 3366 101 26 present.
1196 3363 46 24 We

656 3396 38 16 are
704 3389 106 24 indebted
820 3391 36 22 for
865 3396 62 19 most
937 3392 26 23 of
976 3392 40 25 the
1026 3394 70 24 above
1106 3396 136 30 particulars

656 3426 23 19 to
700 3422 39 24 the
760 3423 70 32 polite
850 3425 110 23 attention
982 3425 25 24 of
1032 3427 50 24 Mr.
1102 3428 80 30 Court,
1202 3429 40 24 the

656 3460 113 27 secretary
781 3456 25 23 of
820 3457 38 23 the
871 3457 174 26 Underwriters'
1057 3461 154 25 Association.

689 3488 78 24 Three
783 3489 102 25 hundred
896 3491 139 25 inhabitants
1047 3494 26 24 of
1089 3493 153 26 Clerkenwell

654 3529 59 16 were
734 3523 133 24 summoned
878 3532 30 15 on
924 3525 114 33 Saturday
1047 3530 24 20 to
1089 3527 152 25 Clerkenwell

655 3559 72 25 court,
738 3555 36 24 for
784 3561 136 26 poor-rates,
932 3559 44 24 and
983 3559 94 25 ordered
1089 3564 24 20 to
1123 3569 46 23 pay
1177 3561 63 24 them

655 3589 24 23 in
691 3596 69 16 seven
774 3589 63 32 days.

690 3622 73 23 Corn
784 3622 63 25 Law
865 3624 149 26 Petitions.
1015 3639 35 4 —
1050 3626 84 25 Before
1155 3627 38 24 Sir
1204 3627 34 25 R.

655 3655 55 23 Peel
725 3655 97 31 brought
833 3656 96 25 forward
939 3657 36 24 his
986 3658 54 32 plan
1052 3667 30 16 on
1094 3660 145 31 Wednesday

654 3688 74 30 night,
741 3688 63 24 there
815 3697 58 17 were
890 3692 120 30 presented
1019 3700 30 16 on
1066 3692 39 24 the
1116 3693 89 31 subject
1216 3693 26 24 of

655 3721 37 24 the
704 3729 55 16 corn
765 3721 55 24 laws
828 3725 48 22 580
885 3724 114 30 petitions,
1009 3725 25 24 of
1042 3725 74 24 which
1124 3727 48 25 579
1181 3734 58 16 were

654 3756 24 22 in
684 3754 81 25 favour
775 3754 25 25 of
809 3756 38 23 the
853 3758 77 29 repeal
937 3757 25 23 of
967 3758 62 23 these
1040 3758 127 24 obnoxious
1175 3759 63 29 laws,

654 3787 45 25 and
722 3788 51 31 only
792 3796 43 17 one
836 3801 32 6 —
868 3790 60 23 from
955 3791 144 24 Sunderland
1099 3805 35 3 —
1134 3792 25 23 in
1180 3792 59 24 their

652 3821 81 24 favour
739 3821 5 24 !
758 3821 44 24 and
814 3822 48 24 that
873 3822 54 35 qnly
934 3824 183 33 constructively,
1130 3832 26 16 as
1166 3825 19 23 it
1192 3832 46 17 was

652 3854 59 24 from
729 3853 39 27 the
780 3862 86 17 owners
883 3855 47 24 and
939 3857 117 29 occupiers
1068 3857 25 23 of
1104 3847 134 35 flour-mills

652 3888 24 23 in
688 3886 145 25 Sunderland
838 3887 45 24 and
890 3887 39 25 the
936 3888 193 32 neighbourhood,
1141 3891 97 32 praying

652 3921 50 23 that
712 3928 47 23 any
765 3920 56 32 duty
829 3920 73 24 which
913 3929 53 24 may
974 3922 28 24 be
1010 3923 103 31 imposed
1125 3932 30 15 on
1162 3925 75 31 grain,

652 3954 66 30 flour,
739 3953 45 26 and
794 3953 67 32 meal,
880 3954 74 33 might
969 3955 29 25 be
1016 3964 26 16 so
1054 3957 146 32 apportioned
1212 3966 28 17 as

551 49 101 47 ®t)t
674 49 121 43 Wtefo
821 49 209 43 Ztateni
1055 47 192 52 <St&&tU
1270 47 93 42 mt&
1385 47 304 50 CJMltitgtwt
1714 45 254 52 Spectator.

1887 146 33 16 we
1931 146 54 23 may
1995 140 100 23 mention
2113 143 45 21 Wo
2170 139 151 32 authographs
2333 141 26 23 of
2374 140 96 24 Charles

1887 172 78 23 James
1988 172 51 24 Fox
2058 170 68 33 (with
2148 181 61 15 some
2231 172 98 31 original
2458 182 13 15 a

1887 204 99 31 monody
2007 213 28 15 on
2055 205 38 24 his
2116 205 87 32 death,)
2223 205 143 24 contributed
2383 204 31 36 %
2414 228 6 5 T

1889 236 78 25 widow
1976 235 26 34 (a
2009 238 52 31 lady
2072 246 52 17 now
2133 239 25 24 in
2169 239 39 24 her
2214 238 65 30 ,96th
2290 237 74 32 year,)
2372 238 99 32 through

1887 270 61 24 Mrs.
1960 270 113 32 Buckley,
2082 271 109 32 formerly
2197 273 26 23 of
2232 271 239 30 Mosley-street,and

1886 310 52 16 now
1949 303 26 24 of
1984 304 119 30 Chertsey.
2105 316 34 5 —
2139 303 148 25 Manchester
2300 303 123 25 Guardian.

1920 336 53 24 The
1986 336 92 31 Weekly
2085 336 116 32 Dispatch
2212 337 25 24 of
2246 336 120 32 February
2376 337 40 29 27,
2428 337 44 24 has

1887 377 13 15 a
1910 369 139 31 lengthened
2059 369 80 24 article
2151 377 30 16 on
2193 378 13 17 a
2217 377 114 17 massacre
2341 369 73 26 which
2424 370 48 25 had

1887 403 108 23 occurred
2005 403 25 23 in
2046 402 104 25 Jamaica
2160 410 30 17 on
2206 402 192 32 Christmas-day,
2416 403 54 25 last.

1887 434 24 24 It
1922 435 76 24 would
2014 443 84 24 appear
2108 436 51 24 that
2169 444 14 15 a
2197 435 59 25 kind
2263 436 28 23 of
2304 435 90 24 festival
2404 435 68 25 takes

1886 468 64 31 place
1962 469 24 23 in
1995 469 109 29 Jaraacia,
2115 477 26 15 as
2152 470 24 23 in
2188 470 63 23 other
2262 469 115 24 countries
2388 476 29 16 on
2424 469 48 24 this

1885 501 56 31 holy
1952 501 50 31 day,
2022 502 84 31 during
2115 502 73 24 which
2199 503 39 24 the
2255 501 70 24 lower
2335 501 76 24 orders
2432 510 40 16 are

1887 534 108 31 indulged
2009 535 55 23 with
2075 543 14 15 a
2107 535 80 32 degree
2198 536 25 23 of
2238 534 84 31 liberty
2339 536 133 31 amounting

1886 571 22 19 to
1920 567 184 24 licentiousness.
2139 569 40 23 An
2191 572 96 27 attempt
2306 576 47 15 was
2364 568 64 23 made
2440 568 32 31 by

1887 600 38 23 the
1936 600 73 31 police
2026 605 22 19 to
2060 608 110 25 suppress
2181 610 23 15 or
2222 602 59 30 keep
2293 600 80 24 within
2383 601 101 23 bounds*

1885 632 39 24 the
1941 633 109 32 tendency
2061 638 24 19 to
2105 638 100 27 outrage,
2222 635 74 30 rapin,
2316 634 43 23 and
2371 634 99 30 murder,

1887 666 73 23 which
1978 667 62 23 these
2064 666 189 25 demonstrations
2272 675 81 15 sooner
2371 675 25 15 or
2413 668 59 23 later

1886 699 85 32 always
1989 700 50 24 lead
2057 704 32 20 to.
2126 700 24 24 A
2169 708 53 24 very
2238 700 88 24 serious
2343 700 129 24 misunder-

1886 734 108 30 standing
2004 741 96 23 appears
2118 737 23 20 to
2155 734 56 23 have
2222 734 76 23 arisen
2315 734 98 24 between
2432 733 40 24 the

1887 765 60 24 Civil
1958 767 45 23 and
2015 767 80 23 Police
2108 766 155 32 Magistrates,
2280 765 45 24 and
2336 766 24 23 in
2371 765 37 25 the
2419 766 53 31 fray

1886 798 74 24 which
1983 799 85 24 ensued
2089 800 101 23 between
2211 799 39 24 the
2271 799 74 31 police
2368 799 43 24 and
2432 800 38 23 the

1885 832 89 31 people,
1994 832 52 32 they
2066 832 40 25 did
2124 838 40 19 not
2183 837 36 19 act
2239 832 24 23 in
2286 832 90 24 unison.
2420 831 53 25 The

1884 864 74 32 police
1976 866 127 31 ultimately
2113 866 58 24 fired
2187 872 62 26 upon
2259 864 40 24 the
2318 865 88 31 people,
2426 865 47 24 and

1886 898 88 24 several
1992 899 55 23 lives
2058 906 61 16 were
2129 899 52 29 lost,
2200 899 51 23 who
2263 906 26 16 as
2306 899 67 23 usual
2389 898 84 24 turned

1887 935 40 19 out
1938 935 41 19 not
1997 931 37 24 the
2045 932 83 23 rioters
2146 932 39 23 but
2204 933 109 22 innocent
2329 931 143 30 lookers-on,

1887 964 38 23 the
1945 964 71 24 whole
2034 964 65 24 affair
2117 966 21 22 is
2155 965 30 31 by
2199 965 47 23 this
2265 965 55 23 time
2337 964 76 24 before
2432 964 40 24 the

1887 997 90 24 British
1987 998 150 24 Parliament.

1931 1030 123 25 Opening
2084 1038 32 18 of
2146 1038 49 17 the
2225 1030 161 25 Edinburgh
2414 1038 56 17 and

1887 1063 129 25 Glasgow
2025 1064 137 25 Railway.
2165 1077 31 5 —
2197 1064 57 25 This
2264 1065 123 30 important
2393 1071 79 16 means

1885 1097 26 23 of
1931 1099 190 22 communication
2143 1106 45 16 was
2207 1097 87 32 opened
2317 1105 28 15 on
2368 1096 104 33 Monday

1886 1130 120 32 February
2024 1133 21 27 7,
2054 1131 41 24 the
2109 1131 59 31 daily
2178 1132 61 23 trafic
2247 1134 64 20 must
2319 1131 27 22 be
2352 1131 120 29 immense,

1886 1163 38 23 the
1939 1171 136 24 passengers
2087 1165 122 31 averaging
2219 1164 115 31 regularly
2348 1166 63 22 1000
2429 1171 41 24 per

1886 1196 52 30 day.
1975 1197 138 31 Edinburgh
2131 1198 44 23 and
2186 1198 117 30 Glasgow,
2319 1204 52 24 may
2381 1204 51 16 now
2444 1197 28 24 be

1887 1230 132 24 considered
2030 1237 41 16 one
2081 1236 66 25 great
2159 1231 59 31 City.

1919 1262 80 25 Bank
2011 1270 29 17 of
2050 1263 139 24 England.
2191 1277 34 3 —
2225 1262 52 25 The
2286 1263 118 23 Directors
2412 1263 60 24 have

1885 1295 99 24 reduced
1991 1295 3 4 '
2004 1296 58 24 their
2082 1301 49 19 rate
2142 1297 26 23 of
2181 1298 95 22 interest
2288 1303 29 16 on
2334 1296 65 23 loans
2419 1304 26 16 as
2456 1305 14 15 a

1886 1336 67 16 mean
1966 1329 25 23 of
1999 1334 93 26 present
2102 1329 67 24 relief
2180 1334 22 19 to
2215 1329 71 24 trade.
2322 1328 51 24 The
2383 1329 89 24 follow-

1886 1362 40 30 ing
1938 1363 74 22 notice
2021 1370 46 16 was
2076 1362 120 32 published
2206 1363 31 31 by
2244 1362 40 23 the
2296 1362 68 24 Bank
2375 1362 98 24 Parlour

1886 1402 29 16 on
1927 1395 120 31 Thursday
2098 1396 50 23 The
2161 1396 118 24 Governor
2296 1395 45 24 and
2353 1395 119 31 Company

1887 1428 23 23 of
1920 1428 40 24 the
1971 1428 68 24 Bank
2051 1428 28 24 of
2093 1429 107 32 England
2210 1436 37 16 are
2261 1429 77 30 ready,
2351 1429 57 23 until
2420 1428 49 24 fur-

1887 1461 51 24 ther
1950 1463 79 28 notice,
2049 1466 24 19 to
2091 1463 86 23 receive
2194 1461 150 33 applications
2355 1461 35 24 for
2406 1462 66 24 loans

1887 1502 62 23 upon
1969 1496 38 23 the
2027 1495 89 31 deposit
2134 1496 25 24 of
2172 1495 112 32 approved
2303 1494 59 25 Bills
2378 1494 24 24 of
2419 1494 53 25 Ex-

1886 1528 95 31 change,
2000 1533 39 19 not
2049 1528 87 31 having
2154 1537 60 16 more
2226 1527 56 25 than
2293 1529 37 23 six
2346 1528 92 24 months
2450 1533 23 19 to

1886 1569 51 21 run,
1951 1561 138 32 Exchequer
2099 1562 68 30 Bills,
2179 1562 44 24 and
2232 1560 67 25 India
2310 1561 78 24 Bonds
2395 1569 5 21 ;
2414 1562 59 23 such

1885 1594 65 24 loans
1962 1599 23 19 to
1997 1595 27 23 be
2031 1595 79 31 repaid
2122 1603 30 16 on
2164 1603 22 16 or
2198 1594 77 25 before
2288 1594 38 24 the
2338 1594 57 24 20th
2402 1594 71 31 April

1886 1632 64 25 next,
1963 1628 54 23 with
2027 1629 104 29 interest,
2152 1633 22 19 at
2183 1629 38 23 the
2233 1632 49 19 rate
2292 1628 25 23 of
2332 1629 17 22 4
2359 1635 40 24 per
2411 1632 61 20 cent,

1884 1668 42 24 per
1936 1669 91 20 annum,
2045 1661 47 24 and
2110 1665 23 20 to
2150 1663 28 23 be
2192 1662 36 24 for
2247 1668 66 16 sums
2324 1660 26 24 of
2364 1665 40 19 not
2423 1661 47 24 less

1886 1694 58 23 than
1956 1695 96 29 £2,000

1905 1750 60 25 MR.
1984 1752 169 24 KETTLE'S
2178 1750 165 26 JOURNEY
2367 1751 82 25 INTO

2040 1785 75 20 THE
2134 1785 181 20 INTERIOR.

2026 1819 126 25 '[Continued
2153 1819 59 23 from
2222 1823 39 14 our
2277 1819 55 24 last.']

50 149 38 24 £2
99 145 115 28 469,000.
274 139 25 24 A
318 139 90 24 further
429 139 110 31 probable
560 139 76 32 outlay

127 178 27 22 be
165 173 106 34 provided
282 172 35 24 for
327 173 26 23 in
364 177 89 27 respect
468 172 26 24 of
504 172 38 24 the
554 180 46 16 war
610 173 26 23 in

50 213 75 23 China
132 219 7 19 ;
162 205 124 31 something
307 209 61 20 must
391 205 26 24 be
436 205 65 24 made
513 203 67 33 *gocd
588 205 48 30 for

48 241 128 28 Australia,
194 238 45 25 and
256 238 130 31 something
401 239 25 23 in
438 238 94 24 Canada
540 247 7 20 ;
567 238 45 23 and
622 246 14 16 a

50 273 153 28 considerable
223 271 100 24 addition
342 276 64 20 must
424 272 28 23 be
469 272 68 23 made
557 276 22 18 to
598 271 38 23 the

50 316 63 23 army
132 307 123 27 estimates,
276 312 28 17 on
323 309 97 20 account
440 305 24 24 of
484 304 40 25 the
545 312 46 15 war
610 305 26 22 in

267 338 42 24 Sir
320 337 90 25 Robert
421 338 54 24 then
492 337 92 32 pointed
596 341 40 20 out

48 384 14 16 a
84 374 86 29 variety
191 372 26 23 of
235 379 62 23 ways
306 372 39 22 -in
370 370 74 25 which
467 370 39 24 the
528 370 108 24 financial

48 407 100 25 schemes
165 404 26 24 of
204 404 37 24 the
259 404 45 24 late
325 403 158 25 Government
500 403 46 25 had
557 403 76 29 failed,

48 440 44 25 and
108 437 104 25 declared
229 437 51 24 that
290 436 29 25 he
332 437 66 24 could
409 445 38 16 see
459 445 31 16 no
501 437 74 24 better
586 444 49 24 way

47 474 23 23 of
78 472 101 30 meeting
189 471 39 23 the
240 471 103 30 growing
354 470 123 31 deficiency
490 470 57 24 than
558 470 30 31 by
605 477 30 16 an

47 508 88 22 income
146 509 49 19 tax.
234 503 38 24 He
284 504 48 23 said
341 512 6 15 :
349 516 34 4 —

161 536 75 24 would
253 544 105 25 propose,
376 537 36 23 for
430 544 14 16 a
462 536 81 32 period
560 540 22 19 to
604 536 30 23 be

47 570 94 30 limited,
154 577 30 17 on
196 570 155 29 Income-tax,
363 570 26 23 of
403 574 40 19 not
452 577 65 16 more
528 569 55 23 than
593 569 39 26 7d.

47 606 22 23 in
80 604 39 24 the
130 603 84 32 pound,
227 610 27 16 or
273 603 69 23 about
357 603 63 23 three
436 610 40 23 per
495 606 60 19 cent,
574 602 59 24 from

47 637 73 24 which
142 637 30 23 he
188 636 76 23 would
283 640 95 27 exempt
392 636 30 23 all
440 637 102 22 incomes
561 635 73 23 under

46 671 79 28 £150,
145 670 44 23 and
207 670 25 22 in
250 669 74 23 which
341 670 29 22 he
388 668 74 24 would
480 668 92 24 include
594 673 41 19 not

48 703 53 31 only
111 702 89 24 landed.
204 703 42 22 but
257 701 90 24 funded-
357 706 115 27 property,
494 701 100 24 whether
609 703 25 22 in

47 737 38 23 the
96 736 73 24 hands
180 736 26 22 of
214 734 88 24 British
313 735 101 31 subjects
421 742 25 16 or
457 734 27 24 of
498 734 135 31 foreigners.

48 770 39 24 He
99 769 118 24 estimated
229 768 38 23 the
283 767 127 24 assessable
428 767 79 31 yearly
527 767 65 24 value
612 768 23 23 of

46 803 39 26 the
112 802 60 27 land,
187 806 25 19 at
231 802 182 28 £39,400,000,
441 801 27 23 of
499 800 84 25 houses
611 805 24 19 at

45 837 182 27 £25,000,000,
248 835 25 23 of
293 835 77 29 tithes,
391 835 78 23 shares
487 835 26 23 in
530 835 104 31 railways

45 868 46 24 and
110 870 82 28 mines,
215 868 45 23 and
282 868 64 23 other
369 868 86 23 similar
473 872 116 27 property,
610 872 25 19 at

45 903 173 28 £8,400,000;
242 901 64 30 total,
329 901 183 29 £72,800,000.
563 901 71 24 From

46 935 47 23 this
104 935 30 23 he
144 934 75 24 would
231 934 81 24 deduct
326 934 132 24 one-fourth
477 934 37 23 for
534 934 38 23 the
592 941 41 16 ex-

45 969 104 31 emption
157 986 4 5 .
167 967 74 24 which
258 967 29 24 he
305 967 111 31 proposed
438 971 23 20 to
486 968 53 29 give
558 971 21 19 to
602 967 31 23 all

45 1002 102 23 incomes
158 1001 73 23 under
241 1001 78 28 £150,
341 1000 44 23 and
402 1000 55 23 then
474 999 40 24 the
530 1004 39 19 tax
579 999 54 24 thus

45 1033 35 24 far
107 1033 75 25 would
210 1034 51 30 give
288 1033 48 23 him
363 1033 166 28 £1,600,000.
581 1031 52 24 The

45 1066 117 31 occupiers
173 1066 26 23 of
211 1066 53 23 land
274 1063 115 33 (assessed
401 1070 24 18 at
434 1065 52 24 half
501 1065 57 23 their
570 1064 62 32 rent)

44 1099 74 24 would
130 1099 59 31 yield
200 1099 149 28 £120,000.-
363 1117 4 3 .
387 1098 63 23 Next
457 1106 73 19 .came
548 1098 83 24 funded

43 1136 115 28 property.
195 1131 50 24 The
262 1131 106 24 dividend
388 1131 52 31 paid
457 1132 26 22 in
504 1132 62 23 1841
586 1138 45 16 was

44 1167 182 26 £29,400,000,
244 1164 58 24 from
320 1164 74 24 which
412 1164 28 24 he
459 1164 77 24 would
551 1164 82 24 deduct

43 1200 157 28 £1,000,000
214 1198 23 23 in
248 1202 89 27 respect
348 1197 25 24 of
388 1197 38 24 the
435 1198 93 31 savings
539 1197 75 24 bauks
623 1207 6 19 ;

44 1232 41 24 but
107 1232 29 23 he
155 1235 64 21 must
236 1231 49 28 add,
302 1239 63 22 upon
382 1231 68 28 bank,
467 1231 98 30 foreign,
587 1231 45 23 and

43 1265 68 23 other
124 1264 86 29 stocks,
222 1265 164 28 £2,500,000,
398 1264 97 30 making
513 1272 14 15 a
542 1264 55 23 total
609 1265 26 22 of

44 1298 84 23 almost
142 1298 183 28 £30,000.000,
345 1298 58 22 from
421 1297 75 23 which
511 1298 29 22 he
558 1298 74 22 would

44 1331 84 24 deduct
137 1331 132 22 one-fourth
279 1329 35 24 for
327 1329 38 24 the
376 1331 88 23 income
476 1330 73 23 under
560 1331 71 23 £150

44 1372 16 16 a
70 1371 55 24 year
133 1372 6 21 ;
158 1364 43 22 and
224 1363 54 23 then
296 1363 39 23 the
351 1363 107 31 proceeds
478 1363 26 23 of
523 1363 45 23 this
591 1367 41 20 tax

44 1397 74 23 would
130 1397 28 23 be
168 1397 139 29 £646,000.
344 1396 40 23 He
396 1404 49 15 now
456 1397 90 23 arrived
558 1401 23 19 at
591 1397 40 23 the

45 1431 102 23 incomes
158 1430 26 22 of
194 1430 37 22 the
239 1429 73 24 trades
321 1430 44 22 and
372 1430 148 30 professions,
530 1437 14 15 a
551 1434 51 27 part
608 1430 27 23 of

43 1463 39 24 the
94 1463 88 31 subject
194 1463 105 23 attended
309 1462 56 24 with
377 1467 64 26 great
455 1463 126 31 difficulty;
592 1463 39 24 the

45 1496 99 32 produce
167 1496 29 23 he
219 1496 108 31 expected
344 1496 59 23 from
423 1496 45 23 this
489 1503 79 16 source
584 1503 47 16 was

44 1531 165 28 £1,250,000.
230 1529 70 23 From
304 1529 38 23 the
348 1530 87 22 income
442 1529 25 24 of
471 1529 78 31 public
555 1529 76 24 offices

46 1563 29 23 he
83 1562 125 24 calculated
218 1570 62 24 upon
287 1565 115 26 150,000.
410 1562 38 24 the
460 1562 57 24 total
523 1562 74 24 would
602 1562 29 24 be

44 1597 165 28 £3,771,000.
255 1595 66 24 With
339 1600 89 26 respect
437 1600 24 20 to
473 1595 39 24 the
528 1595 103 25 duration

45 1629 26 24 of
86 1629 46 23 this
149 1630 92 30 impost,
259 1628 39 26 the
309 1629 58 27 view,
377 1630 30 26 of.
419 1628 156 25 Government
585 1636 46 17 was

45 1662 50 24 that
106 1663 19 23 it
134 1662 74 31 might
219 1662 111 31 probably
341 1663 88 30 require
438 1666 24 20 to
474 1661 28 25 be
511 1663 121 23 continued

45 1695 36 24 for
102 1696 45 23 five
167 1703 80 23 years;
266 1695 78 24 unless
365 1696 26 22 in
414 1703 50 16 case
488 1696 26 23 of
540 1695 56 24 such
618 1704 15 15 a

44 1728 86 24 revival
148 1728 24 24 of
194 1728 142 24 commercial
356 1729 138 31 prosperity,
516 1728 59 24 from
593 1729 38 23 the

45 1761 65 24 other
131 1769 116 16 measures
257 1761 73 24 which
341 1762 29 23 he
382 1769 45 16 was
447 1762 71 23 about
536 1766 22 19 to
575 1770 56 23 pro-

45 1802 63 25 pose,
121 1802 25 16 as
157 1795 74 30 might
246 1794 81 24 induce
337 1795 137 32 parliament
494 1799 22 20 to
528 1795 53 23 take
593 1795 39 24 the

46 1828 145 31 Opportunity
201 1828 28 23 of
242 1828 108 31 revising-
358 1828 40 24 the
417 1828 89 32 subject
516 1837 6 20 ;
542 1828 41 24 but
602 1829 29 23 he

45 1861 82 28 would,
139 1861 24 23 in
179 1861 38 23 the
234 1861 50 23 first
302 1862 108 28 instance,
428 1869 99 24 propose
545 1870 14 15 a
577 1869 54 16 con-

45 1894 106 23 tinuance
162 1894 35 23 for
207 1894 62 23 three
278 1901 68 24 years

78 1927 30 23 In
121 1927 98 29 Ireland,
232 1926 29 25 he
278 1927 112 32 proposed
407 1932 23 19 to
442 1928 60 24 raise
521 1927 38 25 the
575 1927 57 32 duty

44 1967 31 16 on
86 1960 77 31 spirits
176 1968 41 15 one
229 1960 94 32 shilling
334 1968 13 15 a
353 1960 83 32 gallon,
445 1960 47 25 and
499 1966 22 18 to
529 1961 102 31 equalize

43 1992 38 24 the
93 1997 73 26 stamp
179 1993 60 30 duty,
245 1993 54 23 with
313 1994 40 26 the,
361 1994 101 31 English
471 1994 83 24 duties.
591 1994 40 24 He

43 2025 40 24 did
94 2030 38 19 not
147 2033 75 16 mean-
230 2030 22 19 to
270 2034 97 23 propose
386 2027 38 22 the
441 2028 91 21 income
550 2032 40 18 tax
606 2028 24 22 in

45 2056 92 26 Ireland
147 2058 78 24 unless
236 2058 63 24 there
318 2058 82 24 should
410 2060 28 22 be
455 2067 16 15 a
482 2067 54 20 war,
549 2065 82 26 except

43 2091 24 23 in
87 2091 38 23 the
136 2099 52 16 case
206 2091 26 23 of
244 2091 126 30 absentees,
382 2092 57 29 who,
457 2092 31 23 he
508 2093 121 31 proposed,

45 2124 80 24 should
143 2132 44 23 pay
198 2124 27 24 it.
261 2124 40 24 He
306 2134 5 3 *
318 2124 48 24 also
385 2125 114 31 proposed
517 2133 15 15 a
549 2130 40 18 tax
608 2127 25 22 of

43 2157 52 24 four
113 2157 105 31 shillings
238 2166 14 15 a
269 2161 40 20 ton
325 2166 30 15 on
375 2157 30 24 all
428 2158 62 23 coals
513 2159 116 31 exported.

45 2190 50 24 The
111 2195 93 19 amount
222 2190 59 24 from
302 2190 31 24 all
351 2190 65 24 these
429 2199 94 16 sources
535 2192 27 23 he
575 2193 55 23 esti-

44 2223 77 24 mated
132 2228 24 20 at
174 2225 164 28 £4,380,000,
353 2223 73 25 which
444 2225 76 23 would
536 2224 63 25 leave
617 2234 15 15 a

45 2257 99 31 surplus,
161 2256 75 25 which
252 2257 29 23 he
299 2258 113 31 proposed
428 2261 24 21 to
471 2258 68 31 apply
553 2259 24 22 in
593 2267 37 15 re-

43 2289 80 32 laxing
134 2290 38 24 the
184 2291 142 23 commercial
337 2291 68 24 tariff.
441 2292 42 25 He
494 2291 45 24 laid
551 2300 30 15 on
591 2292 39 23 the

45 2323 60 24 table
121 2331 30 16 an
168 2323 108 24 amended
295 2324 68 28 tariff,
382 2324 26 24 in
424 2324 80 24 which
519 2326 20 22 it
556 2325 74 23 would

44 2355 29 24 be
84 2364 55 16 seen
150 2356 37 24 the
199 2357 72 23 duties
283 2365 31 15 on
334 2357 49 26 750
401 2358 91 23 articles
510 2358 45 24 had
571 2359 59 23 been

44 2389 104 29 reduced,
167 2390 44 23 and
229 2398 30 16 on
276 2392 51 22 450
342 2390 48 24 left-
405 2390 137 30 untouched,
579 2392 51 23 The

44 2422 139 24 discussions
194 2430 29 16 on
234 2423 64 24 these
308 2424 123 31 important
438 2425 117 31 questions
567 2432 62 17 com-

44 2456 95 24 menced
152 2463 30 17 on
198 2456 39 24 the
255 2457 96 31 evening
368 2458 26 23 of
411 2457 119 32 February
551 2458 57 24 18th
621 2467 6 21 ;

43 2489 42 23 but
105 2497 25 15 as
149 2497 40 16 our
206 2497 69 24 paper
295 2490 26 23 of
336 2490 39 24 the
395 2490 57 25 19th
469 2491 22 23 is
509 2499 14 15 a
540 2490 91 25 Bristol

44 2521 100 31 Mirror,
156 2530 33 17 we
201 2530 38 17 are
250 2523 82 24 unable
351 2528 23 19 to
393 2524 50 30 give
462 2524 40 24 the
518 2524 71 24 result
607 2529 23 19 at

44 2555 63 32 eight
125 2555 89 24 o'clock
236 2564 28 16 on
287 2556 38 24 the
344 2558 96 31 evening
459 2557 26 24 of
504 2557 38 24 the
562 2557 64 30 18th,

43 2589 73 29 when,
136 2589 121 31 according
273 2593 23 20 to
315 2589 38 24 the
370 2589 114 25 Mirror's
495 2599 134 24 correspon-

44 2621 61 30 dent,
118 2622 48 24 Mr.
180 2623 93 31 Baring,
286 2623 39 23 the
344 2623 137 25 Melbourne
494 2624 135 24 Chancellor

42 2655 27 23 of
75 2655 38 23 the
124 2655 143 31 Exchequer,
277 2663 46 16 was
332 2656 133 33 explaining
473 2657 38 25 the
522 2658 106 24 financial

43 2688 104 24 schemes
158 2689 26 23 of
191 2689 36 23 his
238 2689 44 23 late
294 2690 135 32 coadjutors.

78 2721 32 23 In
120 2721 38 24 the
178 2722 81 24 House
276 2723 26 23 of
318 2723 82 29 Lords,
415 2724 66 23 Lord
497 2724 132 32 Brougham

42 2754 82 23 moved
135 2763 15 15 a
157 2756 71 22 series
239 2755 25 23 of
271 2756 144 29 resolutions,
428 2754 40 26 the
478 2757 121 24 substance
607 2758 26 24 of

43 2786 75 24 which
129 2795 54 20 was,
195 2787 57 29 that,
264 2789 24 22 in
299 2789 54 22 time
365 2789 25 23 of
405 2797 78 23 peace,
501 2797 29 16 an
541 2791 88 24 income

41 2823 43 20 tax
94 2827 46 16 was
151 2820 156 31 inexpedient.-
340 2821 48 23 His
406 2822 115 31 Lordship
533 2823 65 23 made
616 2832 14 15 a

43 2851 106 32 splendid
160 2853 90 30 speech,
262 2853 37 24 the
311 2858 77 26 report
398 2854 25 23 of
431 2855 77 23 which
518 2856 111 24 extended

41 2889 25 19 to
77 2885 105 31 upwards
193 2885 26 24 of
228 2894 13 15 a
252 2893 57 24 page
320 2886 26 24 in
362 2886 39 24 the
412 2888 107 31 morning
530 2896 82 24 papers
621 2898 6 21 ;

41 2918 51 29 but,
105 2919 58 30 af)|er
178 2926 14 16 a
208 2918 63 24 short
288 2919 65 31 reply
365 2919 29 31 by
407 2919 64 24 Lord
487 2921 85 31 Ripon,
591 2923 38 23 the

41 2952 107 30 question
158 2959 47 16 was
214 2952 119 30 negatived
344 2953 93 24 without
448 2962 16 15 a
476 2954 105 24 division.

75 2985 59 23 This
147 2986 140 30 proposition
298 2992 45 16 was
354 2987 101 30 exciting
473 2987 38 24 the
523 2992 58 19 most
593 2989 36 23 in-

40 3022 66 19 tense
116 3018 97 24 interest
220 3018 139 32 throughout
371 3018 109 32 England
488 3029 7 21 ;
511 3020 37 25 the
556 3021 73 23 Times

41 3058 47 16 was
101 3051 113 32 opposing
224 3052 19 22 it
254 3055 59 20 most
324 3053 154 30 strenuously.

76 3084 52 24 The
148 3084 84 24 second
253 3084 94 32 reading
369 3086 25 23 of
414 3086 41 24 the
474 3086 156 25 Government

42 3117 65 24 Corn
117 3117 58 25 Law
186 3117 55 30 Bill,
253 3125 46 16 was
311 3118 85 24 carried
405 3119 44 31 by.
454 3127 15 16 a
486 3119 106 32 majority
607 3121 25 23 of

41 3152 52 23 284
111 3154 24 21 to
159 3151 58 26 176.
250 3150 44 25 .In
311 3151 104 32 replying
432 3156 25 19 to
479 3153 39 23 the
539 3154 90 24 various

42 3184 125 32 objections
185 3184 74 24 which
275 3184 46 24 had
337 3185 56 23 been
405 3185 66 24 made
483 3189 23 20 to
515 3185 45 25 this
572 3186 56 30 Bill,

43 3217 38 24 Sir
100 3217 89 24 Robert
204 3217 57 24 Peel
275 3217 58 29 said,
413 3218 40 24 did
468 3223 41 19 not
529 3224 60 19 want
605 3225 24 19 to

41 3249 68 33 bring
128 3250 98 25 forward
243 3259 14 16 a
277 3258 106 16 measure
401 3252 147 32 enunciating
565 3260 64 17 some

41 3284 93 29 general
150 3284 131 32 principles,
299 3284 52 30 and,
375 3284 58 24 after
455 3285 113 32 spending
589 3286 40 24 the

41 3318 89 23 session
148 3319 25 22 in
184 3317 135 30 discussion,
330 3317 57 28 find,
394 3317 87 32 myself
494 3319 25 23 in
536 3319 93 31 August

40 3351 132 31 practically
182 3351 74 24 where
267 3351 15 24 I
290 3359 47 16 was
353 3352 25 23 in
393 3351 102 31 January
513 3353 114 29 previous.

43 3382 15 24 I
69 3384 85 24 wished
165 3388 23 20 to
202 3392 97 24 propose
317 3392 14 16 a
348 3392 104 16 measure
470 3385 74 23 which
561 3385 65 25 there

41 3417 76 23 would
127 3417 29 24 be
167 3425 13 16 a
190 3423 104 26 prospect
304 3418 24 23 of
336 3419 95 31 passing
440 3419 51 23 into
502 3426 15 15 a
526 3418 50 30 law,
589 3423 40 20 not

42 3450 80 30 giving
149 3450 113 24 universal
292 3451 149 30 satisfaction,
471 3451 37 25 for
535 3451 51 25 that
614 3451 15 25 I

42 3482 118 32 despaired
172 3483 29 29 of,
219 3483 41 24 but
275 3484 86 32 having
377 3485 39 24 the
434 3492 153 17 concurrence
605 3485 27 24 of

41 3515 40 24 the
99 3516 51 23 well
167 3515 113 32 thinking,
299 3519 105 29 rational,
422 3518 131 32 intelligent
572 3526 56 24 por-

41 3549 61 23 tions
113 3549 27 22 of
203 3551 138 31 community
351 3559 6 21 ;
370 3559 48 23 yes,
430 3552 47 23 and
488 3552 14 24 I
513 3551 57 24 have
581 3552 47 24 had

40 3581 20 24 it
71 3580 80 33 (much

41 3629 4 3 •
75 3615 39 24 In,
123 3614 40 24 the
181 3614 80 24 House
278 3615 26 23 of
325 3616 124 25 Commons
468 3626 29 16 on
515 3618 38 24 the
569 3618 59 27 I7th

41 3647 92 30 March,
145 3648 49 24 Mr.
208 3646 101 33 Lindsay
320 3650 80 23 moved
417 3650 52 24 that
486 3659 29 16 an
533 3652 94 24 address

40 3679 29 25 be
91 3679 123 33 presented
234 3685 23 19 to
276 3681 42 23 her
338 3682 100 32 Majesty
459 3685 97 31 praying
577 3685 51 24 that

42 3713 64 24 those
117 3714 85 31 parties
214 3714 49 23 who
271 3722 57 22 gave
339 3723 31 23 up
381 3716 76 31 opium
469 3725 61 24 upon
542 3718 39 24 the
588 3726 38 16 re-

42 3747 109 30 quisition
158 3747 24 23 of
194 3746 65 32 Capt.
269 3747 91 30 Elliott,
368 3749 73 31 might
447 3751 29 22 be
485 3752 143 23 reimbursed

42 3785 39 18 out
104 3780 26 23 of
146 3779 39 24 the
207 3787 81 24 money
310 3781 53 31 paid
384 3782 35 24 for
438 3782 40 24 the
495 3792 92 16 ransom
604 3785 25 24 of

43 3812 103 30 Cantou;
166 3812 39 24 the
222 3813 87 24 motion
331 3822 46 16 was
394 3815 53 30 lost,
474 3816 153 32 thirty-seven

40 3846 80 31 voting
127 3846 36 24 for
173 3846 19 24 it
202 3846 45 24 and
258 3846 159 32 eighty-seven
428 3850 92 29 against
530 3851 26 24 it.

74 3879 44 23 We
130 3886 42 17 can
181 3879 48 24 find
247 3887 29 15 no
287 3881 75 23 notice
375 3881 25 23 of
413 3881 41 25 the
471 3890 50 16 new
531 3883 48 25 Bill
589 3884 37 23 for

40 3911 46 24 this
99 3912 94 32 Colony,
212 3912 41 25 but
263 3912 65 26 Lord
340 3914 102 32 Stanley,
457 3915 26 24 in
494 3916 133 33 explaining

40 3944 50 27 that
100 3945 29 25 he
145 3945 46 27 had
205 3946 56 26 been
280 3946 125 33 compelled
417 3952 23 20 to
456 3952 112 28 postpone
586 3950 40 25 the

1919 1859 59 31 May
1990 1861 38 23 31.
2030 1872 35 4 —
2066 1861 89 23 Awoke
2167 1861 44 23 this
2228 1861 107 30 morning
2346 1861 44 23 and
2399 1861 74 25 found

1884 1893 19 22 it
1913 1900 47 15 was
1972 1894 90 30 raining
2073 1894 68 32 again
2152 1903 6 19 ;
2171 1893 12 24 I
2196 1894 140 23 determined
2345 1898 22 20 to
2375 1896 98 30 proceed

1885 1933 54 16 over
1951 1926 39 23 the
2001 1926 60 29 hills,
2075 1927 46 23 and
2132 1927 86 31 shortly
2226 1926 60 24 after
2296 1926 101 33 daylight
2409 1936 63 16 com-

1885 1959 96 23 menced
1992 1959 36 23 the
2040 1965 89 19 ascent.
2159 1960 38 24 On
2208 1960 102 31 arriving
2320 1964 24 19 at
2355 1961 37 23 the
2402 1962 71 23 lower

1884 1997 52 26 part
1948 1992 24 23 of
1987 1992 37 24 the
2036 1993 65 32 ridge
2113 2001 35 16 we
2159 1993 121 24 continued
2297 2001 29 15 on
2339 1998 23 20 to
2374 1994 38 24 the
2423 2000 49 27 top,

1885 2025 48 23 still
1952 2025 123 31 ascending
2092 2026 81 30 higher
2193 2026 89 32 peaks;
2308 2027 38 23 the
2373 2028 100 23 weather

1885 2058 68 30 being
1965 2065 25 16 so
2002 2063 43 19 wet
2056 2058 47 24 and
2113 2060 68 29 misty
2192 2066 34 16 we
2244 2058 68 24 could
2326 2067 43 20 see.
2373 2061 100 32 nothing

1884 2090 27 24 of
1925 2091 39 23 the
1985 2092 153 31 surrounding
2157 2096 102 26 country,
2272 2099 25 16 so
2309 2100 25 15 as
2346 2097 22 19 to
2379 2094 53 30 give
2443 2102 30 16 an

1884 2123 53 24 idea
1948 2124 27 23 of
1988 2124 38 23 the
2038 2124 53 24 best
2102 2133 77 15 course
2199 2126 36 22 for
2253 2132 29 16 us
2294 2129 23 19 to
2329 2126 61 24 take.
2427 2127 45 24 We

1884 2157 123 24 continued
2019 2157 35 24 till
2065 2158 80 31 nearly
2156 2166 60 16 noon
2233 2166 31 15 on
2282 2158 46 24 this
2339 2159 73 31 ridge,
2426 2161 48 24 still

1885 2190 80 31 rising,
1979 2191 35 23 till
2025 2198 33 16 we
2070 2199 59 15 were
2147 2196 23 19 at
2179 2200 15 15 a
2204 2195 66 28 great
2279 2191 87 32 height,
2371 2194 72 26 .when
2454 2195 20 23 it

1885 2223 93 25 became
1997 2224 91 24 evident
2099 2224 51 24 that
2167 2224 44 24 this
2223 2228 65 20 route
2299 2232 46 17 was
2356 2230 39 19 not
2406 2235 67 23 prac-

1885 2257 91 29 ticable,
1988 2265 24 16 so
2025 2258 13 23 I
2051 2257 141 25 determined
2200 2263 23 19 to
2232 2262 80 20 return
2320 2259 25 23 in
2353 2267 14 16 a
2375 2261 98 30 straight

1885 2297 80 17 course
1977 2295 22 19 to
2011 2290 39 24 the
2061 2291 68 24 Lake
2150 2291 23 23 of
2187 2291 142 32 Wairarapa,
2342 2293 43 23 and
2404 2301 40 16 see
2454 2294 20 24 if

1885 2322 14 25 I
1912 2323 66 24 could
1989 2324 103 24 discover
2103 2324 93 24 another
2206 2323 67 33 place
2287 2325 74 25 where
2373 2326 13 23 I
2396 2327 77 30 might

1885 2356 47 24 find
1944 2365 14 15 a
1976 2357 138 31 practicable
2131 2362 113 20 entrance.
2280 2357 45 25 We
2345 2359 127 25 descended

1885 2389 47 24 this
1943 2390 42 24 hill
1995 2390 73 25 which
2080 2398 47 17 was
2145 2399 52 23 very
2209 2394 73 28 steep,
2294 2392 59 24 until
2363 2400 33 16 we
2408 2401 64 17 came

1885 2427 23 19 to
1930 2431 13 15 a
1960 2424 100 31 running
2080 2424 65 32 gully
2159 2423 73 25 which
2249 2432 35 16 we
2301 2424 112 32 followed,
2433 2427 39 24 the

1885 2456 54 24 hills
1952 2465 28 15 on
1989 2456 72 25 either
2070 2457 49 24 side
2128 2458 67 31 being
2202 2457 80 32 nearly
2291 2459 180 31 perpendicular.

1885 2489 78 24 These
1975 2490 82 32 gullies
2078 2491 84 31 having
2178 2500 14 14 a
2203 2495 66 27 great
2287 2491 40 24 fall
2341 2492 82 25 render
2434 2494 38 25 the

1885 2523 121 31 travelling
2027 2524 148 31 exceedingly
2197 2524 136 31 dangerous,
2356 2533 32 16 we
2411 2535 59 17 were

1885 2555 91 32 obliged
1994 2562 22 18 to
2033 2557 53 32 leap
2106 2557 58 24 from
2180 2564 44 18 one
2242 2562 66 20 stone
2327 2562 24 20 to
2368 2560 102 30 another,

1885 2589 75 24 which
1972 2591 67 30 being
2058 2598 57 24 very
2126 2591 98 31 slippery
2242 2590 63 25 often
2316 2592 83 24 caused
2408 2601 29 16 us
2449 2599 23 18 to

1884 2622 42 24 fall
1938 2623 53 23 with
2011 2628 66 26 great
2093 2624 101 24 violence
2211 2624 50 24 into
2273 2623 39 25 the
2323 2630 76 20 water.
2408 2625 3 5 '
2434 2627 37 24 As

1884 2663 34 16 we
1931 2656 133 30 descended,
2077 2664 33 17 we
2127 2657 70 24 found
2214 2656 66 24 other
2296 2658 83 31 gullies
2389 2660 84 31 falling

1884 2689 50 24 into
1946 2689 54 30 this,
2011 2689 76 25 which
2105 2695 24 19 at
2147 2690 45 24 last
2207 2689 63 25 form,
2286 2699 15 15 a
2317 2692 155 25 considerable

1885 2727 93 20 stream.
2025 2723 59 24 This
2105 2723 118 25 afternoon
2244 2723 40 25 the
2306 2725 98 25 weather
2428 2727 44 23 im-

1884 2756 93 31 proved,
1997 2756 76 24 which
2091 2757 113 25 conduced
2223 2760 24 20 to
2265 2759 60 23 raise
2341 2766 40 16 our
2392 2760 81 31 spirits

1885 2797 14 15 a
1912 2789 66 30 little,
1997 2790 45 23 and
2052 2790 68 24 when
2132 2798 32 17 we
2174 2789 72 26 found
2266 2791 114 24 ourselves
2390 2801 81 16 re-en-

1885 2823 77 31 tering
1972 2823 37 23 the
2020 2822 76 33 valley
2107 2823 45 25 and
2166 2832 41 16 our
2219 2822 47 33 dog
2283 2824 104 32 catchiug
2398 2834 15 16 a
2422 2826 48 32 pig,

1884 2863 34 16 we
1934 2855 73 32 began
2018 2861 24 19 to
2053 2857 77 23 revive
2142 2856 156 32 exceedingly.
2333 2858 44 24 We
2387 2867 83 16 ascen-

1884 2888 45 24 ded
1946 2897 14 15 a
1978 2890 52 23 bare
2048 2889 44 25 hill
2117 2897 29 17 on
2164 2890 39 24 the
2223 2889 75 25 N.W.
2317 2891 49 23 side
2383 2892 27 24 of
2432 2893 40 23 the

1884 2923 82 31 valley,
1983 2926 23 20 to
2017 2923 114 23 ascertain
2143 2931 40 16 our
2192 2923 101 31 position
2302 2932 8 20 ;
2328 2923 15 24 I
2353 2924 72 25 found
2436 2933 34 16 we

1884 2963 59 15 were
1955 2956 67 23 about
2033 2961 46 18 two
2091 2955 64 25 miles
2171 2956 73 24 below
2262 2956 39 24 the
2315 2956 59 25 head
2390 2958 28 24 of
2432 2959 39 24 the

1883 2988 62 30 lake,
1957 2989 45 23 and
2012 2989 107 31 eighteen
2132 2989 58 24 from
2202 2988 38 25 the
2251 2989 73 24 beach
2336 2995 23 19 at
2370 2990 102 26 Palliser

1874 3021 2 25 I
1884 3022 59 30 Bay.
1979 3022 14 23 I
2004 3022 46 23 had
2061 3029 14 15 a
2085 3022 46 23 fine
2142 3023 55 22 view
2209 3020 25 24 of
2249 3022 40 24 the
2300 3023 67 25 Lake
2377 3024 93 25 Waira-

1883 3062 63 24 rapa,
1967 3054 74 24 which
2059 3054 14 24 I
2093 3055 48 23 will
2157 3054 102 25 describe
2277 3057 66 24 when
2363 3057 13 24 I
2393 3058 53 32 give
2458 3067 14 16 a

1883 3088 93 30 general
1995 3088 138 31 description
2150 3088 24 24 of
2188 3089 39 23 the
2239 3088 172 35 Ruaraahunga
2421 3091 49 25 val-

1883 3121 46 30 ley.
1973 3121 43 23 We
2039 3120 126 25 descended
2182 3120 45 25 and
2247 3124 124 32 encamped
2389 3126 27 23 in
2432 3124 39 25 the

1882 3154 61 23 bush
1959 3154 32 31 by
2005 3154 40 24 the
2066 3154 49 24 side
2133 3155 24 23 of
2170 3154 39 24 the
2228 3159 87 22 stream
2330 3157 77 24 which
2417 3157 53 25 falls

1882 3187 49 24 into
1951 3187 39 24 the
2006 3187 69 24 Lake
2084 3196 7 20 ;
2110 3188 20 23 it
2146 3187 78 26 rained
2245 3197 27 16 so
2292 3190 89 32 heavily
2402 3192 68 30 again

1882 3220 47 24 this
1941 3221 104 31 evening,
2057 3220 51 24 that
2118 3228 33 16 we
2161 3229 58 17 were
2238 3222 91 33 obliged
2341 3228 22 20 to
2374 3232 43 16 use
2428 3232 42 16 our

1882 3253 106 24 blankets
1998 3254 35 23 for
2053 3253 40 25 the
2113 3255 51 23 roof
2178 3255 26 24 of
2218 3255 40 25 the
2275 3256 49 24 hut.
2360 3257 44 24 We
2414 3265 54 23 par-

1882 3287 56 24 took
1950 3288 25 23 of
1990 3295 62 16 some
2063 3286 60 33 pork
2135 3288 43 24 and
2188 3288 52 25 cold
2247 3295 72 19 water
2329 3290 35 24 for
2375 3298 93 23 supper,

1881 3320 20 23 it
1912 3320 68 32 being
1992 3320 36 24 the
2040 3321 53 24 first
2103 3321 52 25 food
2164 3329 33 17 we
2208 3322 60 25 have
2279 3323 74 24 tasted
2361 3323 56 24 with
2429 3323 38 24 the

1882 3354 118 30 exception
2011 3354 27 23 of
2052 3359 44 19 two
2107 3359 101 26 potatoes
2218 3356 45 24 and
2273 3364 15 16 a
2297 3356 58 25 little
2366 3356 100 24 manuka

1880 3391 59 24 root,
1952 3388 60 22 since
2025 3387 97 31 Sunday
2135 3391 113 29 morning.

1915 3415 59 29 June
1988 3422 21 22 1.
2011 3432 35 5 —
2046 3420 24 24 E
2081 3421 57 25 Ahu
2153 3423 94 24 informs
2259 3430 37 16 me
2306 3422 49 24 that
2364 3421 31 24 he
2405 3426 61 20 went

1880 3460 55 16 over
1945 3454 48 24 into
2012 3453 40 25 the
2066 3454 63 25 Hutt
2145 3455 115 25 fronTthis
2277 3455 64 32 place
2352 3455 70 24 about
2433 3457 32 22 20

1880 3493 67 24 years
1961 3495 41 24 ago
2011 3496 7 21 ;
2038 3486 64 26 lam
2120 3488 102 25 resolved
2239 3493 24 19 to
2281 3493 36 26 try
2328 3488 45 24 this
2391 3493 74 25 route,

1880 3526 27 16 as
1918 3519 29 25 he
1967 3528 52 24 says
2039 3521 31 26 he
2089 3523 136 23 remembers
2246 3522 19 22 it
2282 3521 59 24 well.
2374 3521 38 24 As
2432 3529 33 16 we

1880 3558 63 19 must
1953 3553 202 39 have^provisions
2172 3560 24 19 to
2207 3562 30 23 go
2249 3561 30 16 on
2290 3554 62 30 with,
2364 3554 13 24 I
2389 3554 76 24 deter-

1880 3586 78 24 mined
1968 3591 74 33 notop
2053 3596 67 16 move
2130 3588 58 24 from
2203 3587 46 24 this
2261 3592 159 28 encampment
2429 3591 36 21 to-

1881 3618 50 32 day,
1944 3620 45 24 and
2004 3621 88 24 reveral
2111 3622 26 23 of
2149 3629 27 16 us
2194 3620 88 25 started
2299 3619 32 25 off
2346 3620 63 32 early
2419 3620 47 25 this

1879 3654 108 31 morning
1997 3654 55 24 with
2065 3662 41 16 our
2116 3662 58 24 guns
2193 3653 46 25 and
2259 3653 39 24 the
2309 3653 44 32 dog
2364 3658 23 18 to
2400 3654 66 24 catch,

1880 3686 60 32 pigs.
1975 3687 69 24 After
2055 3695 14 15 a
2079 3688 57 23 hard
2153 3687 63 32 day's
2226 3686 61 24 hunt
2298 3693 32 16 we
2341 3686 125 25 succeeded

1880 3720 24 22 in
1916 3720 105 32 catching
2030 3720 61 29 four,
2105 3719 60 25 three
2183 3719 27 25 of
2223 3719 75 24 which
2313 3726 59 17 were
2381 3728 16 16 a
2407 3719 59 25 tole-

1880 3752 62 25 rable
1955 3754 52 28 size,
2021 3754 40 23 the
2078 3754 75 25 fourth
2171 3752 53 31 only
2236 3760 14 15 a
2261 3752 115 32 suckling.
2414 3752 51 25 The

1880 3787 96 23 maories
1989 3786 46 24 also
2048 3786 72 24 killed
2135 3791 50 25 two,
2198 3793 25 16 so
2237 3785 49 24 that
2298 3793 31 17 we
2341 3786 59 32 hope
2411 3786 55 24 with

1880 3826 52 17 care
1942 3824 23 19 to
1977 3820 27 23 be
2015 3819 52 24 able
2079 3824 24 19 to
2112 3819 53 24 hold
2180 3822 39 21 out
2232 3819 34 23 for
2278 3819 38 24 the
2326 3824 48 19 rest
2385 3819 27 24 of
2426 3820 39 24 the

1876 3852 107 32 journey.
2017 3852 53 24 The
2080 3852 54 24 land
2143 3853 23 23 in
2176 3852 45 24 this
2237 3857 54 26 part
2301 3852 26 24 of
2341 3852 38 25 the
2391 3853 74 32 valley

1878 3886 21 23 is
1920 3885 94 24 covered
2030 3885 57 24 with
2104 3885 56 29 fern,
2172 3886 45 24 low
2235 3885 68 30 bush,
2321 3886 45 24 and
2384 3886 56 30 flax,
2452 3894 14 17 a

1878 3918 155 26 considerable
2061 3919 102 32 quantity
2185 3918 26 25 of
2237 3916 75 28 which
2337 3919 43 25 has
2407 3919 59 25 heen

1877 3951 80 25 burnt.

1277 141 22 19 to
1310 141 102 26 promote
1434 138 46 24 and
1501 146 104 24 preserve
1627 138 37 24 the
1691 138 66 24 home
1777 146 83 16 manu-

1276 170 94 24 facture.
1404 170 66 25 With
1489 179 55 23 very
1559 171 43 24 few
1620 172 130 31 exceptions
1771 171 33 23 all
1823 171 37 24 the

1277 203 147 23 constituents
1437 204 25 24 of
1477 203 144 25 Sunderland
1630 212 38 16 are
1679 205 25 22 in
1713 203 82 24 favour
1806 204 26 24 of
1848 213 12 15 a

1275 236 78 31 repeal
1363 236 25 23 of
1397 236 38 24 the
1445 242 93 25 present
1550 244 55 17 corn
1616 237 63 24 laws.

1386 276 31 17 of
1430 277 52 17 the
1495 270 91 24 Times.
1587 282 37 5 —
1624 269 23 24 It
1658 270 20 23 is
1689 277 14 16 a
1714 269 91 25 curious
1816 270 43 24 and

1276 301 100 32 striking
1397 302 47 24 fact
1460 303 74 24 which
1553 302 117 24 evidences
1688 303 55 31 deep
1755 302 104 31 distress,

1277 334 50 24 that
1336 334 75 24 whilst
1420 335 84 25 almost
1518 343 68 24 every
1598 336 66 30 thing
1673 336 21 22 is
1712 335 147 33 diminishing

1277 367 23 23 in
1307 367 72 29 value,
1392 368 63 24 there
1461 370 21 23 is
1491 377 42 16 one
1543 369 79 24 article
1631 369 72 23 which
1710 368 41 24 has
1761 369 98 31 actually

1276 400 86 32 greatly
1374 402 116 24 increased
1507 403 24 22 in
1543 402 74 28 value,
1636 402 44 23 and
1696 402 50 23 that
1757 402 21 23 is
1795 410 63 24 rags.

1276 433 55 24 And
1347 442 29 15 no
1388 435 64 23 other
1464 435 113 24 inference
1596 442 42 17 can
1658 435 28 24 be
1704 435 79 24 drawn
1800 435 59 24 from

1277 465 45 24 this
1344 467 45 23 fact
1414 468 56 24 than
1492 468 49 23 that
1565 468 39 23 the
1628 475 56 24 poor
1691 492 4 4 .
1705 468 89 31 people,
1822 470 37 22 in-

1277 499 64 23 stead
1351 500 25 24 of
1391 501 92 31 putting
1494 501 59 23 their
1571 509 53 22 rags
1637 509 29 16 on
1677 509 43 15 one
1736 501 57 29 side,
1814 502 45 23 and

1277 532 81 32 selling
1376 533 62 24 them
1452 543 26 15 as
1491 534 52 31 they
1554 534 58 23 used
1629 539 23 19 to
1663 534 36 29 do,
1719 543 38 15 are
1769 535 90 31 obliged

1275 572 52 16 now
1336 570 21 20 to
1365 574 58 16 wear
1431 567 63 24 them
1501 576 38 23 up.
1541 579 35 5 —
1576 565 149 26 Manchester
1732 567 125 25 Guardian.

1309 598 84 25 State
1420 607 31 17 of
1475 608 50 16 the
1555 600 120 24 Hosiery
1703 607 54 17 and
1786 601 72 24 Lace

1277 630 113 26 Trades.
1391 645 34 5 —
1426 633 23 24 It
1466 634 21 23 is
1504 633 88 32 painful
1612 638 23 19 to
1654 638 66 24 state,
1738 634 51 23 that
1805 639 53 19 not-

1276 664 160 33 withstanding
1456 666 40 24 the
1506 667 80 23 month
1596 668 26 22 of
1639 666 117 32 February
1767 667 42 23 has
1821 676 37 15 ar-

1276 697 70 30 rived,
1365 699 38 23 the
1414 699 96 25 demand
1520 699 36 25 for
1567 701 91 30 hosiery
1669 700 44 24 and
1728 701 48 23 lace
1787 701 72 31 goods

1276 731 19 23 is
1307 732 86 31 rapidly
1405 733 132 31 decreasing
1547 742 6 20 ;
1560 746 4 3 •
1576 734 69 31 shops
1656 734 48 23 that
1724 741 62 16 some
1804 734 55 24 time

1276 764 61 24 since
1349 765 42 23 had
1404 765 50 24 half
1469 767 152 31 employment
1636 774 50 16 now
1698 767 83 31 wholly
1792 767 66 24 stand

1277 797 53 29 still,
1349 798 75 24 whilst
1441 807 15 15 a
1471 799 63 24 fever
1553 800 35 23 for
1609 800 132 30 emigration
1758 801 101 30 prevails

1276 835 108 28 amongst-
1393 832 40 24 the
1443 840 77 23 young
1532 840 60 22 men,
1608 833 44 24 and
1669 833 19 23 it
1698 834 20 22 is
1734 833 54 31 only
1799 833 60 25 from

1277 863 37 24 the
1327 869 58 19 want
1393 866 26 22 of
1428 873 76 16 means
1516 870 23 19 to
1551 873 45 24 pay
1605 866 59 23 their
1673 874 98 24 passage
1781 866 49 24 that
1840 868 19 22 it

1275 897 20 23 is
1306 901 40 19 not
1357 898 100 31 general.
1492 898 29 24 In
1536 898 38 24 the
1586 899 69 23 midst
1667 900 25 22 of
1706 899 45 24 this
1763 900 95 24 distress

1275 937 32 16 we
1320 938 37 16 are
1369 939 64 23 sorry
1444 936 23 19 to
1484 936 59 19 state
1562 932 50 23 that
1623 932 38 23 the
1678 932 181 25 manufacturers

1276 963 25 23 of
1317 963 53 24 both
1387 964 57 24 hose
1463 965 43 23 and
1524 965 48 24 lace
1590 974 38 15 are
1647 965 138 32 continually
1795 974 64 16 com-

1275 996 73 31 pelled
1363 1001 23 19 to
1407 998 106 24 meditate
1530 999 130 24 reductions
1678 1000 25 23 in
1722 999 39 24 the
1774 1007 83 25 w^iges.

1275 1029 51 23 The
1343 1031 102 31 wrought
1466 1036 76 20 cotton
1562 1032 56 24 hose
1637 1032 73 24 hands
1727 1033 65 23 have'
1802 1033 56 23 sub-

1275 1063 80 24 mitted
1369 1064 81 23 almost
1467 1065 95 24 without
1573 1073 13 16 a
1604 1065 101 32 struggle
1722 1070 23 19 to
1764 1066 38 23 the
1822 1074 37 16 re-

1275 1095 91 25 duction
1383 1098 25 22 of
1428 1097 64 25 three
1509 1106 71 23 pence
1600 1106 41 23 per
1659 1099 71 23 dozen
1749 1107 31 16 on
1799 1099 60 24 their

1275 1136 81 24 wages.
1390 1131 107 24 Another
1507 1139 56 23 very
1572 1132 63 30 large
1653 1132 72 24 house
1735 1132 43 24 has
1790 1134 69 30 given

1273 1163 74 23 notice
1359 1163 25 23 of
1398 1164 30 23 its
1439 1164 112 24 intention
1569 1171 22 17 to
1603 1164 81 24 reduce
1701 1165 38 23 the
1750 1166 63 31 price
1824 1166 35 24 for

1273 1195 95 32 making
1379 1202 82 26 cut-up
1470 1198 91 30 hosery.
1562 1211 33 3 —
1595 1197 152 31 Nottingham
1757 1198 101 25 Review.

1310 1230 88 23 Hread
1410 1230 60 24 Tax
1487 1230 118 25 Repeal.
1607 1244 33 4 —
1640 1230 93 33 Among
1743 1231 40 24 the
1793 1232 66 23 land-

1273 1261 91 25 holders
1379 1263 25 24 in
1423 1264 78 23 favour
1521 1264 27 23 of
1564 1264 38 24 the
1623 1265 55 22 total
1696 1265 76 31 repeal
1784 1265 25 23 of
1822 1265 37 23 the

1275 1294 62 25 Corn
1348 1296 68 24 Laws
1432 1305 55 23 may
1497 1297 27 23 be
1544 1298 87 23 classed
1647 1297 37 24 the
1704 1297 64 24 Lord
1786 1298 73 24 Lieu-

1273 1332 79 20 tenant
1363 1329 24 23 of
1397 1330 220 31 Nottinghamshire,
1629 1330 37 24 the
1678 1331 58 24 Earl
1749 1331 26 23 of
1790 1331 69 24 Scar-

1273 1361 109 32 borough,
1395 1363 49 23 who
1453 1364 41 23 has
1506 1364 91 24 avowed
1608 1364 93 23 himself
1710 1365 24 23 in
1745 1365 80 23 favour
1837 1364 24 24 of

1273 1402 14 15 a
1296 1395 54 23 total
1362 1396 106 26 abolition
1476 1397 25 23 of
1508 1397 38 24 the
1557 1402 38 19 tax
1602 1405 60 23 upon
1670 1397 84 25 human
1762 1397 62 24 food.
1825 1410 36 4 —

1276 1426 91 33 Weekly
1378 1428 121 32 Dispatch,
1511 1430 119 31 February
1643 1430 39 24 27.

1308 1461 50 24 The
1369 1463 73 23 result
1452 1463 26 23 of
1491 1463 38 24 the
1541 1463 79 24 debate
1638 1464 25 23 in
1679 1464 39 23 the
1736 1463 83 24 House
1837 1465 24 24 of

1274 1493 130 32 Commons,
1433 1496 73 24 shews
1538 1496 49 24 that
1616 1497 47 24 Mr.
1690 1497 170 32 Christopher's

1272 1527 86 25 motion
1403 1529 49 24 that
1471 1530 38 23 the
1529 1531 125 23 maximum
1676 1531 55 31 duty
1752 1538 31 16 on
1805 1539 55 16 corn

1273 1560 80 25 should
1364 1562 28 23 be
1404 1565 36 21 ss.
1460 1562 80 32 higher
1551 1564 54 23 than
1619 1564 37 22 the
1667 1565 124 23 maximum
1804 1564 55 31 duty

1272 1595 111 30 proposed
1391 1595 31 31 by
1430 1596 163 30 Government,
1603 1597 96 31 namely,
1710 1597 48 23 that
1769 1602 24 19 at
1804 1600 54 22 50s.

1272 1627 45 24 and
1337 1628 70 25 under
1424 1631 63 28 515.,
1502 1630 39 24 the
1564 1630 56 31 duty
1638 1630 82 24 should
1740 1631 30 23 be
1793 1633 64 28 255.,

1271 1661 119 32 gradually
1406 1663 133 31 decreasing
1555 1664 61 23 until
1633 1668 24 19 at
1675 1665 52 25 735.
1746 1663 39 24 the
1803 1664 56 31 duty

1273 1694 81 25 should
1365 1694 28 25 be
1480 1704 45 16 was
1537 1696 44 24 lost
1593 1697 30 31 by
1633 1705 13 15 a
1657 1696 106 32 majority
1775 1698 24 23 of
1810 1700 49 22 306

1272 1731 24 20 to
1309 1729 55 23 104.
1400 1729 73 30 Thus,
1485 1729 35 24 for
1531 1730 39 23 the
1587 1734 100 27 present,
1699 1738 25 16 as
1739 1731 40 23 the
1791 1730 66 25 Hon.

1274 1760 103 25 Member
1388 1762 35 24 for
1434 1762 117 33 Finsbury
1567 1764 122 31 expressed
1705 1763 99 30 himself,
1817 1765 42 23 has

1272 1793 39 25 the
1347 1797 158 29 contemptible
1515 1797 62 24 farce
1619 1797 141 24 terminated.
1762 1810 33 4 —
1795 1797 63 24 Ibid.

1306 1827 31 24 In
1348 1836 65 24 every
1421 1830 101 24 instance
1530 1830 38 24 the
1579 1830 74 31 Right
1662 1830 63 24 Hon.
1736 1831 122 23 Baronet's

1271 1860 56 31 plan
1344 1861 42 24 has
1406 1863 57 23 been
1481 1863 78 31 loudly
1579 1863 138 24 condemned
1725 1872 7 21 ;
1764 1864 52 29 and,
1835 1868 23 19 to

1272 1901 74 16 crown
1367 1894 38 25 the
1423 1896 71 29 affair,
1513 1905 15 14 a
1544 1898 82 29 figure,
1642 1898 160 29 representing
1821 1898 37 23 the

1271 1927 54 30 wily
1336 1927 110 31 Premier,
1462 1929 68 24 burnt
1530 1943 34 4 —
1564 1931 24 22 in
1600 1934 42 20 two
1655 1938 62 16 cases
1729 1935 41 19 not
1781 1931 77 24 before

1272 1961 114 31 receiving
1397 1970 15 15 a
1421 1962 72 24 sound
1504 1964 148 30 flagellation.
1654 1975 33 5 —
1687 1962 60 25 Ibid.

1281 2002 10 16 »'
1306 1994 70 24 Peel
1389 2002 105 18 turned
1511 1996 129 24 Radical.
1641 2009 35 4 —
1676 1996 51 24 The
1743 1995 115 32 Morninj

1273 2026 119 24 Gkronicle
1400 2036 79 16 sneers
1492 2034 24 19 at
1528 2030 38 23 Sir
1578 2030 89 23 Robert
1678 2029 75 24 Peel's
1763 2030 55 30 plan
1835 2030 26 23 of

1271 2060 44 22 law
1326 2060 90 29 reform,
1429 2060 96 25 because
1536 2062 19 23 it
1563 2062 161 31 contemplates
1733 2066 25 19 at
1765 2067 93 26 present

1273 2093 53 30 only
1342 2093 38 23 the
1399 2094 161 25 ecclesiastical
1578 2100 76 19 courts
1670 2094 44 25 and
1729 2095 40 24 the
1780 2095 43 24 law
1835 2096 25 23 of

1271 2125 151 33 bankruptcy.
1461 2128 58 31 Only
1532 2128 63 24 these
1607 2133 42 19 two
1658 2128 153 31 departments
1822 2129 36 23 for

1273 2167 13 14 a
1296 2159 124 32 beginning
1428 2161 5 24 !
1458 2161 60 24 what
1535 2161 76 24 would
1628 2169 40 16 our
1686 2166 172 27 contemporary

1272 2192 57 24 have
1336 2194 10 23 ?
1381 2193 62 32 Why
1454 2194 63 24 these
1530 2199 42 19 two
1582 2195 95 23 reforms
1696 2195 75 23 would
1788 2195 69 24 make

1272 2225 24 24 in
1312 2225 63 24 other
1393 2227 66 24 times
1478 2227 37 24 the
1536 2228 64 23 work
1618 2228 26 23 of
1658 2235 64 24 years
1724 2241 33 4 —
1757 2228 42 24 but
1818 2237 40 16 our

1273 2263 177 28 contemporary,
1463 2261 19 23 it
1491 2261 76 24 would
1577 2269 70 21 seem,
1657 2262 20 23 is
1689 2266 40 20 not
1739 2270 16 15 a
1766 2267 92 19 convert

1273 2296 22 19 to
1314 2292 37 24 the
1367 2293 99 24 doctrine
1485 2295 26 23 of
1524 2295 38 24 the
1581 2299 65 27 great
1663 2298 132 26 statesman,
1809 2296 49 23 who
1856 2287 11 15 N

1272 2324 52 24 held
1341 2326 50 24 that
1405 2331 23 19 to
1447 2328 28 22 do
1491 2335 41 16 one
1546 2328 66 31 thing
1629 2331 24 20 at
1666 2335 15 16 a
1697 2328 54 23 time
1761 2336 47 16 was
1820 2329 38 23 the

1273 2362 49 20 true
1343 2364 35 19 art
1400 2361 26 23 of
1440 2361 68 31 doing
1531 2369 13 16 a
1562 2366 65 27 great
1644 2361 64 29 deal;
1727 2369 44 16 nor
1788 2367 41 26 yet
1846 2370 13 16 a

1273 2391 92 32 disciple
1377 2394 26 23 of
1416 2394 87 29 Bacon,
1515 2394 52 24 who
1577 2395 53 23 held
1642 2395 47 23 that
1701 2399 23 19 to
1741 2395 30 24 be
1787 2395 70 24 effec-

1271 2425 49 24 tual
1343 2434 67 24 every
1424 2427 44 24 law
1488 2428 86 24 reform
1593 2433 62 19 must
1677 2428 27 24 be
1720 2428 138 32 prosecuted

1296 2458 48 24 sine
1513 2461 52 24 The
1574 2462 119 23 confusion
1704 2461 46 24 and
1765 2462 61 24 eclat
1837 2462 24 24 of

1272 2500 13 15 a
1295 2497 64 26 great
1370 2493 87 32 change
1471 2502 37 17 are
1520 2495 38 24 the
1571 2495 54 31 only
1635 2496 223 23 recommendations

1272 2526 26 23 of
1318 2526 84 24 reform
1424 2532 23 18 to
1477 2528 66 24 those
1569 2528 50 24 who
1643 2529 44 23 call
1720 2528 138 24 themselves

1271 2559 119 24 reformers
1402 2561 23 22 in
1437 2569 41 16 our
1490 2561 65 32 days.
1598 2562 39 23 Sir
1656 2561 89 24 Robert
1764 2562 58 24 Peel
1838 2562 19 23 is

1272 2592 25 23 of
1312 2600 13 15 a
1336 2593 104 24 different
1452 2599 94 27 temper.
1582 2594 30 24 In
1621 2594 134 32 everything
1762 2596 29 22 he
1804 2596 54 23 tries

1271 2629 23 19 to
1313 2626 83 25 reform
1417 2628 96 23 without
1531 2629 136 23 excitement
1685 2628 44 23 and
1746 2628 110 24 disorder.

1272 2658 51 24 One
1334 2659 31 31 by
1376 2669 43 15 one
1430 2661 29 23 he
1471 2669 101 16 removes
1581 2661 39 24 the
1631 2661 80 23 abuses
1723 2661 27 23 of
1757 2666 101 27 greatest

1271 2693 130 31 magnitude
1412 2695 45 23 and
1469 2694 23 24 of
1506 2698 63 20 most
1581 2699 82 27 urgent
1674 2695 182 29 inconvenience,

1272 2726 112 24 confident
1395 2727 50 24 that
1454 2728 28 23 he
1493 2728 22 23 is
1526 2728 25 23 in
1560 2728 47 23 this
1619 2735 48 24 way
1678 2728 51 23 best
1734 2729 124 30 preparing

1271 2758 39 24 the
1321 2759 77 31 public
1408 2761 63 23 mind
1480 2761 36 24 for
1534 2761 30 23 all
1583 2761 39 24 the
1638 2761 96 24 reforms
1752 2761 51 24 that
1820 2769 38 16 are

1271 2799 128 25 necessary.
1447 2794 75 24 Small
1541 2794 83 24 abuses
1641 2802 80 23 escape
1739 2795 77 23 notice
1833 2795 25 23 in

1271 2825 39 24 the
1321 2825 83 26 shelter
1417 2827 27 23 of
1457 2831 67 27 great
1534 2835 64 21 ones,
1610 2828 42 23 but
1663 2827 64 24 when
1738 2827 40 24 the
1790 2827 68 24 latter

1271 2866 40 16 are
1322 2864 70 27 swept
1403 2869 70 23 away,
1485 2861 40 23 the
1536 2860 84 24 former
1635 2861 46 23 will
1698 2869 29 15 no
1738 2860 81 32 longer
1830 2861 28 23 be

1272 2893 121 29 permitted
1402 2900 22 17 to
1436 2895 94 22 remain.
1531 2906 34 5 —
1567 2892 124 30 Standard,

2453 110 3 14 S

2440 109 3 16 i

2419 110 2 15 X
