2520 4029
1907 3411 39 16 The
1957 3410 50 17 New
2018 3411 97 16 Zealand
2126 3410 92 16 Gazette
2224 3411 37 16 and
2412 3415 58 16 Spec-

1886 3435 65 13 tator
1956 3431 17 16 is
1979 3431 97 21 published
2082 3435 54 17 every
2142 3431 114 22 Wednesday
2265 3433 36 17 and
2312 3433 88 22 Saturday.
2421 3435 47 17 Sub-

1885 3452 61 21 joined
1953 3456 31 12 are
1991 3452 31 16 the
2028 3454 64 15 terms:
2093 3460 23 4 —

1906 3473 65 16 Price
1978 3476 24 13 op
2009 3477 40 13 the
2057 3473 96 16 Paper.—
2153 3473 56 20 Forty
2213 3473 84 22 shillings
2303 3479 33 16 per
2343 3479 71 18 annum,
2425 3481 45 17 jay-

1886 3494 39 16 able
1931 3494 21 16 in
1959 3494 81 16 advance
2044 3499 3 14 ;
2060 3497 19 12 or
2085 3497 35 12 one
2127 3494 77 20 shilling
2208 3494 28 17 for
2242 3495 58 21 single
2307 3497 85 17 numbers.

1906 3515 189 16 Advertisements.
2096 3522 22 4 —
2118 3514 32 17 Six
2160 3514 47 18 lines
2218 3516 37 16 and
2264 3516 64 20 under,
2339 3518 21 16 3s.
2367 3518 28 16 6d.
2401 3518 29 17 for
2435 3518 32 17 the

1886 3535 39 16 first
1935 3535 96 20 insertion,
2042 3535 36 16 and
2089 3539 34 12 one
2134 3535 76 22 shilling
2216 3537 27 16 for
2249 3537 45 17 each
2300 3538 104 20 subsequent
2410 3540 59 16 inser-

1886 3556 48 19 tion;
1946 3556 48 16 from
2000 3556 30 16 six
2037 3557 19 15 to
2062 3557 31 15 ten
2100 3556 53 20 lines,
2161 3557 36 17 five
2204 3557 83 22 shillings
2298 3558 29 17 for
2336 3559 26 16 the
2373 3560 43 19 first,
2429 3560 36 17 and

1886 3581 34 13 one
1930 3576 77 21 shilling
2017 3577 36 16 and
2064 3576 86 22 sixpence
2160 3578 29 16 for
2199 3579 45 16 each
2253 3580 108 19 subsequent
2369 3580 87 17 insertion
2461 3585 6 15 ;

1886 3598 56 16 above
1953 3598 32 16 ten
1994 3598 53 19 lines,
2059 3598 35 16 five
2105 3598 85 21 shillings
2200 3600 28 15 for
2238 3600 32 16 the
2280 3600 39 17 first
2330 3601 32 16 ten'
2366 3600 52 21 lines,
2430 3601 37 17 and

1886 3619 97 20 fourpence
1989 3622 32 16 per
2027 3619 38 16 line
2071 3619 29 16 for
2105 3619 32 16 the
2144 3624 64 12 excess
2215 3621 20 16 of
2242 3621 42 16 that
2289 3621 80 20 number;
2380 3622 36 17 and
2422 3623 45 16 two-

1886 3643 56 17 pence
1949 3643 32 16 per
1986 3639 39 16 line
2032 3640 27 15 for
2065 3640 45 15 each
2116 3641 112 20 subsequent
2233 3641 96 17 insertion.
2355 3654 2 5 ,

1908 3660 157 16 Advertisements
2071 3661 38 15 will
2115 3662 32 15 not
2153 3666 67 17 appear
2228 3662 21 16 in
2260 3662 31 16 the
2301 3662 73 21 ensuing
2383 3664 86 21 number

1887 3681 17 16 if
1912 3681 83 16 received
2000 3681 47 16 later
2054 3681 45 16 than
2111 3683 20 15 10
2138 3681 73 21 o'clock,
2218 3687 49 15 a.m.,
2274 3688 23 11 on
2305 3683 31 16 the
2341 3687 87 18 mornings
2436 3685 31 16 be-

1887 3702 37 16 fore
1937 3701 120 20 publication.
2078 3702 157 18 Advertisements
2249 3704 38 16 will
2297 3704 22 16 be
2330 3704 91 17 continued
2429 3705 36 16 and

1887 3723 79 19 charged
1975 3723 50 16 until
2033 3725 167 19 counter-ordered;
2212 3725 45 16 such
2263 3725 52 16 order
2321 3727 45 14 must
2372 3726 21 16 be
2401 3727 40 15 sent
2448 3727 19 15 to

1887 3744 31 16 the
1927 3744 56 16 OiHce
1996 3745 36 15 two
2051 3744 43 20 days
2112 3744 62 17 before
2183 3746 117 20 publication,
2312 3746 34 15 and
2355 3748 47 15 must
2412 3747 22 16 be
2444 3746 21 16 in

1887 3765 80 19 writing.
1990 3764 157 18 Advertisements
2160 3766 82 16 received
2260 3766 52 22 after
2329 3767 18 16 10
2361 3766 64 17 o'clock
2441 3771 24 12 on

1888 3785 84 20 Tuesday
1984 3786 37 15 and
2032 3786 65 21 Friday
2107 3787 95 21 mornings
2213 3787 37 17 will
2260 3788 22 16 be
2293 3787 73 20 charged
2375 3788 50 16 twice
2435 3788 31 16 the

1887 3805 54 17 usual
1946 3807 54 15 rates.

1908 3826 31 17 All
1945 3827 68 20 orders,
2024 3827 158 20 advertisements,
2193 3828 36 16 and
2239 3828 156 17 communications
2406 3829 19 16 to
2437 3828 31 17 the

1888 3848 69 19 Editor,
1964 3852 31 12 are
2000 3848 98 21 requested
2103 3850 19 14 to
2129 3849 22 16 be
2157 3849 99 17 addressed
2261 3850 19 15 to
2287 3848 37 17 this
2330 3848 55 17 Office.

1888 3893 76 17 Printed
1978 3894 36 15 and
2027 3893 97 21 published
2141 3898 56 17 every
2212 3894 113 20 Wednesday
2340 3894 31 16 and
2380 3894 89 21 Saturday

1909 3914 91 20 morning,
2014 3915 25 20 by
2056 3914 85 16 Samuel
2154 3915 89 19 Revaks,
2260 3916 20 15 at
2293 3915 33 16 the
2341 3915 47 16 Office
2404 3915 21 16 of
2437 3916 30 16 the

1910 3935 50 17 New
1973 3935 99 16 Zealand
2083 3935 93 17 Gazette
2185 3939 42 13 and
2240 3935 130 17 Wellington
2385 3935 84 17 Specta-

1909 3960 44 14 tor,
1965 3955 156 22 Manners-street,
2131 3956 115 21 Wellington)
2258 3956 43 18 Port
2313 3956 98 21 Nioholson,
2424 3956 44 17 New

540 33 102 47 arije
810 32 211 42 Zcalanti
1045 25 192 55 &a?itte
1259 32 93 40 ant*
1378 31 300 48 W&tWnqton
1701 28 256 51 £pcrtatot%

137 127 122 21 AGENTS
272 125 58 20 FOR
345 125 71 20 THIS
429 124 109 21 PAPER.

66 162 37 18 Mr.
115 160 125 19 BURCHAM
334 158 74 18 Petoni.

65 190 38 17 Mr.
115 189 20 18 F.
148 189 22 18 G.
182 186 87 20 MOORE
334 186 72 18 Nelson
414 186 76 18 Haven.

66 219 38 18 Mr.
115 218 24 17 R.
151 216 114 19 BARRETT
339 215 47 18 New
391 214 111 22 Plymouth,
508 213 102 19 Taranald.

65 247 39 17 Mr.
115 246 27 18 H.
152 243 121 20 CHURTON

66 273 38 17 Mr.
115 272 31 17 W.
156 271 100 18 WILSON
336 270 42 21 Bay
384 269 21 17 of
413 268 85 18 Islands.

214 319 122 21 LATEST
351 317 108 21 DATES.

55 353 80 19 London
221 353 48 17 Mar.
294 352 27 17 16.
334 352 3 20 i
351 350 71 18 Nelson
529 348 47 23 July
603 350 16 17 9.

56 376 76 20 Sydney
221 374 45 21 July
301 374 19 18 7.
348 372 40 21 Bay
395 372 21 17 of
425 370 85 18 Islands.
514 381 5 6 .
524 370 45 17 Feb.
603 372 17 15 4.

54 397 41 17 Van
120 396 99 18 Dieman's
348 392 99 18 Auckland
523 392 49 16 Mar.
593 392 28 16 30.

75 417 54 18 Land
220 416 44 21 May
291 414 28 19 27.
348 414 45 17 Port
400 412 70 22 Phillip
484 424 36 6 ....
524 411 55 22 April
592 413 28 17 20.

54 439 46 17 New
105 438 118 22 Plymouth..
238 436 47 21 July
301 437 18 17 7.
347 433 91 19 Adelaide
524 433 50 18 Mar.
603 434 17 17 2.

62 486 40 17 The
109 485 98 21 following
213 489 31 13 are
251 484 33 17 the
292 482 78 22 quarter
381 480 46 22 days
435 480 22 18 of
466 480 42 17 this
515 484 59 18 paper
580 486 29 11 :—

148 512 68 18 March
474 508 50 18 31st.

148 538 51 17 June
474 534 52 18 30th.

148 564 110 23 September
475 562 52 18 30th.

146 593 105 18 December
473 591 50 17 31st.

62 623 81 17 Persons
150 621 108 22 previously
264 621 21 16 to
298 619 147 23 discontinuing
456 620 53 17 tneir
515 623 70 17 papers
593 618 37 17 and

40 650 167 22 advertisements,
215 650 51 17 must
273 648 59 18 settle
338 647 34 18 the
383 649 92 17 accounts
483 647 37 17 due
527 651 32 17 up,
565 647 21 17 to
598 646 33 17 the

42 679 50 17 date.

44 734 67 48 TO
127 732 182 23 INTENDING
323 731 63 22 small
396 731 87 21 settlers
493 730 44 22 and
548 729 81 22 others.

89 771 29 5 —
118 760 47 21 The
175 759 152 27 undersigned
336 759 53 25 begs
400 758 64 21 leave
474 760 23 18 to
513 763 117 15 announce

43 787 47 22 that
98 787 31 21 he
139 787 45 21 will
194 788 50 21 take
255 793 28 15 an
295 785 61 26 early
365 783 143 29 opportunity
518 783 24 22 of
549 783 81 27 selling

41 814 24 21 in
76 813 93 23 suitable
185 814 130 25 allotments,
327 813 42 20 200
383 818 62 14 acres
461 812 23 20 at
494 810 134 27 Wanganui,

41 841 63 27 lying
113 841 69 21 about
191 844 42 18 two
243 839 63 22 miles
322 837 59 23 back
389 838 59 21 from
463 837 38 21 the
513 836 70 28 river^
591 844 39 19 op-

41 868 70 48 f)osite
122 867 38 22 the
170 867 115 26 township,
301 868 23 18 at
334 864 37 22 the
386 864 59 22 head
456 864 26 22 of
493 863 48 23 that
549 864 48 22 line
608 864 25 22 of

51 895 52 21 akes
119 894 121 26 stretching
254 891 95 23 towards
366 891 37 22 the
419 892 66 21 river.
522 891 22 22 It
557 891 21 21 is
593 890 37 22 the

42 921 64 22 finest
123 927 60 19 grass
199 920 60 27 land,
271 919 53 21 with
341 918 52 27 only
402 926 14 14 a
428 918 75 28 gentle
518 917 61 28 slope
596 921 34 18 to-

42 948 69 21 wards
121 947 37 22 the
167 947 62 27 lake;
240 945 163 26 well-watered,
416 945 54 22 with
479 952 14 14 a
502 944 128 29 proportion

44 975 25 22 of
80 974 64 26 bush,
156 974 45 21 and
210 981 28 14 no
248 980 91 20 swamp.
367 972 55 22 Will
431 972 67 22 stand
506 972 24 21 in
541 978 89 21 compe-

43 1002 62 21 tition
117 1001 53 22 with
186 1008 43 20 any
240 1001 49 21 that
297 999 40 22 has
346 1001 38 26 yet
392 999 58 22 been
460 999 82 21 offered
551 1002 24 18 to
593 998 37 22 the

42 1028 75 28 public
127 1028 35 21 for
171 1028 38 21 the
218 1031 42 18 two
269 1029 63 23 great
345 1033 104 20 purposes
463 1026 26 21 of
499 1026 131 22 cultivation

43 1056 46 21 and
104 1054 99 28 grazing,
220 1053 117 22 combined
353 1053 52 21 with
422 1053 86 24 facility
523 1053 25 21 of
560 1053 70 21 clear-

43 1089 62 19 ance,
117 1081 149 22 convenience
278 1079 24 22 of
313 1079 132 28 possession,
457 1080 46 21 and
518 1079 63 22 other
590 1079 40 21 ad-

43 1112 106 23 vantages
163 1107 73 23 which
253 1114 40 15 can
311 1106 28 22 be
355 1106 48 22 best
417 1106 120 22 estimated
555 1114 28 14 on
601 1113 29 15 an

43 1136 158 26 acquaintance
217 1134 51 22 with
285 1133 38 21 the
332 1133 63 27 place
402 1141 6 19 ;
424 1136 24 18 to
464 1133 75 22 obtain
556 1133 74 22 which

44 1162 111 22 sufficient
171 1162 53 21 time
234 1160 44 23 will
290 1161 29 20 be
329 1159 95 22 allowed
436 1162 23 19 to
470 1160 72 23 elapse
551 1160 78 21 before

43 1197 14 13 a
73 1188 52 23 sale.
165 1188 58 23 That
240 1187 91 27 district,
348 1186 44 22 and
410 1187 25 21 in
452 1187 128 27 particular,
593 1187 36 21 the

41 1216 95 21 sections
152 1215 120 28 adjoining,
289 1221 38 14 are
341 1220 50 15 now
408 1213 26 22 in
453 1213 39 22 the
511 1221 76 14 course
608 1214 25 21 of

41 1243 67 27 being
124 1242 87 22 settled.
245 1242 44 21 For
304 1240 86 22 further
403 1240 133 27 knowledge
550 1241 29 21 of.
591 1240 38 22 the

42 1268 88 28 ground
148 1269 113 22 reference
280 1274 42 15 can
344 1269 59 19 most
426 1267 157 28 satisfactorily
601 1268 28 21 be

42 1297 66 21 made
118 1300 23 17 to
157 1296 66 27 itself,
234 1294 70 23 which
321 1294 45 21 will
380 1294 27 21 be
424 1295 77 20 shown
516 1302 28 13 on
560 1294 70 27 appli-

43 1324 72 21 cation
126 1326 22 19 to
159 1324 86 21 Messrs.
257 1321 82 23 Brodie
349 1321 45 21 and
403 1321 113 26 Macleod,
527 1324 23 19 at
559 1321 71 21 Wan-

42 1350 74 26 ganui,
128 1357 25 14 or
163 1350 44 21 Mr.
216 1349 53 27 Bell,
281 1348 49 21 who
341 1348 65 21 chose
417 1348 39 22 the
465 1349 101 26 sections,
573 1348 56 21 Nos.

43 1379 40 20 100
92 1377 47 21 and
149 1378 38 21 101
198 1384 28 14 on
235 1376 38 21 the
283 1375 65 22 Plan.

382 1402 58 21 Geo.
455 1402 147 21 Robertson.

271 1455 42 19 On
332 1454 70 25 Sale,

44 1489 93 35 rpHE
151 1489 75 22 BEST
240 1488 76 22 CASE
332 1487 64 27 GIN,
410 1487 26 22 in
447 1495 60 14 cases
521 1488 45 22 and
582 1488 51 22 half

50 1511 30 27 JL
120 1523 68 15 cases.

358 1541 82 22 Waitt
456 1540 47 23 and
516 1542 85 22 Tyser.

69 1570 59 21 June
139 1571 32 25 24,
183 1571 60 20 1842.

228 1615 113 20 Gazette
357 1613 88 21 Office.

42 1648 200 22 STATIONERY
255 1646 197 23 WHOLESALE
466 1647 21 21 &
503 1646 124 24 RETAIL.

42 1681 88 50 WE
153 1683 44 26 beg
219 1685 21 19 to
263 1688 117 16 announce
398 1681 38 22 the
457 1681 87 28 arrival,
570 1682 58 21 from

139 1709 108 27 England,
259 1708 25 23 of
292 1708 38 22 the
346 1709 47 21 first
401 1712 50 23 part
461 1708 24 22 of
496 1716 40 14 our
550 1712 79 18 exten-

42 1735 45 22 sive
97 1736 75 21 orders
181 1736 24 22 in
216 1736 41 22 this
268 1735 141 28 department
419 1736 26 21 of
452 1735 107 22 business.
583 1736 47 21 Our

42 1763 61 21 stock
114 1763 90 27 already
215 1763 90 22 consists
321 1763 25 21 of
360 1769 64 19 every
434 1763 76 21 article
525 1763 104 27 requi/ed

41 1789 35 21 for
90 1789 97 27 Schools,
204 1790 80 25 Banks,
302 1790 85 25 Courts,
405 1789 56 22 Law
476 1789 88 27 Offices,
584 1789 44 22 and

42 1816 88 27 Artists,
142 1817 40 21 &c.
191 1825 6 19 ;
213 1816 72 23 whilst
293 1816 38 21 the
348 1815 139 22 ornamental
498 1816 43 21 and
557 1816 71 21 draw-

42 1843 37 27 ing
92 1851 63 14 room
169 1844 121 25 stationery
305 1843 41 21 has
361 1846 39 17 not
411 1843 60 22 been
488 1843 139 21 overlooked.

41 1870 47 21 The
99 1870 125 22 difficulties
235 1869 115 28 attending
360 1869 36 21 the
406 1870 48 21 first
462 1869 167 22 establishment

40 1896 82 28 having
131 1897 58 22 been
205 1903 121 20 overcome,
339 1896 45 22 and
394 1904 67 20 every
476 1897 80 21 arrival
572 1897 56 21 from

41 1923 105 27 England
164 1924 83 26 adding
262 1923 60 22 fresh
338 1923 111 22 additions
463 1926 23 19 to
503 1931 38 14 our
556 1924 70 26 stock,

41 1950 46 21 will
103 1950 79 22 enable
198 1959 25 14 us
232 1954 22 18 to
270 1950 81 22 reduce
370 1957 39 14 our
423 1950 93 27 charges
527 1958 28 14 on
570 1954 59 18 most

41 1977 86 22 articles
138 1982 24 17 at
169 1978 57 21 least
234 1979 27 21 50
269 1984 39 22 per
319 1980 59 19 cent.

68 2011 155 28 Storekeepers
240 2010 43 23 and
302 2010 117 22 wholesale
439 2010 86 22 dealers
543 2018 43 14 can
600 2011 28 21 be

41 2037 101 27 supplied
157 2041 22 18 to
195 2045 43 20 any
247 2039 84 23 extent,
349 2037 44 21 and
409 2044 29 14 on
456 2042 67 16 terms
539 2037 89 28 equally

42 2064 164 27 advantageous
215 2069 23 17 to
247 2070 43 20 any
299 2064 106 21 obtained
412 2064 24 21 in
447 2064 97 27 Sydney,

69 2098 95 28 Writing
171 2106 74 21 paper,

69 2125 111 27 Imperial,

68 2152 80 28 Royal,

68 2179 115 27 Foolscap,
195 2179 86 23 various
290 2178 108 28 qualities,

68 2206 72 27 Large
149 2206 60 22 thick
219 2210 54 29 post,
284 2213 63 15 wove
358 2206 45 22 and
412 2206 53 27 laid,

66 2233 58 22 Thin
134 2236 55 24 post,
202 2234 60 26 ditto,

69 2260 56 21 Fine
134 2260 54 21 bath
198 2264 54 24 post,
263 2259 46 29 gilt.

66 2287 89 21 Double
171 2287 110 28 elephant,
297 2287 150 27 antiquarian,
463 2287 107 28 imperial,
583 2286 45 23 and

40 2314 64 27 royal
114 2314 98 28 drawing
219 2321 74 21 paper,

71 2340 90 28 Oblong
170 2341 89 28 clasped
269 2341 169 22 memorandum
447 2341 78 27 books,

68 2368 87 21 French
164 2369 85 26 tracing
257 2375 74 21 paper,
635 2373 2 21 j

68 2394 89 23 Ladies'
167 2396 44 21 and
221 2394 147 28 gentlemen's
377 2395 54 22 card
440 2402 68 20 cases,

67 2422 64 21 Ditto
200 2422 35 22 do.
290 2421 75 22 tinted
374 2422 46 21 and
430 2422 118 22 embossed
553 2422 73 27 cards,

68 2450 95 26 Sponge,
174 2449 76 22 wafers
260 2450 23 21 in
292 2450 14 20 2
316 2456 33 15 oz.
360 2448 75 27 boxes,

68 2476 69 22 Black
153 2476 55 27 edge
228 2476 44 22 and
290 2476 116 27 bordered,
426 2476 67 22 letter
511 2476 45 22 and
575 2479 53 19 note

40 2510 75 20 paper.

68 2529 92 23 Invoice
169 2530 75 26 books,
254 2529 54 23 with
317 2528 100 29 indexes,
428 2530 90 21 various
529 2530 62 28 sizes,

68 2556 58 23 Cash
132 2557 78 27 books,
221 2556 62 23 ruled
293 2556 89 27 double,
392 2557 89 22 various
491 2558 62 27 sizes,

68 2584 131 27 Envelopes,

68 2610 86 22 Pewter
160 2610 122 28 inkstands,

68 2637 81 27 Ebony
157 2637 122 28 inkstands,
289 2636 55 23 with
353 2636 101 28 drawers,

68 2664 73 21 Broad
153 2664 43 22 and
205 2671 85 16 narrow
299 2671 70 20 green
378 2664 41 22 silk
430 2664 87 27 ribbon,

69 2691 65 21 Brief
141 2692 45 21 and
195 2692 57 21 deed
260 2698 75 21 paper,

70 2718 74 21 Ruled
153 2725 68 21 paper
229 2718 33 22 for
271 2718 40 22 bill
320 2718 76 26 heads,

69 2744 73 28 Royal
157 2746 67 26 hand,
237 2744 80 23 double
335 2744 62 22 hand
410 2745 86 27 brown,
513 2745 45 22 and
565 2745 63 28 royal

39 2771 76 21 brown
126 2772 114 27 wrapping
249 2779 74 21 paper,

69 2798 101 26 Ledgers
179 2799 46 21 and
233 2801 96 20 account
337 2798 77 27 books,
424 2798 90 22 various
524 2799 62 27 sizes,

42 2845 3 5 ,
69 2825 85 21 Pocket
162 2825 87 28 ledgers
258 2824 44 23 and
310 2825 172 22 memorandum
490 2826 77 27 books,

69 2852 120 27 Engraved
200 2860 55 20 copy
262 2852 51 27 slips
324 2851 47 22 and
380 2852 77 26 books,

69 2879 53 21 Best
132 2879 80 22 Welch
222 2882 70 24 slates,
303 2879 63 28 large
373 2878 43 22 and
425 2878 72 28 small,

69 2906 74 21 Blank
153 2906 70 22 music
233 2906 76 27 books,

68 2933 104 27 Message
182 2933 70 27 cards,

68 2960 111 21 Coloured
191 2967 84 22 papers,
572 2964 4 9 v

69 2987 72 26 Sugar
149 2994 86 20 papers,

71 3013 19 21 IS
95 3017 35 17 ote
139 3021 87 20 papers,

68 3040 95 27 Playing
172 3041 69 27 cards,
252 3040 106 23 coloured
367 3040 43 22 and
416 3041 54 27 gold
477 3040 75 29 backs,

69 3067 61 26 Copy
139 3067 77 28 books,

69 3093 72 22 Black
149 3093 51 23 lead
207 3094 90 29 pencils,

70 3120 65 22 India
142 3121 89 28 rubber,
241 3121 70 22 bottle
322 3121 46 22 and
379 3124 85 25 patent,

69 3147 69 27 Ivory
147 3147 82 23 folders
237 3149 46 22 and
291 3147 86 28 knives,

71 3174 47 22 Pen
129 3173 83 28 knives,

71 3200 86 27 Rulers,
167 3202 82 25 pocket
256 3201 78 28 books,

42 3234 2 4 •
71 3227 75 22 Blank
155 3227 50 23 bills
215 3229 24 21 of
246 3228 123 28 exchange,

69 3254 79 22 Letter
156 3254 46 22 and
210 3255 39 21 bill
259 3255 55 26 files,

71 3281 44 22 Ink
123 3281 45 21 and
175 3281 41 21 ink
224 3281 105 28 powders,

43 3311 3 3 '
69 3308 77 22 Bibles
156 3308 43 22 and
209 3311 133 24 testaments,

69 3335 100 27 Spelling
177 3335 75 26 books,
262 3335 94 28 various,

69 3362 103 27 Primers,

71 3388 125 22 Children's
205 3388 70 22 books
283 3387 25 23 in
316 3391 64 24 great
388 3389 92 29 variety,

70 3415 74 23 Blank
155 3415 168 23 Custom-house
338 3415 74 28 forms,
429 3417 37 22 for
482 3417 145 28 auctioneers,

43 3442 47 22 and
99 3442 29 22 all
137 3442 38 22 the
193 3443 63 22 other
266 3441 170 24 Custom-house
445 3443 69 23 forms
523 3444 33 23 for
565 3445 62 23 Mer-

43 3469 84 22 chants.

71 3496 113 22 Seamen's
194 3496 98 22 advance
302 3497 73 20 notes.

71 3523 117 22 Seamen's
196 3523 87 23 articles
292 3523 26 21 of
324 3527 137 22 agreement.

71 3549 138 28 Log-books.
233 3569 2 7 ,

71 3576 75 22 Blank
154 3577 67 27 writs,
470 3573 29 29 4t

69 3603 145 23 Parchments
223 3603 34 22 for
285 3602 75 23 deeds.
475 3608 26 22 %

71 3630 80 24 Quills.

70 3656 60 23 Ever
138 3657 91 28 pointed
236 3656 75 29 pencil
318 3664 63 15 cases
389 3657 24 22 in
420 3657 100 29 superior
530 3658 98 23 German

45 3683 77 23 Silver.

71 3709 89 23 Lucifer
169 3710 75 23 boxes.

71 3737 77 22 Wafer
156 3740 87 25 stamps.

245 3782 183 26 Impounded,

43 3814 70 49 AT
127 3814 210 24 COWPASTURE
351 3815 99 28 FARM,
473 3816 83 24 Evans'
573 3819 55 28 Bay,

203 3850 30 14 on
242 3841 89 28 Friday,
341 3842 61 22 22nd
412 3843 63 28 July,

80 3873 210 24 SIXTY-THREE
304 3873 92 24 HEAD
411 3876 40 22 OF
466 3876 125 25 CATTLE.

43 3899 49 23 Can
100 3900 29 22 be
138 3899 46 24 had
195 3908 28 15 on
231 3902 84 27 paying
329 3901 40 22 the
384 3909 115 22 expenses,
515 3904 30 28 by
554 3905 77 28 apply-

298 3929 41 26 ing
348 3930 24 21 to

449 3956 45 24 Mr,
510 3957 92 25 Hulke.

1896 133 7 9 v
2117 121 54 21 For
2186 121 80 21 Sale..

1891 152 123 50 SEEDS,
2025 153 38 21 the
2073 153 97 26 produce
2185 154 26 21 of
2223 154 38 21 the
2279 154 86 28 Colony,
2375 155 36 22 for
2426 155 47 23 sale

1956 182 23 18 at
1989 179 38 21 the
2063 179 94 22 Gazette
2189 181 78 22 Office.

1889 222 89 49 FOR
1992 223 78 22 SALE
2084 226 24 19 at
2124 223 44 22 this
2183 224 70 28 office,
2270 224 75 28 Hymn
2358 225 74 22 Books
2445 226 26 22 in

1961 249 39 22 the
2010 250 75 21 native
2094 250 119 27 language.

1884 286 2 6 '
1914 281 129 23 December
2051 283 33 25 28,
2098 284 61 21 1841.
2398 304 4 4 ,

1982 327 157 27 Stationery
2156 328 60 27 just
2229 330 144 24 mipacked.

1889 359 72 48 ON
1976 360 86 26 SALE,
2078 363 23 18 at
2109 361 39 21 the
2160 362 93 23 Gazett?
2261 361 74 27 Office,
2351 370 27 14 an
2391 365 80 19 extent

1966 386 47 21 sive
2024 386 44 22 and
2077 388 77 21 varied
2163 391 134 19 assortment
2313 389 22 21 of
2349 390 123 27 stationery

1888 413 25 21 of
1924 419 68 21 every
2003 412 142 28 description.

1914 445 104 28 January
2028 447 18 26 7,
2062 448 60 21 1842.

1887 507 222 25 WHOLESALE
2138 510 125 25 PRICES
2297 511 172 26 CURRENT*

1987 554 133 15 CORRECTED
2135 555 30 14 UP
2180 555 28 15 TO
2222 556 55 15 LAST
2294 556 74 16 NIGHT.

2227 582 17 17 £
2267 587 15 13 s.
2307 584 17 16 d.
2373 583 17 18 £
2412 588 15 13 a.
2453 585 19 17 di

1888 608 64 22 Ale:
1968 608 29 21 In
2005 608 78 28 bottle,
2098 610 113 28 perdoz..
2230 612 14 20 0
2272 613 14 20 0
2313 614 12 19 0
2340 627 16 6 ..
2374 615 14 19 0
2417 614 12 21 0
2457 615 14 20 0

1987 636 197 27 Alsop'sperhhd.
2195 651 17 7 ..
2231 639 13 20 0
2272 640 13 19 0
2313 640 43 20 0..
2373 642 14 19 0
2416 641 13 20 0
2457 642 14 20 0

1888 661 113 22 Arrack:
2017 663 43 21 Per
2068 663 44 26 gal.
2123 664 24 21 in
2157 664 61 22 bond
2231 666 14 20 0
2274 666 10 21 1
2314 664 42 22 9..
2374 668 13 20 0
2416 668 55 23 2-0

1886 689 80 21 Bread
1975 697 5 13 :
1996 689 44 22 Per
2048 689 44 23 21b;
2104 690 51 22 loaf
2168 705 45 6 ....
2232 693 14 20 0
2273 694 13 19 0
2314 693 12 20 7
2340 706 17 7 ..
2374 695 13 20 0
2416 695 13 20 0
2457 695 14 20 0

1886 715 74 22 Beef:
1975 716 78 28 Fresh,
2072 724 91 15 carcase
2178 725 40 19 per

2004 742 24 22 lb
2228 746 13 20 0
2270 746 12 19 0
2298 746 25 21 10
2338 760 16 7 ..
2371 748 16 20 a
2414 747 10 20 1
2454 748 15 20 0

1996 769 54 27 Salt,
2060 777 39 19 per
2112 771 70 22 tierce
2194 774 92 20 ..610
2313 774 31 19 0.
2351 786 5 7 .
2375 775 14 20 0
2416 774 13 21 0
2457 776 14 19 0

1996 796 43 21 Do.
2050 803 38 20 per
2102 798 75 21 barrel
2194 800 90 21 ..410
2312 800 32 20 0.
2350 814 6 5 .
2373 802 13 19 0
2415 802 13 19 0
2456 802 15 19 0

1886 821 95 22 Butter
1987 829 5 14 :
2009 822 65 27 Irish,
2084 831 40 19 per
2131 824 32 23 lb.
2195 840 5 5 .
2206 840 6 5 .
2231 828 14 19 0
2272 828 14 20 0
2313 827 31 20 0.
2351 840 5 7 .
2374 828 13 21 0
2416 828 13 19 0
2457 829 14 19 0

2009 849 69 22 Fresh
2232 855 13 20 0
2272 855 13 20 3
2312 854 44 20 3..
2374 856 14 19 0
2417 856 12 19 0
2457 856 14 19 0

1887 880 82 17 brand
1973 883 24 14 *:
2013 876 59 21 First
2077 877 93 27 quality,
2178 885 40 20 per

2036 903 76 26 gallon
2121 904 24 21 in
2156 905 60 21 bond
2230 908 13 19 0
2271 908 13 19 6
2312 908 32 19 0.
2350 920 6 7 .
2373 909 13 20 0
2415 908 13 20 9
2456 909 14 19 0

1886 928 87 22 Brown
1992 929 88 22 Stout:
2103 937 41 20 per
2158 930 53 22 hhd.
2227 934 14 19 0
2269 934 13 20 0
2309 930 43 23 OV.
2371 935 25 20 6*
2413 935 13 19 0
2454 936 14 19 0

1886 956 87 21 Cigars
1981 956 120 28 :Manilla,
2109 964 40 20 per
2156 959 59 26 1000,
2230 960 13 20 3
2271 961 13 20 0
2312 961 12 20 0
2338 973 17 7 ..
2371 962 16 19 4
2414 962 13 19 0
2455 962 14 19 0

1995 983 98 22 Inferior
2230 987 54 20 118
2312 988 74 20 0..2
2413 988 14 20 0
2455 988 14 20 0

1996 1009 135 29 Havannah,
2137 1018 41 20 per
2184 1011 30 22 lb.
2229 1014 14 20 0
2258 1014 25 20 16
2311 1014 31 20 0.
2349 1028 5 5 .
2373 1015 11 20 1
2413 1015 54 22 0,0

1995 1036 125 23 Chinsurah
2124 1045 40 19 per
2171 1040 69 21 10001
2258 1041 26 20 10
2311 1042 43 19 0..
2371 1042 14 20 0
2412 1042 55 21 O',O

1994 1064 157 23 Alexandrian
2229 1068 54 20 110
2311 1068 114 21 0..00
2454 1068 14 20 0

1886 1090 89 22 Coffee
1981 1097 5 14 :
1998 1090 64 27 Java,
2072 1099 41 19 per
2120 1092 24 21 lb
2229 1095 14 20 0
2271 1095 12 20 1
2311 1095 31 20 0.
2349 1108 5 6 .
2372 1096 13 19 0
2414 1095 10 20 1
2454 1095 15 20 3

1886 1117 90 22 Cheese
1984 1125 5 14 :
2006 1117 106 22 Cheshire
2229 1122 14 19 0
2271 1122 10 20 1
2311 1122 75 20 6..0
2414 1122 13 20 0
2455 1123 14 19 0

2004 1143 56 22 Pine
2069 1144 74 28 Apple
2165 1149 78 19 ....0
2271 1149 13 19 0
2312 1149 74 20 0..0
2415 1148 10 20 1
2454 1148 15 20 2

2004 1170 75 22 Dutch
2230 1175 14 20 0
2272 1176 12 19 0
2312 1175 44 20 0..
2373 1176 14 19 0
2415 1175 10 20 1
2455 1176 14 19 0

1886 1197 106 22 Candles
1999 1203 6 14 :
2012 1197 94 26 English
2114 1205 56 21 wax,
2178 1206 39 19 per

2032 1224 23 21 lb
2230 1228 14 19 0
2272 1228 12 20 3
2312 1228 13 19 6
2340 1241 16 6 ..
2373 1229 14 20 0
2415 1229 13 20 0
2456 1230 13 19 0

2018 1250 80 22 Mould
2229 1255 14 19 0
2271 1256 13 19 0
2312 1255 75 20 0..0
2415 1256 13 19 0
2455 1257 14 19 0

2018 1278 57 27 Dips
2229 1282 13 19 0
2270 1282 13 20 0
2310 1282 44 19 0..
2371 1283 14 19 0
2413 1283 13 19 0
2454 1284 14 19 0

1886 1303 94 23 Flour:
1989 1306 35 19 Ist
2029 1304 92 28 quality,
2131 1313 41 19 per
2176 1308 39 19 ton

2010 1332 26 21 of
2046 1333 54 20 2000
2109 1332 34 22 lbs
2213 1334 28 21 22
2269 1335 14 20 0
2310 1336 13 19 0
2338 1336 47 20 ..28
2413 1336 13 19 0
2454 1337 14 20 0

1985 1358 47 22 2nd
2042 1358 55 22 ditto
2217 1362 26 20 18
2270 1363 13 19 0
2311 1362 13 20 0
2338 1363 48 20 ..20
2413 1363 13 20 0
2454 1364 14 19 0

1886 1385 61 22 Gin:
1968 1385 54 22 Pale
2038 1386 25 21 in
2073 1386 59 21 bond
2228 1390 14 19 0
2269 1389 14 20 3
2310 1389 13 20 0
2337 1402 17 7 ..
2371 1390 13 20 0
2410 1389 16 20 4
2453 1391 14 19 6

1936 1412 61 26 Case,
2006 1414 15 19 4
2027 1412 36 27 gal
2072 1414 37 19 4-5
2117 1413 25 21 in
2152 1414 61 21 bond
2227 1416 11 19 1
2267 1416 14 19 2
2309 1416 43 20 0..
2371 1417 11 20 1
2411 1417 13 19 6
2453 1419 14 18 0

1886 1438 82 22 Hams:
1983 1438 129 28 Yorkshire,
2127 1440 86 27 perlb.
2229 1443 12 18 0
2270 1443 13 19 0
2311 1443 43 20 0..
2371 1445 14 18 0
2412 1444 13 19 0
2454 1444 14 20 0

1884 1465 130 22 Mustard:
2030 1466 42 21 Per
2081 1466 72 22 dozen
2166 1469 117 20 ....018
2311 1470 75 21 0..0
2413 1466 19 24 (f
2455 1471 14 20 0

1884 1492 117 22 Mutton:
2023 1493 93 21 Carcase
2124 1500 42 20 per
2174 1493 23 22 lb
2208 1510 5 5 .
2229 1496 14 19 0
2270 1496 13 20 0
2311 1496 12 19 9
2338 1510 16 6 ..
2371 1497 14 20 0
2412 1497 13 20 0
2441 1498 25 20 11

1884 1519 125 22 Muskets:
2025 1518 93 23 Walnut
2123 1520 97 22 stocked,
2229 1523 14 19 0
2270 1523 13 20 0
2311 1524 13 19 0
2338 1536 16 7 ..
2371 1525 14 19 0
2400 1524 25 20 15
2454 1525 14 19 0

1884 1546 80 22 Milk:
1980 1546 44 21 Per
2030 1546 49 27 pint
2229 1550 13 19 0
2269 1550 14 20 0
2309 1550 14 19 3
2337 1564 17 6 ..
2371 1552 13 19 0
2412 1551 13 20 0
2452 1551 16 20 4

1885 1573 45 22 Oil
1937 1580 5 14 :
1959 1572 104 26 Linseed,
2072 1580 41 20 per
2122 1574 76 26 gallon
2208 1576 34 20 .0
2269 1576 13 20 5
2309 1577 14 20 0
2338 1591 4 6 .
2349 1590 5 7 .
2371 1579 14 19 0
2411 1577 14 21 7
2455 1579 14 19 0
2491 1590 3 8 ,

1960 1599 77 28 Black,
2042 1600 24 21 in
2071 1600 172 28 cask,pertonl6
2270 1604 14 19 0
2311 1604 13 19 0
2338 1618 16 6 ..
2371 1605 14 19 0
2412 1605 14 19 0
2453 1605 14 20 0

1997 1626 79 27 Sperm
2213 1630 25 21 75
2268 1630 11 19 0
2309 1630 12 19 0
2336 1644 16 7 ..
2370 1631 12 20 0
2411 1631 13 19 0
2453 1632 12 19 0

1884 1653 79 22 Pork:
1977 1653 78 28 Fresh,
2072 1661 89 15 carcase
2176 1662 40 20 per
2427 1667 5 3 -
2458 1674 3 6 ,

2002 1680 23 22 lb
2227 1684 13 20 0
2269 1685 12 20 0
2308 1684 13 21 5
2337 1698 15 7 ..
2370 1686 13 20 0
2411 1686 13 19 0
2452 1684 14 23 7

1884 1706 67 23 Pork
1958 1714 5 14 :
1979 1707 67 27 Irish,
2056 1715 40 19 per
2103 1708 75 22 barrel
2191 1724 5 5 .
2204 1724 5 5 .
2227 1711 14 20 0
2269 1712 13 20 0
2309 1713 33 19 0.
2348 1725 6 7 .
2370 1713 13 19 5
2399 1713 26 20 10
2453 1714 14 20 0

1884 1734 120 22 Potatoes
2012 1742 4 13 :
2037 1735 57 21 New
2107 1735 107 28 Zealand,

2061 1769 41 19 per
2110 1765 40 18 ton
2164 1765 77 20 ....4
2269 1766 12 20 0
2310 1766 32 20 0.
2347 1779 7 6 .
2371 1767 13 20 0
2411 1767 14 19 0
2453 1767 14 20 0

1885 1788 95 21 Porter
1989 1795 5 14 :
2023 1788 102 28 Dunbar,
2135 1790 26 21 in
2168 1790 45 21 bot.

2053 1822 40 20 per
2103 1816 42 21 doz
2227 1819 14 19 0
2269 1819 14 20 0
2309 1820 75 20 0..0
2411 1821 15 19 0
2453 1821 14 19 0

1994 1841 87 28 Bryant
2091 1842 44 22 and
2144 1843 71 22 Davis
2229 1845 12 20 0
2269 1846 14 20 0
2310 1847 13 19 0
2338 1859 4 7 .
2349 1859 5 7 .
2371 1849 13 18 0
2411 1847 14 20 0
2453 1848 14 19 0

1884 1868 100 22 Pickles
1995 1876 5 14 :
2032 1869 115 27 AssoOed,
2177 1877 40 20 per

2058 1895 58 27 doz.,
2140 1900 75 24 quarts
2229 1899 12 20 1
2271 1899 10 21 1
2311 1900 44 20 0..
2372 1902 13 20 0
2413 1901 14 20 0
2455 1901 12 19 0

1884 1922 76 22 Pitch
1971 1929 6 14 :
2010 1922 137 28 Stockholm,
2176 1931 41 20 per

2036 1950 71 21 barrel
2230 1953 13 20 0
2270 1955 14 19 0
2311 1954 44 20 0..
2373 1955 11 20 1
2401 1954 25 21 15
2457 1956 13 19 0

1884 1976 82 21 Plank
1973 1983 6 14 :
2007 1976 55 21 Port
2083 1976 131 28 Nicholson,

2034 2009 40 21 per
2083 2004 40 21 100
2131 2004 48 21 feet
2192 2007 50 19 ..0
2269 2007 14 20 0
2310 2007 13 19 0
2338 2020 16 7 ..
2371 2008 11 20 1
2412 2008 12 20 1
2453 2010 14 19 0

1884 2028 70 22 Rice:
1968 2029 109 21 Common
2086 2037 40 19 per
2132 2033 50 18 cwt.
2193 2044 18 7 ..
2229 2033 14 19 0
2270 2034 13 19 0
2311 2034 13 19 0
2338 2046 17 8 ..
2372 2035 13 19 0
2412 2035 14 19 0
2453 2037 14 19 0

1967 2055 67 22 Good
2228 2059 12 20 1
2256 2060 26 20 10
2309 2060 14 20 0
2337 2073 16 7 ..
2370 2062 14 20 0
2410 2062 15 20 0
2453 2063 13 19 0

1884 2082 56 21 Rum
1948 2089 5 14 :
1970 2082 24 22 P.
2005 2082 27 22 B.
2043 2082 33 26 P.,
2091 2090 40 20 per
2139 2084 77 26 gallon

2006 2110 26 21 in
2046 2110 60 22 bond
2229 2113 13 20 0
2269 2114 14 20 4
2310 2113 13 19 0
2338 2127 16 7 ..
2371 2115 13 20 0
2411 2115 14 21 5
2453 2117 14 19 0

1884 2136 89 22 Sugar:
1990 2136 119 23 Mauritius
2119 2145 41 19 per
2167 2141 48 19 cwt.
2229 2141 13 19 0
2270 2141 13 20 0
2310 2142 14 20 0
2338 2154 16 6 ..
2371 2143 13 19 0
2411 2143 14 19 0
2434 2162 5 6 v
2453 2145 14 18 0

1993 2164 83 21 Brown
2090 2164 54 22 ditto
2163 2167 118 21 ....114
2307 2169 44 20 0..
2368 2169 14 20 2
2410 2169 54 21 00

1994 2190 97 23 Refined
2106 2192 53 27 loaf,
2176 2200 41 19 per

2020 2218 24 21 lb
2229 2221 14 21 0
2270 2222 13 20 0
2311 2223 13 19 9
2338 2235 16 7 ..
2371 2223 14 20 0
2412 2223 14 21 0
2454 2225 13 19 0

1995 2244 97 22 Manilla
2110 2253 40 20 per
2164 2249 47 19 cwt.
2227 2249 13 19 0
2269 2249 12 19 0
2309 2250 14 19 0
2337 2263 16 6 ..
2370 2251 13 19 3
2411 2251 14 20 0
2452 2251 13 20 0

1884 2270 61 22 Salt
1953 2278 6 13 :
1974 2271 126 28 Liverpool,
2110 2279 41 19 per
2161 2276 38 18 ton
2208 2275 33 20 .3
2269 2277 13 19 0
2309 2277 14 19 0
2338 2289 4 7 .
2349 2289 4 7 .
2370 2277 15 20 4
2411 2278 14 20 0
2453 2279 13 19 0

1884 2298 61 21 Soap
1954 2305 6 14 :
1986 2298 102 22 Hawes's
2110 2300 103 27 London,

2013 2333 39 20 per
2058 2329 73 18 ton./
2213 2329 28 20 30
2269 2330 13 20 0
2309 2331 14 19 0
2337 2343 15 7 ..
2371 2331 11 19 0
2411 2331 15 21 0
2453 2333 14 19 0

2003 2353 120 27 Liverpool
2213 2356 28 20 26
2269 2357 13 20 0
2309 2357 14 20 0
2337 2370 15 6 ..
2370 2359 12 19 0
2410 2358 14 20 0
2453 2359 13 20 0

1884 2378 92 22 Starch
1984 2386 5 14 :
2004 2379 44 22 Per
2056 2379 23 22 lb
2229 2383 13 20 0
2269 2385 14 19 0
2310 2385 13 19 9
2338 2397 4 7 .
2349 2397 4 7 .
2370 2386 14 20 0
2411 2386 14 20 0
2453 2386 14 20 0

1884 2406 132 21 Scantling
2023 2414 6 14 :
2044 2406 43 22 Per
2093 2408 40 21 100
2142 2407 55 23 feet.
2205 2411 37 19 .0
2270 2411 13 20 0
2310 2411 13 20 0
2338 2425 4 5 .
2349 2425 5 5 .
2371 2413 11 19 1
2411 2413 14 20 0
2453 2414 13 19 0

1884 2432 116 23 Shingles
2008 2440 5 14 :
2029 2433 43 22 Per
2079 2435 60 27 1000,
2149 2435 29 21 N.
2187 2435 26 22 Z.
2229 2437 10 20 1
2269 2437 13 22 7
2310 2439 13 19 0
2338 2451 4 7 .
2349 2451 4 7 .
2370 2440 14 20 2
2410 2439 15 21 2
2452 2440 13 20 0

2015 2460 70 27 Ditto,
2107 2460 28 23 V.
2145 2461 30 23 D.
2187 2462 26 22 L.
2226 2464 14 20 2
2267 2464 14 20 5
2309 2465 14 20 0
2338 2478 15 7 ..
2370 2467 13 19 0
2410 2468 15 19 0
2451 2468 14 19 0

1883 2487 50 21 Tar
1940 2494 6 14 :
1963 2487 54 21 Coal
2229 2491 53 21 110
2310 2493 44 19 0..
2371 2493 13 20 0
2411 2494 15 20 0
2453 2494 14 20 0

1966 2514 129 22 Stockholm
2230 2518 52 21 115
2311 2519 43 20 0..
2371 2521 13 19 0
2412 2520 14 21 0
2453 2521 14 20 0

1883 2540 48 22 Tea
1940 2548 6 14 :
1956 2540 81 28 Hyson
2042 2541 56 27 skin,
2103 2549 40 20 per
2154 2543 63 22 chest
2229 2546 13 19 0
2270 2547 13 19 0
2311 2546 13 20 0
2339 2547 46 20 ..10
2411 2547 16 21 0
2453 2548 14 20 0

1961 2568 93 27 Congou
2217 2572 26 20 12
2271 2573 13 20 0
2311 2573 44 20 0..
2372 2574 13 20 0
2412 2574 15 21 0
2453 2575 14 20 0

1882 2594 119 22 Tobacco:
2016 2595 143 28 Negrohead,
2175 2604 41 19 per

2041 2622 32 21 lb.
2086 2623 24 20 in
2126 2622 61 22 bond
2227 2626 14 20 0
2269 2627 9 19 1
2309 2627 44 19 0..
2371 2628 13 19 0
2411 2628 14 20 0
2453 2628 14 21 0

1881 2647 166 23 Turpentine:
2063 2648 43 22 Per
2110 2649 99 26 gallon..
2228 2653 13 19 0
2269 2654 13 19 8
2310 2654 14 19 0
2338 2667 16 5 ..
2371 2654 56 27 o^o
2453 2656 14 19 0

1882 2674 164 22 Whalebone:
2062 2675 43 21 Per
2114 2679 39 18 ton
2215 2678 26 20 85
2269 2680 14 20 0
2310 2680 13 20 0
2339 2681 46 20 ..90
2411 2682 25 19 0'
2453 2682 14 20 0

1883 2701 83 22 Wine:
1982 2701 88 28 Sherry,
2081 2709 41 20 per
2129 2703 52 27 pipe
2192 2705 49 20 -.28
2269 2707 14 19 0
2310 2707 14 19 0
2338 2708 47 19 ..40
2412 2708 55 21 0-0

1992 2728 72 27 Ditto,
2079 2736 41 20 per
2133 2729 80 23 dozen.
2229 2733 10 19 1
2268 2733 15 20 4
2310 2733 13 21 0
2338 2747 16 6 ..
2370 2734 14 20 2
2411 2735 15 20 0
2453 2736 14 20 0

1884 2782 122 22 Poultry:
2022 2783 80 27 Fowls,
2108 2790 41 21 per
2155 2784 49 27 pair
2210 2801 7 5 .
2230 2787 13 19 0
2271 2787 13 20 8
2312 2787 14 20 0
2340 2800 16 7 ..
2373 2788 12 20 0
2399 2788 28 21 16
2454 2790 14 20 0

2020 2809 86 28 Ducks,
2117 2810 56 22 ditto
2194 2825 5 7 .
2206 2826 5 6 .
2230 2813 11 20 1
2270 2814 14 20 0
2311 2814 14 20 0
2340 2827 5 7 .
2351 2827 5 7 .
2372 2816 13 19 0
2413 2815 14 21 0
2454 2816 15 21 0

2023 2837 79 27 Geese,
2114 2837 57 23 each
2193 2853 5 6 .
2205 2853 6 6 .
2230 2841 11 20 1
2270 2841 14 20 0
2311 2842 33 19 0.
2349 2854 6 7 .
2371 2842 14 20 0
2412 2842 15 21 0
2453 2844 15 19 0

2021 2863 109 28 Turkeys,
2141 2865 57 21 each
2232 2867 10 20 1
2272 2868 13 20 0
2312 2868 44 20 0..
2373 2869 13 20 0
2413 2869 15 21 0
2455 2870 14 21 0

2022 2891 104 27 Pigeons,
2136 2892 78 27 (wild,)

2048 2925 41 20 per
2097 2919 49 26 pair
2168 2921 76 20 ....0
2271 2922 14 19 0
2312 2922 14 19 0
2340 2935 5 6 .
2351 2935 6 6 .
2373 2924 14 19 0
2412 2922 15 21 2
2455 2924 14 20 0

2022 2945 85 27 Ducks,
2116 2945 35 23 do.
2163 2946 50 22 do..
2232 2948 12 20 0
2272 2948 12 20 5
2312 2949 14 19 0
2341 2962 15 6 ..
2373 2950 14 20 0
2413 2950 16 21 0
2455 2951 15 20 0

1885 2971 63 23 Eggs
1955 2979 6 14 :
1976 2971 45 22 Per
2030 2971 72 23 dozen
2232 2975 14 20 0
2272 2975 15 21 4
2312 2976 14 20 0
2340 2988 16 7 ..
2373 2977 14 20 0
2414 2978 15 20 0
2455 2978 15 20 0

1886 3025 78 23 Cows:
1978 3025 73 23 Milch
2217 3029 28 20 20
2272 3030 13 19 0
2312 3030 13 19 0
2340 3030 46 21 ..30
2413 3031 14 20 0
2454 3032 15 20 0

1886 3053 97 21 Mares:
1998 3053 76 22 Brood
2216 3056 28 20 50
2270 3057 14 20 0
2311 3056 13 21 0
2340 3057 46 20 ..90
2413 3058 15 21 0
2454 3058 15 21 0

1886 3079 117 23 Working
2020 3081 132 22 Bullocks:
2175 3081 43 22 Per

1912 3107 51 27 pair
2218 3110 28 21 40
2272 3111 14 20 0
2312 3110 14 20 0
2340 3110 47 21 ..60
2414 3112 15 21 0
2456 3112 14 21 0

1886 3133 64 22 Hire
1962 3141 26 14 of
1997 3142 70 13 ditto
2074 3142 5 13 :
2094 3135 43 21 Per
2144 3135 52 27 day,
2204 3142 14 15 a

1912 3163 63 19 team
1984 3161 46 22 and
2037 3161 73 22 driver
2231 3164 12 20 1
2272 3164 13 19 0
2312 3164 14 19 0
2341 3176 15 7 ..
2373 3164 14 20 2
2414 3166 15 21 0
2455 3167 15 20 0

1886 3187 89 22 Sheep:
1990 3188 63 21 Each
2230 3191 12 20 1
2269 3190 14 21 3
2310 3190 14 20 0
2340 3202 16 8 ..
2373 3192 11 20 1
2413 3192 14 21 8
2454 3193 15 20 0

1885 3215 65 22 Boat
1960 3215 75 22 Hire:
2049 3215 44 22 Per
2098 3215 50 28 day,
2153 3215 64 22 with-

1874 3248 2 31 |
2077 3246 40 18 out
2126 3242 87 22 hands.
2228 3243 55 21 010
2309 3244 14 20 0
2339 3256 16 8 ..
2372 3245 10 20 1
2412 3246 15 21 0
2453 3247 15 20 0

1886 3295 87 22 Wages
1980 3303 5 14 :
2013 3295 139 28 Mechanics,
2177 3303 41 20 per

2041 3322 61 23 week
2229 3324 15 19 2
2271 3324 14 21 0
2311 3325 74 22 0..3
2414 3328 15 20 0
2455 3328 14 21 0

2023 3349 125 22 Labourers
2166 3363 45 7 ....
2229 3351 12 20 1
2257 3351 27 20 10
2311 3352 13 20 0
2340 3365 16 7 ..
2373 3354 11 20 1
2400 3354 27 21 16
2455 3356 13 19 0

661 122 40 20 To
716 120 162 21 Gentlemen
892 119 148 27 intending
1054 121 29 19 to
1098 121 76 19 enter
1188 120 59 21 into

686 148 46 20 the
760 146 143 27 profitable
931 146 110 26 pursuit
1070 145 30 21 of
1127 146 120 26 Grazing

687 174 56 21 and
762 172 136 27 Breeding
917 173 93 24 Stock,
1032 172 43 21 for
1094 172 90 22 which
1204 174 43 19 the

686 200 90 21 fertile
795 199 110 21 Islands
925 197 32 23 of
974 199 71 20 New
1061 199 122 22 Zealand
1203 205 43 16 are

686 232 32 15 so
734 226 151 26 peculiarly
898 226 128 25 adapted.

661 260 91 22 rfIHE
762 259 152 27 undersigned
922 261 45 25 beg
976 263 22 18 to
1007 259 83 23 inform
1099 259 147 23 theirfriends

666 282 30 27 JL
730 287 47 21 and
791 287 39 22 the
844 287 75 27 public
935 286 123 28 generally,
1074 286 49 22 that
1139 287 54 28 they
1202 287 45 21 will

660 317 100 19 contract
784 314 36 22 for
837 313 38 21 the
901 313 99 27 delivery
1025 313 27 21 of
1071 313 38 21 the
1133 313 114 27 following

660 340 133 27 description
807 340 26 22 of
840 339 72 28 Stock,
920 341 24 21 in
953 346 45 21 any
1008 339 55 23 Port
1072 339 26 22 of
1110 339 38 23 the
1158 340 87 22 Islands

661 367 24 21 of
691 367 58 26 New;
758 367 100 22 Zealand
866 374 5 14 :
873 378 29 5 —

686 393 97 23 Horned
798 393 67 23 cattle
883 392 126 29 (improved
1021 392 89 27 breeds)
1127 393 26 21 of
1164 393 31 22 all
1209 393 36 22 de-

660 421 124 27 scriptions,

685 447 93 32 Horsesj
800 447 58 22 from
879 447 38 21 the
939 447 51 21 best
1009 446 94 27 English
1123 446 122 27 andjArab

658 474 69 27 studs,
745 474 93 22 suitable
854 473 35 22 for
907 473 86 28 racing,
1008 473 84 28 saddle,
1103 480 26 14 or
1139 473 91 23 harness
1238 481 5 20 ;

659 501 45 23 and
712 501 109 28 breeding
830 507 79 21 mares,

686 529 59 21 Pure
755 528 75 22 Saxon
840 527 45 22 and
894 527 86 22 merino
991 534 65 19 ewes,

685 554 122 23 Half-bred
823 554 113 22 Leicester
950 553 46 22 and
1011 553 87 21 merino
1117 560 62 20 ewes,
1197 561 48 20 par-

659 581 103 28 ticularly
772 581 95 28 adapted
880 581 35 21 for
923 580 45 22 this
978 583 101 24 country,
1091 587 24 13 as
1123 580 55 27 they
1183 581 61 22 unite

658 608 83 26 weight
751 607 26 23 of
783 614 86 16 carcass
878 607 53 22 with
940 607 99 21 fineness
1050 606 25 22 of
1080 606 64 22 wool.

685 634 49 23 The
757 634 151 27 undersigned
930 640 43 16 can
1000 633 167 22 accommodate
1194 641 51 21 pur-

659 661 89 23 chasers
763 661 26 21 of
802 661 57 21 their
869 660 67 22 Stock
954 660 54 22 with
1025 660 114 22 extensive
1153 661 91 26 grazing

657 696 62 18 runs,
730 687 77 23 within
817 689 40 20 100
867 687 64 22 miles
942 687 26 21 of
974 687 44 21 this
1028 687 60 21 Port.

918 719 37 22 W.
971 719 26 21 B.
1012 719 94 21 Rhodes
1120 719 45 22 and
1179 720 39 21 Co.

661 764 91 49 THE
776 765 78 20 Nelson
877 765 116 20 Examiner
1016 765 43 20 and
1079 765 53 19 New
1154 765 91 20 Zealand

735 792 107 20 Chronicle
857 790 126 30 (published
994 794 24 18 at
1026 790 101 28 Nelson,)
1143 791 20 22 is
1180 799 64 21 regu-

657 818 57 28 larly
733 818 142 23 transmitted
889 821 29 22 to,
926 818 147 27 Wellington,
1092 818 45 22 and
1151 826 53 21 may
1217 819 25 22 be

657 845 44 22 had
711 847 25 20 at
743 845 39 22 the
791 846 63 21 office
864 845 26 22 of
901 845 43 22 this
953 851 77 21 paper.

685 879 48 23 The
743 881 77 20 Nelson
829 881 115 20 Examiner
959 879 46 22 will
1014 879 28 22 be
1052 879 70 22 found
1131 887 29 14 an
1171 880 72 22 excel-

657 907 49 22 lent
713 907 99 22 medium
823 907 34 22 for
867 907 138 22 advertisers.

684 941 78 21 Terms
772 941 33 21 for
815 941 37 21 the
862 948 73 20 paper,
946 943 38 19 ten
993 940 101 27 shillings
1107 947 40 20 per
1155 943 89 25 quarter

656 967 95 28 payable
759 968 25 21 in
793 968 108 22 advance.

685 994 82 32 Orders
790 994 34 22 for
844 994 37 21 the
903 1001 68 20 paper
993 994 47 21 and
1061 993 182 23 advertisements

659 1020 103 22 received
772 1023 22 19 at
804 1021 37 21 the
852 1020 70 22 Office
932 1020 26 22 of
971 1020 43 22 this
1024 1027 75 21 paper.

752 1073 92 21 Union
857 1074 80 20 Bank
951 1073 31 21 of
998 1074 150 21 Australia.

658 1106 96 22 London
772 1107 92 26 Office,
880 1107 44 21 No.
937 1107 37 26 38,
993 1107 51 21 Old
1060 1107 182 23 Broad-street.

711 1138 94 28 Capital,
815 1139 121 27 £800,000;
957 1138 53 28 paid
1019 1147 37 19 up,
1071 1138 119 28 £500,000.

891 1169 110 14 DIRECTORS
1005 1171 6 12 :

764 1187 67 21 George
838 1187 39 15 Fife
884 1187 66 20 Angas,
959 1187 50 20 Esq.,

762 1207 69 17 Robert
836 1208 75 19 Brooks,
921 1208 49 19 Esq.,

763 1228 61 17 James
831 1228 49 16 John
887 1228 99 19 Cummins,
995 1228 49 20 Esq.,

763 1249 68 16 Robert
837 1249 95 20 Gardener,
944 1249 49 19 Esq.,
1005 1249 122 19 Manchester,

763 1270 47 16 John
818 1270 46 16 Gore
880 1270 47 20 Esq.,

762 1291 48 16 John
817 1290 80 17 William
903 1289 76 19 JBuckle,
984 1290 49 20 Esq.,

762 1311 95 20 Benjamin
864 1312 22 16 E.
892 1311 64 20 Lindo,
964 1311 48 20 Esq.,
1041 1326 7 7 %

763 1333 72 16 Charles
844 1332 74 16 Edward
925 1331 89 21 Mangles,
1022 1332 49 20 Esq.,

763 1353 115 20 Christopher
884 1353 83 18 Rawson,
976 1352 48 21 Esq.,
1037 1352 80 21 Halifax,

763 1374 77 16 Thomas
848 1374 62 18 Sands,
918 1374 49 20 Esq.,
974 1373 101 21 Liverpool,

762 1395 61 16 James
831 1394 55 20 Bogle
893 1394 65 19 Smith,
963 1394 49 19 Esq.,

762 1416 61 16 James
831 1415 79 17 Ruddell
915 1415 57 19 Todd,
980 1415 43 19 Esq.

656 1444 87 18 Trustees
748 1448 4 12 :
769 1443 80 16 George
860 1442 56 16 Caru
927 1442 61 20 Gltn,
1000 1442 51 21 Esq.,
1061 1442 52 17 John
1125 1442 61 21 Gore,
1195 1443 47 21 Esq.,

804 1464 35 16 and
847 1463 66 16 James
919 1463 17 16 J.
944 1463 101 20 Cummins,
1055 1464 42 19 Esq.

684 1486 92 17 Bankers:
788 1485 74 17 Messrs.
869 1485 60 19 Glyk,
941 1484 117 20 Hallifax,
1065 1485 71 19 Milis,
1143 1485 36 17 and
1187 1485 31 17 Co.

777 1507 100 19 Secretary:
889 1505 83 17 Samuel
979 1505 94 24 Jackso/t,
1081 1506 43 20 Esq.

748 1527 80 16 Colonial
833 1526 102 21 Inspector:
948 1526 17 17 J.
973 1526 19 16 C.
998 1526 105 20 M'Larex,
1110 1527 43 20 Esq.

778 1575 68 21 New
864 1574 122 21 Zealand
1005 1575 116 20 Branch.

656 1609 54 17 Local
717 1609 91 16 Directors
813 1613 5 12 :
834 1608 47 16 Geo.
892 1608 18 16 S.
920 1608 73 17 Evaks,
1006 1608 50 21 Esq.,
1067 1608 70 19 D.C.L.,
1149 1609 37 17 and
1198 1609 45 16 Geo.

876 1629 91 19 Hunter,
980 1629 43 20 Esq.

657 1658 96 21 Manager:
764 1657 48 17 John
819 1657 73 19 Smith,
899 1657 49 20 Esq.,
955 1656 37 16 late
1000 1657 21 16 of
1029 1657 31 17 the
1067 1657 118 17 Commercial
1190 1658 53 16 Bank

824 1678 20 16 of
853 1677 88 21 England,
952 1677 123 18 Manchester.

766 1698 114 23 Branches
890 1702 23 19 at
927 1698 99 28 Sydney,

927 1726 91 22 Hobart
1026 1726 75 27 Town,

928 1754 150 26 Launceston,
1091 1753 45 22 and

928 1780 55 22 Port
992 1780 81 28 Philip.

657 1807 53 22 Port
718 1806 131 28 Nicholson,
861 1806 78 23 March
950 1808 34 26 24,
996 1808 62 21 1840.

657 1860 92 50 THE
765 1861 114 22 Directors
896 1860 25 22 of
935 1860 41 23 the
991 1860 59 23 New
1064 1861 101 22 Zealand
1179 1862 65 21 Land

731 1888 116 28 Company
860 1887 84 28 hereby
961 1887 60 27 give.
1028 1888 81 26 notice,
1127 1888 49 22 that
1190 1888 52 28 they

656 1914 57 23 have
719 1922 114 15 effected
842 1922 30 14 an
883 1922 173 15 arrangement
1063 1915 52 22 with
1123 1915 37 22 the
1167 1916 75 21 Union

656 1942 65 21 Bank
735 1942 26 21 of
776 1941 120 27 Australia,
913 1942 44 21 No.
974 1943 33 25 38,
1023 1942 45 21 Old
1084 1942 157 27 Bvoad-street,

656 1968 102 27 London,
769 1968 35 22 for
812 1968 38 22 the
863 1968 168 22 establishment
1045 1969 26 21 of
1084 1976 14 14 a
1112 1968 131 22 BRANCH

656 1995 89 22 BANK
759 1995 35 22 IN
808 1994 72 23 NEW
893 1995 159 28 ZEALAND,
1065 1995 96 28 through
1171 1996 72 22 which

656 2022 37 21 the
701 2022 103 21 business
817 2022 25 21 of
855 2021 37 22 the
910 2022 56 21 New
982 2022 101 21 Zealand
1096 2022 65 21 Land
1178 2021 64 23 Coni*
1249 2032 2 12 i

656 2055 60 21 pany
724 2048 46 21 will
777 2048 28 22 be
815 2048 133 21 transacted.
977 2048 48 21 The
1040 2048 114 22 Directors
1171 2048 60 22 there
1232 2062 10 12 7
1249 2043 2 34 j

656 2076 45 21 fore
711 2074 145 23 recommend
865 2077 23 20 to
905 2074 111 23 Colonists
1031 2075 39 22 the
1087 2075 75 22 Union
1178 2076 65 21 Bank

657 2102 26 21 of
699 2102 115 21 Australia
831 2109 24 14 as
873 2109 28 14 an
927 2101 170 22 establishment
1117 2103 126 27 possessing

656 2129 57 22 their
729 2128 69 23 entire
821 2128 137 28 confidence,
978 2128 46 23 and
1043 2128 49 23 able
1110 2132 23 18 to
1151 2130 91 27 provide

656 2156 126 26 effectually
796 2156 35 21 for
845 2155 39 22 the
897 2155 107 22 financial
1018 2159 71 18 wants
1106 2156 33 21 of-
1143 2156 37 22 the
1196 2156 47 22 first

656 2183 134 21 settlement.

822 2209 35 27 By
867 2209 65 22 order
941 2208 27 23 of
978 2209 38 21 the
1026 2209 79 27 Board,

899 2243 85 22 JOHN
998 2243 105 27 WARD,
1118 2244 123 27 Secretary.

656 2271 55 22 New
721 2270 100 22 Zealand
830 2270 66 21 Land
904 2271 136 26 Company's
1050 2270 77 28 Office,

648 2316 11 3 _
683 2300 18 21 1,
713 2298 159 25 Adam-street,
884 2297 104 27 Adelphi,
1000 2297 54 22 27th
1063 2298 59 25 Aug.
1141 2299 60 21 1839.

784 2343 132 27 Building
934 2344 178 21 Allotments.

657 2376 88 49 FOR
769 2377 85 27 SALE,
877 2377 102 26 building
1004 2377 133 28 allotments,
1161 2377 82 28 having

729 2403 113 28 frontages
852 2411 29 14 on
892 2404 73 21 Willis
975 2404 43 21 and
1031 2404 109 21 Ghuznee
1151 2405 89 26 Streets,

655 2433 42 19 two
715 2430 26 21 of
751 2431 38 21 the
802 2431 110 27 principal
926 2434 79 18 streets
1019 2432 26 20 of
1057 2431 37 21 the
1103 2434 67 19 town.
1200 2431 43 22 For

655 2457 64 28 plans
729 2457 45 22 and
783 2457 136 28 particulars,
930 2458 67 27 apply
1007 2461 23 18 to
1249 2476 2 3 ,

1063 2485 29 22 A.
1108 2485 107 22 Ludlam.

852 2519 73 14 TERMS
941 2519 108 15 LIBERAL.

683 2537 146 28 Wellington,
841 2538 58 21 June
910 2540 32 25 28,
955 2540 61 20 1842.

657 2583 171 27 Wellington
849 2584 54 20 and
922 2584 156 26 Wanganui
1079 2595 28 4 —
1107 2585 91 21 Lands
1212 2586 28 19 to

895 2612 33 19 be
943 2612 58 19 Let.

657 2643 122 22 mOWN
802 2643 210 23 ALLOTMENTS
1037 2645 24 21 in
1084 2642 30 24 all
1137 2648 60 24 parts
1221 2645 24 22 of

663 2665 31 27 JL
731 2670 137 28 Wellington
885 2671 44 22 and
937 2671 134 28 Wanganui,
1084 2671 46 22 and
1144 2673 98 27 Country

657 2697 98 22 Sections
768 2698 24 21 in
808 2697 54 22 both
877 2698 104 27 districts,
997 2702 23 18 to
1035 2699 28 21 be
1077 2698 31 22 let
1117 2706 29 14 on
1163 2699 77 22 leases.

657 2724 42 22 For
708 2724 64 28 plans
781 2725 46 21 and
835 2725 139 27 particutars,
986 2725 67 27 apply
1063 2729 21 18 to

987 2754 89 21 Henry
1091 2753 36 21 St.
1143 2752 71 23 Hill.

684 2777 55 28 July
748 2779 19 26 1,
778 2780 62 20 1842.

806 2824 39 21 To
860 2824 34 21 be
909 2825 49 20 Let
973 2831 31 14 or
1020 2825 74 21 Sold.

657 2857 50 48 A
724 2856 105 22 SMALL
844 2857 90 22 FARM
949 2857 26 22 of
981 2858 26 21 25
1018 2865 62 15 acres
1089 2866 28 14 on
1128 2859 37 21 the
1176 2859 64 26 Hutt,

736 2883 38 21 the
782 2883 69 22 whole
861 2883 94 28 cleared,
965 2885 109 28 stumped,
1081 2885 105 28 inclosed,
1198 2886 44 21 and

657 2909 25 22 fit
691 2911 34 21 for
735 2909 37 22 the
787 2910 83 28 plough
877 2918 6 19 ;
897 2914 49 24 part
960 2911 72 22 under
1044 2919 61 20 crop.
1132 2913 110 27 Together

657 2936 52 22 with
728 2944 15 14 a
761 2937 130 22 substantial
909 2938 44 22 and
971 2938 145 23 comfortable
1135 2940 107 21 weather-

657 2963 98 22 boarded
769 2964 45 22 and
828 2963 71 23 slated
914 2964 77 27 house,
1004 2965 123 22 three-stall
1135 2966 108 23 weather-

656 2990 100 22 boarded
764 2991 76 26 stable,
848 2991 44 22 and
901 2991 62 22 other
968 2993 168 22 conveniences.
1165 2994 77 21 Terms

656 3017 85 27 liberal,
753 3017 66 28 apply
828 3021 23 19 at
859 3017 44 23 this
914 3019 77 21 Office.

684 3052 56 26 May
749 3053 34 26 24,
795 3053 60 21 1842.

892 3099 39 21 To
946 3099 59 25 Let,

659 3132 87 50 FOR
760 3132 55 22 such
824 3140 14 14 a
847 3135 56 19 term
913 3132 26 22 of
944 3140 65 21 years
1019 3140 24 14 as
1059 3140 52 20 may
1120 3133 28 23 be
1162 3135 81 27 agreed

730 3167 37 19 on,
778 3160 34 21 six
822 3166 62 15 acres
900 3160 65 27 along
981 3160 39 21 the
1030 3160 46 22 Kai
1090 3160 151 29 Warra-road,

657 3193 28 15 on
696 3186 87 22 Section
794 3186 43 22 No.
846 3187 20 26 4,
882 3186 25 22 in
922 3194 42 14 one
981 3194 26 14 or
1023 3194 61 15 more
1099 3187 50 23 lots.
1173 3189 69 27 -Also,

656 3213 88 22 wanted
763 3220 14 14 a
795 3215 123 20 contractor
934 3214 37 21 for
989 3214 102 27 building
1109 3222 13 14 a
1136 3216 108 22 weather-

656 3239 101 23 boarded
769 3240 76 26 house,
862 3237 54 26 wilh
932 3240 63 23 brick
1014 3240 117 29 chimnies,
1146 3249 30 15 on
1196 3242 48 23 said
1249 3240 2 34 |

657 3267 92 21 section.
778 3267 75 28 Apply
863 3270 22 18 to
1033 3271 3 5 '

846 3300 50 22 Mr.
909 3300 156 28 Macdonald,
1076 3300 44 24 Kai
1130 3302 87 23 Warra.

683 3326 45 23 Kai
738 3326 86 28 Warra,
835 3327 54 27 July
900 3329 20 25 8,
931 3328 62 21 1842.
1133 3332 3 14 :

882 3379 53 21 For
950 3379 71 25 Sale,

657 3412 94 49 THE
767 3412 144 22 COTTAGE
925 3412 94 23 situated
1030 3414 24 22 in
1071 3414 100 23 Oriental
1187 3416 55 27 Bay,

731 3439 45 22 and
790 3439 69 27 lately
867 3440 107 28 occupied
988 3440 31 27 by
1030 3440 38 22 the
1085 3441 157 28 undersigned.

657 3466 23 22 A
694 3466 54 27 long
765 3466 61 22 lease'
844 3466 24 22 of
885 3466 38 22 the
937 3466 85 22 section
1037 3474 59 21 upon
1115 3469 73 22 which
1207 3469 37 23 the

655 3493 70 22 house
734 3493 76 21 stands
819 3493 45 22 will
873 3493 28 21 be
910 3493 104 27 granted.

682 3520 71 22 Town
761 3520 56 22 land
824 3520 46 22 will
878 3520 28 22 be
915 3520 102 26 taken,in
1026 3521 123 28 exchange.

683 3547 43 22 For
735 3546 84 23 further
827 3546 141 29 particulars,,
975 3548 69 27 apply
1052 3551 23 19 to

978 3579 97 23 George
1089 3575 89 33 DuppaJ
1194 3589 25 14 or

946 3624 3 5 ■
976 3612 36 23 W.
1021 3603 37 33 V.
1073 3614 109 23 Brewer.

683 3638 54 27 July
748 3638 20 24 7,
778 3640 61 21 1842.
999 3650 4 2 ■

827 3684 77 20 Land
918 3683 29 22 in
961 3684 109 22 Karori.

657 3716 178 49 WANTED
866 3717 42 23 TO
935 3716 174 30 PURCHASE,
1138 3718 56 23 land
1219 3720 24 22 in

755 3743 80 23 Karori
845 3743 91 24 district.
965 3744 79 28 Apply
1052 3748 23 19 to

1054 3772 64 23 John
1132 3772 84 24 Wade.

684 3795 31 23 Te
726 3796 55 25 Aro,
795 3796 60 23 June
866 3798 19 26 1,
897 3799 61 20 1842.

882 3842 52 21 For
948 3843 71 25 Sale,

659 3873 138 31 rpEGG'S
811 3874 102 23 SHEET
925 3875 199 24 ALMANACKS
1139 3878 34 22 for
1183 3879 59 25 1842,

667 3896 29 26 A
734 3899 83 29 Tegg's'
823 3901 108 28 Washing
941 3902 71 28 Book,

685 3927 82 28 Tegg's
776 3929 146 22 Commercial
931 3929 86 22 Pocket
1026 3930 94 23 Diaries.

661 3962 85 21 Gaxette
757 3960 77 28 Office,
847 3960 58 24 June
914 3962 34 27 25,
960 3963 60 21 1842.

1275 120 88 19 Town
1386 120 56 20 and
1465 120 123 25 Country
1607 120 76 20 Land
1703 120 30 20 to
1754 120 52 21 Let
1825 125 37 16 on

1465 146 80 27 Long
1564 146 106 21 Leases.

1275 178 99 50 NOS.
1392 179 26 21 of
1433 179 37 22 the
1489 183 60 19 town
1568 186 62 15 acres
1647 187 28 15 on
1693 179 38 23 the
1750 180 111 27 Surveyor

1475 205 117 23 General's
1601 206 62 27 Plan,

1383 233 42 21 224
1550 233 41 22 510
1710 234 40 21 263

1275 258 44 22 For
1327 256 139 30 particulars,
1478 259 68 28 apply
1555 263 22 19 to

1437 292 125 29 Wallace,
1572 293 91 28 White,
1675 293 46 22 and
1733 293 125 22 Wallace.

1301 318 56 28 May
1365 320 35 26 31,
1412 321 60 20 1842.

1275 370 66 49 TO
1360 370 40 22 BE
1420 371 88 26 SOLD,
1522 372 25 21 in
1561 371 43 22 lofs
1618 375 23 18 to
1659 373 44 21 suit
1720 373 137 27 purchasers,

1339 397 39 22 the
1393 397 70 22 whole
1482 398 26 21 of
1519 400 59 19 town
1593 406 49 14 acre
1658 400 43 21 No.
1712 401 46 24 134,
1777 406 29 15 on
1821 399 37 21 the

1273 423 51 27 plan
1336 423 26 21 of
1365 423 46 23 the
1411 423 63 23 Town
1482 425 25 21 of
1510 425 144 28 Wellington,-
1658 426 82 27 having
1745 426 115 27 frontages

1273 453 22 18 to
1305 450 191 23 Taranaki-street
1505 451 45 22 and
1560 452 192 27 Ingestrie-street.
1781 453 78 22 Terms

1271 476 86 23 liberal.
1386 477 73 29 Apply
1471 482 24 17 to

1610 505 35 23 W.
1656 505 28 22 V.
1696 506 108 27 Brewer,

1665 533 193 22 Manners-street.

1299 557 60 21 June
1369 557 33 26 17,
1414 559 60 21 1842.

1348 602 134 26 Building
1496 604 168 21 Allotments
1677 606 29 19 to
1722 606 59 21 Let.

1273 634 91 35 rpHE
1383 635 201 23 ADVERTISER
1598 637 64 21 offers
1675 644 61 20 upon
1752 637 108 28 Building

1280 658 29 25 JL
1347 661 90 28 Leases,
1448 669 13 14 a
1470 663 96 21 number
1576 661 26 23 of
1612 663 68 23 Town
1688 664 137 23 Allotments
1833 665 25 22 in

1272 687 38 23 the
1318 691 60 19 most
1387 688 110 22 desirable
1505 693 61 23 parts
1576 690 25 21 of
1611 690 43 22 this
1664 691 139 22 Settlement.

1298 714 48 23 The
1365 715 110 22 attention
1493 716 26 21 of
1536 715 38 23 the
1590 717 73 26 public
1679 717 19 21 is
1714 718 144 28 particularly

1272 741 71 22 called
1362 745 23 19 to
1405 742 37 22 the
1460 742 126 27 advantage
1605 743 26 21 of
1646 743 105 28 Building
1768 745 88 28 Leases,

1271 768 73 22 which
1353 768 39 22 the
1400 768 153 28 undersigned
1561 770 18 20 is
1591 770 93 22 enabled
1693 773 22 19 to
1725 775 73 23 grant,
1806 772 50 27 viz.,

1272 795 56 22 from
1338 802 67 15 seven
1417 799 23 19 to
1456 799 139 24 twenty-one
1611 804 71 20 years,
1699 797 121 28 according
1835 802 22 18 to

1272 822 36 22 the
1325 822 67 22 value
1412 823 26 21 of
1456 823 40 21 the
1519 823 113 27 buildings
1651 824 110 27 proposed
1783 828 24 18 to
1829 825 29 22 be

1272 849 96 22 erected.
1397 849 76 28 Apply
1483 853 23 18 to

1435 884 28 21 A.
1479 884 107 26 Ludlam,
1598 891 25 14 or

1433 910 36 22 W.
1485 910 29 22 V.
1528 911 108 27 Brewer,
1650 912 194 22 Manners-street.

1271 954 117 48 LAND
1404 957 22 19 to
1435 955 28 21 be
1475 955 52 21 Sold
1539 962 25 14 or
1573 955 43 22 Let
1623 957 33 21 Ton
1672 955 102 28 building
1787 957 70 21 leases

1346 981 25 21 in
1381 981 30 21 all
1421 985 60 24 parts
1491 982 26 21 of
1524 982 36 22 the
1570 983 76 21 Town.
1675 983 75 28 Apply
1760 988 23 17 to

1380 1014 90 23 Messrs.
1487 1015 78 22 Evans
1579 1016 45 21 and
1639 1016 118 27 Chetiiam,

1576 1042 117 28 Solicitors,

1641 1070 187 27 Lambton-quay.

1270 1117 3 5 ,
1282 1109 9 3 -
1299 1094 57 27 May
1365 1096 34 25 23,
1411 1096 59 21 1842.

1439 1140 89 21 Beach
1546 1141 142 27 Frontage.

1274 1174 64 48 TO
1353 1173 40 22 BE
1409 1174 64 27 LET,
1489 1174 71 21 beach
1569 1174 100 27 frontage
1684 1175 43 22 lots
1737 1176 23 21 in
1772 1178 85 19 section

1343 1202 43 20 490
1396 1208 29 14 on
1442 1201 36 21 the
1489 1201 57 21 Plan
1557 1201 25 22 of
1590 1201 37 21 the
1637 1202 65 21 Town
1718 1202 25 21 of
1749 1202 108 26 Welling-

1272 1230 45 25 ton,
1328 1227 116 28 adjoining
1454 1228 44 21 Mr.
1506 1228 89 21 Taine's
1602 1231 66 24 store;
1685 1228 45 21 and
1738 1229 24 21 in
1773 1229 83 22 section

1271 1256 46 25 616,
1325 1255 102 21 between
1435 1255 76 27 Major
1519 1255 90 21 Baker's
1620 1255 43 21 and
1670 1255 45 22 M-r.
1723 1256 134 22 Swainson's

1270 1280 88 23 houses.
1416 1296 2 5 .
1691 1278 8 15 *

1298 1307 55 22 Also
1364 1307 37 22 the
1410 1307 114 28 following
1533 1308 97 22 sections
1640 1316 27 14 on
1677 1308 37 22 the
1722 1309 56 22 Plan
1787 1309 26 22 of
1820 1309 36 22 the

1270 1334 77 28 Town,
1357 1335 36 21 viz
1400 1343 5 14 :
1407 1347 28 3 —

1374 1362 26 21 55
1538 1363 41 21 319
1726 1364 41 20 922

1360 1389 43 21 240
1538 1389 41 22 718
1629 1400 5 2 -
1713 1391 54 21 1079

1298 1415 76 27 Apply
1387 1418 24 19 to

1447 1442 26 22 E.
1489 1442 23 22 J.
1527 1442 148 28 Wakefield,
1692 1450 25 14 or

1447 1469 36 20 W.
1499 1469 28 22 V.
1542 1470 107 26 Brewer,
1663 1470 192 23 Manners-street.

1271 1514 122 26 Country
1408 1514 124 21 Sections
1552 1515 43 20 for
1614 1516 58 20 Sale
1694 1521 35 15 on
1748 1516 108 20 Liberal

1516 1542 101 20 Terms.

1272 1572 164 50 SEVERAL
1470 1573 102 22 Sections
1600 1574 26 21 of
1655 1574 100 27 Country
1783 1574 72 28 Land,

1335 1599 92 28 already
1437 1599 82 23 chosen
1528 1601 25 21 in
1563 1600 37 22 the
1613 1601 92 22 Porirua
1719 1601 92 28 district,
1822 1601 35 22 for

1271 1626 57 27 Sale,
1339 1634 75 14 terms
1424 1634 105 14 liberal.
1559 1627 76 28 Apply
1644 1630 21 19 to

1365 1660 25 21 F.
1405 1660 30 22 A.
1449 1660 172 28 Molesworth,
1637 1661 184 27 Murphy-street,
1832 1669 24 14 or

1366 1687 34 21 W.
1416 1687 28 22 V.
1458 1688 109 27 Brewer,
1578 1688 192 22 Manners-street.

1438 1733 91 20 Beach
1541 1734 143 26 Frontage.

1272 1765 66 49 TO
1349 1766 39 21 BE
1403 1766 86 26 SOLD,
1498 1766 24 22 in
1531 1766 43 22 lots
1585 1766 25 22 of
1616 1770 38 18 not
1663 1766 43 23 less
1713 1767 54 22 than
1777 1769 28 20 20
1812 1767 45 22 feet

1358 1792 24 22 in
1400 1792 102 28 breadth,
1522 1794 38 21 the
1580 1793 70 22 whole
1668 1793 25 22 of
1713 1794 37 21 the
1770 1794 86 22 section

1270 1819 44 22 No.
1320 1820 42 21 485
1372 1827 30 14 on
1412 1820 37 21 the
1457 1820 56 21 Plan
1524 1821 25 20 of
1553 1820 38 21 the
1600 1820 68 21 Town
1678 1820 25 22 of
1709 1820 146 28 Wellington,

1270 1845 83 28 having
1362 1846 113 28 frontages
1484 1854 61 20 upon
1557 1846 179 28 Lambton-quay
1741 1848 45 21 and
1796 1855 60 20 upon

1270 1872 242 28 Wellington-terrace.
1541 1873 110 22 One-half
1663 1876 21 19 oi
1701 1874 37 21 the
1746 1874 110 28 purchase

1271 1907 81 19 money
1359 1900 45 21 will
1413 1900 27 22 be
1447 1900 95 22 allowed
1551 1904 21 17 to
1579 1900 84 22 remain
1672 1908 59 19 upon
1741 1905 115 23 mortgage

1270 1926 34 21 for
1313 1926 44 21 five
1366 1934 71 20 years,
1454 1930 23 18 at
1494 1929 26 20 10
1534 1935 40 19 per
1588 1931 58 18 cent.
1673 1928 77 22 Terms
1760 1936 54 20 may
1828 1929 28 21 be

1270 1953 91 22 learned
1372 1961 29 14 on
1412 1954 134 27 application
1557 1959 22 16 to

1539 1989 99 21 Hanson
1652 1987 44 22 and
1710 1988 117 22 Alzdorf.

1390 2034 3 3 '
1405 2033 87 18 Town
1507 2033 77 20 Land
1595 2032 42 20 for
1651 2033 67 20 Sale.

1271 2065 92 49 THE
1378 2065 72 21 whole
1467 2065 26 21 of
1506 2069 60 18 town
1576 2066 94 22 sections
1684 2066 55 22 Nos.
1748 2064 52 30 285,'
1807 2068 47 26 106,

1345 2091 45 22 and
1407 2093 46 26 878,
1465 2092 47 22 and
1525 2096 49 23 part
1585 2093 24 21 of
1623 2096 57 18 town
1695 2094 98 21 sections
1807 2095 47 25 204,

1270 2120 47 25 248,
1328 2119 46 21 and
1388 2120 41 20 528
1445 2126 37 15 are
1497 2119 82 22 offered
1588 2119 35 22 for
1632 2120 50 22 sale.
1712 2119 59 23 Half
1781 2121 26 21 of
1819 2121 37 21 the

1269 2145 109 28 purchase
1394 2153 83 20 money
1486 2149 23 18 to
1519 2147 85 21 remain
1616 2154 29 14 on
1659 2150 121 24 mortgage,
1793 2150 23 19 at
1830 2149 27 20 10

1270 2180 40 20 per
1319 2175 59 19 cent.
1405 2173 45 21 For
1458 2173 138 28 particulars,
1607 2173 65 28 apply
1681 2178 23 17 to

1543 2206 98 23 Hanson
1654 2207 44 22 and
1712 2208 117 21 Alzdorf.

1385 2257 124 26 Country
1524 2257 77 21 Land
1614 2257 42 21 for
1670 2258 68 21 Sale.

1271 2290 67 48 TO
1353 2290 39 21 BE
1407 2290 79 22 SOLD
1504 2290 35 22 IN
1555 2290 82 28 LOTS,
1652 2295 27 21 to,
1690 2291 44 22 suit
1748 2291 38 23 the
1803 2299 53 15 con-

1345 2317 108 21 venience
1464 2318 27 20 of
1497 2318 138 26 purchasers,
1644 2318 41 22 No.
1693 2320 13 20 3
1715 2319 24 21 in
1749 2319 37 21 the
1797 2323 59 17 town

1271 2343 90 27 district,
1373 2344 44 21 No.
1427 2345 27 21 44
1462 2344 24 21 in
1498 2344 36 22 the
1550 2344 59 22 Hutt
1619 2345 89 26 district,
1720 2345 44 22 and
1774 2346 44 21 No.
1829 2348 27 20 68

1270 2370 23 21 in
1310 2370 36 21 the
1367 2370 92 22 Porirua
1478 2371 98 22 district:
1592 2371 55 22 half-
1653 2372 24 22 of
1693 2372 41 21 the'
1746 2373 110 26 purchase

1270 2405 81 19 money
1360 2398 46 20 will
1421 2398 26 21 be
1457 2398 95 22 allowed
1567 2401 22 18 to
1598 2399 83 21 remain
1693 2406 27 14 on
1731 2403 123 24 mortgage,

1270 2427 24 18 at
1303 2425 25 21 10
1336 2431 41 20 per
1386 2428 59 18 cent.
1474 2424 46 22 For
1527 2425 136 28 particulars,
1675 2425 65 28 apply
1750 2429 23 19 to

1541 2459 99 22 Hanson
1653 2459 43 22 and
1710 2460 117 22 Alzdorf.

1271 2504 67 48 TO
1352 2504 40 21 BE
1407 2504 66 27 LET,
1489 2504 40 22 the
1547 2507 62 19 town
1628 2512 48 14 acre
1693 2505 45 21 No.
1748 2507 51 26 210,
1824 2513 30 15 on

1343 2530 103 28 building
1454 2530 68 28 lease,
1531 2532 36 21 for
1574 2532 102 21 fourteen
1686 2539 71 20 years.

1296 2558 33 21 To
1337 2557 30 22 be
1376 2557 33 22 let
1416 2565 24 14 or
1449 2558 56 26 sold,
1516 2558 38 22 the
1565 2561 58 19 town
1632 2566 48 14 acre
1689 2559 44 21 No.
1744 2561 49 21 642.

1595 2591 29 22 A.
1639 2591 104 28 Ludlam,

1667 2619 72 21 Willis
1748 2620 78 21 Street.

1289 2665 86 19 Town
1390 2664 55 20 and
1459 2664 124 25 Country
1597 2665 75 20 Land
1686 2665 29 20 to
1730 2665 33 20 be
1780 2665 57 20 Let.

1272 2696 167 50 SECTIONS
1454 2696 47 22 and
1516 2697 100 26 portions
1633 2697 24 22 of
1670 2697 99 22 Sections
1785 2698 25 21 in
1825 2697 30 22 all

1339 2726 61 25 parts
1418 2724 26 21 of
1458 2723 38 21 the
1514 2724 71 22 Town
1603 2723 27 22 of
1644 2724 143 27 Wellington,
1808 2724 46 22 also

1270 2751 99 26 Country
1379 2751 100 21 Sections
1494 2751 25 20 in
1529 2751 38 21 the
1583 2750 93 22 districts
1693 2751 26 21 of
1731 2751 37 22 the
1786 2751 67 28 Hutt,

1270 2777 38 22 the
1320 2777 89 27 Karori,
1424 2777 34 22 the
1469 2777 77 27 Ohiro,
1559 2777 45 22 and
1616 2777 37 22 the
1661 2777 99 22 Porirua.
1790 2778 65 27 Long

1270 2805 69 21 leases
1350 2804 26 22 of
1383 2804 38 22 the
1438 2807 94 24 country
1541 2804 55 22 land
1611 2804 45 22 will
1671 2805 27 21 be
1713 2805 96 26 granted
1826 2812 30 15 on

1270 2831 130 22 reasonable
1411 2834 74 19 terms.
1515 2831 44 22 For
1568 2831 129 28 particulars
1706 2833 66 26 apply
1783 2835 23 18 to

1297 2865 98 21 Hanson
1405 2864 46 22 and
1465 2865 117 26 Alzdorf,
1592 2864 197 29 Thorndon-quay.
1799 2873 25 14 or
1833 2869 23 18 to

1297 2897 94 21 Robert
1402 2897 94 26 Stokes,
1507 2896 65 22 Land
1587 2897 109 28 Surveyor
1712 2897 44 22 and
1770 2897 84 28 Agent,

1452 2923 219 23 Woolcomb-street.

1270 2968 80 22 PORT
1371 2968 183 23 NICHOLSON
1583 2969 68 22 AND
1672 2969 184 22 WANGANUI.

1383 2996 90 21 Lands
1484 2997 29 19 to
1524 2997 33 20 be
1568 2997 50 20 Let
1628 3003 29 14 or
1665 2997 74 21 Sold.

1272 3029 163 50 SEVERAL
1455 3029 71 23 Town
1543 3030 46 22 and
1602 3031 99 28 Country
1719 3031 97 22 sections
1833 3031 25 21 in

1334 3056 39 22 the
1386 3057 53 21 Port
1449 3056 125 23 Nicholson
1590 3057 89 28 district,
1694 3057 46 22 and
1757 3058 101 27 Country

1270 3083 95 23 sections
1372 3083 24 22 in
1406 3083 37 23 the
1452 3083 129 28 Wanganui
1590 3084 90 27 district,
1690 3084 54 22 with
1752 3085 38 21 the
1798 3084 61 27 right

1271 3111 25 21 of
1315 3110 62 27 early
1395 3111 88 21 choices
1503 3111 82 26 (under
1600 3111 35 26 14)
1654 3111 24 22 of
1697 3111 37 22 the
1749 3111 109 22 intended

1270 3137 109 27 township
1386 3137 68 26 there,
1464 3140 22 18 to
1491 3137 29 21 be
1526 3137 50 23 sold
1582 3145 25 14 or
1677 3137 44 23 For
1727 3138 131 27 particulars

1271 3164 45 22 and
1324 3167 75 24 terms,
1411 3163 66 28 apply
1487 3167 24 18 to

1454 3191 97 21 Robert
1564 3191 29 21 R.
1608 3191 98 27 Strang,
1720 3191 110 23 Solicitor.

1279 3222 4 4 ■
1297 3217 145 27 Wellington,
1452 3217 60 21 Nov.
1522 3219 34 25 25,
1567 3219 52 20 1841
1644 3233 3 7 ,
1663 3241 3 6 t

1479 3263 168 21 Manewatu.

1273 3296 89 50 FOR
1376 3295 85 27 SALE,
1479 3302 15 15 a
1508 3296 103 22 valuable
1617 3309 4 4 -
1627 3297 84 22 section
1727 3297 26 22 of
1764 3297 56 23 land
1835 3300 24 20 at

1344 3323 138 26 Manewatu,
1501 3323 99 22 selected
1608 3323 69 23 under
1689 3323 44 23 No.
1744 3324 24 22 of
1781 3324 77 22 choice

1271 3352 48 20 420.
1356 3349 46 23 Mr.
1423 3349 85 28 Kettle,
1530 3350 118 28 Surveyor,
1666 3350 47 23 will
1735 3351 62 23 shew
1820 3351 38 23 the

1272 3376 95 28 ground.

1299 3403 44 23 For
1353 3407 77 23 terms,
1440 3403 68 28 apply
1518 3406 23 20 to
1552 3403 38 23 the
1599 3405 128 28 proprietor,
1743 3408 3 3 '

1647 3437 28 22 A.
1691 3437 35 22 W.
1743 3438 85 21 Shand.

1428 3481 77 21 Land
1520 3487 37 15 on
1571 3481 44 21 the
1630 3482 76 20 Hutt.

1273 3514 66 49 TO
1355 3513 39 23 BE
1410 3514 87 27 SOLD,
1508 3521 14 14 a
1530 3514 60 22 lease
1600 3514 25 22 of
1632 3514 35 22 the
1679 3514 88 23 Section
1777 3515 46 22 No.
1830 3516 28 21 24

1347 3548 29 15 on
1385 3541 38 22 the
1432 3541 63 26 Hutt,
1505 3541 54 22 with
1567 3548 14 14 a
1590 3541 71 27 newly
1668 3542 88 21 erected
1764 3542 94 22 wooden

1272 3570 94 25 cottage,
1383 3568 39 22 the
1440 3570 89 26 potatoe
1545 3575 54 20 crop
1614 3575 29 14 on
1658 3568 36 22 the
1709 3568 93 28 groundj
1814 3568 45 22 and

1273 3595 61 22 other
1339 3595 182 27 improvements.
1550 3595 44 21 For
1602 3598 65 19 terms
1675 3595 24 22 of
1703 3595 52 27 sale,
1762 3596 68 27 apply
1836 3599 22 18 to

1501 3628 78 27 Hort,
1595 3628 120 27 Mocatta,
1731 3629 45 21 and
1791 3629 39 21 Co.

1422 3673 39 21 To
1475 3673 35 21 be
1526 3673 65 21 Sold
1611 3678 29 16 or
1654 3674 56 20 Let.

1272 3706 10 13 r
1284 3706 80 21 ¥TWO
1378 3705 101 23 Wooden
1489 3704 97 27 Houses,
1597 3711 29 15 on
1633 3705 36 22 the
1675 3705 183 28 Tinakore-road,

1281 3727 25 27 X
1348 3732 38 22 the
1405 3732 82 23 second
1506 3739 51 15 acre
1575 3732 58 21 from
1653 3732 91 28 Captain
1760 3732 98 28 Smith's,

1317 3760 130 26 containing
1459 3759 53 22 four
1519 3766 75 15 rooms
1603 3758 46 23 and
1662 3766 13 14 a
1687 3766 100 21 passage,
1803 3758 57 23 each

1272 3786 53 23 with
1343 3786 52 23 zinc
1413 3786 67 25 roofs,
1506 3786 46 22 and
1574 3786 25 21 in
1622 3793 65 20 every
1705 3790 87 24 respect
1810 3786 50 22 well

1272 3813 102 23 finished.
1402 3813 78 23 Terms
1482 3824 28 4 —
1510 3813 25 21 If
1541 3812 55 28 sold,
1607 3812 58 23 £150
1677 3813 34 22 for
1717 3813 54 22 each
1776 3813 83 28 house;

1271 3840 20 22 if
1301 3841 39 27 let,
1351 3841 32 22 £1
1394 3848 41 20 per
1444 3840 63 22 week
1516 3840 36 22 for
1560 3839 56 23 each
1624 3839 77 23 house.
1727 3840 79 28 Apply
1815 3843 23 19 to

1663 3873 75 23 James
1751 3873 81 22 Watt.

1284 3901 145 28 Wellington,
1438 3901 59 22 Nov.
1507 3901 34 27 27,
1550 3901 61 22 1841.

1275 3945 71 49 ON
1360 3945 86 27 SALE,
1461 3948 24 19 at
1494 3945 45 22 this
1550 3945 70 27 office,
1631 3946 68 22 blank
1708 3946 57 23 Bill
1775 3946 85 23 Books.

1374 3972 94 21 Gazette
1506 3972 71 25 office,
1587 3972 57 22 Dec.
1654 3973 19 20 4.
