2559 4039
569 515 132 32 PORT
721 515 291 43 NICHOLSON,
1033 510 262 43 SAtffrfcDAY
1315 520 242 45 MORNING,
1579 527 264 36 FEBRUARY
1865 536 51 33 20,
1939 537 90 30 1841.

78 516 63 33 No.
162 515 67 40 45.]

2344 543 97 41 [Vol.
2465 548 29 31 1.

1249 35 101 33 THE

92 83 457 132 NEW
658 86 869 142 ZEALAND
1636 101 856 145 GAZETTE

1245 256 110 40 AND

88 296 1145 161 WELLINGTON
1348 296 1146 161 SPECTATOR.

729 610 116 22 UNION
858 611 102 22 BANS
974 612 44 22 OF
1033 612 218 24 AUSTRALIA.

693 642 95 24 London
806 643 94 28 Office,
914 644 46 24 No.
974 646 37 27 33,
1028 646 52 23 Oii>
1095 646 186 24 Broad-street.

745 677 95 29 Capital,
992 679 54 29 paid
1054 687 38 21 up,
1107 680 118 29 £300,000.

926 715 122 15 dxxzctobs:

684 753 2 9 ,
795 738 69 22 George
870 739 40 18 Fife
917 739 67 22 Angus,
992 741 50 21 Esq.,

684 776 2 5 ,
795 758 68 19 Robert
870 760 75 21 Brooks,
955 761 49 20 Esq.,
1236 778 5 5 ,

794 779 62 19 James
863 781 49 17 John
919 781 101 21 Cummins,
1028 782 49 22 Esq.,

793 800 69 18 Robert
869 802 97 21 Gardener,
978 803 49 21 Esq.,
1038 804 121 20 Manchester,

794 821 48 18 John
849 822 54 20 Gore,
912 823 49 21 Esq.,

793 842 49 17 John
849 843 80 18 William
936 842 75 22 Suckle,
1017 844 49 22 Esq.,
1073 854 3 3 -

792 863 98 22 Benjamin
896 864 21 18 E.
924 865 63 20 Lindo,
990 865 56 22 JBsq.,

794 884 72 18 Charles
874 885 77 18 Edward
957 886 90 20 Mangles,
1055 886 49 22 Esq.,

793 904 115 23 Christopher
915 906 84 21 Rawson,
1008 907 49 21 Esq.,
1067 906 82 22 Halifax,

792 925 79 18 Thomas
878 927 64 20 Sands,
950 927 49 21 Esq.,
1006 927 102 22 Liverpool,

791 946 62 18 James
860 947 57 21 Bogle
924 948 65 19 Smith,
995 948 50 21 Esq.,

791 967 62 17 James
860 968 81 17 Ruddell
947 969 108 22 Tqdd,'Esq.

686 992 95 19 Trustees:
797 994 82 18 Gxoxox
889 995 131 20 CAXx.-Gz.-nr,
1032 995 48 21 Esq.,
1091 996 53 18 Johy
1155 997 61 20 Goxb,
1226 992 57 25 Esq.,'

832 1016 37 16 and
875 1016 67 16 Jakxs
949 1016 18 17 J.
974 1016 101 21 Cvxxiirs,
1084 1016 44 22 Esq.
1282 1023 3 9 ■■

712 1040 82 18 Bankers
800 1047 4 11 :
816 1041 75 18 Messrs.
898 1042 61 21 Gr/rw,
971 1043 115 21 Hauukax,
1095 1044 69 20 Mitts,
1173 1044 36 17 and
1216 1045 32 17 Co.

806 1069 101 22 Secretary:
919 1070 83 17 Samuel
1009 1071 94 20 Jackson,
1112 1071 42 21 Esq.

776 1096 80 18 Colonial
863 1098 104 21 Inspector:
977 1098 18 17 J.
1003 1099 20 16 C.
1029 1098 104 21 M'Laxxv,
1140 1099 44 22 Esq.

806 1145 70 20 New
895 1145 123 22 Zealand
1036 1146 114 23 Branch.
1270 1151 15 18 A

684 1176 54 17 Local
745 1177 90 18 Directors
842 1183 4 12 :
862 1179 46 17 Geo.
921 1179 18 17 S.
950 1179 73 20 Evans,
1037 1179 48 22 Esq.,
1097 1180 70 21 D.C.L.,
1180 1181 35 17 and
1227 1181 48 17 Geo.

906 1200 92 20 Hunter,
1011 1201 42 20 Esq.

684 1225 97 21 Manager:
792 1226 48 18 John
848 1227 73 20 Smith,
929 1228 48 21 Esq.,
987 1228 36 17 late
1030 1228 21 17 of
1059 1228 31 17 the
1098 1229 116 17 Commercial
1221 1229 63 17 Bank'

853 1248 21 17 of
882 1249 89 20 England,
983 1249 122 17 Manchester.

795 1275 113 23 Branches
919 1280 24 19 at
958 1277 97 28 Sydney,

959 1303 181 29 llobartTown,.

959 1331 9 22 ]
976 1334 133 25 .aunceston,
1120 1331 46 22 and
1178 1335 6 7 '

958 1357 11 22 I
977 1362 36 17 ort
1022 1358 81 28 Philip.

683 1388 54 23 Port
746 1390 131 28 Nicholson,
889 1391 79 23 March
978 1393 35 26 24,
1025 1393 62 21 1840.

682 1443 93 48 THE
792 1444 115 23 Directors
923 1445 27 21 of
964 1445 40 22 the
1021 1445 56 23 New
1093 1446 101 22 Zealand
1208 1446 66 23 Land

757 1470 118 29 Company
888 1471 85 29 hereby
989 1473 52 26 give
1057 1473 81 26 notice,
1156 1473 48 22 that
1218 1474 54 28 they

680 1495 59 24 have
746 1505 114 15 effected
870 1506 30 14 an
910 1506 173 15 arramgement
1091 1499 52 23 with
1151 1500 38 22 the
1196 1501 75 21 Union

680 1522 66 23 Bank
761 1525 26 21 of
802 1525 121 28 Australia,
941 1526 44 22 No.
1002 1527 34 26 38,
1051 1527 46 21 Old
1112 1527 159 27 Broad-street,

681 1550 103 28 London,
794 1552 35 21 for
838 1552 39 22 the
889 1553 171 21 establishment
1072 1553 27 22 of
1112 1561 13 15 a
1141 1554 131 22 BRANCH
1278 1553 5 5 '

680 1576 89 24 BANK
784 1578 35 22 IN
834 1579 73 21 NEW
921 1579 159 28 ZEALAND,
1094 1580 95 28 through
1199 1581 73 22 which

679 1603 39 22 the
727 1605 102 22 business
842 1606 28 21 of
882 1606 38 22 the
936 1606 59 22 New
1011 1606 101 23 Zealand
1124 1607 66 23 Land
1206 1609 66 21 Com-

679 1637 61 21 pany
748 1632 47 21 will
803 1632 27 22 be
840 1633 136 21 transacted.
1005 1633 48 22 The
1068 1633 114 23 Directors
1198 1635 73 22 there-

679 1657 48 22 fore
736 1659 146 21 recommend
890 1663 24 18 to
931 1659 111 23 Colonists
1058 1660 38 22 the
1114 1661 75 22 Union
1206 1662 65 22 Bank

679 1685 27 21 of
724 1685 115 23 Australia
856 1694 25 14 as
898 1694 30 14 an
954 1687 170 23 establishment
1144 1689 127 27 possessing

679 1711 57 22 their
753 1713 70 21 entire
846 1713 139 28 confidence,
1005 1714 46 22 and
1069 1714 50 23 able
1136 1718 25 19 to
1179 1715 91 26 provide

678 1738 128 29 effectually
820 1740 36 22 for
871 1740 38 22 the
923 1740 107 23 financial
1044 1745 71 19 wants
1131 1742 27 22 of
1169 1741 37 23 the
1223 1742 49 22 first

678 1766 135 22 settlement.

847 1800 35 28 By
891 1800 68 23 order
967 1801 28 22 of
1005 1801 37 22 the
1052 1802 79 28 Board,
1264 1800 7 20 *

924 1835 86 23 JOHN
1025 1836 103 28 WARD,
1145 1839 124 27 Secretary.

677 1873 57 22 New
744 1873 101 23 Zealand
854 1875 65 22 Land
929 1876 136 27 Company's
1075 1877 79 28 Office,
1260 1879 7 5 '

705 1901 19 27 1,
736 1901 160 28 Adam-street,
908 1902 106 28 Adelphi,
1024 1904 53 22 27th
1086 1904 69 27 Aug.,
1166 1907 66 20 1839.'
1256 1905 4 6 '

677 1955 91 48 I^OR
781 1956 86 27 SALE,
882 1957 45 22 EX
943 1957 150 23 LAPWING
1101 1966 34 14 :—
1244 1943 26 4 ~

705 1999 3 3 .
752 1983 152 28 Champagne,

705 2010 116 26 Sauterne,

705 2034 90 27 Barsac,

705 2061 106 23 Mosselle
827 2063 174 28 (Brauneberg,)

705 2088 145 28 Champagne
861 2089 67 27 cider,

704 2115 128 28 Raspberry
842 2117 99 27 vinegar,

705 2141 64 23 Lime
781 2143 68 28 juice,

705 2169 54 22 Port
768 2170 45 22 and
827 2170 85 28 sherry,

705 2195 94 28 Pickles,

705 2223 89 27 Sauces,

705 2249 55 23 Pine
770 2251 72 27 apple,
854 2251 83 27 Dutch,
948 2252 46 21 and
1006 2252 100 22 Colonial
1116 2253 86 26 cheese,

705 2277 81 28 Lump.
797 2277 103 28 Manilla,
911 2279 46 21 and
968 2279 118 22 Mauritius
1096 2287 73 20 sugar,

705 2303 72 23 Patna
786 2305 51 27 rice,

705 2331 110 27 Pimento,

705 2358 75 22 Green
791 2359 45 22 and
845 2359 66 22 black
921 2362 54 25 teas,

704 2384 106 29 Vinegar,

703 2411 84 23 Basket
794 2413 50 28 salt,

703 2438 59 23 Bath
775 2440 81 27 bricks,

703 2465 113 24 Muscatel
827 2467 88 26 raisins,

704 2492 62 22 York
777 2493 45 22 and
832 2494 139 27 Westphalia
980 2494 71 27 hams,

703 2519 77 24 White
793 2521 60 27 lead,
868 2521 74 27 black,
960 2521 84 27 brown,
1060 2521 87 29 yellow,
1166 2523 47 22 and
1229 2522 38 23 red

676 2546 81 28 paints,

703 2573 76 28 Every
788 2575 136 27 description
935 2575 26 22 of
972 2575 64 27 nails,

703 2601 131 22 Stockholm
842 2604 41 25 tar,

692 2635 4 3 -
703 2627 77 22 Paints
789 2629 47 21 and
845 2629 101 27 brushes,

703 2654 140 23 Mattrasses.

983 2682 82 24 Waitt
1075 2684 46 22 and
1129 2685 109 23 Tinline.

702 2714 147 29 Wellington,
861 2716 55 22 Feb.
928 2718 33 26 11,
973 2719 61 21 1841.

675 2769 105 48 DS.
794 2769 102 23 DURIE
905 2771 47 22 and
961 2772 47 22 CO.
1025 2772 58 22 have
1100 2773 50 27 just
1163 2773 104 23 received

733 2807 11 10 •
776 2804 12 14 a
797 2797 63 27 large
870 2799 105 27 quantity
985 2799 25 21 of
1021 2800 100 27 superior
1128 2800 87 28 cheese,

701 2822 87 29 Batty's
798 2824 128 23 celebrated
933 2825 87 27 pickles
1029 2826 46 23 and
1084 2834 85 18 sauces,

701 2849 66 27 Teas,

701 2876 81 27 Snuffs,

701 2902 140 29 Westphalia
849 2904 46 22 and
903 2905 64 22 York
975 2905 71 28 hams,

701 2928 124 24 Preserved
834 2931 76 22 lemon
920 2932 47 22 and
978 2940 83 21 orange
1070 2934 58 27 peel.

702 2956 90 22 Raisins
802 2957 46 22 and
857 2957 102 28 tobacco,
970 2959 38 22 the
1018 2960 49 22 best
1074 2968 24 15 in
1109 2963 39 20 the
1157 2962 94 28 Colony.

674 2989 148 29 Wellington,
835 2992 53 21 10th
897 2992 122 29 February,
1030 2995 61 22 1841.

824 3046 84 22 NEW
922 3048 194 24 ARRIVALS.

673 3085 113 49 DS.
807 3087 101 23 DURIE
923 3089 47 21 and
987 3089 46 23 CO.
1052 3090 58 23 have
1126 3092 95 29 opened,
1240 3092 24 23 in

731 3124 12 11 •
773 3114 129 23 connexion
911 3116 54 22 with
975 3116 59 22 their
1050 3116 98 25 General
1164 3120 70 22 Store,
1251 3127 14 15 a

672 3138 104 35 Drapery
783 3140 184 31 Establishment,
974 3143 74 23 where
1056 3152 67 25 every
1129 3146 134 28 description

673 3166 27 23 of
718 3166 62 23 linen
800 3168 46 22 and
863 3170 98 22 woollen
978 3170 100 29 drapery,
1096 3171 44 24 silk
1154 3180 108 21 mercery,

671 3192 98 30 hosiery,
788 3194 47 23 and
851 3195 168 30 haberdashery
1034 3206 41 16 can
1094 3199 29 23 be
1140 3199 53 28 had,
1212 3208 51 15 con-

672 3220 80 29 sisting
761 3221 36 23 of:
797 3233 30 4 —

699 3248 76 22 Broad
784 3248 79 29 cloths,

700 3275 134 29 Buckskins,

699 3302 135 29 Moleskins,

700 3329 76 28 Drills,

699 3356 113 28 Vestings,

699 3383 139 23 Mousseline
849 3384 28 22 de
887 3384 72 24 Lame
969 3385 93 30 dresses,

698 3410 23 22 A
730 3413 64 24 great
802 3411 87 28 variety
899 3412 26 22 of
935 3413 69 28 fancy
1012 3413 82 23 muslin
1111 3415 46 22 and
1174 3415 87 23 French

672 3436 92 29 dresses,

699 3464 94 22 Printed
801 3464 47 23 and
855 3465 62 28 plain
924 3467 120 28 merinoes,

698 3491 70 27 Book,
778 3491 57 28 mill,
850 3492 47 23 and
906 3493 108 28 jacconet
1023 3494 101 29 muslins,

698 3518 118 29 Shirtings,

699 3545 114 28 Regattas,

698 3571 59 23 Irish
766 3572 81 29 linens,
858 3573 111 30 sheeting,
982 3574 84 30 diaper,
1081 3575 46 24 and
1140 3576 127 28 towelling.'

698 3599 77 28 Fancy
784 3599 88 28 shawls,
883 3601 76 28 scarfs,
971 3602 45 23 and
1025 3602 179 29 nandkerchiefs,

658 3624 2 31 |
698 3625 134 30 India-spun
842 3627 44 23 silk
895 3628 46 23 and
950 3632 75 19 cotton
1037 3629 64 28 ditto,
1241 3629 8 12 *

696 3653 96 28 Bobbin,
804 3657 66 24 netts,
881 3655 67 27 laces,
960 3656 45 22 and
1014 3656 100 29 edgings,

698 3679 58 23 Lace
766 3681 47 22 and
822 3681 74 23 sewed
906 3682 88 28 collars,
1286 3679 2 7 '

664 3728 11 10 v
688 3707 106 27 .Sarsnet,
806 3709 66 27 satin,
889 3709 45 23 and
943 3716 71 21 gauze
1023 3710 99 28 ribbons,

761 3732 50 30 silk,
821 3735 46 23 and
877 3735 77 23 Berlin
964 3736 84 28 gloves,

696 3759 55 25 And
760 3769 67 20 every
838 3762 136 29 description
983 3763 28 22 of
1020 3763 90 29 hosiery
1119 3763 46 24 and
1178 3764 80 23 haber-

668 3787 103 29 dashexy.
1286 3810 2 7 ,

694 3821 147 29 Wellington,
853 3822 54 23 Feb.
917 3825 35 26 10,
964 3825 61 21 1841.

664 3879 95 51 JUST
773 3880 133 27 OPENED,
924 3881 89 23 various
1028 3881 67 23 kinds
1110 3881 27 23 of
1153 3881 104 24 WRAP-

729 3907 78 22 PING
820 3907 111 23 PAPER.
1286 3914 1 16 <

717 3935 94 21 Gazette
846 3933 80 28 Office,
938 3934 54 22 Dec.
1002 3935 35 27 24,
1048 3935 61 23 1840.
1265 3938 7 14 '

1312 614 91 24 FPHE
1413 616 152 27 undersigned
1574 617 58 23 have
1642 626 29 16 on
1678 619 46 23 sale
1731 623 23 19 at
1759 620 60 23 their
1825 624 71 20 stores

1278 663 3 7 .
1318 642 31 21 A
1434 642 111 29 Chelydra
1574 645 46 23 and
1629 645 30 28 by
1668 646 63 22 other
1740 646 45 24 late
1795 648 99 29 arrivals,

1310 669 39 21 the
1357 669 121 34 following^
1478 671 71 26 goods
1556 678 6 14 :
1563 683 31 6 —

1336 694 27 24 17
1375 695 66 24 hhds.
1452 699 63 20 West
1530 697 67 24 India
1613 706 57 20 rum,
1686 698 113 24 Dunbar's
1814 700 79 29 brand,

1309 722 78 22 arrack
1394 723 25 22 in
1428 722 133 29 hogsheads,
1571 724 104 24 hollands
1683 725 24 23 in
1715 727 10 21 1
1735 725 49 23 doz.
1792 732 70 18 cases.

1314 769 3 4 .
1335 749 28 21 20
1371 757 62 15 cases
1443 752 80 22 cherry
1531 751 78 28 bandy
1617 753 14 21 2
1641 751 71 24 dozen
1719 753 59 28 pints
1789 753 63 29 each,

1311 784 18 22 ■#
1335 776 28 21 60
1370 775 73 23 dozen
1453 776 114 24 Dunbar's
1575 778 87 23 bottled
1669 783 65 24 stout,

1335 802 27 21 28
1369 801 65 24 hhds.
1445 803 78 23 Hewit
1530 804 47 22 and
1586 805 83 23 Field's
1679 805 40 28 ale,

1333 828 14 21 5
1357 828 63 24 hhds.
1430 830 101 27 Taylor's
1541 834 66 25 stout,

1295 856 5 5 '
1333 856 28 21 SO
1370 854 35 24 do.
1413 856 103 23 Colonial
1524 857 38 23 do.
1570 878 5 2 .

1333 883 27 20 12
1370 882 71 22 dozen
1448 883 89 23 bottled
1545 884 93 29 whisky,

1331 910 42 21 200
1379 910 74 26 pieces
1462 910 95 23 London
1568 911 68 28 fancy
1641 912 72 28 prints
1721 914 27 21 28
1754 914 66 27 yards
1828 913 62 30 each,

1333 936 123 26 lOOpieces
1465 937 68 33 Navy
1541 937 53 23 blue
1604 939 60 27 print
1672 939 63 27 ditto,

1331 963 28 21 40
1366 961 91 30 Turkey
1463 964 40 22 red
1514 964 66 23 Swiss
1587 965 90 28 printed
1686 965 92 28 dresses,

1331 990 27 21 50
1366 990 55 22 robe
1431 990 27 22 de
1469 990 136 24 Sutherland
1614 991 63 29 ditto,

1282 1029 3 3 -
1318 1016 40 21 -50
1368 1017 134 25 mousseline
1513 1017 28 23 de
1549 1018 69 24 lame.

1330 1043 28 21 30
1368 1042 42 22 silk
1417 1044 128 29 umbrellas,
1898 1040 2 35 |

1293 1077 3 24 j
1330 1070 27 21 30
1366 1068 49 23 rich
1424 1070 87 27 figured
1516 1078 52 25 gros
1575 1071 28 23 de
1611 1079 46 22 nap
1664 1072 45 23 and
1716 1073 57 23 satin
1784 1073 105 29 parasols,

1293 1103 23 18 XI
1331 1096 40 21 100
1380 1096 75 27 pieces
1464 1097 97 28 shirting
1570 1098 76 28 calico,

1293 1131 2 7 1
1303 1122 6 7 r
1329 1124 28 20 20
1367 1122 35 23 do.
1413 1123 125 23 Horrack's
1545 1125 55 27 long
1609 1125 67 28 cloth,

1278 1151 8 25 S
1301 1168 4 4 s
1331 1150 27 21 20
1368 1149 35 23 do.
1415 1150 82 22 double
1506 1158 61 21 warp
1575 1151 109 29 sheeting,

1293 1195 5 5 .
1330 1177 27 20 20
1371 1176 36 22 do.
1418 1177 97 23 Perrot's
1524 1178 64 28 ditto,

1331 1202 26 23 50
1368 1202 55 23 ditto
1431 1204 142 23 unbleached
1582 1205 77 29 calico,

1330 1230 27 21 20
1368 1229 56 22 ditto
1432 1231 84 27 striped
1525 1232 102 28 shirting,

1305 1260 6 3 '
1331 1257 14 20 6
1355 1255 36 23 do.
1401 1256 77 23 brown
1490 1258 107 27 Holland,

1329 1283 42 21 200
1382 1282 68 23 dozen
1460 1288 89 24 regatta
1557 1285 46 23 and
1611 1286 84 27 striped
1704 1285 73 29 shirts,

1309 1330 7 8 ,
1329 1310 27 21 20
1366 1310 35 22 do.
1413 1310 95 23 London
1517 1312 66 22 made
1594 1312 66 22 white
1670 1313 28 22 do
1709 1312 73 29 (fine,)

1306 1339 11 12 •*
1329 1336 42 22 200
1380 1338 100 26 superior
1490 1339 52 21 12-4
1549 1339 111 28 blankets,

1329 1363 42 22 300
1380 1365 50 21 10-4
1440 1367 77 20 cotton
1526 1372 59 21 rugs,
1771 1368 14 11 *

1321 1390 22 20 •3
1353 1389 71 23 dozen
1434 1391 50 22 best
1493 1392 82 22 beaver
1583 1393 58 27 hats,

1330 1417 27 21 30
1366 1416 36 23 do.
1412 1418 60 27 palm
1482 1418 49 22 leaf
1538 1419 44 26 do.,

1293 1465 4 3 .
1330 1444 40 21 100
1378 1444 96 22 Manilla
1484 1445 44 28 do.,

1331 1470 39 22 100
1385 1470 59 23 cloth
1455 1479 52 20 caps
1517 1473 105 26 assorted,

1329 1497 40 22 200
1378 1497 52 22 blue
1441 1498 60 22 cloth
1507 1499 96 28 jackets,

1300 1536 4 5 •
1329 1524 40 21 200
1378 1525 58 25 pairs
1446 1526 37 21 do.
1494 1529 109 26 trowsers,

1278 1553 5 5 '
1313 1550 42 23 ,13
1370 1552 71 21 dozen
1451 1552 68 27 fancy
1530 1553 130 28 waistcoats,

1280 1583 3 3 •
1293 1585 4 6 -
1328 1577 15 20 4
1352 1576 35 23 do.
1394 1578 77 23 brown
1482 1579 51 23 drill
1542 1584 109 24 trowsers,

1321 1604 21 21 •4
1352 1604 36 22 do.
1396 1605 66 22 white
1472 1606 44 27 do.,

1328 1631 14 20 2
1352 1630 35 23 do.
1397 1633 138 22 swansdown
1546 1634 124 22 waistcoats
1680 1635 53 22 with
1742 1635 94 29 sleeveß,

1328 1658 12 19 5
1350 1657 36 23 do.
1397 1658 54 28 long
1460 1659 62 22 cloth
1531 1660 98 29 Jackets,

1328 1684 26 21 50
1363 1685 98 28 monkey
1467 1686 96 28 jackets,

1329 1712 39 21 100
1377 1712 57 26 pilot
1443 1713 61 22 cloth
1514 1717 68 24 coats,
1592 1714 75 23 velvet
1676 1715 87 28 collars,

1329 1738 39 22 120
1378 1738 50 22 blue
1437 1740 46 21 and
1493 1740 40 22 red
1543 1748 63 20 serge
1615 1741 73 28 shirts,

1328 1765 21 21 A
1365 1766 104 28 quantity
1484 1767 26 21 of
1523 1768 140 26 gentlemens
1678 1768 140 24 fashionable
1829 1771 59 22 dress

1302 1790 104 30 clothing,
1416 1793 27 21 of
1449 1794 111 24 superfine
1570 1795 86 28 quality
1666 1796 45 22 and
1719 1796 43 22 silk
1772 1797 81 28 stocks,

1328 1820 11 19 6
1349 1818 71 22 dozen
1430 1820 60 22 duck
1498 1820 82 28 frocks,

1313 1846 3 5 '
1328 1845 57 22 6*do.
1397 1850 107 23 trowsers,

1327 1872 27 21 50
1363 1872 48 27 pair
1420 1873 113 23 Moleskin
1545 1875 42 28 do.,

1326 1900 27 20 20
1363 1900 122 22 American
1495 1908 43 19 pea
1547 1906 68 23 coats,

1327 1926 25 21 12
1363 1926 87 22 Camlet
1456 1927 54 21 boat
1520 1928 82 28 cloaks,

1327 1953 39 21 100
1376 1953 70 22 dozen
1458 1954 105 22 coloured
1574 1959 74 19 cotton
1658 1956 180 29 handkerchieft,

1327 1980 25 20 12
1361 1980 73 26 pieces
1444 1980 42 22 silk
1497 1981 36 22 do.
1546 1981 74 28 (rich,)

1278 2004 17 31 f,
1327 2005 72 30 *j&do.
1406 2006 66 21 black
1482 2007 36 21 io.
1528 2008 96 27 fringed,

1327 2028 133 34 lortip^lue
1471 2032 120 29 dungaree,

1324 2058 52 28 250'
1376 2058 66 28 fancy
1452 2063 76 19 cotton
1539 2061 44 21 and
1594 2061 78 23 wollen
1682 2061 86 29 shawls,

1324 2083 84 24 50>rich
1417 2086 87 27 figured
1515 2087 59 21 table
1584 2095 85 20 covers,

1325 2111 13 20 5
1349 2111 73 25 pieces
1431 2112 66 22 black
1505 2114 140 28 bombazine,

1324 2138 16 21 4
1349 2140 36 20 do.
1396 2140 92 27 merino,

1324 2165 15 20 2
1349 2164 35 23 do.
1395 2165 66 23 black
1470 2174 73 21 crape,

1324 2192 28 21 20
1369 2192 35 22 do.
1423 2193 74 27 white,
1516 2194 72 28 black,
1608 2196 44 22 and
1672 2197 105 23 coloured
1794 2199 92 26 jaconet

1300 2218 89 27 linings,

1324 2246 28 21 60
1361 2246 49 26 pair
1418 2246 138 29 Wellington
1567 2249 72 27 boots,

1324 2273 28 20 30
1363 2272 34 22 do.
1406 2274 72 21 men's
1488 2278 78 24 strong
1574 2275 72 28 shoes,

1324 2300 14 20 6
1348 2299 73 27 pieces
1432 2300 79 22 Welch
1521 2301 91 28 flannel,

1324 2327 14 20 6
1349 2326 35 21 do.
1394 2328 38 20 4-4
1442 2331 75 19 cotton
1528 2328 52 27 tick,

1326 2354 26 20 12
1362 2353 74 27 pieces
1445 2358 76 19 cotton
1533 2355 65 28 duck,

1324 2386 30 15 an
1363 2381 114 22 extensive
1487 2385 133 20 assortment
1630 2384 27 21 of
1661 2384 70 23 ladies
1744 2386 46 22 and
1798 2386 86 26 gentle-

1298 2406 72 22 men's
1384 2406 90 29 hosiery
1488 2408 47 22 and
1549 2409 90 29 gloves;
1655 2411 123 29 millinery;
1804 2413 79 22 haber-

1298 2433 101 28 dashery,
1409 2434 100 28 ribbons,
1519 2436 48 27 &c,

1324 2461 26 24 11
1360 2463 51 19 tons
1420 2462 97 22 oatmeal
1529 2462 57 27 (first
1594 2463 103 29 quality,)

1325 2488 39 20 108
1372 2487 53 28 bags
1434 2488 54 27 rice,

1321 2515 28 20 60
1358 2514 55 28 kegs
1429 2515 123 23 American
1572 2517 90 23 cracker
1677 2519 98 28 biscuits,
1794 2528 14 14 a
1820 2521 62 27 large

1296 2542 102 26 quantity
1409 2542 25 21 of
1445 2542 87 22 bottled
1545 2543 72 23 fruits,
1628 2545 45 22 and
1689 2546 63 22 dried
1767 2547 65 22 fruits
1846 2548 36 21 in-

1296 2567 91 28 cluding
1410 2568 48 28 figs,
1484 2569 86 28 raisins,
1596 2575 106 22 currants,
1728 2573 81 28 plums,
1834 2575 47 27 &c,

1295 2594 91 28 pickles,
1401 2603 72 20 spices
1495 2596 45 23 and
1556 2599 106 27 mustard,
1682 2600 98 28 candles,
1799 2601 81 28 butter,

1295 2621 45 21 and
1349 2623 40 21 200
1398 2622 71 22 boxes
1479 2623 27 22 of
1517 2631 53 20 soap
1579 2625 24 21 in
1611 2625 45 23 91b.
1670 2626 45 22 and
1730 2627 58 22 281b.
1805 2627 76 28 boxes,

1296 2648 79 22 Harris
1391 2649 45 22 and
1461 2650 57 22 Sons
1537 2651 97 26 (Oxford
1653 2653 80 26 Street)
1756 2654 126 23 celebrated

1295 2675 68 22 snuffs
1373 2683 37 15 no.
1427 2676 27 23 17
1464 2677 48 27 &c,
1524 2677 134 28 Negrohead
1668 2680 100 27 tobacco,
1778 2681 103 28 short-fig

1296 2701 63 28 (very
1374 2703 117 28 superior,)
1509 2712 15 14 a
1539 2712 51 15 case
1607 2706 26 22 of
1644 2707 94 22 brazilet
1751 2708 47 22 and
1807 2709 73 27 ebony

1295 2728 96 28 walking
1399 2730 76 27 sticks,
1487 2732 10 20 1
1509 2738 50 15 case
1570 2732 26 22 of
1601 2735 56 25 toys,

1321 2757 13 20 2
1344 2763 62 15 cases
1414 2757 94 28 looking
1517 2758 84 27 glasses
1610 2760 98 23 assorted
1721 2761 63 28 sizes,

1321 2783 28 21 14
1357 2783 36 22 do.
1404 2785 61 26 plate
1476 2784 44 29 do.,

1321 2811 12 20 1
1343 2809 37 23 do.
1388 2810 63 23 Price
1462 2811 45 23 and
1519 2811 103 24 Gosnells
1632 2813 137 30 Perfumery,

1321 2840 77 19 cotton
1408 2838 64 27 wick,
1484 2840 26 21 10
1521 2839 53 22 coils
1585 2839 50 23 Coir
1641 2848 61 21 rope,

1319 2865 29 20 20
1357 2864 65 22 casks
1430 2865 59 22 nails
1499 2866 105 29 assorted,

1321 2889 124 25 Hardware
1456 2893 122 28 consisting
1594 2893 27 23 of
1633 2894 81 23 bakers
1731 2895 77 28 scales,
1829 2896 50 23 cash

1289 2917 74 23 ■boxes
1373 2918 141 29 (japanned,)
1526 2924 108 19 cross-cut
1649 2922 33 26 pit
1690 2923 47 22 and
1745 2922 133 29 hand-saws,

1295 2945 54 26 files,
1371 2945 63 23 brass
1453 2946 47 22 and
1518 2947 99 23 German
1635 2949 67 22 silver
1726 2950 152 28 candlesticks,

1294 2970 62 23 brass
1370 2972 53 22 beer
1439 2973 75 27 cocks,
1530 2974 85 23 bronze
1632 2980 136 24 ornaments,
1784 2977 34 22 tin
1836 2978 45 21 and

1294 2998 68 22 metal
1371 3002 36 19 tea
1417 3000 46 22 and
1470 3001 70 22 coffee
1549 3004 50 25 pots
1606 3002 45 21 and
1657 3010 88 20 spoons,
1754 3011 53 14 axes
1815 3004 64 22 adzes

1294 3025 79 28 spades
1381 3026 90 23 shovels
1488 3027 179 29 cutlery-garden
1684 3029 46 23 and
1738 3030 142 27 agricultural

1293 3053 149 28 implements,
1452 3053 74 23 chests
1533 3055 26 22 of
1566 3056 133 27 carpenter's
1707 3057 56 22 tools
1771 3058 108 27 complete

1294 3079 203 24 double-barrelled
1506 3081 51 22 flint
1571 3089 64 20 guns,
1646 3083 106 27 muskets,
1763 3084 50 28 &c,
1823 3091 55 21 gun-

1293 3105 68 29 flints,
1371 3107 69 28 locks,
1451 3108 87 28 binges,
1549 3109 81 22 timber
1637 3109 45 22 and
1691 3117 31 14 ox
1737 3110 85 27 chains,
1832 3114 48 19 cart

1293 3135 78 26 traces,
1382 3141 29 15 an
1420 3135 52 21 iron
1480 3134 85 29 plough
1575 3136 76 21 braces
1667 3137 46 21 and
1722 3137 50 26 bits,
1783 3138 41 22 637
1832 3138 47 21 feet

1293 3159 50 23 zinc
1352 3161 58 28 pipe,
1421 3163 56 20 1000
1483 3161 56 22 ditto
1544 3163 113 27 guttering
1663 3163 53 22 with
1722 3166 84 25 angles,
1814 3163 64 23 shoes

1293 3186 26 23 O.
1331 3187 28 23 G.
1371 3187 77 28 heads,
1457 3189 105 22 brackets
1577 3189 40 22 &c.
1628 3192 22 19 to
1663 3190 81 27 match,
1755 3190 123 28 Hogarth's

1293 3220 55 21 soup
1364 3215 46 22 arid
1425 3216 85 27 bouilli,
1527 3217 118 26 preserved
1664 3219 59 20 roast
1740 3217 47 23 and
1804 3218 74 22 boiled

1291 3240 59 29 beef,
1361 3241 119 28 Highland
1488 3246 89 19 mutton
1587 3243 53 22 with
1649 3244 135 27 vegetables,
1794 3244 84 23 stewed

1293 3267 36 23 do.
1346 3269 53 21 with
1412 3269 58 28 jelly
1480 3270 46 21 and
1540 3276 70 21 green
1618 3277 60 20 peas,
1690 3270 36 22 Ox
1743 3270 71 23 cheek
1822 3270 55 23 with

1291 3295 125 29 vegetable,
1427 3296 40 23 &c.
1478 3297 41 22 &c.

1566 3323 99 22 Waters
1682 3323 44 23 and
1740 3325 82 22 Smith.

1292 3347 145 30 Wellington,
1448 3350 54 21 12th
1511 3349 62 28 Feb.,
1584 3351 60 21 1841.

1319 3375 57 23 N.B.
1401 3377 58 22 Also
1480 3384 29 15 on
1532 3376 62 23 hand
1608 3378 29 21 20
1653 3377 64 22 casks
1739 3378 72 27 prime
1820 3378 56 23 New

1291 3401 101 24 Zealand
1405 3404 64 27 pork,
1479 3404 56 22 5000
1550 3403 57 22 New
1622 3403 101 24 Zealand
1738 3408 73 19 staves
1826 3405 50 23 well

1291 3428 97 29 adapted
1396 3431 36 21 for
1441 3431 92 27 fencing
1541 3430 62 23 land.

1291 3474 25 21 J.
1336 3475 140 21 TAINE'S
1498 3476 118 26 STORE,
1630 3476 246 22 WELLINGTON.

1299 3507 86 23 TUST
1399 3507 111 29 received,
1521 3516 15 14 a
1548 3509 62 27 large
1619 3512 135 19 assortment
1763 3510 26 22 of
1801 3509 30 23 all
1839 3510 37 22 the

1291 3531 26 25 O
1341 3535 204 22 undermentioned
1552 3535 77 28 goods.

1317 3561 106 28 Brushes,
1447 3561 57 28 hair,
1524 3562 70 27 tooth,
1613 3562 54 28 nail,
1695 3562 92 27 clothes,
1812 3563 61 28 shoe,

1289 3588 76 28 paint;
1382 3588 48 22 also
1439 3589 97 27 brooms,
1548 3588 45 23 and
1603 3590 81 21 combs.

1317 3614 90 29 Lamps,
1420 3615 154 27 candlesticks,
1584 3616 93 22 snuffers
1686 3616 45 22 and
1740 3619 68 24 trays.

1317 3641 118 23 Britannia
1450 3642 69 23 metal
1528 3641 46 23 and
1590 3643 32 21 tin
1633 3646 35 18 tea
1677 3643 46 21 and
1739 3638 69 27 coffee
1816 3646 57 25 pots,

1290 3668 69 23 coffee
1375 3669 66 28 mills,
1459 3672 38 19 tea
1514 3669 46 22 and
1577 3669 59 22 table
1652 3676 81 21 spoons
1750 3669 63 29 ivory
1830 3677 46 15 ana

1289 3695 58 22 bone
1356 3695 81 23 knives
1446 3696 46 22 and
1500 3695 68 28 forks,
1579 3699 36 19 tea
1624 3699 67 24 trays,
1701 3697 95 26 waiters,
1807 3697 40 22 &c.

1316 3722 47 22 Tea
1369 3722 89 27 kettles,
1469 3730 130 21 saucepans,
1609 3722 75 29 frying
1692 3730 62 21 pans,
1767 3723 39 22 &c.

1316 3749 37 22 Pit
1361 3749 46 22 and
1415 3749 118 23 hand-saw
1541 3749 56 28 files,
1606 3757 69 20 rasps,
1685 3756 64 20 saws,
1759 3749 61 23 clout
1829 3749 45 23 and

1289 3775 60 28 clasp
1366 3776 67 27 nails,
1453 3777 34 21 tin
1505 3776 69 27 tacks,
1594 3784 84 20 screws,
1684 3776 13 11 >J
1697 3776 67 27 rules,
1784 3777 88 27 chisels,

1288 3809 97 22 squares,
1396 3803 87 28 hinges,
1495 3803 48 26 &c,
1554 3803 40 22 &c.

1315 3829 132 28 Measuring
1456 3832 62 25 tapes
1527 3829 46 23 and
1581 3829 83 28 chains,
1674 3829 40 23 sad
1720 3829 67 28 irons,
1799 3830 39 22 &c.

1286 3883 94 49 JUST
1402 3883 166 28 RECEIVED,
1593 3883 191 23 PARCHMENI
1810 3883 63 24 FOR

1350 3910 101 22 DEEDS

1281 3932 7 8 *
1296 3935 34 32 /'£
1337 3936 93 23 Gazette
1439 3937 5 8 '
1469 3936 76 28 Office,
1556 3937 51 22 Jan.
1619 3935 18 28 T,
1650 3937 59 22 1841.

126 609 84 22 NEW
228 608 171 22 ZEALAND
418 608 186 22 COMPANY.

70 643 93 29 Capital,
177 643 120 27 £100,000,
312 642 24 22 in
345 643 57 21 4000
411 641 80 23 Shares
501 642 26 22 of
536 642 51 22 £25
596 642 64 29 each,

295 668 31 23 all
334 668 54 29 paid
396 676 39 21 up.

205 703 101 17 Governor:
320 703 76 17 Josx»K
403 703 71 20 Sokks,
482 703 44 21 Esq.

133 731 182 22 Deputy-Governor:
326 731 50 17 Hon.
381 730 73 18 Francis
461 730 72 22 Baring;
541 730 54 21 M.P.,

305 762 111 14 DIB.ECTOES
421 764 4 12 :

152 786 90 17 Viscount
249 786 87 21 Ingestre,
344 786 54 20 M.P.,

152 807 49 17 Lord
207 807 60 19 Petre,

150 828 67 21 Henry.
222 828 22 17 A.
251 828 96 21 Aglionby,
355 828 49 21 Esq.,
412 828 53 21 M.P.,

150 848 49 18 John
207 849 82 17 Ellorker
296 849 89 19 Boulcott,
397 849 49 21 Esq.,

151 870 50 17 John
207 870 81 17 William
294 870 76 21 Buckle,
376 870 48 21 Esq.,

152 891 75 17 Russell
233 891 63 20 Ellice,
304 891 50 20 Esq.,

150 911 63 18 James
221 911 67 18 Robert
296 912 71 19 Govren,
376 911 49 21 Esq.,

150 932 49 17 John
205 932 56 19 Hine,
270 932 48 21 Esq.,

150 953 81 17 William
237 953 55 19 Hutt,
300 953 49 21 Esq.,

150 974 76 16 Stewart
233 974 129 19 Majoribanks,
374 974 49 21 Esq.,

148 993 105 18 Alexander
260 994 62 19 Nairn,
331 995 49 19 Esq.,

148 1014 50 17 John
205 1014 53 19 Pirie,
267 1015 48 20 Esq.,
323 1014 105 19 Alderman,

148 1035 29 17 Sir
184 1035 69 21 George
260 1035 82 19 Sinclair,
350 1035 56 19 Bart.,
415 1035 52 19 M.P.,

148 1056 49 17 John
204 1056 45 16 Abel
256 1056 64 19 Smith,
328 1056 50 20 Esq.,
389 1056 54 19 M.P.,

148 1077 49 16 Wm.
207 1077 110 20 Thompson,
333 1077 48 19 Esq.,
395 1077 105 19 Alderman,
515 1076 54 21 M.P.,

148 1098 49 16 Hon.
204 1097 96 17 Frederick
307 1097 38 16 Jas.
353 1097 119 20 Tollemache,
482 1096 54 21 M.P.,

148 1118 77 17 Edward
233 1118 21 16 G.
262 1118 104 19 Wakefield,
371 1118 38 20 Esq
416 1129 5 9 ,

148 1139 28 17 Sir
183 1139 64 19 Henry
254 1139 61 18 Webb,
324 1139 57 19 Bart.,

147 1160 70 17 Arthur
223 1159 65 20 Willis,
296 1159 49 20 Esq.,

148 1181 69 21 George
225 1180 95 17 Frederick
329 1180 71 20 Young,
409 1180 43 20 Esq.

211 1208 90 20 Secretary
307 1212 4 12 :
323 1208 53 16 John
385 1207 69 19 Ward,
462 1207 44 21 Esq.

66 1236 89 23 fIIHE
164 1236 61 22 main
235 1236 98 21 features
340 1235 27 21 of
371 1235 39 21 the
418 1238 83 25 system
509 1235 27 21 of
541 1235 114 22 coloniza-

73 1265 28 21 X
138 1263 48 22 tion
197 1262 96 26 adopted
301 1261 31 28 by
342 1261 37 22 the
392 1262 123 27 Company,
531 1269 47 19 are,
579 1274 32 4 —
612 1263 41 27 Ist,

65 1291 37 21 the
112 1290 45 22 sale
167 1290 26 22 of
203 1289 71 27 lanas,
289 1292 23 18 at
325 1296 30 14 an
368 1288 100 22 uniform
482 1289 45 21 and
541 1289 113 22 sufficient

65 1318 70 27 price;
152 1317 47 22 and
212 1316 76 27 2ndly,
303 1315 39 22 the
358 1315 154 28 employment
524 1315 28 22 of
564 1323 14 15 a
592 1315 62 28 large

64 1345 86 27 portion
160 1344 28 21 of
193 1343 37 22 the
239 1342 209 29 purchase-money,
460 1350 24 14 as
493 1350 29 14 an
534 1343 120 27 Immigra-

63 1372 47 21 tion
120 1371 72 22 Fund.
221 1371 29 21 In
260 1369 61 22 these
331 1372 105 25 respects,
452 1369 38 22 the
500 1369 119 29 principles
630 1371 27 21 of

64 1397 69 23 South
144 1397 116 23 Australia
273 1396 58 22 have
346 1397 58 21 been
418 1396 104 22 followed
535 1404 25 14 as
574 1397 79 28 nearly

62 1433 24 14 as
104 1425 173 22 circumstances
290 1423 81 28 would,
391 1423 25 22 in
430 1423 38 22 the
486 1427 92 24 present
593 1432 59 20 case,

64 1452 86 28 permit.

88 1485 47 22 The
148 1484 79 28 grand,
236 1484 74 28 object
325 1484 27 21 of
365 1483 39 23 the
418 1491 57 21 new,
489 1491 25 15 or
525 1484 126 29 improved,

62 1515 81 25 system
153 1512 28 21 of
190 1511 38 22 the
238 1511 97 28 disposal
350 1511 26 21 of
393 1511 96 21 colonial
502 1511 74 28 lands,
592 1512 19 22 is
628 1516 23 18 to

60 1538 98 28 regulate
174 1538 37 22 the
226 1538 81 34 supply
322 1538 26 22 of
363 1545 51 15 new
428 1538 61 26 land,
505 1538 31 34 by
552 1539 38 21 the
604 1540 47 22 real

61 1569 69 18 wants
142 1566 26 20 of
181 1565 38 22 the
235 1564 118 28 Colonists,
368 1572 25 14 so
408 1565 49 21 that
470 1567 38 19 the
521 1560 58 28 land
593 1566 59 22 shall

61 1599 67 15 never
144 1592 29 21 be
192 1592 71 22 either
280 1592 191 27 superabundant,
493 1600 25 14 or
536 1592 113 29 deficient,

60 1619 71 22 either
145 1622 38 18 too
199 1619 77 27 cheap,
294 1626 26 14 or
338 1624 38 16 too
394 1619 59 22 dear.
493 1619 22 22 It
532 1619 42 23 has
591 1620 59 22 been

60 1646 75 22 shown
144 1646 50 21 that
202 1646 38 22 the
251 1646 42 22 due
305 1646 131 27 proportion
450 1646 105 23 between
569 1647 82 28 people

61 1673 44 22 and
110 1673 55 21 land
171 1680 52 21 may
227 1673 29 22 be
264 1673 128 26 constantly
397 1673 94 22 secured
497 1673 30 28 by
533 1674 118 22 abandon-

59 1701 40 26 ing
107 1700 36 22 the
153 1700 39 22 old
201 1703 83 25 system
296 1699 26 23 of
333 1707 97 20 grants,
440 1700 46 22 and
494 1702 116 27 requiring
620 1709 29 15 an

59 1727 98 21 uniform
167 1727 60 28 price
237 1734 40 21 per
285 1734 59 20 acre,
358 1727 36 22 for
402 1727 30 22 all
441 1734 50 15 new
500 1727 73 27 lands,
585 1729 66 22 with-

63 1755 170 26 outexception.
262 1753 25 22 If
298 1753 38 22 the
346 1754 61 27 price
418 1754 26 22 be
458 1758 42 18 not
513 1758 38 18 too
565 1755 51 27 low,
631 1756 19 22 it

61 1781 72 22 deters
140 1781 137 26 speculators
285 1780 60 22 from
359 1781 118 28 obtaining
489 1781 63 28 land,
567 1783 55 22 with
636 1792 14 14 a

61 1807 54 22 view
122 1811 24 18 to
155 1807 92 28 leaving
255 1807 58 22 their
321 1812 107 23 property
436 1808 22 22 in
470 1816 14 14 a
494 1809 76 22 desert
582 1813 66 25 state,

59 1835 44 21 and
115 1835 53 21 thus
181 1837 105 25 prevents
295 1835 111 26 injurious
416 1835 123 28 dispersion
545 1844 6 19 ;
566 1836 18 22 it
594 1837 54 28 also,

61 1862 27 27 by
97 1861 136 28 compelling
241 1868 67 21 every
314 1861 105 23 labourer
427 1865 21 19 to
456 1862 62 22 work
524 1863 36 21 for
567 1871 81 20 wages,

58 1888 56 22 until
123 1889 29 21 he
162 1888 41 22 has
212 1889 68 21 saved
294 1888 38 22 the
343 1889 54 27 only
406 1896 79 15 means
495 1890 26 21 of
532 1891 118 27 obtaining

57 1915 60 27 land,
127 1916 87 21 insures
229 1923 15 14 a
257 1916 82 27 supply
353 1915 27 22 of
390 1915 79 23 labour
482 1917 36 21 for
531 1916 57 23 hire.
618 1918 28 27 If,

58 1950 29 14 on
96 1941 37 23 the
143 1942 65 22 other
218 1941 68 28 hand,
303 1942 37 22 the
350 1943 61 26 price
420 1943 27 21 be
457 1947 40 18 not
507 1947 38 18 too
555 1944 61 27 high,
630 1945 20 22 it

58 1969 85 22 neither
152 1969 101 22 confines
263 1969 37 21 the
312 1964 87 27 settlers
413 1969 77 23 within
505 1978 14 14 a
533 1978 64 20 space
613 1972 36 21 in-

58 1996 160 25 conveniently;
232 2003 94 19 narrow,
343 2002 42 15 nor
400 1996 53 21 does
467 1997 20 21 if
499 2001 96 21 prevent
609 1997 39 23 the

58 2021 76 28 thrifty
148 2022 105 21 labourer
267 2021 57 22 from
339 2022 119 27 becoming
472 2029 15 15 a
497 2023 150 28 land-owner,

58 2048 57 22 after
124 2048 102 27 working
235 2055 61 15 some
307 2048 55 22 time
371 2049 36 21 for
416 2056 79 19 wages.

88 2082 19 21 A
124 2082 118 27 sufficient,
260 2082 41 21 but
319 2086 41 19 not
378 2090 61 14 more
460 2083 54 22 than
534 2084 115 23 sufficient

59 2109 58 27 price
127 2109 37 22 for
176 2109 29 21 all
219 2116 49 15 new
282 2109 61 27 land,
360 2110 19 21 is
394 2110 38 21 the
447 2111 61 21 main
524 2112 87 21 feature
625 2112 26 21 of

59 2135 36 22 the
113 2143 50 14 new
178 2139 83 25 system
275 2136 28 21 of
319 2136 157 23 colonization.
510 2138 23 21 It
548 2138 100 23 obviates

58 2170 66 18 every
135 2170 85 20 species
235 2163 26 22 of
273 2163 104 27 bondage
383 2171 5 19 ;
409 2164 29 27 by
452 2164 121 28 providing
588 2173 60 14 com-

58 2189 87 22 binable
155 2190 84 26 labour,
251 2190 17 21 it
277 2190 92 22 renders
378 2190 103 28 industry
487 2199 56 20 very
552 2192 96 28 produc-

59 2216 50 27 tive,
119 2216 46 23 and
173 2217 121 22 maintains
303 2217 56 22 both
367 2217 55 28 high
437 2225 80 20 wages,
534 2219 46 22 and
592 2219 55 27 high

58 2244 86 26 profits;
166 2244 19 22 it
199 2243 77 22 makes
295 2244 39 21 the
352 2244 80 28 colony
449 2252 24 15 as
489 2246 119 22 attractive
624 2254 23 14 as

58 2270 101 27 possible,
173 2270 56 22 both
244 2274 22 18 to
281 2271 123 27 capitalists
420 2271 45 22 and
479 2275 23 18 to
517 2272 129 29 labourers;

58 2296 44 23 and
112 2301 40 18 not
160 2297 84 28 merely
254 2301 22 18 to
286 2298 69 27 these,
369 2298 42 22 but
420 2298 53 28 also,
483 2300 31 27 by
524 2300 124 26 bestowing

58 2331 28 14 on
101 2324 35 21 the
149 2324 87 28 colony,
254 2324 36 22 the
301 2325 75 22 better
389 2326 118 22 attributes
522 2327 26 21 of
565 2334 29 14 an
610 2328 37 21 old

57 2351 89 27 society,
157 2355 23 18 to
187 2351 64 22 those
258 2351 50 22 who
315 2352 58 21 have
381 2359 14 14 a
401 2352 90 23 distaste
499 2353 36 22 for
542 2353 60 23 what
608 2354 39 22 has

56 2376 124 24 heretofore
188 2379 59 22 been
256 2378 38 23 the
308 2379 113 27 pvimitive
432 2380 118 22 condition
560 2381 26 22 of
596 2388 50 16 new

58 2404 104 23 colonies.

83 2431 46 22 The
138 2435 64 24 great
211 2432 73 27 object
294 2432 26 22 of
331 2432 37 23 the
378 2433 59 27 price
447 2433 20 23 is
479 2437 23 19 to
516 2442 79 15 secure
609 2435 37 22 the

58 2461 56 19 most
123 2458 108 23 desirable
240 2460 142 27 proportions
391 2461 101 22 between
506 2461 81 28 people
602 2463 44 21 and

56 2484 53 23 land
115 2494 5 18 ;
136 2486 42 22 but
186 2486 37 21 the
233 2486 53 28 plan
296 2486 41 22 has
347 2487 38 21 the
392 2487 86 23 further
484 2488 73 22 result
563 2489 26 21 of
595 2496 51 21 pro-

57 2512 83 27 ducing
150 2520 12 14 a
171 2520 104 20 revenue,
293 2514 72 21 which
381 2514 45 22 will
440 2518 41 18 not
497 2515 55 28 only
566 2516 80 28 supply

56 2538 38 22 the
105 2540 105 28 requisite
224 2536 68 32 profit
305 2544 22 18 to
342 2540 39 22 the
396 2541 156 23 shareholders
566 2543 27 21 of
608 2543 37 22 the

58 2566 121 28 Company,
202 2567 42 22 but
265 2567 113 23 furnishes
400 2568 37 22 the
460 2576 80 14 means
558 2570 36 21 for
617 2577 27 15 an

57 2592 154 28 Immigration
221 2594 73 28 Fund,
295 2606 32 5 —
328 2602 13 14 a
348 2595 56 21 fund
413 2597 127 27 constantly
548 2597 97 28 applica-

55 2619 37 22 ble
108 2623 21 18 to
146 2620 37 22 the
199 2628 96 21 purpose
312 2622 26 21 of
350 2622 106 27 bringing
470 2623 81 22 labour
566 2627 25 19 to
606 2623 38 23 the

55 2646 80 29 colony
136 2660 31 4 —
168 2648 50 21 that
229 2648 26 27 is,
272 2648 25 22 in
313 2649 94 26 causing
422 2650 39 22 the
477 2650 52 22 best
546 2658 56 14 sort
623 2651 24 22 of

54 2673 150 23 colonization
214 2677 23 19 to
246 2675 97 32 proceed
352 2679 23 18 at
385 2676 38 22 the
435 2680 100 23 greatest
547 2678 95 27 possible

54 2703 54 19 rate.
136 2701 56 22 And
198 2701 45 23 this
248 2709 19 15 is
274 2702 39 22 the
320 2703 84 22 second
412 2703 88 23 feature
510 2704 26 22 of
548 2704 37 23 the
595 2712 49 16 new

54 2731 92 23 system.

80 2761 47 22 The
138 2762 154 28 employment
300 2762 27 23 of
341 2763 39 22 the
393 2764 212 29 purchase-money,
621 2773 23 15 or

54 2786 38 23 the
101 2789 110 28 principal
220 2793 49 24 part
278 2789 27 22 of
315 2790 24 26 it,
349 2790 24 22 in
384 2792 127 26 conveying
520 2792 88 23 settlers
621 2796 22 19 to

54 2813 37 23 the
101 2815 89 28 colony,
200 2816 41 22 has
249 2816 39 22 the
297 2816 115 28 following
422 2818 84 22 effects.
535 2818 23 23 It
567 2820 76 22 makes

53 2841 38 22 the
105 2843 133 27 purchasers
251 2843 28 22 of
293 2843 55 22 land
362 2851 37 14 see
412 2844 95 28 plainly,
522 2845 50 22 that
587 2846 57 22 their

54 2875 83 21 money
145 2869 45 22 will
199 2870 29 21 be
237 2870 108 22 returned
353 2870 25 22 in
391 2870 37 22 the
442 2871 70 28 shape
526 2872 26 21 of
564 2872 80 23 labour

53 2895 45 22 and
106 2896 139 27 population.
273 2896 24 22 It
306 2896 74 28 tends,
394 2897 24 22 in
427 2897 52 28 fact,
496 2902 24 18 to
528 2898 69 23 lower
607 2899 35 22 the

53 2928 118 22 necessarjr
190 2922 107 22 standard
316 2923 27 21 of
357 2924 68 26 price,
440 2924 104 28 because,
562 2926 56 21 with
630 2933 13 15 a

53 2952 106 19 constant
165 2949 74 22 influx
247 2949 28 21 of
284 2949 81 28 people
374 2953 23 18 to
406 2949 39 23 the
455 2951 89 28 colony,
552 2952 39 22 the
601 2952 41 23 due

53 2976 129 26 proportion
186 2976 103 21 between
295 2981 81 23 people
383 2976 44 23 and
434 2977 55 23 land
495 2985 53 21 may
554 2979 29 22 be
590 2978 54 30 kept

54 3009 28 20 up
91 3003 31 28 by
133 3010 13 14 a
154 3003 69 22 lower
232 3003 68 27 price,
312 3003 55 22 than
376 3004 21 21 if
407 3004 63 23 there
480 3012 60 16 were
548 3013 31 15 no
588 3007 54 22 such

53 3028 152 28 immigration
211 3045 5 7 .
235 3032 23 19 It
266 3029 112 23 therefore
384 3030 131 25 diminishes
522 3032 38 23 the
566 3034 77 27 period

54 3055 81 29 during
143 3056 74 23 which
226 3056 37 23 the
272 3056 106 23 labourer
390 3061 61 19 must
461 3059 63 22 work
538 3060 35 22 for
587 3060 54 29 hire,

54 3083 43 21 and
106 3083 32 27 by
146 3083 39 22 the
198 3083 64 27 rapid
276 3091 103 20 progress
393 3084 72 23 which
479 3086 20 22 it
511 3086 97 29 imparts
620 3091 21 19 to

54 3109 37 22 the
98 3109 52 22 best
158 3113 47 19 sort
212 3110 27 23 of
249 3111 158 28 colonization,
421 3112 19 22 it
454 3113 104 29 explains
571 3117 25 19 to
606 3116 35 22 the

55 3135 115 29 labouring
179 3137 56 22 class
245 3138 27 21 of
277 3138 148 28 immigrants,
435 3140 51 22 that
494 3148 68 21 every
569 3149 44 15 one
621 3143 25 21 of

55 3161 60 24 them
127 3164 50 22 who
192 3164 20 22 is
226 3164 138 23 industrious
380 3166 46 22 and
441 3167 88 29 thrifty,
545 3175 55 20 may
614 3170 27 22 be

53 3196 49 15 sure
112 3193 24 18 to
144 3190 93 23 become
248 3195 42 18 not
304 3192 86 28 merely
403 3201 30 14 an
448 3201 77 16 owner
539 3196 27 22 of
580 3196 59 22 land,

54 3218 39 33 put
108 3217 47 22 also
170 3218 25 21 in
213 3218 35 22 his
267 3221 60 25 turn,
348 3226 30 15 an
397 3221 118 29 employer
532 3223 28 22 of
578 3223 64 23 hired

54 3242 120 23 labourers,
184 3252 15 15 a
206 3248 83 19 master
299 3246 27 22 of
335 3250 109 19 servants.

81 3269 67 24 From
156 3267 63 27 these
228 3272 183 30 considerations,
425 3274 38 23 the
475 3276 119 29 Company
602 3277 40 23 has

54 3295 97 28 adopted
167 3297 39 23 the
222 3305 62 16 same
301 3303 82 25 system
399 3300 27 23 of
441 3302 117 29 disposing
572 3304 28 22 of
613 3305 28 23 its

56 3326 65 19 waste
132 3324 72 28 lands,
219 3333 24 14 as
258 3326 42 23 has
313 3327 93 28 already
417 3330 87 26 proved
518 3330 80 29 highly
608 3332 33 22 fa-

55 3351 104 22 vourable
173 3355 23 18 to
209 3352 38 23 the
260 3353 184 28 productiveness
458 3356 28 22 of
498 3357 107 29 industry
616 3359 23 23 in

55 3377 69 21 South
133 3378 120 24 Australia.
282 3380 28 23 In
320 3388 15 15 a
345 3389 49 15 new
405 3382 89 29 colony,
508 3384 96 29 planted
615 3386 24 22 in

54 3408 14 14 a
77 3404 71 22 fertile
157 3405 45 22 and
216 3407 116 23 extensive
346 3408 110 32 territory,
473 3410 20 22 it
506 3418 19 15 is
534 3409 105 31 'obvious,

54 3432 48 19 that
120 3432 37 21 the
173 3432 169 25 establishment
355 3435 28 22 of
397 3439 56 19 such
467 3444 15 15 a
495 3441 85 25 system
594 3439 19 22 is
627 3448 14 14 a

54 3459 80 20 matter
150 3459 25 20 of
192 3459 36 22 the
245 3460 93 29 deepest
353 3467 102 18 moment
471 3467 24 19 to
512 3465 38 22 the
566 3466 74 24 future

54 3484 88 21 welfare
153 3484 26 23 of
190 3486 91 29 society.
413 3490 20 22 it
446 3490 39 23 the
499 3491 52 23 best
565 3493 76 24 effects

54 3514 51 21 may
113 3512 53 21 with
174 3512 131 25 confidence
312 3515 30 23 be
350 3516 139 29 anticipated
494 3526 7 14 :
515 3526 15 16 a
536 3523 105 21 constant

53 3539 44 18 •uid
105 3539 89 25 regular
202 3540 80 28 supply
293 3542 26 21 of
327 3549 51 16 new
387 3543 55 23 land
449 3545 26 22 in
490 3545 44 23 due
547 3554 93 19 propor-

50 3566 47 18 tion
106 3566 24 19 to
140 3566 36 20 the
195 3570 70 19 wants
274 3568 26 22 of
310 3576 14 15 a
330 3570 131 28 population
472 3572 130 28 increasing
611 3576 31 24 by

50 3589 71 22 births
130 3591 45 22 and
187 3595 163 29 immigration;
362 3608 6 16 ;
367 3597 32 22 all
412 3598 38 22 the
465 3599 139 30 advantages
616 3605 24 20 to

51 3619 72 19 winch
131 3619 102 22 faculties
242 3621 26 21 of
277 3624 113 26 transport
396 3624 46 23 and
447 3628 192 24 communication

51 3648 36 16 are
98 3645 117 28 essential;
229 3648 111 37 certain^
354 3650 26 22 of
388 3650 77 30 limits,
481 3654 46 22 and
541 3657 99 28 security

51 3669 26 19 of
87 3669 49 23 title
145 3674 22 19 to
176 3676 106 28 property
291 3669 102 43 mjand;
408 3678 38 23 the
454 3684 101 23 greatest
567 3681 72 24 facili-

50 3697 42 19 ties
101 3703 28 15 on
140 3705 116 22 acquiring
264 3700 37 23 the
313 3701 44 24 due
365 3706 115 27 quantity;
494 3707 39 23 the
542 3712 99 23 greatest

51 3728 188 23 encouragement
251 3730 22 19 to
282 3727 151 30 immigration
442 3733 47 23 and
498 3735 127 24 settlement
631 3746 7 18 ;

53 3750 45 20 and
110 3750 37 22 the
162 3755 58 19 most
231 3754 65 27 rapid
310 3763 103 20 progress
426 3759 26 22 of
467 3759 38 24 the
519 3763 80 25 people
611 3765 25 22 in

52 3777 100 22 material
160 3779 96 23 comfort
263 3781 46 22 and
317 3784 69 22 social
394 3772 191 40 improvement"'

157 3831 155 26 BILLS*fc>F
326 3837 205 27 EXCHANGE.

54 3862 43 48 PRP
98 3863 22 23 R
121 3864 212 57 W8?T
320 3899 36 24 HI
347 3873 18 22 F
357 3900 16 23 S
366 3873 42 51 °?
406 3902 21 22 A
420 3874 16 23 S
428 3901 18 24 PP
440 3876 19 21 AEA
447 3902 20 23 EE
461 3876 20 23 LRL
468 3902 21 24 RR
482 3877 19 23 E
503 3892 18 18 =-
515 3878 43 24 AI
571 3879 63 25 THE

81 3918 128 26 November
215 3923 21 27 4,
249 3925 68 22 1840.-

1928 623 34 48 SS
1966 624 19 22 E
1978 650 120 23 LOSACK
2104 628 58 23 OFF
2162 646 7 11 '
2185 633 23 40 g
2225 631 38 42 *%■
2280 636 22 37 *?
2304 637 26 19 nt
2327 642 14 31 J
2358 637 28 21 Of
2399 637 86 24 FRAN
2486 639 23 24 *

1928 654 34 17 *J
1978 654 129 28 LOSACK,
2118 663 56 15 near
2185 656 39 24 the
2239 657 58 25 head
2312 661 28 22 df
2352 662 38 23 the
2402 664 53 26 bay,
2471 665 38 24 the

1924 679 116 27 following
2049 687 88 17 vanous
2145 688 110 25 property,
2267 689 24 19 at
2299 687 74 28 prices
2387 692 122 28 unusually

1952 736 105 30 Ploughs,
2063 741 105 29 scarifier,
2178 743 161 33 harrow-tines,
2349 750 160 27 potatoeforiu

1921 763 48 22 add
1984 764 63 29 hoes,
2057 766 68 29 sheep
2134 769 46 22 and
2192 772 67 22 cattle
2271 764 68 37 bells/
2346 770 91 29 Canada
2445 784 61 22 axes,

1923 816 55 19 door
2046 792 60 34 ban?
2113 820 23 15 vi
2137 796 64 23 mber
2213 797 42 29 dog
2255 805 12 26 ?
2283 801 46 22 and
2345 802 27 22 ch
2373 809 14 15 «
2387 802 35 24 ins
2424 819 4 11 >
2439 804 16 22 b
2457 811 40 15 «™
2497 795 10 28 ;

1923 819 55 19 door
1987 819 77 26 cloths,
2082 820 87 30 sickles,
2180 824 142 31 corn-sieves,
2335 835 112 17 measures
2463 832 45 22 and

1923 842 95 30 shovels,
2030 849 124 26 surveyor's
2168 849 73 29 chain,
2252 859 60 16 cross
2321 858 38 19 cut
2373 863 87 15 saw:—
2460 864 48 16 ma-

1921 896 76 23 butler
2005 905 10 15 s
2021 901 55 26 tray,
2085 907 48 15 iron
2140 901 68 30 chest,
2215 903 78 24 hearth
2300 913 59 22 rugs,
2366 908 49 23 dish
2421 917 78 16 covers

1922 929 43 38 £S
1975 931 75 36 lviA
2050 933 62 15 OOmS
2104 943 15 24 J
2129 931 63 36 '""I*
2192 937 8 14 1
2200 937 16 30 ?
2224 938 78 17 screws
2302 948 7 12 »
2319 935 113 29 «ockery.
2439 936 60 28 glass

1923 951 44 20 and
1975 951 76 27 plated
2060 951 70 28 goods
2137 955 104 27 ;—ladies
2250 961 96 28 apparel,
2357 969 41 20 cap
2406 951 100 35 nblons!

1923 978 92 22 scented
2029 985 70 22 soaps,
2109 981 129 31 perfumery
2246 985 26 22 of
2285 986 38 23 the
2332 986 67 24 finest
2413 980 93 36 quaKty!

1922 1004 48 21 hair
1987 1005 63 22 tooth
2066 1007 45 22 and
2125 1008 47 22 nail
2189 1009 91 25 brushes
2287 1020 35 20 ;—
2323 1014 123 27 stationary
2462 1018 45 22 aad

1921 1032 94 27 playing
2027 1032 70 29 cards,
2108 1036 72 22 men's
2193 1038 96 28 apparel,
2301 1039 71 24 check
2387 1042 46 22 and
2443 1043 64 23 other

1922 1060 74 25 shirts,
2007 1066 15 14 a
2036 1063 85 29 vanety
2136 1062 27 21 of
2174 1066 135 25 carpenter's
2318 1068 63 26 tools,
2392 1075 14 15 a
2421 1076 85 18 cramp,

1923 1091 64 21 camp
2004 1092 64 21 oven,
2086 1089 68 26 tnpot
2168 1090 44 21 and
2229 1098 73 21 crane,
2316 1100 16 15 a
2345 1098 79 24 patent
2439 1087 67 32 oven!

1921 1111 65 27 bolts,
1996 1111 68 29 locks,
2078 1113 85 30 hinges,
2173 1115 92 30 leather,
2275 1120 14 21 2
2304 1120 94 28 Spanish
2413 1123 85 25 guitars

1921 1145 113 21 marquee,
2051 1141 15 20 2
2085 1143 65 26 tents,
2166 1150 14 15 a
2196 1138 170 31 M'lntosh/life
2382 1132 117 44 preserver

1921 1164 103 27 splendid
2038 1165 66 24 brace
2119 1167 202 28 double-barrelled
2334 1174 78 27 pistols
2419 1176 26 22 in
2459 1183 48 15 ma-

1922 1192 91 27 hogany
2034 1199 90 22 case;—
2123 1194 120 25 bees-wax,
2259 1205 60 24 soap,
2337 1201 80 28 starch,
2434 1203 72 26 prime

1921 1220 138 24 negro-head
2074 1221 99 28 tobacco,
2184 1220 134 27 Robinson^
2333 1229 111 27 prepared
2456 1229 51 23 bar-

1921 1247 37 25 ley
1967 1247 46 20 and
2022 1250 80 25 groats,
2110 1247 67 24 black
2182 1258 89 21 pepper,
2284 1252 91 29 allspice
2382 1262 35 20 ;—
2417 1256 89 28 spades,

1921 1271 46 21 and
1976 1272 88 23 shovels
2079 1275 32 21 3s.
2122 1275 63 27 each,
2194 1278 111 28 grubbing
2313 1279 55 24 hoes
2377 1282 29 22 8d
2416 1289 42 19 per
2466 1282 39 26 lb.,

1921 1304 49 15 new
1980 1298 88 29 wedges
2082 1301 28 22 8d
2123 1309 42 20 per
2178 1303 38 28 lb.,
2231 1305 47 22 foot
2292 1310 57 19 rests
2358 1309 22 21 Is
2397 1309 29 22 6d
2443 1310 61 26 each,

1921 1327 75 37 Sf^'j
2015 1334 26 30 «*i
2091 1335 14 29 S
2106 1343 5 11 1
2123 1336 24 14 ro
2141 1355 8 9 ,
2149 1336 23 15 se
2172 1346 7 11 »
2187 1331 82 28 W&nS'
2277 1332 86 28 shingle
2371 1335 133 29 andbatten,

1921 1350 37 22 the
1967 1352 38 22 4d.
2015 1353 35 22 6d.
2060 1354 46 22 and
2121 1355 37 23 Bd.
2170 1360 24 18 at
2210 1358 48 22 lOd.
2267 1366 41 27 per
2316 1360 39 28 lb.,
2368 1362 38 22 the
2423 1363 50 22 lOd.
2483 1366 24 19 at

1920 1378 36 21 9d.
1971 1385 41 27 per
2020 1379 38 28 lb.,
2069 1380 38 23 the
2116 1382 50 22 20d.
2180 1385 45 21 and
2234 1386 62 26 spike
2305 1390 24 19 at
2337 1386 35 24 Bd.
2382 1395 40 19 per
2429 1389 33 23 lb.
2470 1398 35 13 :—

1920 1407 96 21 window
2030 1407 60 26 glass
2097 1408 24 22 in
2130 1416 92 21 squares
2240 1413 27 21 10
2281 1412 31 28 by
2330 1415 33 26 12,
2382 1415 36 23 9d.
2439 1416 63 25 each,

1919 1433 138 25 gunpowder
2065 1435 45 21 255.
2120 1442 41 21 per
2170 1437 71 22 barrel
2252 1439 25 22 of
2289 1441 27 20 25
2325 1440 50 28 lbs.,
2386 1442 46 22 and
2441 1442 65 24 other

1920 1461 89 20 articles
2027 1463 37 19 too
2086 1468 120 18 numerous
2223 1468 22 19 to
2266 1467 108 27 mention,
2393 1476 71 18 many
2481 1471 28 21 of

1919 1486 74 22 which
2003 1493 36 15 are
2049 1491 40 18 not
2098 1491 23 19 to
2136 1489 29 22 be
2179 1491 104 24 obtained
2300 1493 118 24 elsewhere
2432 1496 25 22 in
2466 1496 38 23 the

1919 1513 93 28 Colony.

1962 1568 146 23 THOMAS
2123 1572 75 21 AND
2212 1574 142 24 SAMUEL
2367 1578 93 22 COOS

1918 1602 93 48 BEG
2021 1606 22 19 to
2051 1604 82 23 inform
2144 1606 37 22 the
2189 1608 81 28 public,
2282 1609 48 23 that
2344 1611 86 28 having
2443 1619 61 16 com-

1994 1633 75 24 pleted
2086 1633 58 21 their
2166 1635 113 22 extensive
2298 1637 207 25 weather-boarded

1918 1658 71 26 btore,
1999 1658 53 27 they
2062 1658 56 22 have
2135 1666 67 22 every
2218 1669 150 17 convenience
2383 1665 36 22 for
2434 1673 70 16 ware-

1917 1685 97 26 housing
2021 1685 75 27 goods,
2108 1689 24 18 at
2140 1693 14 15 a
2163 1694 54 21 very
2225 1689 114 23 moderate
2349 1691 89 28 charge.

1945 1716 112 24 Lambton
2067 1719 71 28 Quay,
2150 1720 144 31 Wellington,
2308 1724 51 22 Jan.
2369 1727 34 25 29,
2413 1727 62 23 1841.

1919 1773 50 47 R
1997 1773 108 23 BAKER
2118 1776 54 27 begs
2185 1780 24 19 to
2222 1779 90 26 apprize
2321 1779 34 22 his
2365 1780 85 23 friends
2459 1783 46 22 and

1974 1811 11 10 •
2015 1800 38 22 the
2062 1802 137 24 inhabitants
2209 1804 26 22 of
2245 1805 54 22 Port
2309 1806 130 29 Nicholson,
2455 1809 49 23 that

1917 1827 27 20 he
1951 1827 42 21 has
1999 1830 145 21 commenced
2148 1830 100 23 business
2255 1840 23 14 as
2285 1840 14 14 a
2301 1833 204 30 Wine-merchant,

1917 1856 23 18 at
1956 1854 36 21 his
2011 1854 149 29 Store-house,
2181 1865 29 14 on
2230 1858 36 23 the
2281 1859 82 28 Beach,
2378 1861 73 23 below
2469 1863 37 23 his

1917 1882 190 28 dwelling-house,
2124 1883 73 23 where
2212 1884 27 23 he
2249 1886 18 21 is
2278 1887 95 22 enabled
2382 1891 23 18 to
2414 1889 56 23 offer
2479 1893 27 19 to

1916 1907 38 21 the
1964 1908 74 27 public
2055 1908 36 23 the
2107 1910 202 24 undermentioned
2323 1914 95 27 articles,
2436 1915 69 29 being

1916 1935 30 20 all
1966 1935 26 20 of
2011 1935 38 22 the
2067 1935 49 23 best
2135 1938 85 28 quality
2238 1940 46 21 and
2305 1940 78 23 lowest
2405 1943 100 25 possible

1916 1967 80 21 pnees.

2083 1997 29 14 EX
2152 1998 64 15 MARY

1941 2021 93 27 Pomy's
2042 2022 83 23 Medoc
2135 2024 75 27 claret,
2220 2025 24 21 in
2254 2034 68 20 cases,
2333 2028 12 20 1
2356 2027 49 22 doz.
2417 2028 65 23 each.

2024 2047 63 24 Ditto
2223 2052 56 22 ditto
2332 2055 13 20 2
2365 2060 3 4 •
2382 2054 64 23 ditto.

1945 2076 61 26 Very
2013 2077 100 25 superior
2121 2080 51 24 port
2182 2077 62 28 wine,
2255 2079 56 22 ditto
2332 2081 14 20 3
2382 2080 64 23 ditto.

2023 2101 63 23 Ditto
2222 2105 63 28 ditto,
2295 2107 24 21 in
2330 2110 90 21 quarter
2430 2108 72 23 casks.

1942 2129 109 26 Sherry—
2051 2129 84 28 brown,
2153 2131 60 28 gold,
2231 2133 58 27 pale,
2309 2134 36 21 old
2367 2134 86 28 brown,
2476 2135 27 24 in

1914 2157 92 24 quarter
2014 2155 70 23 casks.

1941 2180 98 29 Brandy,
2050 2183 24 21 in
2085 2191 62 15 cases
2156 2184 26 22 of
2193 2186 10 20 1
2214 2185 48 22 doz.
2274 2187 63 22 each.

2025 2209 62 22 Ditto
2195 2213 13 20 3
2246 2213 63 27 ditto,

1942 2235 68 28 Rum,
2025 2236 23 22 in
2064 2237 64 22 hhds.
2144 2238 25 22 of
2179 2239 27 21 43
2215 2239 94 26 gallons.

2024 2263 62 22 Ditto
2181 2265 27 22 47
2245 2267 62 22 ditto.

1943 2288 53 27 Gin,
2006 2288 51 23 half
2067 2298 68 19 cases,
2147 2293 11 19 1
2170 2291 71 23 dozen
2251 2294 62 23 each.

1941 2314 102 28 Taylor's
2052 2320 66 25 stout,
2128 2318 25 21 in
2163 2319 69 22 wood.

1959 2342 64 22 Ditto
2050 2344 49 27 pale
2109 2344 43 27 ale,
2165 2345 62 23 ditto.

1960 2369 62 22 Ditto
2050 2374 65 24 stout,
2126 2371 25 22 in
2158 2372 75 28 bottle,
2245 2374 63 22 casks
2314 2375 27 22 of
2345 2377 14 20 3
2367 2375 50 23 doz.
2426 2376 63 23 each.

1941 2396 175 23 Hebblewhite's
2125 2402 67 25 stout,
2202 2399 56 23 ditto
2366 2402 65 23 ditto.

1987 2423 63 22 Ditto
2125 2425 42 28 ale,
2201 2427 55 22 ditto
2365 2429 65 22 ditto.

1913 2462 145 30 Wellington,
2069 2465 102 29 January
2179 2468 34 26 28,
2224 2468 62 22 1841.

2068 2520 44 21 TO
2127 2521 69 21 THE
2211 2522 134 24 PUBLIC.

1914 2552 159 49 MESSRS.
2108 2554 161 31 WALLACE,
2307 2557 115 28 WHITE,
2455 2559 47 24 and

2005 2579 153 24 WALLACE
2185 2582 56 22 have
2248 2583 48 27 just
2304 2585 90 29 landed,
2416 2593 29 15 ex
2461 2586 38 23 the

2061 2615 30 15 an
2107 2610 113 22 extensive
2235 2615 135 19 assortment
2387 2613 28 22 of
2432 2621 66 20 guns,

1912 2641 89 15 DOUBLE
2019 2642 46 15 AND
2082 2642 82 16 SINGLE
2180 2644 141 23 BARRELLED,
2335 2642 57 25 pots,
2411 2640 88 28 kettles,

1911 2669 130 21 saucepans,
2057 2662 40 22 flat
2104 2663 68 28 irons,
2184 2665 43 21 and
2243 2665 64 23 other
2315 2667 73 21 useful
2403 2667 99 27 articles,

1911 2688 74 22 which
1992 2688 53 28 they
2051 2697 38 15 are
2099 2689 81 28 selling
2185 2695 23 18 at
2215 2693 147 28 exceedingly
2368 2693 44 23 low
2419 2694 79 28 prices,

1911 2718 24 19 at
1945 2716 56 22 their
2011 2717 69 26 Store,
2091 2724 30 15 on
2132 2717 37 22 the
2179 2718 77 22 beach.

2035 2772 97 22 RICE!
2152 2773 96 22 RICE!
2270 2775 96 21 RICE!

1910 2804 89 48 FOR
2008 2804 85 29 SALE,
2100 2809 23 18 at
2130 2806 38 22 the
2174 2807 73 22 Stores
2255 2808 26 21 of
2286 2807 37 22 the
2331 2808 164 29 Undersigned,

1970 2838 14 15 a
1991 2830 61 29 large
2062 2833 104 27 quantity
2177 2834 25 21 of
2212 2834 48 22 first
2269 2835 44 21 and
2320 2836 85 21 second
2412 2837 85 28 quality

1909 2857 47 22 rice
1961 2866 6 19 ;
1983 2858 46 22 also
2039 2865 14 16 a
2060 2858 64 28 large
2133 2860 79 28 supply
2219 2861 27 22 of
2252 2869 49 14 new
2307 2865 109 25 potatoes,
2425 2861 72 25 York-

1909 2884 61 22 shire
1983 2885 70 28 hams,
2071 2886 95 27 English
2182 2888 45 21 and
2242 2888 77 22 Dutch
2335 2889 87 28 cheese,
2439 2889 61 23 Irish

1909 2910 82 29 butter,
2001 2912 46 22 fine
2057 2912 50 22 loaf
2118 2914 45 21 and
2173 2914 94 22 crushed
2279 2923 83 20 sugars,
2378 2916 67 22 black
2453 2917 47 23 and

1909 2945 69 20 green
1988 2942 54 24 teas,
2053 2940 109 22 muscatel
2170 2941 87 28 raisins,
2266 2946 107 24 currants,
2380 2943 120 29 raspberry

1909 2965 47 22 and
1975 2965 64 23 other
2056 2966 110 28 vinegars,
2190 2968 46 22 and
2255 2970 110 26 groceries
2384 2970 28 22 of
2431 2977 68 22 every

1909 2992 142 28 description.

1937 3026 22 22 A
1970 3026 41 23 few
2023 3027 54 28 kegs
2092 3028 48 22 real
2155 3028 119 24 Loch-fine
2289 3029 110 29 herrings.
2427 3030 72 24 Fresh

1907 3053 59 28 pork
1975 3053 67 28 daily.

1937 3086 58 22 First
2004 3087 85 28 quality
2098 3088 53 27 rice,
2160 3090 46 21 255.
2215 3097 42 20 per
2265 3090 54 22 hhd.
2337 3091 95 28 weight;
2452 3092 48 22 2nd

1909 3113 63 27 ditto,
1984 3114 43 22 12s.
2037 3114 36 22 6d.
2084 3122 40 18 per
2133 3115 68 28 ditto;
2218 3119 108 26 potatoes,
2342 3119 31 21 Bs.
2384 3125 42 21 per
2433 3117 66 24 ditto.

1909 3140 41 21 All
1960 3140 63 22 other
2031 3140 69 27 goods
2111 3142 88 28 equally
2208 3149 79 22 cheap.

2180 3178 138 21 Archibald
2328 3178 138 23 Anderson.

1937 3206 143 30 Wellington,
2091 3208 54 23 Feb.
2157 3210 32 27 10,
2201 3211 61 21 1841.

2130 3264 146 24 TIMBER.

1909 3289 184 49 SEASONED
2102 3290 88 28 boards,
2201 3293 11 21 1
2222 3292 41 28 in.,
2274 3295 12 24 f
2295 3293 40 28 in.,
2344 3294 47 23 and
2401 3295 11 26 i
2421 3294 32 23 in.

1990 3316 106 23 Weather
2105 3317 89 23 boards.

1989 3343 118 27 Scantling
2116 3344 26 22 of
2152 3345 30 22 all
2192 3345 65 24 sizes.

1989 3369 99 29 Norway
2097 3371 69 23 deals.

1989 3396 102 24 Battens.

1988 3425 29 21 50
2025 3424 60 27 pairs
2094 3424 88 24 French
2190 3426 113 29 windows,
2313 3431 43 20 two
2366 3429 65 22 sizes.

1989 3450 125 24 Pannelled
2123 3452 72 24 doors.

2084 3485 26 23 T.
2126 3486 34 22 M.
2175 3486 182 25 PARTRIDGE
2366 3488 47 23 and
2421 3488 48 24 CO.

1907 3519 195 28 Manners-street,
2112 3519 146 31 Wellington,

1958 3547 32 21 Ist
1999 3546 131 29 December,
2142 3549 61 21 1840.

2112 3602 68 22 FOR
2194 3603 94 27 SALE,

1908 3634 117 49 GOOD
2036 3634 85 28 sherry,
2131 3634 25 23 in
2166 3639 90 25 quarter
2265 3635 70 23 casks.

1988 3661 112 28 Crockery
2110 3662 46 21 and
2163 3664 123 21 iron-stone
2297 3670 64 15 ware.

1933 3686 124 30 Eight-day
2064 3688 47 22 and
2119 3688 76 23 Dutch
2206 3688 81 23 clocks.

1933 3714 100 27 Fowling
2041 3714 82 29 pieces,
2133 3716 104 26 muskets,
2249 3716 44 22 and
2302 3716 127 23 umbrellas.
2453 3735 3 2 .

1933 3741 104 32 Cooper's
2046 3749 66 19 ware,
2124 3742 54 22 such
2188 3749 23 15 as
2220 3742 100 28 buckets,
2332 3742 89 30 churns,
2431 3744 61 28 tuba,

1904 3767 115 29 kneading
2027 3768 99 27 troughs,
2137 3770 41 21 &c.
2188 3769 40 22 &c.
2238 3770 41 21 &c.

1932 3794 97 23 Brushes
2039 3795 27 22 of
2076 3795 30 22 all
2115 3794 72 23 kinds.

2142 3829 26 21 T.
2180 3829 33 22 M.
2224 3829 134 24 Partridge
2369 3831 45 22 and
2424 3831 39 23 Co.

1990 3883 86 26 SALE,
2090 3886 24 18 at
2123 3883 43 22 this
2175 3883 78 28 Office,
2264 3884 48 23 files
2321 3885 28 22 of
2358 3885 40 23 the
2434 3885 59 24 New

1952 3935 93 23 Gazette
2080 3935 79 28 Office,
2169 3937 58 23 Nay.
2237 3939 34 26 28,
2283 3939 61 22 1840.
