2559 4039
1292 123 96 32 gation;
1401 123 47 23 and
1460 124 136 30 reminding
1607 124 49 24 him
1666 124 39 24 for
1716 124 39 24 his
1766 125 109 26 comfort,

1292 157 52 22 that
1354 155 41 24 the
1407 157 58 23 Port
1486 155 133 25 Nicholson
1635 157 101 30 petition
1748 157 48 23 will
1807 157 70 24 reach

1292 188 112 31 England
1423 188 91 23 several
1525 189 79 23 weeks
1615 189 81 23 before
1707 190 38 22 his
1766 190 110 30 depreca-

1292 225 53 27 tory
1368 221 117 30 despatch
1512 229 46 15 can
1586 221 75 24 arrive
1691 221 26 23 in
1745 222 132 31 Downing-

1294 256 80 23 street,
1386 261 38 15 we
1441 254 57 22 take
1508 254 67 23 leave
1586 254 37 23 for
1633 254 41 23 the
1686 258 97 26 present
1794 254 26 23 of
1829 254 49 23 him

1294 287 46 23 and
1350 285 38 24 his
1401 285 96 31 doings,
1516 285 26 23 in
1553 286 41 24 the
1613 286 60 31 hope
1687 287 54 23 that
1760 287 42 23 the
1820 291 59 20 next

1292 318 58 24 time
1369 318 19 23 it
1399 318 111 23 becomes
1531 325 44 16 our
1594 318 59 31 duty
1663 322 26 20 to
1710 319 79 24 notice
1804 320 73 26 them,

1293 352 19 22 it
1322 358 55 23 may
1386 353 43 21 not
1439 351 31 23 be
1484 353 26 21 to
1521 350 123 24 denounce
1651 351 170 32 land-jobbing
1832 353 48 22 and

1294 383 124 31 crimping,
1438 383 49 23 and
1505 383 91 24 attacks
1615 391 63 23 upon
1696 385 42 22 the
1757 385 87 30 liberty
1855 385 27 23 of

1294 416 40 24 the
1345 423 77 24 press.

1292 473 4 5 1
1325 466 25 23 A
1359 466 69 24 Land
1432 466 130 32 .Company
1571 466 85 28 forjthe
1667 467 86 31 people
1762 468 47 23 has
1820 468 60 23 been

1284 499 109 26 -formed,
1406 499 48 23 and
1465 506 36 16 we
1512 499 62 24 have
1584 499 74 24 heard
1668 500 21 23 it
1695 501 60 23 with
1762 501 117 30 pleasure,

1294 539 26 16 as
1332 539 36 16 we
1379 531 70 24 think
1460 531 20 24 it
1490 531 49 24 will
1550 532 31 23 be
1594 540 15 15 a
1626 533 124 30 profitable
1769 534 70 23 mode
1857 533 26 24 of

1294 564 122 31 investing
1425 564 64 23 their
1500 565 93 30 surplus
1608 573 92 17 means.
1734 565 52 24 The
1800 574 80 23 wages

1294 604 54 16 now
1359 597 109 23 received
1479 597 36 24 far
1526 605 96 24 surpass
1637 599 40 23 the
1689 602 99 20 amount
1799 606 80 16 neces-

1296 637 53 22 sary
1366 632 25 20 to
1411 630 89 31 gratify
1519 631 73 23 much
1611 635 95 26 greater
1724 635 78 19 wants
1822 632 60 22 than

1295 662 69 23 those
1375 662 58 31 they
1444 670 42 16 are
1501 665 127 28 possessed
1642 664 26 23 of
1689 665 32 29 by
1740 664 76 27 habit,
1834 664 48 23 and

1296 698 24 21 at
1331 694 40 24 the
1383 703 66 16 same
1460 696 59 23 time
1533 699 26 21 to
1579 696 81 24 enable
1680 697 67 23 them
1767 700 26 20 to
1812 704 68 16 accu-

1296 727 96 24 mulate.
1428 728 49 24 We
1492 729 73 23 know
1583 729 28 23 of
1618 737 32 15 no
1670 729 80 24 better
1762 737 83 16 means
1858 730 26 22 of

1296 761 137 31 expending
1452 761 63 24 their
1534 769 70 23 spare
1621 762 72 23 funds
1711 762 60 24 than
1793 762 25 23 in
1840 762 42 23 the

1296 793 116 31 purchase
1423 793 26 24 of
1459 794 65 27 land,
1533 802 27 15 as
1571 795 19 23 it
1600 795 49 23 will
1656 795 31 23 be
1700 795 113 24 attended
1823 794 60 24 with

1296 834 14 15 a
1321 826 91 23 certain
1424 827 48 23 and
1487 827 68 31 rapid
1573 827 104 24 increase
1697 828 25 23 in
1742 828 69 23 value
1823 835 59 16 even

1296 858 101 24 without
1409 859 183 31 improvement,
1606 864 145 27 consequent
1766 868 64 23 upon
1842 861 40 23 the

1296 892 91 23 certain
1398 899 114 24 progress
1530 893 28 23 of
1575 901 15 15 a
1609 893 137 24 settlement
1756 894 127 30 possessed

1298 925 25 23 of
1343 933 27 15 so
1381 933 74 22 many
1472 926 112 23 inherent
1600 926 157 31 advantages,
1771 927 47 22 and
1837 934 43 15 un-

1298 957 110 31 equalled
1419 959 33 29 by
1463 966 48 23 any
1521 958 70 24 other
1597 962 55 27 port
1662 959 26 22 in
1700 959 67 23 these
1780 959 100 26 Islands,

1297 990 90 31 arising
1416 995 43 19 out
1487 991 26 23 of
1534 991 43 24 the
1603 992 103 31 peculiar
1736 992 146 31 advantages

1297 1023 88 23 offered
1396 1032 27 15 as
1434 1032 14 15 a
1469 1025 150 22 commercial
1636 1025 112 30 position.
1783 1025 50 23 The
1845 1025 36 23 in-

1297 1063 79 16 crease
1388 1056 26 23 in
1425 1056 68 24 value
1503 1057 26 23 of
1545 1065 83 16 course
1638 1058 49 23 will
1697 1058 31 23 be
1740 1058 72 24 much
1823 1066 58 23 aug-

1298 1089 95 23 mented
1413 1090 33 31 by
1468 1090 174 31 improvement
1663 1091 50 23 and
1739 1091 143 26 settlement,

1298 1122 46 23 and
1355 1122 25 23 in
1391 1122 53 24 that
1456 1131 54 22 way
1521 1123 48 24 will
1590 1124 57 23 offer
1658 1132 15 15 a
1682 1124 94 23 further
1787 1124 94 23 induce-

1298 1159 64 19 ment
1374 1158 25 20 to
1412 1155 142 24 thriitiness.
1590 1156 77 31 Being
1678 1157 128 30 possessed
1818 1157 24 23 of
1852 1165 39 21 an,

1298 1188 99 23 interest
1416 1188 24 24 in
1458 1189 42 23 the
1518 1189 46 23 soil
1583 1189 50 23 will
1649 1189 30 24 be
1700 1190 114 23 attended
1824 1189 60 23 with

1298 1221 146 24 attachment
1463 1225 26 20 to
1509 1222 41 23 the
1571 1222 73 31 place,
1665 1221 80 25 which
1765 1222 21 23 is
1798 1223 87 23 almost

1298 1261 125 25 necessary
1434 1258 25 19 to
1481 1258 138 20 counteract
1638 1255 24 23 in
1675 1263 72 23 many
1759 1255 53 24 that
1830 1255 54 24 love

1298 1287 25 23 of
1333 1288 93 30 change
1437 1287 80 23 which
1535 1295 27 16 so
1581 1287 134 32 frequently
1731 1287 81 27 arises,
1825 1296 59 15 even

1298 1320 23 23 in
1333 1320 42 23 the
1387 1324 64 20 most
1466 1320 69 27 inert,
1556 1320 60 24 after
1636 1320 91 32 having
1744 1321 140 31 undergone

1298 1362 13 14 a
1322 1353 59 31 long
1392 1361 94 23 voyage
1520 1354 49 23 and
1581 1354 69 23 when
1661 1355 175 30 unreasonably
1847 1354 37 23 in-

1298 1387 88 30 dulged
1397 1387 33 26 in,
1443 1387 58 22 does
1514 1390 43 20 not
1573 1387 41 23 fail
1631 1390 24 20 to
1667 1387 31 23 be
1718 1387 168 27 mischievous,

1298 1423 24 19 at
1339 1420 69 26 least,
1430 1423 26 19 to
1485 1420 40 23 the
1553 1420 99 30 worldly
1670 1420 100 23 interest
1793 1421 25 23 of
1843 1421 43 23 the

1297 1453 110 29 working
1426 1453 72 23 class.
1533 1453 24 23 A
1578 1453 125 30 Company
1722 1454 27 22 of
1766 1453 42 23 the
1818 1453 66 27 kind,

1298 1486 144 22 established
1453 1486 26 22 in
1494 1485 78 24 South
1590 1486 129 26 Australia,
1732 1494 49 15 was
1801 1486 85 31 highly

1298 1519 137 26 successful,
1448 1519 49 23 and
1508 1527 37 15 we
1561 1519 75 24 doubt
1646 1522 45 20 not
1707 1519 50 23 will
1770 1519 30 24 be
1812 1523 74 20 atten-

1298 1551 45 23 ded
1364 1551 57 23 with
1435 1552 70 31 equal
1525 1559 96 17 success
1642 1552 48 23 and
1701 1552 148 24 satisfaction
1861 1553 25 23 in

1298 1585 47 23 this
1356 1585 76 31 place.

1285 1653 23 16 >.-,.
1329 1641 51 24 The
1399 1641 121 32 Surveyor
1541 1642 122 23 General's
1684 1642 76 24 Office
1848 1651 38 16 re-

1296 1675 87 23 moved
1393 1675 127 31 yesterday
1527 1675 63 23 from
1602 1675 41 23 the
1654 1675 152 32 Emigration
1816 1675 72 32 dep6t

1296 1712 24 19 to
1333 1707 41 24 the
1393 1708 103 23 wooden
1512 1708 76 24 house
1607 1708 106 32 recently
1724 1709 114 30 occupied
1855 1710 32 31 by

1297 1741 48 23 Mr.
1359 1740 31 24 D.
1406 1740 109 27 Sinclair,
1528 1742 49 29 just
1588 1742 25 23 in
1625 1742 40 22 the
1677 1750 53 15 rear
1741 1742 28 24 of
1778 1743 40 23 the
1833 1750 54 16 acre

1296 1782 64 23 upon
1371 1774 80 23 which
1461 1775 42 22 the
1515 1775 148 31 Emigration
1675 1775 88 24 houses
1775 1776 77 23 stand.

1331 1832 47 24 Mr.
1393 1832 101 30 Barrett,
1509 1841 28 15 on
1549 1833 91 31 leaving
1652 1834 46 22 this
1710 1834 35 22 for
1761 1834 125 29 Taranaki,

1297 1867 73 22 stated
1383 1867 16 22 it
1419 1870 22 19 to
1454 1867 30 22 be
1496 1866 35 23 his
1543 1867 110 22 intention
1673 1871 23 18 to
1715 1875 95 22 arrange
1822 1867 35 23 for
1875 1876 14 15 a

1296 1907 62 22 majij
1379 1904 23 18 to
1421 1900 28 22 be
1468 1900 88 22 carried
1578 1900 31 30 by
1627 1901 88 21 natives
1733 1901 153 30 periodically,

1296 1933 103 23 between
1411 1933 39 22 the
1463 1933 125 31 Plymouth
1602 1933 138 31 Company's
1760 1934 129 23 settlement

1298 1966 43 23 and
1352 1966 143 31 Wanganui.
1531 1966 45 23 We
1598 1966 58 31 hope
1677 1967 65 23 those
1765 1968 123 22 interested

1298 1999 45 24 will
1353 1999 30 24 be
1395 1999 96 24 enabled
1504 2004 22 19 to
1538 1999 68 24 make
1618 2000 87 23 similar
1717 2006 170 25 arrangements

1286 2036 46 22 *%or
1345 2041 13 13 a
1369 2033 56 22 mail
1436 2033 102 22 between
1556 2033 44 22 this
1614 2033 42 23 and
1676 2034 39 22 the
1726 2034 68 22 latter
1808 2034 76 22 settle-

1298 2069 69 19 ment.
1404 2065 52 23 The
1476 2065 173 23 establishment
1668 2066 25 22 of
1710 2074 12 14 a
1740 2066 55 22 mail
1810 2066 23 22 of
1848 2067 39 22 the

1298 2096 56 24 kind
1366 2098 74 23 would
1458 2098 29 23 be
1499 2097 107 24 attended
1624 2098 53 23 with
1694 2106 56 23 very
1762 2098 66 23 small
1846 2107 40 15 ex-

1297 2138 77 23 pense,
1388 2131 66 23 while
1471 2131 39 23 the
1529 2132 111 29 certainty
1654 2131 25 23 of
1696 2133 191 22 communication

1298 2164 73 23 would
1389 2169 41 19 not
1447 2164 41 23 fail
1506 2169 22 18 to
1548 2169 106 26 augment
1666 2164 39 24 the
1722 2165 66 23 value
1800 2166 25 23 of
1833 2174 54 23 pro-

1296 2203 66 26 perty
1372 2198 56 23 both
1441 2203 24 18 at
1472 2198 118 23 Taranaki
1599 2198 43 23 and
1652 2198 140 31 Wanganui.
1812 2199 75 23 There

1298 2239 40 15 can
1350 2232 28 23 be
1391 2239 28 15 no
1433 2230 71 25 doubt
1521 2231 39 24 the
1579 2232 89 23 settlers
1680 2237 25 18 at
1722 2232 58 23 Port
1792 2232 95 24 Nichol-

1298 2272 40 16 son
1350 2265 76 23 would
1438 2273 41 15 use
1491 2265 59 23 their
1562 2265 51 23 best
1625 2265 76 23 efforts
1714 2270 23 18 to
1753 2267 110 22 maintain
1874 2274 14 16 a

1296 2298 91 31 regular
1397 2298 55 23 land
1465 2299 197 23 communication.
1701 2299 42 24 We
1756 2300 73 22 would
1842 2300 45 23 fain

1296 2331 57 32 hope
1366 2340 14 15 a
1390 2332 43 24 few
1444 2332 94 24 months
1550 2332 45 23 will
1614 2332 46 23 find
1672 2341 28 15 us
1719 2333 24 23 in
1757 2334 130 29 possession

1297 2365 24 23 of
1342 2373 14 15 a
1378 2366 92 31 regular
1487 2366 62 28 mail,
1570 2370 22 19 at
1611 2366 57 23 least
1687 2374 56 15 once
1756 2375 13 14 a
1781 2366 69 29 week,
1865 2371 22 19 to

1295 2399 55 23 both
1374 2399 25 23 of
1419 2399 39 23 the
1483 2399 70 23 above
1583 2400 123 30 important
1736 2400 149 23 settlements.

1296 2432 162 31 Appearances
1470 2434 100 29 promise
1583 2441 28 14 an
1624 2434 72 21 active
1712 2433 62 24 trade
1785 2434 101 23 between

1298 2466 55 23 Port
1372 2465 129 24 Nicholson
1519 2466 46 23 and
1584 2466 37 23 the
1640 2466 130 24 settlement
1789 2475 29 15 on
1840 2467 46 23 this

1296 2499 47 24 side
1356 2499 25 24 of
1397 2500 39 24 the
1456 2500 94 23 Straits.
1586 2499 44 23 We
1647 2499 93 24 became
1753 2500 133 31 acquainted

1296 2533 39 23 but
1348 2533 38 23 the
1399 2533 65 23 other
1477 2533 42 30 day
1527 2533 56 23 with
1591 2533 138 31 Wanganui,
1740 2533 44 23 and
1796 2534 91 30 already

1296 2566 62 24 there
1371 2575 38 15 are
1421 2567 37 23 six
1469 2567 88 23 vessels
1569 2568 24 21 in
1605 2566 44 24 and
1661 2568 106 30 entering
1778 2567 38 24 the
1824 2568 62 23 trade

1297 2600 23 23 of
1331 2600 48 23 that
1390 2600 139 24 settlement.

1330 2657 49 24 The
1386 2657 116 32 Working
1510 2658 78 23 Men's
1599 2658 149 23 Association
1759 2658 77 24 issued
1847 2659 40 23 the

1295 2691 116 30 following
1422 2691 148 23 information
1582 2692 24 22 in
1618 2691 36 23 the
1666 2692 60 23 form
1736 2693 25 22 of
1771 2700 14 15 a
1795 2693 92 30 placard

1296 2725 43 23 last
1350 2725 73 23 week.
1461 2724 25 24 It
1498 2726 102 22 contains
1613 2733 12 15 a
1637 2733 54 23 very
1703 2725 76 24 useful
1790 2733 96 24 sugges-

1296 2759 47 23 tion
1354 2758 75 23 which
1441 2766 33 15 we
1486 2758 59 31 hope
1562 2758 46 24 will
1627 2758 88 31 shortly
1733 2759 28 23 be
1781 2759 104 31 adopted.

1298 2792 99 24 Persons
1411 2797 39 18 not
1460 2792 126 31 belonging
1606 2798 21 17 to
1646 2792 39 23 the
1704 2792 105 32 working
1828 2793 59 24 class

1298 2834 40 15 can
1351 2826 91 23 become
1454 2825 115 31 honorary
1578 2825 113 23 members
1703 2826 25 23 of
1737 2826 39 23 the
1789 2827 98 23 associa-

1298 2860 46 23 tion
1355 2859 31 31 by
1398 2860 88 30 paying
1497 2867 42 15 one
1551 2859 78 31 pound
1640 2864 21 19 to
1669 2860 31 23 its
1707 2859 78 24 funds.
1820 2860 67 23 Ano-

1298 2893 48 23 ther
1359 2893 66 23 mode
1438 2893 25 23 of
1480 2893 154 30 contributing
1645 2897 23 19 to
1686 2893 38 23 the
1742 2894 145 28 association,

1298 2927 36 23 the
1347 2926 109 32 adoption
1468 2926 25 23 of
1509 2926 74 23 which
1595 2926 73 23 would
1679 2926 30 24 be
1721 2927 81 31 highly
1819 2928 69 23 satis-

1298 2961 86 30 factory
1396 2965 23 18 to
1430 2959 38 24 the
1482 2959 104 32 working
1598 2960 66 29 class,
1677 2961 21 22 is
1710 2960 30 31 by
1752 2961 137 31 forwarding

1299 2994 118 23 donations
1430 2994 25 23 of
1470 2994 77 23 useful
1559 2994 73 23 books
1644 2999 22 18 to
1679 2994 60 23 their
1750 2994 94 31 library.

1477 3026 32 20 To
1514 3026 145 21 Employers
1666 3032 51 15 and
1721 3027 139 20 Workmen.

1298 3055 43 20 The
1351 3053 105 26 Working
1473 3053 73 21 Men's
1559 3054 142 25 Association,
1712 3054 35 20 for
1757 3055 36 20 the
1804 3055 83 26 acquir-

1298 3083 35 25 ing
1342 3081 43 21 and
1394 3082 102 25 diffusing
1506 3081 69 21 useful
1590 3082 130 25 knowledge,
1731 3083 77 25 having
1824 3082 65 20 taken

1298 3110 44 20 into
1363 3109 157 21 consideration
1541 3109 37 20 the
1597 3109 94 20 increase
1713 3109 25 21 of
1755 3109 133 27 Emigration

1297 3138 55 20 from
1361 3137 45 20 this
1414 3139 22 19 to
1447 3138 63 19 other
1517 3137 107 24 Colonies,
1635 3137 126 20 occasioned
1769 3144 28 13 on
1804 3139 35 18 the
1848 3144 41 13 one

1298 3165 55 20 hand
1362 3165 29 26 by
1398 3165 105 26 practices
1513 3164 75 26 highly
1597 3164 155 25 discreditable,
1762 3165 43 20 and
1814 3171 28 14 on
1852 3165 37 19 the

1299 3194 59 19 other
1366 3193 27 26 by
1406 3199 26 14 an
1445 3194 104 25 apparent
1558 3194 58 18 want
1625 3192 24 20 of
1663 3191 158 28 Employment,
1836 3192 53 20 have

1298 3220 91 27 adopted
1403 3221 37 19 the
1459 3220 120 20 resolution
1597 3220 25 19 of
1635 3220 125 26 appointing
1778 3220 36 20 the
1825 3219 63 27 Hope

1299 3248 52 27 (Mr.
1362 3247 133 25 Marshall's)
1508 3247 42 20 and
1562 3248 36 19 the
1614 3247 112 20 Britannia
1740 3247 53 27 (Mr.
1808 3248 80 19 Wood-

1298 3275 83 27 ward's)
1394 3275 177 25 Coffee-Houses,
1581 3281 22 14 as
1614 3275 68 26 places
1692 3276 68 19 where
1767 3275 72 20 Books
1846 3275 43 20 will

1298 3304 25 20 be
1333 3304 59 26 kept,
1403 3304 24 19 in
1442 3303 71 20 which
1532 3303 37 20 the
1586 3309 70 14 names
1675 3302 42 21 and
1731 3303 117 20 residences
1867 3303 24 20 of

1298 3332 126 26 Employers
1440 3331 96 25 wanting
1553 3330 60 25 Men,
1628 3330 42 21 and
1684 3330 53 21 Men
1754 3331 23 20 in
1797 3332 56 19 want
1867 3330 24 21 of

1283 3362 2 25 |
1298 3359 73 24 Work,
1388 3359 44 20 will
1445 3358 27 21 be
1492 3358 117 26 registered
1617 3366 6 16 ;
1639 3358 40 21 and
1696 3359 36 20 the
1752 3358 81 21 cordial
1852 3365 37 14 co-

1298 3386 111 27 operation
1419 3386 24 20 of
1458 3386 30 20 all
1498 3386 77 20 classes
1586 3386 18 20 is
1620 3386 106 27 earnestly
1741 3386 111 26 requested
1867 3386 22 20 in

1298 3414 118 26 advancing
1439 3415 38 19 the
1501 3413 66 21 above
1592 3414 76 25 object.
1712 3415 22 19 S.
1754 3413 134 25 Woodward,

1332 3488 50 24 The
1390 3488 122 24 Directors
1524 3488 26 23 of
1566 3488 37 23 the
1615 3488 79 24 Steam
1705 3488 54 24 Mill
1771 3488 118 32 Company

1298 3522 56 24 have
1365 3522 60 23 been
1437 3521 95 25 elected.
1570 3521 67 32 They
1654 3530 39 16 are
1713 3522 99 24 Messrs.
1825 3522 64 31 Earp

1298 3556 44 23 and
1360 3554 142 30 Wicksteed,
1516 3555 46 24 and
1578 3556 98 31 Captain
1694 3556 103 23 Daniell.
1839 3555 50 24 The

1297 3590 63 31 place
1378 3589 101 23 selected
1491 3597 28 15 on
1532 3589 75 23 which
1625 3593 22 19 to
1666 3594 62 19 erect
1747 3589 38 23 the
1802 3589 50 24 mill
1869 3589 20 23 is

1298 3628 59 19 town
1366 3631 51 15 acre
1430 3622 47 24 No.
1487 3624 58 28 222,
1554 3631 13 15 a
1575 3622 42 24 few
1625 3630 62 15 acres
1694 3622 92 31 beyond
1793 3623 37 23 the
1839 3622 51 24 Pah

1298 3657 34 23 Te
1343 3656 58 24 Aro.
1437 3655 25 25 A
1475 3656 43 23 call
1539 3656 47 23 will
1603 3656 154 31 immediately
1768 3656 29 24 be
1815 3656 73 29 made,

1298 3699 24 15 as
1334 3690 39 23 the
1385 3690 121 23 Directors
1519 3697 38 16 are
1571 3690 95 23 anxious
1687 3693 23 20 to
1726 3694 39 26 get
1785 3690 37 23 the
1840 3689 50 24 mill

1298 3725 47 22 into
1358 3724 118 30 operation
1488 3728 24 19 at
1522 3723 40 23 the
1575 3723 90 24 earliest
1677 3727 110 20 moment.

1331 3782 24 23 A
1367 3782 75 23 native
1461 3781 51 24 who
1530 3781 43 24 has
1586 3789 62 16 come
1667 3789 55 16 over
1735 3781 55 24 land
1801 3786 88 28 reports

1298 3815 37 23 the
1347 3815 69 30 Lady
1427 3815 95 30 Nugent
1542 3819 23 19 to
1583 3815 30 23 be
1625 3819 22 19 at
1658 3815 87 23 anchor
1757 3820 23 19 at
1799 3815 88 32 Kapiti.

1298 3849 25 23 If
1335 3848 64 24 there
1417 3848 28 24 be
1458 3848 64 23 truth
1541 3849 25 23 in
1582 3848 38 25 the
1639 3853 131 25 statement,
1789 3849 41 24 her
1848 3858 41 23 ap-

1296 3890 112 24 pearance
1426 3890 55 24 may
1499 3882 27 24 be
1547 3882 81 32 hourly
1646 3882 84 24 looked
1748 3883 44 23 for.
1843 3883 47 24 She

1296 3916 46 23 will
1360 3916 92 24 furnish
1472 3916 64 24 dates
1562 3916 59 23 later
1640 3916 54 23 than
1719 3916 38 24 the
1786 3919 29 22 15
1819 3916 23 25 th
1868 3917 23 24 of

1298 3949 109 30 October,
1421 3949 44 25 and
1473 3951 24 22 in
1506 3949 28 24 all
1548 3950 137 31 probability
1694 3950 44 24 will
1746 3951 68 31 bring
1821 3951 70 23 infor-

2133 1576 149 22 SYDNEY.

678 2088 89 83 New
796 2088 207 83 Zealand
1032 2088 236 83 Gazette.

725 2171 68 21 AND
809 2171 213 22 WELLINGTON
1037 2172 186 22 SPECTATOR.

1943 1635 106 21 Stamped
2070 1635 96 22 Covers.
2197 1636 35 27 By
2255 1644 13 14 a
2291 1635 73 23 notice
2387 1635 58 22 from
2469 1635 38 23 the

1917 1661 97 23 General
2037 1662 54 22 Post
2112 1662 78 27 Office,
2209 1663 98 27 Sydney,
2328 1662 66 22 dated
2411 1665 33 19 Ist
2459 1663 48 21 No-

1917 1689 97 26 vember,
2034 1690 61 25 1838,
2114 1689 17 24 it
2148 1697 44 14 was
2215 1690 104 27 signified
2338 1689 48 21 that
2405 1690 102 26 stamped

1917 1723 77 15 covers
2010 1716 78 27 might,
2105 1717 58 21 from
2181 1717 49 21 that
2245 1717 60 26 time,
2321 1716 27 21 be
2363 1716 107 22 obtained
2485 1721 24 17 at

1916 1750 14 14 a
1940 1743 80 27 charge
2030 1743 26 21 of
2072 1745 29 19 Is.
2112 1743 36 22 3d.
2159 1751 40 20 per
2209 1743 79 28 dozen,
2302 1744 24 21 in
2343 1743 73 21 which
2435 1747 23 17 to
2470 1750 39 15 en-

1917 1770 78 27 volope
2006 1770 83 27 letters,
2101 1770 80 27 which,
2192 1771 69 26 being
2274 1769 80 28 posted
2368 1769 24 21 in
2408 1771 97 26 Sydney,

1917 1797 71 21 would
2006 1801 92 22 exempt
2114 1797 54 21 such
2183 1797 77 22 letters
2280 1797 58 22 from
2359 1804 45 19 any
2420 1797 89 21 further

1916 1823 88 28 charge,
2016 1828 23 16 to
2050 1823 38 22 the
2098 1823 41 22 full
2150 1824 69 21 limits
2230 1824 26 22 of
2262 1823 36 23 the
2310 1828 130 23 two-penny
2457 1831 50 20 post

1917 1851 105 26 delivery.
2052 1851 43 21 His
2112 1851 137 26 Excellency
2265 1851 38 21 the
2322 1850 124 27 Governor,
2458 1858 50 14 now

1918 1877 51 21 with
1980 1884 14 14 a
2004 1877 56 21 view
2075 1877 45 21 still
2129 1877 87 22 further
2232 1882 23 17 to
2272 1877 83 23 extend
2366 1877 43 22 this
2418 1885 89 15 accom-

1917 1904 121 26 modation,
2049 1904 41 21 has
2105 1905 58 21 been
2181 1905 91 26 pleased
2289 1910 22 16 to
2329 1905 99 21 sanction
2446 1912 14 14 a
2474 1912 35 14 re-

1917 1931 90 21 duction
2019 1931 26 21 of
2058 1931 38 21 the
2114 1931 81 27 charge
2214 1935 22 18 to
2254 1934 30 20 Is.
2299 1938 40 22 per
2349 1931 71 22 dozen
2435 1939 25 13 or
2476 1933 32 21 Bs.

1917 1965 39 19 per
1974 1957 111 27 hundred,
2107 1958 45 22 and
2170 1962 84 24 stamps
2273 1967 25 13 or
2317 1965 77 14 covers
2413 1966 53 19 may
2484 1959 24 21 in

1916 1985 74 21 future
2000 1985 28 21 be
2039 1985 105 21 obtained
2155 1989 24 18 at
2193 1985 44 22 this
2253 1990 47 18 rate
2315 1985 23 22 in
2350 1992 45 20 any
2405 1985 103 28 number,

1916 2018 60 21 upon
1996 2012 137 26 application
2149 2016 23 18 at
2189 2013 45 21 this
2251 2013 72 22 office.
2354 2011 74 23 James
2446 2013 64 21 Ra\-

1916 2046 70 18 mond,
1998 2039 143 21 Postmaster-
2148 2039 105 21 General.

1945 2072 27 21 G.
1988 2072 26 21 R.
2024 2072 113 26 Nichols,
2149 2072 53 23 Esq.
2234 2072 28 21 In
2272 2079 155 18 consequence
2439 2072 26 21 of
2472 2072 37 21 the

1916 2098 48 21 rule
1971 2098 157 27 promulgated
2137 2106 29 14 on
2178 2099 102 27 Monday
2286 2099 50 25 last,
2345 2098 34 21 for
2387 2098 37 21 the
2434 2098 75 23 future

1916 2126 96 26 practice
2028 2125 27 21 of
2068 2125 38 22 the
2121 2126 69 21 Court
2208 2126 26 21 of
2248 2126 96 24 Quarter
2359 2126 108 25 Sessions,
2485 2133 25 14 as

1915 2152 91 26 regards
2023 2156 115 24 attorneys
2154 2152 44 22 and
2213 2154 123 24 barristers,
2355 2152 44 21 Mr.
2416 2152 94 22 Nichols

1917 2186 44 15 was
1971 2178 71 23 called
2052 2187 60 19 upon
2122 2180 30 26 by
2164 2180 36 21 the
2215 2180 121 22 Chairman
2354 2186 28 15 on
2401 2179 109 22 Wednes-

1916 2206 50 27 day,
1978 2209 22 18 to
2011 2206 89 22 declare
2112 2207 72 21 which
2197 2207 87 22 branch
2294 2206 27 23 of
2333 2206 36 21 the
2384 2206 125 26 profession

1915 2232 29 22 he
1960 2233 109 22 intended
2086 2234 22 21 in
2126 2234 75 22 future
2222 2237 24 18 to
2261 2240 89 22 pursue,
2371 2232 48 22 that
2438 2233 27 22 of
2479 2241 30 14 an

1916 2263 104 23 attorney
2030 2267 25 14 or
2065 2260 49 22 that
2129 2262 25 20 of
2162 2269 27 13 an
2206 2261 116 22 advocate.
2352 2260 45 21 Mr.
2415 2260 95 22 Nichols

1915 2287 66 22 made
1992 2287 36 22 the
2038 2288 68 21 latter
2121 2287 35 22 his
2173 2288 102 27 election,
2296 2286 45 23 and
2357 2287 112 27 appeared
2484 2288 25 21 in

1916 2314 38 22 the
1971 2314 116 22 character
2101 2315 26 21 of
2141 2315 98 21 Counsel
2252 2316 24 20 in
2296 2323 13 13 a
2329 2321 50 14 case
2399 2314 54 21 with
2472 2314 38 22 the

1916 2341 79 22 Crown
2006 2341 140 22 Prosecutor.

1943 2375 63 21 Port
2027 2375 151 23 Macquarie.
2208 2376 47 21 The
2286 2377 106 20 Governor
2418 2376 90 24 HalJcei,

1915 2401 98 28 whaling
2023 2402 92 28 barque,
2128 2403 88 27 Braley,
2234 2403 69 27 lately
2320 2402 84 22 landed
2418 2402 42 22 her
2475 2410 35 14 se-

1916 2429 58 21 cond
1982 2429 77 22 officer
2065 2434 23 17 at
2099 2430 53 21 Port
2159 2430 139 27 Macquarie,
2310 2429 49 22 who
2369 2436 44 15 was
2418 2430 92 21 labour-

1915 2455 40 28 ing
1964 2456 73 21 under
2053 2461 130 23 temporary
2195 2457 169 27 derangement,
2381 2457 86 26 having
2477 2460 33 18 at-

1915 2483 100 27 tempted
2032 2487 22 18 to
2075 2487 39 18 cut
2132 2484 34 21 his
2187 2484 81 21 throat.
2297 2483 48 22 The
2363 2484 147 21 unfortunate

1915 2517 53 14 man
1988 2517 45 14 was
2052 2510 110 22 admitted
2181 2511 49 21 into
2249 2511 37 22 the
2307 2510 112 27 Hospital.
2461 2510 49 22 The

1915 2537 72 22 vessel
1997 2537 55 21 then
2063 2541 41 23 ptit
2119 2542 22 17 to
2157 2545 39 14 sea
2212 2538 74 27 again,
2302 2538 86 26 having
2404 2537 106 22 obtained

1915 2564 40 21 750
1965 2564 82 21 barrels
2059 2565 27 20 of
2103 2564 29 22 oil
2150 2565 61 22 since
2232 2566 37 21 the
2288 2567 48 20 31st
2355 2565 27 21 of
2397 2564 110 28 January,

1918 2592 58 26 1840,
1988 2591 65 22 when
2064 2591 41 22 she
2115 2592 41 21 left
2166 2592 99 28 Sydney.

1965 2653 249 24 ABSTRACTION
2237 2655 44 22 OF
2302 2654 154 23 LABOUR.

812 2225 129 26 Saturday,
958 2225 54 22 Fub.
1028 2227 33 26 20,
1077 2228 62 20 1841.

711 2281 73 24 From
797 2289 15 16 a
823 2284 80 28 report
914 2282 27 23 of
954 2281 41 24 the
1016 2283 160 32 proceedings
1188 2286 25 21 at
1226 2283 40 24 the

678 2315 80 31 public
770 2315 108 31 meeting
889 2323 30 15 on
938 2314 118 32 Monday,
1068 2316 20 23 it
1102 2316 48 24 will
1163 2317 29 23 be
1204 2325 63 18 seen,

678 2348 54 23 that
743 2356 31 15 an
795 2348 112 27 address.,
913 2351 25 20 to
957 2348 41 23 the
1019 2349 85 28 Queen
1121 2350 37 24 for
1169 2350 42 23 the
1231 2358 36 15 re-

678 2382 80 22 moval
770 2382 27 22 of
815 2381 103 30 Captain
938 2380 103 25 Ilobson
1059 2390 51 16 was
1129 2383 139 25 sanctioned

678 2415 33 31 by
722 2415 42 23 the
774 2415 121 31 majority.
930 2414 39 23 An
983 2415 163 28 amendment,
1159 2417 110 31 strongly

679 2448 154 31 criminatory
856 2447 28 23 of
907 2447 42 23 the
974 2448 157 24 Lieutenant-
1134 2450 132 27 Governor,

678 2481 44 24 but
739 2484 44 21 not
802 2481 26 23 in
838 2484 75 21 terms
933 2481 124 31 requiring
1066 2482 39 23 his
1124 2483 80 27 recall,
1217 2491 49 16 was

678 2514 112 31 rejected,
810 2514 94 31 though
916 2514 82 23 drawn
1018 2523 33 22 up
1070 2516 48 22 and
1138 2517 132 30 supported

679 2548 59 23 with
750 2552 69 26 great
837 2548 91 30 ability.
962 2547 53 24 The
1026 2549 134 31 prevailing
1171 2549 98 31 opinion

679 2589 50 15 was
741 2580 25 24 in
776 2580 85 24 favour
870 2581 27 23 of
906 2589 14 15 a
932 2580 76 24 direct
1025 2587 137 19 movement
1174 2584 95 30 against

679 2614 38 23 his
739 2614 159 32 Excellency;
929 2614 55 23 who
1011 2614 50 23 will
1084 2615 109 24 discover
1215 2617 53 23 that

679 2647 150 24 whatsoever
846 2655 120 16 nonsense
977 2647 42 24 the
1038 2648 86 31 people
1135 2650 74 23 about
1219 2650 51 23 him

678 2689 56 23 may
745 2684 67 28 prate
824 2681 27 24 of
866 2680 119 31 breaking
994 2688 34 24 up
1039 2681 41 24 the
1099 2681 58 25 Port
1167 2683 101 24 Nichol-

679 2722 45 15 son
743 2714 145 28 settlement,
906 2714 42 23 the
969 2714 162 33 undertaking
1149 2714 37 25 iiP
1190 2724 78 16 some-

679 2747 65 24 what
756 2747 98 24 difficult
865 2747 28 24 of
911 2747 220 31 accomplishment,
1149 2749 49 24 and
1217 2751 53 23 that

679 2780 41 24 the
731 2781 92 30 objects
835 2781 26 23 of
878 2781 39 23 Ms
928 2781 83 23 attack
1030 2789 40 15 are
1087 2784 118 29 prepared
1223 2787 45 20 not

680 2813 57 32 only
745 2814 37 24 for
793 2814 85 31 sturdy
889 2814 137 27 resistance,
1038 2815 52 27 but,
1106 2815 21 24 if
1132 2824 135 24 necessary,

680 2850 26 21 to
718 2847 56 24 take
784 2855 33 23 up
830 2855 31 16 an
873 2847 114 24 offensive
998 2848 115 30 position.

713 2881 52 23 The
772 2881 122 31 language
900 2881 27 23 of
934 2881 40 23 the
984 2881 100 24 address
1095 2882 21 24 is
1128 2885 140 29 temperate,

680 2914 94 30 though
784 2914 43 23 the
837 2914 102 31 feelings
951 2913 28 24 of
986 2914 72 24 those
1064 2916 56 23 who
1132 2916 140 25 sanctioned

680 2947 19 24 it
708 2954 63 16 were
778 2947 137 31 indignant.
949 2947 105 31 Respect
1060 2949 39 23 for
1105 2949 43 24 her
1155 2949 115 33 Majesty,

680 2980 82 23 whose
773 2980 157 24 interference
940 2987 50 16 was
1005 2982 94 27 craved,
1112 2982 99 25 forbade
1231 2984 41 24 the

680 3021 44 15 use
745 3013 27 23 of
786 3017 74 20 terms
880 3013 78 24 better
976 3013 133 26 calculated
1127 3019 25 20 to
1174 3024 98 24 express

680 3046 42 24 the
740 3046 98 31 opinion
859 3046 150 24 entertained
1029 3047 56 25 here
1110 3050 26 23 of
1155 3050 43 23 the
1216 3058 54 24 pro-

681 3079 113 32 ceedings
811 3080 26 23 of
852 3080 42 24 the
913 3079 129 25 Auckland
1053 3081 80 31 clique.
1170 3083 102 32 Captain

682 3112 102 25 Hobson
805 3121 54 24 may
879 3114 30 23 be
927 3114 108 27 assured,
1054 3115 55 24 that
1127 3116 24 23 in
1172 3125 98 16 conver-

682 3147 78 23 sation
778 3147 60 23 merf
860 3146 103 25 hesitate
983 3151 45 20 not
1048 3151 26 21 to
1097 3149 92 24 declare
1211 3151 62 23 their

681 3182 64 21 utter
756 3183 123 27 contempt
889 3180 38 23 for
946 3180 39 24 his
1005 3182 86 23 official
1103 3183 109 27 conduct,
1225 3184 48 24 and

681 3213 63 23 their
764 3213 104 31 surprise
887 3213 52 24 that
953 3222 47 24 any
1019 3223 96 23 person,
1128 3217 100 31 moving
1246 3217 27 24 in

681 3246 41 23 the
734 3246 86 31 sphere
831 3246 27 24 of
864 3247 146 31 gentlemen,
1023 3248 87 24 should
1124 3250 72 23 suffer
1207 3250 61 24 him-

682 3279 46 24 self
744 3283 27 20 to
790 3280 31 23 be
841 3279 160 26 hoodwinked
1019 3282 49 23 and
1086 3283 86 23 misled
1186 3283 34 32 by
1231 3284 41 24 the

680 3312 122 32 ignorant,
822 3312 106 28 ill-bred,
950 3315 48 23 and
1018 3315 172 25 little-minded
1214 3315 66 26 sub-

681 3346 107 24 ordinate
800 3346 54 24 who
864 3347 69 32 plays
944 3347 42 24 the
997 3351 55 29 part
1063 3349 29 23 of
1101 3348 104 33 Viceroy
1216 3346 66 34 over]

680 3379 59 24 him.

713 3412 61 24 Last
785 3413 74 27 week,
878 3421 36 16 we
932 3413 105 25 referred
1054 3415 103 31 Captain
1169 3416 103 25 Hobson

680 3449 26 20 to
727 3445 40 24 Sir
786 3446 65 23 John
870 3446 137 25 Franklin's
1019 3448 112 32 officially
1142 3451 129 30 expressed

681 3478 96 31 opinion
790 3479 27 23 of
851 3480 120 31 crimping
1008 3490 6 18 ;
1034 3482 48 23 and
1096 3490 36 16 we
1143 3483 62 24 have
1216 3492 62 16 now

680 3512 42 23 the
734 3512 149 23 satisfaction
895 3513 25 22 of
931 3513 121 33 directing
1059 3515 39 24 his
1106 3516 164 32 Excellency's

681 3545 117 23 attention
811 3549 24 20 to
848 3545 128 25 Governor
993 3547 118 25 Gawler's
1122 3549 61 24 view
1194 3550 27 23 of
1230 3551 41 24 the

681 3586 65 15 same
766 3579 112 30 practice.
915 3579 101 25 Colonel
1028 3581 96 25 Gawler
1139 3582 45 25 has
1195 3583 74 24 intro-
1276 3588 4 6 '

680 3611 77 24 duced
779 3620 15 15 a
816 3612 43 23 bill
881 3612 51 24 into
955 3613 42 24 the
1027 3613 79 25 South
1134 3615 138 25 Australian

680 3644 151 32 Legislature
852 3648 27 21 to
899 3650 103 28 prevent
1023 3648 42 23 the
1077 3648 158 25 continuance
1246 3650 27 24 of

680 3678 119 31 crimping
805 3678 33 31 by
846 3679 43 23 the
896 3680 116 24 infliction
1020 3681 29 23 of
1055 3689 81 17 severe
1145 3683 124 30 penalties.

680 3710 39 24 He
746 3714 75 21 treats
844 3712 60 23 such
927 3714 167 30 practitioners
1118 3723 27 16 as
1168 3716 112 31 Captain.

680 3743 102 25 Hobson
794 3752 27 15 as
833 3744 68 24 State
920 3746 130 29 criminals,
1063 3748 48 24 and
1123 3748 147 32 stigmatizes

679 3777 62 24 their
751 3777 69 24 trade
831 3778 25 23 in
867 3778 60 28 fact,
939 3779 97 32 though
1047 3784 44 21 not
1102 3782 25 23 in
1144 3782 88 28 words,
1245 3791 25 16 as

873 3812 20 23 A
906 3820 66 16 more
983 3814 110 31 stinging
1105 3815 97 31 reproof
1212 3816 58 24 than

678 3843 53 24 that
741 3844 80 23 which
842 3843 126 26 Governor
981 3846 96 24 Gawler
1089 3848 47 23 and
1148 3847 40 24 Sir
1205 3848 65 25 John

678 3876 113 25 Franklin
811 3877 61 24 have
885 3878 180 28 administered,
1084 3888 38 16 we
1141 3881 72 24 could
1227 3886 43 20 not

678 3909 76 25 desire
772 3913 25 21 to
818 3918 40 16 see
878 3911 113 25 inflicted.
1039 3913 106 32 Perhaps
1167 3914 102 32 Captain

678 3942 100 25 Hobson
790 3951 55 24 may
858 3944 79 25 derive
950 3946 92 24 benefit
1063 3947 61 23 from
1145 3947 40 25 the
1198 3949 70 23 casti-

1950 2714 50 24 The
2022 2714 118 32 following
2163 2720 88 19 extract
2272 2716 61 23 from
2355 2723 28 15 an
2408 2715 102 32 English

1915 2756 70 23 paper
1997 2748 49 23 will
2057 2749 29 22 be
2098 2749 54 25 read
2161 2749 53 23 with
2222 2750 97 23 interest
2325 2749 23 22 in
2357 2749 45 23 this
2413 2749 96 31 Colony,

1940 2782 74 22 where
2034 2782 140 24 convictions
2192 2783 36 23 for
2247 2783 141 30 abstracting
2406 2783 80 23 labour

1916 2815 81 24 should
2004 2815 29 24 be
2038 2815 130 31 frequently
2173 2817 127 31 registered
2305 2818 24 22 in
2335 2816 42 23 our
2377 2816 86 23 Court
2470 2825 5 14 s:
2515 2839 2 3 .

1944 2857 32 27 By
1987 2858 36 20 the
2033 2858 67 20 Crane
2108 2858 84 27 packet,
2204 2859 83 20 arrived
2301 2860 23 19 at
2341 2858 120 25 Falmouth,
2480 2865 30 14 we

1915 2886 54 19 have
1978 2885 97 20 received
2082 2892 75 20 papers
2168 2886 55 20 from
2232 2888 35 19 the
2278 2887 60 20 West
2350 2886 79 20 Indies.
2465 2886 46 20 The

1916 2914 95 19 Jamaica
2020 2914 47 19 files
2079 2920 36 13 are
2124 2916 23 17 to
2157 2914 37 20 the
2206 2915 59 23 16th,
2282 2914 43 21 and
2335 2914 36 19 the
2381 2914 129 23 Barbadoes,

1917 2942 89 23 Guiana,
2018 2941 43 20 and
2070 2941 104 20 Trinidad
2184 2944 22 17 to
2221 2942 36 20 the
2274 2943 42 19 end
2331 2942 23 19 of
2366 2942 70 26 April.
2466 2942 44 19 The

1917 2968 126 26 emigration
2063 2969 99 26 question
2181 2970 116 20 continued
2312 2972 23 18 to
2354 2969 112 20 command
2475 2969 35 20 the

1917 2997 58 20 chief
1983 2997 108 20 attention
2101 2997 22 20 in
2139 2998 30 19 all
2178 2998 36 19 the
2225 2998 101 23 colonies,
2342 2996 40 21 but
2399 2997 110 20 otherwise

1917 3025 59 20 there
1987 3025 17 19 is
2015 3031 28 13 no
2061 3024 136 26 intelligence
2213 3025 25 20 of
2249 3032 14 13 a
2274 3031 52 21 very
2340 3025 123 26 prominent
2477 3024 35 20 in-

1917 3054 73 18 terest.
2020 3052 21 20 A
2057 3052 123 20 conviction
2199 3053 43 19 had
2262 3053 64 19 taken
2352 3052 60 26 place
2430 3052 23 20 in
2474 3052 36 20 the

1918 3079 77 21 Courts
2006 3081 22 18 at
2037 3079 119 21 Barbadoes
2165 3079 34 21 for
2205 3081 131 24 abstracting
2341 3079 108 21 labourers
2456 3079 56 20 from

1917 3108 47 19 that
1975 3107 83 25 Colony
2068 3109 23 17 to
2103 3107 90 25 Guiana,
2204 3108 70 20 which
2283 3107 42 21 had
2335 3107 83 19 excited
2431 3114 13 13 a
2458 3113 52 14 con-

1917 3134 103 20 siderable
2030 3134 109 20 sensation
2146 3135 23 19 in
2180 3135 54 21 both
2240 3135 101 20 colonies.
2371 3134 45 20 The
2422 3135 88 26 penalty

1916 3163 95 19 involves
2021 3168 13 13 a
2045 3163 44 19 fine
2096 3162 75 20 within
2181 3163 81 19 certain
2269 3163 74 22 limits,
2355 3163 22 18 at
2387 3162 36 20 the
2432 3162 79 20 discre-

1917 3190 46 20 tion
1974 3190 25 20 of
2011 3189 36 21 the
2059 3191 69 22 court,
2139 3189 43 20 and
2192 3191 36 19 the
2236 3196 48 14 case
2291 3189 43 21 had
2342 3189 55 20 been
2410 3189 102 27 appealed

1917 3219 23 19 to
1950 3218 37 19 the
1996 3217 86 26 highest
2091 3217 94 20 colonial
2194 3218 101 20 tribunal.
2326 3217 21 20 It
2362 3217 94 21 involves
2475 3218 37 20 the

1917 3245 99 26 question
2027 3245 24 19 of
2063 3245 37 20 the
2110 3245 44 20 free
2165 3245 126 21 circulation
2297 3244 25 22 of
2329 3245 75 21 labour
2415 3247 97 24 amongst

1917 3273 37 20 the
1965 3272 60 20 West
2036 3272 63 20 India
2115 3272 104 26 colonies,
2237 3274 42 19 and
2295 3274 24 20 in
2336 3272 46 21 that
2396 3273 53 20 view
2454 3273 19 19 is
2488 3272 26 20 of

1917 3307 12 13 c
1933 3300 280 26 onsiderable.importance.

1953 3336 100 29 Guiana,
2073 3340 23 19 to
2115 3336 75 23 which
2209 3337 39 24 the
2265 3337 49 24 free
2332 3336 117 27 labpurers
2467 3335 45 24 had

1916 3370 58 23 been
1987 3369 89 24 carried
2086 3374 24 19 at
2121 3370 60 24 their
2192 3379 50 15 own
2254 3371 67 29 wish,
2334 3370 45 23 and
2387 3370 35 23 for
2430 3369 82 32 higher

1917 3411 83 23 wages,
2018 3404 21 22 is
2050 3407 42 19 not
2103 3404 70 23 much
2190 3404 90 24 further
2297 3405 64 23 from
2380 3403 132 24 Barbadoes

1917 3437 56 23 than
1985 3437 58 23 New
2054 3437 105 24 Zealand
2169 3438 21 23 is
2201 3438 61 24 from
2273 3438 59 24 New
2340 3437 75 23 South
2422 3437 88 23 Wales.

1918 3471 49 24 But
1977 3471 62 23 what
2049 3471 77 23 would
2138 3479 63 16 some
2214 3472 26 23 of
2255 3472 66 23 those
2333 3471 49 23 who
2395 3471 54 23 take
2468 3478 43 15 un-

1917 3504 128 32 principled
2055 3504 89 32 bounty
2156 3506 128 30 emigrants
2296 3504 76 29 think,
2388 3513 58 15 were
2459 3504 53 31 they

1919 3538 118 23 convicted
2061 3538 26 23 of
2102 3538 145 32 abstracting
2268 3539 81 23 labour
2371 3538 61 23 from
2467 3537 44 24 this

1919 3572 88 31 Colony
2032 3576 22 19 to
2077 3572 59 23 New
2148 3572 111 24 Zealand.
2304 3572 31 24 In
2357 3572 40 23 the
2418 3575 94 28 present

1917 3613 108 23 pressure
2043 3605 37 24 for
2103 3605 98 24 colonial
2218 3606 127 28 labourers,
2364 3606 146 30 immigrants

1918 3638 112 33 imported
2042 3638 73 24 under
2127 3648 14 14 a
2153 3640 72 23 moral
2245 3640 127 31 obligation
2390 3645 23 18 to
2430 3639 80 23 labour

1917 3672 120 32 generally
2047 3673 38 23 for
2095 3673 39 23 the
2147 3673 118 29 colonists,
2286 3673 83 24 should
2385 3676 40 20 not
2444 3671 65 24 with-

1918 3707 60 23 draw
1990 3706 61 24 from
2063 3706 39 24 the
2116 3706 89 33 Colony
2224 3709 46 23 and
2282 3714 66 24 carry
2359 3706 59 24 their
2428 3706 81 23 labour

1919 3744 22 19 to
1954 3748 13 15 a
1978 3739 92 25 market
2082 3740 50 24 that
2143 3740 42 25 has
2197 3746 42 19 not
2249 3742 59 23 been
2318 3740 68 24 taxed
2397 3740 35 23 for
2451 3739 59 23 their

1918 3774 147 31 importation
2101 3774 46 24 this
2155 3775 83 23 should
2245 3775 28 24 be
2282 3773 133 34 prevented.
2434 3773 76 23 There

1919 3807 41 24 has
1980 3807 59 24 been
2061 3808 71 24 much
2150 3808 133 32 legislation
2302 3808 85 30 during
2405 3806 38 24 the
2458 3810 52 28 past

1919 3849 88 21 season,
2021 3841 42 24 but
2075 3841 47 24 this
2134 3843 91 31 subject
2236 3842 41 24 has
2288 3843 60 23 been
2367 3839 142 28 overlooked,

1919 3883 15 15 a
1950 3875 90 32 subject
2057 3875 51 24 that
2117 3875 106 25 deserves
2240 3884 25 16 as
2281 3874 69 26 much
2362 3874 112 24 attention
2485 3880 25 16 as

1919 3916 107 25 runaway
2039 3917 102 17 seamen.

1954 3950 38 24 Do
2004 3950 38 24 the
2054 3951 144 31 immigrants
2211 3960 29 15 on
2253 3951 37 24 the
2308 3951 87 29 bounty
2408 3947 43 25 and
2470 3955 40 23 go-

521 40 101 30 THE
644 39 107 30 MEW
774 36 228 34 ZEACOTD
1024 40 225 31 GAZETTE
1270 41 99 30 AND
1391 40 324 32 WELLINGTON
1741 42 291 33 SPECTATOR.

1905 127 85 23 mation
2008 128 32 22 'of
2063 128 40 23 the
2125 129 59 23 New
2212 130 102 25 Zealand
2339 130 48 23 Bill
2411 131 85 33 having

1905 159 96 24 reached
2023 160 117 31 England,
2164 162 45 23 and
2227 163 39 23 the
2289 163 92 32 opinion
2407 164 35 23 of-
2455 172 41 16 our

1905 191 86 24 friends
2009 200 25 16 as
2052 198 23 18 to
2089 194 37 23 the
2138 202 95 16 manner
2244 196 23 23 in
2279 196 75 23 which
2363 197 19 22 it
2394 197 19 22 is
2423 197 73 31 likely

1907 228 23 19 to
1941 224 28 24 be
1981 225 61 24 dealt
2053 226 55 24 with
2119 227 31 31 by
2162 228 37 23 the
2213 228 105 24 Colonial
2329 229 73 23 office.

1899 294 26 21 ^
1942 282 122 24 Cricket.
2101 284 44 23 We
2156 284 57 24 have
2225 290 65 25 great
2300 285 105 32 pleasure
2416 287 25 22 in
2460 294 36 16 re-

1908 315 99 30 cording,
2021 315 50 24 that
2082 325 13 14 a
2107 317 87 23 cricket
2201 318 51 23 club
2261 318 41 23 has
2310 319 58 22 been
2375 319 121 23 establish-

1908 347 28 22 ed
1945 352 23 18 at
1979 348 149 31 Wellington,
2141 350 30 30 by
2185 358 12 15 a
2209 351 96 23 number
2318 351 24 22 of
2351 359 77 23 young
2435 360 60 21 men,

1908 380 49 23 who
1976 388 38 15 are
2032 383 106 22 anxious-
2148 383 50 23 that
2216 391 26 16 so
2261 383 77 31 manly
2355 391 29 16 an
2396 386 101 22 exercise

1908 412 82 23 should
2012 418 41 19 not
2072 414 28 23 be
2118 414 115 31 forgotten
2255 418 24 22 in
2298 418 38 22 the
2359 416 137 32 Antipodes.

1910 445 92 23 Several
2014 454 80 23 games
2110 447 58 24 have
2180 449 59 23 been
2257 449 82 31 played
2359 449 83 32 during
2460 451 38 22 the

1908 478 46 23 last
1964 478 112 32 fortnight
2087 488 30 15 on
2129 480 126 25 Thorndon
2267 482 61 28 Flat,
2344 482 35 23 for
2392 483 37 23 the
2441 491 56 23 pur-

1908 519 56 23 pose
1976 512 25 22 of
2014 513 101 30 practice
2123 522 6 19 ;
2150 514 45 22 and
2211 522 63 16 some
2286 515 113 23 excellent
2409 517 87 22 science

1910 545 123 30 displayed.
2069 545 45 24 We
2126 546 59 31 hope
2192 551 22 19 to
2223 555 38 16 see
2272 548 47 23 this
2331 548 51 23 club
2394 556 103 24 prosper.

1910 577 57 23 New
1974 578 103 23 Zealand
2096 579 21 23 is
2140 579 127 32 admirably
2289 581 96 30 adapted
2403 581 36 23 for
2458 582 38 23 the

1909 618 74 22 game,
2006 618 26 15 as
2052 611 39 23 the
2110 611 90 24 climate
2220 614 45 22 will
2283 614 84 31 permit
2383 614 31 23 its
2430 614 77 31 being,

1909 644 82 30 played
2013 644 141 31 throughout
2169 645 39 23 the
2226 654 63 22 year.
2326 646 43 23 We
2393 654 106 24 suppose,

1910 684 37 15 ere
1959 677 61 30 long,
2033 685 33 15 we
2079 678 59 23 shall
2149 678 57 23 have
2218 683 23 19 to
2253 679 80 24 record
2344 687 13 15 a
2371 680 77 23 match
2458 681 40 22 be-

1910 713 72 19 tween
2013 710 43 23 All
2062 710 144 32 Wellington
2241 712 45 23 and
2294 713 37 23 the
2367 713 133 23 Bachelor's

1944 793 43 23 We
1998 801 39 16 are
2047 795 127 23 instructed
2188 796 30 30 by
2237 797 45 22 Dr.
2302 796 80 24 Evans
2401 801 22 18 to
2442 801 58 20 state

1910 826 49 24 that
1967 826 47 24 Mr.
2025 827 80 24 Shand
2116 828 46 23 had
2172 837 30 15 no
2214 829 115 32 authority
2340 830 35 23 for
2387 831 114 30 asserting

1910 859 50 24 that
1970 860 29 23 he
2011 860 150 32 disapproved
2173 862 24 23 of
2214 862 38 24 the
2266 863 149 31 proceedings
2427 868 24 19 at
2462 863 38 24 the

1910 893 45 23 last
1970 894 109 23 selection
2093 894 25 23 of
2132 895 62 23 land.

1944 952 23 23 A
1978 953 150 23 native-built
2138 954 80 29 house,
2233 955 44 23 and
2289 962 62 16 some
2364 955 26 23 of
2399 955 39 23 the
2446 963 54 23 pro-

1910 990 66 26 perty
1988 986 25 23 of
2027 986 39 23 the
2079 992 118 26 occupant,
2213 988 25 23 in
2249 988 39 23 the
2299 995 51 16 rear
2362 988 26 23 of
2404 988 98 32 Captain

1912 1018 95 24 Munn's
2027 1024 68 25 store,
2115 1028 59 16 were
2192 1021 120 31 destroyed
2322 1025 38 19 'on
2378 1021 124 32 Thursday

1912 1052 29 30 by
1959 1053 48 22 fire.
2056 1053 51 23 Too
2124 1054 70 23 much
2213 1062 51 15 care
2284 1058 83 20 cannot
2383 1054 30 23 be
2432 1054 71 24 taken

1912 1090 89 25 against
2011 1086 49 29 fire,
2074 1087 30 30 by
2115 1094 96 23 persons
2223 1087 102 32 residing
2336 1087 25 23 in
2376 1087 85 24 houses
2480 1088 26 23 of

1912 1119 38 22 the
1962 1119 64 28 kind,
2041 1119 45 23 and
2097 1120 122 31 especially
2232 1124 23 19 at
2267 1120 45 24 this
2325 1120 41 30 dry
2380 1128 83 16 season
2481 1121 25 23 of

1913 1152 37 22 the
1963 1159 63 23 year.

1947 1202 50 24 The
2179 1204 72 32 .Capt.
2267 1204 127 31 Campbell,
2408 1205 44 23 and
2465 1206 38 22 the

2084 1237 66 31 Capt.
2161 1238 97 29 Wilson,
2271 1238 89 24 arrived
2368 1243 24 18 at
2399 1239 106 23 Calcutta

1913 1277 30 16 on
1954 1269 38 23 the
2004 1270 59 23 24th
2075 1270 62 31 July.
2174 1271 52 23 The
2260 1272 105 24 Oriental
2395 1272 45 22 had
2446 1272 59 23 been

1913 1307 23 19 to
1955 1303 112 31 Bombay,
2087 1304 46 23 and
2152 1305 106 23 obtained
2277 1314 13 15 a
2301 1305 91 23 charter
2403 1305 65 23 there
2480 1309 23 19 to

1913 1336 52 23 load
1975 1336 59 23 from
2047 1337 107 24 Calcutta
2165 1342 23 19 to
2201 1338 99 24 London
2312 1342 24 20 at
2346 1338 36 23 5
2396 1346 41 23 per
2449 1343 39 18 ton
2496 1348 6 19 ;

1914 1369 38 24 the
1988 1369 113 24 Adelaide
2136 1379 47 15 was
2194 1380 63 14 more
2268 1371 124 29 fortunate,
2404 1371 45 24 and
2458 1380 47 15 was

1913 1402 92 32 loading
2017 1407 24 19 at
2052 1404 38 23 6
2105 1406 52 21 12s.
2171 1404 45 23 and
2228 1406 37 22 6
2280 1407 51 21 15s.
2345 1412 40 23 per
2397 1410 49 18 ton.

1941 1458 68 22 Died.
2041 1459 33 21 Of
2092 1459 127 29 dysentery,
2237 1468 28 14 on
2286 1461 38 21 the
2343 1460 52 21 L3th
2412 1460 92 28 instant,

1915 1486 55 21 Mrs.
1981 1486 96 27 Losack,
2087 1487 56 26 aged
2153 1488 34 25 35,
2195 1488 38 21 the
2242 1488 53 27 lady
2305 1486 26 23 of
2343 1487 25 21 F.
2376 1488 25 20 C.
2411 1487 94 28 Losack,

1915 1512 61 28 Esq.,
1993 1513 81 27 deeply
2084 1514 120 21 lamented.

741 697 169 23 SHIPPING
930 697 276 23 INTELLIGENCE.

713 748 37 23 No
763 748 84 23 vessels
859 748 58 22 have
930 748 88 22 arrived
1032 748 85 30 during
1129 748 37 22 the
1178 748 71 24 week.

915 806 123 21 SAILED.

713 835 58 23 Feb.
786 836 40 27 16,
839 833 110 24 schooner
1136 833 80 30 Clark,
1234 835 36 24 for

681 867 131 24 Auckland.
848 867 133 30 Passenger
1017 867 48 24 Mr.
1078 867 89 24 Moses.

908 916 35 22 IN
963 916 89 22 PORT.

715 945 81 24 Cutter
983 945 26 23 M
1013 945 110 26 'Donald.

691 978 115 31 .Barque
955 978 147 24 Newcombe.

716 1012 117 23 Schooner
877 1011 74 31 Royal
1099 1011 102 31 Wright.

715 1045 58 31 Ship
817 1045 76 23 Slams
1030 1045 87 23 Petrie.

715 1079 91 30 Barque
966 1077 72 31 Kyle.

715 1112 57 30 Ship
976 1111 85 23 Smale.

717 1145 117 23 Schooner
1049 1144 85 31 Styles.

852 1178 65 30 Sally
1025 1177 127 24 Cummins.

1002 1211 125 23 Richards.

958 1244 126 23 Williams.

848 1309 254 22 THERMOMETER.

703 1343 70 22 Week
784 1343 84 24 ending
878 1342 124 25 Thursday,
1015 1343 115 24 February
1140 1344 33 23 18,
1185 1345 61 21 1841.

859 1637 34 14 TO
910 1637 176 14 SUBSCRIBERS.

701 1664 38 17 Mr.
748 1665 95 21 Deighton
850 1665 35 16 has
894 1665 118 17 undertaken
1021 1666 21 16 to
1049 1667 31 15 act
1088 1670 22 12 as
1122 1667 57 21 agent
1186 1667 21 16 at
1214 1666 56 18 Waii-

681 1686 64 22 ganui,
760 1686 38 17 and
813 1686 37 17 Mr.
864 1686 77 17 Barrett
956 1687 20 16 at
988 1686 34 17 the
1038 1686 102 25 Plymouth
1155 1686 114 23 Company's

681 1707 112 17 settlement
801 1708 20 16 at
828 1706 100 18 Taranaki.
952 1707 46 17 Care
1007 1707 39 17 will
1061 1707 23 17 be
1098 1708 56 17 taken
1162 1710 21 15 to
1191 1708 79 18 forward
1275 1710 2 18 j

681 1732 67 16 papers
757 1728 24 21 by
789 1732 56 17 every
1007 1729 17 16 A
1032 1729 35 16 few
1075 1729 71 21 copies,
1154 1729 30 17 for
1198 1734 11 13 a
1216 1731 53 16 short

681 1748 53 21 time,
745 1749 39 17 will
795 1749 23 17 be
831 1750 43 16 sent
882 1754 24 12 on
914 1749 40 17 sale
960 1755 5 14 ;
978 1749 36 17 but
1026 1754 80 17 persons
1113 1752 21 15 at
1145 1750 55 18 these
1207 1752 62 20 places

681 1769 79 22 wishing
760 1775 2 3 1
774 1771 20 16 to
809 1770 47 17 have
869 1770 34 17 the
910 1775 64 16 paper,
983 1771 20 16 to
1011 1775 66 13 secure
1085 1771 16 17 it
1111 1772 100 21 regularly,
1219 1775 50 15 must

681 1791 51 21 place
741 1790 50 18 their
798 1795 65 13 names
871 1796 25 12 on
904 1791 32 17 the
944 1791 131 21 subscription
1082 1792 42 17 list.

854 1840 118 21 LATEST
985 1841 112 20 DATES.

681 1870 108 28 London,
1047 1870 65 31 Sept.
1129 1872 37 27 12,
1193 1873 73 22 1840.

681 1903 93 30 Sydney
1045 1903 54 24 Jan.
1131 1906 38 27 16,
1195 1907 72 22 1841.

681 1936 48 30 Bay
743 1936 24 23 of
783 1936 92 23 Islands
1047 1936 58 25 Feb.
1195 1941 73 21 1841.

681 1969 52 23 Van
744 1969 120 24 Dieman's
878 1969 66 24 Land
966 1987 58 6 ....
1047 1970 52 24 Jan.
1145 1973 23 27 8,
1195 1974 72 22 1841.

681 2003 56 23 Port
750 2003 87 31 Phillip
1046 2004 52 23 Jan.
1145 2007 22 26 1,
1195 2007 72 22 1841.

681 2036 109 23 Adelaide
1047 2037 60 23 Dec.
1145 2040 24 25 5,
1183 2039 93 28 ,l&40.-|

976 2061 5 17 ;
1138 2064 26 13 -A-
1179 2072 4 5 ,
1192 2062 31 16 frn<
1249 2072 3 5 ,

781 1389 60 16 Morn.

892 1389 58 15 Even.

994 1389 64 16 Wind.

1131 1390 91 16 Weather.

681 1431 30 16 Fri

681 1452 31 15 Sat

681 1473 44 16 Sun.
745 1484 17 5 ...

682 1494 49 16 Mon.
745 1505 17 5 ...

681 1515 54 16 Tues.
745 1526 17 5 ...

681 1536 50 16 Wed.
745 1547 17 5 ...

681 1557 81 16 Thurs...

802 1431 21 15 67

802 1453 20 14 69

802 1473 20 15 65

802 1493 21 16 70

802 1514 21 16 70

802 1536 21 15 55

802 1557 21 15 56

910 1430 19 17 72

908 1451 20 16 67

908 1473 20 15 62

908 1493 20 16 72

907 1515 21 15 68

908 1536 20 14 53

908 1557 21 15 54

985 1431 18 16 S.

984 1451 53 17 N.W.

983 1472 17 17 S.

983 1494 47 16 s.w.

983 1514 51 17 N.W.

983 1535 18 16 S.

984 1556 17 17 S.

1091 1431 92 17 Moderate
1190 1432 58 17 &fine.

1092 1453 91 16 Moderate
1189 1453 15 16 &
1209 1453 40 17 fine.

1092 1473 48 16 Mod.
1145 1474 14 15 &
1165 1474 70 21 cloudy.

1091 1494 71 20 Light&
1166 1495 42 15 fine.

1092 1515 55 16 Fresh
1154 1516 14 15 &
1175 1515 40 16 fine.

1093 1536 54 16 Fresh
1154 1536 39 20 gale
1199 1536 14 16 &
1218 1536 45 18 rain.

1092 1557 67 19 Strong
1162 1557 14 15 &
1183 1557 41 16 fine.

701 1597 62 17 Mean.

801 1598 54 16 64.57.

908 1598 54 16 65.43.

1074 1594 2 21 I

151 120 249 24 GOVERNMENT
419 120 140 24 NOTICE.

276 151 77 22 Police
365 151 78 27 Office,
454 151 54 22 Port
518 152 131 27 Nicholson,

386 178 54 22 Feb.
450 179 20 26 5,
480 180 61 20 1841.

57 212 131 20 NOTICE
212 212 222 20 RESPECTING
456 211 194 22 TARANAKI

202 238 75 21 AND
292 238 212 21 WANGANUI.

58 271 90 48 HIS
171 271 137 28 Excellency
327 271 38 21 the
384 271 268 23 Lieutenant-Governor

147 298 80 21 directs
237 298 37 21 the
283 298 138 27 publication
439 298 25 21 of
480 298 38 22 the
536 298 115 27 following

57 324 75 21 notice
143 325 125 26 respecting
277 331 92 20 persons
379 325 91 26 settling
485 332 23 14 or
525 325 127 27 occupying

57 350 55 22 land
122 354 23 18 at
156 351 132 27 Wanganui.

138 386 36 28 By
182 387 35 22 his
226 387 158 27 Excellency's
395 387 127 27 command,

344 421 148 21 MICHAEL
507 420 142 27 MURPHY,

290 454 70 22 Chief
370 455 75 22 Police
457 454 138 27 Magistrate.

200 508 101 21 Colonial
311 508 136 26 Secretary's
458 507 78 27 Office,

282 534 98 27 Russell,
391 536 44 20 9tlv
441 534 107 27 January,
560 535 61 20 1841.

134 567 49 21 The
193 567 73 28 public
277 575 37 14 are
327 568 84 24 hereby
428 567 120 22 cautioned
563 567 88 26 against

166 594 90 27 settling
263 602 25 14 or
299 595 125 26 occupying
432 594 36 21 the
477 594 64 21 lands
550 594 26 20 of
582 593 68 22 Tara-

165 621 54 21 naki
228 621 45 21 and
283 621 135 27 Wanganui,
429 621 72 21 under
510 620 54 22 land
576 620 74 21 orders

167 647 56 22 from
242 647 36 22 the
294 648 57 21 New
365 647 101 22 Zealand
477 647 123 27 Company,
612 646 38 22 the

166 674 48 22 said
223 675 54 20 land
287 678 40 18 not
335 674 86 27 having
430 675 57 20 been
501 673 116 27 conveyed
628 677 22 17 to

167 701 37 21 the
219 701 116 26 Company
352 701 31 26 by
400 708 45 20 any
459 704 67 23 grant
541 700 58 21 from
612 699 38 22 the

167 727 84 27 Crown,
271 728 24 20 in
314 727 138 21 accordance
471 727 54 21 with
544 727 37 21 the
600 734 51 20 pro-

167 754 83 21 visions
261 754 26 21 of
297 754 39 21 4th
347 754 106 27 Victoria,
464 753 45 22 No.
521 755 18 21 7.

261 790 36 27 By
306 790 35 21 his
352 790 157 27 Excellency's
523 789 126 27 command,

210 823 53 26 (For
273 823 36 21 the
321 823 103 21 Colonial
435 823 132 27 Secretary,)

257 856 61 22 JAS.
334 857 122 22 STUART

293 911 242 28 Surveyor-General's
545 911 78 27 Office,

362 939 101 27 January
472 939 20 25 7,
508 939 61 20 1841.

60 973 148 48 NOTICE
218 973 27 21 IS
256 973 128 21 HEREBY
395 971 108 27 GIVEN,
515 971 48 22 that
570 971 82 22 hence-

142 999 101 27 forward,
254 1000 24 21 in
289 999 66 22 order
365 1003 22 18 to
397 999 51 26 give
459 999 54 21 time
528 999 34 21 for
577 998 75 22 Land-

61 1033 87 14 owners
163 1026 46 21 and
224 1026 87 27 Agents
327 1029 23 18 to
366 1026 88 27 inspect
468 1025 97 21 districts
581 1025 72 21 under

60 1060 88 20 survey,
164 1053 48 21 that
225 1053 37 21 the
279 1053 107 21 selection
405 1053 25 21 of
447 1051 55 22 such
518 1052 95 21 sections
628 1059 24 14 as

59 1087 53 20 may
122 1079 27 22 be
159 1080 69 27 ready
238 1079 44 22 will
293 1080 51 21 take
353 1079 64 28 place
427 1079 77 26 onjthe
515 1079 48 21 first
569 1079 83 21 Thurs-

61 1107 43 27 day
114 1107 22 20 in
152 1113 67 25 every
233 1107 85 26 month,
337 1106 77 21 unless
431 1113 28 14 an
477 1105 176 21 advertisement

61 1141 92 19 appears
163 1136 22 18 to
196 1131 37 23 the
243 1136 112 24 contrary.

90 1167 36 20 On
149 1166 63 22 these
236 1166 114 22 occasions
374 1166 30 21 all
432 1165 152 22 Landowners
608 1164 45 22 and

61 1194 88 26 Agents
159 1193 50 21 who
226 1193 44 22 still
285 1193 58 21 have
360 1193 58 21 their
434 1192 88 22 choices
539 1195 21 18 to
578 1192 72 27 make,

61 1228 38 13 are
109 1220 117 27 requested
236 1223 22 18 to
275 1220 85 26 attend,
379 1227 23 14 as
416 1220 19 20 it
450 1220 18 20 is
484 1219 128 27 impossible
630 1223 22 17 to

62 1254 39 20 say
109 1251 23 17 to
140 1247 59 21 what
207 1247 95 21 number
309 1247 38 21 the
354 1246 76 22 choice
439 1253 52 20 may
498 1246 76 21 reach.
598 1246 54 27 Any

60 1274 80 21 holder
149 1274 26 21 of
186 1282 13 13 a
209 1274 52 21 land
279 1274 65 21 order
359 1274 98 26 residing
471 1274 23 20 in
513 1272 37 22 the
566 1272 86 28 Colony

60 1301 51 21 who
122 1300 52 22 does
185 1304 39 18 not
233 1300 83 27 attend,
329 1300 45 22 will
384 1301 27 21 be
421 1300 130 22 considered
562 1303 22 17 to
595 1300 57 20 have

60 1327 105 22 reserved
174 1327 35 22 his
219 1327 83 27 choice,
315 1327 76 22 unless
402 1334 60 14 some
471 1326 65 22 other
545 1334 81 20 person
633 1326 19 22 is

62 1354 97 28 deputed
170 1358 21 18 to
202 1354 80 22 choose
293 1354 34 22 for
337 1354 54 21 him.

225 1388 36 22 W.
277 1388 32 21 M.
327 1388 107 26 SMITH,
447 1388 62 27 Capt.
520 1387 67 27 R.A.,

407 1415 121 26 Surveyor-
532 1413 105 22 General.

294 1469 241 31 Surveyor-General's
545 1469 78 27 Office,

363 1498 101 25 January
475 1498 19 24 7,
510 1498 59 19 1841.

64 1530 202 34 QURVEYORS
281 1529 146 22 WANTED.
457 1530 43 21 For
510 1529 142 28 furtherpar-

64 1551 33 29 0
127 1557 91 22 ticulars
227 1557 68 27 apply
304 1560 23 18 at
341 1557 44 21 this
400 1557 78 26 Office,
496 1557 102 21 between
614 1557 38 21 the

61 1584 69 22 hours
141 1584 25 22 of
177 1586 13 20 9
200 1584 44 21 and
252 1585 21 21 4.

224 1620 35 22 W.
276 1621 33 21 M.
326 1620 108 28 SMITH,
446 1621 63 27 Capt.
520 1621 68 27 R.A.,

408 1648 229 27 Surveyor-General.

74 1703 44 20 TO
133 1703 248 21 LANDOWNERS
395 1703 76 19 AND
487 1702 149 20 AGENTS.

294 1736 242 26 Surveyor-General's
546 1736 77 28 Office,

333 1762 116 28 February
459 1764 33 25 19,
504 1764 61 20 1841.

61 1801 68 47 AS
144 1800 37 22 the
195 1800 55 22 road
259 1799 57 22 from
329 1799 52 26 Ng.i
391 1799 126 26 Houranga
526 1802 22 18 to
558 1799 94 23 Porirua

145 1827 44 21 will
209 1830 38 18 not
266 1827 28 21 be
311 1825 103 28 passable
435 1826 33 21 till
488 1826 109 27 Monday,
614 1827 38 21 the

61 1854 61 21 22nd
131 1854 92 27 instant,
239 1854 17 21 it
272 1854 19 20 is
308 1853 134 21 considered
457 1853 49 21 that
522 1853 36 21 the
577 1854 75 21 Land-

61 1888 87 15 owners
175 1881 44 21 and
238 1881 87 26 Agents
352 1879 45 22 will
417 1883 39 18 not
472 1880 50 21 find
539 1880 113 22 sufficient

60 1909 55 21 time
125 1910 22 19 to
158 1908 102 21 examine
272 1907 36 21 the
323 1907 56 21 land
390 1907 24 21 in
432 1907 48 21 that
497 1907 91 27 district,
607 1907 44 22 and

61 1935 37 22 the
109 1935 97 21 sections
216 1942 49 13 now
275 1934 121 26 preparing
405 1934 24 20 in
440 1933 37 22 the
487 1933 73 28 valley
577 1934 26 21 of
613 1935 38 20 the

59 1962 67 27 Hutt,
141 1961 76 22 before
234 1961 117 27 Thursday
369 1961 37 21 the
420 1961 39 21 4th
478 1961 89 22 March.
604 1961 47 22 The

59 1989 126 26 selections,
202 1988 117 26 therefore,
344 1988 27 21 of
396 1989 39 20 the
454 1989 96 20 sections
569 1989 24 20 in
612 1989 39 21 the

61 2016 70 21 above
144 2015 80 21 named
237 2015 104 26 districts,
350 2015 19 21 is
382 2015 124 27 postponed
521 2015 34 21 till
567 2015 85 22 Thurs-

60 2042 51 28 day,
123 2043 34 20 Ist
167 2042 64 27 April
242 2045 60 24 next,
314 2045 23 17 at
348 2041 78 22 eleven
438 2042 93 21 o'clock.

210 2076 34 21 W.
261 2076 33 21 M.
310 2076 109 26 SMITH,
435 2076 62 26 Capt.
515 2076 66 27 R.A.,

406 2102 229 27 Surveyor-General.

149 2158 256 20 IMMIGRATION
424 2159 133 19 OFFICE.

110 2192 62 22 ISTS
184 2192 25 21 of
216 2191 73 27 newly
298 2191 88 22 arrived
396 2191 146 28 Immigrants
553 2199 36 14 are
598 2192 54 27 kept

70 2218 10 19 1
94 2220 13 17 J
137 2222 23 18 at
178 2218 43 22 this
242 2218 76 26 Office,
341 2218 73 22 where
433 2219 83 27 parties
535 2219 115 27 requiring

59 2246 115 22 woi'kmen
185 2253 25 14 or
224 2249 101 18 servants
335 2253 43 14 can
395 2246 87 21 receive
496 2246 153 26 information,

60 2274 45 21 and
122 2273 63 22 those
202 2276 38 18 out
253 2272 26 21 of
290 2272 155 28 employment
458 2280 43 14 can
517 2273 58 22 have
592 2273 59 22 their

59 2308 78 14 names
147 2299 126 28 registered,
286 2307 28 14 on
326 2300 108 27 applying
443 2302 22 19 to

236 2334 93 22 Daniel
345 2334 139 27 Riddiford,

389 2361 157 27 Immigration
565 2361 84 28 Agent.

83 2394 124 23 Thorndon
219 2395 71 27 Quay,
302 2394 147 28 Wellington,

153 2422 126 21 December
292 2423 33 25 30,
343 2423 60 20 IS4O.

58 2476 98 48 WE,
184 2476 37 21 the
245 2476 160 27 undersigned,
440 2477 137 27 Proprietors
606 2477 45 21 and

157 2503 87 27 Agents
260 2503 26 21 of
304 2503 152 22 Land-orders
472 2504 24 20 in
513 2504 37 22 the
568 2504 84 22 second

59 2530 69 22 series
139 2530 26 21 of
177 2530 64 21 Land
257 2530 49 21 sold
315 2530 30 27 by
355 2530 38 22 the
403 2530 57 22 New
470 2531 104 21 Zealand
584 2531 67 21 Com-

59 2564 61 20 pany
136 2557 71 21 invite
217 2564 12 14 a
243 2557 100 27 meeting
353 2557 26 22 of
392 2557 38 22 the
448 2557 89 22 holders
557 2557 26 22 of
596 2558 56 22 such

60 2584 159 26 Land-orders,
252 2584 46 21 and
329 2584 63 22 those
420 2585 122 21 interested
567 2585 24 21 in
612 2584 39 22 the

59 2611 86 21 second
162 2611 73 26 series,
252 2615 24 17 at
292 2611 107 22 Barrett's
413 2611 77 28 Hotel,
503 2619 29 14 on
549 2611 103 28 Monday

60 2642 62 23 next,
134 2637 37 22 the
181 2639 60 20 22nd
254 2638 60 27 inst.,
332 2642 23 18 at
366 2640 25 20 12
402 2639 93 26 o'clock,
507 2642 23 18 to
540 2639 52 21 take
603 2639 52 21 into'

61 2665 164 21 consideration
236 2665 37 21 the
281 2665 67 22 mode
355 2665 27 22 of
394 2665 150 27 Registration
553 2666 98 22 hitherto

59 2691 96 28 adopted
163 2700 6 19 ;
181 2691 44 23 and
235 2691 113 28 believing
363 2692 49 22 that
422 2700 61 14 some
498 2693 154 22 Land-orders

61 2719 59 21 have
137 2719 58 21 been
210 2719 133 28 irregularly
360 2720 127 27 registered,
508 2723 24 19 to
548 2720 104 22 consider

60 2746 38 21 the
109 2746 49 21 best
168 2753 77 15 means
256 2746 26 22 of
295 2747 126 27 correcting
436 2747 55 22 such
500 2747 150 28 irregularity,

60 2773 20 21 if
88 2773 19 22 it
115 2773 24 21 in
149 2773 79 27 reality
240 2774 74 21 exists.

275 2807 65 22 John
355 2807 46 22 and
411 2808 97 22 George
523 2808 82 28 Wade,

278 2834 65 22 John
355 2834 26 23 E.
392 2835 112 27 Collett,

277 2861 113 22 William
407 2862 141 28 Bannister,

279 2888 27 21 T.
318 2889 33 21 M.
363 2889 142 27 Partridge,

280 2915 97 22 George
393 2916 78 27 Scott,

279 2942 86 23 Henry
383 2943 34 22 W.
433 2942 85 28 Petre,

279 2969 25 22 F.
316 2970 110 27 Healey,

280 2996 106 22 Andrew
398 2998 106 26 Doncan,

278 3023 102 22 Edward
390 3024 116 22 Johnson.

84 3057 147 27 Wellington,
243 3057 54 22 Feb.
308 3058 60 27 19th,
381 3060 62 20 1841.

290 3111 22 22 A
328 3112 93 22 CARD.

163 3139 76 20 MR.
264 3139 37 20 H.
326 3140 33 19 B.
384 3140 162 26 RELPH,

216 3173 104 14 SURGEON
336 3174 158 20 ACCOUCHEUR,
558 3185 8 7 ,

296 3200 123 22 PETONI.

59 3257 148 49 DIVINE
222 3257 132 22 SERVICE
369 3259 46 21 will
430 3259 29 22 be
475 3259 130 27 performed
621 3260 31 28 by

142 3283 37 22 the
190 3284 119 22 Reverend
319 3285 46 22 Mr.
381 3285 73 28 Davy,
473 3293 69 21 every
560 3287 92 27 Sunday

59 3311 104 27 evening,
184 3314 24 18 at
223 3311 36 22 the
276 3312 70 21 Court
364 3312 85 28 House,
466 3313 47 22 and
530 3313 44 22 will
591 3322 61 14 com-

58 3345 81 14 mence
150 3341 23 18 at
182 3340 13 19 6
207 3337 91 23 o'clock.

58 3393 149 48 NOTICE
218 3393 26 21 IS
262 3393 128 22 HEREBY
407 3394 137 28 GIVEN,
545 3396 60 21 That
613 3396 39 22 the

128 3419 72 22 llevd.
212 3419 43 22 Mr.
269 3420 130 22 M'Farlane
412 3422 45 21 will
466 3422 99 27 perform
576 3423 76 22 divine

58 3446 86 22 service
155 3450 23 18 at
188 3446 144 28 Wellington,
344 3455 30 14 on
383 3448 90 28 Sunday
483 3453 68 25 next;
567 3451 85 22 service

59 3476 23 19 to
104 3481 131 14 commence
254 3479 23 16 at
299 3476 14 19 2
322 3474 104 28 'o'clock,
445 3483 62 20 p.m.,
528 3478 109 27 precisely
645 3486 5 18 ;

57 3500 47 22 and
123 3500 37 22 the
178 3501 71 22 Revd.
268 3501 22 22 J.
309 3501 28 22 G.
357 3502 79 22 Butler
452 3510 29 15 on
499 3504 92 28 Sunday
610 3506 42 20 fol-

55 3528 92 27 lowing,
166 3532 23 17 at
205 3527 37 22 the
258 3535 62 14 same
335 3528 58 23 hour
400 3537 6 19 ;
431 3530 56 27 and^,
496 3538 24 14 so
538 3539 28 14 on
585 3532 67 21 alter-

56 3555 85 27 nately,
152 3554 159 27 (unavoidable
318 3555 136 24 hindrances
459 3558 127 27 excepted,)
597 3559 55 21 until

57 3582 88 22 further
155 3582 73 21 notice
238 3582 18 22 is
266 3582 77 27 given.

132 3637 41 22 TO
188 3636 63 23 THE
266 3637 158 23 WORKING
440 3639 135 23 CLASSES.

57 3672 90 21 THE
178 3671 323 22 WELLINGTON
527 3674 125 21 LAND

183 3699 340 22 ASSOCIATION.

57 3734 29 48 I
101 3732 128 22 HEREBY
239 3733 43 27 beg
292 3735 23 19 to
323 3733 44 21 call
375 3740 13 14 a
396 3734 99 27 meeting:
502 3734 26 22 of
535 3735 37 22 the
580 3743 71 15 mem-

115 3760 50 22 bers
176 3763 23 18 to
210 3762 59 19 meet
279 3760 37 22 the
333 3760 133 22 Committee
482 3768 29 14 on
529 3761 58 23 their
604 3763 48 21 first

48 3786 101 28 (Report,
168 3794 28 14 on
214 3786 117 28 Thursday
350 3787 97 27 evening
462 3791 63 24 next,
543 3792 24 18 at
582 3797 68 15 seven

57 3814 94 27 o'clock,
162 3814 23 21 in
196 3813 38 22 the
245 3814 65 27 Long
319 3814 82 27 Room,
420 3813 43 23 Mr.
477 3815 124 28 Bennett's,
612 3817 38 21 the

56 3840 103 22 Durham
172 3841 73 21 Arms.

83 3877 40 22 All
132 3885 93 20 persons
235 3877 101 22 desirous
353 3877 26 22 of
393 3878 122 28 becoming
530 3880 118 27 members,

45 3914 5 2 -
56 3911 38 16 are
104 3904 119 27 requested
233 3907 22 19 to
265 3904 86 23 attend.

197 3941 34 23 W.
248 3941 31 22 H.
295 3942 150 28 Bottomley,
456 3943 48 22 Sec.
517 3951 40 21 pro
567 3947 52 20 tern.

680 120 242 25 WELLINGTON,
941 122 139 25 PETONI,
1101 122 75 20 AND
1195 122 70 21 THE

854 147 114 21 RIVER
987 148 105 20 HUTT.

712 181 72 29 A*3g-
806 177 22 27 A
852 177 219 23 FAST-SAILING
1088 180 26 20 10
1129 181 37 19 ton
1182 179 84 21 decked

694 200 92 38 Jgj|[j&
793 207 49 17 -i-JL
869 204 53 21 boat
940 205 44 21 will
1003 205 39 26 ply
1061 205 61 27 daily
1146 205 119 27 (Saturday

680 226 156 26 sss&*and
846 230 92 27 Sunday
948 231 117 27 exceptcd)
1088 232 102 21 between
1207 231 59 23 Wei'

680 255 92 27 lington,
785 256 86 26 Petoni,
883 256 44 22 and
938 257 37 21 the
986 258 69 21 River
1065 258 66 21 Hint.

706 282 139 28 Passengers,
856 285 33 19 2s.
917 284 43 20 For
978 284 82 27 freight
1076 285 45 21 and
1137 284 64 22 other
1215 292 51 20 par-

680 308 96 27 ticulars,
787 309 67 28 apply
864 313 23 18 to
895 310 106 26 Wallace,
1011 311 82 25 White,
1104 311 44 21 and
1159 311 106 27 Wallace,

680 334 136 28 Wellington
823 344 6 18 ;
849 343 26 14 or
892 339 21 19 to
924 337 22 21 J.
958 337 79 27 Watts,
1049 338 216 27 Wellington-hotel,

680 360 85 23 Petoni.

752 416 69 20 FOR
836 417 203 21 WANGANUI
1056 418 137 20 DIRECT.

713 456 70 26 afe.
793 449 91 33 npHE
895 453 72 18 cutter
983 450 169 26 HARRIETT,
1169 451 96 21 burthen

694 472 93 38 jC|g^
800 472 29 25 X
865 477 28 21 50
920 480 58 23 tons,
1011 477 132 26 M'Donald,
1177 481 89 22 master,

680 501 109 26 ttSg-EsSs
793 502 83 27 having
885 503 37 21 the
932 507 88 22 greater
1036 506 50 24 part
1103 503 26 22 of
1146 503 39 21 her
1202 511 74 20 cargo-

680 531 106 26 engaged,
798 529 44 21 will
852 529 28 21 be
891 529 135 28 despatched
1035 531 23 20 in
1069 538 13 13 a
1091 530 41 21 few
1146 529 62 28 days.

706 557 44 21 For
759 555 82 27 freight
852 563 25 14 or
894 561 97 22 passage,
1005 557 67 26 apply
1083 560 22 17 to
1113 556 76 22 David
1200 557 66 26 Scott,

680 583 59 27 Esq.,
752 590 24 14 or
787 586 22 18 to

991 609 101 21 Waters
1104 609 44 21 and
1158 609 82 22 Smith.

706 635 145 27 Wellington,
863 635 53 22 Feb.
928 637 32 26 12,
979 637 59 20 1841.
