2559 4039
76 139 116 21 vernment
215 137 97 27 systems
334 131 101 31 imagine
456 131 51 23 that
533 130 57 32 they
613 140 54 23 may

75 169 49 25 load
136 168 37 23 the
185 166 63 24 New-
260 164 101 24 Zealand
373 164 58 23 craft
448 171 30 16 on
496 172 69 23 every
577 171 88 24 voyage

75 202 53 24 with
139 200 112 31 impunity
258 198 10 24 1
303 197 38 24 Do
354 196 55 32 they
422 204 99 24 suppose
533 196 52 23 that
596 205 69 23 every

75 233 71 26 moral
157 234 31 22 tie
206 238 76 17 ceases
300 238 24 16 as
346 238 56 15 soon
421 237 24 15 as
461 230 54 31 they
527 230 56 23 land
601 230 62 29 here,

76 267 43 25 and
129 266 49 23 that
189 266 18 22 it
225 265 19 22 is
263 263 136 24 immaterial
418 263 99 23 whether
529 263 55 31 they
595 264 70 23 assist

76 302 37 23 the
130 299 105 23 colonists
258 304 24 16 or
300 296 64 24 leave
381 296 64 23 them
462 296 36 22 for
515 303 51 15 new
585 296 78 24 settle-

75 337 82 21 ments.
193 330 65 30 They
270 337 37 16 are
320 336 30 17 or.
363 329 72 30 ought
452 333 23 19 to
493 329 29 22 be
545 329 78 23 bound
641 334 22 19 to

76 367 37 23 the
122 365 87 30 Colony
216 363 34 23 till
261 362 55 31 they
324 370 70 23 repay
401 362 57 22 their
470 369 98 23 passage
580 369 83 24 money

77 398 91 30 directly
190 397 30 30 by
239 395 76 29 funds,
340 403 25 15 or
387 395 120 30 indirectly
523 395 32 30 by
573 395 89 24 labour.

76 432 48 24 The
136 430 78 24 settler
224 437 57 23 pays
293 437 14 15 a
317 428 57 31 high
384 432 49 18 rate
445 427 34 23 for
491 428 61 28 land,
565 428 29 22 he
606 428 56 23 sub-

74 466 52 23 mits
138 468 22 19 to
171 464 31 22 its
213 466 108 28 payment
338 462 26 22 in
380 461 40 23 the
438 461 58 31 hope
508 461 25 23 of
546 461 117 31 receiving

76 496 127 33 equivalent
213 496 27 22 in.
249 495 88 23 labour.
374 494 52 23 The
446 494 102 30 starving
565 501 57 23 poor
640 495 25 22 of

76 530 86 25 Britain
174 536 39 16 are
224 528 112 31 imported
348 531 24 19 at
383 527 37 23 his
432 531 56 25 cost,
501 527 44 23 and
557 527 54 31 they
624 535 38 15 are

75 562 108 33 imported
196 562 53 22 with
261 561 39 23 the
311 562 56 22 view
379 560 50 23 that
441 560 52 30 they
504 559 60 24 shall
575 561 87 23 remain

74 598 23 23 in
108 597 37 22 the
158 595 96 30 Colony.
290 594 72 23 What
370 593 62 31 right
444 600 24 16 or
477 593 94 31 justice,
585 593 75 24 there-

74 631 53 27 fore,
140 630 19 22 is
172 628 63 23 there
247 628 25 23 in
283 626 38 25 the
338 627 101 30 practice
458 626 32 31 by
501 626 82 28 which,
596 626 36 24 for
648 635 14 15 a

74 664 41 23 few
125 661 89 32 pounds
228 668 25 16 or
272 668 62 16 more
353 660 25 23 of
393 659 78 31 yearly
482 659 131 29 allowance,
632 659 29 24 he

75 697 60 29 ships
147 694 95 24 himself
258 694 83 30 offgfor
352 700 50 16 new
415 693 148 28 settlements,
576 692 84 30 where,

73 731 28 29 by
124 728 37 23 the
184 727 51 31 bye,
254 727 30 23 he
302 727 61 23 often
381 725 82 24 wishes
486 725 96 24 himself
601 726 59 24 back

74 762 72 31 again.
182 760 24 23 It
217 761 20 22 is
249 768 14 15 a
281 760 138 31 proceeding
436 758 48 24 that
502 767 33 15 we
554 758 69 25 think
639 760 21 23 is

73 800 58 19 most
141 794 112 31 injurious
265 798 22 18 to
305 792 147 36 tlie^Cblony,
465 792 45 24 and
527 793 103 30 requires
648 801 13 15 a

73 828 93 32 positive
178 830 128 20 enactment
318 826 25 24 of
348 826 49 25 .'the
418 825 94 24 Council
524 830 23 19 to
565 831 96 26 prevent

73 864 28 21 its
114 868 139 16 recurrence.

106 894 49 23 The
174 894 91 23 settlers
284 892 82 25 should
388 901 44 15 one
449 892 46 25 and
512 892 31 24 all
563 894 97 30 petition

74 929 46 23 that
131 935 29 15 an
172 927 159 31 Immigration
345 927 53 28 Act,
413 926 150 31 assimilating
577 931 21 18 to
621 927 38 23 the

74 960 117 26 Seaman's
202 960 54 29 Act,
270 960 81 24 should
368 960 29 23 be
411 960 89 31 passed,
512 960 31 30 by
555 959 75 24 which
641 961 19 22 it

74 993 78 25 should
174 993 30 23 be
227 993 148 28 determined,
399 993 48 23 that
465 1000 28 15 no
517 992 141 30 immigrant,

73 1028 71 23 whose
151 1033 101 25 passage
263 1026 42 22 has
320 1026 53 22 been
389 1025 58 31 paid
463 1025 29 30 by
505 1025 38 22 the
564 1025 92 31 C-.-lony,

72 1059 78 25 should
167 1059 25 23 be
206 1058 127 31 permitted
349 1061 23 19 to
383 1058 52 29 ship
446 1057 97 30 himself
551 1057 39 29 off
602 1061 23 20 to
644 1066 14 14 a

73 1101 44 17 new
127 1092 126 23 settlement
263 1094 40 19 not
314 1091 24 22 in
350 1091 38 22 the
401 1090 92 30 Colony,
506 1090 62 22 until
578 1089 27 23 he
614 1090 46 23 had

70 1125 59 34 paid,
148 1125 37 24 the
207 1124 72 23 whole
298 1132 27 15 or
348 1131 14 15 ?:
380 1126 59 28 part
461 1123 30 30 of
506 1122 37 23 his
557 1130 103 23 passage

74 1167 81 22 money,
169 1165 26 16 or
207 1157 80 31 found
296 1157 99 30 security
409 1156 46 31 for
473 1156 32 22 its
517 1160 139 26 repayment,
666 1179 5 3 ,

74 1192 112 31 excepting
197 1190 24 23 in
234 1197 64 16 cases
308 1190 73 23 where
393 1190 27 22 he
432 1189 40 23 hes
483 1188 92 24 resided
585 1188 24 24 in
622 1189 37 23 the

76 1225 87 30 Colony,
176 1223 63 31 after
251 1223 97 27 arrival,
354 1223 47 31 for
413 1230 14 16 a
434 1221 84 33 period
528 1222 31 30 of
566 1225 26 19 at
599 1222 60 24 least

75 1259 60 23 three
147 1265 75 24 years.

107 1292 23 23 It
147 1292 19 22 is
185 1290 78 32 unjust
280 1289 50 24 that
349 1289 45 23 this
413 1288 88 32 Colony
514 1289 81 23 should
613 1297 45 23 pay

74 1326 34 23 for
124 1324 115 24 labourers
258 1323 35 23 for
305 1323 38 23 the
361 1322 85 24 benefit
460 1322 26 23 of
499 1330 96 23 persons
609 1322 49 23 who

74 1359 54 23 have
139 1362 39 19 not
190 1356 113 24 advanced
315 1364 42 15 one
368 1356 100 31 farthing
482 1356 36 23 for
535 1355 60 23 their
613 1356 45 22 im-

74 1395 55 28 port,
152 1391 45 23 and
218 1390 50 23 who
291 1390 61 23 seize
375 1389 62 23 them
457 1390 60 22 from
545 1397 30 15 us
601 1389 57 23 after

75 1424 84 29 arrival,
172 1424 30 30 by
214 1423 94 31 holding
320 1427 39 19 out
376 1423 67 28 baits,
456 1422 74 24 which
549 1422 54 31 they
617 1430 41 15 can

75 1458 34 28 do,
121 1458 95 22 because
230 1456 53 31 they
294 1456 58 23 have
370 1456 67 23 made
453 1464 29 15 no
503 1456 115 23 sacrifices
637 1456 25 22 of

74 1496 102 27 property
185 1491 35 22 for
232 1490 38 23 the
282 1490 162 23 advancement
456 1489 25 23 of
492 1489 164 30 immigration.

108 1524 86 31 Sydney
205 1523 99 23 Herald.

133 1591 12 23 I
261 1590 50 23 said
322 1599 13 14 a
348 1590 57 23 New
418 1589 90 24 Yorker
521 1593 22 19 to
552 1589 107 24 Wallack

75 1625 36 24 the
133 1625 42 30 day
192 1625 57 22 after
273 1623 37 24 the
327 1624 49 27 fire,
421 1623 65 23 when
503 1630 57 23 your
571 1622 88 24 theatre

74 1666 43 15 was
134 1658 91 29 blazing
245 1665 45 22 you
309 1661 51 19 sent
378 1656 37 23 for
432 1656 37 23 the

98 1691 58 31 Why
180 1691 33 22 for
237 1691 37 22 the
297 1697 144 23 newspapers
555 1689 103 23 Because

75 1725 51 30 they
145 1732 36 15 are
200 1724 37 23 the
255 1728 60 19 most
332 1722 117 32 powerful
466 1722 93 32 engines
579 1723 23 22 in
622 1722 37 24 the

75 1757 85 24 United

107 1797 66 23 Cocn
179 1797 91 23 rake's
293 1796 268 24 Many-Chambered
588 1796 70 24 Can-

74 1838 60 16 non.
170 1830 50 23 The
232 1830 57 23 New
304 1829 62 24 York
376 1828 95 25 Herdd
483 1837 60 23 says,
557 1829 51 23 that
622 1829 38 24 the

74 1863 208 24 three-chambered
306 1870 95 21 cannon,
426 1863 106 23 invented
554 1863 31 30 by
610 1863 48 23 Mr.

76 1897 122 28 Cochrane,
222 1896 46 24 and
289 1896 66 25 made
378 1896 36 23 for
437 1896 118 23 Mehemet
573 1896 42 23 Ali
639 1896 24 23 of

74 1931 84 30 Egypt,
171 1938 45 15 was
228 1930 57 23 fired
296 1931 35 22 off
339 1929 199 23 severalhundred
552 1930 66 23 times
631 1938 29 14 on

75 1964 126 30 Thursday,
214 1964 24 22 in
249 1963 39 23 the
298 1970 110 25 presence
454 1971 13 14 a
478 1962 63 31 large
559 1967 66 27 party
639 1964 24 22 of

75 2005 61 22 army
158 1997 44 23 and
225 2004 60 23 navy
304 1997 97 23 officers.
438 1995 22 23 It
484 2003 44 15 was
547 1995 72 24 found
638 2001 22 18 to

74 2030 61 23 work
152 2030 133 30 admirably.
322 2030 23 23 It
364 2037 47 14 was
430 2028 134 30 discharged
583 2029 77 23 twelve

74 2064 64 22 times
149 2065 24 20 in
191 2068 43 17 two
246 2062 95 22 seconds
352 2062 46 22 less
411 2061 53 23 than
475 2070 14 14 a
508 2063 94 26 minute,
616 2062 45 22 and

74 2097 18 22 it
103 2097 18 22 is
133 2096 48 22 said
194 2095 55 27 that,
261 2094 68 24 when
345 2094 105 31 properly
463 2093 105 29 manned,
582 2094 17 23 it
619 2102 41 15 can

74 2129 27 23 be
114 2128 132 31 discharged
257 2129 104 22 fourteen
377 2129 66 21 times
456 2136 13 14 a
484 2128 96 27 minute,
593 2128 67 22 with-

75 2167 39 18 out
124 2162 37 23 the
173 2162 57 23 least
242 2162 92 30 danger.
373 2161 43 23 Six
433 2161 77 30 pound
523 2161 60 22 bulls
602 2169 58 14 were

75 2195 54 23 fired
147 2195 57 24 from
216 2196 25 27 it,
254 2195 51 28 and,
319 2203 24 15 as
355 2202 56 15 near
423 2202 23 15 as
458 2194 66 23 could
543 2194 28 23 be
584 2202 76 15 ascer-

77 2228 79 30 tained,
176 2237 58 14 were
253 2228 87 24 thrown
357 2233 23 18 to
400 2227 37 24 the
455 2228 102 23 distance
577 2227 25 23 of
619 2235 41 16 one

78 2263 49 22 mile
140 2262 43 23 and
200 2262 81 23 a-half.
317 2262 36 23 As
372 2269 30 15 an
425 2261 137 23 illustration
582 2261 24 23 of
622 2261 38 23 the

75 2295 94 32 rapidity
182 2296 24 23 of
216 2296 37 22 the
267 2295 137 30 discharges,
418 2295 17 22 it
446 2295 19 22 is
474 2295 52 30 only
538 2302 123 23 necessary

77 2333 22 19 to
111 2333 63 24 state,
187 2329 48 23 that
254 2328 63 24 three
335 2328 58 24 balls
413 2335 56 16 were
485 2327 135 30 discharged
637 2328 24 22 in

65 2383 2 4 .
79 2363 125 22 succession
244 2369 57 16 were
324 2362 25 23 iv
371 2361 40 24 the
434 2362 33 22 air
489 2365 24 19 at
536 2361 38 23 the
597 2369 63 16 same

77 2401 103 23 momeut,
194 2395 43 23 and
249 2395 102 24 followed
364 2395 55 23 each
427 2394 62 24 other
502 2395 23 22 iv
538 2403 22 15 a.
564 2395 98 30 straight

77 2428 51 24 line.

111 2469 48 23 The
178 2469 121 24 American
319 2469 78 29 ladies,
426 2476 22 16 as
468 2469 61 23 Mrs.
548 2469 110 31 Trollope

77 2502 39 23 has
129 2510 23 15 so
171 2503 138 30 graphically
321 2502 127 31 explained,
461 2510 39 15 are
512 2502 148 31 exceedingly

79 2535 90 24 delicate
188 2543 25 16 as
236 2536 93 31 regards
353 2536 37 23 the
415 2540 114 19 utterance
554 2535 26 23 of
604 2536 56 23 such

77 2569 70 23 words
159 2577 24 15 as
203 2569 14 12 '
324 2570 43 22 &c.
405 2566 48 26 Tfie
468 2569 117 30 following
598 2569 20 23 is
629 2577 31 15 no

75 2601 44 24 bad
130 2603 112 30 specimen
254 2603 25 22 of
288 2603 45 23 this
341 2603 70 29 really
420 2602 113 23 mauvnise
543 2601 68 24 honte
619 2611 7 14 :

178 2636 59 23 Miss
251 2636 92 31 Sophia,
356 2636 61 23 what
428 2643 36 16 are
471 2643 46 23 you
524 2635 96 32 making

76 2669 47 22 said
135 2669 43 24 Dr.
191 2669 31 23 R.
236 2674 23 18 to
278 2677 13 14 a
308 2677 77 23 young
396 2669 124 24 American
536 2669 61 30 lady,
610 2669 50 23 who

75 2710 44 14 was
131 2707 22 18 at
164 2702 62 24 work
237 2710 61 23 upon
310 2712 13 14 a
341 2706 103 27 garment
456 2702 25 23 of
498 2710 13 15 a
522 2703 86 22 certain
620 2702 40 24 de-

74 2735 113 31 scription.
246 2735 22 24 A
278 2735 163 32 Sophy-cover,
568 2743 47 16 was
622 2736 38 23 the

75 2769 70 30 reply.

109 2808 102 24 Pretty
234 2809 181 24 Compliment.
450 2809 119 23 Anecdote
583 2810 25 22 of
623 2809 38 23 the

75 2841 105 24 Duchess
199 2842 25 23 of
240 2843 35 22 St.
295 2843 97 28 Albans,
413 2847 29 23 at,
452 2843 150 28 Abbotsford,
623 2851 37 14 re-

75 2879 79 19 counts
167 2876 39 22 the
223 2875 105 31 happiest
346 2876 67 29 thing
432 2875 47 23 that
496 2876 41 22 her
555 2883 68 22 grace
641 2876 20 22 is

75 2909 112 30 supposed
199 2914 22 17 to
232 2908 58 23 have
302 2909 57 23 said.
395 2909 30 22 In
439 2909 104 30 showing
554 2908 40 23 her
607 2917 55 15 over

75 2941 37 22 the
125 2941 77 29 house,
215 2942 58 22 after
285 2942 101 29 desiring
397 2941 40 23 her
456 2946 23 18 to
498 2942 102 28 observe,
615 2941 48 23 that

74 2973 36 23 his
131 2974 121 23 bed-room
275 2974 178 23 communicated
477 2974 32 30 by
533 2982 14 15 a
575 2976 88 28 private

77 3008 106 22 staircase
194 3007 55 23 with
261 3015 14 15 a
284 3007 58 23 little
350 3007 76 30 study,
437 3006 29 24 he
479 3007 78 29 added,
597 3008 65 22 Thus

74 3048 44 22 you
129 3048 46 21 see,
187 3041 67 22 when
272 3039 53 32 they
343 3040 30 24 all
393 3039 66 25 think
471 3040 13 24 I
503 3040 58 24 have
575 3041 88 23 retired

76 3077 22 19 to
115 3074 52 28 bed,
181 3074 13 23 I
207 3081 42 16 can
267 3081 81 24 escape
361 3078 22 19 to
395 3081 39 23 my
451 3074 75 31 study,
545 3074 64 24 write
628 3075 35 23 for

76 3111 41 19 two
131 3115 24 15 or
167 3107 63 23 three
242 3107 76 29 hours,
331 3107 45 23 and
394 3115 29 15 no
440 3107 60 31 body
520 3107 39 24 the

178 3141 21 22 is
221 3140 139 31 impossible,
380 3141 40 23 Sir
576 3141 87 32 replied

75 3171 127 32 hergrace.

110 3213 38 23 On
160 3213 110 32 Monday,
282 3222 14 16 a
307 3222 55 23 very
368 3215 140 31 respectable
516 3215 80 31 couple
604 3223 58 16 were

77 3245 68 32 being
155 3248 99 23 married
266 3251 23 20 at
300 3256 40 15 our
351 3248 184 31 parish-church,
555 3248 67 24 when
640 3253 24 19 at

80 3278 67 25 about
158 3279 38 25 the
207 3280 83 24 middle
303 3281 25 23 of
341 3281 40 23 the
392 3282 85 22 service
488 3289 29 15 an
528 3281 38 24 old
575 3290 88 16 woman

80 3319 60 16 came
151 3314 100 30 running
262 3314 31 28 in,
314 3314 144 31 exclaiming,
501 3314 49 24 Mr.
563 3315 99 30 Parson,

79 3352 44 23 you
141 3345 74 25 shan't
232 3354 76 24 marry
326 3355 40 23 my
384 3355 43 15 son
437 3347 54 24 Tun
502 3352 23 19 to
537 3348 50 23 that
598 3349 64 24 there

79 3377 54 24 slut.
167 3379 14 23 I
192 3380 73 23 forbid
277 3380 38 24 the
326 3380 57 24 bans
395 3380 47 24 Mr.
461 3381 103 24 Parson:
583 3382 44 23 and
645 3383 21 23 if

79 3418 45 22 you
135 3411 27 23 do
174 3420 75 23 marry
261 3413 61 25 them
334 3413 58 24 after
411 3413 44 25 this
473 3414 53 24 here
545 3415 84 30 notice,
649 3416 13 23 I

80 3443 58 24 shall
161 3452 127 17 commence
310 3455 30 15 an
362 3448 74 23 action
458 3448 90 30 against
565 3456 46 23 you
627 3449 35 24 for

80 3475 60 31 legal
315 3480 52 24 The
385 3480 59 24 Rev.
463 3481 34 23 D.
511 3481 30 23 L.
552 3481 108 31 Cousins,

82 3508 49 24 who
142 3518 46 15 was
200 3512 128 32 officiating,
341 3513 72 24 asked
423 3514 40 24 her
475 3514 39 24 the
529 3522 83 17 reason
627 3516 36 23 for

82 3541 96 32 wishing
189 3547 22 19 to
223 3548 51 27 stop
284 3545 38 24 the
333 3547 110 31 marriage
464 3547 67 24 when
550 3556 30 15 on
594 3548 68 24 look-

81 3574 41 31 ing
133 3575 78 30 round,
231 3577 40 23 she
289 3578 129 25 discovered
435 3580 49 24 that
488 3581 53 24 -the
560 3587 67 26 party
639 3587 24 19 at

82 3606 39 24 the
132 3608 56 23 alter
199 3616 45 16 was
256 3614 40 19 not
305 3611 41 23 her
380 3620 42 16 son
547 3615 48 23 She
607 3615 56 24 then

80 3639 79 25 bowed
171 3645 22 19 to
205 3641 38 23 the
254 3643 102 24 minister
367 3645 45 23 and
422 3646 88 24 walked
528 3652 41 19 out
585 3649 25 23 of
623 3649 40 23 the

83 3672 91 31 church,
188 3674 46 23 still
246 3676 137 31 reiterating,
488 3680 76 24 shan't
583 3690 78 23 marry

82 3714 39 23 my
132 3714 41 16 son
185 3707 54 24 Tim
251 3712 23 19 to
286 3709 49 23 that
346 3709 63 24 there
524 3713 26 24 It
568 3721 95 25 appears

83 3739 48 24 that
148 3740 66 24 while
233 3740 38 24 the
289 3742 37 23 old
344 3749 87 17 woman
448 3752 47 16 was
506 3747 71 31 going
588 3752 40 19 out
640 3749 25 23 of

82 3772 39 23 the
133 3772 61 30 door,
205 3773 41 24 her
428 3784 60 16 came
500 3779 24 22 in
535 3784 24 18 at
570 3781 93 24 another

82 3805 55 23 with
147 3806 38 24 the
195 3807 73 31 object
281 3808 24 23 of
318 3808 37 23 his
366 3808 51 24 love
424 3818 6 20 ;
448 3810 52 28 and,
512 3811 85 33 having
605 3815 58 23 been

82 3838 112 33 regularly
206 3840 71 24 asked
288 3841 24 23 in
324 3841 92 30 church,
429 3842 52 31 they
488 3851 58 16 were
553 3848 110 23 married:

82 3871 68 24 much
161 3876 22 19 to
195 3873 38 24 the
245 3874 93 32 chagrin
350 3874 25 24 of
390 3875 38 24 the
439 3876 38 23 old
487 3876 53 31 lady
551 3878 65 24 when
623 3880 41 24 she

82 3911 45 16 was
133 3906 107 30 apprized
244 3907 26 23 of
274 3907 38 24 the
317 3908 171 25 circumstance.
525 3910 138 27 Chelten-

82 3944 57 17 ham
153 3939 157 26 Chronicle.

1309 137 68 23 mend
1388 138 18 22 it
1417 143 22 17 to
1452 138 59 22 their
1522 139 86 21 serious
1621 138 165 22 consideration
1795 146 6 14 ::

1335 167 47 22 The
1391 169 88 21 trouble
1486 169 42 22 and
1537 169 176 22 inconvenience
1722 171 21 18 to
1751 167 72 22 which
1832 176 56 13 mas-

1308 195 44 20 ters
1362 193 56 23 have
1432 195 94 22 hitherto
1536 196 57 21 been
1604 195 91 27 subject,
1706 195 29 26 by
1745 195 67 26 being
1829 202 59 14 com-

1307 219 73 28 pelled
1391 225 21 18 to
1423 228 50 20 pass
1482 222 120 21 unnoticed
1618 221 38 21 the
1665 221 113 21 insolence
1789 221 44 21 and
1847 221 43 21 dis-

1307 246 122 23 obedience
1439 248 25 21 of
1471 247 55 23 their
1532 252 107 22 servants,
1649 247 42 22 will
1701 248 28 21 be
1737 247 152 27 considerably

1307 273 106 23 curtailed
1429 274 29 27 by
1469 274 36 22 the
1516 278 34 18 act
1558 274 73 22 which
1646 273 40 22 has
1699 273 104 27 recently
1811 274 78 27 passed

1307 298 37 22 the
1354 299 99 23 Council.
1482 301 45 21 The
1535 301 124 27 provisions
1670 300 26 21 of
1709 300 43 21 this
1762 303 37 18 act
1807 304 81 18 cannot

1306 325 27 22 be
1342 327 66 21 made
1419 330 36 18 too
1471 327 73 26 public
1552 335 6 18 ;
1578 327 51 26 and,
1649 326 106 27 although
1770 333 40 15 our
1825 334 63 19 space

1307 351 52 22 does
1368 357 40 17 not
1417 353 65 21 allow
1491 360 27 15 us
1526 357 23 17 to
1558 353 88 28 publish
1656 353 18 21 it
1684 353 77 26 entire,
1772 353 17 21 it
1798 353 50 27 will,
1860 360 28 14 no

1307 377 73 29 doubt,
1391 380 27 21 be
1429 379 26 22 of
1465 380 82 21 service
1564 383 22 17 to
1606 379 37 21 the
1657 379 74 27 public
1747 383 21 17 to
1782 379 28 21 be
1824 380 64 21 made

1306 406 133 26 acquainted
1455 406 53 22 with
1523 406 36 21 the
1577 406 116 22 substance
1709 406 25 21 of
1744 405 29 22 its
1781 410 58 18 most
1848 407 38 21 im-

1305 435 89 22 portant
1401 433 103 21 sections.
1526 433 25 21 If
1556 440 43 19 any
1604 433 157 26 journeymen,
1767 431 119 28 labourers,

1305 464 26 14 or
1349 463 100 17 servants
1464 459 26 21 of
1505 466 44 21 any
1563 459 134 26 description
1714 459 117 25 whatever,
1850 466 38 14 en-

1304 485 72 26 gaged
1391 486 35 21 for
1440 493 14 14 a
1470 486 82 21 certain
1568 484 84 29 period,
1668 486 79 21 absent
1756 484 132 24 themselves

1306 511 57 22 from
1373 511 58 23 their
1439 513 83 21 service
1531 512 77 22 before
1617 511 38 22 the
1665 512 124 27 expiration
1806 512 25 21 of
1843 512 46 22 that

1305 540 63 24 term,
1390 539 53 26 they
1463 539 80 21 render
1561 538 134 22 themselves
1718 538 66 22 liable
1805 541 22 19 to
1845 542 42 18 two

1304 565 99 21 month's
1410 565 170 27 imprisonment
1594 565 24 21 in
1634 565 58 26 gaol,
1711 572 24 14 or
1752 572 42 14 one
1811 565 77 22 month

1304 590 56 22 hard
1366 591 78 23 labour
1451 592 25 21 in
1484 591 36 22 the
1526 592 77 21 House
1611 591 25 21 of
1645 591 133 26 Correction,
1789 595 99 23 together

1304 617 53 21 with
1368 626 13 13 a
1397 618 114 22 forfeiture
1521 619 25 21 of
1559 618 54 22 such
1623 618 88 27 portion
1727 619 25 20 of
1765 618 37 20 the
1817 626 71 19 wages

1305 643 42 22 due
1357 647 22 19 to
1389 645 47 21 him
1446 652 25 14 as
1482 644 36 22 the
1526 645 128 26 magistrate
1664 652 53 19 may
1725 644 64 22 think
1799 652 89 14 reason-

1304 670 56 22 able.
1399 671 142 22 Misconduct
1568 671 26 21 of
1619 678 67 19 every
1871 672 17 22 is

1304 697 131 27 punishable
1444 699 73 21 under
1525 699 43 21 this
1577 697 73 23 clause
1661 698 25 20 of
1694 697 37 21 the
1740 701 42 17 act.
1812 697 76 28 Negli-

1302 730 77 20 gence',
1387 725 101 26 refusing
1498 728 21 18 to
1528 725 66 26 work,
1603 724 121 27 insolence,
1732 724 155 22 disobedience

1304 750 26 21 of
1342 751 75 22 orders
1427 759 28 14 on
1471 752 38 20 the
1523 754 49 25 part
1587 750 26 22 of
1629 750 36 22 the
1685 754 95 23 servant,
1798 751 89 22 renders

1304 776 45 22 him
1359 777 66 23 liable
1434 783 23 16 to
1467 778 28 22 be
1505 777 108 28 punished
1622 778 23 20 in
1655 777 36 21 the
1703 778 69 20 above
1787 784 99 16 manner.

1303 802 48 22 The
1361 805 82 21 second
1453 805 81 21 section
1553 804 102 27 provides
1672 804 87 26 against
1774 802 37 22 the
1827 809 61 22 great

1304 830 189 28 disappointment
1503 831 42 21 and
1552 831 43 21 loss
1605 831 127 27 frequently
1740 830 147 28 experienced

1303 856 30 27 by
1342 865 91 19 persons
1441 858 49 21 who
1500 858 55 21 have
1563 858 90 20 entered
1660 857 48 21 into
1718 861 109 18 contracts
1836 858 51 22 with

1303 890 100 21 mowers,
1423 892 95 19 reapers,
1533 884 155 26 well-sinkers,
1700 884 127 27 shepherds,
1844 885 43 21 and

1303 910 63 22 other
1387 911 122 25 labourers,
1524 911 51 21 who
1592 910 128 28 frequently
1738 911 74 21 desert
1831 911 57 22 their

1303 937 60 21 work
1375 938 94 22 without
1477 938 118 21 fulfilment
1606 938 25 20 of
1639 937 36 21 the
1685 941 101 17 contract
1820 938 66 27 Upon

1303 971 44 19 any
1357 964 53 22 such
1422 964 131 28 complaints
1563 963 64 23 made
1638 971 60 19 upon
1715 964 58 25 oath,
1785 964 75 21 before
1875 972 12 14 a

1303 990 83 23 Justice
1397 992 26 20 of
1433 992 39 21 the
1482 992 76 26 Peace,
1569 991 29 21 he
1608 990 17 22 is
1636 990 138 27 empowered
1791 993 21 18 to

1302 1016 35 22 his
1346 1021 96 18 warrant
1450 1018 34 21 for
1500 1018 34 21 the
1552 1017 164 28 apprehension
1726 1017 25 21 of
1764 1017 38 21 the
1813 1021 72 24 party,

1302 1043 50 26 and,
1363 1052 61 20 upon
1434 1045 129 26 examining
1571 1045 48 21 into
1628 1044 36 21 the
1672 1043 128 28 complaint,
1808 1044 78 22 should

1301 1070 18 21 it
1337 1078 82 20 appear
1434 1072 50 20 that
1500 1071 35 22 the
1552 1073 101 19 contract
1668 1071 46 21 has'
1726 1073 39 19 not
1777 1070 57 22 been
1844 1072 42 20 ful-

1302 1096 66 28 filled,
1379 1098 27 22 he
1418 1106 40 14 can
1471 1098 88 22 commit
1570 1105 67 20 every
1646 1098 56 21 such
1711 1104 81 20 person
1805 1100 22 19 to
1845 1101 40 18 two

1301 1125 98 21 months'
1408 1125 57 21 hard
1474 1125 77 21 labour
1559 1125 23 21 in
1592 1124 39 22 the
1641 1124 69 22 house
1723 1124 25 21 of
1756 1125 129 21 correction.

1302 1151 54 27 Any
1362 1159 81 20 person
1450 1152 134 26 harbouring
1591 1159 26 13 or
1624 1151 128 27 employing
1759 1158 14 13 a
1778 1151 108 28 journey-

1302 1185 51 14 man
1368 1186 26 14 or
1408 1181 92 19 servant
1516 1178 24 21 of
1556 1185 43 19 any
1609 1178 135 27 description
1761 1177 72 22 under
1847 1185 39 14 en-

1300 1209 120 22 gagement
1429 1209 22 17 to
1467 1205 98 26 another,
1577 1204 45 22 and
1638 1204 92 21 without
1745 1204 34 21 his
1795 1205 91 26 permis-

1302 1231 55 27 sion,
1367 1233 18 20 is
1396 1232 65 22 liable
1477 1235 21 18 to
1509 1239 12 14 a
1533 1232 45 20 fine
1588 1231 26 21 of
1620 1230 49 27 fifty
1679 1230 94 28 pounds.
1803 1231 36 21 On
1850 1232 35 21 the

1302 1257 62 23 other
1373 1258 68 28 hand,
1453 1266 45 20 any
1507 1259 126 25 mis-usage,
1644 1258 83 21 refusal
1737 1258 26 21 of
1769 1265 117 20 necessary

1302 1285 118 27 provision,
1436 1288 164 24 non-payment
1619 1284 26 21 of
1658 1291 79 20 wages,
1756 1284 90 28 cruelty,
1863 1292 23 14 or

1302 1319 44 19 any
1356 1312 156 21 ill-treatment
1523 1312 113 21 whatever
1653 1318 28 14 on
1698 1311 36 21 the
1749 1314 50 24 part
1812 1311 27 21 of
1850 1312 35 21 the

1301 1341 81 19 master
1397 1335 94 25 toward!
1509 1338 35 22 the
1560 1341 95 23 servant,
1672 1338 19 21 is
1710 1337 131 27 punishable
1857 1339 28 27 by

1301 1365 52 26 fine,
1364 1369 22 17 to
1398 1373 43 16 any
1456 1369 92 17 amount
1559 1368 40 18 not
1610 1364 121 28 exceeding
1745 1364 34 21 six
1790 1365 95 21 months'

1302 1399 71 19 wages
1384 1392 24 22 of
1416 1388 37 25 the
1464 1400 78 18 person
1552 1391 160 27 complaining.

1336 1420 46 24 But
1394 1421 38 23 the
1444 1421 70 23 above
1523 1421 21 23 is
1557 1419 100 31 scarcely
1669 1420 38 22 the
1719 1423 69 19 worst
1799 1419 87 25 feature

1302 1453 26 23 of
1342 1453 44 24 this
1398 1462 112 15 measure.
1545 1453 81 24 Under
1645 1461 67 22 every
1725 1453 161 24 circumstance

1302 1486 38 23 the
1352 1491 99 19 contract
1464 1487 27 30 by
1504 1487 36 23 the
1554 1488 94 21 servant
1664 1491 62 18 must
1738 1486 27 22 be
1777 1486 104 24 fulfilled.

1364 1520 93 23 obvious
1470 1520 103 30 injustice
1581 1519 25 24 of
1621 1519 43 24 this
1677 1519 42 23 has
1731 1519 110 24 attracted
1848 1520 38 23 the

1301 1553 73 24 notice
1387 1554 25 23 of
1427 1553 38 23 the
1477 1553 81 23 Editor
1566 1553 25 23 of
1606 1552 39 24 the
1653 1552 148 24 Launceston,
1807 1560 78 24 paper,

1302 1586 35 23 for
1347 1586 28 24 he
1388 1586 55 24 asks

1330 1618 74 27 Ought
1413 1618 19 21 it
1441 1621 41 18 not
1492 1621 22 18 to
1522 1618 56 21 have
1589 1618 58 21 been
1664 1616 94 23 enacted
1769 1616 47 22 that
1825 1625 61 19 upon

1302 1651 43 19 any
1354 1646 103 26 properly
1468 1644 160 22 substantiated
1639 1644 122 26 complaint
1770 1644 25 21 of
1801 1644 85 27 cruelty

1302 1678 25 14 or
1335 1671 156 22 ill-treatment
1501 1679 25 14 on
1538 1671 37 22 the
1584 1674 51 24 part
1645 1672 25 20 of
1682 1672 36 20 the
1728 1674 89 23 master,
1835 1671 51 22 Jus-

1302 1698 54 21 tices
1366 1699 26 21 of
1403 1699 37 21 the
1451 1698 69 22 Peace
1530 1698 80 21 should
1625 1698 28 21 be
1670 1696 139 28 empowered
1825 1705 61 20 upon

1302 1724 134 28 application
1454 1725 67 26 being
1540 1725 66 21 made
1627 1724 35 22 for
1679 1724 49 21 that
1744 1731 102 20 purpose,
1864 1728 22 18 to

1302 1754 70 19 cancel
1389 1754 35 19 the
1440 1754 93 19 contract
1539 1754 12 19 ?
1578 1752 36 21 No
1631 1751 54 22 such
1702 1758 73 20 power
1792 1752 18 20 is
1820 1752 66 26 given

1304 1779 59 21 them
1371 1788 6 18 ;
1393 1780 39 20 but
1443 1780 37 20 the
1491 1778 151 28 complainant
1655 1781 61 18 must
1731 1780 77 19 return
1818 1781 23 18 to
1850 1778 36 22 his

1302 1806 66 24 work,
1377 1806 104 22 however
1488 1806 66 27 badly
1563 1806 28 21 he
1601 1812 53 19 may
1663 1805 28 21 be
1702 1804 92 22 treated.

1337 1834 57 24 Now
1405 1835 31 23 all
1447 1842 33 16 we
1492 1834 55 24 have
1559 1838 22 19 to
1593 1834 44 22 add
1655 1834 26 27 is,
1702 1833 49 23 that
1770 1840 43 23 any
1830 1834 55 22 emi-

1302 1873 66 25 grant
1379 1868 49 23 who
1441 1868 91 23 chooses
1550 1872 23 19 to
1591 1867 118 30 exchange
1727 1867 38 22 the
1783 1867 103 23 ultimate

1304 1902 109 31 Certainty
1431 1901 26 24 of
1478 1901 166 30 independence
1662 1900 45 22 and
1724 1900 101 29 comfort,
1843 1901 43 22 and

1303 1934 43 23 fair
1356 1943 81 22 wages,
1451 1934 72 23 which
1536 1933 73 24 South
1617 1933 118 23 Australia
1742 1933 65 22 holds
1816 1938 39 18 out
1864 1938 21 19 to

1302 1967 55 29 him,
1375 1969 35 23 for
1422 1967 38 24 the
1473 1967 133 24 association
1624 1966 55 23 with
1698 1966 110 28 convicts,
1827 1967 35 22 for
1874 1974 12 16 a

1304 2001 77 24 month
1398 2009 24 16 or
1434 2006 43 18 two
1490 2005 22 18 at
1522 2009 14 14 a
1547 2001 54 22 time
1613 2008 28 14 on
1654 1999 38 24 the
1704 1999 119 29 treadmill,
1843 2000 44 23 and

1303 2034 42 22 his.
1352 2034 147 24 unavoidable
1511 2039 76 17 return
1595 2037 23 18 to
1626 2032 38 23 the
1676 2040 61 15 same
1745 2037 84 18 master
1838 2033 48 23 who

1294 2056 124 41 JpVv'ited.
1429 2067 36 22 for
1482 2066 50 24 hiirr
1533 2071 9 10 r
1542 2066 54 23 th'at
1787 2065 20 23 is
1826 2065 62 29 right

1303 2100 105 23 welcome
1421 2104 22 19 to
1455 2107 135 23 accompany
1606 2098 46 23 Mr.
1667 2098 94 24 Pitcher
1772 2103 23 18 to
1807 2097 79 24 Laun-

1305 2137 84 23 ceston,
1402 2141 25 15 or
1438 2138 23 18 to
1629 2131 25 23 If
1669 2132 29 23 he
1705 2131 77 23 values
1791 2131 35 23 his
1839 2139 46 15 own

1304 2166 94 24 interest
1408 2167 29 23 he
1449 2166 48 23 will
1526 2166 54 23 look
1591 2164 78 24 before
1681 2165 28 23 he

1305 2235 138 16 GOVERNOR
1466 2227 128 23 GAWLER's
1616 2232 101 17 MINUTE
1740 2232 33 16 ON
1798 2232 88 17 INTRO-

1305 2268 95 16 DUCING
1418 2268 52 16 THE
1489 2259 156 25 LABOURER'S
1658 2265 160 17 AGREEMENT
1831 2267 56 15 BILL

1484 2302 30 15 TO
1531 2302 42 15 HIS
1590 2299 119 16 COUNCIL.

1332 2325 25 21 In
1364 2327 71 25 laying
1444 2327 37 19 the
1492 2326 124 20 Labourer's
1624 2325 127 24 Agreement
1760 2323 43 21 Bill
1813 2331 28 14 on
1852 2325 36 20 the

1305 2354 54 19 table
1368 2354 34 20 for
1412 2361 13 12 a
1434 2354 77 19 second
1519 2351 93 27 re'adiffg,
1623 2352 35 20 the
1670 2352 109 20 Governor
1789 2352 44 20 said
1843 2352 46 20 that

1305 2381 26 20 he
1340 2387 40 14 was
1392 2381 115 26 compelled
1516 2385 22 16 to
1548 2380 110 20 introduce
1672 2380 18 19 it
1707 2379 22 20 in
1745 2385 143 21 consequence

1305 2408 23 20 of
1340 2409 137 25 proceedings
1494 2415 24 13 on
1536 2409 36 19 the
1588 2409 49 25 part
1653 2407 24 20 of
1695 2407 85 20 settlers
1797 2406 22 21 in
1837 2407 51 20 New

1306 2435 65 21 South
1381 2436 70 20 Wales
1462 2436 42 19 and
1512 2435 46 20 Van
1568 2435 109 20 Dieman's
1686 2434 65 24 Laud,
1760 2434 68 20 which
1834 2441 53 14 were

1305 2463 115 20 calculated
1429 2466 22 17 to
1462 2463 26 20 be
1497 2463 21 20 in
1535 2470 12 13 a
1561 2469 51 19 very
1628 2462 51 26 high
1695 2462 73 25 degree
1787 2462 101 25 injurious

1305 2493 23 18 to
1342 2491 43 20 this
1401 2491 89 26 Colony,
1508 2491 39 19 and
1564 2489 107 27 deceptive
1688 2491 22 18 to
1726 2489 36 20 the
1778 2489 111 27 labouring

1306 2519 74 20 classes
1389 2519 22 19 in
1421 2519 24 19 it.

1331 2546 67 20 These
1408 2552 96 20 persons,
1513 2546 17 20 it
1540 2544 109 27 appeared,
1664 2544 67 20 under
1741 2544 36 20 the
1787 2543 47 27 plea
1842 2545 47 19 that

1306 2573 34 20 the
1349 2573 107 21 labourers
1468 2574 23 19 of
1508 2573 41 20 this
1564 2573 82 24 Colony
1662 2578 54 14 were
1731 2571 23 20 in
1770 2578 12 13 a
1798 2574 54 18 state
1867 2573 23 19 of

1305 2604 57 22 great
1382 2601 132 24 destitution,
1532 2601 42 20 had
1593 2599 111 21 combined
1722 2601 22 17 to
1766 2599 82 21 charter
1867 2603 21 17 at

1305 2629 52 19 least
1370 2635 40 14 one
1424 2629 74 24 vessel,
1514 2629 41 20 and
1569 2627 42 21 had
1626 2626 126 27 despatched
1767 2629 72 23 agents
1854 2627 34 20 for

1306 2656 34 20 the
1350 2662 87 21 express
1446 2663 91 19 purpose
1552 2656 24 20 of
1587 2655 98 26 carrying
1701 2655 30 19 off
1749 2660 22 14 as
1787 2660 61 20 many
1865 2661 23 14 as

1306 2684 48 25 they
1366 2684 63 20 could
1446 2690 89 20 procure
1554 2683 30 24 of,
1601 2683 18 19 it
1638 2688 41 14 was
1698 2684 23 17 to
1740 2681 26 20 be
1786 2681 100 26 believed,

1305 2710 72 21 robust
1387 2711 167 21 unencumbered
1562 2710 116 20 labourers.
1711 2709 39 19 His
1761 2709 127 27 Excellency

1305 2738 74 26 hoped,
1388 2739 34 20 for
1429 2739 37 20 the
1472 2740 83 19 honour
1561 2738 24 20 of
1588 2738 37 19 the
1632 2736 80 21 British
1718 2736 114 25 character,
1841 2737 46 20 that

1305 2766 60 21 those
1373 2768 47 19 who
1430 2767 62 20 acted
1501 2773 26 14 on
1537 2766 53 20 such
1599 2771 13 14 a
1627 2764 47 26 plea
1689 2763 94 20 believed
1798 2764 19 20 it
1828 2767 22 18 to
1861 2764 25 21 be

1307 2796 45 17 true
1359 2802 5 16 ;
1379 2795 35 19 for
1424 2793 24 26 if,
1466 2801 27 13 on
1504 2794 34 20 the
1554 2794 104 24 contrary,
1669 2792 52 25 they
1729 2792 62 19 knew
1799 2792 37 19 the
1845 2792 43 20 real

1307 2823 51 18 state
1368 2822 26 20 of
1400 2822 43 21 this
1454 2822 88 26 Colony,
1554 2821 42 20 and
1605 2820 49 25 only
1664 2821 40 24 put
1719 2819 17 20 it
1745 2818 89 21 forward
1844 2826 22 14 as
1875 2827 13 12 a

1306 2851 103 23 pretence,
1418 2850 26 20 he
1452 2851 57 18 must
1516 2849 51 20 look
1572 2854 59 20 upon
1637 2848 55 19 their
1698 2847 89 23 scheme,
1796 2852 23 15 as
1826 2853 62 20 every

1306 2877 74 20 honest
1391 2884 48 13 man
1448 2877 24 20 in
1484 2877 33 20 the
1526 2876 82 21 British
1618 2875 79 26 empire
1703 2874 76 24 would,
1787 2879 22 15 as
1819 2881 67 18 mean,

1307 2905 61 23 cruel,
1380 2905 41 20 and
1430 2903 154 28 unprincipled.
1613 2902 52 21 This
1676 2902 89 26 Colony,
1775 2903 23 18 at
1812 2909 26 13 an
1848 2902 39 19 im-

1307 2938 68 14 mense
1386 2935 46 17 cost
1441 2933 56 19 from
1507 2932 26 20 its
1543 2931 50 20 land
1602 2930 60 24 fund,
1672 2930 43 20 had
1724 2929 93 25 brought
1826 2931 59 24 toge-

1307 2959 45 20 ther
1361 2966 12 14 a
1382 2961 57 25 large
1448 2959 88 21 number
1550 2959 24 20 of
1581 2958 114 25 labouring
1704 2957 112 25 emigrants
1844 2957 43 20 like

1307 2987 26 19 all
1347 2987 59 21 other
1421 2994 48 14 new
1485 2987 105 24 Colonies,
1606 2986 19 19 it
1639 2991 42 13 was
1697 2984 128 26 contending
1834 2985 50 19 with

1306 3015 34 19 the
1356 3022 64 20 many
1439 3015 119 20 difficulties
1575 3013 70 21 which
1664 3013 75 24 always
1759 3018 128 20 accompany

1306 3043 44 19 first
1366 3044 129 23 settlement,
1507 3042 40 20 and
1557 3041 107 21 Colonists
1674 3039 25 21 of
1707 3039 58 20 older
1773 3040 43 20 and
1832 3042 54 18 esta-

1306 3069 81 21 blished
1400 3070 117 27 provinces,
1527 3069 70 21 which
1605 3067 42 21 had
1656 3067 77 26 reaped
1745 3067 84 26 already
1838 3073 50 20 very

1306 3100 57 23 great
1372 3098 126 26 advantages
1507 3098 54 19 from
1608 3096 79 25 import
1700 3094 66 23 trade,
1778 3095 108 19 combined

1307 3128 21 17 to
1338 3126 65 19 strike
1411 3128 22 17 at
1442 3126 37 19 the
1489 3127 47 18 root
1545 3124 25 20 of
1576 3124 28 20 its
1614 3121 119 28 prosperity
1743 3121 42 20 and
1797 3121 62 26 hope.

1333 3152 21 20 It
1363 3159 41 14 was
1415 3156 47 17 true
1469 3153 50 24 that,
1528 3152 34 20 for
1570 3157 57 14 some
1634 3150 51 20 time
1695 3151 53 24 past,
1756 3149 36 19 the
1799 3149 89 21 number

1307 3180 23 20 of
1337 3180 132 26 immigrants
1479 3179 109 27 employed
1603 3184 28 14 on
1641 3177 35 20 the
1687 3177 71 26 public
1767 3177 69 19 works
1846 3177 42 20 had

1307 3208 98 26 averaged
1413 3215 40 14 one
1464 3208 101 20 hundred.
1594 3205 44 20 But
1643 3205 55 20 what
1705 3210 41 14 was
1752 3204 42 20 this
1800 3204 87 20 number

1307 3241 21 15 as
1344 3236 111 26 compared
1471 3236 49 19 with
1538 3235 35 20 the
1587 3239 56 14 mass
1660 3232 25 20 of
1697 3232 36 19 the
1748 3231 138 26 population?

1307 3263 26 20 In
1342 3269 12 14 a
1364 3263 83 26 Colony
1461 3263 81 20 formed
1554 3268 23 14 so
1594 3260 82 26 rapidly
1686 3265 23 14 as
1718 3259 42 20 this
1776 3259 41 19 had
1827 3259 59 24 been,

1307 3290 75 26 capital
1396 3293 57 18 must
1469 3290 117 21 sometimes
1603 3288 52 19 have
1671 3294 13 13 a
1698 3286 84 26 surplus
1792 3292 22 14 as
1828 3293 57 13 com-

1306 3318 62 26 pared
1378 3319 52 19 with
1439 3318 80 24 labour,
1526 3317 43 20 and
1575 3314 120 22 sometimes
1702 3314 74 19 labour
1784 3320 12 13 a
1802 3314 84 26 surplus

1306 3351 22 14 as
1338 3346 110 25 compared
1457 3345 51 21 with
1516 3344 84 27 capital.

1333 3373 44 20 The
1384 3374 62 19 latter
1455 3373 119 26 possibility
1582 3370 43 21 had
1635 3370 76 25 always
1719 3369 52 20 been
1782 3368 103 25 foreseen,

1307 3400 40 21 and
1362 3407 107 14 measures
1485 3399 83 21 devised
1582 3401 23 17 to
1624 3401 56 16 meet
1698 3397 26 19 it.
1759 3396 68 20 There
1846 3396 41 20 had

1307 3434 60 14 never
1373 3428 53 21 been
1432 3428 123 20 destitution
1561 3432 76 18 among
1644 3425 36 20 the
1685 3424 111 25 labouring
1803 3424 83 20 classes.

1306 3455 44 21 The
1359 3456 84 27 surplus
1452 3456 72 20 labour
1534 3454 41 20 had
1584 3453 76 25 always
1670 3452 53 20 been
1738 3451 91 26 usefully
1843 3457 43 14 em-

1305 3483 75 26 ployed
1391 3490 27 14 on
1427 3483 73 26 public
1509 3482 73 20 works,
1594 3480 42 20 and
1643 3480 35 20 the
1687 3479 83 26 surplus
1780 3478 106 21 labourers

1305 3511 42 20 had
1365 3511 108 20 consisted
1492 3511 74 19 almost
1587 3507 77 26 wholly
1681 3507 25 19 of
1723 3512 47 14 men
1788 3506 23 20 in
1829 3507 57 19 weak

1305 3538 78 25 health,
1395 3545 25 13 or
1427 3538 53 20 with
1489 3538 55 25 large
1561 3542 72 21 young
1648 3534 97 20 families.
1775 3533 67 21 These
1852 3534 35 20 the

1306 3568 71 23 agents
1385 3566 55 20 from
1450 3566 36 19 the
1497 3566 58 19 other
1568 3562 99 22 Colonies
1676 3561 70 20 would
1754 3563 40 17 not
1802 3561 56 20 take.

1333 3592 44 21 The
1392 3595 74 24 agents
1483 3593 41 20 had
1543 3597 59 15 come
1618 3589 102 27 provided
1735 3588 51 20 with
1803 3589 85 25 printed

1305 3620 120 21 indentures
1434 3628 5 12 :
1460 3620 34 20 his
1509 3619 125 24 Excellency
1648 3617 43 20 had
1706 3622 48 14 seen
1767 3622 13 13 a
1796 3622 54 19 copy
1865 3616 23 20 of

1306 3654 39 14 one
1355 3648 23 20 of
1387 3648 64 20 them.
1482 3647 22 20 It
1511 3653 41 14 was
1561 3652 51 20 very
1621 3645 64 19 much
1701 3644 22 20 in
1733 3643 73 20 favour
1820 3644 23 19 of
1851 3643 35 20 the

1306 3678 83 22 master,
1406 3676 42 19 and
1463 3674 68 21 unfair
1547 3676 23 17 to
1580 3674 37 19 the
1633 3674 90 18 servant.
1752 3670 22 20 It
1784 3670 42 20 also
1836 3676 50 21 pro-

1306 3703 60 20 vided
1373 3703 46 20 that
1428 3704 37 19 the
1471 3708 84 20 passage
1563 3705 75 21 money
1646 3701 22 18 to
1676 3699 36 20 the
1719 3698 59 20 other
1789 3697 97 21 Colonies

1307 3730 76 21 should
1397 3731 28 19 be
1440 3730 102 20 deducted
1558 3729 53 20 from
1630 3727 35 20 the
1681 3732 68 19 wages
1766 3725 24 20 of
1805 3725 35 20 the
1856 3725 30 20 la-

1307 3759 81 23 bourer,
1397 3758 39 19 but
1445 3758 19 19 it
1473 3758 36 19 did
1516 3759 39 18 not
1563 3761 71 15 secure
1642 3760 12 13 a
1661 3759 86 21 passage
1757 3752 53 21 back
1819 3754 22 18 at
1852 3752 34 20 the

1307 3791 87 21 expense
1404 3786 25 19 of
1442 3786 36 19 the
1488 3787 76 18 master
1578 3782 21 21 if
1612 3782 36 19 the
1663 3781 97 20 labourer
1776 3780 76 19 should
1860 3780 26 19 he

1308 3813 146 26 disappointed
1462 3812 50 20 after
1519 3812 33 19 his
1561 3810 82 21 arrival.

1333 3840 68 20 There
1423 3846 42 14 was
1484 3839 53 26 good
1556 3843 75 15 reason
1649 3838 23 18 to
1691 3835 78 20 believe
1787 3834 45 20 that
1851 3834 35 20 the

1306 3873 66 21 wage
1389 3867 79 20 offered
1482 3867 28 26 by
1525 3867 37 19 the
1576 3866 73 24 agents
1669 3869 54 14 were
1741 3861 62 21 much
1822 3862 64 20 above

1307 3896 60 20 those
1382 3895 84 25 usually
1481 3895 60 24 given
1558 3893 22 20 in
1599 3892 52 19 New
1671 3890 67 21 South
1757 3888 70 21 Wales
1846 3889 41 20 and

1307 3923 46 20 Van
1370 3922 110 20 Dieman's
1488 3921 57 20 Land
1552 3927 6 17 ;
1573 3919 42 20 and
1625 3918 105 20 therefore
1739 3916 55 26 good
1804 3916 82 26 ground

1307 3950 33 20 for
1350 3949 115 28 supposing
1481 3949 43 20 that
1540 3948 106 20 labourers
1664 3946 47 19 who
1721 3944 97 26 accepted
1829 3944 57 20 these

728 192 50 24 Our
796 193 62 23 dates
876 192 58 24 from
952 193 112 24 Adelaide
1083 203 38 15 are
1138 199 24 19 to
1182 195 38 24 the
1239 195 42 24 sth

693 225 26 23 of
727 224 136 25 December.

689 257 89 40 y^the
808 266 83 30 Mayor
921 266 43 23 and
995 266 73 24 Town
1095 268 98 23 Council
1220 276 59 15 were

813 297 46 24 Mr.
874 298 82 24 Fisher
968 299 41 23 has
1027 299 43 24 had
1088 301 38 22 the
1145 301 89 23 honour
1257 302 25 23 of

691 330 69 32 being
771 330 98 24 selected
881 339 29 16 on
923 332 37 23 the
972 332 51 23 first
1034 334 113 23 occasion.
1187 334 92 23 Adver-

691 363 118 24 tisements
818 372 81 23 appear
907 366 146 29 announcing
1065 366 49 23 that
1125 367 38 23 the
1182 367 97 23 Council

691 404 38 15 are
742 397 69 23 about
822 402 22 17 to
860 397 64 29 elect,
942 398 74 23 Town
1037 398 79 29 Clerk,
1130 400 73 23 Town
1220 400 57 23 Sur-

689 437 78 23 veyor,
792 430 119 27 Collector,
938 431 44 23 and
1002 439 14 15 a
1041 431 137 32 Messenger
1233 433 45 23 and

689 462 89 24 further
790 463 51 22 that
858 463 38 22 the
915 468 127 19 assesment
1060 473 122 23 necessary
1194 470 23 19 to
1237 466 40 24 de-

689 496 52 29 fray
752 496 38 22 the
802 496 50 22 first
862 496 112 30 quarter's
986 504 100 24 expense
1097 499 46 23 will
1151 503 94 19 amount
1255 503 22 19 to

689 529 72 22 500
774 536 25 15 or
816 529 87 23 2000
914 537 41 23 per
973 537 94 16 annum.
1103 531 44 23 We
1166 532 112 30 sincerely

689 561 60 31 hope
760 562 19 22 it
789 562 47 22 will
847 566 39 19 not
898 562 27 24 be
936 563 56 30 long
1003 563 78 24 before
1096 572 40 15 our
1147 572 71 23 paper
1230 564 47 24 will

689 595 91 22 contain
805 595 185 24 advertisements
1006 596 26 23 of
1054 604 13 15 a
1083 597 87 24 similar
1186 602 89 19 nature.

689 626 76 25 When
788 628 49 23 that
858 628 58 24 hour
939 629 86 23 arrives
1044 630 18 22 it
1079 630 48 23 will
1147 631 29 23 be
1194 631 24 23 in
1237 631 39 23 the

688 668 75 23 power
782 661 25 23 of
823 661 43 23 this
886 662 140 30 community
1045 666 23 19 to
1086 663 69 23 make
1174 663 30 24 all
1222 672 54 15 con-

688 694 85 23 tribute
789 694 24 23 in
825 694 42 23 due
877 695 133 30 proportion
1023 699 22 19 to
1057 696 55 23 road
1126 696 96 32 making
1232 697 45 23 and

688 727 90 23 various
790 727 65 23 other
871 728 125 31 important
1015 728 43 23 and
1077 729 109 24 essential
1197 730 79 30 public

687 760 174 31 improvements
872 769 5 20 ;
909 761 43 23 and
982 761 50 23 also
1060 763 99 23 towards
1187 762 89 24 district

688 793 90 24 schools
790 793 44 24 and
846 794 63 24 other
922 795 142 24 institutions
1077 796 25 23 of
1118 795 79 31 nearly
1209 796 67 31 equal

688 827 149 31 importance.

723 860 74 24 South
819 860 119 24 Australia
963 861 43 23 has
1034 861 55 31 only
1110 862 60 23 been
1194 861 82 24 settled

687 893 69 24 about
766 894 52 23 four
829 901 64 24 years
905 894 45 23 and
960 895 20 23 is
988 894 115 31 evidently
1110 903 65 15 more
1187 895 88 30 perfect

687 927 23 23 in
723 927 29 23 ah
747 927 3 8 1
771 928 32 22 its
822 927 69 23 social
907 932 172 26 arrangements
1098 928 55 23 than
1171 936 69 23 many
1252 928 25 23 of

687 968 41 15 our
751 960 38 24 old
813 960 113 25 Colonies.
968 960 52 24 The
1042 969 83 23 papers
1147 961 78 24 before
1247 969 27 16 us

688 993 106 23 continue
806 997 23 19 to
847 993 89 24 furnish
954 993 106 24 evidence
1074 995 26 22 of
1115 994 38 23 the
1173 995 103 30 undying

688 1033 84 23 energy
785 1026 37 23 for
839 1026 73 23 which
931 1026 74 24 South
1023 1026 121 24 Australia
1156 1027 41 23 has
1215 1028 59 23 from

687 1058 39 23 the
740 1063 191 19 commencement
941 1060 58 22 been
1009 1060 152 24 remarkable.
1198 1061 76 23 There

686 1099 38 14 are
744 1091 185 24 advertisements
951 1094 147 30 announcing
1116 1101 14 15 a
1152 1093 54 24 Fire
1229 1094 45 23 and

686 1124 54 22 Life
759 1124 125 24 Insurance
903 1125 126 31 Company,
1043 1134 29 14 an
1086 1126 104 23 Auction
1202 1127 70 23 Com-

685 1165 69 23 pany,
775 1158 114 28 Markets,
908 1167 14 14 a
945 1159 56 23 New
1026 1159 65 29 Port,
1115 1159 159 31 Agricultural

687 1190 100 31 Society,
813 1191 113 23 Chamber
949 1192 25 22 of
996 1192 141 28 Commerce,
1158 1193 117 32 Shipping

687 1224 119 31 Company
818 1224 43 23 and
874 1224 80 30 Clubs,
968 1225 88 30 Survey
1065 1225 156 28 Association,
1230 1226 44 23 and

689 1257 104 32 Literary
805 1258 44 22 and
859 1256 119 25 Scientific
986 1259 156 23 Association.

677 1302 9 6 -
721 1291 50 23 The
783 1291 72 23 wharf
865 1296 23 18 at
899 1292 39 23 the
950 1291 58 24 New
1020 1291 57 24 Port
1091 1292 89 23 erected
1191 1292 31 31 by
1234 1292 40 23 the

687 1324 74 23 South
772 1324 134 24 Australian
926 1325 118 30 Company
1063 1333 96 23 appears
1175 1329 22 19 to
1215 1326 59 22 have

687 1357 133 24 occasioned
837 1358 68 23 much
928 1359 149 26 satisfaction,
1098 1359 45 22 and
1164 1362 24 19 to
1201 1359 73 23 afford

686 1395 64 26 great
772 1391 104 23 facilities
899 1395 24 19 to
946 1392 37 22 the
1008 1391 115 32 shipping.
1164 1392 44 22 We
1226 1392 48 22 find

687 1424 88 23 several
787 1424 184 23 advertisements
982 1425 33 29 by
1021 1424 84 23 houses
1119 1426 22 21 in
1154 1425 118 28 Adelaide,

688 1457 25 23 of
729 1457 86 31 having
833 1457 136 23 established
986 1458 88 22 branch

686 1490 74 23 which
769 1491 53 22 lead
832 1498 26 15 us
872 1495 22 18 to
906 1494 91 28 suspect
1010 1491 23 22 in
1053 1499 12 15 a
1076 1499 55 23 very
1142 1491 44 23 few
1207 1499 67 23 years

688 1523 29 23 all
730 1524 142 23 commercial
883 1525 151 22 transactions
1046 1524 46 22 will
1107 1529 76 18 centre
1196 1529 22 18 at
1235 1525 37 22 the

688 1557 57 23 New
757 1557 65 27 Port,
836 1557 42 23 and
890 1558 104 22 occasion
1006 1557 111 23 Adelaide
1128 1562 21 18 to
1156 1557 94 24 become
1262 1566 12 14 a

686 1590 64 31 place
763 1590 26 24 of
804 1590 84 31 merely
905 1592 88 30 private
1012 1590 116 23 residence
1147 1590 45 23 and
1208 1591 67 23 retail

688 1623 69 24 trade.

722 1656 74 24 South
826 1656 118 24 Australia
968 1665 47 14 was
1039 1657 122 30 exporting
1189 1657 85 23 several

687 1697 80 23 cargos
779 1691 26 22 of
815 1690 29 23 oil
863 1689 45 24 and
920 1689 56 24 wool
995 1694 23 18 to
1032 1689 116 31 England.
1196 1689 24 24 It
1231 1691 42 23 has

686 1723 59 23 been
766 1723 118 24 estimated
901 1724 49 23 that
962 1722 39 24 the
1020 1727 81 27 export
1114 1723 24 23 of
1146 1723 58 23 wool
1216 1724 58 23 from

688 1756 38 23 the
745 1757 89 30 Colony
851 1756 73 24 which
947 1756 42 23 has
1011 1756 59 23 been
1094 1756 113 31 elegantly
1231 1757 44 23 and

687 1790 55 23 with
755 1790 68 23 much
842 1790 59 31 good
918 1790 85 29 feeling
1023 1789 72 24 called
1114 1790 38 23 the
1192 1790 82 23 bubble

821 1823 45 23 will
884 1828 40 18 not
941 1823 28 23 be
989 1822 47 24 less
1055 1823 56 23 than
1129 1825 67 21 4000
1211 1823 63 24 bales

688 1856 46 23 this
746 1864 89 17 season.

722 1889 51 24 The
793 1889 72 25 South
877 1889 147 24 Australians
1038 1889 46 23 had
1096 1889 180 24 communicated

689 1923 56 23 with
758 1924 39 23 the
816 1924 68 23 Swan
902 1923 72 24 River
995 1922 88 31 Colony
1096 1931 29 15 on
1137 1922 38 24 the
1188 1924 88 30 subject

688 1956 26 23 of
731 1957 99 31 opening
848 1964 27 15 an
895 1955 106 24 overland
1019 1961 74 18 route.
1135 1956 52 24 The
1206 1957 68 23 Swan

688 1989 73 24 River
783 1990 79 31 people
878 1989 46 24 had
947 1989 118 23 discussed
1087 1989 39 23 the
1149 1993 83 20 matter
1252 1990 23 22 in

687 2022 85 31 public,
785 2023 46 23 and
848 2022 101 23 declared
963 2023 90 29 against
1066 2023 19 21 it
1096 2030 30 15 on
1138 2022 38 22 the
1188 2023 88 30 ground

688 2055 50 22 that
751 2056 57 22 such
827 2063 13 15 a
849 2048 330 40 rneaus^L^minaiiiication
1201 2056 73 22 woliid
1279 2063 5 24 ;

688 2088 27 22 be
736 2088 105 23 attended
990 2086 153 24 introduction
1155 2081 41 29 \f
1201 2086 74 24 bush-

687 2129 103 22 rangers.
838 2121 50 23 The
917 2119 108 32 speeches
1050 2121 25 22 of
1102 2121 40 22 the
1140 2129 2 4 1
1171 2120 105 23 different

688 2154 109 31 speakers
809 2154 87 23 exhibit
908 2154 37 23 the
957 2157 88 19 utmost
1051 2161 122 15 meanness
1180 2154 26 22 of
1219 2154 57 23 feel-

688 2188 40 30 ing
740 2188 43 23 and
798 2192 62 26 petty
881 2187 105 31 jealousy
1006 2187 97 23 towards
1123 2187 76 23 South
1212 2188 64 23 Aus-

689 2221 73 23 tralia.
800 2221 71 30 Truly
890 2220 37 24 the
947 2221 69 23 Swan
1036 2220 73 23 River
1126 2220 63 24 folks
1208 2228 38 16 are
1264 2229 13 15 a

688 2254 193 23 narrow-minded
893 2258 34 19 set
935 2255 6 22 !

723 2288 50 23 The
794 2288 118 23 Governor
930 2287 46 23 had
995 2286 70 24 taken
1084 2287 38 23 the
1140 2288 104 31 printing
1255 2288 25 22 of

689 2321 37 22 the
742 2321 148 24 Government
904 2321 95 23 Gazette
1013 2320 56 23 from
1085 2321 38 22 the
1138 2322 139 30 proprietors

689 2354 25 23 of
723 2354 38 24 the
773 2354 73 23 South
851 2354 137 23 Australian
999 2351 115 32 Register,
1127 2354 74 22 which
1213 2354 64 24 tfeose

688 2388 129 30 gentlemen
830 2387 87 24 declare
931 2394 44 16 was
987 2387 139 31 guaranteed
1138 2392 23 19 to
1175 2388 62 23 them
1248 2389 29 29 by

688 2422 38 22 the
750 2421 76 23 South
848 2421 133 23 Australian
1013 2421 198 29 Commissioners,
1236 2421 42 23 but

688 2455 47 22 this
745 2455 20 22 is
778 2454 79 23 denied
868 2454 30 30 by
907 2454 38 23 the
958 2453 128 24 Governor.
1116 2453 47 24 The
1168 2453 111 32 Register

689 2488 101 22 declares
809 2488 19 22 it
846 2491 21 19 to
886 2488 29 22 be
935 2495 28 15 an
982 2491 97 27 attempt
1091 2491 23 19 to
1131 2493 96 25 prevent
1241 2488 37 22 the

689 2521 133 31 expression
845 2520 24 23 of
894 2521 77 31 public
1001 2521 99 30 opinion,
1131 2521 51 22 that
1208 2529 71 23 paper

688 2554 84 31 having
790 2562 54 22 very
867 2554 92 31 sharply
976 2554 102 31 opposed
1101 2554 38 23 the
1159 2554 119 24 Governor

689 2596 28 15 on
731 2587 87 24 several
830 2588 123 23 occasions.

721 2648 45 24 We
777 2648 68 24 make
855 2648 39 23 the
911 2648 118 31 following
1046 2653 101 19 extracts
1164 2648 60 24 from
1241 2649 37 23 the

689 2681 72 24 Sout/i
778 2681 134 24 Australian
929 2681 119 31 Register.

802 2723 180 15 EXPORTATION
1002 2722 31 16 OF
1053 2723 112 16 LABOUR..

723 2749 50 23 Our
785 2749 85 23 friends
884 2754 22 18 at
924 2749 55 24 Van
997 2749 122 23 Dieman's
1138 2749 69 24 Land
1221 2749 58 24 have

689 2786 51 19 sent
762 2790 14 15 a
797 2790 84 23 person
902 2787 23 19 to
948 2782 113 24 Adelaide
1084 2782 55 24 with
1163 2782 38 24 the
1225 2790 53 23 very

688 2815 124 24 honorable
830 2816 144 23 commission
992 2820 23 18 to
1035 2815 72 32 crimp
1125 2823 25 16 as
1170 2823 69 24 many
1258 2816 25 23 of

689 2849 38 23 the
740 2849 198 23 Commissioners'
950 2850 126 30 emigrants
1088 2857 26 15 as
1125 2849 29 23 he
1171 2857 51 21 can,
1236 2850 44 23 and

689 2882 49 23 Mr.
751 2883 94 22 Pitcher
860 2880 62 32 (that
933 2890 33 15 we
976 2882 143 24 understand
1130 2883 20 22 is
1163 2883 38 22 the
1213 2891 66 15 name

690 2914 25 23 of
741 2915 38 23 the
803 2914 89 32 Crimp)
915 2916 42 23 has
981 2916 60 22 been
1063 2916 96 31 holding
1178 2921 39 18 out
1234 2917 45 23 fine

689 2949 112 29 promises
813 2952 22 19 to
848 2948 37 23 the
895 2948 120 23 workmen
1025 2949 23 22 in
1060 2953 62 19 town
1137 2950 26 22 in
1180 2950 66 23 order
1257 2954 22 19 to

690 2985 72 26 tempt
773 2981 62 23 them
846 2985 23 19 to
905 2986 36 25 try
953 2981 60 23 their
1025 2981 55 23 luck
1119 2983 25 23 in
1154 2982 56 24 Van
1224 2983 55 24 Die-

689 3014 73 23 man's
775 3013 73 24 Land.
884 3014 111 24 Whether
1009 3014 47 24 Mr.
1070 3015 96 24 Pitcher
1171 3016 44 23 has
1221 3017 58 23 been

690 3048 126 23 successful
832 3055 23 15 or
874 3055 42 22 no,
935 3056 33 15 we
986 3048 58 23 have
1062 3053 41 19 not
1122 3050 155 29 ascertained;

689 3081 42 23 but
742 3081 35 24 for
789 3089 41 15 our
841 3085 70 27 parts,
923 3089 33 16 we
974 3081 70 24 think
1062 3082 50 23 that
1130 3090 31 16 no
1180 3083 99 24 obstacle

691 3114 82 24 should
795 3115 28 23 be
842 3114 87 24 thrown
952 3116 24 22 in
994 3115 40 23 the
1052 3123 51 24 way
1123 3116 25 23 of
1174 3116 107 31 allowing

690 3149 125 29 emigrants
826 3152 21 19 to
860 3148 28 23 do
900 3157 25 15 as
938 3149 54 30 they
1003 3149 78 31 please
1091 3150 26 23 in
1128 3149 39 24 the
1179 3154 83 19 matter
1271 3159 6 20 ;

690 3181 45 23 and
754 3182 50 23 that
822 3182 121 31 especially
965 3182 40 23 the
1029 3183 125 30 emigrants
1178 3184 101 30 recently

689 3218 53 20 sent
764 3219 40 19 out
820 3215 29 31 by
868 3215 40 24 the
932 3215 192 24 Commissioners
1147 3216 84 24 should
1251 3217 28 23 be

690 3248 71 31 freely
771 3248 122 31 permitted
904 3253 23 19 to
938 3249 65 23 leave
1019 3257 29 15 vs
1084 3257 30 16 on
1124 3250 61 23 their
1195 3251 86 30 paying

691 3281 38 23 the
741 3286 50 19 cost
802 3281 24 24 of
836 3281 57 24 their
909 3290 98 23 passage
1018 3286 24 19 to
1062 3282 75 24 South
1149 3283 128 24 Australia.

691 3314 58 24 This
761 3314 75 24 would
843 3315 27 23 be
883 3315 41 23 but
942 3316 44 22 fair
1004 3319 25 19 to
1043 3314 176 26 bothTolonies
1235 3316 45 24 and

690 3352 23 19 to
731 3348 38 23 the
787 3349 123 30 emigrants
927 3348 148 25 themselves.
1112 3349 25 24 It
1158 3351 76 23 would
1251 3351 28 22 be

691 3382 84 31 clearly
784 3382 164 23 unreasonable
959 3386 23 19 to
996 3387 81 26 expect
1089 3383 75 23 South
1180 3383 99 25 Austra-

689 3415 32 23 lia
732 3421 24 17 to
767 3415 30 24 be
808 3419 24 19 at
842 3415 37 23 the
898 3419 49 19 cost
965 3415 26 23 of
1011 3415 126 32 importing
1155 3417 124 31 emigrants

689 3448 35 23 for
736 3448 38 24 the
784 3456 43 15 use
838 3448 24 23 of
876 3448 54 24 Van
947 3448 122 24 Dieman's
1087 3450 69 23 Land
1164 3458 6 21 ;
1192 3450 44 24 and
1254 3458 24 16 so

689 3481 50 23 that
750 3481 49 24 Mr.
813 3481 93 24 Pitcher
917 3482 28 23 be
957 3482 133 24 authorised
1109 3483 44 23 and
1170 3484 109 30 provided

689 3514 54 24 with
755 3515 39 23 the
805 3523 79 15 means
902 3516 26 22 of
941 3516 124 31 refunding
1083 3516 39 24 the
1140 3525 98 23 passage
1257 3518 26 22 of

689 3556 43 15 our
742 3549 49 23 free
803 3549 130 30 emigrants,
952 3556 34 16 we
1006 3556 42 16 can
1064 3557 38 16 see
1114 3558 29 15 no
1156 3558 82 16 reason
1256 3554 23 20 to

690 3581 75 32 object
776 3585 23 20 to
810 3582 58 23 their
884 3582 108 24 removal.
1029 3582 26 24 If
1071 3583 64 23 these
1154 3584 125 31 emigrants

690 3615 81 24 choose
784 3620 23 19 to
819 3615 74 24 refuse
912 3623 75 23 wages
1008 3617 101 30 running
1126 3616 61 23 from
1206 3620 36 21 ss.
1256 3622 22 18 to

692 3650 52 22 14s.
759 3656 46 23 per
816 3648 56 23 diem
885 3648 48 24 and
951 3648 51 24 Mr.
1023 3648 97 24 Pitcher
1140 3657 42 16 can
1200 3658 80 16 ensure

690 3681 60 23 them
761 3681 102 31 higher/
867 3689 36 23 ay,
917 3683 31 31 by
964 3682 32 23 all
1011 3690 80 15 means
1107 3683 32 22 let
1159 3683 63 24 them
1240 3692 37 22 go.

691 3714 44 24 We
752 3716 90 22 caution
857 3714 71 28 them,
945 3716 113 28 however,
1078 3720 23 19 to
1117 3716 30 23 be
1168 3725 52 15 sure
1239 3721 42 19 not

691 3747 53 32 only
756 3748 25 23 of
796 3748 48 23 that
853 3748 54 29 fact,
919 3749 42 23 but
972 3748 78 24 before
1062 3749 55 31 they
1127 3749 65 31 place
1204 3750 75 23 them-

690 3781 73 24 selves
775 3782 160 30 unreservedly
952 3782 25 23 in
995 3782 39 23 the
1052 3782 103 24 clutches
1175 3783 25 23 of
1220 3784 60 22 their

690 3822 50 15 new
750 3819 95 19 masters
881 3819 22 19 to
921 3815 95 31 enquire
1034 3815 49 23 into
1102 3815 38 24 the
1159 3820 122 20 treatment

691 3852 23 19 to
742 3848 75 23 which
844 3852 103 19 servants
976 3855 39 16 are
1044 3848 120 31 subjected
1185 3849 26 24 in
1231 3850 50 23 that

691 3885 104 26 conntry.
842 3880 49 24 Ihe
914 3881 117 30 following
1053 3886 89 19 extract
1163 3881 60 25 from
1242 3882 39 24 the

689 3913 143 23 Launceston
847 3913 138 23 Advertiser
997 3914 25 23 of
1038 3914 132 24 November
1179 3916 24 28 4,
1215 3916 64 30 gives

691 3946 38 23 the
740 3945 134 32 particulars
887 3946 25 23 of
927 3946 38 23 the
978 3954 49 16 new
1039 3947 51 24 law.
1128 3947 44 24 We
1191 3956 88 16 r<-om-

1918 138 59 20 offers
1991 138 70 19 -would
2085 137 118 26 eventually
2228 137 46 20 find
2302 138 123 20 themselves
2453 138 42 20 dis-

1918 164 116 26 appointed.

1945 191 69 20 Under
2031 191 57 20 these
2106 191 170 25 circumstances,
2288 192 35 20 the
2334 190 41 22 Bill
2391 193 41 19 had
2441 192 54 20 been

1917 218 65 20 drawn
1999 225 28 19 up
2038 224 22 14 as
2075 224 13 14 a
2104 219 118 24 protection
2239 218 56 20 alike
2314 221 23 17 to
2354 220 36 19 the
2400 219 96 20 labourer

1917 245 42 19 and
1968 245 30 20 the
2010 245 88 26 Colony.
2123 245 41 20 His
2174 245 127 26 Excellency
2309 246 68 25 hoped
2386 247 45 19 that
2436 247 61 19 when

1918 272 35 19 the
1970 278 81 20 persons
2068 273 22 19 in
2108 271 36 21 the
2161 273 153 25 neighbouring
2331 273 105 24 Colonies,
2447 273 46 19 who

1916 305 54 13 were
1983 298 117 21 concerned
2123 299 24 19 in
2160 299 58 20 these
2241 299 101 25 schemes,
2359 301 84 19 became
2460 306 35 13 ac-

1917 326 95 25 quainted
2027 326 51 20 with
2097 325 36 20 the
2151 328 45 18 true
2217 328 54 18 state
2289 327 24 20 of
2327 327 41 20 this
2386 327 109 24 Province,

1907 351 2 33 j
1916 353 50 25 they
1977 353 68 20 would
2053 354 53 19 have
2123 353 36 19 the
2169 353 54 25 good
2233 353 103 26 principle
2355 357 22 17 to
2387 355 65 19 break
2468 360 29 19 up

1917 380 54 20 their
1978 381 142 22 associations,
2132 380 41 20 and
2183 380 65 20 desist
2258 380 55 20 from
2323 381 54 20 their
2388 381 79 20 efforts.

1945 406 76 21 Should
2031 408 49 25 they
2089 410 38 16 not
2137 407 26 19 do
2174 414 22 13 so
2227 408 76 20 should
2311 409 34 19 the
2355 410 85 24 present
2447 407 50 27 plan

1916 433 25 20 of
1947 435 92 25 carrying
2048 435 30 19 off
2087 439 38 15 our
2132 434 90 20 efficient
2230 434 115 25 labourers,
2353 435 66 20 under
2427 435 70 20 unfair

1916 464 132 21 agreements,
2067 462 30 25 by
2116 462 80 25 regular
2217 464 81 23 agents,
2318 463 22 19 in
2361 463 68 19 whole
2448 463 47 24 ship

1916 487 90 26 freights,
2024 489 25 19 be
2064 489 123 26 persevered
2196 489 30 22 in,
2238 489 33 19 his
2288 489 127 26 Excellency
2426 489 38 20 felt
2478 491 19 18 it

1916 515 57 25 right
1983 518 23 18 to
2024 522 36 19 say
2076 516 45 20 that
2136 516 27 19 he
2179 517 154 24 contemplated
2343 517 115 25 proposing
2474 520 22 16 to

1916 542 36 20 the
1963 542 83 21 Council
2055 545 23 17 to
2088 542 34 25 lay
2132 549 57 19 upon
2196 543 54 19 such
2259 546 73 23 agents
2342 544 66 25 heavy
2417 544 79 20 license

1917 569 71 25 duties,
2001 570 19 19 if
2027 572 37 18 not
2075 570 96 20 criminal
2180 570 112 25 penalties.

1944 596 41 21 Our
2001 597 106 20 labourers
2124 603 53 13 were
2192 597 51 23 free,
2262 598 113 25 excepting
2392 604 21 13 so
2433 598 31 19 far
2473 604 22 13 as

1916 623 50 26 they
1979 624 65 25 ought
2060 626 22 18 to
2100 623 40 21 feel
2156 624 117 20 themseves
2290 624 77 25 bound,
2379 631 24 13 as
2420 626 76 19 honest

1916 657 55 18 men,
1979 654 21 17 to
2017 652 78 19 remain
2106 650 21 20 in
2144 651 36 19 the
2196 651 82 26 Colony
2292 654 21 17 at
2324 652 34 19 the
2372 654 93 24 expense
2474 652 25 19 of

1916 678 63 20 which
1988 679 51 25 they
2046 678 42 20 had
2097 678 54 19 been
2160 678 92 25 brought
2266 682 45 21 out,
2323 685 21 14 as
2354 679 51 25 long
2413 685 23 14 as
2447 680 50 24 they

1916 705 71 20 should
1998 708 54 17 meet
2062 705 50 20 with
2123 705 120 20 reasonable
2254 710 174 21 encouragement
2438 706 22 19 in
2470 706 25 20 it.

1943 732 22 19 It
1976 739 39 14 was
2026 733 80 25 against
2121 732 139 26 unbecoming
2275 734 161 23 combinations,
2453 734 42 19 cal-

1916 758 78 22 culated
2003 762 22 17 at
2035 761 35 19 the
2086 765 57 14 same
2154 760 49 19 time
2217 762 23 17 to
2252 760 82 20 deceive
2344 761 36 19 the
2391 760 103 24 labourer,

1915 786 42 19 and
1966 788 68 24 vitally
2041 790 21 17 to
2072 786 69 25 injure
2151 788 35 18 the
2193 787 90 25 Colony,
2292 788 45 19 that
2347 788 36 19 the
2391 794 105 14 measures

1915 815 100 24 proposed
2024 818 22 16 to
2057 815 36 19 the
2104 813 89 20 Council
2203 821 54 12 were
2268 815 99 20 directed.

1944 840 35 21 His
1997 842 126 24 Excellency
2137 848 42 13 was
2189 842 59 24 quite
2263 842 78 25 willing
2352 845 20 17 to
2391 842 61 20 allow
2469 842 28 20 all

1916 868 35 20 the
1961 875 42 14 men
2014 875 47 14 now
2074 869 109 25 employed
2192 875 28 13 on
2231 869 35 18 the
2276 868 141 21 Government
2427 869 68 20 works

1915 897 22 18 to
1954 896 84 25 proceed
2051 898 23 18 to
2085 896 35 20 the
2136 896 61 19 other
2215 895 106 25 Colonies,
2338 897 67 20 under
2419 903 78 19 proper

1915 925 107 22 contracts,
2033 924 60 19 when
2111 923 50 25 they
2179 923 83 26 pleased
2271 931 5 15 ;
2293 923 39 20 but
2347 924 26 19 he
2391 930 42 13 was
2448 931 47 19 per-

1915 950 72 21 suaded
2005 951 45 19 that
2067 951 19 19 if
2100 950 48 20 four
2158 950 61 20 times
2231 950 55 20 their
2297 951 87 20 number
2393 951 54 20 from
2462 951 35 20 the

1907 993 2 4 .
1914 983 55 14 mass
1979 978 25 19 of
2012 978 60 19 other
2081 978 121 24 immigrant
2215 977 108 20 labourers
2340 985 53 13 were
2404 981 22 17 to
2439 985 34 19 go,
2485 985 13 13 a

1914 1004 56 26 large
1977 1005 123 26 proportion
2111 1005 24 19 of
2150 1005 58 20 these
2218 1011 49 13 men
2281 1005 69 20 would
2360 1005 44 20 still
2414 1006 84 20 remain'

1914 1033 23 18 at
1946 1032 31 20 the
1987 1033 75 25 charge
2073 1032 25 20 of
2106 1031 151 20 Government.

1943 1058 27 20 In
1983 1060 58 19 these
2062 1059 143 20 observations
2222 1059 36 19 the
2279 1059 108 20 Governor
2404 1059 36 21 did
2459 1063 38 17 not

1915 1092 58 14 mean
1988 1089 23 17 to
2028 1087 72 20 reflect
2116 1092 28 14 on
2161 1086 35 20 the
2212 1087 83 19 settlers
2312 1089 21 17 at
2347 1087 57 26 large
2421 1088 22 19 in
2461 1088 36 19 the
2510 1091 8 12 *

1914 1113 147 27 neighbouring
2078 1113 106 25 Colonies,
2200 1113 56 19 from
2272 1120 58 14 some
2339 1115 24 19 of
2375 1115 76 23 whom,
2469 1121 28 14 on

1914 1141 36 19 the
1961 1143 99 24 contrary,
2071 1142 26 19 he
2106 1147 41 14 was
2158 1141 69 26 happy
2238 1144 21 16 to
2271 1148 36 19 say
2314 1142 26 19 he
2353 1141 41 20 had
2403 1143 92 19 received

1913 1168 125 20 honourable
2049 1168 72 27 proofs
2132 1168 25 20 of
2170 1169 36 19 the
2217 1168 93 26 delicacy
2326 1169 50 19 with
2387 1169 75 24 which,
2473 1170 24 19 in

1914 1196 51 20 such
1972 1197 165 22 circumstances,
2149 1196 49 25 they
2208 1201 54 14 were
2273 1196 96 25 disposed
2381 1199 22 17 to
2413 1199 43 18 act.

1992 1258 83 16 SOUTH
2098 1258 163 16 AUSTRALIAN
2280 1258 130 16 COMPANY.

1998 1284 57 23 have
2064 1284 58 23 been
2134 1283 107 23 favoured
2253 1284 55 22 with
2320 1292 13 14 a
2344 1292 57 23 copy
2415 1285 25 23 of
2459 1284 38 23 the

1915 1316 84 24 Fourth
2006 1317 92 23 Annual
2107 1317 89 30 Report
2204 1317 25 22 of
2234 1316 39 23 the
2282 1317 73 23 South
2363 1318 134 23 Australian

1916 1349 120 32 Company.
2074 1349 50 25 The
2137 1350 99 23 abstract
2248 1350 59 23 from
2319 1350 44 23 this
2376 1351 121 23 document

1913 1390 34 16 we
1959 1384 117 30 published
2086 1383 118 23 sometime
2217 1390 51 23 ago,
2282 1383 116 23 embodied
2410 1392 14 14 a
2434 1384 62 30 large

1914 1417 85 29 portion
2012 1417 24 22 of
2050 1418 30 22 its
2092 1420 61 19 most
2163 1416 136 31 interesting
2311 1421 102 19 contents
2423 1426 5 20 ;
2455 1418 42 22 but

1916 1449 58 23 there
1985 1458 38 14 are
2036 1450 46 23 still
2094 1456 62 16 some
2165 1453 92 19 matters
2266 1450 25 22 of
2300 1458 61 14 more
2368 1450 59 23 local
2441 1458 54 15 con-

1914 1487 112 19 cernment
2043 1482 75 24 which
2135 1490 52 23 may
2199 1486 40 19 not
2256 1482 29 23 be
2301 1483 160 30 unacceptable
2473 1488 25 18 to

1915 1523 41 15 our
1967 1515 93 24 readers.

1947 1548 89 32 Among
2046 1549 39 23 the
2097 1548 50 24 first
2156 1548 24 23 of
2189 1548 64 23 these
2264 1550 21 22 is
2298 1549 36 23 the
2347 1550 93 30 spirited
2452 1558 44 15 un-

1914 1581 117 32 dertaking
2038 1583 24 23 of
2072 1582 36 23 the
2121 1582 58 23 New
2186 1581 58 23 Port
2278 1583 38 22 the
2327 1583 170 30 responsibility

1915 1615 25 22 of
1950 1615 68 24 which
2029 1623 46 15 was
2086 1614 70 24 taken
2167 1623 61 22 upon
2241 1614 92 24 himself
2342 1616 29 30 by
2385 1615 48 24 Mr.
2443 1616 53 23 Mc-

1914 1647 80 30 Laren,
2008 1653 22 19 to
2048 1649 74 22 whom
2142 1648 37 23 the
2199 1647 71 24 credit
2287 1648 25 23 of
2330 1649 29 22 its
2371 1656 91 16 success
2475 1650 20 22 is

1914 1681 47 23 also
1971 1682 64 31 (airly
2046 1682 53 23 due.
2135 1681 57 24 This
2204 1685 65 26 great
2281 1681 61 23 work
2354 1681 42 24 has
2408 1683 87 22 receiv-

1915 1714 27 23 ed
1955 1715 32 23 the
1999 1715 42 23 full
2053 1715 102 23 sanction
2168 1714 25 23 of
2208 1714 38 23 the
2259 1715 149 30 proprietary.
2445 1715 52 24 The

1914 1752 71 26 report
1997 1756 52 22 says
2108 1747 50 24 that
2169 1747 38 23 the
2219 1748 113 30 prudence
2343 1748 24 23 of
2380 1748 48 24 Mr.
2441 1748 61 24 Me--

1914 1781 92 23 Laren's
2019 1788 114 16 measures
2146 1788 38 15 are
2201 1780 127 31 beginning
2345 1785 22 19 to

1914 1814 45 22 and
1968 1814 34 23 the
2013 1815 58 22 facts
2083 1813 49 24 that
2144 1821 41 16 one
2202 1813 119 24 allotment
2339 1818 22 19 at
2380 1814 38 23 the
2436 1814 66 23 New'

1914 1847 60 30 Port,
1995 1847 132 30 containing
2146 1847 68 23 about
2233 1846 64 24 three
2313 1851 102 26 quarters
2428 1848 25 23 of
2467 1856 30 14 an
2501 1856 3 7 1

1915 1888 55 22 acre,
1981 1881 46 23 had
2038 1881 57 23 been
2107 1880 32 23 let
2151 1884 23 19 at
2185 1880 71 23 100
2269 1888 40 23 per
2322 1888 90 20 annum,
2429 1881 44 23 and
2484 1889 15 15 a
2502 1890 4 7 i

1912 1914 44 22 few
1973 1914 64 23 other
2060 1914 44 23 lots
2128 1914 50 22 sold
2189 1917 23 19 at
2234 1914 74 29 prices
2328 1914 96 30 varying
2434 1914 60 23 from
2499 1922 3 8 1

1914 1947 92 27 1,300
2027 1952 23 18 to
2069 1948 97 26 2,000
2188 1954 40 22 per
2252 1954 58 20 acre,
2332 1954 37 15 are
2393 1948 67 29 given
2471 1955 35 16 as-

1915 1980 109 24 sufficient
2046 1980 190 23 demonstrations
2262 1980 25 22 of
2303 1980 36 22 the
2368 1980 138 31 manager's-

1916 2013 184 24 discrimination.
2147 2013 50 22 The
2227 2012 109 23 directors
2365 2020 38 15 are
2426 2013 71 31 easily

1914 2046 96 29 pleased,
2030 2047 44 22 and
2086 2045 53 30 they
2157 2045 70 30 spoke
2241 2052 21 15 oi
2282 2053 78 15 course
2379 2053 60 22 upon
2460 2046 37 23 the

1916 2079 141 22 information
2071 2078 75 23 before
2158 2078 70 22 them.
2266 2078 26 23 If
2306 2078 63 23 these
2382 2084 123 17 comnTen-

1916 2111 90 29 dations,
2031 2112 112 28 however,
2166 2110 98 31 proceed
2281 2111 24 22 in
2317 2119 27 15 an
2358 2110 66 32 equal
2434 2112 72 23 ratio'

1915 2145 53 23 with
1977 2145 58 23 their
2052 2152 75 21 cause,
2149 2144 47 23 Mr.
2210 2143 119 24 McLaren
2347 2145 19 23 is
2386 2144 71 31 likely
2474 2149 32 19 to-

1916 2178 82 23 receive
2009 2186 29 15 on
2057 2178 39 23 the
2115 2181 56 19 next
2193 2178 85 22 annual
2301 2178 109 27 occasion,
2435 2183 71 18 some'

1915 2219 57 15 more
1996 2211 138 24 substantial
2153 2210 71 23 token
2243 2209 24 24 of
2283 2210 57 24 their
2359 2211 74 30 praise
2453 2211 48 23 and<

1915 2245 109 30 gratitude
2045 2244 56 24 than
2124 2243 72 24 woids
2215 2251 43 15 can
2274 2251 92 23 convey.
2403 2244 37 31 By
2459 2244 38 24 the

1916 2282 165 27 arrangements
2091 2277 74 23 which
2176 2284 33 16 we
2227 2277 139 23 understand
2379 2277 48 23 Mr.
2442 2277 53 23 Mc-

1916 2310 73 25 Laren
2011 2316 22 19 to
2052 2311 56 24 have
2126 2310 73 28 made,
2226 2314 39 19 not
2284 2310 51 30 only
2353 2310 43 23 has
2412 2318 29 16 an
2453 2311 44 22 im-

1916 2352 72 16 mense
1999 2345 77 31 public
2087 2343 88 23 benefit
2187 2343 60 23 been
2259 2343 117 23 conferred
2386 2351 61 24 upon
2459 2343 38 24 the

1917 2377 84 32 colony,
2013 2378 41 23 but
2064 2378 38 23 the
2112 2381 134 27 repayment
2257 2376 26 23 of
2292 2376 37 23 the
2337 2377 70 22 entire
2421 2377 76 31 outlay

1917 2411 25 23 of
1952 2411 32 23 the
1998 2411 118 31 Company
2132 2410 41 23 has
2185 2409 59 23 been
2255 2409 127 31 eventually
2394 2410 101 24 secured.

1917 2444 30 23 In
1958 2445 94 23 addition
2062 2449 23 18 to
2098 2443 63 23 these
2173 2444 124 29 important
2309 2442 185 30 considerations,

1916 2477 40 23 the
1966 2478 62 23 value
2039 2478 26 23 of
2079 2476 37 24 the
2142 2476 142 30 Company's"
2304 2477 85 22 section
2413 2481 23 19 at
2459 2476 38 24 the

1917 2510 53 25 Port
1980 2511 50 29 has,
2046 2509 80 25 within
2138 2509 38 23 the
2194 2509 62 22 brief
2273 2517 66 23 space
2351 2509 26 24 of
2393 2509 105 31 eighteen

1915 2545 95 28 months,
2022 2545 56 22 been
2090 2542 117 24 increased
2219 2543 24 21 in
2254 2542 67 24 value
2330 2542 31 31 by
2380 2542 49 24 that
2445 2547 51 19 out-

1915 2576 45 31 lay,
1970 2578 44 23 and
2026 2577 37 24 the
2085 2580 139 26 consequent
2241 2575 172 24 establishment
2424 2580 24 19 at
2459 2576 38 23 the

1916 2610 54 24 New
1980 2611 64 28 Port,
2057 2611 59 23 from
2126 2609 39 23 the
2177 2616 50 15 sum
2241 2608 25 23 of
2281 2609 52 23 80
2369 2608 39 24 the
2425 2609 70 31 origi-

1915 2644 39 23 nal
1964 2645 57 31 price
2033 2643 25 24 of
2073 2642 38 24 the
2123 2642 53 23 land
2187 2642 66 23 order
2288 2646 23 19 to
2323 2642 37 23 the
2366 2643 131 23 immediate

1915 2677 60 24 value
1989 2677 26 23 of
2029 2681 23 19 at
2062 2677 59 23 least
2132 2676 123 27 50,000,
2276 2675 44 23 and
2331 2675 38 23 the
2387 2683 110 24 prospec-

1915 2710 45 23 tive
1969 2710 64 24 value
2045 2711 26 22 of
2085 2709 109 31 probably
2205 2709 52 22 four
2269 2716 26 15 or
2305 2709 44 22 five
2360 2709 67 23 times
2448 2709 49 23 that

1916 2748 96 19 amount.
2046 2743 45 23 We
2109 2747 58 18 state
2179 2741 65 23 these
2260 2742 77 30 things
2353 2742 47 22 less
2410 2742 37 23 for
2458 2742 39 23 the

1916 2784 94 24 purpose
2024 2776 23 24 of
2062 2775 79 32 giving
2153 2783 13 15 a
2178 2775 101 31 striking
2290 2775 103 31 example
2404 2775 24 23 of
2436 2775 63 23 what

1916 2817 41 15 can
1966 2811 25 23 be
2004 2808 95 26 effected
2114 2809 32 30 by
2165 2808 74 23 sound
2250 2808 123 31 judgment
2391 2808 44 23 and
2446 2808 52 24 well

1916 2843 94 24 directed
2019 2843 132 29 enterprise,
2165 2841 55 23 than
2227 2849 25 14 as
2260 2841 112 31 affording
2379 2849 14 15 a
2399 2841 98 24 decisive

1914 2876 119 24 indication
2044 2876 26 23 of
2085 2874 38 24 the
2133 2874 88 32 perfect
2233 2874 128 24 confidence
2373 2876 124 22 entertain-

1915 2909 28 23 ed
1954 2912 24 30 by
1989 2910 64 23 those
2066 2908 125 30 admirably
2203 2907 107 31 qualified
2321 2912 22 19 to
2354 2907 60 24 form
2422 2916 12 15 a
2447 2916 50 15 cor-

1915 2947 47 19 rect
1970 2944 99 31 opinion,
2094 2942 25 23 of
2134 2942 38 22 the
2191 2942 87 22 certain
2296 2941 44 23 and
2355 2941 143 31 triumphant

1914 2977 122 31 prosperity
2048 2976 25 23 of
2088 2975 38 23 the
2138 2975 115 31 province.

1949 3010 47 23 The
2006 3010 117 31 Company
2135 3009 42 22 has
2189 3007 141 24 determined
2347 3011 23 19 to
2391 3007 60 24 close
2466 3008 31 23 its

1915 3043 126 23 connection
2053 3041 55 24 with
2120 3042 39 23 the
2170 3041 72 23 whale
2252 3041 104 23 fisheries
2367 3049 26 15 as
2404 3048 56 16 soon
2472 3049 25 15 as

1914 3076 102 31 possible.
2053 3076 51 24 The
2116 3074 106 24 materiel
2233 3073 24 24 of
2273 3074 38 23 the
2328 3074 66 23 shore
2410 3074 87 31 fishery
2507 3086 4 4 -

1914 3111 20 22 is
1947 3114 19 19 to
1975 3110 28 23 be
2015 3108 106 32 disposed
2133 3108 29 28 of,
2175 3107 45 23 and
2231 3107 39 23 the
2290 3108 94 22 stations
2403 3107 51 23 sold
2473 3115 24 15 or

1914 3143 39 23 let.
1984 3142 87 24 Indeed
2090 3140 45 24 this
2157 3140 87 23 branch
2256 3140 25 23 of
2297 3140 36 23 the
2359 3140 140 31 Company's

1915 3177 121 29 operations
2048 3182 53 22 may
2112 3175 28 22 be
2153 3173 48 23 said
2214 3177 22 19 to
2248 3172 59 24 have
2323 3173 59 23 been
2393 3173 38 24 the
2443 3173 54 31 orly

1914 3209 140 23 unfortunate
2067 3215 49 16 one.
2154 3206 34 24 Its
2199 3206 63 28 land,
2281 3206 73 29 stock,
2373 3207 66 28 wool,
2453 3207 45 23 anol

1914 3242 99 31 banking
2026 3241 127 31 operations
2163 3239 58 23 have
2228 3239 58 24 been
2295 3240 30 22 all
2331 3241 167 30 pre-eminent-

1914 3275 23 31 ly
1951 3275 123 23 successful-
2104 3274 38 23 the
2159 3276 79 19 extent
2256 3273 46 23 and
2320 3273 139 31 importance
2476 3274 24 23 of

1914 3308 39 23 the
1963 3309 70 28 latter,
2046 3306 89 29 indeed,
2157 3314 32 15 we
2206 3311 94 25 suspect
2311 3306 58 24 from
2381 3314 62 16 some
2456 3307 40 23 ob-

1914 3343 120 22 servations
2046 3342 25 22 in
2082 3339 38 24 the
2132 3343 84 27 report,
2229 3347 38 15 are
2276 3339 52 31 only
2340 3338 120 32 beginning
2473 3344 22 19 to

1913 3375 29 23 be
1951 3373 130 25 understood
2088 3373 45 23 and
2140 3372 145 31 appreciated
2291 3373 30 30 by
2328 3372 38 24 the
2379 3372 117 24 directors.

1914 3408 24 23 A
1950 3415 43 17 new
2004 3408 66 31 light,
2094 3406 24 23 in
2137 3406 44 23 this
2200 3410 99 26 respect,
2319 3406 40 23 has
2377 3413 30 16 no
2427 3406 70 23 doubt

1914 3441 60 24 burst
1985 3449 61 23 upon
2058 3440 61 24 them
2133 3447 37 15 ere
2181 3446 60 21 now,
2261 3439 44 23 and
2317 3447 32 15 we
2366 3443 95 19 venture
2474 3443 23 19 to

1914 3474 115 32 anticipate
2041 3473 50 24 that
2102 3472 38 24 the
2153 3472 110 23 immense
2275 3472 84 23 results
2375 3472 59 23 from
2451 3472 45 23 this

1914 3516 75 16 source
2001 3508 73 27 alone,
2086 3506 47 23 will
2146 3505 65 25 make
2224 3506 30 22 its
2273 3505 113 31 energetic
2403 3509 94 27 support

1914 3541 96 31 scarcely
2026 3549 13 15 a
2057 3538 118 25 debatable
2195 3540 114 29 question,
2332 3538 45 23 and
2393 3538 49 23 that
2458 3538 39 23 the

1914 3574 42 24 full
1963 3574 78 31 capital
2053 3573 25 24 of
2094 3572 38 24 the
2146 3572 118 31 Company
2277 3572 45 23 will
2328 3572 28 22 be
2368 3571 129 31 eventually

1914 3608 77 23 turned
2009 3608 55 28 into,
2083 3605 21 23 if
2177 3605 127 30 absolutely
2316 3604 102 23 confined
2429 3608 24 19 to
2470 3612 27 15 so

1908 3641 86 23 certain
2005 3648 14 15 a
2030 3639 96 24 channel
2138 3638 25 23 of
2176 3638 121 31 profitable
2313 3642 85 18 return.

1948 3673 46 24 The
2000 3672 116 31 following
2123 3672 56 23 view
2187 3671 25 24 of
2221 3671 39 22 the
2274 3669 136 31 Company's
2418 3669 76 24 affairs

1913 3707 20 23 is
1957 3706 79 24 offered
2053 3706 35 24 for
2107 3705 39 23 the
2168 3704 146 23 information
2325 3703 25 23 of
2365 3703 37 23 the
2415 3703 79 23 share-

1914 3740 85 23 holders
2011 3740 101 29 residing
2123 3739 24 22 in
2160 3737 38 24 the
2210 3741 96 26 country
2314 3745 6 14 :

2020 3779 87 26 present
2121 3777 89 27 paid-up
2213 3775 94 26 -capital,
2327 3774 43 20 and
2386 3772 108 22 liabilities

1913 3807 48 20 here
1967 3807 25 20 of
2003 3813 63 19 every
2074 3805 61 24 kind,
2154 3803 114 21 amounted
2283 3808 28 14 on
2325 3802 35 19 the
2371 3801 52 20 30th
2433 3801 62 26 April

1913 3834 47 25 last,
1967 3836 23 18 to
1999 3834 67 20 about
2072 3831 112 25 j340,000
2193 3832 45 23 ;*to
2245 3831 55 19 meet
2316 3829 49 24 this,
2382 3834 44 20 you
2440 3829 54 19 have

1916 3861 38 20 168
1961 3867 55 14 acres
2025 3861 23 20 in
2057 3861 37 20 the
2104 3861 56 18 town
2168 3857 40 21 and
2218 3860 49 23 port
2285 3856 25 20 of
2323 3855 100 21 Adelaide
2431 3863 6 16 ;
2455 3856 38 20 134

1914 3895 52 14 acres
1986 3888 50 20 land
2052 3891 22 16 at
2087 3886 36 20 the
2143 3885 51 21 New
2212 3884 62 23 Port;
2289 3883 64 20 about
2372 3883 79 24 34,000
2471 3885 23 18 to

1914 3916 71 24 35,090
1996 3921 57 15 acres
2064 3914 25 21 of
2100 3914 98 23 Country
2207 3911 51 20 land
2267 3912 24 19 in
2300 3910 84 20 various
2394 3911 98 26 superior

1914 3944 89 20 districts
2010 3943 21 20 in
2043 3941 66 22 South
2121 3939 117 24 Australia;
2253 3938 105 21 extensive
2377 3937 129 28 buildings,.

532 49 102 30 THE
651 49 110 33 NEW
780 50 228 32 ZEALAND
1027 51 228 32 GAZETTE
1274 54 100 31 AND
1394 56 324 30 WELLINGTON
1742 56 281 30 SPECTATOR.

813 132 116 24 SOUTH
949 134 211 23 AUSTRALIA.
