2559 4039
68 121 77 22 •tores,
163 118 43 21 and
214 118 63 21 other
291 120 103 25 property
411 119 24 20 in
450 118 37 21 the
504 118 61 21 colon
566 123 26 24 j;
606 118 53 19 with

68 145 66 20 about
153 146 63 24 9,000
225 149 23 17 to
258 146 78 24 10,000
348 146 63 26 sheep
420 146 41 19 and
469 146 75 24 lambs,
565 145 42 21 and
617 145 41 20 900

67 174 24 19 to
103 173 61 23 1,000
173 173 71 23 cattle,
256 174 38 19 &c.
324 173 45 20 The
379 172 58 27 ships
449 173 70 20 Sarah
529 173 43 20 and
580 172 78 20 Eliza-

68 200 57 24 beth,
138 200 90 24 Guiana,
240 199 53 27 (this
301 201 48 25 ship
358 200 39 20 has
407 200 65 20 about
481 199 86 25 £7,000
576 199 26 20 of
609 198 48 27 oil),

67 227 59 20 John
134 226 74 25 Pirie,-
221 228 39 19 Sir
272 227 87 20 Charles
373 227 127 25 McCarthy,
515 228 44 19 and
573 226 86 21 smaller

68 254 62 24 craft,
140 254 52 20 with
202 255 63 20 other
274 254 96 20 valuable
380 256 67 19 assets
453 261 5 17 ;
474 254 111 25 including
592 253 67 20 about

66 280 86 25 j£6,000
163 281 61 21 value
230 282 26 19 of
262 281 36 24 oil,
310 282 63 24 bone,
384 282 43 19 and
432 282 54 19 wool
492 282 85 25 coming
582 280 64 21 home
651 287 6 17 ;

65 308 84 20 besides
159 309 37 19 the
206 315 50 19 very
265 309 59 24 large
333 311 88 18 amount
431 309 25 20 of
467 309 78 26 capital
556 307 101 22 embark-
661 319 1 4 •

66 335 28 20 ed
103 336 24 19 in
136 335 36 20 the
181 334 68 25 bank;
264 335 43 20 and
322 342 53 20 your
391 336 49 20 cash
451 336 42 20 and
501 336 57 24 bills,
576 336 48 22 &c,
635 334 23 20 in

68 362 100 24 London,
177 362 29 19 all
211 362 24 21 of
247 362 70 21 which
324 363 66 25 leave,
400 369 58 20 upon
468 369 13 14 a
487 369 51 20 very
547 362 111 21 moderate

66 389 100 20 estimate
176 389 25 20 of
211 389 38 20 the
258 389 62 21 value
330 390 25 20 of
365 396 55 20 your
437 390 92 20 colonial
545 391 111 25 property,

66 423 13 13 a
89 416 112 26 profitable
211 417 85 26 surplus
307 418 25 19 of
344 417 65 21 about
428 416 98 26 j£70,000
544 422 50 15 over
604 422 54 20 your

66 443 136 21 instalments
212 444 42 20 and

120 506 127 17 DISPATCH
265 507 28 15 IN
311 507 176 16 DISCHARGING
505 506 92 17 CARGO.

101 530 35 25 As
148 539 29 16 an
189 533 104 22 instance
307 533 26 23 of
341 532 38 24 the
390 532 106 24 facilities
507 540 52 15 now
571 530 85 25 afford-

66 563 29 23 ed
106 564 35 24 for
152 564 40 24 the
209 565 120 32 discharge
348 565 25 24 of
388 573 94 23 cargoes
501 570 23 18 at
541 565 39 23 the
599 563 57 25 New

65 596 68 31 Port,
144 605 34 16 we
189 606 54 24 may
255 598 75 24 allude
343 603 22 18 to
376 598 40 24 the
424 598 145 31 discharging
581 598 25 22 of
615 605 42 15 our

65 630 99 24 colonial
181 631 91 31 trading
291 631 111 24 schooner
416 630 155 30 Watermtch,
587 630 67 31 Capt.

64 663 104 24 Talbert.
205 664 59 24 This
280 664 75 24 vessel
372 671 46 16 was
436 668 24 19 at
478 663 37 24 the
538 663 117 24 M'Laren

63 696 86 24 Wharf
161 701 24 19 at
204 699 36 21 six
253 697 88 23 o'clock
358 697 46 24 last
416 697 113 31 Saturday
540 696 114 31 morning,

63 730 43 23 and
120 731 24 22 in
151 735 39 18 ten
202 729 70 24 hours
282 730 70 23 about
363 737 41 16 one
416 730 101 23 hundred
527 730 46 23 and
581 728 74 32 thirty

63 765 52 21 tons
127 770 57 16 were
197 762 82 24 landed
289 764 61 22 from
360 763 43 23 her
413 763 55 23 hold
481 770 28 16 on
521 763 40 23 the
572 762 82 24 wharf.

62 796 57 23 And
131 801 40 18 not
182 796 53 32 only
248 796 53 28 this,
313 797 44 23 but
367 797 84 30 during
463 796 38 23 the
513 804 63 15 same
588 796 66 28 time,

63 829 70 23 about
154 829 52 23 four
229 834 52 19 tons
305 830 26 23 of
350 830 78 23 bricks
430 842 33 3 —
463 830 101 22 outward
587 836 68 23 cargo

62 870 60 15 were
133 862 97 32 shipped
247 871 30 15 on
295 863 72 23 board
383 863 40 23 the
441 862 118 24 schooner.
595 861 59 24 This

62 896 76 22 vessel
155 903 46 15 was
220 896 136 31 discharged
375 896 32 32 by
421 904 13 15 a
452 903 111 24 company
580 894 76 24 which

63 927 42 24 has
122 929 51 31 just
183 929 59 23 been
253 929 96 29 formed,
361 929 73 24 under
446 929 38 24 the
497 937 67 15 name
576 928 26 23 of
616 927 39 24 the

63 962 75 23 South
160 962 137 23 Australian
321 962 114 31 Shipping
458 962 126 31 Company,
603 961 51 23 who

62 995 40 23 the
122 1003 61 15 same
203 995 44 31 day
258 995 49 23 also
327 1000 51 18 sent
389 994 77 32 eighty
479 997 50 21 tons
540 995 28 23 of
582 994 73 30 goods

61 1028 32 31 by
105 1028 55 31 dray
172 1032 23 19 to
206 1028 122 24 Adelaide.
364 1027 52 24 The
428 1027 72 24 whole
512 1035 101 24 expense
631 1027 27 24 of

61 1061 148 30 discharging
233 1062 40 23 the
296 1060 157 29 Waterwitch,
472 1068 47 16 was
541 1062 39 23 £3
601 1063 51 21 10s.

63 1094 66 29 This,
143 1095 26 23 of
178 1102 88 22 course,
279 1094 55 24 does
345 1098 41 19 not
402 1094 92 23 include
505 1094 38 24 the
555 1094 65 24 work
632 1094 25 23 of

60 1127 40 23 the
118 1127 74 24 hands
209 1127 129 31 belonging
355 1132 23 18 to
390 1127 38 24 the
446 1128 81 29 vessel,
545 1136 26 15 or
587 1127 67 24 those

60 1160 121 31 employed
192 1160 31 32 by
232 1161 38 23 the
283 1160 115 32 Shipping
411 1160 126 32 Company.
557 1160 96 30 Where,

60 1201 35 16 we
106 1194 83 24 should
200 1193 48 25 like
260 1198 23 20 to
295 1193 77 30 know,
385 1194 20 24 is
417 1193 38 25 the
466 1193 65 32 place
543 1194 111 24 eastward

60 1227 27 23 of
102 1227 39 24 the
162 1227 70 31 Cape,
245 1227 75 24 which
338 1235 42 16 can
392 1235 50 16 now
454 1227 52 24 beat
517 1235 28 16 us
556 1228 24 23 in
598 1227 55 24 har-

58 1261 59 23 bour
128 1261 207 23 accommodations
343 1260 44 24 and
398 1261 105 23 facilities
512 1260 36 24 for
559 1260 94 32 loading

61 1301 26 16 or
99 1294 155 31 discharging.

261 1362 86 16 FLOUR
363 1362 84 16 MILLS.

92 1387 25 24 It
132 1388 65 30 gives
213 1396 29 15 us
259 1392 66 27 great
337 1388 142 23 satisfaction
491 1392 23 19 to
526 1388 64 23 learn
602 1386 51 25 that

58 1421 45 23 Dr.
119 1421 84 23 Kent's
215 1422 60 23 flour
286 1421 62 23 mills
360 1425 23 19 at
395 1421 37 23 the
444 1421 113 24 Adelaide
569 1420 80 24 Steam

58 1454 88 23 Works
166 1452 115 34 (opposite
300 1454 40 24 the
356 1454 44 23 end
417 1454 25 23 of
461 1452 190 33 Rundle-street)

57 1495 40 16 are
108 1487 80 30 nearly
199 1487 137 32 completed.
373 1487 55 24 Two
439 1488 62 31 pairs
513 1488 27 23 of
559 1486 92 25 French

56 1521 57 23 burr
125 1525 77 19 stones
220 1520 59 24 have
298 1520 90 24 arrived
404 1529 42 23 per
460 1520 60 25 New
536 1519 113 31 Holland,

56 1554 62 24 from
129 1553 101 32 Sydney,
245 1553 44 24 and
301 1562 58 16 were
376 1554 122 31 yesterday
515 1553 102 31 brought
627 1558 24 19 to

56 1587 40 24 the
107 1588 69 28 mills,
190 1587 82 29 where,
285 1588 25 23 in
322 1587 39 24 the
373 1595 80 16 course
464 1588 27 23 of
504 1595 15 16 a
529 1588 44 23 few
585 1587 64 31 days,

56 1620 55 31 they
122 1621 47 23 will
178 1620 30 24 be
220 1620 88 32 placed.
345 1621 52 23 The
415 1621 73 23 whole
499 1621 51 24 mill
564 1620 47 24 will
622 1621 29 23 be

56 1654 71 31 ready
140 1659 23 18 to
175 1661 131 16 commence
319 1655 129 30 operations
463 1662 26 15 as
506 1662 56 16 soon
574 1661 26 16 as
612 1654 39 23 the

56 1694 54 25 crop
127 1688 21 23 is
166 1687 119 30 gathered.
329 1687 66 24 With
414 1696 13 15 a
444 1687 114 32 liberality
576 1687 75 23 which

55 1728 95 16 ensures
162 1728 100 22 success,
275 1720 46 24 and
333 1721 165 31 distinguishes
510 1721 40 24 the
561 1728 55 17 man
628 1721 26 23 of

54 1753 109 25 business
173 1754 61 24 from
246 1755 38 23 the
300 1762 62 16 mere
380 1755 114 30 grasping
512 1753 137 33 speculator,

55 1787 20 24 it
86 1788 20 22 is
119 1795 41 16 our
172 1787 56 32 duty
239 1792 24 19 to
274 1787 81 24 record
366 1787 39 24 the
417 1787 46 24 fact
471 1788 50 23 that
528 1788 45 23 Dr.
585 1787 66 24 Kent

54 1821 93 23 intends
160 1825 23 19 to
201 1821 159 23 manufacture
378 1821 40 23 the
435 1821 75 24 wheat
528 1826 24 19 at
570 1828 14 16 a
601 1825 50 19 rate

54 1853 76 24 which
140 1854 48 23 will
199 1854 66 24 allow
275 1854 49 24 him
337 1863 13 14 a
361 1855 116 23 moderate
482 1855 70 31 profit
562 1854 89 32 merely

53 1895 29 15 on
94 1887 39 23 the
143 1887 76 32 heavy
229 1888 150 31 expenditure
388 1887 29 25 he
423 1887 42 24 has
474 1887 106 25 incurred
580 1900 34 5 —
614 1896 35 16 we

52 1920 96 30 believe,
160 1920 20 25 if
184 1921 109 31 possible,
306 1926 41 19 not
354 1926 22 19 to
385 1922 85 23 exceed
479 1922 63 23 three
552 1920 98 32 shilings

51 1962 43 23 per
111 1954 89 24 bushel.
249 1954 31 24 In
299 1955 53 24 Van
374 1954 122 24 Dieman's
518 1953 69 25 Land
608 1955 40 23 the

54 1987 98 31 charges
164 1995 104 24 average,
280 1995 35 17 we
327 1987 75 31 think,
416 1988 70 23 about
497 1993 43 19 two
550 1987 99 32 shiliugs

53 2020 46 24 and
108 2028 30 16 an
149 2020 124 24 additional
285 2021 98 31 shilling
397 2022 55 22 here
463 2022 73 23 under
555 2021 31 24 all
604 2022 45 22 cir-

49 2058 157 24 .cumstances,
236 2055 21 22 is
278 2062 14 15 a
314 2059 60 18 most
396 2055 133 23 reasonable
553 2053 94 31 charge.

54 2086 52 24 The
119 2087 109 23 colonists
241 2087 46 24 this
299 2095 82 16 season
392 2087 47 23 will
449 2087 58 25 have
526 2087 40 24 the
583 2087 66 32 plea-

54 2127 53 16 sure
119 2121 120 31 generally
248 2120 26 24 of
295 2122 80 30 eating
386 2121 70 23 bread
466 2121 60 24 from
538 2121 76 23 wheat
625 2121 26 23 of

53 2154 61 22 their
126 2161 48 16 own
185 2155 113 30 growing,
312 2154 45 24 and
363 2162 34 16 we
404 2154 47 24 hail
458 2154 38 24 the
505 2162 143 16 commence-

51 2191 66 20 ment
128 2187 25 24 of
168 2187 39 24 the
225 2188 170 30 independence
414 2195 30 16 on
462 2188 65 23 other
547 2187 102 24 colonies

52 2220 37 24 for
101 2220 38 24 the
151 2221 56 23 staff
216 2221 26 23 of
255 2221 41 23 life
307 2221 55 24 with
373 2221 100 32 feelings
489 2222 26 23 of
528 2221 120 32 gratitude

54 2254 55 31 only
120 2254 65 23 short
196 2254 26 24 of
237 2254 66 25 those
315 2254 75 24 which
400 2254 75 24 would
486 2254 28 25 be
524 2254 125 25 awakened

51 2288 33 31 by
95 2287 39 24 the
146 2288 83 24 advent
241 2288 25 24 of
286 2288 38 24 the
336 2289 178 30 representative
524 2288 124 33 principle,

52 2321 47 23 and
122 2321 25 24 of
170 2321 103 31 political
295 2322 170 32 independance
489 2322 24 24 of
540 2331 14 15 a
570 2329 78 23 power

49 2354 164 32 irresponsible
225 2355 45 23 and
286 2355 71 24 above
373 2355 33 24 all
420 2355 102 32 salutary
542 2355 46 25 and
599 2355 49 24 safe

52 2388 84 24 contol.

1926 695 221 25 WHOLESALE
2175 698 127 25 PRICES
2335 695 175 32 CURRENT.

1945 3453 40 18 The
1995 3454 49 17 New
2055 3454 99 18 Zealand
2164 3456 94 17 Gazette
2269 3457 43 20 will,
2322 3457 30 17 for
2362 3458 32 16 the
2405 3460 80 19 present,
2496 3459 21 17 bo

1923 3474 97 21 published
2026 3476 74 21 weekly,
2107 3481 55 16 every
2168 3478 90 20 Saturday
2265 3478 92 22 morning.
2378 3479 24 17 So
2406 3484 45 13 soon
2458 3485 21 12 as
2483 3480 15 17 it
2502 3480 14 16 U

1924 3496 110 21 sufficiently
2039 3498 104 20 supported,
2152 3498 16 16 it
2174 3498 39 17 will
2223 3499 22 16 be
2251 3498 64 18 issued
2321 3500 132 21 semi-weekly.
2473 3501 44 17 Sub-

1922 3517 63 20 joined
1992 3521 29 13 are
2028 3518 32 17 the
2067 3519 57 16 terms
2128 3524 5 11 :
2134 3526 22 5 —

1945 3538 63 17 Price
2016 3543 25 13 of
2047 3543 41 13 the
2095 3540 99 17 Paper.—
2193 3540 55 21 Forty
2254 3540 85 22 shillings
2345 3546 33 17 per
2387 3547 78 16 annum,
2475 3547 42 17 pay-

1923 3559 41 16 able
1970 3559 20 17 in
1997 3560 78 17 advance
2081 3566 5 14 ;
2097 3565 20 12 or
2124 3565 35 12 one
2165 3561 77 21 shilling
2248 3562 29 16 for
2283 3562 59 21 single
2349 3565 93 16 numbers.

1945 3580 190 18 Advertisements.
2135 3590 20 4 —
2156 3582 34 17 Six
2199 3582 48 17 lines
2258 3584 37 16 and
2305 3584 65 20 under,
2381 3585 27 16 3s.
2416 3585 30 17 6d.
2451 3585 28 17 for
2485 3584 30 17 the

1923 3601 41 17 first
1975 3601 93 21 insertion,
2080 3603 37 16 and
2128 3607 34 12 one
2173 3603 77 22 shilling
2255 3605 29 16 for
2291 3605 45 17 each
2342 3606 113 20 subsequent
2460 3606 56 17 inser-

1924 3622 39 17 tion
1968 3627 5 15 ;
1984 3623 48 16 from
2038 3624 30 16 six
2074 3625 19 16 to
2100 3625 31 16 ten
2139 3624 53 21 lines,
2201 3625 34 17 five
2243 3625 86 22 shillings
2340 3626 29 17 for
2379 3627 32 16 the
2422 3627 45 19 first,
2479 3626 35 17 and

1924 3647 35 13 one
1969 3644 76 21 shilling
2055 3645 36 17 and
2102 3645 87 21 sixpence
2199 3646 30 17 for
2238 3647 45 16 each
2295 3648 112 20 subsequent
2417 3648 87 17 insertion
2509 3652 5 14 ;

1924 3665 56 16 above
1991 3666 31 16 ten
2032 3665 54 21 lines,
2096 3666 37 17 five
2144 3667 85 21 shillings
2239 3667 30 18 for
2277 3667 33 18 ths
2321 3668 40 18 first
2371 3670 32 15 ten
2414 3669 53 19 lines,
2479 3668 35 17 and

1923 3685 98 21 fourpence
2027 3691 33 16 per
2065 3686 38 18 line
2108 3688 30 16 for
2145 3688 31 17 the
2183 3693 65 13 excess
2255 3689 21 17 of
2283 3689 41 16 that
2331 3690 87 20 number;
2429 3690 37 17 and
2472 3692 42 15 two-

1923 3711 57 17 pence
1987 3712 32 16 per
2025 3707 38 18 line
2069 3709 28 16 for
2103 3709 46 17 each
2155 3710 115 21 subsequent
2275 3710 96 18 insertion.

1945 3728 156 19 Advertisements
2107 3730 40 17 will
2152 3732 33 15 not
2192 3735 67 17 appear
2268 3731 21 16 in
2300 3732 31 16 the
2343 3732 79 20 ensuing
2432 3732 81 18 number,

1924 3749 16 16 if
1948 3749 83 17 received
2037 3750 47 18 later
2090 3751 46 17 than
2147 3752 71 21 Friday,
2230 3753 21 16 10
2263 3752 73 20 o'clock,
2347 3757 43 13 a.m.
2411 3752 103 18 Advertise-

1924 3773 61 14 ments
1991 3771 37 17 will
2035 3772 22 16 be
2064 3772 100 17 continued
2170 3773 36 18 and
2213 3773 80 21 charged
2296 3773 49 17 until
2348 3773 164 19 counter-ordered;

1924 3792 47 16 such
1977 3792 51 17 order
2035 3795 51 15 must
2091 3794 23 16 be
2122 3795 40 15 sent
2169 3795 19 16 to
2196 3794 31 17 the
2231 3794 57 18 Office
2294 3794 52 17 three
2353 3795 44 21 days
2404 3794 61 18 before
2471 3794 43 21 pub-

1924 3812 80 21 lication,
2012 3814 36 17 and
2055 3817 51 14 must
2112 3815 23 16 be
2142 3815 20 17 in
2169 3815 80 21 writing.

1945 3834 31 16 All
1982 3835 67 19 orders,
2061 3836 158 20 advertisements,
2230 3836 37 17 and
2278 3836 165 17 communications
2455 3838 18 15 to
2484 3836 29 16 the

1924 3855 70 21 Editor,
2001 3860 30 12 are
2037 3857 98 21 requested
2141 3859 18 15 to
2166 3858 22 16 be
2195 3857 99 17 addressed
2300 3859 19 15 to
2326 3857 37 17 this
2370 3858 62 16 Office.

1925 3907 75 18 Printed
2004 3908 36 17 and
2044 3909 98 20 published
2148 3913 54 17 every
2209 3909 88 21 Saturday
2304 3909 90 21 morning,
2402 3909 23 20 by
2433 3909 80 17 Samuel

1947 3928 88 20 Revaks,
2046 3931 20 15 at
2077 3930 30 17 the
2120 3930 55 17 Office
2186 3930 21 17 of
2218 3930 32 16 the
2262 3930 49 17 New
2317 3930 99 17 Zealand
2423 3930 89 17 Gazettjc

1947 3954 41 12 and
1995 3951 136 17 Wellington
2139 3952 121 17 Sfectator,
2268 3951 154 22 Taranaki-placc,
2432 3950 80 20 Welling-

1945 3972 38 19 ton,
1993 3972 42 17 Port
2042 3972 105 21 Nicholson,
2156 3972 46 18 New
2209 3972 87 17 Zealand.

85 3890 188 25 Hospitality.
275 3903 36 4 —
336 3890 72 24 Come
417 3891 25 23 in
450 3895 39 20 out
496 3890 26 24 of
532 3891 38 24 the

49 3933 28 16 as
87 3924 39 24 the
139 3923 72 25 shark
224 3924 51 24 said
286 3928 23 19 to
322 3924 38 25 the
375 3932 78 24 young
471 3925 88 31 nigger,
580 3924 65 24 when

49 3959 31 25 he
93 3958 54 24 took
160 3957 49 25 him
221 3958 47 24 into
280 3958 37 23 his
329 3958 134 30 victualling
475 3959 72 24 office.

87 2446 58 24 The
158 2453 59 18 way
230 2455 31 15 to
273 2455 89 17 break
374 2455 77 16 down
464 2455 17 16 a
493 2449 92 23 Press.
587 2461 35 4 —
623 2448 25 24 It

51 2479 43 24 has
105 2479 60 24 been
172 2481 76 31 justly
255 2481 50 23 said
317 2481 49 24 that
377 2489 30 16 an
418 2481 153 32 independent
581 2489 67 25 press

49 2517 63 20 tests
124 2521 30 15 on
166 2521 13 15 a
196 2514 79 24 firmer
293 2514 62 24 basis
373 2514 36 24 for
426 2520 96 27 support
534 2515 56 24 than
603 2523 44 16 one

51 2547 27 23 of
87 2555 14 15 a
113 2551 106 27 contrary
230 2547 117 24 character
355 2557 6 20 ;
382 2548 44 24 and
438 2549 18 23 it
467 2548 42 25 has
519 2550 61 23 been
590 2557 56 23 sup-

51 2580 72 31 posed
134 2580 98 24 difficult
242 2585 23 19 to
284 2581 71 24 break
378 2581 65 25 down
463 2582 58 24 such
540 2591 14 15 a
569 2590 76 23 press.

52 2613 77 24 There
141 2615 21 22 is
173 2623 15 15 a
198 2622 51 24 way
260 2615 26 23 in
296 2615 75 24 which
381 2616 19 23 it
411 2623 42 16 can
460 2616 29 23 be
500 2616 67 28 done,
580 2615 64 24 how-

53 2655 62 17 ever.
150 2647 57 25 And
223 2648 60 29 how,
296 2648 54 24 does
362 2648 38 24 the
418 2649 80 25 reader
510 2648 76 30 think,
599 2649 47 24 this

51 2681 65 23 work
127 2689 43 16 can
181 2681 29 24 be
221 2682 169 32 accomplished
397 2683 10 24 ?
425 2683 38 31 By
474 2683 38 24 the
524 2682 83 32 telling
619 2684 27 23 of

51 2714 33 23 all
95 2719 60 19 sorts
167 2714 25 24 of
207 2715 44 24 lies
270 2716 139 31 concerning
420 2717 18 23 it
455 2717 46 24 and
512 2717 31 23 its
554 2716 74 24 editor
635 2717 10 25 ?

51 2747 48 25 No.
135 2749 38 30 By
192 2749 86 24 threats
287 2750 9 23 ?
315 2750 47 23 No.
398 2750 38 31 By
447 2752 97 30 getting,
557 2758 14 16 a
582 2750 64 24 hire-

51 2781 50 31 ling
119 2782 36 24 for
172 2781 41 25 the
231 2783 87 31 special
340 2791 100 24 purpose
464 2784 27 24 of
510 2784 94 31 writing
628 2785 19 23 it

51 2815 66 24 down
125 2816 9 23 ?
153 2815 47 25 No.
237 2816 38 31 By
287 2816 41 24 the
345 2817 143 24 misconduct
505 2818 26 23 of
546 2818 98 31 unprin-

51 2849 75 31 cipled
143 2849 103 31 political
261 2851 169 30 postmasters?
449 2851 47 25 No.
532 2851 49 25 But
599 2851 47 24 this

50 2883 22 22 is
95 2882 39 24 the
153 2888 87 19 secret:
241 2896 34 4 —
275 2883 49 24 Let
341 2892 14 15 a
372 2883 65 33 large
453 2886 97 23 number
574 2884 27 25 of
615 2886 31 23 its

50 2916 144 24 subscribers
213 2917 111 23 conclude
341 2917 51 24 that
411 2918 96 24 because
525 2919 40 24 the
579 2919 66 23 busi-

50 2957 56 16 ness
118 2951 20 22 is
150 2950 68 32 good,
230 2950 39 24 the
288 2950 73 24 editor
372 2951 20 24 is
404 2956 40 19 not
461 2952 26 23 in
495 2957 62 19 want
568 2952 26 23 of
602 2952 41 24 the

49 2982 61 24 little
121 2991 65 16 sums
197 2983 56 32 they
263 2984 113 32 severally
387 2992 47 17 owe
442 2994 7 21 ;
468 2985 32 25 let
510 2986 37 24 his
558 2985 88 24 friends

47 3016 130 31 habitually
195 3017 68 32 delay
280 3017 40 24 the
337 3018 123 25 fulfilment
472 3020 24 23 of
513 3019 60 24 their
587 3027 57 24 pro-

50 3051 72 23 mises
141 3050 47 24 and
199 3055 114 21 contracts
332 3051 56 25 with
406 3052 38 24 the
456 3053 80 30 editor,
549 3053 46 24 and
606 3053 40 23 the

50 3088 62 19 most
129 3091 139 25 prosperous
287 3085 175 25 establishment
481 3087 24 23 in
522 3087 39 23 the
573 3086 73 24 world

49 3121 64 20 must
124 3126 64 16 come
200 3118 67 24 down
276 3123 24 19 at
311 3119 53 24 last.
366 3132 34 4 —
400 3119 102 32 Raleigh
514 3119 129 25 Standard.

86 3151 54 24 Dan
153 3151 112 32 Callagan
275 3160 47 16 was
335 3161 24 15 so
366 3153 94 31 pleased
472 3154 54 23 with
534 3154 39 23 the
585 3150 69 27 little'

48 3184 104 31 juvenile
162 3186 165 24 reminiscence
334 3186 75 25 which
415 3194 33 16 we
454 3195 58 23 gave
517 3188 48 23 last
570 3187 74 30 week,

51 3218 52 23 that
113 3218 28 24 he
154 3218 41 24 has
207 3219 110 24 favoured
327 3228 28 15 us
376 3220 55 24 with
442 3229 14 15 a
474 3229 55 24 very
548 3220 97 32 compli-

51 3255 107 27 mentary
176 3251 76 30 letter,
280 3252 127 25 forwarded
425 3262 27 15 us
471 3254 39 24 the
527 3253 119 32 following

50 3285 82 31 simple
140 3285 116 30 anecdote,
268 3286 32 31 by
307 3295 50 20 way
364 3287 26 23 of
399 3296 14 14 a
418 3288 113 30 pendant:
533 3300 34 5 —
567 3287 79 24 When

49 3318 31 24 he
91 3326 47 16 was
151 3327 13 15 a
185 3326 101 24 gorsoon
305 3324 23 20 at
346 3320 39 24 the
432 3321 52 24 Red
601 3321 44 24 and

50 3352 72 24 that's
133 3352 57 31 long
209 3361 51 23 ago,
273 3361 25 16 as
311 3353 39 24 the
360 3361 89 17 woman
465 3356 40 23 tell
521 3356 63 28 Dan,
606 3355 40 23 the

49 3385 87 30 Priest,
150 3393 25 18 as
186 3386 76 30 usual,
280 3386 101 32 dropped
392 3389 24 22 in
427 3392 22 20 to
468 3389 58 24 have
538 3388 36 24 his
585 3388 59 23 horn

50 3419 27 24 of
90 3419 66 25 malt.
192 3419 56 24 Dan
258 3419 132 33 happening
402 3426 21 19 to
431 3422 69 32 bring
510 3422 38 24 the
556 3422 88 31 punch,

49 3452 41 24 the
103 3453 77 25 Padre
190 3453 59 29 said,
388 3455 63 29 Dan,
469 3464 47 23 you
527 3455 63 29 divil,
613 3455 33 24 let

49 3494 38 17 me
100 3486 116 25 catechize
223 3494 67 24 yces;
308 3488 52 24 how
366 3495 69 25 many
449 3488 197 25 commandments

49 3528 40 16 are
108 3521 73 29 there,
327 3521 52 24 The
401 3522 65 34 pride
479 3523 24 24 of
518 3523 39 23 the
581 3522 65 24 Cork

49 3553 118 30 Porkites,
188 3554 40 23 the
239 3561 52 17 now
301 3554 127 25 illustrious
444 3556 90 33 Greasy
557 3556 87 31 Chops,

51 3587 118 25 answered
206 3587 57 24 with
303 3589 144 31 astonishing
481 3589 163 34 promptitude,

167 3629 43 25 yer
559 3623 88 32 replied

49 3655 40 26 the
103 3655 85 28 Priest,
324 3655 75 31 again,
421 3664 46 23 you

51 3689 106 24 "Nine's
168 3688 40 24 the
219 3688 99 25 number
416 3689 51 24 said
475 3690 63 25 Dan.-

49 3723 58 24 rah!
126 3723 62 23 what
200 3722 28 25 do
240 3730 45 24 you
305 3730 67 16 mane
390 3722 30 32 by
540 3730 54 24 says
606 3723 40 24 the

51 3756 87 25 Priest.
275 3756 52 24 said
338 3755 39 24 the
388 3756 166 32 riprisintation
566 3757 26 23 of
607 3757 39 23 the

49 3789 114 24 beautiful
176 3790 62 32 City,
275 3789 13 24 I
301 3798 67 16 mane
381 3796 56 21 now,
456 3789 70 25 becoz
543 3797 39 23 my
594 3798 52 16 mo-

51 3824 52 25 ther
114 3823 109 24 touldme
235 3824 14 23 I
260 3823 74 25 broke
339 3831 44 16 one
390 3823 26 24 of
425 3823 62 24 them

51 3857 52 25 The
115 3857 45 31 boy
171 3857 47 24 will
228 3857 29 24 be
269 3856 39 24 the
321 3857 68 24 death
401 3857 26 24 of
440 3864 37 17 us.

534 35 101 31 THE
653 35 111 32 NEW
785 36 230 32 ZEALAND
1034 36 224 32 GAZETTE
1277 36 101 31 AND
1397 36 329 33 WELLINGTON
1751 39 295 30 SPECTATOR.

1998 735 130 15 CORRECTED
2145 736 27 14 OP
2187 736 29 15 TO
2230 737 86 15 FRIDAY
2330 738 110 15 EVENING.

1934 773 5 3 .
2007 773 11 8 x
2042 773 7 8 ,
2265 757 18 17 J8
2305 762 14 12 8.
2345 758 18 16 d.
2417 759 18 17 £
2457 764 16 12 I.
2498 760 19 16 d.

1927 773 63 22 Ale:
2006 773 29 22 In
2045 774 74 28 bottle,
2134 776 115 27 perdoz..
2267 780 15 20 0
2296 780 27 20 12
2350 780 14 20 6
2381 794 18 6 ..
2418 782 15 19 0
2447 781 28 21 14
2501 783 15 19 0

2007 800 101 28 Taylor's
2265 805 13 22 7
2306 807 14 20 0
2346 806 51 21 0..
2416 807 14 21 7
2458 809 14 19 0
2498 809 15 20 0

1927 827 111 22 Arrack:
2054 828 43 22 Per
2105 830 76 25 gallon
2270 834 14 20 0
2311 834 13 19 3
2352 834 13 20 6
2383 848 17 6 ..
2419 835 15 20 0
2461 835 14 20 0
2502 839 15 19 0

1925 853 80 22 Bread
2014 861 4 14 :
2035 854 42 23 Per
2085 856 44 22 21b.
2143 856 49 23 loaf
2205 861 79 20 ....0
2311 861 13 20 0
2351 861 82 21 9..0
2461 863 14 20 0
2502 864 15 20 0

1925 880 74 23 Beef:
2015 880 76 30 Fresh,
2110 891 89 15 carcase
2216 892 38 20 per

2042 908 23 22 lb
2266 915 14 19 0
2308 915 14 19 0
2348 915 15 19 9
2379 928 19 7 ..
2416 917 15 19 0
2459 917 14 19 0
2500 918 14 19 0

1925 934 94 23 Butter
2025 943 6 14 :
2047 936 64 28 Irish,
2122 944 41 20 per
2170 938 30 22 lb.
2232 953 6 6 .
2245 953 6 6 .
2270 941 14 20 0
2312 941 9 20 1
2352 941 13 20 9
2382 955 6 7 .
2395 955 5 7 .
2419 943 16 20 0
2462 943 13 21 2
2503 945 15 19 0

2046 962 69 24 Fresh
2270 969 14 19 0
2310 969 13 20 3
2351 969 14 21 6
2383 983 17 7 ..
2419 971 15 20 0
2461 972 14 20 0
2502 973 15 19 0

1925 989 110 23 Brandy:
2051 990 58 23 First
2115 992 92 28 quality,
2216 1000 40 20 per

2073 1018 76 27 gallon
2268 1023 14 20 0
2310 1023 13 20 9
2351 1023 82 22 0..0
2448 1025 27 21 12
2502 1027 15 19 0

1925 1044 86 22 Brown
2030 1044 74 23 Stout
2111 1053 5 14 :
2141 1045 113 23 Trueman
2264 1055 6 4 •

2162 1073 45 21 and
2215 1074 37 21 Co.
2268 1076 14 20 6
2297 1075 25 21 15
2350 1077 14 20 0
2381 1091 18 6 ..
2419 1077 14 22 7
2461 1080 12 20 0
2501 1081 15 19 0

1926 1098 99 22 Cigars:
2037 1097 102 29 Manilla,
2148 1106 40 20 per
2193 1101 63 26 1000,
2269 1103 55 20 310
2352 1104 48 20 0..
2419 1105 16 21 4
2461 1107 14 19 0
2503 1108 14 19 0

2034 1124 97 23 Inferior
2268 1129 14 20 2
2310 1131 14 19 0
2351 1131 48 19 0..
2419 1133 14 19 0
2461 1133 13 20 0
2502 1134 15 20 0

2036 1151 135 29 Havannah,
2176 1161 41 20 per
2223 1154 30 22 lb.
2268 1156 14 20 0
2297 1156 27 20 14
2351 1157 13 21 0
2381 1171 18 7 ..
2419 1159 14 21 0
2461 1161 13 19 0
2502 1161 15 19 0

2035 1178 125 23 Chinsurah
2269 1183 14 20 2
2298 1183 26 21 10
2352 1185 48 20 0..
2419 1186 15 20 0
2461 1187 14 19 0
2502 1188 15 19 0

2034 1205 155 23 Alexandrian
2202 1210 120 21 ....110
2350 1212 83 20 0..0
2460 1214 14 20 0
2501 1215 15 19 0

1926 1233 88 22 Coffee
2021 1241 5 14 :
2037 1233 64 28 Java,
2111 1242 41 19 per
2160 1235 23 21 lb
2268 1239 14 19 0
2311 1239 9 19 1
2350 1239 14 20 0
2381 1253 6 5 .
2395 1253 4 5 .
2419 1240 14 20 0
2463 1241 9 19 1
2502 1242 14 19 3

1926 1260 90 22 Cheese
2023 1268 6 14 :
2044 1260 106 23 Cheshire
2268 1266 14 19 0
2310 1266 10 20 1
2350 1265 14 21 3
2382 1280 6 5 .
2395 1279 5 6 .
2419 1267 14 20 0
2463 1267 54 21 110

2043 1287 55 22 Pine
2108 1288 74 28 Apple
2268 1293 15 19 0
2311 1293 10 19 1
2350 1293 84 21 4..0
2461 1295 13 19 2
2502 1295 15 20 0

2042 1314 76 22 Dutch
2268 1320 15 20 0
2311 1319 9 20 1
2351 1320 14 20 0
2381 1333 18 7 ..
2419 1321 14 20 0
2462 1321 10 21 1
2501 1322 15 20 3

1926 1341 105 22 Candles
2038 1348 6 14 :
2051 1341 94 27 English
2152 1349 57 21 wax,
2216 1350 40 20 per

2068 1368 23 21 lb
2268 1373 14 20 0
2310 1373 55 21 210
2381 1387 6 6 .
2394 1387 5 6 .
2419 1375 15 19 0
2461 1375 13 20 3
2503 1376 14 20 0

2056 1394 82 23 Mould
2268 1401 14 19 0
2310 1400 10 20 1
2351 1401 48 19 0..
2419 1402 14 20 0
2462 1402 10 20 1
2502 1402 14 20 4

2056 1422 56 28 Dips
2266 1427 15 20 0
2308 1428 14 20 0
2336 1427 61 21 10..
2418 1429 14 20 0
2461 1429 10 20 1
2501 1430 14 20 0

1926 1448 92 22 Flour:
2028 1449 33 21 Ist
2066 1449 93 28 quality,
2171 1458 41 20 per
2216 1454 39 19 ton

2049 1475 31 22 of
2084 1478 56 20 2000
2149 1477 34 23 lbs
2252 1479 28 22 30
2308 1481 13 21 0
2348 1481 14 21 0
2380 1482 51 21 ..35
2460 1483 13 20 0
2501 1484 14 20 0

2024 1502 47 22 2nd
2080 1503 56 23 ditto
2254 1507 30 21 26
2310 1509 13 19 0
2350 1509 14 20 0
2381 1522 18 6 ..
2419 1510 14 19 0
2461 1510 14 20 0
2502 1511 14 20 0

1927 1528 60 23 Gin:
2007 1529 53 21 Pale
2268 1535 14 20 0
2309 1535 13 19 5
2350 1536 14 20 6
2381 1549 19 6 ..
2418 1537 15 19 0
2461 1536 12 21 9
2501 1539 14 19 0

2008 1556 62 27 Case,
2084 1559 13 19 3
2111 1557 88 27 gallons
2208 1560 45 21 4-5.
2268 1562 55 20 018
2351 1563 13 20 0
2381 1576 6 6 .
2394 1576 6 6 .
2420 1563 11 20 1
2462 1563 10 21 1
2502 1566 14 19 0

1926 1582 83 22 Hams:
2024 1583 129 28 Yorkshire,
2167 1586 86 27 perlb.
2269 1589 15 19 0
2310 1590 14 19 0
2339 1589 26 21 10
2382 1603 19 6 ..
2419 1591 15 20 0
2463 1590 9 21 1
2503 1592 14 20 0

1925 1609 116 23 Mustard
2048 1618 5 13 :
2069 1611 42 22 Per
2120 1611 71 23 dozen
2205 1616 76 20 ....1
2310 1616 13 20 8
2352 1618 83 19 0..0
2462 1618 14 20 0
2503 1619 14 20 0

1926 1636 102 22 Mutton
2035 1645 5 14 :
2061 1637 94 23 Carcase
2164 1647 41 20 per
2214 1640 23 22 lb
2247 1656 5 6 .
2268 1643 14 20 0
2310 1644 13 19 0
2351 1644 13 19 9
2382 1657 5 6 .
2394 1657 6 6 .
2419 1644 14 21 0
2463 1645 9 20 1
2503 1647 14 19 0

1925 1663 124 23 Muskets:
2064 1664 94 23 Walnut
2164 1667 92 22 stocked
2269 1670 56 20 014
2352 1672 13 19 0
2383 1684 18 6 ..
2421 1671 11 20 1
2462 1672 13 20 8
2503 1674 14 19 0

1925 1691 79 22 Milk:
2019 1691 44 22 Per
2068 1693 50 26 pint
2268 1697 14 20 0
2309 1698 14 19 0
2350 1698 15 20 4
2382 1711 18 6 ..
2419 1699 14 20 0
2461 1700 14 19 0
2504 1700 13 19 0

1925 1718 44 22 Oil
1977 1726 6 14 :
1998 1718 103 29 Linseed,
2111 1728 42 19 per
2160 1721 77 26 gallon
2246 1724 36 20 .0
2309 1724 13 20 6
2351 1725 13 20 0
2382 1738 6 6 .
2394 1738 6 6 .
2419 1726 14 19 0
2461 1726 14 19 8
2502 1727 15 20 6

2000 1745 77 27 Black,
2081 1747 23 21 in
2110 1747 174 28 cask,perton2o
2311 1752 13 19 0
2352 1752 13 20 0
2383 1765 17 6 ..
2419 1753 15 20 0
2502 1754 15 19 0

1925 1772 77 22 Pork:
2016 1773 76 27 Fresh,
2111 1781 89 15 carcase
2216 1782 40 21 per

2042 1799 22 21 lb
2267 1805 15 20 0
2309 1806 13 19 0
2350 1806 13 20 3
2381 1819 19 6 ..
2418 1807 14 19 0
2460 1807 13 20 0
2501 1808 14 19 0

1925 1826 78 21 Pork:
2018 1826 66 27 Irish,
2094 1835 42 18 per
2144 1827 74 23 barrel
2230 1844 18 6 ..
2267 1831 14 20 5
2309 1832 13 20 0
2350 1833 14 20 0
2382 1846 17 6 ..
2418 1834 15 19 0
2461 1834 13 20 0
2503 1835 13 19 0

1925 1852 131 23 Potatoes:
2077 1855 57 21 New
2147 1855 107 28 Zealand,

2100 1888 41 20 per
2150 1885 37 18 ton
2203 1897 44 6 ....
2266 1885 14 20 5
2308 1886 14 20 0
2350 1887 14 20 0
2381 1900 18 6 ..
2419 1885 13 22 7
2447 1888 26 20 10
2501 1889 14 19 0

1926 1907 92 21 Porter
2028 1914 5 14 :
2063 1907 102 29 Dunbar,
2176 1910 24 21 in
2209 1910 45 21 b6t.

2092 1935 92 27 perdoz
2268 1940 14 19 0
2296 1940 27 19 12
2350 1941 14 20 0
2382 1954 18 6 ..
2418 1942 15 19 0
2448 1942 27 20 14
2502 1943 14 19 0

1925 1960 99 22 Pickles
2034 1968 6 14 :
2071 1961 115 29 Assorted,
2216 1971 42 20 per

2097 1989 58 26 doz.,
2179 1994 77 23 quarts
2271 1993 11 20 1
2310 1994 14 20 8
2352 1995 13 20 0
2383 2008 19 6 ..
2421 1996 11 19 1
2449 1996 27 20 16
2503 1996 14 20 0

1925 2013 73 22 Pitch
2011 2022 5 13 :
2049 2015 137 28 Stockholm,
2216 2025 40 19 per

2074 2041 72 21 barrel
2271 2046 10 19 1
2299 2045 26 20 10
2352 2047 13 20 0
2383 2060 19 6 ..
2434 2047 15 20 2
2463 2048 13 19 0
2503 2048 14 19 0

1926 2066 80 22 Plank
2013 2074 6 14 :
2047 2066 53 22 Port
2123 2067 132 30 Nicholson,

2074 2101 39 20 per
2122 2096 41 20 100
2172 2096 46 21 feet
2232 2111 17 6 ..
2269 2100 15 19 0
2298 2099 26 20 18
2352 2101 13 20 0
2383 2113 18 6 ..
2421 2100 10 20 1
2449 2102 26 19 10
2503 2102 14 19 0

2047 2120 120 29 Hokianga
2269 2126 14 20 ?
2310 2126 12 20 5
2352 2128 81 19 0..2
2450 2128 25 21 10
2503 2130 14 18 0

1925 2146 71 23 Rice:
2008 2147 107 23 Common
2126 2153 94 24 percwt.
2233 2166 18 5 ..
2270 2154 15 19 0
2298 2154 28 19 14
2352 2155 14 19 0
2383 2168 18 5 ..
2420 2155 15 20 2
2462 2156 14 19 0
2503 2156 14 19 0

2007 2175 66 21 Good
2269 2180 11 21 1
2308 2181 16 20 4
2351 2182 13 20 0
2382 2195 18 6 ..
2419 2182 11 20 1
2448 2183 26 20 10
2502 2184 14 19 0

1925 2201 55 21 Rum
1988 2209 5 14 :
2009 2201 25 22 P.
2044 2202 26 22 B.
2082 2203 32 26 P.,
2131 2203 55 29 duty
2199 2205 55 27 free,

2033 2236 40 19 per
2080 2230 77 27 gallon
2269 2235 15 19 0
2310 2234 14 20 5
2352 2236 49 19 6..
2420 2236 15 21 0
2449 2236 27 21 13
2504 2237 13 20 0

1925 2255 87 22 Sugar:
2029 2254 119 25 Mauritius
2158 2265 40 20 per
2205 2263 49 18 cwt.
2268 2262 15 20 2
2310 2262 14 20 0
2351 2264 14 19 0
2382 2276 18 6 ..
2419 2263 14 20 2
2449 2264 26 19 10
2503 2265 14 19 0

2033 2283 80 22 Brown
2268 2290 14 19 0
2309 2290 14 19 0
2350 2291 50 20 0..
2420 2290 53 21 115
2502 2291 13 20 0

2033 2310 98 23 Refined
2146 2312 52 28 loaf,
2216 2321 41 19 per

2059 2337 23 22 lb
2268 2343 15 20 0
2309 2343 15 20 0
2351 2344 13 19 8
2382 2357 18 6 ..
2419 2344 16 20 0
2461 2345 14 19 0
2503 2345 14 19 9

2033 2364 98 23 Manilla
2270 2370 10 20 1
2297 2370 25 21 13
2351 2371 13 20 0
2383 2384 5 7 .
2395 2384 6 6 .
2421 2371 11 20 1
2450 2371 25 21 18
2503 2372 14 20 0

1925 2391 59 21 Salt
1992 2398 6 14 :
2013 2391 127 29 Liverpool,
2151 2401 40 19 per
2201 2398 38 18 ton
2247 2411 7 6 .
2269 2397 14 20 6
2310 2398 14 19 0
2352 2398 13 20 0
2383 2411 5 6 .
2395 2411 7 6 .
2420 2398 14 20 8
2461 2399 14 20 0
2503 2399 14 20 0

1925 2418 60 21 Soap
1993 2425 6 14 :
2026 2418 103 23 Hawes's
2151 2420 104 29 London,

2051 2453 40 18 per
2097 2450 40 19 ton
2253 2450 29 21 42
2308 2451 15 20 0
2350 2452 14 20 0
2381 2451 53 21 ..50
2461 2453 14 20 0
2503 2453 14 20 0

1925 2471 91 23 Starch
2024 2480 5 14 :
2044 2472 44 23 Per
2096 2473 22 22 lb
2271 2478 14 20 0
2313 2478 10 20 1
2353 2479 13 20 9
2384 2492 5 6 .
2397 2492 5 6 .
2421 2479 14 20 0
2463 2479 13 21 2
2504 2481 13 19 0

1925 2498 143 23 Scantling:
2084 2500 44 23 Per
2135 2503 39 21 100
2183 2502 68 23 feet..
2271 2505 14 20 0
2300 2505 25 21 18
2353 2507 14 19 0
2385 2519 18 7 ..
2423 2506 10 20 1
2463 2506 13 20 5
2505 2508 14 19 0

1925 2525 127 23 Shingles:
2068 2527 43 23 Per
2118 2530 55 22 1000
2272 2532 10 20 1
2299 2532 26 21 10
2352 2534 14 20 0
2384 2547 18 5 ..
2421 2533 14 21 2
2463 2535 14 19 0
2504 2535 14 19 0

1924 2552 63 23 Tar:
2003 2554 55 21 Coal
2271 2559 10 21 1
2299 2559 25 21 15
2352 2561 15 20 o
2384 2573 18 7 ..
2422 2559 23 22 0*
2463 2562 14 20 0
2505 2562 14 20 0

2007 2581 129 24 Stockholm
2273 2587 53 20 110
2354 2588 49 20 0..
2422 2587 14 21 2
2464 2589 14 20 0
2505 2589 14 20 0

1925 2607 62 23 Tea:
2005 2608 88 28 Hyson,
2103 2617 42 21 per
2153 2611 64 22 chest
2233 2614 52 20 ..8
2312 2615 14 19 0
2353 2615 14 20 0
2384 2615 50 21 ..11
2452 2615 23 21 11
2505 2617 14 19 0

1924 2635 118 23 Tobacco:
2057 2636 143 29 Negrohead,
2217 2646 41 20 per

2082 2664 24 22 lb
2272 2668 13 20 0
2313 2667 11 21 1
2353 2669 14 20 0
2385 2681 5 7 .
2397 2682 6 6 .
2422 2669 15 20 0
2465 2670 10 20 1
2505 2669 14 21 3

1924 2690 165 22 Turpentine:
2104 2692 44 21 Per
2153 2692 99 27 gallon..
2272 2695 13 20 0
2312 2695 13 20 8
2353 2697 14 19 6
2385 2709 19 6 ..
2423 2697 14 20 0
2464 2697 15 21 0
2506 2698 13 19 0

1925 2716 161 24 Whalebone:
2103 2719 44 21 Per
2155 2723 39 18 ton
2205 2722 80 20 ....90
2312 2723 13 19 0
2352 2723 15 21 0
2384 2723 67 21 ..100
2463 2725 15 20 0
2505 2725 14 19 0

1924 2743 83 23 Wine:
2023 2744 88 29 Sherry,
2122 2753 40 20 per
2170 2747 52 27 pipe
2233 2761 18 7 ..
2256 2749 28 20 28
2312 2750 13 20 0
2353 2751 14 19 0
2385 2751 52 20 ..40
2463 2752 15 20 0
2505 2752 14 20 0

2033 2772 71 27 Ditto,
2120 2780 40 20 per
2174 2773 80 23 dozen.
2272 2777 10 20 1
2310 2776 15 21 4
2353 2778 14 20 0
2384 2790 18 7 ..
2421 2777 14 21 2
2463 2779 15 20 0
2505 2779 14 20 0

1925 2826 122 22 Poultry:
2062 2826 81 28 Fowls,
2149 2834 40 21 per
2195 2829 50 27 pair
2251 2845 6 6 .
2272 2831 14 21 0
2300 2831 27 20 10
2354 2832 15 20 0
2385 2845 19 5 ..
2423 2832 14 20 0
2464 2832 14 21 0
2506 2833 13 20 0

2061 2853 85 29 Ducks,
2157 2855 56 23 ditto
2233 2871 5 5 .
2246 2871 6 5 .
2271 2857 54 21 015
2354 2859 14 20 0
2385 2872 5 6 .
2398 2871 6 7 .
2423 2859 14 20 0
2464 2860 15 19 0
2506 2860 13 19 0

2063 2881 80 28 Geese,
2155 2881 56 24 ditto
2233 2898 5 6 .
2246 2897 6 7 .
2271 2884 54 22 015
2354 2886 13 20 0
2385 2899 5 5 .
2397 2899 6 6 .
2423 2886 14 20 0
2464 2887 14 20 0
2506 2888 13 19 0

2060 2908 103 29 Turkeys
2272 2918 59 15 none
2341 2911 24 22 in
2375 2911 38 22 the
2424 2912 95 22 market.

2062 2935 103 29 Pigrc-ons,
2177 2937 79 28 (wild,)

2087 2970 42 21 per
2138 2965 48 26 pair
2208 2966 79 20 ....0
2313 2966 14 20 3
2355 2967 84 21 0..0
2465 2968 14 20 0
2506 2968 14 20 0

2061 2990 85 28 Ducks,
2155 2991 35 22 do.
2202 2992 12 21 d
2214 2992 26 21 0..0.
2248 2994 39 19 .0
2313 2993 14 20 5
2355 2994 14 20 0
2386 3007 19 6 ..
2423 2995 22 20 0-
2465 2996 14 19 0
2506 2995 14 20 0

1925 3016 63 23 Eggs
1996 3024 4 15 :
2016 3017 43 22 Per
2070 3017 72 22 dozen
2273 3020 14 21 0
2314 3021 14 20 6
2355 3022 50 19 0..
2424 3022 14 20 0
2465 3022 14 21 0
2506 3022 13 20 0

1925 3070 77 22 Cows:
2017 3070 72 23 Milch
2258 3075 28 20 20
2313 3075 14 20 0
2354 3076 15 19 0
2385 3076 52 21 ..30
2464 3076 15 21 0
2505 3077 14 20 0

1924 3097 97 23 Mares:
2037 3098 74 22 Brood
2255 3101 29 21 50
2310 3102 14 20 0
2352 3103 14 20 0
2383 3103 53 20 ..90
2463 3104 14 21 0
2505 3104 13 20 0

1924 3123 117 23 Working
2057 3125 134 23 Bullocks:
2214 3126 44 22 Per

1950 3151 50 27 pair
2257 3154 28 22 50
2312 3156 15 20 0
2353 3156 15 21 0
2385 3156 53 21 ..60
2464 3158 15 21 0
2507 3156 14 21 0

1924 3178 64 22 Hire
2000 3186 26 14 of
2037 3186 66 14 ditto
2111 3187 6 13 :
2134 3179 43 23 Per
2183 3180 52 28 day,
2244 3187 14 16 a

1950 3208 61 19 team
2021 3205 46 22 and
2073 3205 75 23 driver
2272 3209 11 21 1
2299 3210 28 21 10
2353 3211 15 20 0
2385 3224 6 6 .
2398 3224 6 7 .
2423 3210 14 21 2
2463 3212 15 21 0

1925 3232 87 22 Sheep:
2028 3232 62 22 Each
2269 3236 14 21 2
2310 3238 15 19 0
2352 3238 15 21 0
2383 3250 20 7 ..
2422 3238 14 21 2
2461 3238 16 21 5

1924 3259 64 22 Boat
1999 3259 74 22 Hire:
2088 3260 43 22 Per
2137 3260 50 34 day,
2193 3261 65 22 with-

2115 3292 41 18 out
2164 3288 73 23 hands
2248 3292 36 20 .0
2299 3291 27 22 10
2353 3294 14 20 0
2384 3306 6 7 .
2397 3306 7 7 .
2424 3292 10 21 1
2463 3294 15 20 0

1924 3340 88 23 Wages
2018 3348 6 15 :
2052 3340 141 31 Mechanics,
2218 3351 43 21 per

2077 3369 176 24 week........
2272 3372 13 21 2
2301 3373 27 21 14
2354 3374 15 20 0
2385 3387 20 7 ..
2423 3374 14 20 3
2465 3375 14 20 6

2061 3395 127 25 Labourers
2206 3412 46 7 ....
2272 3400 10 21 1
2299 3400 27 21 10
2353 3402 15 20 0
2384 3415 7 6 .
2398 3415 6 7 .
2423 3401 14 21 2
2464 3402 14 20 2

1924 120 72 21 TKE
2023 121 95 21 BOPS'
2140 122 132 22 COFFEE
2297 124 55 21 and
2376 125 139 22 EATING

2159 148 123 23 KOUSE.

1928 179 33 49 S
1994 180 175 23 MARSHALL
2182 181 55 28 begs
2253 182 66 23 leave
2337 186 23 19 to
2377 184 85 23 inform
2480 184 35 23 his

1967 217 11 11 •
2008 207 84 22 friends
2101 208 47 21 and
2157 208 38 22 the
2203 208 78 28 public
2289 209 25 22 in
2323 210 99 27 general,
2429 210 51 23 that
2486 212 29 21 he

1926 233 40 21 has
1975 233 87 28 opened
2071 233 38 23 the
2118 235 71 21 above
2198 235 77 28 house,
2284 236 45 22 and
2335 236 69 28 hopes
2413 238 31 26 by
2453 238 62 21 strict

1926 260 110 22 attention
2046 263 23 19 to
2079 268 109 21 economy
2198 261 46 22 and
2252 262 93 28 quality,
2362 262 50 23 that
2427 264 29 21 he
2472 264 43 22 will

1926 287 87 21 receive
2022 294 14 14 a
2045 287 64 22 share
2119 287 28 22 of
2157 288 58 22 their
2224 292 99 24 support.

1952 318 51 22 Hot
2012 319 70 27 joints
2093 321 70 27 ready
2175 321 59 23 from
2249 323 26 21 12
2285 322 34 22 till
2327 324 22 21 2.
2378 323 56 22 Cold
2445 323 70 27 joints

1926 345 83 27 always
2018 346 75 27 ready.

2128 391 69 22 FOR
2213 393 98 26 SALE,

1927 422 74 48 AN
2016 423 184 24 EXCELLENT
2215 425 162 24 CANTEEN:
2398 428 75 22 would
2488 429 27 22 be

2006 449 73 22 useful
2088 453 22 19 to
2119 457 46 21 any
2175 459 43 14 one
2229 459 177 22 accompanying
2416 454 38 22 the
2465 456 50 21 Sur-

1928 482 85 20 veyors.
2042 476 98 28 Enquire
2151 481 22 18 at
2182 478 39 22 the
2257 480 97 22 Gazette
2390 481 79 22 Office.

2151 523 141 23 NOTICE.

1927 553 97 49 ANY
2040 562 81 20 person
2138 555 100 24 desirous
2254 558 28 21 of
2298 558 102 28 building
2417 567 30 14 on
2462 560 53 23 land

2006 581 115 28 adjoining
2129 582 39 22 the
2177 586 68 24 town,
2263 592 42 15 can
2315 593 93 20 procure
2417 586 56 23 land
2481 588 34 21 for

1928 607 37 21 the
1975 614 94 22 purpose
2076 609 47 22 free
2133 609 27 22 of
2169 614 58 24 rent,
2243 610 30 28 by
2289 612 107 28 applying
2404 616 24 19 to
2439 613 76 24 James

1928 633 68 28 Watt,
2008 633 52 28 Esq.

1303 118 195 20 BARRETT'S
1512 118 125 26 HOTEL,
1648 119 248 22 WELLINGTON.

1305 149 172 48 UHUNT
1502 151 54 27 begs
1565 153 24 19 to
1598 157 120 16 announce
1728 155 23 17 to
1767 151 35 22 his
1811 152 86 22 friends

1364 187 11 10 •
1406 177 45 21 and
1462 177 39 21 the
1510 177 83 28 public,
1612 177 50 22 that
1670 177 30 22 he
1714 178 41 22 has
1771 178 127 23 succeeded

1305 202 45 22 Mr.
1361 203 28 21 R.
1400 202 90 22 Barrett
1499 203 24 21 in
1533 204 37 21 the
1581 203 71 23 above
1662 204 179 26 establishment,
1852 205 45 22 and

1305 232 67 19 trusts
1382 228 48 22 that
1440 230 30 26 by
1481 230 109 21 attention
1600 233 23 18 lo
1633 238 77 14 secure
1720 238 13 14 a
1744 231 78 21 liberal
1832 231 65 23 share

1305 255 27 21 of
1342 258 92 25 support
1443 257 59 20 from
1512 256 63 23 those
1582 256 50 22 who
1640 264 53 20 may
1700 257 80 22 favour
1787 257 48 23 him
1844 258 54 23 with

1305 282 59 21 their
1373 285 129 24 patronage.

1333 308 85 26 Wines,
1438 309 82 28 spirits,
1538 309 42 27 ale,
1591 309 47 22 and
1646 312 82 25 porter,
1749 310 27 22 of
1792 310 39 22 the
1848 311 50 22 best

1305 334 110 28 qualities.

1333 362 38 21 An
1382 360 106 29 ordinary
1498 364 23 19 at
1530 363 13 20 2
1553 361 87 23 o'clock
1655 362 68 27 daily.
1763 363 56 23 Cold
1830 363 68 22 colla-

1305 387 59 22 tions
1374 387 83 27 always
1470 388 78 33 ready.
1577 388 79 23 Public
1673 389 93 22 dinners
1782 390 115 27 provided.

1334 414 65 22 Good
1412 414 63 27 beds,
1491 415 57 21 and*
1552 416 85 27 private
1654 419 139 24 apartments
1810 417 36 21 for
1859 417 39 22 the

1305 447 39 15 use
1355 440 26 23 of
1391 441 105 22 families.

1334 466 146 29 Wellington,
1491 468 54 22 Feb.
1557 470 33 26 19,
1602 470 62 21 1841.

1327 520 194 23 BARRETT'S
1535 523 116 21 KOTEL
1665 523 77 21 AND
1757 524 120 26 STORE,

1512 555 179 24 TARANAKI.

1305 588 178 48 RICHARD
1497 590 146 22 BARRETT
1657 590 56 28 begs
1727 594 23 19 to
1764 591 84 23 inform
1860 591 38 23 the

1383 614 141 24 inhabitants
1537 617 25 21 of
1577 617 55 21 Port
1646 617 134 28 Nicholson,
1797 618 48 22 and
1861 618 37 22 the

1304 640 118 29 adjoining
1430 642 151 29 Settlements,
1592 643 49 23 that
1650 643 29 22 he
1693 644 91 22 intends
1800 645 100 27 opening

1304 674 31 15 on
1343 668 39 21 the
1392 670 35 19 Ist
1436 669 26 21 of
1474 670 81 22 March
1563 674 64 23 next,
1641 670 40 22 the
1690 671 72 22 above
1772 671 72 23 Hotel
1853 671 45 23 and

1305 694 99 23 General
1414 696 71 26 Store,
1496 696 53 22 with
1558 704 15 14 a
1582 697 162 23 well-selected
1759 697 46 23 and
1821 698 77 22 choice

1304 720 65 23 stock
1387 720 26 23 of
1429 722 76 28 wines,
1528 723 81 28 spirits,
1628 724 36 22 ale
1687 725 46 21 and
1751 727 83 25 porter,
1853 725 47 23 and

1303 748 92 26 general
1405 753 136 18 assortment
1547 750 26 22 of
1577 751 71 26 goods
1657 751 96 22 suitable
1760 751 36 21 for
1802 751 94 28 settlers,

1304 777 24 18 at
1336 782 55 20 very
1399 775 116 23 moderate
1530 777 86 27 prices;
1634 777 46 22 and
1695 781 68 19 trusts
1777 779 31 26 by
1825 781 73 19 atten-

1303 801 49 22 tion
1370 805 23 18 to
1412 801 38 22 the
1469 804 153 22 convenience
1641 804 47 22 and
1705 805 96 21 comfort
1817 805 27 23 of
1864 805 34 23 his

1303 831 75 23 guests
1389 831 22 18 to
1422 829 67 22 merit
1498 836 14 15 a
1521 830 64 22 share
1596 831 26 21 of
1633 831 58 21 their
1700 831 82 23 favors.

1331 854 58 23 N.B.
1389 866 28 4 —
1419 855 67 22 Good
1507 856 54 22 beds
1585 857 46 22 and
1649 859 195 22 accommodation
1863 859 35 23 for

1303 881 122 28 travellers,
1436 882 47 22 and
1491 883 86 27 private
1587 887 137 24 apartments
1735 885 36 21 for
1780 885 103 23 families.

1303 936 52 48 A
1370 936 108 22 LARGE
1491 944 81 27 roomy
1587 937 134 23 substantial
1737 939 79 22 Warre
1832 943 23 19 to
1869 940 28 22 be

1382 962 33 22 let
1421 963 31 28 by
1461 963 39 22 the
1510 960 69 31 week,
1590 965 88 27 month,
1688 972 25 15 or
1718 973 62 22 year.
1795 966 45 22 For
1847 974 51 20 par-

1303 989 98 27 ticulars,
1421 990 68 28 apply
1507 993 23 20 to
1550 991 44 22 Mr.
1612 992 35 22 W.
1666 991 31 23 H.
1717 991 137 30 Bottomley,
1874 997 24 19 at

1303 1015 36 23 W.
1351 1016 28 22 V.
1390 1016 97 29 Brewer,
1498 1018 60 28 Esq.,
1570 1019 201 23 barrister-at-law.

1304 1071 68 48 TO
1387 1071 39 21 BE
1441 1072 87 28 SOLD,
1540 1080 24 14 or
1575 1073 134 28 exchanged
1717 1075 36 21 for
1762 1082 82 21 mares,
1854 1083 43 15 one

1378 1098 45 27 bay
1441 1098 73 27 horse,
1531 1101 127 21 warranted
1677 1101 39 23 the
1732 1102 51 22 best
1801 1102 97 27 draught

1303 1123 66 23 horse
1378 1124 25 22 in
1413 1124 37 23 the
1461 1125 93 28 Colony,
1565 1127 47 21 and
1621 1135 44 14 one
1674 1135 56 20 grey
1740 1128 73 22 horse.

1330 1151 33 22 To
1373 1151 28 22 be
1411 1152 54 27 sold,
1479 1160 24 14 or
1514 1153 133 28 exchanged
1656 1155 35 21 for
1702 1162 64 20 cows,
1774 1157 14 19 5
1796 1156 102 27 superior

1305 1178 101 27 working
1414 1179 110 23 bullocks.

1653 1207 22 22 J.
1692 1207 24 23 C.
1732 1208 137 22 Crawford.

1490 1261 214 22 WANGANUI.

1303 1285 30 23 T
1360 1286 81 22 AND
1470 1287 195 23 AGENCIES.—
1665 1289 49 23 The
1737 1290 161 28 Undersigned

1302 1310 48 24 A-J
1380 1313 83 28 having
1473 1314 43 22 last
1525 1315 80 21 month
1616 1317 121 21 examined
1752 1317 38 22 the
1800 1318 98 23 sections

1303 1339 68 22 about
1390 1343 23 18 to
1432 1341 28 22 be
1480 1341 81 23 chosen
1582 1346 24 18 at
1625 1343 129 28 Wanganui
1771 1345 25 21 in
1816 1345 81 22 March

1303 1370 61 23 next,
1376 1366 65 24 offers
1451 1368 35 22 his
1496 1369 96 21 services
1603 1376 24 16 as
1643 1371 78 27 Agent
1737 1371 71 28 there,
1829 1372 69 27 being

1303 1393 102 22 aboutto
1415 1395 97 26 proceed
1523 1400 55 18 next
1587 1397 70 28 week,
1677 1398 50 27 (per
1743 1399 39 21 the
1822 1399 76 22 Eliza-

1401 1428 24 14 as
1435 1430 14 14 a
1458 1422 99 22 resident
1566 1423 84 22 settler.
1681 1424 87 23 Letters
1776 1425 122 23 addressed

1302 1450 24 18 to
1335 1447 38 22 the
1385 1455 50 15 care
1444 1449 27 21 of
1482 1449 92 23 Messrs.
1585 1450 128 29 Ridgways,
1732 1452 102 28 Guyton,
1852 1453 46 22 and

1303 1473 67 29 Earp,
1381 1475 45 22 will
1436 1476 27 22 be
1474 1476 133 23 forwarded.

1702 1505 64 22 John
1782 1506 86 23 Nixon.

1330 1527 147 30 Wellington,
1489 1529 115 30 February
1614 1533 34 26 12,
1659 1533 62 21 1841.

1302 1582 145 48 LAND
1472 1584 261 24 AGENCIES.—
1733 1587 41 22 TO
1797 1588 101 22 LAND-

1378 1609 185 24 HOLDERS.—
1562 1612 49 21 The
1630 1613 158 28 Undersigned
1807 1615 45 27 beg
1874 1618 23 19 to

1302 1635 55 23 offer
1366 1636 136 23 themselves
1510 1641 24 19 to
1543 1639 60 22 their
1611 1640 86 22 friends
1707 1641 46 22 and
1766 1642 39 21 the
1821 1642 76 28 public

1302 1670 24 14 as
1335 1663 88 26 Agents
1432 1665 36 21 for
1477 1665 39 22 the
1525 1666 97 28 disposal
1630 1668 26 21 of
1662 1668 71 23 Town
1742 1670 46 21 and
1796 1670 102 29 Country

1301 1690 83 28 Lands,
1396 1692 45 21 and
1451 1696 58 19 trust
1518 1694 58 21 their
1585 1695 98 22 colonial
1695 1697 135 27 experience
1844 1706 53 20 may

1301 1717 79 23 entitle
1390 1717 62 24 them
1461 1723 24 18 to
1495 1727 14 14 a
1520 1721 65 22 share
1595 1723 27 21 of
1632 1723 38 22 the
1680 1725 76 26 public
1764 1730 132 24 patronage.

1328 1746 64 26 They
1402 1746 46 21 will
1456 1746 28 22 be
1493 1746 76 30 happy
1578 1752 24 19 to
1611 1757 95 21 arrange
1719 1753 36 20 for
1764 1753 46 21 and
1820 1761 78 20 super-

1300 1773 80 20 intend
1390 1773 38 21 the
1437 1781 94 20 surveys
1538 1776 45 21 and
1589 1777 162 23 sub-divisions
1758 1779 27 21 of
1791 1780 38 22 the
1834 1781 61 22 land.

1302 1799 89 22 Liberal
1402 1799 112 23 advances
1523 1802 45 21 will
1581 1802 29 22 be
1625 1804 66 22 made
1703 1813 28 13 on
1741 1806 67 22 lands
1817 1807 81 26 placed

1299 1832 25 14 in
1335 1826 57 21 their
1402 1826 73 23 hands
1481 1828 35 21 for
1523 1828 54 23 sale.
1606 1830 64 28 They
1678 1832 45 21 will
1730 1832 48 22 also
1784 1833 29 22 be
1822 1835 75 26 happy

1300 1855 24 18 to
1334 1853 66 22 assist
1409 1855 137 27 proprietors
1554 1856 24 21 in
1588 1856 89 29 leasing
1686 1858 59 22 their
1754 1859 73 23 lands.

1557 1883 86 23 JOHN
1653 1885 46 22 and
1710 1886 72 22 GEO.
1792 1887 104 24 WADE.

1329 1907 147 28 Wellington,
1488 1908 50 23 Oct.
1549 1911 20 26 7,
1580 1912 63 22 1840.

1302 1961 88 49 FOR
1415 1962 86 28 SALE,
1522 1972 13 14 a
1553 1966 105 28 quantity
1676 1967 26 21 of
1723 1967 77 23 Water
1819 1969 76 28 Casks,

1375 1990 79 27 nearly
1465 1998 56 15 new.
1550 1992 78 28 Apply
1639 1997 23 18 to

1474 2018 134 27 Ridgways,
1621 2020 105 27 Guyton,
1738 2021 47 21 and
1795 2023 72 21 Earp.

1390 2070 191 30 BRADFIELD,
1608 2075 93 21 Saddler
1724 2075 47 22 and
1793 2077 104 23 Harness

1302 2096 66 23 ±\f
1401 2098 87 22 Maker.
1517 2100 94 27 Repairs
1624 2102 78 27 neatly
1716 2103 67 22 done.
1813 2104 84 22 Orders

1302 2124 104 22 received
1416 2129 23 18 at
1450 2126 128 23 Marshall's
1589 2128 165 24 Coffee-house.

1406 2180 106 21 TOWN
1527 2182 114 22 ACRES
1656 2184 44 20 TO
1714 2185 76 21 LET.

1302 2206 181 48 NUMBERS
1494 2215 30 15 on
1534 2209 37 22 the
1582 2209 244 29 Surveyor-General's
1836 2221 60 19 map,

1441 2236 43 20 510
1591 2237 43 22 263
1745 2242 28 19 98

1328 2268 44 22 For
1380 2270 132 26 particulars
1523 2271 66 28 apply
1600 2275 22 19 to
1632 2273 108 29 Wallace,
1752 2274 84 28 White,
1851 2277 46 22 and

1301 2296 107 23 Wallace.

1328 2322 155 30 Welliington,
1495 2324 52 23 Jan.
1557 2328 21 26 6,
1590 2328 62 21 1841.

1302 2379 67 48 TO
1385 2379 38 22 BE
1439 2380 66 28 LET,
1522 2388 29 14 on
1562 2381 109 28 Building
1681 2383 89 28 Leases,
1787 2385 26 22 in
1831 2385 66 23 allot-

1363 2409 80 25 ments,
1454 2407 71 23 Town
1537 2409 78 27 Acres,
1624 2409 110 28 N05.480,
1745 2411 48 26 373,
1804 2413 91 28 78,676,

1300 2432 45 23 and
1354 2433 48 23 677.
1441 2434 45 22 For
1494 2435 140 28 particulars,
1645 2437 68 27 apply
1723 2441 24 18 to
1756 2438 38 22 the
1806 2439 89 22 Under-

1300 2460 85 28 signed,
1406 2467 24 15 or
1443 2464 24 19 to
1479 2458 91 26 Messrs.
1585 2462 62 22 John
1658 2465 46 21 and
1714 2465 90 27 George
1815 2466 79 29 Wade,

1300 2490 24 18 at
1332 2487 75 22 whose
1418 2488 72 22 Office
1500 2488 38 23 the
1549 2489 69 23 Plans
1627 2490 30 22 lie
1668 2491 35 21 for
1711 2491 136 28 inspection.

1650 2517 23 23 J.
1690 2518 24 22 C.
1730 2519 137 23 Crawford.

1301 2569 92 49 THE
1415 2569 160 29 Undersigned
1592 2571 58 23 have
1669 2573 71 23 Town
1759 2575 73 24 Acres
1851 2578 47 21 and

1375 2597 101 27 portions
1497 2599 26 21 of
1539 2606 64 15 acres
1618 2603 24 19 to
1657 2600 33 22 let
1703 2601 23 22 in
1747 2602 31 22 all
1792 2607 63 24 parts
1874 2606 27 21 of

1300 2623 146 28 Wellington.
1460 2624 50 23 The
1519 2629 69 19 terms
1595 2627 46 22 will
1644 2627 30 22 be
1679 2628 69 27 given
1755 2637 62 21 upon
1826 2632 71 26 appli-

1300 2651 83 22 cation.

1512 2679 133 24 HANSON
1655 2682 47 23 and
1711 2683 157 25 ALZDORF.

1327 2705 87 28 Petoni,
1426 2706 62 29 Sept.
1498 2707 34 28 29,
1544 2709 61 20 1840.

1405 2762 107 21 TOWN
1526 2764 115 22 ACRES
1655 2766 45 20 TO
1715 2767 77 25 LET,

1299 2788 183 49 NUMBERS
1497 2797 29 15 on
1535 2790 38 23 the
1582 2792 245 28 Surveyor-General's
1835 2803 61 19 map,

1436 2818 41 20 199
1571 2820 44 21 470
1710 2822 42 21 288

1437 2845 41 21 168
1573 2846 43 21 559
1711 2849 43 21 314

1437 2872 41 21 156
1523 2888 3 3 .
1575 2874 41 21 196
1712 2877 42 21 310

1435 2900 43 21 423
1573 2902 43 21 306
1711 2903 43 21 424

1449 2926 28 22 47
1573 2929 42 20 305
1712 2929 41 23 723

1434 2954 41 21 561
1573 2956 42 22 167
1711 2958 41 20 343

1326 2978 54 23 And
1390 2987 72 21 many
1470 2980 75 23 others
1554 2981 25 22 in
1588 2981 39 23 the
1637 2985 61 19 most
1711 2983 112 24 desirable
1836 2988 62 25 parts

1299 3005 26 22 of
1336 3006 37 22 the
1383 3010 68 19 town.
1481 3007 46 23 For
1535 3009 135 27 particulars
1684 3011 68 28 apply
1762 3014 23 19 to

1326 3060 19 8 „
1704 3038 22 22 J.
1737 3038 37 22 W.
1784 3039 84 23 Child.

1326 3060 88 28 Petoni,
1425 3061 60 22 Nov.
1496 3063 34 27 30,
1542 3063 62 22 1840.

1504 3117 70 21 FOR
1587 3118 101 26 SALE,

1300 3142 167 50 SEVERAL
1485 3143 71 23 Town
1571 3145 47 22 and
1634 3145 103 30 Country
1755 3147 102 23 Sections
1874 3149 26 21 of

1364 3169 74 23 Land.
1467 3170 78 29 Apply
1554 3174 24 19 to

1620 3199 96 23 Robert
1726 3201 28 21 R.
1766 3201 101 23 Strang.

1391 3251 107 23 TOWN
1512 3253 96 22 ACRE
1623 3255 71 21 FOR
1709 3256 97 21 SALE.

1298 3278 167 50 NUMBER
1479 3286 30 15 on
1519 3280 38 22 the
1577 3281 245 28 Surveyor-General's
1839 3283 57 22 Plan

1380 3305 28 22 of
1426 3305 39 23 the
1484 3310 67 23 town,
1571 3309 49 22 658.
1649 3308 66 23 Price
1733 3311 43 20 300
1793 3310 102 27 guineas.

1327 3332 77 29 Apply
1414 3336 23 19 at
1448 3333 38 23 the
1497 3333 104 24 Durham
1611 3336 77 22 Arms.

1298 3387 176 23 BUILDING
1493 3389 239 23 ALLOTMENTS
1755 3392 46 21 TO
1820 3392 76 21 LET.

1300 3421 92 36 qpHE
1410 3422 205 24 ADVERTISER
1629 3424 67 22 offers
1710 3432 63 20 upon
1789 3425 109 28 Building

1307 3446 29 25 X
1374 3448 91 28 Leases,
1477 3457 14 14 a
1500 3450 97 22 number
1606 3451 28 22 of
1643 3451 71 23 Town
1723 3452 140 23 Allotments
1872 3453 24 22 in

1298 3475 38 22 the
1345 3479 61 19 most
1415 3476 116 23 desirable,
1535 3481 62 24 parts
1606 3479 27 21 of
1643 3479 45 21 this
1698 3479 143 23 Settlement.

1325 3503 49 21 The
1393 3504 112 22 attention
1523 3504 25 22 of
1565 3504 39 22 the
1621 3505 77 28 public
1714 3507 20 21 is
1750 3506 148 29 particularly

1300 3530 71 22 called
1390 3533 23 18 to
1433 3530 39 22 the
1491 3531 126 27 advantage
1636 3533 28 21 of
1680 3533 109 28 Building
1805 3534 90 27 Leases,

1298 3557 74 22 which
1382 3557 38 23 the
1429 3558 154 27 undersigned
1592 3559 19 22 is
1622 3559 97 23 enabled
1728 3564 23 18 to
1761 3564 75 24 grant,
1843 3561 52 28 viz.,

1299 3584 58 22 from
1366 3592 70 15 seven
1446 3589 24 17 to
1486 3588 141 25 twenty-one
1643 3594 74 21 years,
1735 3588 123 28 according
1873 3591 24 19 to

1300 3611 37 23 the
1356 3611 66 23 value
1441 3612 27 22 of
1488 3611 38 24 the
1549 3612 117 29 buildings
1686 3615 113 28 proposed
1822 3618 22 19 to
1867 3615 30 23 be

1300 3639 97 22 erected.

1546 3667 26 22 F.
1588 3667 30 23 A.
1634 3667 233 24 MOLESWORTH.

1355 3718 93 22 OTICE
1472 3718 28 22 IS
1524 3718 109 23 HERBY
1658 3719 109 28 GIVEN,
1785 3719 51 23 that
1858 3720 39 23 the

1382 3752 87 21 agency
1479 3745 26 22 of
1516 3745 29 23 all
1556 3745 66 23 lands
1632 3745 74 23 which
1717 3747 11 21 I
1739 3746 58 23 have
1808 3747 89 23 hereto-

1300 3772 47 22 fore
1352 3772 60 27 held,
1425 3773 19 21 is
1451 3780 51 14 now
1510 3773 138 23 transferred
1655 3777 23 18 to
1691 3774 22 22 J.
1721 3774 26 22 T.
1758 3773 137 30 Wicksteed,

1300 3799 53 28 Esq.

1634 3827 100 24 Dudley
1749 3829 120 23 Sinclair.

1327 3854 103 29 January
1439 3853 35 28 27,
1486 3855 60 21 1841.

1302 3909 88 49 FOR
1408 3909 87 26 SALE,
1516 3917 14 15 a
1547 3909 66 23 small
1630 3910 105 27 quantity
1752 3911 27 21 of
1796 3911 102 26 superior

1374 3936 79 23 SEED
1469 3936 124 23 WHEAT.
1623 3937 76 28 Apply
1717 3941 23 19 to
1759 3937 44 24 Mr.
1820 3940 77 21 James

1303 3963 66 27 Watt,
1380 3963 146 28 Wellington.

687 117 233 22 AUSTRALIAN
936 118 157 25 TAVERN,
1107 118 21 20 &
1143 118 131 21 COFFEE

921 144 128 21 ROOMS.

852 177 58 15 LATE
926 177 89 15 SYDNEY
1025 177 89 15 STORES.

689 203 112 48 GH.
818 203 129 22 COGLAN
961 203 55 28 begs
1025 207 23 17 to
1057 203 81 22 inform
1148 203 35 22 his
1194 203 83 23 friends

745 241 11 10 •
787 229 46 23 and
852 229 38 22 the
907 229 82 28 public,
1005 229 50 22 that
1072 230 28 22 he
1115 229 41 23 has
1171 230 106 22 remjved

686 256 57 22 from
755 256 38 22 the
803 259 48 19 east
860 256 45 22 end
915 256 26 21 of
952 256 37 22 the
999 256 82 27 Beach,
1098 256 85 27 Petoni,
1199 260 24 18 to
1240 257 37 22 the

687 286 54 18 west
750 283 51 26 end,
812 289 56 15 near
878 283 37 21 the
926 282 43 22 late
980 282 146 22 Commercial
1140 283 52 26 Inn,
1204 283 73 22 where

686 308 29 22 he
724 308 71 28 hopes
810 313 24 17 to
848 308 58 22 have
919 309 31 27 by
966 309 148 27 unremitting
1128 309 118 28 attention,
1263 316 14 16 a

686 336 66 21 share
761 336 27 21 of
799 334 76 29 public
884 336 131 27 patronage.

756 369 65 21 Good
832 368 194 22 accommodation
1040 369 34 22 for
1086 369 122 21 travellers.

714 402 57 22 N.B.
773 414 29 3 —
802 402 120 22 Barnard's
947 402 95 27 Passage
1065 403 56 21 Boat
1144 402 76 22 leaves
1239 402 37 23 the

686 429 71 21 above
766 429 78 26 house,
856 428 34 22 for
902 428 144 28 Wellington,
1063 436 66 20 every
1139 429 106 27 morning
1255 433 22 18 at

687 456 53 20 nine
751 454 95 24 o'clock.

782 510 94 20 KATS
886 510 5 20 !
907 510 94 20 HATS
1012 509 6 21 !
1025 509 6 21 !
1047 510 91 20 KATS
1145 510 6 20 !
1161 510 5 20 !
1175 510 5 20 !

686 543 36 47 J
767 541 112 28 ALLEN,
896 543 84 27 having
995 543 49 27 just
1062 543 102 21 received
1183 550 13 14 a
1215 543 61 28 large

726 580 10 10 •
778 572 135 19 assortment
929 569 27 21 of
966 569 82 27 youths
1067 569 43 21 and
1126 569 150 26 gentleman's

685 596 65 21 black
776 596 83 21 beaver
882 595 57 26 hats,
963 597 56 26 begs
1038 600 23 17 to
1077 595 81 22 inform
1175 596 34 21 bis
1235 603 42 16 nu-

685 630 90 13 merous
794 621 85 23 friends
896 622 46 21 and
961 623 38 21 the
1018 623 80 26 public,
1119 622 49 22 that
1185 623 30 21 he
1234 631 42 15 can

685 649 79 28 supply
780 649 60 22 them
851 649 52 21 with
915 656 49 20 -any
980 649 68 27 shape
1065 656 24 14 or
1105 649 92 28 quality,
1215 657 62 16 com-

684 677 108 24 mencing
802 679 23 18 at
835 675 38 22 the
882 675 43 21 low
936 677 59 20 mice
1006 676 25 21 of
1042 677 29 20 7s.
1079 675 36 22 Gd.
1126 676 64 21 each.
1220 677 56 22 Also

685 702 37 22 the
741 702 206 22 undermentioned
964 702 72 28 goods
1056 706 22 18 at
1096 703 121 27 unusually
1233 703 43 23 low

684 729 73 26 prices
764 737 5 13 :
773 741 27 3 —

712 756 109 32 Drapery^
823 767 29 3 —
853 755 90 27 Shawls,
973 755 101 28 muslins,
1098 755 68 22 challi
1186 760 89 23 pattern

685 782 93 28 dresses,
799 781 127 29 ginghams,
946 783 92 26 Saxony
1055 777 66 32 cloth,
1138 783 77 21 chintz
1231 784 45 22 and

684 809 84 31 striped
787 810 111 21 furniture
914 809 78 28 prints,
1009 809 46 21 and
1070 809 88 28 calicos,
1173 809 24 22 in
1213 815 63 22 great

684 839 100 24 variety;
799 835 112 27 blankets,
924 840 169 23 counterpanes,
1104 836 41 21 &c.

711 862 182 27 Haberdashery,
895 873 27 4 —
926 863 109 22 Artificial
1044 863 92 26 flowers,
1146 870 70 20 gause
1230 864 46 23 and

684 889 57 22 satin
761 890 101 25 ribbons,
882 892 46 24 net,
946 889 57 27 lace,
1027 889 146 28 lace-collars,
1190 890 84 28 gloves,

683 923 85 20 purses,
779 915 83 27 braids,
872 916 85 21 bronze
971 915 70 22 busks
1056 917 35 21 for
1107 919 67 25 stays,
1190 917 86 23 infants

684 943 94 22 worsted
794 943 72 26 boots,
882 943 111 27 prepared
1012 942 130 23 whalebone
1159 943 46 22 and
1219 951 56 16 cane

683 969 35 21 for
727 969 70 22 ladies
807 970 104 27 bonnets,
922 969 45 22 and
973 969 93 28 dresses,
1075 972 69 25 tapes,
1154 970 66 22 white
1230 972 46 22 and

684 995 106 24 coloured
797 995 98 28 'thread,
913 996 84 27 sewing
1014 996 45 22 and
1076 996 97 28 darning
1190 1000 84 26 cotton,

684 1023 91 21 needies
776 1040 5 15 ?
794 1030 80 20 ounce,
886 1023 68 26 sheet,
966 1022 47 22 and
1023 1023 61 22 dress
1096 1023 58 28 pins,
1162 1023 112 29 thimbles,

683 1049 148 28 pincussions,
848 1049 73 22 hooks
936 1049 46 22 and
997 1057 59 20 eyes,
1074 1045 47 32 gilt,
1140 1051 133 29 gambroon,

682 1076 69 27 pearl,
760 1076 65 27 horn,
837 1077 46 21 and
892 1076 64 22 other
961 1077 99 21 buttons.

710 1103 90 22 Ladies'
811 1103 46 22 and
867 1103 121 22 children's
997 1106 79 20 tuscan
1087 1103 45 22 and
1141 1104 69 28 fancy
1218 1105 57 24 bon-

682 1128 61 28 nets,'
755 1129 122 23 children's
888 1130 93 22 dresses.

710 1156 113 29 Clothing,
825 1168 29 3 —
855 1157 80 22 Gents'
946 1156 112 29 superfine
1067 1157 62 22 dress
1148 1158 46 21 and
1211 1158 63 23 frock

682 1186 68 24 coats,
771 1183 138 28 Petersham,
926 1183 63 28 pilot,
1008 1183 111 28 Prussian,
1137 1185 78 27 rustic,
1230 1186 45 22 and

681 1210 107 28 shooting
797 1214 61 19 coats
867 1219 6 19 ;
888 1210 82 22 double
985 1210 77 22 milled
1080 1211 124 28 cassimere,
1216 1219 59 16 mar-

682 1237 63 27 cella,
756 1237 106 27 valentia,
875 1237 102 29 quilting,
989 1237 46 22 and
1049 1238 67 32 fancy
1133 1238 125 24 waistcoats
1267 1248 5 19 ;

681 1263 43 22 silk
734 1265 46 21 and
790 1267 75 20 cotton
874 1264 183 28 handkerchiefs!;
1063 1265 67 21 white
1138 1266 46 21 and
1189 1271 87 22 regatta

681 1290 67 23 shirts
754 1299 5 14 :
771 1291 78 22 braces
856 1299 6 19 ;
875 1291 159 22 India-rubber
1042 1291 45 22 and
1094 1291 87 23 leather
1190 1296 71 26 straps
1267 1302 6 19 ;

680 1317 119 29 buckskin,
808 1318 126 27 cassimere,
943 1318 130 27 gambroon,
1081 1318 97 28 digonal,
1194 1321 79 27 tweed,

681 1344 57 28 drill,
763 1345 119 27 moleskin,
908 1345 60 27 cord,
999 1345 104 27 flushing,
1132 1345 67 29 duck,
1230 1350 45 20 and

681 1378 95 16 canvass
786 1376 109 18 trowsers.

708 1398 90 23 Ladies'
802 1400 66 21 boots
875 1399 46 22 and
928 1398 73 27 shoes,
1010 1399 149 26 gentlemen's
1166 1400 108 29 Welling-

680 1428 48 23 ton,
738 1426 117 26 Clarence,
864 1426 45 21 and
918 1425 98 23 Blucher
1025 1426 70 27 boots,
1104 1426 99 28 walking
1209 1427 65 24 shoes

680 1452 47 21 and
735 1452 62 23 dress
807 1459 88 21 pumps.

707 1479 54 27 Tea,
778 1486 75 20 sugar,
872 1480 76 26 coffee,
964 1479 80 28 spices,
1060 1484 109 24 currants,
1186 1481 86 29 raisins,

679 1506 88 21 bottled
776 1513 46 16 ana
832 1506 63 22 dried
905 1506 71 28 fruits,
992 1506 76 27 bread,
1085 1507 83 27 butter,
1185 1508 86 28 cheese,

679 1532 65 28 flour,
754 1533 54 28 rice,
820 1533 104 27 oatmeal,
935 1540 60 20 peas,
1006 1533 90 27 pickles,
1109 1541 84 21 sauces,
1211 1535 63 23 vine-

679 1567 47 19 gar,
735 1567 50 15 wax
794 1559 46 23 and
850 1564 58 18 store
918 1560 99 27 candles,
1025 1560 104 22 Windsor
1138 1561 47 22 and
1194 1562 80 27 yellow

679 1594 61 20 soap,
761 1586 81 27 starch,
863 1587 59 27 blue,
942 1588 71 26 pipes,
1031 1590 38 19 cut
1084 1587 45 22 and
1146 1588 128 27 negrohead

680 1614 101 26 tobacco,
791 1613 68 23 black
869 1614 45 21 and
927 1614 77 22 brown
1014 1621 88 21 rappee,
1112 1616 103 26 tonquin,
1226 1624 47 15 ma-

680 1640 78 27 couba,
770 1640 46 23 and
826 1640 138 23 Hamilton's
973 1640 104 28 mixture,
1088 1642 101 27 imperial
1196 1642 76 24 brown

680 1667 46 22 and
735 1667 65 22 other
813 1668 78 26 snuffs,
907 1668 115 21 Havanah
1031 1668 44 22 and
1086 1668 96 23 Manilla
1194 1670 76 26 cigars.

707 1694 114 26 Sundries,
822 1705 30 4 —
852 1694 58 22 Hair
919 1694 101 26 brushes,
1030 1696 82 26 combs,
1122 1696 97 28 scissors,
1229 1705 43 19 pen

680 1721 46 22 and
734 1722 82 26 pocket
825 1721 87 26 knives,
922 1729 82 20 razors,
1014 1722 92 28 looking
1114 1722 92 28 glasses,
1215 1724 62 22 snuff

679 1748 77 27 boxes,
768 1748 89 27 writing
867 1756 75 20 paper,
954 1756 63 20 pens,
1024 1749 39 22 ink
1070 1749 44 22 and
1121 1750 87 27 sealing
1216 1758 54 20 wax,

679 1775 80 22 lucifeV
775 1775 107 27 matches,
902 1775 82 27 Epsom
1003 1776 59 27 salts,
1084 1778 121 26 magnesia,
1223 1777 50 23 flint

679 1802 46 21 and
733 1802 132 27 percussion
874 1809 65 20 guns,
949 1802 67 27 bolts,
1027 1802 84 28 hinges,
1128 1804 69 27 locks,
1208 1804 62 29 bells,

679 1829 40 22 fire
750 1829 98 25 shovels,
872 1829 72 27 rakes,
969 1829 62 27 hoes,
1057 1830 118 28 mattocks,
1196 1832 45 21 and
1259 1840 14 14 a

680 1856 86 28 variety
790 1856 26 22 of
842 1856 65 22 other
931 1856 89 23 articles
1043 1860 24 19 to
1090 1865 122 15 numerous
1236 1862 36 18 too

679 1883 111 23 mention.

761 1938 95 21 JOHN
878 1938 126 25 LODGE,
1026 1939 164 26 BUILDER,

679 1972 109 49 BEGS
803 1976 23 18 to
836 1971 82 23 inform
931 1972 38 22 the
978 1973 137 22 inhabitants
1126 1974 27 21 of
1164 1974 110 28 Welling-

743 2003 46 23 ton,
801 1998 50 23 that
858 1999 87 28 having
952 1999 59 22 been
1022 2007 67 20 many
1099 2007 65 20 years
1172 2002 102 27 engaged

679 2034 24 13 as
713 2027 103 20 foreman
825 2025 25 21 in
865 2026 37 21 the
919 2027 98 21 erection
1034 2027 26 21 of
1072 2027 120 27 buildings,
1204 2028 44 21 .he.
1253 2027 23 26 fir

679 2060 50 14 now
740 2052 109 28 prepared
860 2056 22 18 to
893 2053 66 21 make
969 2053 64 27 plans
1048 2053 43 22 and
1108 2054 114 21 estimates
1239 2054 36 22 fot

678 2087 46 19 any
733 2079 137 28 description
885 2080 27 21 of
925 2079 119 28 buildings,
1062 2080 45 21 and
1122 2084 95 19 execute
1234 2081 39 22 the

678 2114 61 14 same
750 2113 30 14 on
789 2106 133 22 reasonable
933 2109 76 25 terms,
1021 2107 51 22 with
1081 2107 59 27 good
1148 2107 126 22 workman-

678 2134 57 27 ship.

705 2161 58 21 N.B.
765 2172 28 4 —
794 2161 21 21 A
832 2161 96 21 wooden
943 2160 72 23 house
1031 2163 22 20 to
1070 2161 27 22 be
1117 2161 106 28 disposed
1242 2162 29 27 of,

677 2188 54 21 20ft.
742 2187 31 27 by
783 2187 54 23 14ft.

705 2214 125 23 Thorndon
841 2214 74 28 Quay,
926 2214 53 22 Jan.
990 2216 35 25 21,
1037 2216 60 21 1841.

678 2271 50 47 A
757 2268 135 28 HEWITT,
904 2269 161 26 Fishmonger,
1078 2270 111 22 Lambton
1198 2272 72 27 Quay,

733 2308 11 10 •
762 2296 148 27 Wellington,
917 2299 90 19 returns
1016 2296 35 23 his
1059 2297 88 22 sincere
1157 2298 83 23 thanks
1249 2303 23 17 to

678 2323 38 22 the
734 2322 141 24 inhabitants
894 2324 27 21 of
942 2322 44 23 this
1006 2324 84 27 Colony
1107 2324 36 21 for
1161 2324 38 23 the
1218 2333 54 20 very

676 2350 79 23 liberal
776 2354 93 23 support
885 2350 29 21 he
928 2350 41 22 has
985 2350 99 23 hitherto
1098 2352 111 27 received,
1228 2353 44 22 and

677 2378 54 27 begs
741 2381 24 18 to
773 2378 85 22 inform
869 2377 61 22 them
942 2377 48 22 that
1006 2377 26 22 he
1042 2377 40 23 has
1091 2378 66 22 made
1168 2386 105 21 arrange-

677 2408 75 19 ments
768 2405 36 22 for
822 2411 15 14 a
851 2407 105 19 constant
972 2404 81 28 supply
1071 2405 26 22 of
1117 2405 38 22 the
1175 2406 98 22 choicest

676 2432 105 22 varieties
790 2430 28 24 of
828 2430 49 28 fish,
896 2431 74 22 which
986 2432 29 21 he
1032 2432 138 28 confidently
1185 2441 87 15 recom-

676 2459 81 22 mends
767 2463 23 18 to
800 2458 39 23 the
848 2458 77 28 public
935 2465 23 16 as
966 2458 68 28 being
1042 2460 25 21 of
1077 2459 38 22 the
1122 2459 51 22 best
1178 2460 93 28 quality.

705 2493 83 22 Orders
798 2492 36 22 for
843 2491 106 29 shipping
957 2493 111 28 received,
1084 2493 45 22 and
1139 2495 133 27 punctually

675 2520 111 22 attended
795 2524 32 18 to.

834 2554 101 14 OYSTERS
949 2554 73 15 FRESH
1039 2554 75 15 DAILY.

703 2582 65 27 Also,
780 2590 14 14 a
802 2582 82 27 supply
894 2582 27 21 of
936 2581 128 28 vegetables
1081 2582 61 23 fresh
1157 2583 58 22 from
1234 2584 38 22 the

675 2609 86 28 garden
772 2609 69 27 daily.

808 2664 157 22 WEEKLY
979 2665 164 22 MARKET.

675 2700 95 49 MR.
785 2700 22 22 J.
823 2698 146 23 TELFORD
983 2698 42 23 has
1039 2700 111 27 arranged
1158 2703 23 19 to
1190 2700 59 22 have
1260 2709 12 13 a

768 2733 96 17 weekly
888 2733 95 15 market
1011 2733 29 15 on
1063 2726 141 23 MONDAY
1227 2728 45 22 and

675 2752 173 26 SATURDAY
862 2752 170 28 EVENINGS,
1048 2757 24 18 at
1079 2754 35 21 his
1124 2754 146 28 Warehouse,

674 2782 61 22 from
743 2783 16 21 4
767 2785 24 19 to
801 2782 14 21 7
826 2780 95 28 o'clock,
932 2780 70 28 being
1015 2780 110 22 intended
1140 2782 83 27 chiefly
1239 2783 33 22 for

675 2809 39 22 the
734 2808 198 24 accommodation
952 2808 27 21 of
997 2808 143 22 Workmen's
1159 2809 112 23 Families.

674 2836 49 22 The
741 2835 119 27 following
877 2834 91 22 articles
985 2835 47 21 will
1049 2835 28 22 be
1095 2836 50 22 sold
1163 2837 24 21 in
1207 2837 65 22 small

675 2863 129 28 quantities,
816 2865 25 19 at
849 2862 133 22 reasonable
992 2862 71 28 prices
1069 2870 6 14 :
1076 2875 31 4 —

702 2897 78 27 Flour,
790 2903 75 20 sugar,
877 2899 44 24 tea,
933 2896 78 28 coffee,
1027 2896 81 28 butter,
1119 2896 88 30 cheese,
1219 2905 53 16 can-

675 2924 54 28 dles,
741 2932 62 20 soap,
820 2924 42 21 &c
873 2924 41 21 &c.

703 2959 56 22 Port
766 2957 134 28 Nicholson,
911 2957 61 23 June
982 2959 35 26 15,
1028 2959 61 22 1840.

822 3013 173 21 GENERAL
1011 3014 120 21 STORE.

676 3048 93 49 MR.
785 3046 147 24 TELFORD
945 3045 87 29 having
1044 3047 103 29 recently
1157 3048 66 23 made
1234 3056 37 16 ex-

769 3073 88 24 tensive
873 3072 130 29 purchases,
1022 3074 53 27 begs
1084 3077 23 20 to
1117 3082 122 16 announce
1248 3080 22 18 to

674 3102 36 22 his
719 3102 87 22 friends
815 3100 50 22 that
873 3097 30 25 he
913 3100 41 22 has
964 3108 31 15 on
1006 3101 52 27 sale,

703 3128 190 23 HARDWARE
908 3128 26 21 of
945 3128 38 22 the
993 3128 49 22 first
1050 3128 93 29 quality,
1154 3130 117 29 including

675 3164 14 14 a
698 3159 64 24 great
769 3155 88 27 variety
867 3155 26 21 of
905 3154 64 23 nails.

701 3183 107 22 FLOUR
818 3182 28 21 of
857 3182 48 21 first
914 3182 47 22 and
969 3182 85 22 second
1063 3182 95 28 quality.

703 3208 185 24 GROCERIES.
889 3221 33 4 —
922 3208 54 29 Tea,
991 3217 84 19 sugars,
1093 3210 78 27 coffee,
1187 3211 82 28 butter,

674 3245 62 20 soap,
749 3236 100 27 candles,
860 3236 54 26 rice,
929 3243 68 21 curry
1011 3236 97 29 powder,
1124 3237 88 28 pickles
1227 3239 44 23 and

674 3272 87 19 sauces,
772 3264 112 29 spiceries,
896 3264 41 21 &c.

701 3298 104 23 WINES
820 3297 68 22 AND
899 3297 158 22 SPlßlTS.—
1058 3298 92 23 Besides
1159 3299 39 23 the
1206 3300 65 23 usual

675 3326 82 33 supply
766 3326 27 22 of
803 3324 71 23 wines
883 3324 47 22 and
939 3324 82 28 spirits,
1034 3325 64 22 there
1105 3325 20 22 is
1136 3333 13 15 a
1159 3327 112 23 consider-

674 3347 50 28 able
731 3352 106 29 quantity
842 3352 25 21 of
875 3352 89 21 Scotch
973 3351 114 23 Whiskey
1095 3360 6 20 ;
1112 3353 47 22 and
1164 3361 14 15 a
1183 3354 87 23 limited

674 3380 106 29 quantity
789 3379 27 23 of
827 3379 118 22 Colonial
956 3378 123 23 Whiskey.

702 3414 99 22 BOOTS
816 3413 69 22 AND
902 3412 211 24 SHOES.—There
1122 3413 42 23 has
1171 3415 59 23 been
1237 3424 35 15 re-

675 3441 80 23 ceived
773 3449 14 14 a
805 3440 105 27 quantity
932 3440 27 22 of
980 3439 139 29 Wellington
1142 3442 66 23 boots
1227 3443 45 23 and

675 3469 116 21 Warren's
797 3463 116 31 blacking.

668 3504 3 5 '
702 3501 208 24 BLANKETS.—
912 3501 70 22 Fresh
988 3505 3 4 '
999 3502 91 22 arrivals
1104 3502 60 23 have
1174 3512 65 15 come
1248 3507 22 20 to

674 3530 62 22 hand
746 3530 25 22 in
781 3530 39 22 B^4
829 3529 46 22 and
885 3530 58 26 11-4,
962 3529 27 22 of
1002 3530 89 22 various
1105 3530 106 28 qualities
1227 3532 44 23 and

674 3558 81 28 prices.

702 3589 306 24 HABERDASHERY.—
1008 3589 71 23 There
1095 3591 19 22 is
1129 3598 14 15 a
1152 3592 71 22 select
1231 3593 41 22 but

674 3618 89 22 limited
788 3617 105 29 quantity
917 3624 30 15 on
972 3617 70 27 hand,
1064 3617 118 29 including
1201 3623 69 25 tapes,

675 3645 98 27 threads,
785 3642 68 25 black
863 3644 46 22 and
924 3644 106 23 coloured
1044 3653 88 14 sewing
1147 3654 64 15 silks
1226 3648 46 21 and

675 3673 65 27 twist,
763 3671 98 27 darning
880 3674 84 25 cotton,
983 3671 98 28 needles,
1099 3673 84 27 combs,
1205 3674 67 23 India

674 3699 44 23 silk
725 3700 48 21 and
780 3701 77 20 cotton
864 3698 182 28 handkerchiefs,
1053 3699 86 28 braces,
1149 3700 40 23 &c.

701 3732 159 24 DRAPERY.
862 3745 32 4 —
895 3732 76 22 White
992 3735 76 19 cotton
1089 3732 104 29 shirting,
1212 3737 60 20 stout

674 3759 145 24 unbleached
832 3763 85 23 cotton,
931 3759 62 23 40in.
1008 3759 63 28 wide,
1088 3763 78 20 cotton
1181 3761 89 29 checks,

675 3787 56 23 dark
741 3788 80 28 prints,
834 3787 40 21 &c.
886 3787 41 21 &c.

703 3821 55 22 OIL
780 3820 69 25 AND
874 3820 146 23 LAMPS.—
1020 3820 54 23 This
1091 3821 68 23 latter
1176 3822 42 23 has
1236 3831 36 14 re-

675 3848 80 23 ceived
764 3856 30 15 an
803 3847 102 23 increase
916 3847 26 22 of
952 3848 39 21 the
1001 3848 48 21 best
1063 3848 87 28 quality
1166 3849 50 23 that
1231 3850 41 22 has

675 3878 40 26 yet
722 3876 61 22 been
793 3874 85 23 offered
887 3874 24 22 in
922 3874 38 23 the
971 3874 94 29 Colony.

702 3910 74 23 There
785 3911 43 21 has
838 3909 47 23 also
896 3917 68 15 come-
970 3912 24 20 to
1013 3909 61 23 hand
1091 3918 12 14 a
1119 3911 65 22 srrmll
1199 3911 34 22 lot
1248 3911 28 22 of

676 3941 66 18 straw
760 3938 60 23 hats,
846 3937 47 22 sou'
921 3940 95 24 westers,
1041 3937 80 22 Scotch
1142 3946 59 20 caps,
1223 3946 48 15 um-

677 3964 89 28 brellas,
778 3966 40 21 &c.
