2559 4039
1912 500 173 23 inconvenience
2097 501 86 30 arising
2193 500 60 24 from
2264 501 38 23 the
2314 501 95 24 distance
2418 502 24 23 of
2451 502 38 24 the

1912 536 48 19 seat
1972 533 25 22 of
2013 532 162 31 Government,
2192 534 45 22 and
2253 534 37 23 the
2308 534 85 30 neglect
2408 535 24 22 of
2450 535 41 24 the

1912 564 277 31 Lieutenant-Gov.ernor,
2206 566 42 23 but
2263 568 19 21 it
2297 574 45 16 was
2357 566 96 25 difficult
2466 573 26 19 to

1911 597 63 31 place
1987 597 63 24 these
2061 599 131 30 grievances
2204 599 24 23 in
2240 599 56 23 such
2312 608 14 14 a
2343 600 66 31 shape
2425 608 24 15 as
2467 605 22 19 to

1913 631 72 23 excite
2008 632 116 23 attention.
2166 632 65 28 Now,
2255 632 106 29 however,
2385 641 14 15 a
2420 633 71 24 direct

1913 664 76 23 attack
2000 671 46 16 was
2056 664 66 23 made
2133 672 62 23 upon
2207 665 45 23 this
2263 670 61 18 most
2330 666 50 22 vital
2387 666 103 29 interest,

1913 704 40 15 one
1966 697 26 22 of
2007 705 13 14 a
2031 701 78 19 nature
2120 698 74 23 which
2206 698 75 23 would
2291 706 63 16 rouse
2366 698 38 24 the
2416 704 73 18 atten-

1912 730 47 22 tion
1978 730 25 22 of
2029 730 30 22 all
2080 730 51 24 who
2154 738 57 16 were
2234 731 120 24 connected
2376 731 53 24 with
2453 732 38 23 the

1914 762 94 31 Colony,
2022 763 43 22 and
2075 763 46 22 this
2134 763 100 24 afforded
2245 764 62 23 them
2314 772 31 15 an>
2349 766 142 30 opportunity

1912 794 24 23 of
1952 796 110 30 directing
2073 796 49 23 that
2134 798 111 22 attention
2260 802 22 18 to
2300 798 54 23 their
2372 798 63 23 other
2451 803 40 19 not
2497 800 7 3 ~

1911 827 46 24 less
1968 829 123 30 important
2103 829 99 31 subjects
2214 831 26 22 of
2255 831 126 30 complaint.
2416 831 26 23 If
2451 831 39 24 the

1914 860 114 24 Colonists
2039 862 87 23 availed
2143 862 136 24 themselves
2292 864 25 22 of
2331 864 33 22 tlie
2383 868 108 27 opportu-

1912 894 48 30 nity
1983 894 52 24 thus
2059 895 108 28 afforded,,
2188 895 54 31 they
2260 897 74 22 would
2349 896 65 23 make
2434 897 58 23 their

1913 926 100 32 English
2029 927 85 24 friends
2126 928 72 23 afford
2216 937 61 15 some
2297 930 131 23 substantial
2445 930 44 24 aid.

1913 959 39 24 He
1964 960 82 24 should
2056 961 28 23 be
2096 968 65 23 sorry
2173 965 22 19 to
2204 969 37 15 see
2249 962 58 23 such
2315 970 28 15 an
2348 963 145 31 opportunity

1912 992 45 24 lost
1966 993 36 24 for
2014 993 37 24 the
2063 993 55 24 sake
2134 994 26 23 of
2174 994 125 31 gratifying
2309 995 55 24 what
2381 997 112 29 appeared

1912 1029 22 19 to
1946 1026 32 22 be
1987 1035 14 14 a
2007 1027 103 30 personal
2118 1027 84 30 feeling
2214 1029 91 29 against
2313 1029 62 30 Capt.
2385 1028 107 29 Hobson,

1912 1059 30 30 by
1958 1060 136 30 petitioning
2113 1060 36 23 for
2169 1060 35 23 his
2223 1061 77 29 recall,
2316 1061 70 24 wliere
2404 1062 57 24 such
2479 1071 15 15 a

1913 1092 94 30 petition
2024 1093 75 23 would
2116 1093 91 31 deprive
2226 1093 39 24 the
2285 1095 110 23 Colonists
2414 1095 25 23 of
2454 1095 39 23 the

1914 1130 93 26 support
2023 1126 24 23 of
2061 1133 69 24 many
2150 1126 24 24 of
2196 1126 58 24 their
2272 1126 90 30 friends,
2381 1128 45 23 and
2444 1136 50 15 em-

1913 1158 89 24 barrass
2014 1159 83 23 others.
2133 1159 36 24 As
2180 1160 28 22 he
2226 1159 46 24 had
2284 1161 76 28 stated,
2373 1160 62 24 there
2446 1169 50 15 was

1913 1199 53 23 very
1983 1192 60 23 little
2058 1192 25 23 in
2101 1192 42 23 the-
2155 1193 96 31 petition
2261 1194 110 30 proposed
2381 1194 30 30 by
2424 1194 67 32 Capt.
2501 1201 5 5 '

1913 1224 94 24 Daniell
2032 1230 23 18 to
2072 1225 75 23 which
2168 1226 29 23 he
2220 1226 109 31 objected-,
2350 1231 81 27 except
2453 1227 39 24 the

1913 1266 89 22 prayer;
2025 1258 42 23 but
2084 1259 29 22 he
2131 1259 99 31 thought-
2247 1259 49 24 that
2314 1259 69 24 which
2401 1260 29 23 he
2447 1260 46 23 had

1913 1292 116 30 prepared,
2046 1292 74 23 would
2131 1292 72 23 better
2216 1300 86 16 answer
2315 1293 33 23 the
2361 1300 95 24 purpose
2470 1294 24 23 of

1914 1324 37 23 the
1963 1325 105 30 meeting,
2082 1325 96 24 because
2190 1326 17 22 it
2219 1333 46 16 was
2278 1326 60 30 quite
2345 1326 148 31 comprehen-

1914 1358 53 28 sive,
1982 1358 43 22 and
2042 1358 118 23 embraced
2178 1358 38 24 the
2234 1359 132 23 substantial
2382 1364 71 18 wants
2470 1360 25 23 of

1915 1390 37 23 the
1965 1391 87 31 Colony
2063 1391 90 24 instead
2169 1392 25 23 of
2213 1392 69 30 being
2300 1393 99 22 confined
2415 1397 22 19 to
2454 1393 40 23 the

1914 1424 67 22 recall
2006 1424 24 23 of
2054 1424 38 23 the
2113 1424 276 26 Lieutenant-Governor.
2442 1426 49 24 Mr.

1917 1457 95 23 Hanson
2031 1457 123 24 concluded
2171 1459 30 29 by
2223 1458 96 32 reading
2340 1458 39 23 his-
2392 1459 99 29 address,

1915 1490 71 23 which
1999 1499 45 15 was
2056 1490 76 24 drawn
2143 1499 31 23 up
2186 1492 23 22 in
2221 1491 38 23 the
2266 1492 58 22 form
2337 1492 22 23 of
2373 1500 14 14 a
2396 1493 96 30 petition
2489 1499 4 9 1

1905 1523 2 31 j
1915 1527 21 19 to
1947 1524 57 23 both
2016 1524 92 23 Houses
2121 1524 25 23 of
2162 1525 148 23 Parliament.

1947 1557 39 24 W.
2007 1557 117 29 Guyton,
2144 1557 67 31 Esq.,
2230 1558 108 23 seconded
2348 1558 37 23 the
2398 1558 94 24 amend-

1905 1593 2 10 '
1915 1594 69 19 ment.

1948 1624 21 23 J.
1990 1624 28 23 T.
2038 1624 162 29 Wicksteed,
2227 1624 52 31 Esq
2279 1634 2 5 1
2281 1642 15 11 .,
2316 1624 45 23 said
2380 1624 29 23 he
2432 1629 62 19 must

1915 1656 114 32 decidedly
2049 1657 73 31 object
2140 1661 23 20 to
2181 1657 37 24 the
2239 1658 139 23 amendment
2396 1657 25 24 of
2443 1658 48 23 Mr.

1915 1689 105 30 Hanson,
2033 1690 35 23 for
2080 1691 86 23 several
2177 1699 102 15 reasons.
2316 1690 48 24 One
2375 1699 53 20 was,
2442 1692 51 22 that

1915 1723 17 23 it
1951 1723 76 24 mixed
2046 1723 61 24 them
2129 1732 31 23 up
2182 1725 55 22 with
2260 1724 38 23 the
2319 1724 55 23 New
2392 1724 101 23 Zealand

1916 1756 124 31 Company.
2077 1756 24 24 It
2112 1761 61 20 must
2179 1758 29 23 be
2216 1757 157 29 remembered,
2382 1757 48 23 that
2439 1757 54 31 they

1915 1797 61 16 came
1988 1790 53 24 here
2053 1798 24 16 as
2089 1790 89 23 British
2196 1791 109 30 subjects,
2324 1790 42 24 and
2381 1798 59 16 were
2451 1798 45 16 en-

1915 1823 64 23 titled
1992 1827 21 20 to
2033 1831 66 23 every
2112 1824 127 30 protection
2256 1823 73 24 which
2338 1824 37 23 the
2388 1823 109 24 Governs

1914 1861 62 18 ment
2004 1856 66 24 could
2098 1857 78 28 afFord,
2207 1857 197 30 notwithstanding
2432 1857 61 24 their

1905 1888 2 25 I
1915 1890 125 23 connexion
2051 1890 54 23 witli
2113 1890 39 23 the
2161 1890 126 31 Company.
2306 1890 100 23 Another
2413 1898 84 16 reason'

1913 1930 53 21 was,
1991 1923 49 23 that
2059 1923 37 23 the
2119 1923 144 23 amendment
2286 1923 69 24 raised
2377 1931 24 15 so
2424 1931 71 23 many-

1914 1957 115 29 questions
2039 1966 5 19 ;
2064 1956 93 30 thereby
2170 1956 112 31 affording
2291 1965 24 14 so
2327 1964 65 23 many
2410 1964 83 24 oppor-

1914 1989 92 23 tunities
2018 1994 22 18 to
2052 1989 65 22 avoid
2128 1989 38 23 the
2174 1990 45 22 real
2228 1990 87 29 ground
2328 1990 22 22 of
2364 1990 134 29 grievance:-

1914 2021 24 22 It
1948 2028 55 21 was,
2020 2022 24 21 in
2058 2022 54 28 fact,
2131 2022 87 30 raising
2230 2029 12 14 a
2254 2021 65 23 cloud
2328 2021 81 23 behind
2420 2021 78 23 which

1915 2054 97 31 Captain
2023 2054 99 26 Hobspn
2133 2054 74 23 would
2220 2062 78 15 screen
2314 2053 97 24 himself.
2454 2054 45 23 He-

1913 2085 60 32 (Mr.
1987 2087 144 32 Wicksteed)
2148 2087 37 24 did
2199 2092 39 19 not
2255 2087 67 23 think
2338 2088 19 22 it
2374 2095 46 15 was
2439 2094 79 23 very

1913 2120 116 31 impolitic,
2042 2128 25 16 as
2079 2120 48 24 Mr.
2142 2121 97 23 Hanson
2257 2120 91 31 alleged,
2365 2124 23 19 to
2399 2121 98 30 petition'

1913 2153 34 23 for
1966 2154 37 23 the
2020 2154 69 23 recall
2108 2154 25 23 of
2159 2154 37 23 the
2219 2153 265 24 Lieutenant-Governor
2484 2159 3 8 1
2487 2169 11 8 ..

1914 2186 74 31 Many
1999 2195 51 15 men
2062 2187 125 30 altogether
2199 2187 66 23 avoid
2277 2195 97 20 censure,
2394 2186 100 31 through
2493 2193 4 11 1

1913 2224 40 19 not
1964 2220 69 31 being
2043 2220 95 31 directly
2150 2220 111 29 attacked,
2275 2219 223 31 andbyafmistaken'

1914 2254 83 30 policy,
2009 2254 37 22 the
2058 2254 47 22 real
2113 2253 131 31 delinquent
2252 2261 96 23 escapes.
2374 2252 121 31 Although

1914 2287 28 22 he
1954 2287 74 22 would
2038 2287 60 30 yield
2110 2291 23 19 to
2145 2287 47 23 Mr.
2214 2287 115 22 Hanson's
2347 2286 94 23 colonial
2453 2294 42 15 ex-

1913 2320 113 31 perience,
2039 2320 47 23 still
2097 2320 29 23 he
2137 2320 44 23 had
2193 2328 54 15 seen
2259 2320 38 22 the
2308 2319 101 30 working
2418 2320 24 22 of
2455 2319 43 23 the'

1915 2353 96 24 colonial
2023 2358 85 26 system
2119 2357 23 20 at
2154 2353 73 29 home,
2244 2353 45 23 and
2300 2353 27 22 he
2335 2360 46 15 was
2394 2353 100 22 satisfied

1915 2387 25 22 of
1961 2386 39 23 the
2014 2387 58 30 good
2092 2387 65 23 effect
2176 2395 12 14 a
2208 2386 189 31 straightforward
2415 2393 79 16 course

1913 2420 76 23 would
1999 2420 105 30 produce.
2148 2419 51 24 The
2218 2424 64 26 great
2300 2419 53 24 fault
2362 2419 25 23 in
2399 2419 96 23 colonial

1913 2454 131 30 grievances
2072 2461 47 15 was
2148 2454 25 22 in
2199 2457 40 19 not
2262 2452 114 31 attacking
2398 2452 95 31 directly

1914 2487 84 22 official
2008 2490 102 19 servants
2120 2496 6 19 ;
2138 2486 51 23 'and
2202 2486 109 31 although
2327 2485 48 24 Mr.
2395 2485 99 24 Hanson

1913 2520 75 30 might
1998 2527 55 23 urge
2066 2520 61 23 them
2139 2524 23 19 to
2174 2520 77 23 attack
2260 2520 32 30 by
2303 2519 143 31 implication,
2465 2518 29 23 he

1914 2553 97 31 thought
2021 2554 18 22 it
2049 2560 46 16 was
2107 2560 62 16 more
2180 2553 78 30 manly
2293 2560 58 16 more
2361 2551 100 32 English

1915 2590 22 20 to
1948 2586 68 24 make
2028 2595 13 14 a
2052 2586 72 23 direct
2131 2586 76 23 attack
2216 2595 7 20 ;
2235 2590 24 19 to
2270 2594 39 23 say
2342 2586 54 23 here
2408 2593 38 16 are
2454 2593 40 16 our

1915 2620 102 30 charges,
2041 2619 44 24 and
2108 2620 46 23 this
2176 2627 33 16 we
2233 2619 100 24 consider
2356 2623 23 19 to
2401 2619 29 23 be
2453 2626 41 16 our

2063 2650 73 33 (hear,
2150 2652 45 24 and
2207 2652 100 31 cheers.)
2319 2652 36 23 He
2367 2649 61 33 (Mr.
2441 2650 53 33 W.)

1914 2686 70 24 hated
2006 2686 140 28 side-winds,
2175 2686 45 23 and
2242 2685 74 32 hoped
2334 2685 39 23 the
2395 2685 101 31 meeting

1913 2720 76 23 would
2000 2719 65 24 stand
2076 2723 23 19 to
2108 2719 58 24 their
2173 2727 67 23 guns.
2278 2719 39 24 He
2322 2718 73 23 would
2402 2723 93 18 venture

1915 2757 22 19 to
1949 2757 79 25 assert,
2042 2752 49 24 that
2107 2753 45 23 this
2171 2753 102 30 meeting
2290 2751 71 24 would
2378 2751 59 24 have
2458 2751 38 24 the

1915 2786 66 23 effect
1993 2786 23 23 of
2032 2786 108 31 stopping
2151 2786 38 23 the
2207 2790 93 27 present
2315 2784 144 32 proceedings
2471 2784 25 25 of

1916 2819 97 31 Captain
2025 2819 106 29 Hobson,
2145 2819 43 23 and
2206 2819 50 23 that
2274 2819 19 23 it
2310 2817 71 25 would
2397 2818 29 23 be
2442 2818 55 31 long

1915 2860 37 16 ere
1962 2852 29 25 he
2001 2852 118 24 chartered
2129 2852 94 24 another
2234 2852 76 23 vessel
2320 2856 20 19 to
2352 2851 45 23 this
2408 2856 53 26 port
2472 2856 22 19 to

1915 2887 73 23 entice
2000 2886 37 24 the
2047 2886 119 24 labourers
2177 2890 23 19 to
2213 2885 128 24 Auckland.
2382 2884 39 24 He
2433 2882 61 33 (Mr.

1915 2918 51 32 W.)
1980 2919 107 31 cordially
2094 2919 125 24 concurred
2225 2920 25 22 in
2257 2919 39 24 the
2303 2918 92 32 original
2402 2918 94 28 motion,

1915 2953 44 23 and
1971 2953 88 23 trusted
2069 2953 18 23 it
2101 2952 74 24 would
2193 2953 88 23 receive
2299 2952 34 24 tlie
2352 2951 104 24 sanction
2474 2951 25 23 of

1915 2986 37 23 the
1964 2987 106 30 meeting.

1948 3026 47 25 Mr.
2017 3027 107 24 Revans
2147 3026 50 23 said
2220 3026 55 29 that,
2296 3025 83 31 though
2401 3024 28 25 he
2452 3024 45 24 had

1915 3060 80 31 signed
2006 3061 37 23 the
2056 3060 141 31 requisition,
2209 3059 30 23 he
2251 3067 46 15 was
2314 3059 57 30 quite
2387 3058 111 31 prepared

1915 3097 22 20 to
1950 3093 68 31 adopt
2029 3101 29 16 an
2070 3093 100 28 address,
2189 3092 100 24 couched
2307 3092 20 23 in
2347 3091 62 24 other
2427 3096 71 18 terms

1915 3127 56 23 than
1983 3127 62 23 those
2058 3125 72 24 under
2141 3125 74 24 which
2226 3125 39 23 the
2275 3125 97 30 meeting
2383 3124 45 24 had
2439 3124 59 24 been

1916 3159 121 24 convened.
2074 3159 25 24 It
2117 3158 112 32 appeared
2241 3163 24 19 to
2275 3158 45 24 him
2339 3158 49 23 that
2406 3158 25 23 in
2442 3162 54 26 put-

1916 3194 50 30 ting
1988 3192 97 24 forward
2107 3191 49 25 that
2178 3192 139 31 requisition,
2338 3196 43 18 two
2411 3191 87 31 objects

1916 3234 58 15 were
1986 3227 24 22 in
2021 3226 56 23 view
2087 3235 6 19 ;
2113 3225 38 24 the
2164 3233 43 16 one
2219 3229 23 19 to
2255 3225 123 24 endeavour
2390 3228 23 19 to
2426 3224 72 23 check

1917 3259 99 32 Captaiu
2027 3259 99 23 Hobson
2138 3259 24 23 in
2173 3259 37 23 his
2221 3258 80 31 unjust
2311 3266 80 21 career,
2404 3258 45 22 and
2460 3258 38 22 the

1917 3292 65 24 other
1993 3297 22 18 to
2027 3292 76 23 obtain
2114 3292 59 23 from
2185 3292 38 23 the
2239 3292 152 23 Government
2408 3294 90 28 protec-

1916 3327 48 22 tion
1976 3326 87 30 against
2075 3324 87 24 similar
2173 3325 92 31 neglect
2277 3324 39 24 and
2335 3325 71 23 active
2421 3324 77 31 injury

1915 3358 120 24 hereafter.
2071 3358 41 24 He
2124 3358 38 24 did
2171 3358 60 31 hope
2244 3358 50 24 that
2304 3358 35 23 the
2356 3357 141 31 requisition,

1915 3392 39 24 the
1966 3395 75 28 report
2053 3392 26 22 of
2094 3392 46 22 this
2159 3392 108 31 meeting,
2281 3391 39 24 and
2338 3391 37 23 the
2394 3390 104 31 opinions

1916 3425 25 24 of
1950 3425 31 23 all
1992 3425 37 23 the
2041 3425 66 23 other
2119 3425 131 23 Governors
2263 3425 25 23 of
2298 3424 102 24 Colonies
2417 3425 25 22 in
2453 3423 47 23 this

1914 3462 52 28 part
1979 3458 23 23 of
2012 3458 37 23 the
2060 3458 79 29 world,
2151 3458 76 23 would
2240 3458 59 24 form
2316 3466 29 15 an
2364 3457 91 31 opinion
2475 3456 26 23 of

1916 3492 113 23 sufficient
2049 3491 102 31 strength
2171 3495 23 19 to
2213 3491 95 28 control,
2321 3491 20 23 if
2356 3494 41 19 not
2413 3490 85 30 inspire

1916 3525 98 31 Captain
2025 3524 100 24 Hobson
2136 3524 55 24 with
2203 3532 14 15 a
2228 3532 66 16 sense
2309 3524 23 23 of
2347 3523 38 23 the
2402 3523 96 31 injuries

1914 3558 30 23 he
1955 3565 45 16 was
2011 3558 114 30 inflicting
2142 3565 65 23 upon
2218 3557 47 24 this
2279 3557 132 24 settlement.
2447 3555 51 24 The

1914 3592 102 29 meeting
2026 3590 75 32 might
2111 3591 29 23 be
2154 3591 86 23 certain
2253 3590 49 24 that
2310 3590 34 23 his
2355 3588 142 31 Excellency

1916 3625 38 23 Sir
1967 3625 90 29 George
2077 3624 75 31 Gipps
2169 3624 75 23 would
2254 3631 65 16 never
2338 3623 103 23 sanction
2453 3630 44 22 any

1915 3662 49 20 acts
1976 3658 25 22 of
2009 3657 107 32 injustice
2129 3656 96 25 towaids
2235 3656 47 24 this
2293 3656 133 23 settlement.
2457 3654 39 24 He

1914 3691 46 24 had
1972 3698 28 17 no
2016 3694 64 28 petty
2091 3690 96 30 feelings
2207 3690 24 23 of
2243 3689 101 31 jealousy
2363 3696 25 16 or
2403 3687 92 32 rivalry,

1915 3724 46 24 and
1971 3724 36 24 his
2018 3724 48 23 real
2078 3724 91 31 opinion
2187 3723 25 23 of
2228 3730 40 16 our
2286 3723 75 23 merits
2379 3721 45 24 had
2439 3721 59 24 been

1915 3757 110 29 declared,
2037 3757 31 31 by
2081 3757 39 24 the
2132 3755 115 24 readiness
2259 3755 51 24 with
2321 3754 73 24 which
2412 3754 28 23 he
2452 3753 44 25 had

1915 3790 106 24 assumed
2032 3789 177 31 responsibility,
2221 3789 25 23 in
2263 3796 14 16 a
2291 3788 52 30 high
2361 3786 88 32 degree,
2461 3787 37 23 for

1916 3832 42 15 our
1974 3824 134 30 protection.
2144 3822 23 24 It
2187 3821 118 32 appeared,
2314 3818 92 34 indeed^
2416 3822 29 21 to'
2458 3820 39 23 the

1916 3857 104 31 speaker,
2042 3856 50 23 that
2112 3855 96 31 Captain
2228 3854 102 28 Hobson,
2341 3854 26 23 in

1915 3891 47 22 this
1985 3889 135 27 settlement,
2141 3895 45 16 was
2206 3887 118 31 rendering
2341 3886 95 24 himself
2456 3887 39 23 ob-

1916 3924 94 22 noxious
2022 3927 23 19 to
2058 3922 35 23 his
2113 3921 109 31 superior,
2237 3920 56 30 who,
2310 3921 24 23 in
2351 3920 145 31 recognizing

1328 493 63 22 Your
1400 494 116 27 Majesty's
1524 495 108 22 attention
1643 495 18 21 is
1667 495 71 22 called
1746 498 22 19 to
1776 496 38 21 the
1821 497 63 26 facts,

1301 519 49 22 that
1359 528 13 13 a
1381 526 63 21 great
1459 521 95 27 scarcity
1564 522 25 21 of
1602 521 81 22 skilled
1696 522 78 22 labour
1785 523 68 21 exists
1863 523 23 21 in

1301 545 44 23 this
1351 547 128 22 settlement
1487 555 5 19 ;
1504 547 48 22 that
1559 547 37 23 the
1602 549 107 21 artificers
1720 549 44 21 and
1773 549 113 22 labourers

1300 573 100 22 resident
1407 573 60 28 here,
1477 573 57 22 have
1544 575 56 21 been
1609 575 99 26 brought
1715 575 56 22 from
1782 575 105 28 England

1301 602 23 18 at
1333 599 37 22 the
1378 607 99 20 expence
1485 601 26 21 of
1517 601 37 21 the
1563 601 144 22 landholders
1715 601 43 22 and
1766 602 120 27 capitalists

1301 625 26 21 of
1334 626 54 22 Port
1396 626 129 27 Nicholson,
1537 627 53 22 with
1599 627 38 22 the
1647 628 183 27 understanding,
1842 629 44 21 and

1299 651 25 23 in
1334 652 37 22 the
1381 653 40 22 full
1430 654 73 27 belief,
1515 653 49 22 that
1571 654 54 27 tbey
1637 662 57 14 were
1705 657 22 19 to
1736 655 87 21 remain
1832 655 54 22 here

1299 678 36 22 for
1351 686 29 16 an
1395 680 116 22 indefinite
1527 680 89 27 period;
1634 681 48 21 that
1699 681 152 28 employment
1866 682 24 22 of

1301 705 44 22 this
1351 707 106 22 valuable
1472 707 46 21 and
1532 711 60 17 most
1606 708 137 26 respectable
1759 709 89 26 portion
1865 709 25 21 of

1301 739 40 15 our
1351 734 145 26 community,
1506 737 23 18 at
1539 733 53 27 high
1601 741 79 20 wages,
1692 734 19 22 is
1721 738 109 23 constant,
1842 735 44 21 and

1301 758 38 22 the
1355 759 97 23 demand
1467 761 34 21 for
1511 759 57 23 their
1578 761 95 21 services
1686 761 127 26 increasing
1821 770 4 17 ;
1842 761 45 22 and

1300 784 49 23 that
1357 786 38 22 the
1405 787 123 27 prosperity
1538 787 24 21 of
1569 787 36 21 the
1616 787 129 22 settlement
1752 788 87 27 mainly
1850 788 36 22 de-

1299 813 71 26 pends
1379 820 58 20 upon
1453 821 14 14 a
1482 813 111 22 sufficient
1607 813 82 28 supply
1699 815 26 20 of
1734 813 44 23 this
1791 814 96 28 descrip-

1299 839 48 21 tion
1355 840 26 21 of
1386 840 85 22 labour.
1499 840 164 27 Nevertheless,
1672 841 46 21 and
1724 841 51 21 with
1783 848 14 14 a
1802 841 85 27 perfect

1300 865 129 28 knowledge
1450 867 27 21 of
1495 867 146 27 diminishing
1663 867 38 21 the
1719 868 84 26 supply,
1821 867 66 23 Lieu-

1300 893 206 23 tenant-Governor
1517 893 92 22 Hobson
1618 894 46 21 has-
1668 897 51 19 sent
1728 902 12 13 a
1750 894 72 22 vessel
1828 895 59 21 from

1300 919 127 28 Auckland,
1437 920 35 22 his
1482 923 47 19 seat
1546 920 25 22 of
1585 920 161 27 Government,
1757 920 54 22 with
1822 921 64 21 offers

1301 946 26 21 of
1334 954 12 13 a
1355 947 47 21 free
1412 954 98 20 passage,
1522 947 45 21 and
1577 947 64 21 other
1649 947 141 26 advantages,
1799 951 23 17 to
1833 947 54 23 such

1301 973 106 22 artificers
1416 974 45 21 and
1469 973 114 22 labourers
1595 980 24 15 as
1637 980 52 20 may
1705 973 27 22 be
1751 973 99 23 induced
1865 978 21 18 to

1299 999 64 22 leave
1373 1000 37 22 the
1424 1001 84 21 service
1519 1001 26 21 of
1551 1008 55 19 your
1618 1001 136 27 petitioners,
1767 1000 44 22 and
1825 1004 62 18 enter

1300 1026 48 22 into
1357 1026 35 22 his
1402 1027 158 28 employment.

1327 1053 47 22 The
1392 1057 46 19 cost
1454 1055 26 21 of
1492 1054 95 27 sending
1602 1053 66 23 down
1683 1053 43 22 this
1740 1053 49 28 ship
1805 1053 35 22 for
1850 1054 37 21 the

1302 1079 69 23 above
1381 1088 94 20 purpose
1489 1081 45 21 will
1542 1081 28 21 be
1579 1081 109 26 defrayed
1697 1080 56 22 from
1764 1081 36 21 the
1811 1081 75 26 public

1301 1114 97 14 xevenue
1407 1116 4 18 ;
1423 1107 45 22 and
1477 1107 58 27 thus,
1545 1107 38 21 the
1593 1107 87 22 settlers
1691 1107 26 21 of
1728 1108 53 21 Port
1795 1107 92 22 Nichol-

1301 1140 41 14 son
1358 1134 44 22 will
1411 1135 56 21 have
1477 1137 40 18 not
1527 1134 53 26 only
1589 1134 53 27 paid
1658 1134 36 22 for
1705 1134 36 22 the
1758 1140 93 21 passage
1866 1135 25 20 of

1301 1160 58 22 their
1368 1161 114 22 workmen
1491 1161 58 21 from
1566 1161 111 26 England,
1689 1161 40 21 but
1739 1161 45 21 will
1798 1161 47 21 also
1860 1161 27 21 be

1301 1187 68 21 taxed
1386 1191 23 18 to
1426 1195 44 20 pay
1489 1187 38 22 the
1546 1191 47 18 cost
1617 1188 27 21 of
1658 1187 108 27 seducing
1781 1187 63 22 them
1865 1191 22 18 to

1302 1214 127 22 Auckland.

1328 1240 41 22 We
1378 1241 73 22 would
1459 1241 95 27 humbly
1560 1244 116 25 represent
1683 1243 23 19 to
1716 1248 55 20 your
1781 1240 106 28 Majesty,

1302 1267 48 21 that
1359 1267 38 22 the
1406 1271 93 24 attempt
1516 1271 23 18 to
1555 1271 100 24 promote
1673 1267 37 22 the
1726 1269 125 26 prosperity
1867 1267 23 22 of

1302 1301 43 15 one
1353 1298 51 23 part
1415 1295 25 21 of
1447 1302 57 19 your
1520 1295 117 26 Majesty's
1654 1294 126 22 dominions
1793 1294 24 22 in
1833 1295 56 21 New

1301 1320 106 29 Zealand,
1424 1322 30 27 by
1468 1321 111 26 inflicting
1593 1329 14 13 a
1625 1321 103 27 grievous
1744 1321 46 21 and
1807 1321 82 27 lasting

1300 1347 76 28 injury
1385 1356 28 14 on
1425 1348 93 22 another
1528 1348 44 22 and
1581 1348 35 21 far
1630 1355 62 14 more
1708 1348 122 27 important
1839 1356 50 19 por-

1301 1375 54 26 tion,
1372 1375 26 26 is,
1415 1375 23 21 in
1458 1375 114 27 principle,
1591 1374 151 27 unjustifiable
1750 1382 5 19 ;
1778 1375 45 21 and
1842 1375 48 21 that

1302 1401 43 22 this
1355 1403 82 26 species
1447 1402 26 21 of
1480 1401 145 28 competition
1635 1401 23 21 in
1673 1409 16 14 a
1705 1401 118 22 Governor
1837 1401 51 22 with

1301 1427 35 22 his
1345 1429 103 26 subjects,
1459 1429 19 21 is
1488 1428 98 28 opposed
1595 1431 23 19 to
1630 1428 37 22 the
1682 1428 117 27 principles
1814 1428 26 22 of
1851 1429 38 21 the

1302 1454 82 23 British
1392 1455 156 28 Constitution,
1556 1455 45 21 and
1607 1455 26 26 is,
1640 1462 122 19 moreover,
1773 1455 116 27 decidedly

1301 1486 125 23 repugnant
1435 1485 23 19 to
1466 1482 37 22 the
1512 1482 144 22 instructions
1665 1481 71 22 which
1745 1481 145 23 Lieutenant-

1304 1508 115 23 Governor
1437 1509 95 21 Hobson
1551 1516 44 14 was
1615 1508 149 22 commanded
1781 1508 30 27 by
1833 1516 57 20 yoiu:

1303 1535 115 28 Majesty's
1430 1536 155 22 Government
1593 1539 23 17 to
1628 1535 64 27 obey.

1330 1562 108 27 Hopeless
1449 1563 26 21 of
1487 1563 85 21 redress
1582 1563 58 21 from
1652 1561 37 23 his
1705 1562 137 27 Excellency
1852 1562 37 22 the

1304 1589 267 27 Lieutenant-Governor,
1590 1589 26 21 of
1630 1588 74 22 whose
1722 1588 108 28 unhappy
1846 1589 43 21 and

1302 1615 117 28 ill-judged
1432 1616 100 27 hostility
1542 1619 22 18 to
1579 1615 45 22 this
1641 1615 128 21 settlement
1785 1622 32 15 we
1831 1615 57 22 have

1301 1643 103 21 received
1411 1644 41 20 but
1461 1646 37 18 too
1508 1650 69 19 many
1586 1642 82 27 proofs,
1678 1642 44 21 and
1731 1642 88 28 relying
1828 1650 61 20 upon

1302 1676 56 21 your
1367 1670 116 27 Majesty's
1492 1669 110 22 maternal
1612 1676 50 14 care
1672 1669 36 21 for
1717 1669 36 21 the
1767 1669 90 22 welfare
1867 1669 26 21 of

1302 1694 174 30 your''!subjects,
1486 1696 99 22 whether
1594 1699 25 18 at
1633 1695 67 22 home
1715 1703 24 14 or
1755 1695 91 27 abroad,
1857 1704 32 14 we

1303 1723 92 28 humbly
1411 1723 72 22 solicit
1501 1730 56 20 your
1572 1723 119 26 Majesty's
1711 1726 58 18 most
1786 1723 102 26 gracious

1301 1750 146 22 interference
1458 1757 28 15 on
1505 1758 39 14 our
1559 1749 83 26 behalf,
1653 1750 33 26 by
1698 1749 108 27 recalling
1823 1749 66 22 Lieu-

1303 1778 203 21 tenant-Governor
1517 1777 102 26 Hobson,
1630 1777 45 21 and
1685 1776 108 27 affording
1800 1784 26 14 us
1835 1777 54 21 such

1303 1804 62 23 other
1374 1804 65 22 relief
1445 1812 24 14 as
1480 1807 23 18 to
1512 1811 56 19 your
1578 1803 100 27 Majesty
1687 1803 55 21 shall
1752 1810 61 14 seem
1824 1803 32 21 fit.

1331 1831 52 22 And
1392 1838 55 21 your
1462 1831 140 26 Petitioners,
1614 1838 24 14 as
1647 1830 25 22 in
1684 1829 52 28 duty
1746 1829 84 28 bound,
1846 1830 43 22 will

1303 1866 51 14 ever
1363 1866 62 20 pray,
1437 1859 40 21 &c.
1488 1859 41 20 &c.

1336 1896 21 24 J.
1390 1897 26 23 C.
1442 1896 155 28 Crawford,
1624 1895 67 32 Esq.,
1715 1895 112 24 seconded
1851 1895 37 24 the

1302 1930 86 23 motion
1416 1929 36 23 for
1479 1930 38 23 the
1543 1928 107 32 adoption
1674 1929 24 22 of
1720 1928 39 24 the
1785 1929 102 24 address.

1303 1963 58 23 This
1374 1963 88 30 Colony
1480 1962 46 23 had
1536 1963 59 23 been
1607 1961 100 25 founded
1717 1962 30 31 by
1760 1970 42 15 one
1816 1962 25 23 of
1851 1963 37 23 the

1294 1999 69 29 Inmost
1381 1992 94 33 spirited
1496 1986 307 36 uuo^fialatigs^th^t^eVer
1810 1997 77 19 Ema-

1303 2027 68 23 nated
1383 2026 57 24 from
1451 2026 38 23 the
1507 2026 78 23 shores
1604 2026 26 23 of
1638 2026 109 30 England
1756 2035 6 19 ;
1781 2027 107 23 notwith-

1305 2060 106 30 standing
1428 2060 81 28 which,
1522 2060 17 23 it
1557 2059 45 23 had
1620 2063 41 19 not
1682 2059 94 31 escaped
1790 2060 97 28 attacks,

1304 2094 42 22 but
1357 2101 25 15 as
1395 2094 52 29 they
1458 2101 65 17 were,
1529 2092 115 31 generally
1663 2092 26 24 of
1705 2093 37 23 the
1753 2097 61 19 most
1825 2093 64 30 lying

1305 2126 44 23 and
1378 2126 128 31 disgusting
1534 2126 122 29 character,
1680 2125 52 31 they
1761 2134 59 15 were
1849 2131 40 18 not

1305 2160 88 30 worthy
1404 2160 24 22 of
1444 2160 87 22 further
1543 2160 83 22 notice.
1661 2160 35 22 At
1712 2160 52 28 last,
1776 2158 111 30 however,

1305 2193 54 31 they
1371 2193 45 22 had
1426 2193 58 23 been
1497 2192 105 23 attacked
1616 2193 24 22 in
1652 2192 38 23 the
1703 2196 58 19 most
1773 2192 115 31 disgrace-

1305 2226 33 23 ful
1350 2234 94 15 manner
1453 2226 31 30 by
1498 2226 65 31 Capt.
1578 2225 101 24 Hobson
1712 2225 37 23 the
1761 2233 54 15 man
1828 2226 58 28 who,

1306 2260 25 23 of
1339 2260 32 23 all
1382 2259 83 29 others,
1478 2259 71 31 ought
1560 2264 22 18 to
1594 2259 58 23 have
1665 2258 111 24 extended
1787 2258 37 24 his
1835 2267 53 23 pro-

1305 2294 82 22 tection
1411 2297 22 19 to
1455 2292 63 24 them
1553 2290 87 32 (hear.)
1683 2292 49 23 The
1751 2292 139 24 Lieutenant

1306 2326 118 23 Governor
1443 2334 45 15 was
1507 2325 96 31 seeking
1621 2330 22 18 to
1663 2325 90 31 deprive
1769 2325 38 24 the
1821 2325 68 24 Colo-

1305 2360 58 23 nists
1380 2360 24 22 of
1419 2360 80 22 labour
1517 2359 34 23 for
1569 2359 75 23 which
1662 2358 53 32 they
1734 2358 46 24 had
1799 2358 90 31 already

1305 2393 66 31 paid;
1392 2401 45 15 was
1452 2393 48 23 that
1510 2393 82 23 honest
1600 2393 10 23 ?
1646 2392 133 31 Supposing
1789 2392 63 24 them
1865 2397 23 18 to

1304 2427 28 23 be
1346 2427 84 28 Caesar,
1444 2426 43 23 and
1499 2426 66 31 Capt.
1586 2425 101 24 Hobson
1705 2426 95 28 Brutus,
1815 2426 74 31 might

1305 2459 54 32 they
1375 2464 40 19 not
1435 2459 97 24 exclaim
1608 2463 32 24 tv,
1802 2459 48 23 But
1860 2459 29 23 he

1303 2493 76 31 hoped
1390 2493 53 30 they
1449 2492 75 24 would
1534 2497 41 19 not
1586 2501 42 22 say

1305 2527 37 22 No
1351 2527 6 23 !
1371 2527 30 22 let
1412 2526 39 23 the
1470 2525 115 25 Colonists
1604 2525 58 24 have
1675 2534 13 14 a
1699 2525 135 24 watchword
1846 2525 43 24 and

1306 2568 13 15 a
1330 2560 98 31 rallying
1439 2560 64 31 point
1516 2567 83 22 among
1612 2559 70 27 them,
1695 2558 44 24 and
1750 2558 54 31 they
1815 2559 75 30 might

1304 2593 40 23 bid
1355 2593 99 24 defiance
1466 2597 23 19 to
1508 2593 30 23 all
1552 2593 59 23 their
1623 2593 99 23 enemies
1757 2592 31 23 all
1800 2592 89 24 attacks

1337 2626 56 24 both
1411 2626 132 33 direct^and
1560 2626 97 23 indirect
1692 2623 113 34 (cheers.)
1840 2626 48 23 Mr.

1306 2660 117 23 Crawford
1441 2659 123 24 concluded
1581 2667 14 15 a
1618 2659 93 30 spirited
1734 2658 102 29 address,
1859 2659 32 30 by

1305 2694 107 30 cordially
1425 2694 134 31 supporting
1569 2692 38 24 the
1619 2691 136 24 resolutions
1767 2692 82 23 moved
1858 2692 33 30 by

1306 2727 67 31 Capt.
1389 2727 101 24 Daniell.

1338 2760 33 24 R.
1389 2760 32 24 D.
1442 2760 120 28 Hanson,
1584 2759 68 31 Esq.,
1670 2760 25 22 in
1706 2758 71 32 rising
1789 2763 23 19 to
1824 2767 65 15 move

1304 2802 29 15 an
1343 2793 151 30 amendment,
1507 2793 49 24 said
1574 2792 51 24 that
1640 2792 56 24 with
1713 2792 39 24 the
1771 2793 119 30 exception

1305 2827 24 23 of
1345 2836 13 14 a
1369 2827 42 23 few
1422 2827 82 29 words,
1517 2827 62 23 there
1597 2833 45 16 was
1662 2825 99 31 scarcely
1779 2826 112 30 anything

1304 2861 24 23 in
1339 2861 39 23 the
1390 2860 92 24 address
1499 2860 54 24 read
1571 2860 33 30 by
1623 2859 97 31 Captain
1736 2858 95 24 Daniell
1841 2859 49 23 that

1304 2894 29 23 he
1345 2894 83 24 should
1439 2894 74 31 object
1525 2897 22 20 to
1556 2902 6 19 ;
1581 2893 38 23 his
1635 2892 155 25 observations
1804 2892 83 30 would,

1305 2927 119 30 therefore,
1435 2928 28 23 be
1475 2927 82 31 chiefly
1569 2926 101 24 directed
1683 2930 22 19 to
1716 2925 39 24 the
1766 2926 125 31 important

1304 2965 60 27 part,
1383 2962 55 28 viz.,
1462 2960 38 24 the
1518 2967 90 24 prayer.
1649 2959 50 24 The
1720 2959 129 31 unanimity
1868 2959 25 23 of

1304 2995 85 29 feeling
1411 2995 90 30 against
1519 2993 38 24 the
1575 2993 149 31 proceedings
1745 2992 24 24 of
1793 2992 97 31 Captain

1306 3027 105 30 Hobson,
1432 3027 45 24 and
1495 3027 38 24 the
1551 3030 93 27 prompt
1661 3033 94 16 manner
1773 3026 25 22 in
1816 3025 74 24 which

1305 3061 38 23 the
1357 3061 114 24 Colonists
1482 3061 46 23 had
1539 3059 80 24 united
1634 3063 24 19 to
1676 3058 63 32 repel
1756 3058 39 24 the
1814 3058 77 24 attack

1305 3094 68 24 make
1380 3103 62 23 upon
1452 3094 60 24 their
1519 3094 114 27 interests,
1641 3092 74 24 would
1727 3092 109 23 convince
1842 3092 48 23 him

1306 3127 49 24 that
1362 3128 53 31 they
1425 3127 76 24 would
1512 3131 40 20 not
1560 3127 30 23 be
1603 3125 98 24 assailed
1706 3125 56 23 with
1769 3125 120 31 impunity,

1340 3159 73 33 (hear,
1422 3161 44 23 and
1473 3158 99 33 cheers.)
1610 3159 51 24 The
1668 3158 100 31 meeting
1778 3158 111 29 however,

1307 3195 71 31 ought
1399 3200 23 18 to
1442 3193 103 25 consider
1562 3193 103 23 whether
1684 3191 36 24 the
1739 3199 80 15 course
1837 3198 53 25 pro-

1305 3228 72 30 posed
1386 3229 31 30 by
1430 3228 97 31 Captain
1538 3226 95 25 Daniell
1648 3233 46 16 was
1701 3224 71 31 really
1784 3225 50 23 that
1840 3225 51 23 best

1306 3261 126 24 calculated
1449 3265 24 19 to
1496 3260 99 24 advance
1614 3259 38 23 the
1672 3258 42 24 end
1732 3258 54 29 they
1804 3258 45 22 had
1866 3258 26 22 in

1305 3294 65 24 view.
1406 3294 39 24 He
1459 3294 38 23 did
1508 3298 40 19 not
1559 3292 67 24 think
1646 3292 49 23 that
1713 3292 18 22 it
1750 3299 53 15 was.
1840 3290 51 24 The

1305 3329 62 22 main
1378 3332 60 19 want
1450 3327 25 24 of
1490 3327 37 23 the
1540 3326 137 27 settlement,
1689 3332 45 15 was
1747 3332 13 15 a
1771 3328 87 27 system
1870 3324 24 23 of

1306 3361 157 24 Government
1473 3360 72 24 under
1556 3358 76 25 which
1638 3358 58 23 their
1703 3358 107 23 interests
1818 3357 74 23 would

1305 3395 27 23 be
1344 3394 115 32 protected
1470 3393 45 25 and
1526 3392 122 27 advanced,
1658 3391 43 23 and
1711 3390 38 24 the
1762 3390 80 31 simple
1853 3398 38 15 re-

1306 3428 43 23 call
1357 3428 24 23 of
1386 3437 14 14 a
1409 3426 275 25 Lieutenant-Governor
1693 3424 74 23 would
1773 3428 41 19 not
1826 3423 65 24 effect

1305 3461 58 24 that.
1398 3461 46 24 Let
1456 3460 38 24 the
1507 3460 107 23 colonists
1626 3458 79 31 appeal
1717 3462 22 18 to
1751 3458 39 22 the
1803 3457 88 23 British

1306 3494 143 31 Legislature
1459 3503 5 20 ;
1503 3497 56 20 state
1571 3492 60 23 their
1642 3498 90 24 wrongs
1750 3491 85 29 clearly
1847 3490 44 23 and

1304 3527 73 32 freely
1383 3537 5 20 ;
1403 3527 45 24 and
1459 3530 94 28 suggest
1564 3525 40 24 the
1616 3525 142 31 appropriate
1769 3523 119 29 remedies,

1305 3561 45 24 and
1372 3561 54 31 they
1448 3560 74 23 would
1540 3560 28 23 be
1588 3566 52 16 sure
1660 3559 26 22 of
1704 3557 98 23 redress.
1850 3556 40 23 He

1305 3594 109 32 objected,
1426 3593 99 28 besides,
1534 3597 23 19 to
1567 3600 14 15 a
1592 3592 97 31 petition
1694 3590 35 24 for
1736 3590 77 28 recall,
1823 3588 67 32 (even

1304 3626 20 24 if
1339 3627 38 24 the
1388 3627 70 24 recall
1470 3626 25 24 of
1511 3626 98 30 Captain
1620 3624 99 24 Hobson
1737 3630 58 16 were
1814 3623 75 23 consi-

1305 3661 69 24 dered
1384 3661 25 23 of
1424 3658 151 33 importance)
1593 3658 96 23 because
1707 3657 19 22 it
1743 3663 46 16 was
1809 3655 81 24 almost

1305 3702 52 15 sure
1369 3698 21 20 to
1398 3693 74 24 defeat
1480 3693 28 23 its
1517 3691 82 32 object.
1636 3690 51 23 The
1699 3689 105 24 Colonial
1817 3689 73 23 Office

1304 3734 46 16 was
1369 3727 40 23 riot
1426 3727 25 23 in
1468 3726 38 23 the
1524 3725 64 23 habit
1607 3724 25 23 of
1655 3722 133 31 submitting
1810 3726 23 19 to
1851 3722 38 24 the

1305 3767 139 25 appearance
1456 3759 25 23 of
1494 3759 116 27 dictation,
1623 3757 45 22 and
1680 3755 36 24 the
1725 3755 65 24 effect
1799 3755 24 23 of
1833 3755 56 23 such

1305 3802 13 15 a
1329 3794 96 31 petition
1435 3792 75 24 would
1520 3790 110 33 probably
1641 3790 29 23 be
1683 3793 20 19 to
1717 3788 95 23 confirm
1821 3788 66 31 Capt.

1299 3826 105 25 'Hobson
1415 3827 24 22 in
1458 3833 29 16 an
1506 3825 64 23 office
1588 3823 61 23 from
1667 3821 72 25 which
1757 3821 29 23 he
1806 3822 81 28 would,

1305 3860 127 28 otherwise,
1443 3859 29 23 be
1485 3857 92 32 speedly
1590 3856 121 31 displaced.
1736 3854 51 24 The
1801 3854 88 32 Colony

1304 3901 46 15 was
1358 3893 70 29 really
1434 3891 81 32 placed
1527 3892 21 21 iv
1557 3899 13 14 a
1578 3893 60 20 most
1645 3888 132 24 formidable
1788 3888 99 30 position

1293 3931 2 19 !
1304 3927 35 23 for
1351 3926 116 29 obtaining
1478 3924 71 23 relief.
1599 3922 66 30 They
1677 3921 45 24 liacl
1731 3921 54 30 long
1798 3920 39 24 felt
1851 3920 36 24 the
1897 3931 2 24 ;

687 497 24 19 to
729 493 99 30 impress
848 500 62 23 upon
929 493 39 23 the
985 493 76 24 minds
1080 495 24 22 of
1120 494 37 24 the
1176 495 105 31 settlers,?

687 525 52 24 that
819 526 20 23 is
856 530 41 19 not
915 526 109 24 intended
1045 531 23 19 to
1087 527 127 31 dispossess
1237 526 41 24 the'

688 566 88 16 owners
788 558 26 24 of
828 566 45 23 any
883 563 108 27 property
1004 561 106 30 acquired
1119 568 62 24 upon
1188 561 87 30 equita-

686 591 37 24 ble
755 591 128 24 conditions
910 592 132 31 previously
1063 597 22 19 to
1108 593 35 24 his

687 624 49 24 Yet
746 625 26 23 in
783 625 39 23 the
833 625 50 23 face
895 625 25 23 of
936 625 53 29 this,
1008 625 30 23 he
1056 625 69 25 dared
1136 631 22 19 to
1176 626 53 31 defy
1239 626 36 24 his

687 658 158 29 instructions,
869 658 44 23 and
936 665 40 24 say
1000 658 49 24 that
1071 659 39 24 the
1136 659 139 32 Company's

685 691 67 23 lands
765 695 24 19 at
799 691 133 31 Wanganui
943 691 44 23 and
998 691 124 31 Taranaki,
1134 693 75 24 which
1218 700 57 16 were

687 724 109 31 acquired
812 732 63 24 upon
893 724 114 32 equitable
1026 726 125 23 conditions
1170 726 105 32 previous

687 761 24 19 to
731 758 37 23 his
787 758 91 29 arrival,
898 758 60 24 shall
973 763 41 19 not
1024 759 28 23 be
1064 759 177 31 acknowledged
1251 766 24 15 as

688 799 60 16 ours.
786 791 51 24 The
859 791 67 24 noble
949 791 65 24 Lord
1035 792 87 24 further
1144 791 131 25 commands

687 824 51 24 that
760 825 40 23 the
851 825 91 23 settlers
960 825 73 24 under
1049 825 40 24 the
1106 825 58 24 New
1176 824 99 25 Zealand

689 858 120 31 Company
820 858 83 23 should
913 858 29 24 be
953 858 87 24 treated
1048 858 55 24 with
1111 858 164 24 consideration

689 891 45 23 and
926 892 51 23 The
997 897 66 18 event
1074 892 25 23 of
1113 892 46 23 this
1176 892 99 30 meeting

689 925 74 23 would
775 925 61 23 shew
848 925 59 23 their
924 926 93 30 opinion
1034 925 100 24 whether
1150 925 47 24 this
1214 932 60 16 com-

687 958 70 23 mand
779 958 45 23 had
847 966 24 15 or
889 958 47 22 had
946 962 40 18 not
997 958 58 23 been
1067 958 111 31 complied
1188 958 55 23 with

688 989 116 33 (cheers).'
837 991 40 23 He
889 989 50 31 (the
953 989 134 33 Chairman)
1098 999 45 15 was
1156 999 65 23 sorry
1228 991 47 23 that

689 1023 134 23 differences
835 1023 26 23 of
866 1024 92 29 opinion
966 1023 47 23 had
1020 1024 74 23 arisen
1103 1029 104 26 amongst
1214 1024 61 23 them

688 1057 131 30 respecting
839 1056 38 23 the
895 1056 114 30 language
1028 1057 24 22 of
1073 1057 39 23 the
1133 1058 140 30 requisition,

688 1089 42 23 but
741 1089 114 23 whatever
866 1089 66 23 those
950 1089 131 24 differences
1099 1090 75 31 might
1190 1091 37 28 be,
1246 1090 28 24 he

689 1122 116 24 entreated
817 1123 63 23 them
892 1126 22 20 to
922 1127 37 19 act
965 1123 54 23 with
1027 1125 126 29 unanimity
1162 1133 5 19 ;
1181 1124 96 31 nothing

688 1156 75 23 would
776 1156 50 30 give
839 1163 25 16 so
871 1160 65 26 great
944 1163 28 16 an
979 1156 125 31 advantage
1115 1161 23 19 to
1150 1157 39 23 the
1197 1165 87 23 enemy,

689 1196 24 16 as
733 1194 22 18 to
773 1189 91 30 destroy
883 1189 61 29 this;
969 1189 34 23 let
1021 1189 61 24 them
1099 1191 54 22 bear
1171 1191 104 27 in.jnind

688 1222 39 23 the
738 1222 38 24 old
786 1222 61 24 fable
861 1222 24 23 of
900 1223 39 23 the
1076 1224 25 22 of
1233 1222 51 24 and'

688 1255 56 24 then
755 1255 55 31 they
826 1256 75 30 might
920 1255 72 31 safely
1004 1256 51 31 defy
1072 1256 39 23 the
1129 1261 108 27 attempts
1254 1257 24 22 of

689 1296 45 23 any
746 1297 42 16 one
800 1293 23 20 to
838 1290 75 31 injure
932 1289 58 24 their
1009 1290 146 31 community.
1191 1291 25 22 A
1233 1290 42 23 few

689 1322 55 30 days
757 1330 51 24 ago,
821 1331 14 15 a
845 1323 93 30 placard
950 1330 45 16 was
1008 1323 121 23 circulated
1136 1323 139 31 throughout

687 1355 40 23 the
738 1359 69 25 town,
820 1356 131 30 emanating
962 1356 58 23 from
1031 1356 36 23 the
1075 1356 115 31 Working
1197 1356 76 24 Men's

687 1389 155 28 Association,
856 1389 45 23 and
911 1389 91 23 written
1012 1390 24 22 in
1044 1385 24 27 *a
1086 1398 94 15 manner
1197 1389 78 31 highly

689 1422 121 24 creditable
822 1427 23 18 to
858 1422 50 23 that
924 1422 69 31 body.
1030 1422 70 24 From
1117 1423 50 23 that
1184 1423 92 31 placard

687 1455 29 23 lie
734 1455 76 24 would
827 1456 59 23 infer
904 1455 50 24 that
970 1455 39 24 the
1028 1456 103 30 working
1148 1464 53 16 men
1219 1464 57 16 were

687 1489 103 24 satisfied
807 1489 53 24 with
878 1489 60 23 their
955 1490 98 30 position
1062 1498 6 20 ;
1095 1490 43 23 and
1157 1490 29 23 he
1203 1489 73 32 hoped

687 1522 50 23 that
749 1521 30 25 all
790 1527 94 27 present
894 1522 75 24 would
979 1523 63 23 unite
1056 1522 55 24 with
1122 1522 49 24 him
1182 1523 24 23 in
1224 1530 51 16 ren-

689 1555 81 31 dering
788 1564 14 15 a
821 1555 95 32 helping
933 1555 62 24 hand
1013 1560 22 19 to
1054 1556 57 23 their
1133 1556 152 29 Institution,'

688 1589 45 24 and
745 1589 53 23 thus
810 1588 58 32 keep
880 1596 31 24 up
929 1588 50 24 that
997 1589 58 30 good
1072 1589 86 31 feeling
1176 1584 110 29 between^

688 1622 39 24 the
738 1622 128 32 employers
878 1622 46 23 and
934 1622 38 23 the
984 1622 124 31 employed,
1120 1631 25 15 so
1157 1631 120 23 necessary

688 1660 23 19 to
724 1655 38 24 the
774 1655 133 32 well-being
919 1655 25 23 of
958 1664 14 14 a
983 1663 48 15 new
1043 1655 86 31 Colony
1165 1654 111 34 (cheers.)

689 1688 52 25 The
754 1688 124 25 Chairman
890 1688 125 24 concluded
1025 1688 31 32 by
1068 1689 84 31 calling
1162 1697 62 24 upon

725 1723 98 31 Captain
842 1722 119 24 Edward
974 1722 129 29 Daniell,
1115 1723 50 23 who
1184 1731 51 15 rose
1254 1727 21 19 to

689 1764 64 15 move
779 1756 38 23 the
843 1756 116 31 following
984 1756 69 23 series
1080 1756 25 23 of
1129 1756 144 24 resolutions.

690 1789 39 24 He
742 1787 80 34 (Capt.
836 1788 46 33 D.)
894 1789 84 32 agreed
996 1790 24 22 in
1038 1797 67 23 every
1123 1790 62 23 word
1202 1790 82 32 wbich^

689 1823 54 31 they
763 1823 127 29 contained,
906 1822 46 24 and
969 1822 87 24 trusted
1074 1823 51 30 they
1144 1822 76 25 would
1239 1831 36 15 re*

689 1857 62 23 ceive
764 1857 38 23 the
814 1857 136 23 unanimous
969 1857 103 22 sanction
1084 1857 25 22 of
1118 1857 37 22 the
1167 1857 106 30 meeting.

716 1894 58 22 That
784 1894 266 22 Lieutenant-Governor
1061 1894 94 21 Hobson
1172 1894 40 21 has
1230 1902 47 19 sys-

689 1921 137 28 tematically
835 1921 119 27 neglected
962 1921 36 21 bis
1007 1921 54 27 duty
1071 1924 23 18 to
1103 1921 41 21 her
1160 1921 117 27 Majesty's

689 1948 98 27 subjects
798 1948 80 22 settled
887 1951 24 18 at
921 1948 53 22 Port
984 1948 129 22 Nicholson.

717 1975 59 21 That
784 1975 35 21 his
830 1975 166 25 Excellencyis-
1002 1977 80 20 recant
1098 1977 93 25 attempt
1207 1977 23 19 to
1237 1974 50 29 .&.a~^

689 2000 124 26 privethis
830 2000 128 21 settlement
975 1998 25 22 of
1011 1999 27 22 its
1049 1995 236 31 sll&ria'bcSlff^iby*

687 2026 110 28 inducing
812 2026 129 22 mechanics
957 2025 46 22 and
1019 2025 105 23 artificers
1136 2029 24 18 to
1175 2026 63 21 leave

690 2054 45 21 and
745 2057 64 18 enter
816 2054 49 21 into
875 2053 39 22 the
924 2052 153 28 employment
1087 2052 24 22 of
1124 2052 154 22 Government

689 2083 23 18 at
731 2080 128 27 Auckland,
881 2080 20 21 is
919 2079 125 22 calculated
1062 2083 23 18 to
1103 2079 73 22 inflict
1195 2079 82 22 serious

689 2107 74 27 injury
774 2115 60 19 upon
845 2108 38 20 the
894 2106 134 22 settlement.

716 2134 59 22 That
791 2134 38 22 the
845 2133 104 22 annexed
964 2134 94 26 petition
1068 2128 71 27 tcTtlie
1157 2133 79 23 Queen
1252 2132 27 22 be

689 2160 123 22 forwarded
833 2164 23 18 to
875 2160 111 27 England,
1002 2160 45 21 and
1064 2160 119 26 presented
1200 2163 23 18 to
1240 2159 40 22 her

690 2187 105 27 Majesty,
813 2188 84 26 stating
912 2188 38 21 the
967 2188 70 20 above
1057 2186 132 22 mentioned
1208 2186 72 28 griev-

690 2221 73 19 ances,
776 2214 45 22 and
830 2215 95 27 praying
935 2214 41 21 her
984 2214 99 27 Majesty
1099 2214 35 21 for
1147 2214 131 26 protection,

690 2242 46 21 and
744 2241 39 22 the
792 2242 69 21 recall
872 2241 25 22 of
908 2242 39 21 the
958 2240 271 22 Lieutenant-Governor.

717 2282 27 14 to
760 2282 45 15 the
821 2275 95 23 queen's
930 2282 59 14 most
1005 2281 130 14 excellent
1151 2281 107 14 majesty.

691 2309 57 21 May
763 2316 23 14 it
797 2316 83 15 please
890 2316 62 14 your
963 2309 119 26 Majesty,

718 2342 49 28 We,
784 2350 58 20 your
857 2342 119 28 Majesty's
993 2342 59 27 loyal
1068 2341 97 28 subjects
1183 2342 97 21 resident

692 2372 23 19 at
723 2370 56 21 Port
788 2369 131 27 Nicholson,
930 2370 23 21 in
965 2369 56 21 Now
1030 2369 107 26 Zealand,
1157 2369 43 27 beg
1210 2372 22 18 to
1242 2376 37 20 ap-

690 2396 86 28 proach
794 2404 56 20 your
869 2396 98 27 Majesty
986 2395 53 22 with
1059 2403 129 14 assurances
1204 2396 26 21 of
1240 2403 39 14 our

691 2426 59 19 most
774 2423 121 28 respectful
911 2423 46 22 and
977 2422 95 23 devoted
1101 2422 139 22 attachment
1257 2426 22 18 to

692 2458 57 20 your
758 2450 75 27 Royal
841 2457 82 21 person
935 2450 44 22 and
991 2450 160 21 Government.

719 2476 42 23 We
781 2477 94 27 humbly
894 2477 70 22 thank
983 2484 57 20 your
1063 2476 99 27 Majesty
1183 2476 35 21 for
1243 2475 35 22 the

691 2504 104 27 gracious
814 2504 165 22 consideration
991 2503 25 22 of
1026 2511 42 14 our
1083 2503 129 22 necessities
1227 2510 23 14 as
1267 2511 13 13 a

691 2539 50 14 new
751 2531 46 22 and
805 2531 70 27 rising
892 2531 139 27 community
1039 2539 5 19 ;
1061 2537 24 15 as
1100 2530 135 22 manifested
1251 2529 28 28 by

691 2565 57 20 your
759 2558 117 27 Majesty's
892 2558 120 22 directions
1022 2560 23 19 to
1054 2564 56 20 your
1125 2556 117 23 Ministers
1258 2560 21 18 to

692 2584 106 23 establish
808 2585 84 22 British
900 2585 43 22 law
954 2585 46 22 and
1010 2584 112 26 authority
1136 2584 24 21 in
1177 2584 45 21 this
1232 2587 48 24 part

691 2612 27 21 of
728 2619 58 20 your
803 2612 119 27 Majesty's
941 2611 132 26 dominions,
1085 2610 45 23 and
1148 2611 24 21 in
1191 2610 38 23 the
1244 2617 36 21 ap-

691 2640 130 26 pointment
830 2640 26 21 of
867 2647 13 14 a
895 2638 268 23 Lieutenant-Governor
1179 2640 23 19 to
1219 2644 61 20 carry

690 2673 58 20 your
757 2666 74 27 Royal
841 2666 123 22 intentions
983 2666 47 21 into
1040 2664 66 23 effect
1113 2673 5 19 ;
1134 2664 41 23 but
1193 2664 54 28 duty
1256 2668 22 18 to

692 2700 40 15 our
751 2693 122 27 Sovereign
892 2701 24 14 as
933 2692 52 23 well
1002 2700 22 13 as
1037 2692 81 27 justice
1127 2694 24 19 to
1162 2692 116 26 ourselves.,

692 2720 99 27 compels
800 2727 26 15 us
837 2723 23 19 to
870 2723 58 19 state
938 2720 49 21 that
996 2719 37 22 the
1049 2719 50 22 wise
1117 2718 47 22 and
1179 2719 100 27 gracious

691 2746 90 28 designs
798 2748 27 21 of
836 2754 57 20 your
902 2747 100 27 Majesty
1015 2746 57 22 have
1087 2746 57 21 been
1152 2745 24 22 in
1191 2753 14 14 a
1219 2748 61 24 great

690 2781 103 15 measure
803 2774 122 23 frustrated
933 2774 31 33 by
974 2774 38 21 the
1021 2772 90 28 neglect
1124 2772 47 22 and
1186 2773 91 29 miscon-

692 2800 54 23 duct
757 2801 26 22 of
793 2801 266 22 Lieutenant-Governor
1070 2800 102 21 Hobson.

719 2827 43 22 We
773 2828 72 22 desire
860 2831 22 19 to
892 2830 117 24 represent
1017 2830 22 19 to
1048 2834 57 20 your
1115 2826 108 28 Majesty,
1234 2825 46 22 that

692 2854 38 22 the
741 2854 128 23 settlement
878 2855 27 22 of
915 2855 54 21 Port
979 2854 124 21 Nicholson
1112 2853 121 28 comprises
1244 2853 34 22 the

692 2880 63 27 large
765 2882 105 27 majority
880 2882 28 21 of
913 2889 57 19 your
984 2880 117 28 Majesty's
1114 2880 99 27 subjects
1228 2880 52 22 resi-

694 2906 55 23 dent
763 2908 25 21 in
797 2908 38 22 the
845 2908 89 22 Islands
944 2908 26 21 of
983 2907 56 22 New
1056 2907 101 22 Zealand
1164 2916 5 18 ;
1186 2906 49 23 that
1244 2907 35 22 the

692 2934 134 27 population
843 2935 19 22 is
876 2934 88 28 rapidly
977 2934 127 27 increasing
1111 2942 4 19 ;
1133 2934 48 22 that
1190 2934 38 22 the
1242 2941 38 14 na-

694 2960 58 22 tural
770 2962 145 26 productions
933 2962 25 21 of
974 2960 38 22 the
1030 2964 94 24 country
1144 2968 80 15 ensure
1244 2961 36 21 the

693 2987 65 27 r,apid
772 2988 158 28 development
943 2987 26 22 of
975 2988 29 21 its
1012 2988 112 21 extensive
1131 2988 147 26 agricultural,

692 3015 150 27 commercial,
867 3015 46 22 and
940 3014 182 28 manufacturing
1150 3021 126 20 resources;

693 3040 56 28 that,
761 3042 97 27 already,
870 3042 38 22 the
918 3048 124 15 commerce
1052 3042 27 21 of
1089 3041 54 22 Port
1159 3041 121 22 Nicholson

692 3068 19 21 is
725 3068 68 23 much
807 3077 63 14 more
890 3068 153 23 considerable
1061 3068 53 22 than
1132 3068 49 22 that
1197 3068 27 23 of
1238 3075 42 20 any

693 3095 65 22 other
767 3099 50 25 port
826 3096 24 22 in
859 3096 39 22 the
908 3094 89 24 Islands
1004 3103 6 19 j
1024 3094 50 23 that
1082 3096 28 21 its
1127 3095 154 28 geographical

692 3122 97 27 position
797 3126 60 18 must
865 3124 51 26 give
926 3123 17 21 it
952 3125 63 25 great
1024 3122 99 28 political
1129 3124 139 26 importance
1273 3130 5 19 ;

692 3150 46 21 and
748 3150 48 21 that
804 3150 25 22 in
838 3157 31 15 no
886 3153 50 25 part
950 3150 27 21 of
991 3149 38 22 the
1045 3149 84 22 British
1143 3149 91 27 Empire
1244 3156 36 15 are

692 3183 58 20 your
764 3177 118 27 Majesty's
898 3177 97 27 subjects
1004 3183 62 15 more
1077 3176 161 27 distinguished
1251 3176 30 27 by

691 3203 71 27 ready
779 3204 122 22 obedience
920 3207 22 18 to
962 3203 76 22 lawful
1056 3203 119 27 authority,
1188 3210 24 15 or
1225 3204 30 26 by
1268 3210 13 14 a

692 3237 63 15 more
780 3234 88 18 earnest
884 3230 173 22 determination
1064 3233 31 18 -to
1115 3230 111 22 maintain
1244 3230 37 21 the

691 3256 90 23 honour
790 3257 46 22 and
843 3258 87 26 dignity
940 3258 26 21 of
972 3257 38 22 the
1020 3257 83 22 British
1113 3258 87 20 Crown.

718 3284 209 27 Notwithstanding
942 3284 63 22 these
1021 3283 77 23 claims
1114 3291 30 14 on
1162 3284 36 21 his
1211 3286 71 19 atten-

692 3310 55 28 tion,
779 3311 77 22 claims
865 3310 74 23 which
948 3318 33 14 we
997 3310 94 28 humbly
1102 3310 65 22 think
1178 3311 68 27 ought
1259 3313 21 19 to

691 3337 58 22 have
760 3338 94 22 decided
868 3338 267 21 Lieutenant-Governor
1150 3337 94 22 Hobson
1259 3341 21 18 to

692 3364 31 22 fix
734 3364 37 23 the
782 3367 48 19 seat
839 3365 25 21 of
871 3365 157 21 Government
1035 3367 23 19 at
1063 3364 55 22 Port
1123 3364 130 27 Nicholson,

692 3390 35 22 his
737 3392 138 27 Excellency
888 3392 41 21 has
944 3398 70 15 never
1031 3398 57 15 even
1097 3391 82 22 visited
1188 3392 43 21 this
1240 3392 41 21 im-

692 3421 91 24 portant
805 3418 46 22 and
873 3418 134 27 flourishing
1029 3418 135 27 settlement,
1183 3418 42 22 but
1241 3418 40 22 has

692 3445 99 22 selected
799 3445 35 22 for
842 3445 36 22 his
885 3445 82 27 capital
977 3453 13 14 a
997 3445 87 28 portion
1091 3445 25 21 of
1121 3445 37 21 the
1169 3445 112 22 Northern

693 3471 85 28 Island,
797 3472 62 22 three
878 3472 104 22 hundred
1000 3472 64 22 miles
1080 3472 59 21 from
1155 3480 33 18 us,
1209 3472 71 22 where

692 3498 63 22 there
765 3506 77 15 are-no
852 3499 84 21 British
945 3498 116 27 residents,
1074 3501 80 25 except
1167 3499 63 21 those
1239 3498 42 22 im-

692 3525 122 28 mediately
824 3525 125 23 connected
961 3525 54 22 with
1026 3526 162 22 Government.
1218 3525 62 22 Com-

691 3553 140 22 munication
840 3552 55 23 with
911 3552 37 22 the
966 3552 157 22 Government
1136 3552 19 22 is
1169 3552 52 22 thus
1230 3560 50 14 ren-

692 3579 69 22 dered
775 3580 125 26 uncertain,
917 3579 143 27 unfrequent,
1072 3578 100 27 difficult,
1183 3579 45 22 and
1242 3586 38 15 ex-

690 3607 101 25 pensive.
821 3607 28 21 In
859 3606 69 27 short,
938 3602 79 31 nearly
1027 3605 30 23 all
1072 3606 62 22 those
1146 3613 53 14 over
1208 3605 72 23 whose

692 3633 89 22 welfare
798 3633 266 22 Lieutenant-Governor
1078 3633 96 21 Hobson
1189 3640 44 14 was
1247 3634 34 20 in-

691 3660 99 22 structed
800 3663 23 19 to
830 3660 78 27 watch,
918 3659 45 22 and
970 3660 58 22 from
1035 3659 73 23 whose
1119 3659 161 23 contributions

692 3686 37 22 the
748 3690 48 19 cost
816 3687 26 21 of
857 3686 147 27 establishing
1023 3687 37 21 the
1078 3686 57 22 rival
1153 3687 127 21 settlement

691 3717 60 18 must
767 3714 29 21 be
813 3713 82 27 chiefly
908 3713 113 27 defrayed,
1032 3713 45 21 and
1093 3712 38 22 the
1146 3720 98 15 revenue
1259 3713 25 22 of

691 3739 37 23 the
740 3741 81 26 colony
830 3740 87 27 mainly
927 3739 97 28 derived,
1037 3746 37 15 are
1091 3739 81 23 almost
1186 3740 94 27 entirely

691 3766 111 22 excluded
809 3767 58 21 from
874 3767 37 21 the
918 3767 86 22 benefit
1011 3767 25 21 of
1043 3774 44 19 any
1096 3766 155 23 Government
1259 3770 21 19 at

690 3793 37 27 all,
739 3793 53 22 with
802 3793 38 22 the
850 3793 72 27 single
932 3793 119 27 exception
1069 3793 25 21 of
1107 3800 15 14 a
1139 3793 73 22 Police
1230 3793 50 23 Ma-

689 3820 99 26 gistrate,
799 3819 53 23 with
861 3820 124 22 undefined
995 3819 101 23 criminal
1102 3820 150 26 jurisdiction.
1254 3827 4 6 1
1261 3821 10 18 *

717 3846 52 27 But,
779 3847 23 21 in
816 3847 99 21 addition
925 3851 23 17 to
958 3846 44 22 this
1012 3847 128 26 systematic
1155 3847 89 26 neglect
1258 3847 25 21 of

690 3880 40 14 our
750 3873 95 27 welfare,
865 3880 33 14 we
917 3873 57 21 have
994 3876 21 18 to
1035 3873 82 26 charge
1134 3873 144 23 Lieutenant-

691 3899 118 21 Govornor
827 3900 95 20 Hobson
941 3900 53 20 with
1011 3906 27 15 an
1058 3903 93 24 attempt
1168 3903 22 18 to
1209 3901 70 22 inflict

690 3932 60 21 upon
760 3933 26 14 us
797 3933 12 15 a
819 3926 85 22 serious
915 3926 82 27 injury.
1288 3931 2 19 j

107 554 25 24 A
141 552 78 33 public
228 552 102 30 meeting
342 552 25 23 of
381 552 40 23 the
439 552 138 29 merchants,
595 552 66 24 land-

74 595 93 20 owners,
181 585 45 24 and
236 585 112 24 residents
367 585 26 23 of
408 585 58 24 Port
483 585 134 30 Nicholson,
637 586 25 23 in

74 627 126 25 pursuance
214 618 23 23 of
252 627 14 14 a
276 618 136 31 requisition
431 618 126 24 advertised
576 619 23 22 in
621 627 41 15 our

75 655 52 27 last,
139 652 55 24 took
205 651 65 32 place
282 655 24 20 at
322 651 113 24 Barrett's
449 651 80 29 Hotel,
548 660 31 16 on
590 651 71 25 Mon-

75 688 43 30 day
139 686 53 23 last.
228 684 52 25 The
299 684 75 32 object
397 684 27 24 of
438 684 38 24 the
492 686 101 30 meeting
616 692 45 17 was

73 726 22 18 to
108 719 54 24 take
168 719 48 23 into
227 718 167 24 consideration
405 718 40 23 the
625 723 37 19 at-

74 756 72 28 tempt
156 751 75 24 which
241 752 21 23 is
273 758 51 17 now
341 751 73 31 being
431 751 65 24 made
513 752 31 30 by
565 752 103 33 Captai^

75 786 99 24 Hobson
195 789 23 19 to
241 784 82 24 seduce
347 792 64 23 away
433 784 39 24 the
490 785 110 23 artificers
617 785 46 23 and

72 819 117 24 labourers
196 818 26 23 of
231 818 47 23 this
287 813 191 35 settlement/and
486 822 23 19 to
516 819 97 31 petition
619 818 42 24 her

74 852 103 31 Majesty
187 851 35 24 for
233 851 37 23 his
282 851 78 24 recall.

107 885 51 24 The
181 886 102 30 meeting
304 892 47 16 was
373 888 62 21 most
453 885 146 31 numerously
617 885 46 24 and

73 918 142 32 respectably
226 918 115 29 attended,
353 926 64 16 more
430 926 24 16 so
461 918 82 24 indeed
551 918 55 24 than
617 926 45 23 any

72 951 75 24 which
158 951 42 24 has
212 956 38 26 yet
262 951 70 23 taken
343 951 66 31 place
419 952 25 22 in
456 951 45 23 this
522 952 139 28 settlement,

74 985 45 24 and
140 985 39 23 the
202 985 96 22 interest
320 983 137 24 manifested
473 984 32 30 by
523 984 30 23 all
569 989 94 26 present

75 1018 88 32 equally
176 1021 73 27 great.

109 1059 38 23 On
164 1057 40 24 the
221 1057 88 22 motion
325 1056 26 23 of
367 1057 26 22 S.
408 1055 116 30 Revans,
537 1055 69 31 Esq.,
625 1064 38 15 se-

75 1090 85 26 conded
176 1090 32 31 by
218 1090 33 23 R.
266 1090 31 22 D.
312 1089 123 29 Hanson,
449 1089 66 31 Esq.,
533 1090 19 22 it
564 1097 45 15 was
625 1097 38 15 re-

74 1125 77 24 solved
162 1124 48 23 that
222 1123 32 23 Or.
268 1122 30 24 B.
312 1122 82 29 Earp,
409 1122 67 32 Esq.,
490 1123 25 23 of
524 1122 39 24 the
575 1123 51 23 firm
640 1122 24 24 of

75 1158 132 31 Ridgways,
231 1156 101 30 Guyton,
346 1156 45 23 and
410 1155 72 32 Earp,
506 1156 27 23 do
559 1155 53 24 take
624 1155 39 24 the

76 1192 68 23 chair.

109 1231 49 24 The
172 1230 151 28 Chairman,
342 1230 25 22 in
379 1229 101 31 opening
499 1229 41 23 the*
556 1229 106 23 business

76 1265 25 23 of
115 1264 37 23 the
162 1264 108 29 meeting,
284 1263 55 28 said,
353 1262 50 23 that
414 1262 87 31 though
512 1263 18 22 it
546 1262 75 23 would
640 1266 23 20 at

76 1299 30 22 all
116 1299 66 22 times
194 1297 53 30 give
257 1296 49 23 him
316 1300 68 26 great
403 1301 104 26 pleasure
519 1300 23 19 to
562 1296 36 23 aid
618 1303 45 23 any

76 1332 99 29 meeting
186 1330 24 23 of
224 1329 37 24 his
272 1330 74 23 fellow
360 1329 109 23 colonists
480 1328 75 24 which
571 1329 46 24 had
628 1329 34 24 for

76 1366 30 22 its
128 1364 74 31 object
222 1363 39 23 the
284 1362 61 31 good
363 1362 26 24 of
410 1362 39 23 the
469 1362 138 29 settlement,
633 1362 28 23 he

76 1397 65 24 could
151 1401 40 19 not
203 1396 40 24 but
254 1400 76 27 regret
342 1395 38 24 the
400 1396 104 23 occasion
523 1395 75 24 which
616 1396 46 23 had

76 1431 48 23 that
147 1431 42 29 day
221 1429 72 24 called
316 1429 63 23 them
409 1429 111 30 together.
570 1429 23 23 It
616 1436 45 16 was

76 1464 86 24 neither
174 1471 61 15 more
246 1471 42 15 nor
299 1462 47 24 less
358 1462 55 24 than
426 1467 22 18 to
460 1470 53 23 pass
524 1462 137 24 resolutions

76 1497 174 30 condemnatory
261 1497 25 23 of
301 1495 58 24 their
370 1495 84 24 rulers.
490 1495 59 25 This
568 1504 45 15 was
632 1504 29 15 no

76 1531 105 30 ordinary
207 1537 68 16 cause
298 1530 25 23 of
344 1529 79 31 public
445 1529 141 29 assemblies,
617 1529 44 24 and

76 1572 66 22 every
159 1572 54 15 man
230 1567 93 27 present
342 1563 72 30 ought
429 1563 110 30 maturely
553 1567 23 19 to
588 1563 74 31 weigh

76 1598 37 22 the
125 1601 87 25 matter,
230 1596 78 24 before
327 1596 28 23 he
375 1596 140 24 determined
533 1603 31 16 on
581 1595 81 31 taking

76 1639 26 15 so
114 1630 91 24 decided
214 1638 14 14 a
247 1634 57 26 step.
341 1629 48 23 But
412 1630 25 22 in
456 1629 36 23 his
508 1627 52 33 (the
579 1629 82 24 Chair-

75 1662 85 33 man's)
173 1664 98 31 opinion,
284 1663 64 24 there
360 1671 60 15 were
437 1663 66 23 times
521 1663 67 23 when
607 1663 55 23 sub-

76 1697 113 24 servience
202 1696 66 24 could
287 1704 30 16 no
335 1696 82 31 longer
433 1696 29 24 be
480 1695 118 30 rendered,
619 1696 44 23 and

75 1731 64 22 when
147 1735 58 19 tame
213 1730 139 23 submission
359 1729 93 24 became
464 1737 14 16 a
484 1730 69 23 crime
588 1728 73 32 (hear,

75 1763 62 29 hear,
151 1763 45 24 and
207 1762 100 32 cheers.)
342 1763 68 29 This,
423 1762 135 32 unhappily,
567 1770 45 17 was
621 1770 42 16 one

77 1798 25 22 of
116 1797 63 23 those
192 1797 123 24 occasions.
353 1796 52 24 The
417 1804 52 16 man
482 1801 22 18 to
516 1796 74 23 whom
609 1796 54 31 they

76 1831 31 23 all
116 1831 84 23 looked
210 1838 32 24 up
254 1830 35 24 for
305 1830 136 31 protection,
464 1829 44 24 and
526 1830 76 23 whose
622 1838 40 15 au-

75 1863 84 31 thority
172 1864 52 30 they
236 1864 45 23 had
291 1863 101 24 hitherto
404 1863 118 31 respected
541 1863 45 24 and
607 1871 54 23 sup-

74 1897 87 31 ported,
186 1897 45 23 had
253 1897 58 23 been
334 1897 38 23 the
396 1904 54 23 very
473 1904 54 16 man
546 1901 23 18 to
588 1897 74 31 injure

76 1930 60 23 them
154 1931 23 22 in
191 1939 12 15 a
222 1938 94 16 manner
335 1929 82 29 which,
429 1930 21 23 if
464 1930 139 29 unchecked,
625 1930 38 24 bid

73 1963 43 23 but
128 1968 37 19 too
182 1964 44 23 fair
245 1968 23 18 to
287 1963 91 30 destroy
403 1963 39 23 the
465 1963 137 23 settlement.
640 1963 23 23 It

75 2003 45 16 was
132 1996 50 23 well
195 1996 81 22 known
289 2000 23 18 to
324 2000 60 18 most
396 2000 100 26 present,
515 1995 40 22 the
567 1995 94 23 relation

75 2028 23 23 in
110 2028 74 23 which
196 2029 99 30 Captain
307 2028 99 24 Hobson
419 2028 66 23 stood
496 2033 20 18 tc
530 2028 39 22 the
584 2028 77 23 settle-

75 2066 69 24 ment,
158 2062 40 23 but
208 2062 56 23 with
276 2061 39 23 the
326 2061 136 31 permission
475 2061 24 23 of
508 2061 38 24 the
555 2061 106 31 meeting,

75 2094 29 24 he
120 2095 75 23 would
204 2095 81 30 briefly
297 2095 148 31 recapitulate
457 2094 59 24 from
527 2094 40 24 the
586 2095 76 23 Parli-

76 2133 116 26 amentary
215 2128 107 24 evidence
345 2135 30 16 on
398 2128 38 23 the
459 2128 89 31 subject
566 2128 24 23 of
605 2127 58 24 New

76 2161 100 23 Zealand
189 2170 40 15 one
243 2170 25 15 or
287 2167 43 17 two
349 2168 117 24 passages.
503 2161 40 23 An
562 2161 99 32 applica-

78 2196 45 21 tion
141 2195 34 23 for
195 2195 38 23 the
257 2195 104 23 sanction
384 2195 45 23 and
447 2195 125 22 assistance
586 2195 24 22 of
626 2195 37 22 the

78 2228 153 24 Government
243 2236 45 16 was
299 2228 107 31 formally
417 2228 66 23 made
503 2232 22 19 to
546 2228 38 22 the
596 2228 66 23 Mav-

78 2262 49 30 quis
135 2262 25 23 of
169 2262 133 30 Normanby
310 2262 31 30 by
353 2261 64 24 Lord
425 2261 76 29 Petre,
514 2261 49 24 Mr.
574 2261 87 29 Somes,

77 2295 44 23 and
132 2295 48 24 Mr,
195 2295 69 24 Hutt.
301 2294 63 24 Lord
376 2295 135 30 Normanby
529 2294 92 24 refused
640 2295 23 22 in

78 2336 43 22 any
132 2336 49 23 way
198 2333 23 18 to
235 2329 104 23 sanction
351 2336 25 15 or
396 2329 68 22 assist
476 2327 37 24 the
535 2328 126 31 Company.

76 2361 65 23 With
153 2361 37 23 the
202 2370 62 15 same
275 2362 69 23 views
356 2362 39 23 the
402 2362 46 23 late
460 2361 56 23 Earl
524 2362 26 22 of
558 2361 106 24 Durham

78 2395 119 24 addressed
219 2395 39 24 the
271 2395 164 29 Government,
459 2396 45 23 and
525 2395 105 24 received
650 2403 15 15 a

78 2428 85 23 similar
185 2429 71 31 reply.
303 2429 49 23 But
374 2436 57 16 soon
454 2428 139 29 afterwards,
626 2428 39 24 the

80 2461 160 30 Government,
252 2462 83 23 roused
347 2466 22 19 to
382 2464 75 21 action
468 2462 30 30 by
516 2462 40 23 the
574 2466 92 28 prompt

78 2495 44 22 and
135 2496 96 22 decisive
243 2503 117 16 measures
373 2496 25 22 of
415 2495 37 24 the
476 2496 127 31 Company,
623 2504 41 23 ap-

78 2528 92 30 pointed
193 2529 97 31 Captain
313 2529 100 23 Hobson
436 2529 95 29 Consul,
558 2529 56 23 with
636 2537 29 15 an

79 2561 178 32 understanding
283 2562 49 24 that
354 2562 30 24 he
412 2570 45 15 was
485 2562 133 24 afterwards
642 2567 22 18 to

80 2596 99 22 exercise
197 2596 39 23 the
255 2596 64 23 office
341 2596 25 23 of
382 2595 281 24 Lieutenant-Governor.

79 2627 62 23 Lord
158 2628 141 31 Normanby,
318 2630 24 22 in
359 2629 38 23 his
417 2630 148 22 instructions
584 2633 23 19 to
626 2629 39 23 the

78 2660 278 30 Lieutenant-Governor,
369 2666 71 19 states
452 2662 49 24 that
511 2662 40 23 the
560 2662 104 24 Govern-

78 2699 61 18 ment
152 2695 18 22 is
266 2703 104 15 unaware
391 2696 25 23 of
436 2696 38 23 the
492 2700 66 26 great
574 2696 91 23 natural

78 2736 115 15 resources
212 2729 25 23 of
254 2729 57 24 New
482 2729 85 31 adding
586 2734 23 18 at
627 2729 37 24 the

78 2769 60 15 same
151 2762 61 28 time,
224 2762 50 24 that
445 2762 63 24 there
527 2763 21 23 is
566 2770 29 16 no
614 2767 52 27 part

78 2794 25 23 of
117 2794 38 24 the
167 2795 64 24 earth
247 2797 24 22 in
289 2795 74 23 which
384 2796 150 23 colonization
553 2796 66 23 could
636 2797 29 22 be

77 2828 93 23 effected
192 2829 55 23 with
269 2833 89 27 greater
383 2837 26 15 or
430 2837 64 15 surer
516 2833 107 27 prospect
643 2830 25 22 of

77 2861 100 23 national
400 2861 59 24 How
477 2862 124 30 miserably
619 2870 47 15 was

79 2894 67 31 Capt.
160 2894 106 29 Hobson,
285 2895 31 30 by
332 2894 38 23 his
391 2894 96 24 conduct
504 2896 98 22 towards
621 2895 45 23 this

77 2927 137 29 settlement,
228 2928 169 30 endeavouring
409 2932 22 18 to
443 2927 58 24 belie
513 2927 38 24 the
563 2927 56 31 high
626 2929 41 23 but

78 2960 110 31 correctly
197 2960 90 23 formed
294 2960 93 31 opinion
395 2960 24 23 of
429 2960 38 23 the
475 2960 78 24 Home
562 2960 104 25 Govern-

76 2998 63 19 ment
174 2991 112 34 (cheers.)
319 2993 47 24 His
375 2993 114 31 Lordship
497 2993 55 24 then
558 2995 108 30 proceeds

76 3031 23 19 to
123 3035 84 15 excuse
229 3026 39 24 the
290 3027 107 31 previous
419 3028 135 30 supineness
577 3028 26 23 of
628 3028 38 24 the

78 3059 157 25 Government
244 3060 53 24 with
309 3060 83 31 regard
404 3064 22 20 to
438 3060 46 24 this
503 3065 104 27 country,
626 3062 40 23 but

78 3100 52 23 says
148 3093 96 29 further,
264 3094 51 23 that
331 3094 60 23 from
410 3101 79 17 causes
510 3094 75 24 which
609 3094 57 24 have

78 3126 82 29 arisen,
274 3127 161 31 interposition
457 3127 25 24 of
508 3127 158 25 Government

77 3157 45 24 had
132 3167 50 16 now
188 3160 94 23 become
472 3160 65 24 Here
548 3161 64 24 alone
619 3170 46 16 was

78 3192 58 30 good
151 3200 66 16 cause
235 3197 40 19 not
294 3193 53 33 only
364 3193 38 24 for
419 3194 38 24 the
480 3195 125 23 assistance
624 3196 43 23 but

80 3224 46 24 also
137 3225 37 24 for
184 3226 38 23 the
234 3226 112 30 gratitude
366 3227 25 23 of
407 3227 38 24 the
465 3227 78 24 Home
561 3228 105 24 Govern-

78 3263 70 24 ment,
161 3259 44 23 and
215 3263 42 19 not
267 3259 54 32 only
332 3260 25 23 of
372 3259 70 30 them,
454 3261 42 23 but
513 3261 40 24 the
570 3263 79 23 nation
658 3271 6 20 ;

78 3291 35 22 for
124 3292 19 22 it
153 3296 62 19 must
231 3292 28 23 be
276 3293 72 23 borne
367 3294 26 22 in
409 3294 70 28 mind,
499 3294 50 24 that
568 3295 98 32 Captain

80 3323 97 25 Hobson
188 3325 90 23 arrived
288 3325 54 24 here
353 3325 56 25 with
420 3327 38 23 the
468 3327 91 24 French
570 3329 96 31 expedi-

80 3357 48 22 tion
139 3357 84 32 closely
233 3358 104 32 treading
348 3367 31 16 on
389 3358 37 25 his
439 3360 111 32 footsteps
559 3370 6 20 ;
585 3362 45 24 and
640 3371 26 14 as

80 3388 38 24 the
130 3390 155 25 Government
294 3392 78 24 before
383 3393 37 23 his
434 3393 82 24 arrival
536 3394 131 25 disclaimed

80 3421 31 23 all
122 3423 48 22 title
181 3428 22 19 to
215 3425 39 22 the
266 3425 151 33 Sovereignty
436 3427 25 23 of
480 3427 59 24 New
556 3428 108 30 Zealand,

80 3454 21 23 if
115 3455 38 23 the
172 3456 57 24 New
247 3458 100 24 Zealand
366 3459 137 32 Company's
521 3465 145 28 promptness

81 3487 25 22 of
122 3489 73 23 action
205 3489 46 24 had
260 3495 40 19 not
311 3492 53 23 thus
373 3493 153 31 prematurely
533 3495 84 23 incited
627 3495 39 24 the

82 3519 155 26 Government
258 3527 24 19 to
300 3524 56 24 send
375 3530 39 19 out
431 3534 14 15 a
462 3526 203 26 Lieutenant-Go-

82 3560 88 21 vernor,
193 3553 64 25 these
280 3556 92 25 Islands
393 3559 75 24 would
485 3560 58 24 have
560 3561 60 24 been
629 3562 36 24 for

82 3592 52 17 ever
145 3585 46 24 lost
201 3590 23 20 to
236 3587 38 24 the
292 3588 89 25 British
394 3592 88 24 Crown.
519 3593 25 24 It
555 3602 47 16 was
615 3600 48 24 not,

81 3618 63 29 then,
163 3623 37 19 too
212 3620 69 24 much
299 3626 23 19 to
341 3630 41 23 say
398 3624 50 24 that
466 3626 37 23 the
522 3628 80 23 nation
618 3637 46 15 was

80 3651 107 24 indebted
198 3656 24 20 to
239 3660 27 16 us
282 3653 35 24 for
329 3654 40 24 the
382 3655 94 25 .Islands
495 3659 26 23 of
536 3660 57 24 New
605 3661 59 24 Zea-

80 3684 61 29 land,
160 3685 45 23 and
215 3686 39 22 the
266 3686 269 30 Lieutenant-Governor
551 3701 57 23 pays
626 3695 38 23 the

81 3717 54 24 debt
146 3718 54 24 with
212 3719 71 23 insult
302 3720 45 23 and
364 3721 85 31 injury.
490 3724 48 24 His
549 3726 115 33 Lordship

80 3755 57 19 next
146 3752 108 30 proceeds
266 3757 23 19 to
301 3752 40 24 tell
353 3753 97 32 Captain
462 3755 98 26 Hobson
575 3760 49 23 that
634 3761 30 24 he

80 3783 98 24 selected
188 3784 48 24 him
273 3793 29 16 on
314 3791 96 19 account
422 3788 25 22 of
460 3788 36 24 his
507 3790 51 24 firm
566 3792 97 25 reliance

80 3824 62 22 upon
163 3817 36 23 his
229 3818 147 31 uprightness
398 3820 45 24 and
462 3821 63 31 plain

79 3849 86 24 Would
175 3855 23 18 to
212 3851 52 24 God
276 3852 49 23 that
335 3853 39 23 the
388 3857 64 19 event
464 3855 74 30 might
548 3865 69 22 prove
625 3859 38 23 the

81 3882 125 24 soundness
238 3885 24 22 of
294 3885 36 23 his
367 3885 133 32 Lordship's
533 3889 128 31 judgment.

81 3916 95 30 Captain
190 3916 97 26 Hobson
299 3926 46 16 was
358 3918 53 25 then
429 3920 46 23 told
492 3920 49 25 that
577 3923 27 23 he
618 3932 45 16 was

861 75 802 73 SUPPLEMENT

1196 186 63 32 TO
1282 186 99 32 THE

78 266 214 59 NEW
319 265 429 56 ZEALAND
779 268 410 57 GAZETTE
1216 269 57 56 &
1293 272 631 57 WELLINGTON
1952 274 536 60 SPECTATOR.

98 411 132 31 Gratis
254 418 41 21 to
318 408 254 39 Subscribers.]

786 409 131 31 PORT
939 406 286 43 NICHOLSON,
1249 411 275 39 SATURDAY,
1550 413 101 31 FEB.
1676 417 52 33 20,
1752 417 91 27 1841.

2059 416 339 39 [Non-Subscribers,
2423 422 42 28 Is.

92 492 137 24 RECALL
249 491 45 24 OF
320 491 153 24 CAPTAIN
492 491 151 25 HOBSON.
