2559 4039
58 126 60 22 their
127 125 69 28 titles,
204 124 45 24 had
259 124 73 24 stated
343 124 47 23 that
397 130 26 17 as
430 123 55 31 they
492 123 43 23 had
543 124 99 31 expend-

58 158 27 23 ed
93 158 31 23 all
132 158 37 22 the
176 158 68 23 funds
251 157 74 23 raised
331 157 59 22 from
398 156 61 29 land,
468 157 26 22 in
501 157 143 30 introducing

59 199 14 14 a
78 191 105 30 working
190 190 138 31 population,
337 189 53 30 they
397 194 63 18 must
470 193 41 20 not
522 193 82 27 expect
614 197 28 16 an

58 223 149 31 expenditure
219 231 27 15 oti
259 223 38 23 the
313 226 52 27 part
383 222 27 23 of
425 221 163 30 Government,
602 230 40 16 ex-

58 257 92 30 cepting
160 257 25 22 in
197 256 64 23 those
276 254 77 24 modes
365 254 75 24 which
451 262 59 16 were
522 255 122 23 connected

58 289 55 23 with
131 290 31 22 its
181 288 188 24 administration.
404 287 69 24 After
485 287 46 25 this
543 287 101 24 declara-

57 322 57 28 tion,
129 322 95 30 Captain
236 320 99 24 Hobson
351 320 67 24 takes
436 320 72 24 either
520 320 38 23 the
575 321 69 23 funds

58 355 27 23 of
94 355 38 23 the
145 355 91 30 Sydney
249 353 163 29 Government,
422 361 25 15 or
458 353 26 23 of
492 353 46 24 this
548 353 94 31 Colony,

58 388 45 23 and
114 395 53 15 uses
179 387 61 23 them
251 387 36 23 for
299 387 37 22 the
347 393 99 25 purpose
455 387 27 22 of
490 387 115 30 violating,
618 394 25 15 as

58 421 19 23 it
88 420 74 31 might
178 420 29 22 be
219 419 93 29 termed,
331 427 14 15 a
363 424 102 19 contract
487 420 92 23 entered
596 420 48 22 into

57 454 32 29 by
110 453 37 22 his
170 453 103 30 superior
295 453 84 23 officer.
419 453 26 22 A
466 453 66 22 letter
554 453 88 22 written

57 486 73 22 under
142 485 38 23 the
199 486 135 22 instruction
346 486 25 22 of
386 486 40 23 Sir
443 485 61 24 John
522 485 120 28 Franklin,

59 518 122 23 addressed
192 522 23 19 to
225 518 38 23 the
277 518 137 31 Company's
433 523 76 26 agent,
520 526 44 15 was
579 519 64 22 suffi-

58 552 62 22 cient
129 551 68 32 proof
214 552 48 22 that
280 552 38 22 the
338 551 126 24 Governor,
475 552 26 22 of
515 551 54 23 Van
585 551 59 23 Die-

57 585 75 22 man's
153 584 68 23 Land
231 584 76 23 would
323 584 29 23 be
362 592 29 15 no
410 588 67 27 party
489 588 23 19 to
527 592 28 15 an
567 584 77 23 attack

59 625 30 16 on
106 617 46 24 this
174 618 136 23 settlement.
347 616 50 25 The
419 616 45 24 last
487 624 81 23 papers
585 616 59 24 from

61 650 109 24 Adelaide
194 651 119 23 contained
331 658 13 14 a
362 649 42 24 bill
421 649 45 24 and
485 658 14 14 a
510 650 86 23 minute
614 657 30 16 on

59 683 38 24 the
118 684 94 31 subject,
224 683 47 24 laid
288 683 30 30 by
330 682 38 24 the
389 682 121 24 Governor
525 682 25 24 of
571 682 73 24 South

57 717 121 23 Australia
195 716 76 24 before
288 715 37 24 his
347 715 104 29 Council,
470 720 24 18 to
512 715 73 24 check
605 716 39 23 the

56 750 149 31 proceedings
218 749 43 24 and
274 749 55 23 evils
339 748 75 24 which
432 756 59 16 were
509 748 135 32 anticipated

57 783 60 23 from
139 782 39 24 the
201 782 96 24 conduct
319 782 26 23 of
364 782 118 31 crimpers.
526 782 119 23 Governor

59 816 99 29 Gawler,
176 815 64 24 when
257 815 30 24 he
303 815 89 31 penned
414 814 37 24 his
468 816 96 28 minute,
586 815 59 24 little

57 849 68 23 knew
136 851 50 21 that
197 856 50 21 one,
258 848 95 31 holding
364 856 15 16 a
389 848 87 24 similar
486 848 64 24 office
561 853 24 19 to
596 848 49 24 that

57 882 64 23 filled
132 882 30 31 by
174 881 98 29 himself,
285 881 73 24 would
366 881 45 24 feel
423 882 30 22 its
463 881 61 24 lash.
548 881 24 24 A
583 889 62 16 more

57 915 115 31 impartial
184 915 93 30 opinion
294 915 25 23 of
336 915 98 30 Captain
454 914 119 24 Hobson's
590 922 54 16 con-

59 947 55 26 duct
125 948 65 23 could
203 953 39 18 not
258 948 59 23 have
329 947 58 24 been
405 955 62 16 more
487 948 158 30 conveniently

57 981 123 31 presented
197 985 24 19 to
238 981 39 23 the
296 980 85 32 public.
418 980 78 24 Those
510 980 49 24 who
578 981 72 23 know

57 1015 37 22 his
118 1014 141 30 Excellency
277 1013 61 24 John
360 1014 70 28 Hutt,
449 1022 55 22 may
520 1014 72 31 safely
604 1022 41 23 say

57 1048 30 22 he
98 1048 75 22 would
183 1055 69 15 never
268 1051 155 19 countenance
440 1046 38 24 the
497 1047 147 31 proceedings

59 1081 25 22 of
94 1081 59 22 their
166 1080 126 23 Governor.
312 1080 55 23 And
374 1079 63 30 thus,
450 1079 59 24 their
518 1080 124 29 Governor,

57 1114 60 23 finds
129 1113 30 23 all
177 1113 37 23 his
226 1113 78 31 equals
319 1113 93 31 arrayed
431 1114 91 30 against
532 1113 56 30 him,
600 1114 45 23 and

57 1147 47 23 will
121 1150 41 19 not
179 1146 41 23 fail
232 1150 22 19 to
272 1146 45 23 feel
329 1146 61 23 there
401 1151 64 18 must
475 1147 29 23 be
516 1147 129 31 something

57 1187 79 23 wrong
146 1180 26 22 in
183 1180 38 23 the
232 1180 120 30 unworthy
363 1187 77 16 career
457 1187 63 24 upon
531 1180 74 24 which
615 1181 29 23 he

57 1213 43 24 has
117 1213 99 24 entered.
252 1213 59 23 Now
322 1218 22 18 to
358 1221 39 15 our
410 1213 65 24 other
496 1213 74 31 object
570 1227 33 3 —
604 1214 40 23 ob-

57 1247 91 30 taining
160 1247 89 23 redress
261 1246 59 23 from
339 1246 117 31 England.
492 1246 105 32 Perhaps
615 1247 30 23 all

57 1287 58 16 were
127 1284 40 18 not
179 1287 71 16 aware
261 1279 50 24 that
322 1279 38 24 the
463 1284 35 19 set
509 1284 64 26 great
585 1284 59 20 store

57 1320 62 24 upon
142 1317 119 19 courteous
284 1313 155 31 proceedings.
483 1313 67 30 They
572 1314 73 30 might

57 1354 57 15 even
124 1346 30 23 be
166 1345 93 24 deemed
275 1346 118 23 fastidious
404 1356 5 19 ;
430 1347 45 22 and
492 1346 89 32 though,
592 1347 53 31 they

57 1380 67 23 made
136 1379 80 24 claims
228 1383 21 20 to
267 1379 52 24 love
333 1379 25 23 of
371 1380 127 29 literature,
511 1381 104 30 evincing
632 1389 13 15 a

57 1412 87 24 similar
162 1416 58 20 taste
221 1425 33 4 —
255 1420 56 16 even
329 1413 109 31 enjoying
456 1422 13 15 a
485 1413 57 31 high
552 1418 92 27 reputa-

56 1446 49 23 tion
126 1446 36 23 for
186 1445 118 24 education
305 1458 32 4 —
338 1445 45 24 had
402 1451 42 18 not
465 1446 59 24 been
551 1447 94 24 deemed

57 1479 115 23 sufficient
184 1483 22 19 to
219 1479 77 23 entitle
313 1487 13 15 a
337 1486 54 16 man
402 1484 24 19 to
440 1479 33 24 fill
492 1488 30 15 an
540 1481 64 22 office
622 1481 25 23 of

57 1520 45 23 any
113 1512 146 31 importance,
272 1512 21 23 if
309 1516 40 19 not
367 1512 119 24 combined
498 1514 55 22 with
564 1514 31 23 all
606 1514 38 23 the

57 1545 102 24 outward
177 1546 63 29 signs
259 1545 26 23 of
301 1545 113 31 gentility.
452 1546 23 24 It
494 1554 46 16 was
558 1555 30 15 on
605 1547 39 24 the

56 1578 90 32 ground
157 1578 26 23 of
191 1578 108 32 knowing
310 1579 45 22 this
367 1579 86 31 feeling
463 1580 25 23 in
499 1580 39 23 the
551 1580 91 31 Whigs,

57 1620 13 16 a
81 1611 86 32 feeling
177 1611 74 23 which
261 1619 69 23 many
341 1612 75 24 would
425 1613 105 23 consider
539 1618 105 19 amount-

56 1644 29 25 ed
106 1650 24 19 to
148 1644 125 30 weakness,
287 1644 50 25 that
353 1646 30 23 he
394 1653 47 16 was
454 1646 24 23 of
496 1648 92 29 opinion
605 1647 39 23 the

56 1678 94 24 address
170 1679 121 30 presented
308 1679 30 31 by
350 1679 47 23 Mr.
411 1679 100 24 Hanson
524 1681 74 22 would
615 1681 29 23 be

56 1712 39 23 the
106 1716 61 19 most
178 1712 71 30 likely
261 1716 22 19 to
302 1712 70 23 attain
384 1712 37 23 the
440 1721 112 23 purposes
564 1721 33 16 we
613 1714 31 23 all

54 1745 47 23 had
111 1745 25 23 in
146 1745 65 23 view.
248 1745 36 31 By
295 1745 37 23 the
350 1753 56 23 way,
421 1745 39 24 the
476 1746 63 24 word
560 1747 83 24 educa-

55 1779 50 23 tion
122 1778 45 23 had
186 1778 70 23 called
275 1784 22 18 to
318 1778 36 24 his
367 1779 63 23 mind
448 1779 48 24 Mr.
511 1780 131 30 Shortland,

55 1811 39 24 the
113 1811 58 24 New
191 1811 101 24 Zealand
310 1811 103 25 Colonial
432 1813 141 31 Secretary's
590 1822 53 23 pre-

55 1846 103 22 tensions
181 1846 24 22 in
229 1845 48 23 that
299 1853 57 23 way.
393 1846 74 31 Many
484 1854 95 23 persons
598 1847 46 24 had

56 1886 55 16 seen
129 1877 49 25 that
199 1878 149 31 gentleman's
364 1880 144 30 pretensions
520 1884 23 20 to
560 1881 83 23 educa-

55 1912 49 23 tion
113 1921 5 21 ;
134 1911 36 24 his
178 1911 77 32 things
263 1912 71 24 called
346 1912 129 31 dispatches
486 1913 45 24 had
543 1914 101 24 afforded

54 1945 118 23 abundant
194 1951 153 22 amusement;
376 1945 62 31 they,
463 1947 24 21 in
508 1947 59 23 their
585 1956 56 21 way,

54 1984 60 16 were
137 1985 25 15 as
183 1978 148 30 supercilious
353 1986 25 15 as
407 1978 39 23 the
473 1980 77 22 writer
550 1992 33 4 —
585 1980 58 23 their

53 2014 62 19 utter
129 2010 144 24 indifference
293 2015 23 19 to
334 2011 99 32 spelling
452 2011 46 24 and
520 2020 121 23 grammar,

54 2043 93 24 showed
157 2043 36 23 his
204 2051 46 23 pen
261 2048 23 19 to
295 2044 29 23 be
344 2053 26 14 as
388 2044 132 24 indifferent
531 2050 23 19 to
565 2046 77 31 public

53 2077 95 31 opinion
169 2076 46 24 and
237 2076 36 24 the
297 2077 100 31 English
418 2078 122 31 language,
558 2087 27 15 as
605 2079 37 25 the

53 2111 76 23 writer
140 2110 46 24 had
197 2110 104 23 declared
319 2111 94 24 himself
428 2116 24 19 to
471 2112 28 23 be
511 2116 24 19 to
550 2113 93 32 placing

53 2143 97 23 himself
168 2144 25 22 in
215 2145 128 30 opposition
365 2148 22 20 to
409 2145 40 23 the
471 2153 74 24 press.
592 2146 50 24 The

53 2176 102 32 English
165 2189 5 5 •
176 2177 80 24 nation
275 2177 43 24 has
339 2185 70 24 many
437 2178 108 25 Colonies
546 2192 33 4 —
581 2188 61 16 some

52 2210 61 31 forty
125 2218 25 16 or
169 2210 50 31 fifty
228 2220 5 19 ;
253 2210 45 24 and
308 2211 29 23 he
354 2212 74 24 would
447 2217 97 19 venture
560 2217 25 19 to
602 2221 40 24 say

52 2245 51 22 that
125 2243 59 24 New
205 2244 103 23 Zealand
329 2245 64 24 stood
414 2246 131 24 unrivalled
560 2247 26 23 in
604 2247 38 24 the

52 2277 162 24 illiterateness
223 2278 26 23 of
262 2278 30 23 its
302 2278 102 24 Colonial
412 2279 131 32 Secretary.
580 2280 62 32 Only

52 2310 69 24 think
140 2311 26 23 of
186 2311 39 23 the
243 2311 119 24 fastidious
382 2312 65 24 Lord
465 2313 62 24 John
548 2314 94 24 Russell

51 2344 86 31 having
160 2348 21 20 to
204 2352 81 23 peruse
309 2353 42 15 one
375 2346 24 24 of
425 2346 50 24 Mr.
498 2347 144 25 Shortland's

52 2377 111 24 educated
174 2377 45 24 and
230 2379 90 30 elegant
338 2379 128 32 dispatches
476 2380 5 23 !
518 2380 64 24 That
598 2389 44 16 un-

54 2410 78 32 happy
143 2412 45 29 day
204 2412 47 23 will
284 2412 29 24 be
332 2413 106 23 attended
452 2413 56 24 with
526 2414 38 24 the
583 2415 49 23 dis-

52 2444 81 24 missal
152 2445 25 23 of
199 2453 41 15 our
257 2445 104 24 Colonial
379 2446 129 32 Secretary,
529 2448 21 23 if
567 2448 30 24 he
614 2449 28 23 be

50 2482 44 19 not
104 2482 40 19 out
155 2478 26 24 of
196 2479 64 23 office
270 2479 60 24 from
341 2488 62 16 some
414 2480 66 24 other
492 2489 77 17 cause.
595 2482 48 24 But

51 2515 25 20 to
94 2516 80 19 return
192 2516 22 19 to
231 2512 37 23 the
286 2513 152 25 amendment.
475 2514 53 24 The
545 2515 97 32 speaker

53 2545 111 23 observed
174 2545 30 23 he
214 2553 47 16 was
270 2547 112 31 prepared
400 2552 23 19 to
442 2549 52 30 sign
510 2548 72 25 either
593 2549 49 24 that

52 2579 126 23 submitted
188 2579 31 31 by
228 2579 96 31 Captain
334 2580 101 30 Daniell,
445 2589 25 16 or
482 2581 39 24 the
532 2582 110 24 amended

53 2612 102 24 address.
191 2612 100 32 Though
301 2613 29 24 he
341 2614 117 31 preferred
469 2615 39 24 the
520 2616 74 30 latter,
613 2617 29 24 he

52 2645 77 24 would
146 2653 81 17 sooner
238 2646 58 24 have
310 2647 38 24 the
367 2648 93 24 address
478 2650 124 31 presented
611 2651 31 31 by

54 2679 99 32 Captain
164 2679 93 24 Daniell
267 2681 147 32 numerously
427 2683 82 30 signed
531 2683 54 24 than
604 2684 38 24 the

53 2713 153 29 amendment,
230 2714 21 23 if
268 2714 54 32 only
344 2716 124 30 supported
489 2716 33 31 by
539 2725 14 15 a
575 2718 67 24 small

52 2746 98 24 number
162 2746 25 24 of
204 2747 137 31 signatures.
367 2749 24 23 It
408 2749 76 24 would
501 2751 30 22 be
549 2751 36 23 for
603 2751 38 24 the

52 2780 103 32 meeting
173 2784 24 19 to
214 2780 77 25 decide
303 2781 75 24 which
387 2782 84 25 should
487 2783 30 25 be
529 2784 97 32 adopted
634 2795 6 20 ;

51 2813 43 23 but
111 2813 30 24 he
158 2813 76 32 hoped
251 2814 50 24 that
316 2815 39 24 the
378 2820 89 27 greater
488 2822 54 26 part
564 2819 25 23 of
604 2819 38 24 the

53 2847 131 31 gentlemen
195 2847 50 24 who
257 2848 73 32 might
337 2853 51 20 vote
395 2850 35 23 for
441 2850 40 24 the
489 2852 152 29 amendment,

52 2880 77 24 would
139 2885 41 19 not
190 2881 113 25 therefore
313 2882 45 24 feel
368 2883 124 31 precluded
506 2885 60 24 from
578 2887 64 30 sign-

52 2914 42 31 ing
106 2914 38 24 the
157 2914 73 25 other.

85 2970 35 4 —
126 2957 140 30 Brandon,
278 2958 68 32 Esq.,
358 2960 126 31 supported
494 2961 40 23 the
546 2962 97 32 original

52 2991 95 24 motion.

86 3032 39 25 W.
132 3033 32 24 V.
174 3032 123 32 Brewer,
311 3034 69 32 Esq.,
392 3035 50 24 said
454 3036 29 23 he
494 3036 99 33 thought
604 3038 39 24 the

54 3066 118 24 Colonists
182 3066 86 33 having
278 3067 59 25 been
348 3069 103 32 severely
461 3070 99 32 injured,
576 3072 68 23 could

51 3104 41 19 not
104 3107 40 16 use
155 3100 114 32 language
280 3106 37 19 too
330 3106 79 28 strong
426 3107 25 20 to
471 3111 94 24 express
583 3106 60 24 their
649 3108 2 30 j

51 3132 186 33 disapprobation
249 3135 24 23 of
287 3135 40 23 the
339 3144 79 16 course
434 3138 105 30 pursued
554 3139 32 31 by
604 3139 39 24 the

52 3166 275 26 Lieutenant-Governor
327 3182 33 4 —
361 3167 87 33 (hear).
496 3171 42 24 He
560 3172 83 24 should

52 3204 96 27 support
159 3200 39 24 the
217 3202 96 30 original
330 3204 148 30 proposition,
497 3205 100 24 because
614 3206 28 25 he

52 3233 98 32 thought
162 3234 19 23 it
191 3242 47 15 was
251 3234 133 34 derogatory
395 3241 23 19 to
429 3237 40 24 the
482 3238 116 25 character
619 3240 26 24 of

52 3266 163 32 Englishmen,
228 3268 21 23 if
263 3268 54 32 they
328 3269 44 24 had
385 3278 43 24 any
440 3272 142 30 grievances,
602 3278 41 19 not

50 3305 25 19 to
88 3305 58 19 state
158 3301 63 24 them
233 3302 25 23 in
269 3310 30 15 an
310 3311 58 23 open
384 3304 45 24 and
445 3305 198 32 straightforward

50 3341 105 17 manner.

85 3382 33 24 R.
131 3382 34 24 D.
186 3382 121 32 Hanson,
332 3384 66 33 Esq.,
423 3386 111 31 appealed
557 3392 23 20 to
602 3388 39 25 the

50 3416 110 31 meeting,
172 3416 101 25 whether
284 3418 88 23 several
384 3419 25 22 of
423 3419 40 24 the
475 3421 110 31 speakers
597 3422 44 24 had

50 3453 42 20 not
114 3449 59 24 done
190 3449 36 24 his
247 3451 97 31 petition
365 3452 115 31 injustice,
503 3462 27 15 as
545 3455 97 32 nothing

50 3483 69 24 could
128 3483 30 24 he
169 3491 64 16 more
245 3485 99 30 specific.
379 3485 51 24 The
444 3486 95 32 charges
551 3490 91 30 against

49 3516 40 25 the
101 3516 274 26 Lieutenant-Governor
386 3525 58 17 were
456 3520 118 34 distinctly
597 3523 45 24 and

50 3549 105 33 strongly
167 3550 82 30 stated,
265 3551 25 23 in
300 3551 55 30 fact,
374 3552 28 24 he
421 3553 98 31 thought
536 3556 61 30 quite
616 3565 24 16 as

50 3588 94 27 strong.
153 3592 26 16 as
202 3583 40 24 the
271 3585 96 30 original
393 3588 150 29 proposition.
590 3589 49 26 Mr.

49 3615 138 27 Wicksteed
198 3617 104 32 objected
313 3622 24 20 to
344 3618 39 24 the
395 3619 58 24 New
460 3621 102 25 Zealand
571 3622 70 25 Com-

49 3659 62 24 pany
122 3651 71 31 being
204 3651 92 25 alluded
306 3656 33 20 to.
374 3652 59 24 Now
439 3652 31 25 he
482 3654 99 33 thought
588 3656 53 33 they

47 3692 71 17 never
130 3685 68 24 could
209 3685 29 23 be
250 3693 79 23 wrong
339 3687 25 22 in
380 3687 88 31 stating
480 3687 59 24 facts
557 3689 85 33 having

48 3719 116 23 reference
177 3723 23 19 to
212 3718 50 24 that
279 3720 119 31 Company
407 3729 7 20 ;
433 3720 46 24 and
498 3721 40 23 the
555 3723 47 23 fact
619 3725 26 23 of

34 3751 75 28 \their
124 3752 88 32 having
223 3757 35 19 set
269 3753 62 24 aside
343 3753 115 29 £75,000
471 3758 24 19 to
506 3754 80 32 defray
604 3756 38 25 the

42 3783 64 34 cdi«j^
121 3786 26 23 of
166 3786 144 31 emigration,
335 3786 67 24 could
423 3791 42 19 not
483 3787 29 24 be
531 3792 38 21 too
581 3790 63 24 often

40 3817 113 32 brougnV>
164 3820 73 24 under
249 3819 38 24 the
304 3821 76 23 notice
392 3820 26 23 of
431 3820 41 25 the
493 3821 81 25 Home
593 3823 50 24 Go-

39 3857 144 29 vernment^
212 3853 37 25 As
266 3854 35 23 far
318 3862 26 16 as
361 3854 30 24 he
402 3852 61 33 (Mr.
472 3854 114 34 Hanson)
598 3865 46 16 was

40 3884 52 25 able
102 3889 24 20 to
133 3885 89 32 judgtp,
233 3887 31 24 he
277 3887 97 31 thought
384 3889 20 22 it
415 3888 76 24 would
507 3889 31 23 be
557 3891 87 24 unwise

40 3922 23 20 to
75 3919 98 31 petition
183 3918 94 26 for>the
288 3921 71 24 recall
371 3922 26 23 of
411 3921 100 32 Captain
529 3922 99 27 Hobson
637 3932 6 19 ;

39 3952 45 25 and
101 3953 22 23 if
137 3953 39 24 the
195 3955 105 31 ornginal
318 3956 86 23 motion
424 3963 47 16 was
491 3956 97 30 carried,
616 3959 30 24 he

699 3056 85 22 China.
785 3068 29 4 —
814 3057 23 22 A
846 3057 60 27 good
921 3057 51 23 deal
983 3057 27 23 of
1021 3057 69 29 firing
1101 3066 47 14 was
1158 3057 70 24 heard
1242 3059 23 24 in

671 3082 39 23 the
717 3083 110 23 direction
838 3085 27 21 of
872 3085 47 27 Cap
928 3085 40 21 Sin
978 3085 89 22 Moore.
1096 3085 24 22 It
1126 3093 95 21 appears
1228 3087 38 23 the

694 3110 133 24 Columbine
859 3111 46 23 had
915 3112 104 27 engaged
1027 3120 62 14 some
1098 3113 29 22 50
1143 3120 26 15 or
1177 3115 28 20 60
1221 3121 45 16 war

668 3137 70 27 junks
748 3146 26 14 or
782 3138 84 28 fishing
873 3139 73 22 boats.
976 3139 78 27 Firing
1062 3139 69 28 being
1140 3140 78 28 heard,
1228 3141 37 22 the

694 3165 73 22 Druid
800 3173 47 14 was
864 3165 72 22 towed
952 3174 31 20 up
996 3167 31 26 by
1037 3168 38 21 the

670 3191 47 23 and
726 3199 45 15 was
786 3192 106 23 followed
905 3193 29 28 by
951 3193 40 22 the
1152 3194 75 29 owing
1242 3199 23 19 to

670 3218 39 23 the
727 3219 146 22 shallowness
888 3220 27 21 of
929 3220 39 22 the
982 3223 77 25 water,
1070 3221 38 22 the
1123 3221 61 29 ships
1199 3222 76 25 could;

670 3249 42 19 not
728 3250 39 24 get
785 3247 79 22 within
880 3254 77 20 range,
969 3247 47 22 and
1029 3248 39 21 the
1082 3248 71 28 junks

671 3280 54 15 over
731 3273 37 22 the
779 3273 58 23 flats.
866 3274 48 23 The
924 3274 140 28 Portuguese
1072 3274 46 23 had
1126 3276 140 23 endeavour-

670 3301 29 21 ed
709 3303 22 19 to
740 3301 87 22 remain
838 3301 95 28 neutral,
940 3302 43 21 but
990 3302 20 22 it
1016 3309 45 16 was
1070 3304 113 26 supposed
1191 3301 83 26 would'

670 3327 49 22 find
727 3328 18 21 it
753 3335 122 21 necessary
884 3332 23 18 to
918 3336 95 20 espouse
1029 3329 39 22 the
1084 3329 96 29 English
1190 3339 83 17 cause..

672 3355 103 22 Admiral
790 3355 83 22 Kevan
889 3355 52 22 died
956 3360 25 18 at
997 3356 38 22 the
1051 3356 77 28 Bogue
1145 3357 69 23 about
1229 3353 46 31 thei

670 3382 83 22 middle
764 3382 26 21 of
797 3382 97 27 August.
924 3383 128 33 Supported
1060 3384 25 21 in
1095 3384 34 21 his
1146 3389 87 24 reports
1243 3389 22 19 to

670 3408 38 22 the
725 3408 82 23 throne
821 3409 32 27 by
868 3409 49 27 Lin,
929 3409 28 23 he
972 3410 47 22 nad
1033 3411 95 22 boasted
1145 3412 27 21 of
1182 3412 85 29 having

670 3435 104 23 defeated
796 3436 39 22 the
860 3436 95 28 English
979 3437 24 22 in
1031 3438 35 21 six
1094 3443 181 23 engagements'*

671 3462 118 23 Governor
799 3462 43 23 Lin
854 3463 41 22 left
904 3464 38 21 the
959 3464 79 28 Bogue
1056 3472 30 15 on
1100 3465 54 22 29th
1165 3459 110 38 August^

669 3490 36 21 for
714 3490 95 22 Canton.
811 3502 28 4 —
841 3490 93 23 Canton
945 3491 81 28 Press,
1037 3492 134 28 September
1178 3494 47 22 sth.

696 3524 49 22 The
762 3524 69 22 latest
850 3528 96 18 account
964 3525 28 22 of
1007 3525 39 23 the
1065 3526 155 23 disturbances
1242 3528 24 23 in

670 3551 62 22 Paris
742 3558 39 15 are
791 3552 27 21 of
830 3559 15 14 a
854 3552 68 22 much
932 3560 63 14 more
1013 3552 84 23 serious
1113 3556 81 20 nature
1211 3555 54 23 than

670 3586 45 19 any
725 3578 73 22 which
808 3586 34 14 we
850 3578 58 23 have
919 3582 38 24 yet
965 3580 113 22 received.
1099 3580 49 22 The
1158 3581 109 29 Republi-

670 3613 42 14 can
722 3605 71 23 chiefs
804 3605 26 22 of
835 3606 98 22 sections
943 3614 39 14 are
997 3607 49 22 said
1056 3610 23 19 to
1093 3606 59 23 have
1162 3610 105 23 assumed

670 3632 37 22 the
719 3632 109 23 direction
836 3633 27 21 of
870 3633 36 22 the
918 3633 76 22 strike.
1025 3635 35 20 On
1071 3635 109 27 Monday,
1189 3643 78 21 symp-

670 3662 58 20 toms
738 3659 25 23 of
769 3660 75 22 revolt
852 3667 58 15 were
923 3664 110 25 apparent
1046 3661 25 22 in
1084 3661 38 22 the
1131 3662 135 25 formidable

670 3686 119 28 Faubourg
799 3687 31 22 St.
843 3687 108 26 Antoine,
960 3687 47 22 and
1014 3691 106 25 attempts
1199 3692 66 21 made

670 3716 23 19 to
708 3717 115 19 construct
838 3714 141 28 barricades;
1004 3715 40 22 but
1059 3715 37 22 the
1112 3716 80 23 rioters
1207 3725 59 16 were

671 3741 114 27 dispersed
794 3741 30 28 by
835 3748 15 14 a
858 3741 62 28 large
930 3741 62 22 show
1007 3742 26 22 of
1045 3746 84 23 troops.
1160 3743 27 22 In
1204 3752 63 15 some

670 3770 61 26 parts
741 3768 26 21 of
773 3768 38 21 the
821 3769 45 26 city
877 3768 37 22 the
931 3769 69 28 shops
1010 3776 58 15 were
1079 3769 82 27 closed,
1173 3772 45 21 and
1229 3772 38 23 the

672 3798 78 19 streets
759 3802 59 15 were
830 3795 108 27 occupied
952 3796 32 27 by
1001 3796 37 22 the
1054 3796 109 23 National
1180 3798 86 24 Guard.

670 3835 28 4 —
699 3822 117 22 Colonial
828 3822 117 22 Gazette.

698 3854 48 22 The
757 3862 60 15 news
827 3855 57 22 from
897 3856 91 22 Madrid
999 3857 55 24 (2nd
1072 3857 141 29 September)
1229 3866 38 16 are

673 3882 84 22 similar
775 3885 23 19 to
817 3882 64 22 those
900 3883 59 22 from
979 3883 70 28 Paris,
1070 3892 28 14 an
1117 3885 150 24 insurrection

673 3908 84 28 having
778 3909 87 22 broken
889 3913 40 19 out
951 3911 23 21 in
1004 3911 49 22 that
1078 3912 95 27 Capital.
1219 3913 49 23 The

675 3936 107 22 National
792 3936 78 22 Guard
883 3936 43 22 had
943 3937 117 23 remained
1076 3939 73 23 under
1164 3948 59 14 arms
1239 3941 28 21 all

675 3963 37 21 the
723 3963 103 27 previous
837 3963 69 28 night,
919 3965 43 21 and
980 3965 45 22 had
1042 3966 57 22 been
1113 3967 80 26 joined
1209 3968 29 27 by
1256 3976 12 14 a

1326 612 107 24 Pacific
1452 614 93 23 Steam
1564 614 166 25 Navigation
1743 616 140 24 Company.

1291 658 34 5 —
1327 645 40 24 On
1371 644 15 34 '
1386 644 139 34 Wednesday
1540 648 66 23 week
1617 648 39 24 the
1800 656 43 16 one
1863 649 26 23 of

1291 678 44 24 the'
1349 679 89 23 vessels
1456 680 127 32 belonging
1598 685 23 20 to
1634 681 37 24 the
1694 682 89 23 Pacific
1806 682 80 24 Steam

1291 711 143 32 Navigation
1444 713 129 32 Company,
1587 714 85 24 started
1682 714 60 24 from
1753 715 44 23 her
1808 723 78 15 moor-

1291 745 53 31 ings
1362 749 25 19 at
1409 745 129 25 Blackwall
1561 755 31 15 on
1609 755 31 16 an
1658 748 164 31 experimental
1839 749 47 31 trip

1292 778 66 24 down
1369 778 41 24 the
1421 780 61 22 river
1494 780 46 22 and
1550 780 61 23 back
1622 785 23 19 to
1665 781 135 24 Blackwall.
1839 782 47 24 She

1291 812 21 23 is
1324 820 14 14 a
1349 819 57 23 very
1417 813 110 31 splended
1543 817 99 20 steamer
1648 822 6 20 ;
1672 814 43 23 her
1733 815 95 31 engines
1848 823 38 15 are

1293 844 25 24 of
1334 844 114 25 90-horse
1459 854 77 23 power
1548 846 64 29 each,
1625 846 45 24 and
1679 847 42 23 her
1732 847 93 24 burden
1836 848 50 26 700

1292 882 60 19 tons.
1389 879 64 23 Over
1475 879 42 24 her
1538 879 97 32 paddles
1655 888 38 16 are
1715 880 83 31 placed
1814 881 73 30 safety

1291 911 66 24 boats
1369 912 26 23 of
1411 921 14 14 a
1435 912 64 31 large
1508 913 56 28 size,
1577 913 45 23 and
1629 913 93 32 capable
1734 914 26 23 of
1774 914 114 31 affording

1291 952 81 16 means
1383 945 27 23 of
1425 953 81 24 escape
1515 946 35 24 for
1562 947 38 23 the
1613 954 58 16 crew
1683 947 46 24 and
1740 955 144 24 passengers,

1292 978 25 23 in
1334 978 40 24 the
1394 984 67 18 event
1473 980 25 22 of
1512 980 42 24 fire
1573 988 26 16 or
1611 988 45 23 any
1672 980 64 24 other
1747 981 104 24 accident
1863 985 23 19 to

1293 1011 75 23 which
1385 1011 56 31 long
1458 1021 101 23 voyages
1578 1021 38 16 are
1628 1014 107 31 exposed,
1758 1015 44 23 hut
1812 1015 75 23 which

1291 1045 136 31 precaution
1448 1046 65 24 there
1534 1047 21 23 is
1580 1055 68 23 every
1670 1055 81 16 reason
1774 1052 24 19 to
1809 1048 75 29 think,

1292 1078 60 24 from
1381 1078 40 24 the
1451 1079 115 24 excellent
1599 1085 171 26 arrangements
1795 1081 25 23 of
1841 1081 45 23 this

1293 1115 106 25 steamer,
1420 1112 45 23 will
1484 1113 28 23 be
1525 1113 152 31 superfluous.
1713 1113 172 30 Nevertheless,

1291 1144 20 24 it
1321 1145 21 23 is
1354 1153 14 15 a
1378 1150 83 19 matter
1474 1147 26 22 of
1514 1147 183 29 congratulation
1714 1150 24 20 to
1757 1147 68 23 those
1835 1147 51 24 who

1294 1186 39 15 are
1357 1178 70 24 about
1449 1183 23 19 to
1496 1183 90 19 travese
1603 1179 40 23 the
1661 1180 110 23 immense
1784 1188 67 23 space
1865 1181 25 23 of

1293 1216 68 19 water
1383 1212 76 23 which
1482 1212 87 24 divides
1597 1212 110 32 England
1729 1213 60 23 from
1813 1213 74 24 South

1294 1244 117 30 America,
1435 1245 51 24 that
1505 1246 57 23 such
1581 1246 155 24 contrivances
1754 1246 59 24 have
1828 1247 60 23 been

1293 1278 97 31 adopted
1400 1279 36 23 for
1448 1279 60 23 their
1519 1280 108 29 security,
1645 1280 45 23 and
1700 1284 67 26 great
1777 1281 77 30 praise
1866 1281 21 23 is

1293 1312 43 23 due
1349 1316 22 19 to
1394 1311 98 32 Captain
1505 1312 29 24 G.
1550 1312 84 30 Smith,
1658 1313 38 23 the
1718 1314 107 24 inventor
1842 1314 46 24 and

1293 1345 93 31 adapter
1399 1346 26 23 of
1440 1345 65 24 these
1517 1346 75 30 safety
1602 1346 73 24 boats.
1712 1346 71 24 Their
1791 1355 95 24 appear-

1293 1386 55 17 ance
1371 1379 57 23 adds
1452 1383 23 20 to
1498 1379 38 24 the
1557 1380 106 31 elegance
1679 1380 26 24 of
1719 1380 39 24 the
1775 1385 111 20 steamer:

1293 1412 54 31 they
1359 1411 54 24 take
1425 1420 30 24 up
1467 1413 48 23 less
1526 1420 66 16 room
1602 1413 56 24 than
1670 1413 38 24 the
1718 1413 169 32 paddle-boxes

1292 1445 75 24 which
1378 1446 24 23 in
1414 1446 94 31 general
1525 1454 67 16 cover
1608 1446 40 24 the
1658 1446 102 31 paddles,
1785 1448 52 29 and,
1860 1456 27 16 as

1293 1479 54 30 they
1359 1487 38 15 are
1410 1488 63 15 more
1485 1488 68 22 snug,
1578 1488 25 15 so
1621 1480 56 31 they
1693 1480 55 24 hold
1758 1481 48 23 less
1820 1481 66 29 wind,

1293 1512 45 24 and
1350 1513 164 31 consequently
1526 1514 106 23 occasion
1643 1514 46 23 less
1700 1514 152 31 impediment
1863 1520 24 19 to

1293 1546 38 24 the
1359 1546 71 31 speed
1453 1546 44 24 and
1515 1551 163 27 management
1701 1548 25 23 of
1740 1547 39 24 the
1803 1549 83 23 vessel.

1293 1579 59 24 This
1371 1579 108 32 adaption
1497 1580 42 23 has
1557 1580 60 24 been
1634 1580 66 24 made
1716 1589 42 15 use
1772 1581 25 23 of
1811 1582 26 23 in
1848 1582 39 23 the

1293 1613 65 31 royal
1369 1620 68 24 navy,
1451 1613 45 23 and
1506 1613 42 24 has
1560 1613 59 24 been
1630 1614 69 23 found
1717 1618 23 20 to
1756 1622 89 17 answer
1856 1615 30 24 all

1294 1646 37 23 the
1343 1654 111 23 purposes
1466 1646 110 24 intended
1585 1647 32 32 by
1629 1648 38 22 the
1679 1648 113 29 inventor,
1816 1648 42 24 but
1868 1650 20 22 it

1293 1679 42 24 has
1364 1687 71 16 never
1458 1680 61 23 been
1544 1681 120 31 employed
1694 1681 25 23 in
1753 1683 134 22 mercantile

1293 1717 111 20 steamers
1416 1713 61 24 until
1486 1721 30 16 on
1526 1714 74 23 hoard
1609 1716 40 22 the
1691 1714 63 24 Chili
1800 1713 88 32 (which

1293 1747 95 30 belongs
1400 1750 24 20 to
1443 1746 46 24 this
1510 1746 130 32 Company)
1659 1747 44 24 and
1714 1747 39 24 the

1294 1780 24 24 A
1327 1780 77 23 modle
1417 1780 26 23 of
1463 1780 40 23 the
1515 1781 119 23 invention
1644 1781 41 23 has
1698 1781 58 23 been
1769 1782 119 24 exhibited

1294 1818 23 19 at
1327 1813 40 24 the
1380 1813 151 31 Polytechnic
1543 1814 143 29 Institution,
1700 1814 45 23 and
1756 1815 39 22 the
1802 1816 86 23 results

1294 1846 118 24 exhibited
1423 1848 25 22 in
1458 1848 123 23 miniature
1592 1848 59 23 have
1663 1848 57 23 been
1732 1848 154 32 satisfactory.

1294 1880 52 24 The
1494 1881 45 23 and
1684 1889 59 16 were
1754 1881 57 24 both
1828 1882 60 24 built

1293 1914 25 23 in
1329 1914 40 23 the
1380 1914 70 31 yards
1461 1913 27 24 of
1503 1914 101 24 Messrs.
1618 1914 97 31 Curling
1726 1915 45 23 and
1783 1915 87 32 Young
1879 1926 7 19 ;

1295 1947 59 23 their
1360 1968 4 3 .
1373 1948 99 28 engines
1482 1948 128 22 -are-firoßft
1630 1948 40 22 the
1687 1949 160 27 manufactory
1865 1950 25 22 of

1294 1978 100 23 Messrs.
1414 1978 80 24 Miller
1517 1979 47 23 and
1585 1979 134 24 Ravenlull.
1766 1980 32 23 In
1820 1981 68 23 these

1392 2011 50 24 coal
1453 2012 48 23 will
1512 2017 40 19 not
1565 2012 29 24 be
1608 2013 57 23 used
1681 2013 81 31 during
1778 2013 38 24 the
1830 2022 57 22 voy-

1294 2052 62 24 ages,
1369 2045 42 24 but
1423 2044 38 25 the
1474 2045 112 32 prepared
1597 2046 48 23 fuel
1657 2046 25 23 of
1703 2046 48 24 Mr.
1766 2047 67 24 Oran
1842 2048 46 23 will

1294 2078 29 23 he
1335 2079 148 23 substituted.
1521 2079 52 24 The
1592 2088 111 24 company
1715 2088 30 16 on
1760 2080 74 24 board
1849 2081 39 23 the

1318 2111 63 24 Peru
1430 2113 115 23 consisted
1556 2112 27 24 of
1597 2113 80 31 nearly
1694 2115 51 22 200
1757 2114 73 23 ladies
1842 2114 47 24 and

1292 2145 140 30 gentlemen.
1468 2145 53 25 The
1533 2145 75 33 object
1620 2146 26 24 of
1660 2147 45 23 this
1718 2155 113 23 company
1837 2149 21 22 is
1864 2152 24 19 to

1291 2178 94 32 provide
1396 2179 88 24 vessels
1496 2180 105 23 between
1611 2179 137 32 Valparaiso
1756 2181 46 24 and
1809 2181 79 24 Pana-

1292 2220 45 21 ma,
1350 2213 111 31 touching
1472 2217 24 19 at
1507 2213 39 23 the
1557 2214 158 24 intermediate
1722 2218 74 28 ports.
1834 2215 52 24 The

1318 2246 63 23 Chili
1428 2247 87 23 started
1526 2246 71 25 about
1608 2255 14 15 a
1632 2248 112 31 fortnight
1755 2256 52 23 ago.
1826 2248 63 24 Both

1292 2279 41 23 she
1351 2279 44 24 and
1412 2280 40 24 the
1590 2280 47 24 will
1649 2281 68 23 touch
1729 2286 24 19 at
1771 2282 57 29 Rio,
1841 2283 47 23 and

1291 2313 97 31 proceed
1400 2313 101 32 through,
1519 2313 38 24 the
1576 2314 85 24 Straits
1681 2315 24 23 of
1724 2315 122 32 Magellan
1864 2321 24 19 to

1292 2346 39 23 the
1354 2347 88 23 Pacific
1467 2347 88 25 Ocean.
1601 2347 73 25 Their
1695 2350 85 22 arrival
1802 2350 25 23 in
1849 2350 39 23 the

1292 2380 88 24 Pacific
1390 2380 49 24 will
1450 2381 28 24 be
1490 2389 31 16 an
1532 2389 39 16 era
1581 2381 27 24 in
1612 2381 39 24 the
1661 2382 89 31 history
1758 2383 25 23 of
1791 2384 97 30 naviga-

1292 2413 48 24 tion
1347 2423 6 20 ;
1367 2414 56 31 they
1429 2415 46 23 will
1485 2419 75 19 create
1568 2422 14 16 a
1589 2417 192 23 communication
1785 2417 103 24 between

1291 2447 111 24 localities
1414 2447 76 24 which
1502 2452 85 20 cannot
1598 2448 29 24 be
1642 2450 107 23 obtained
1759 2450 31 31 by
1802 2450 86 33 sailing

1292 2481 87 23 vessels
1390 2481 74 24 under
1476 2486 44 20 two
1531 2482 94 24 months
1644 2483 25 23 in
1687 2483 38 23 the
1743 2483 66 24 short
1820 2492 68 24 space

1293 2514 24 24 of
1344 2523 15 15 a
1375 2515 123 31 fortnight,
1518 2515 46 24 and
1586 2516 48 23 will
1650 2516 53 32 help
1726 2518 26 22 in
1773 2526 31 15 no
1827 2512 61 30 little

1292 2548 82 31 degree
1386 2553 23 19 to
1423 2549 89 24 civilise
1524 2548 39 24 the
1579 2549 143 24 inhabitants
1736 2551 47 23 and
1799 2556 89 19 restore

1291 2582 59 31 good
1373 2587 151 26 government
1524 2596 35 3 —
1559 2591 15 15 a
1595 2583 155 25 desideratum
1771 2589 39 19 too
1830 2585 58 32 long

1292 2615 89 24 wanted
1393 2616 25 23 in
1430 2615 38 24 the
1479 2617 94 31 regions
1592 2620 24 20 to
1634 2617 76 24 which
1726 2618 61 23 their
1807 2626 80 24 opera-

1282 2650 70 28 tions
1364 2657 38 16 are
1414 2650 114 24 destined.
1564 2650 26 24 It
1602 2650 71 32 ought
1684 2655 23 20 to
1717 2651 30 24 be
1754 2652 134 24 mentioned

1291 2683 25 23 in
1339 2682 39 24 the
1428 2683 84 24 Peru's
1559 2688 81 20 return
1657 2688 24 20 to
1699 2685 129 24 Blackwall
1846 2686 42 23 the

1293 2716 93 32 efficacy
1404 2718 26 22 of
1446 2717 38 23 the
1497 2722 123 27 apparatus
1632 2718 45 24 and
1688 2718 75 24 tackle
1769 2719 32 31 by
1813 2720 75 24 which

1293 2750 38 23 the
1343 2751 155 30 safety-boats
1510 2759 39 15 are
1561 2756 24 19 to
1596 2751 29 24 be
1646 2752 100 31 brought
1757 2753 49 23 into
1820 2761 68 24 oper-

1294 2784 62 24 ation
1369 2792 46 16 was
1435 2784 59 24 tried
1503 2794 7 19 ;
1536 2785 40 23 the
1586 2785 67 24 boats
1665 2794 58 15 were
1735 2786 33 23 let
1778 2786 68 24 down
1858 2787 29 32 by

1294 2817 73 32 slings
1378 2818 50 23 into
1440 2817 39 24 the
1491 2822 70 20 water
1573 2819 25 23 in
1604 2819 47 24 less
1658 2819 56 24 than
1720 2820 52 23 four
1778 2820 110 30 minutes,

1293 2851 45 23 and
1349 2851 39 23 the
1400 2859 115 24 company
1526 2852 116 31 conveyed
1652 2853 32 30 by
1696 2861 42 16 one
1750 2853 26 24 of
1791 2853 64 25 them
1865 2859 24 19 to

1293 2885 38 24 the
1343 2885 77 24 shore.
1456 2885 68 24 Each
1537 2886 25 23 of
1584 2886 65 24 these
1662 2887 64 24 boats
1738 2887 47 24 will
1797 2889 93 22 contain

1293 2918 106 32 upwards
1412 2920 27 22 of
1454 2927 43 16 one
1508 2920 107 24 hundred
1625 2928 104 23 persons.
1771 2921 69 32 They
1851 2930 38 16 are

1292 2953 25 22 in
1327 2953 82 31 length
1421 2954 33 24 27
1474 2954 56 28 feet,
1550 2953 47 24 and
1616 2956 32 21 10
1668 2954 47 24 feet
1733 2957 15 21 2
1767 2955 81 24 inches
1865 2956 25 23 in

1292 2986 38 23 the
1342 2986 78 24 beam.
1421 2999 35 4 —
1457 2986 108 24 Mining
1582 2987 131 23 Journal.

1326 3019 59 24 Art
1408 3027 57 16 and
1489 3020 123 25 Science.
1614 3033 34 4 —
1649 3020 86 33 Joseph
1758 3021 92 30 Lalich,
1876 3031 14 16 a

1293 3053 165 24 schoolmaster
1479 3055 28 22 in
1528 3053 175 32 Verboyszako,
1726 3055 25 23 in
1764 3055 124 32 Hungary,

1291 3087 42 24 has
1345 3087 134 24 discovered
1490 3095 15 15 a
1514 3088 88 23 certain
1614 3095 53 16 cure
1675 3088 36 23 for
1721 3088 167 32 hydrophobia.

1293 3120 47 24 His
1352 3120 95 24 method
1457 3120 95 32 having,
1575 3121 26 23 in
1613 3128 69 25 every
1693 3122 111 29 instance,
1829 3123 60 24 been

1292 3154 108 24 attended
1410 3154 57 24 with
1475 3162 101 22 success,
1588 3154 40 24 the
1635 3154 115 33 Emperor
1758 3156 25 23 of
1792 3156 99 25 Austria

1290 3187 124 33 presented
1425 3188 50 24 him
1485 3187 57 25 with
1553 3189 81 29 £700,
1654 3189 46 23 and
1710 3197 31 16 an
1752 3191 98 31 annuity
1867 3190 25 25 of

1292 3222 72 24 £150
1388 3222 85 31 during
1494 3221 38 24 his
1561 3222 93 24 natural
1682 3222 49 25 life.
1732 3236 36 4 —
1768 3224 122 24 Foreign

1282 3273 3 8 ,
1293 3256 164 25 Quarterly
1469 3255 123 25 Review.

1325 3288 161 25 Invention.
1487 3302 35 4 —
1522 3289 42 24 An
1574 3290 123 31 ingenious
1707 3291 128 30 mechanic,
1852 3300 37 16 re-

1282 3327 4 31 |
1292 3322 77 32 siding
1380 3327 24 19 at
1413 3323 167 30 Grahamston,
1603 3323 105 31 Falkirk,
1729 3325 43 23 has
1783 3325 61 24 been
1855 3325 35 25 for

1282 3375 3 6 ,
1292 3365 14 15 a
1317 3356 56 32 long
1382 3356 82 32 period
1477 3357 104 31 engaged
1590 3358 27 23 in
1628 3360 157 30 constructing
1797 3367 14 15 a
1823 3360 68 24 small

1291 3390 76 24 vessel
1378 3395 24 19 to
1413 3390 30 24 be
1458 3391 120 31 propelled
1595 3391 33 32 by
1644 3400 80 15 means
1743 3393 25 23 of
1781 3400 109 24 pressure

1290 3431 85 25 pumps
1376 3436 34 5 —
1410 3424 40 24 the
1467 3424 141 32 application
1625 3425 26 23 of
1665 3433 16 15 a
1701 3426 113 32 principle
1827 3428 62 31 quite

1291 3466 52 16 new
1353 3462 24 19 to
1389 3457 39 24 the
1435 3462 99 20 masters
1548 3459 26 23 of
1588 3458 39 24 the
1634 3459 97 24 science.
1769 3460 41 24 On
1818 3460 71 25 Mon-

1282 3491 54 32 day
1348 3492 99 31 evening
1465 3491 40 24 the
1522 3492 54 23 boat
1594 3500 47 16 was
1659 3492 114 25 launched
1789 3494 50 24 into
1852 3494 38 24 the

1292 3525 75 24 Forth
1378 3525 45 23 and
1436 3525 73 31 Clyde
1523 3525 80 30 Canal,
1624 3530 24 19 at
1658 3527 125 24 Baiasford
1794 3527 95 33 Bridge,

1291 3559 46 23 and
1348 3559 129 32 proceeded
1486 3559 139 32 beautifully
1635 3560 70 31 along
1715 3560 39 24 the
1766 3560 70 24 reach
1847 3565 23 20 at
1877 3570 14 16 a

1282 3596 59 21 Tate
1360 3593 27 22 of
1400 3597 42 19 not
1459 3592 48 23 less
1526 3592 57 24 than
1600 3593 81 24 fifteen
1691 3593 66 24 miles
1769 3602 42 23 per
1822 3595 66 29 hour,

1293 3626 127 24 conducted
1432 3626 66 24 alone
1509 3626 32 31 by
1552 3626 39 24 the
1602 3628 112 28 inventor,
1734 3627 51 23 who
1797 3628 94 24 worked

1293 3659 38 24 the
1343 3668 94 24 pumps.
1474 3659 60 24 This
1554 3661 69 22 novel
1639 3661 118 23 invention
1775 3661 42 24 has
1835 3669 55 25 pro-

1293 3693 74 24 duced
1378 3693 70 23 much
1459 3693 145 32 speculation
1615 3702 85 23 among
1717 3694 40 24 the
1775 3695 115 25 members

1293 3727 27 24 of
1333 3727 40 24 the
1384 3727 131 31 profession
1526 3728 25 23 in
1562 3727 47 24 this
1621 3727 65 32 place
1696 3737 5 15 :
1719 3728 46 23 and
1776 3729 19 23 it
1806 3729 21 23 is
1839 3737 52 16 now

1293 3761 114 31 reported,
1419 3761 51 23 that
1481 3761 29 23 he
1522 3762 21 22 is
1555 3769 25 15 so
1592 3761 70 23 much
1674 3762 102 24 satisfied
1786 3763 56 23 with
1855 3762 35 25 his

1293 3795 51 24 first
1366 3795 152 31 experiment,
1540 3794 51 25 that
1613 3795 96 24 another
1731 3803 30 16 on
1784 3804 14 16 a
1815 3796 76 32 larger

1294 3829 61 23 scale
1366 3829 21 23 is
1399 3828 118 24 forthwith
1533 3833 24 19 to
1580 3828 31 24 be
1632 3828 153 31 undertaken,
1809 3830 47 24 and
1878 3840 14 15 a

1293 3866 80 28 patent
1383 3862 114 32 procured
1510 3866 23 20 to
1546 3866 88 28 protect
1642 3862 39 24 the
1688 3863 125 24 invention.
1851 3864 40 25 He

1293 3896 42 24 has
1347 3904 31 16 no
1391 3896 71 24 doubt
1475 3896 49 24 that
1541 3896 19 23 it
1576 3896 56 29 will,
1649 3901 24 19 at
1690 3904 29 16 no
1739 3897 88 25 distant
1844 3906 46 22 era,

1294 3929 99 31 entirely
1404 3929 125 33 supersede
1548 3930 39 23 the
1606 3935 94 25 present
1717 3930 67 25 mode
1796 3932 25 23 of
1838 3940 53 24 pro-

1295 3963 92 30 pulsion
1405 3963 30 30 by
1454 3971 80 16 means
1548 3964 23 23 of
1586 3963 95 30 paddle-
1683 3964 91 24 wheels.

299 40 324 33 SUPPLEMENT
646 40 63 32 TO
732 40 100 32 THE
856 40 113 31 NEW
991 39 229 31 ZEALAND
1244 39 229 31 GAZETTE
1495 39 102 31 AND
1621 39 331 32 WELLINGTON
1974 40 292 34 SPECTATOR.

1286 123 52 25 part
1355 120 26 21 of
1397 120 38 21 the
1454 120 113 26 regiment
1585 120 27 21 of
1627 119 37 22 the
1683 120 79 24 Queen
1783 120 97 27 Regent,

1286 146 74 22 which
1373 146 47 22 had
1435 146 103 22 escorted
1555 146 205 28 Captain-General
1776 146 105 27 Aldama,

1287 173 51 22 who
1347 173 47 21 had
1402 173 42 21 left
1454 173 91 21 Madrid
1561 172 62 28 early
1634 179 27 15 on
1679 173 39 21 the
1735 174 107 26 morning
1860 173 26 21 of

1288 199 39 22 the
1343 199 52 27 2nd,
1406 199 55 22 with
1477 200 26 20 12
1519 199 75 27 pieces
1610 199 25 21 of
1649 199 99 27 artillery
1757 199 48 22 and
1820 207 62 15 some

1288 225 99 27 cavalry.
1414 225 49 22 The
1472 225 124 27 regiments
1602 225 74 22 which
1681 225 59 22 have
1747 226 137 22 fraternised

1288 251 54 23 with
1352 252 38 21 the
1406 251 81 28 people
1497 258 38 15 are
1546 251 39 22 the
1602 251 86 28 King's,
1700 252 38 21 the
1755 253 128 22 Provincial

1290 279 27 21 de
1333 277 150 26 Mindonedo,
1495 278 46 21 and
1557 278 38 21 the
1612 279 78 24 Queen
1707 279 116 27 Regent's,
1837 279 47 21 and

1289 305 48 22 also
1347 312 14 14 a
1369 308 53 24 part
1432 305 26 21 of
1464 304 38 22 the
1512 304 141 27 gendarmes,
1663 305 46 21 and
1719 312 23 14 as
1754 305 54 28 they
1818 305 66 22 effec-

1290 331 39 22 ted
1345 331 58 22 their
1415 331 106 27 junction
1537 331 54 21 with
1607 331 39 22 the
1661 331 110 22 National
1794 331 90 22 Guards

1289 357 56 28 they
1354 364 59 15 were
1422 357 94 27 greeted
1527 357 56 22 with
1591 357 57 22 loud
1661 358 86 22 cheers.
1775 358 49 22 The
1833 365 52 20 pro-

1290 383 96 23 visional
1387 384 74 30 junta
1468 383 48 23 also
1525 383 73 23 relied
1611 391 31 15 on
1658 392 13 14 a
1684 387 64 23 great
1762 385 89 26 portion
1862 385 26 21 of

1291 411 39 21 the
1461 410 153 22 commanded
1628 411 32 26 by
1675 411 101 22 General
1793 411 90 28 Conde;

1291 437 46 21 arid
1345 437 39 21 the
1400 437 176 22 Constitutional
1584 437 104 28 Alcades,
1698 437 25 23 in
1733 439 66 21 order
1813 441 22 19 to
1849 439 36 21 in-

1291 470 76 16 crease
1376 463 60 22 their
1451 463 100 27 military
1561 463 85 29 forces,'
1657 464 44 22 had
1715 465 78 22 issued
1809 465 77 22 orders

1290 489 36 22 for
1333 489 38 22 the
1377 489 130 23 enrolment
1513 489 29 22 of
1543 490 128 23 volunteers
1677 491 49 23 into
1731 491 39 23 the
1777 492 109 22 National

1395 527 28 4 —
1423 516 118 22 Morning
1551 517 109 21 Herald.

1402 569 367 25 MISCELLANEOUS.

671 122 67 24 could
748 127 42 19 not
802 124 50 29 sign
867 123 36 23 the
916 122 95 24 address
1027 122 81 23 moved
1120 122 30 30 by
1163 122 97 31 Captain

670 155 102 24 Daniell.

705 188 22 23 J.
741 188 30 24 T.
784 188 168 28 Wickstead,
965 188 68 30 Esq.,
1046 187 109 31 rejoined,
1171 186 49 24 that
1230 186 31 23 he

672 221 66 23 could
760 226 41 18 not
824 222 51 30 sign
895 221 39 23 the
954 221 95 30 petition
1066 220 80 23 moved
1164 220 32 30 by
1211 220 48 23 Mr.

674 254 106 23 Hanson.

705 286 49 24 Mr.
775 287 71 23 John
866 286 86 24 Wade
976 286 50 23 said
1049 286 31 23 he
1098 285 45 23 had
1153 285 60 23 been
1223 293 38 15 re-

673 319 96 31 quested
781 320 29 30 by
823 319 87 23 several
919 320 87 30 parties
1023 323 23 18 to
1059 326 67 15 move
1137 318 39 23 the
1188 319 73 21 inser-

672 353 47 22 tion
731 352 26 23 of
771 352 95 24 another
877 352 62 22 word
950 352 25 22 in
986 352 38 23 the
1035 352 65 30 place
1108 350 25 24 of

674 385 36 23 He
722 385 63 23 liked
797 385 49 23 that
852 385 61 23 word
919 385 96 22 himself
1015 397 31 3 —
1047 382 75 32 (hear,
1134 383 75 30 hear,)
1218 382 44 24 and

672 418 29 23 lie
712 418 118 23 confessed
843 422 23 19 at
878 418 37 22 the
927 421 102 19 moment
1047 416 29 23 he
1093 416 40 23 did
1143 420 42 19 not
1195 416 68 23 know

672 451 94 23 another
777 451 63 23 word
851 458 62 16 more
926 450 153 31 appropriate.
1115 449 77 23 There
1204 455 59 16 were

673 484 75 28 times,
767 484 112 28 however,
899 483 65 22 when
976 484 18 21 it
1005 490 46 15 was
1063 490 13 15 a
1086 486 83 19 matter
1181 480 26 23 of
1221 488 42 15 ex-

672 516 109 31 pediency
792 521 24 19 to
828 517 26 22 be
866 515 103 31 guarded
988 517 24 21 in
1031 515 58 23 their
1107 514 154 31 expressions.

673 549 25 24 If
712 549 39 23 the
763 550 100 30 meeting
875 557 44 15 was
932 550 90 29 against
1033 548 55 28 him,
1101 547 30 23 he
1140 546 76 24 would
1223 551 40 18 not

674 581 82 25 divide.

706 615 94 24 Several
811 615 130 31 gentlemen
952 614 55 23 here
1018 613 125 31 suggested
1159 612 106 23 different

673 647 80 30 words,
766 653 106 26 amongst
883 648 37 23 the
934 652 54 24 rest,
1001 654 33 16 we
1046 646 70 24 heard
1148 646 92 22 dismiss

673 682 139 23 mentioned.
848 681 58 23 This
926 680 113 32 appeared
1056 684 23 19 to
1097 679 30 23 be
1140 686 24 15 as
1181 678 47 23 bad
1238 677 29 25 as'

816 714 43 23 and
876 722 25 15 as
918 722 14 14 a
944 713 91 23 dernier
1045 714 84 26 resort,
1142 711 49 23 Mr.
1205 711 60 24 John

673 747 72 23 Wade
757 755 57 23 gave
826 755 30 23 up
867 747 38 23 his
916 746 154 23 amendment.

708 780 50 24 The
771 780 144 24 Chairman
927 779 58 23 then
1001 783 43 28 put
1059 778 40 24 the
1119 777 146 25 amendment

674 813 44 24 and
725 813 39 24 the
776 813 99 31 original
884 814 97 22 motion.
1016 811 50 24 The
1075 810 98 32 original
1178 811 88 24 motion

675 854 46 16 was
735 846 105 24 declared
851 846 89 23 carried
950 844 85 24 amidst
1043 844 55 24 loud
1110 843 89 24 cheers.

706 880 23 23 J.
754 879 30 24 T.
811 879 167 28 Wicksteed,
1007 878 68 31 Esq.,
1105 877 83 23 moved
1216 877 50 24 that

674 912 98 24 Messrs.
794 912 133 32 Eidgways,
954 911 102 31 Guyton,
1080 910 47 24 and
1148 910 66 32 Earp
1235 912 30 23 be
1274 915 2 31 j

673 946 120 31 requested
816 950 23 19 to
860 945 99 24 forward
986 945 39 23 the
1046 944 98 31 petition
1165 943 107 33 through,

673 980 59 22 their
754 980 147 22 connections
922 979 27 22 in
966 977 145 32 Valparaiso,
1130 981 23 19 to
1166 976 100 25 Edward

674 1012 93 23 Gibbon
777 1011 138 30 Wakefield,
928 1011 69 31 Esq.,
1010 1011 46 23 and
1065 1010 51 24 that
1134 1009 29 25 he
1180 1010 29 24 be
1227 1019 37 15 re-

673 1045 94 31 quested
785 1049 24 19 to
832 1052 79 16 secure
930 1046 35 22 its
986 1044 157 31 presentation
1166 1047 24 20 to
1213 1044 52 24 Her

674 1079 111 30 Majesty.

706 1112 84 23 James
802 1111 89 29 Watt,
903 1111 70 31 Esq.,
986 1110 120 25 seconded.

707 1145 29 23 F.
755 1145 32 24 A.
808 1145 196 27 Molesworth,
1027 1144 69 31 Esq.,
1116 1144 83 24 moved
1216 1144 49 24 that

674 1178 75 31 copies
768 1178 25 23 of
813 1178 39 24 the
868 1179 99 30 petition
987 1178 29 23 he
1033 1176 127 25 forwarded
1177 1178 32 31 by
1226 1178 38 23 the

675 1211 124 24 Chairman
811 1216 23 19 to
845 1212 37 23 his
894 1211 143 31 Excellency
1049 1211 38 23 Sir
1100 1211 59 24 Geo.
1181 1211 82 32 Gipps,

673 1244 46 25 and
729 1249 24 20 to
767 1245 98 32 Captain
877 1244 109 25 Hobson.

706 1279 71 23 John
789 1278 93 29 Wade,
894 1278 72 32 Esq.,
978 1277 120 25 seconded.

707 1312 32 23 It.
760 1312 32 24 D.
813 1312 121 28 Hanson,
955 1311 70 31 Esq.,
1047 1310 84 25 moved
1152 1310 52 25 that
1226 1311 38 24 the

673 1345 85 24 thanks
771 1345 25 23 of
811 1345 37 23 the
859 1346 103 29 meeting
973 1345 28 23 be
1019 1344 122 32 presented
1152 1349 23 19 to
1188 1345 32 23 G.
1233 1345 29 24 B.

673 1378 72 31 Earp,
758 1378 69 31 Esq.,
839 1378 36 24 for
886 1378 36 23 his
934 1378 52 24 able
999 1378 97 23 conduct
1106 1378 27 23 in
1145 1378 38 23 the
1192 1378 69 24 chair.

707 1413 26 23 S.
754 1412 118 29 Revans,
892 1411 69 32 Esq.,
981 1411 113 23 seconded
1112 1411 39 23 the
1169 1412 93 29 motion,

673 1444 74 25 which
758 1453 46 16 was
828 1444 87 25 carried
936 1446 34 30 by
987 1445 156 29 acclamation,
1163 1444 46 25 and
1225 1445 38 24 the

673 1479 101 31 meeting
785 1478 73 24 broke
869 1486 41 24 up.

779 1546 82 23 NEW
879 1546 120 23 SOUTH
1016 1545 132 24 WALES.

700 1605 91 22 Several
800 1605 28 22 of
838 1613 13 14 a
863 1613 61 19 gang
932 1605 28 22 of
966 1605 151 27 bushrangers
1127 1605 50 22 who
1187 1605 77 24 infest-

673 1632 28 22 ed
710 1632 38 22 the
758 1632 110 22 Hunter's
879 1632 69 22 River
957 1632 101 27 District,
1068 1631 47 23 had
1121 1632 59 23 been
1188 1633 74 28 taken,

673 1659 45 22 and
726 1667 15 14 a
750 1659 98 22 demand
857 1666 44 15 was
913 1658 66 23 made
988 1658 36 22 for
1032 1666 14 15 a
1062 1660 84 27 special
1161 1661 102 22 commis-

672 1686 50 22 sion
730 1689 24 19 to
764 1686 51 22 deal
825 1686 132 27 summarily
966 1685 53 23 with
1030 1685 38 23 the
1077 1686 140 23 scoundrels.

700 1721 38 21 An
752 1720 136 28 application
896 1720 46 22 had
952 1720 59 22 been
1020 1720 67 22 made
1096 1723 24 19 to
1131 1721 35 22 Sir
1176 1721 87 28 George

674 1747 70 28 Gipps
761 1755 30 14 on
802 1747 38 22 the
849 1751 50 24 part
908 1747 26 22 of
945 1754 123 16 numerous
1076 1748 140 27 respectable
1230 1749 34 22 in-

673 1774 116 27 dividuals,
800 1777 24 19 to
835 1774 42 22 call
894 1774 37 22 the
948 1774 96 22 Council
1060 1775 102 26 together
1181 1778 24 19 to
1215 1776 48 22 take

673 1801 106 22 evidence
798 1808 29 15 on
846 1801 38 22 the
902 1801 116 28 propriety
1037 1801 26 22 of
1072 1802 125 27 importing
1217 1803 46 22 Hill

672 1828 93 22 Coolies.
796 1828 44 22 His
849 1828 139 28 Excellency
997 1828 46 22 had
1053 1829 103 22 declined
1166 1830 98 27 comply-

671 1855 40 27 ing
719 1855 54 22 with
783 1855 38 22 the
830 1855 139 28 requisition,
987 1855 45 22 and
1047 1855 89 22 further
1152 1857 111 22 informed

672 1882 38 22 the
726 1882 130 27 applicants,
878 1882 48 22 that
940 1883 65 21 there
1021 1890 45 14 was
1080 1890 30 14 no
1120 1883 44 21 law
1178 1884 87 27 against

671 1909 55 22 such
734 1916 30 15 an
774 1909 152 28 importation,
937 1909 40 22 the
986 1910 44 21 law
1038 1909 24 22 in
1073 1909 59 22 their
1141 1917 49 21 way
1197 1911 68 27 being

671 1936 89 27 against
769 1935 177 28 shipping,them
955 1937 59 21 from
1026 1937 72 21 India.
1180 1946 3 6 •

701 1971 45 18 lhe
763 1971 74 19 whole
857 1975 23 14 or
894 1971 37 18 the
951 1971 194 25 correspondence
1162 1971 102 20 between

672 2002 41 15 our
722 1994 137 28 Deputation
872 1994 45 23 and
929 1996 35 21 Sir
976 1996 88 26 George
1075 1995 79 30 Gipps,
1172 2003 93 20 appears

705 2021 37 22 the
777 2021 92 28 Sydney
879 2022 89 22 Herald
1037 2022 38 22 the
1084 2022 55 22 30th
1148 2022 57 22 Dec.

698 2055 48 22 The
757 2056 46 21 Gas
811 2055 68 28 Light
886 2055 82 23 Works
979 2059 24 19 at
1009 2056 97 28 Sydney,
1118 2064 58 14 were
1186 2057 79 27 nearly

671 2083 103 27 finished,
795 2082 47 22 and
858 2082 39 22 the
915 2083 117 22 Directors
1051 2083 25 22 of
1091 2083 38 22 the
1149 2084 116 27 Company

671 2109 46 22 had
725 2109 75 22 issued
810 2117 30 14 an
850 2109 91 22 address
952 2113 24 18 to
991 2110 62 22 show
1069 2110 38 21 the
1124 2111 87 21 several
1226 2111 39 21 ad-

671 2140 107 23 vantages
788 2137 27 21 of
824 2144 40 19 gas
875 2144 53 14 over
938 2137 66 22 other
1012 2144 77 15 causes
1099 2137 27 22 of
1136 2137 64 28 light.

698 2170 145 23 Newspaper
853 2171 167 22 Circulation.
1022 2184 27 3 —
1049 2171 49 22 The
1105 2171 130 23 circulation
1243 2172 25 22 of

671 2197 39 22 the
743 2198 94 27 Sydney
847 2198 87 22 Herald
973 2199 20 21 is
1012 2205 57 20 now,
1082 2198 139 27 (December
1229 2201 33 25 31,

672 2224 71 28 1840,)
755 2228 43 19 two
812 2224 114 24 thousand
942 2225 63 28 eight
1013 2225 104 22 hundred
1133 2225 46 23 and
1188 2226 76 28 eighty

671 2252 74 27 copies
755 2252 68 27 daily,
842 2260 24 14 or
882 2256 124 18 seventeen
1021 2252 113 22 thousand
1145 2260 40 20 per
1194 2253 69 23 week.

671 2278 54 22 This
742 2279 20 21 is
781 2286 14 15 a
810 2279 96 22 number
923 2280 63 27 quite
1002 2279 184 28 unprecedented
1194 2281 25 21 in
1227 2280 36 22 the

672 2305 109 28 Colonies,
802 2307 47 21 and
862 2306 19 22 is
897 2307 24 21 in
937 2307 48 22 fact
1002 2306 103 29 equalled
1117 2307 32 28 by
1159 2314 55 21 very
1223 2307 40 23 few

670 2340 80 20 papers
761 2336 39 19 out
810 2333 27 23 of
848 2333 104 23 London.

698 2366 57 23 New
764 2366 118 23 Zealand.
884 2380 28 4 —
912 2368 48 22 The
979 2368 135 28 proprietors
1131 2368 28 22 of
1168 2368 38 23 the
1218 2368 45 29 Bay

672 2394 27 22 of
710 2394 89 23 Islands
813 2401 132 22 newspaper
964 2402 84 21 appear
1063 2399 23 18 to
1101 2396 29 21 be
1148 2396 117 28 labouring

672 2421 71 22 under
753 2429 61 14 some
825 2425 90 23 strange
924 2422 104 28 mistake,
1047 2429 25 16 as
1081 2422 55 28 they
1146 2425 56 20 state
1213 2424 29 27 by
1252 2432 13 13 a

672 2448 101 28 circular,
802 2449 50 22 that
873 2449 54 27 they
950 2449 59 22 have
1025 2450 158 22 discontinued
1207 2450 58 22 their

670 2483 76 20 paper,
756 2475 78 23 rather
843 2476 55 22 than
908 2479 65 19 enter
978 2477 49 22 into
1036 2476 80 28 bonds,
1128 2477 46 22 and
1179 2478 86 27 subject

670 2502 136 23 themselves
816 2507 23 18 to
848 2504 28 21 he
887 2504 143 28 transported
1047 2504 35 22 for
1100 2504 63 22 libel.
1191 2504 72 23 There

670 2537 39 14 are
718 2537 29 15 no
758 2530 56 22 such
828 2530 125 28 provisions
971 2531 24 21 in
1013 2539 44 19 any
1075 2532 45 20 Act
1129 2531 25 21 in
1170 2532 62 22 force
1240 2532 24 22 in

670 2556 47 23 this
726 2557 95 28 Colony,
834 2557 46 22 and
890 2558 38 21 the
937 2558 75 22 whole
1022 2558 63 22 affair
1102 2558 69 23 arises
1185 2559 57 22 from
1253 2568 12 14 a

667 2584 100 22 -blunder
776 2584 133 22 committed
918 2585 30 28 by
959 2593 62 14 some
1035 2593 51 15 one.

698 2618 103 23 Mutual
821 2618 132 23 Insurance
974 2619 164 23 Association.
1138 2633 29 5 —
1167 2620 55 23 This
1232 2628 33 15 as-

671 2645 108 22 sociation
789 2645 20 23 is
818 2653 52 15 now
885 2646 107 28 insuring
1001 2646 50 22 first
1060 2647 57 22 class
1126 2651 108 25 property
1244 2652 21 18 at

670 2674 32 20 Is.
712 2672 35 22 6d.
758 2680 41 20 per
809 2676 68 24 cent.,
897 2673 85 22 second
1000 2673 56 23 class
1066 2677 23 19 at
1106 2676 34 20 2s.
1156 2674 43 28 6d.,
1221 2676 44 21 and

670 2699 42 22 3rd
721 2700 57 22 class
788 2703 23 18 at
819 2701 33 21 4s.
863 2700 36 22 6d.
914 2707 40 21 per
972 2704 59 19 cent.
1060 2701 48 22 The
1124 2706 97 18 amount
1237 2710 28 15 on

670 2726 73 23 which
752 2728 124 26 premiums
890 2727 58 22 have
966 2727 100 29 actually
1080 2728 60 23 been
1156 2729 54 28 paid
1228 2737 37 15 ex-

671 2754 66 22 ceeds
746 2754 120 27 £600,000.

698 2787 118 23 Balmain.
817 2801 29 4 —
849 2788 19 22 A
879 2789 178 28 correspondent
1066 2792 68 20 states
1144 2789 49 23 that
1203 2791 62 22 there

670 2814 20 22 is
700 2822 15 14 a
722 2815 134 28 population
872 2815 26 22 of
909 2815 51 23 four
973 2815 107 23 hundred
1088 2817 62 22 souls
1167 2817 99 28 residing

672 2845 24 18 at
704 2841 97 28 Balmin,
812 2841 51 23 who
872 2842 58 22 have
940 2846 24 19 to
972 2843 57 22 send
1038 2847 23 18 to
1072 2843 93 28 Sydney
1180 2845 38 22 for
1236 2846 27 21 all

672 2868 39 22 the
718 2869 138 23 necessaries
866 2869 26 23 of
901 2869 50 28 life;
970 2870 46 22 and
1025 2870 50 22 that
1084 2871 64 22 there
1159 2879 37 14 are
1206 2873 59 27 capi-

672 2895 31 23 tal
711 2896 109 28 openings
831 2897 35 21 for
874 2904 15 14 a
907 2897 77 27 baker,
1002 2897 101 28 butcher,
1124 2899 46 22 and
1178 2906 85 20 grocer.

672 2922 53 23 This
744 2923 20 22 is
783 2930 14 15 a
813 2923 52 23 hint
883 2924 89 28 worthy
992 2924 37 22 the
1047 2925 113 22 attention
1174 2927 27 21 of
1216 2934 50 17 new

798 2959 2 4 •

824 3007 162 24 FOREIGN
1004 3007 107 24 NEWS.

1910 122 233 23 AUSTRALIAN
2159 125 157 27 TAVERN,
2331 127 20 21 &
2366 128 132 22 COFFEE

2145 152 128 21 ROOMS.

2077 183 57 16 LATE
2150 185 89 15 SYDNEY
2248 186 91 15 STORES.

1912 209 114 47 GH.
2042 210 129 23 COGLAN
2185 211 55 27 begs
2249 214 23 19 to
2281 212 82 22 inform
2373 214 35 21 his
2418 214 85 23 friends

1948 258 3 3 .
1970 246 11 10 •
1994 240 6 14 '.
2012 236 46 22 and
2077 237 41 22 the'
2131 237 90 28 public,'
2230 239 49 21 that
2296 239 29 21 he
2340 239 40 22 has
2396 242 107 22 removed

1910 260 58 22 from
1978 261 39 22 the
2027 266 48 18 east
2084 263 45 22 end
2138 265 26 21 of
2175 264 38 23 the
2223 265 83 28 Beach,
2321 266 88 28 Petoni,
2424 271 24 18 to
2465 268 38 22 the

1912 291 54 17 west
1976 287 50 28 enS,
2037 296 56 15 near
2102 290 38 22 the
2149 290 45 22 late
2365 291 51 29 Inn,
2429 294 74 23 where

1911 313 30 21 he
1950 313 70 29 hopes
2035 318 24 18 to
2073 316 58 22 have
2143 317 33 28 by
2190 319 149 28 unremitting
2354 320 118 28 attention,
2491 329 13 14 a

1912 340 65 22 share
1987 341 28 21 of
2024 342 76 27 public
2109 347 130 25 patronage.

1983 373 65 22 Good
2058 376 193 24 accommodation
2265 378 35 22 for
2312 380 121 22 travellers.

1940 406 89 23 N.B.—
2029 409 120 22 Barnard's
2171 410 97 29 Passage
2291 413 58 22 Boat
2371 413 76 23 leaves
2466 414 38 23 the

1913 434 71 22 above
1994 435 76 28 house,
2082 436 35 22 for
2126 436 146 30 Wellington,
2289 446 68 21 every
2364 441 108 26 morning
2482 445 23 18 at

1914 461 54 21 nine
1978 461 95 23 o'clock.
2117 467 4 9 '■

2010 517 94 21 HATS
2115 518 5 21 !
2136 518 93 22 HATS
2239 519 5 21 !
2253 520 5 21 !
2274 520 92 21 HATS
2373 521 5 21 !
2389 520 5 22 !
2402 521 6 21 !

1914 549 38 48 J
1993 548 114 30 ALLEN,
2122 551 86 28 having
2223 553 48 27 just
2288 554 105 22 received
2411 562 13 14 a
2442 555 62 27 large

1956 586 10 11 •
2006 580 136 19 assortment
2157 579 27 22 of
2194 580 82 26 youths
2295 580 45 22 and
2354 581 151 27 gentleman's

1914 602 66 21 black
2004 602 83 23 beaver
2110 604 56 26 hats,
2191 606 55 27 begs
2265 610 23 18 to
2304 607 83 23 inform
2403 608 34 22 bis
2463 616 42 15 nu-

1914 635 90 16 merous
2022 629 85 23 friends
2124 632 46 21 and
2189 632 38 22 the
2246 634 81 27 public,
2347 634 50 22 that
2415 635 28 22 he
2463 643 42 15 can

1914 656 81 31 supply
2008 656 61 22 them
2078 657 54 22 with
2147 665 46 21 any
2208 659 69 28 shape
2293 667 25 15 or
2333 661 93 28 quality,
2444 670 62 14 com-

1914 689 108 20 mencing
2031 686 23 19 at
2063 683 39 22 the
2111 684 43 22 low
2163 686 60 26 price
2234 686 26 22 of
2270 687 31 22 7s.
2309 687 35 22 6d.
2356 688 63 22 each.
2450 689 55 22 Also

1914 708 40 23 the
1971 709 205 25 undermentioned
2194 713 71 27 goods
2284 716 23 20 at
2326 715 120 28 unusually
2462 716 43 22 low

1914 736 73 26 prices
1995 744 5 13 :
2001 748 29 4 —

1943 762 139 29 Drapery,—
2082 764 91 30 Shawls,
2202 767 101 23 muslins,
2329 768 68 22 challi
2416 771 89 25 pattern

1915 790 94 27 dresses,
2029 791 126 29 ginghams,
2175 794 92 27 Saxony
2284 795 68 26 cloth,
2369 795 75 22 chintz
2461 796 46 22 and

1915 817 85 31 striped
2018 817 110 24 furniture
2143 820 79 27 prints,
2239 821 45 22 and
2300 821 88 28 calicos,
2403 822 25 22 in
2443 827 64 22 great

1915 847 87 24 variety
2009 851 7 19 ;
2030 844 112 28 blankets,
2153 850 171 25 counterpanes,
2335 849 40 22 &c.

1943 868 181 31 Haberdashery,
2126 884 27 4 —
2156 874 109 22 Artificial
2275 874 93 28 flowers,
2378 882 70 21 gause
2462 877 46 21 and

1915 896 59 22 satin
1993 897 100 29 ribbons,
2114 903 45 24 net,
2176 900 57 28 lace,
2257 901 146 28 lace-collars,
2421 903 84 28 gloves,

1914 930 86 21 purses,
2011 924 82 28 braids,
2103 926 86 23 bronze
2201 927 71 22 busks
2286 929 36 21 for
2337 932 67 24 stays,
2421 930 86 22 infants

1915 951 96 22 worsted
2025 952 72 27 boots,
2114 955 109 27 prepared
2243 954 130 24 whalebone
2390 957 46 21 and
2451 964 56 15 cane

1915 976 35 23 for
1959 977 71 24 ladies
2038 979 104 29 bonnets,
2153 982 45 21 and
2204 982 92 27 dresses,
2306 985 69 25 tapes,
2383 983 69 22 white
2462 984 46 22 and

1915 1004 107 23 coloured
2040 1005 87 29 thread,
2144 1008 85 27 sewing
2245 1009 45 21 and
2308 1009 96 27 darning
2422 1013 84 25 cotton,

1915 1031 100 27 needles,
2027 1040 80 20 ounce,
2118 1034 69 27 sheet)
2199 1035 45 21 and
2255 1035 60 22 dress
2328 1037 57 31 pins,
2396 1036 110 29 thimbles,

1915 1058 148 28 pincussions,
2082 1060 70 22 hooks
2169 1062 46 21 and
2230 1068 58 21 eyes,
2307 1062 47 28 gilt,
2374 1063 132 28 gambroon,

1915 1084 70 27 pearl,
1994 1085 63 27 horn,
2070 1087 46 22 and
2125 1087 64 22 other
2194 1088 98 22 buttons.

1945 1110 89 23 Ladies'
2045 1113 44 22 and
2100 1114 120 22 children's
2230 1118 78 20 tuscan
2319 1115 45 23 and
2373 1117 69 28 fancy
2450 1118 58 22 bon-

1915 1141 58 23 nets,
1989 1138 121 24 children's
2121 1141 93 23 dresses.
2418 1143 14 10 *

1945 1164 111 29 Clothing,
2058 1178 28 4 —
2088 1168 80 22 Gents'
2178 1169 111 27 superfine
2300 1168 61 23 dress
2380 1170 46 22 and
2443 1171 66 22 frock

1916 1194 69 25 coats,
2006 1192 137 30 Petersham,
2159 1195 63 28 pilot,
2240 1196 113 28 Prussian,
2370 1197 77 27 rustic,
2463 1199 46 21 and

1916 1218 106 28 shooting
2031 1225 62 18 coats
2100 1229 6 19 ;
2122 1222 80 22 double
2218 1222 77 22 milled
2313 1223 125 28 cassimere,
2449 1232 60 14 mar-

1917 1245 63 27 cella,
1990 1246 106 29 valentia,
2109 1249 102 27 quilting,
2223 1249 45 22 and
2283 1249 67 32 fancy
2366 1251 127 22 waistcoats
2502 1260 5 19 ;

1915 1272 44 21 silk
1969 1272 46 23 and
2025 1277 75 19 cotton
2107 1275 183 28 handkerchiefs];
2297 1277 67 21 white
2371 1277 47 22 and
2423 1282 87 23 regatta

1915 1298 79 23 shirts:
2005 1300 78 23 braces
2090 1310 6 18 ;
2109 1302 159 22 India-rubber
2276 1303 45 22 and
2329 1303 86 23 leather
2425 1309 71 24 straps
2503 1315 5 18 ;

1915 1324 120 30 buckskin,
2044 1329 125 28 cassimere,
2177 1329 131 28 gambroon,
2316 1331 97 27 digonal,
2429 1333 79 27 tweed,

1916 1352 59 28 drill,
1998 1354 119 29 moleskin,
2142 1356 60 27 cord,
2233 1357 105 28 flushing,
2366 1358 68 29 duck,
2463 1361 47 21 and

1917 1387 94 15 canvass
2021 1384 109 21 trowsers.

1945 1407 89 22 Ladies'
2037 1409 66 22 boots
2110 1409 46 23 and
2162 1409 74 28 shoes,
2244 1411 148 27 gentlemen's
2397 1412 112 29 Welling-

1915 1436 49 24 ton,
1975 1435 114 28 Clarence,
2099 1437 45 22 and
2151 1437 99 23 Blucher
2258 1439 71 27 boots,
2338 1439 98 28 walking
2442 1439 67 23 shoes

1915 1461 48 21 and
1972 1461 62 23 dress
2042 1470 89 21 pumps.

1943 1488 52 28 Tea,
2014 1496 74 21 sugar,
2106 1491 77 26 coffee,
2200 1492 78 27 spices,
2295 1496 109 23 currants,
2420 1493 89 29 raisins,

1915 1515 88 22 bottled
2013 1517 45 21 and
2067 1517 64 22 dried
2141 1518 70 27 fruits,
2228 1519 75 26 bread,
2321 1520 82 26 butter,
2420 1521 87 28 cheese,

1915 1541 65 28 flour,
1991 1542 53 28 rice,
2056 1545 103 26 oatmeal,
2169 1552 61 20 peas,
2241 1546 92 27 pickles,
2343 1554 86 20 sauces,
2446 1548 64 22 vine-

1915 1576 47 20 gar,
1971 1576 49 15 wax
2030 1570 45 22 and
2085 1574 59 19 store
2153 1572 98 27 candles,
2259 1573 105 22 Windsor
2373 1573 46 22 and
2429 1575 81 26 yellow

1915 1603 62 20 soap,
1997 1597 82 28 starch,
2100 1598 58 27 blue,
2178 1599 69 28 pipes,
2267 1603 37 19 cut
2319 1600 45 22 and
2381 1601 130 27 negrohead

1915 1623 102 27 tobacco,
2028 1624 67 22 black
2104 1625 46 22 and
2161 1626 78 22 brown
2248 1634 89 20 rappee,
2347 1629 103 26 tonquin,
2462 1636 49 14 ma-

1915 1650 79 27 couba,
2006 1651 47 22 and
2062 1651 138 23 Hamilton's
2208 1653 104 28 mixture,
2323 1655 102 26 imperial
2431 1655 78 22 brown

1915 1677 47 22 and
1973 1677 63 23 other
2049 1679 85 33 snuffs^
2142 1679 115 23 Havanah
2267 1681 43 21 and
2321 1681 97 22 Manilla
2430 1682 77 27 cigars.

1943 1705 114 27 Sundries,
2058 1717 29 4 —
2088 1705 58 23 Hair
2154 1707 102 26 brushes,
2265 1707 84 28 combs,
2357 1709 98 27 scissors,
2464 1717 45 20 pen

1915 1731 47 22 and
1971 1732 82 27 pocket
2061 1733 87 26 knives,
2156 1741 83 20 razors,
2249 1734 93 28 looking
2349 1735 91 28 glasses,
2449 1737 65 22 snuff

1914 1758 78 28 boxes,
2003 1759 90 28 writing
2102 1767 76 20 paper,
2189 1768 64 20 pens,
2259 1761 40 22 ink
2305 1762 45 22 and
2357 1762 86 28 sealing
2450 1770 58 20 wax,

1915 1785 80 22 lucifer
2011 1787 108 26 matches,
2138 1787 82 27 Epsom
2239 1788 59 27 salts,
2319 1790 121 27 magnesia,
2458 1790 52 23 flint

1916 1813 46 21 and
1971 1813 130 26 percussion
2110 1821 65 20 guns,
2185 1815 66 26 bolts,
2263 1815 84 28 hinges,
2364 1816 69 28 locks,
2444 1817 65 27 bells,

1915 1839 42 22 fire
1987 1839 96 28 shovels,
2109 1841 72 28 rakes,
2205 1841 62 28 hoes,
2293 1843 118 28 mattocks,
2432 1844 46 21 and
2497 1852 14 14 a

1916 1866 87 28 variety
2028 1867 26 22 of
2078 1867 65 23 other
2165 1868 90 23 articles
2279 1872 23 19 to
2326 1877 121 16 numerous
2471 1874 38 19 too

1915 1894 112 22 mention.

1905 1949 2 22 i
1999 1949 93 21 JOHN
2116 1951 125 23 LODGE,
2262 1951 164 26 BUILDER,

1915 1982 110 47 BEGS
2040 1985 23 18 to
2071 1982 83 22 inform
2166 1983 39 21 the
2213 1984 139 22 inhabitants
2363 1985 26 20 of
2399 1985 112 27 Welling-

1980 2011 47 23 ton,
2038 2008 48 22 that
2095 2009 86 27 having
2189 2010 59 21 been
2258 2017 68 20 many
2336 2018 65 20 years
2410 2012 101 27 engaged

1917 2043 23 13 as
1951 2035 102 22 foreman
2063 2035 23 22 in
2102 2036 38 22 the
2155 2037 98 21 erection
2270 2037 27 21 of
2310 2037 119 28 buildings,
2446 2038 30 22 he
2492 2039 20 22 is

1916 2069 52 14 now
1978 2062 109 27 prepared
2096 2066 23 18 to
2129 2064 67 21 make
2205 2064 65 27 plans
2284 2064 46 22 and
2345 2065 114 23 estimates
2476 2066 36 22 for

1917 2097 45 19 any
1973 2088 135 28 description
2123 2090 26 21 of
2161 2090 121 28 buildings,
2300 2091 44 21 and
2361 2096 93 18 execute
2472 2093 39 21 the

1917 2123 62 15 same
1989 2123 29 14 on
2028 2117 131 21 reasonable
2169 2121 77 24 terms,
2258 2118 52 22 with
2319 2118 58 27 good
2385 2119 127 23 workman-

1917 2143 58 22 shin.

1944 2170 58 22 h.B.
2003 2182 29 3 —
2033 2170 21 21 A
2070 2171 94 22 wooden
2181 2171 71 23 house
2269 2175 22 18 to
2308 2172 28 22 be
2356 2172 104 26 disposed
2479 2173 31 25 of,

1917 2198 54 20 20ft.
1982 2197 30 28 by
2022 2198 52 22 14ft.

1943 2224 126 22 Thorndon
2079 2225 73 28 Quay,
2164 2225 52 22 Jan.
2227 2227 35 26 21,
2274 2227 61 22 1841.

1917 2280 51 48 A
1996 2279 45 22 HE
2043 2279 88 28 WITT,
2143 2280 160 27 Fishmonger,
2316 2281 111 23 Lambton
2436 2283 73 28 Quay,

1973 2318 10 10 •
2001 2306 148 28 Wellington,
2156 2311 88 18 returns
2254 2308 34 22 his
2298 2309 85 21 sincere
2394 2309 83 23 thanks
2487 2314 23 18 to

1917 2333 39 23 the
1974 2333 140 23 inhabitants
2133 2335 26 21 of
2178 2334 45 22 this
2243 2335 86 28 Colony
2345 2336 35 21 for
2399 2336 38 22 the
2455 2344 56 21 very

1916 2360 79 23 liberal
2015 2364 94 25 support
2123 2361 29 22 he
2167 2361 41 22 has
2223 2361 99 23 hitherto
2336 2363 111 28 received,
2465 2364 47 22 and

1916 2387 55 28 begs
1982 2391 22 19 to
2013 2385 84 25 inform
2108 2388 61 23 them
2180 2388 49 22 that
2243 2389 28 22 he
2281 2389 40 22 has
2329 2389 67 23 made
2405 2398 107 21 arrange-

1917 2418 75 19 ments
2007 2415 36 22 for
2062 2422 13 15 a
2089 2419 106 19 constant
2211 2415 80 29 supply
2310 2417 26 21 of
2355 2417 39 22 the
2414 2417 99 23 choicest

1917 2442 104 22 varieties
2031 2442 26 22 of
2067 2442 50 27 fish,
2136 2443 73 21 which
2225 2443 29 22 he
2271 2443 139 29 confidently
2425 2452 87 15 recom-

1917 2469 80 22 mends
2006 2472 24 18 to
2041 2469 36 22 the
2087 2470 77 28 public
2173 2478 24 14 as
2204 2470 70 27 being
2281 2471 25 21 of
2317 2470 38 22 the
2362 2471 51 22 best
2418 2472 93 28 quality.

1945 2503 84 22 Orders
2038 2504 35 21 for
2082 2503 107 29 shipping
2197 2504 110 28 received,
2324 2505 45 22 and
2377 2506 135 28 punctually

1917 2530 110 22 attended
2035 2533 32 19 to.

2075 2565 99 15 OYSTERS
2190 2566 72 14 FRESH
2278 2566 77 15 DAILY.

1944 2592 65 28 Also,
2021 2600 14 14 a
2044 2593 81 28 supply
2135 2594 26 21 of
2175 2593 129 27 vegetables
2320 2593 61 24 fresh
2396 2594 58 23 from
2471 2596 39 22 the

1916 2620 86 27 garden
2013 2620 67 28 daily.

2050 2676 154 21 WEEKLY
2219 2677 164 21 MARKET.

1918 2711 93 48 MR.
2027 2710 22 22 J.
2064 2709 145 23 TELFORD
2223 2711 42 21 has
2279 2711 110 27 arranged
2399 2715 24 18 to
2432 2712 58 23 have
2501 2721 13 13 a

2010 2744 95 16 weekly
2129 2745 94 15 market
2251 2745 30 15 on
2304 2738 142 23 MONDAY
2468 2740 46 21 and

1917 2764 170 23 SATURDAY
2103 2764 171 29 EVENINGS,
2289 2768 23 19 at
2321 2765 35 22 his
2365 2766 147 27 Warehouse,

1916 2791 61 22 from
1987 2793 14 21 4
2010 2794 23 19 to
2044 2793 14 22 7
2068 2791 94 28 o'clock,
2173 2792 69 27 being
2256 2793 110 22 intended
2382 2793 82 28 chiefly
2480 2795 34 21 for

1917 2818 40 23 the
1978 2819 196 22 accommodation
2195 2819 26 22 of
2237 2819 145 23 Workmen's
2401 2820 112 23 Families.

1917 2846 50 22 The
1985 2846 117 28 following
2121 2846 88 21 articles
2227 2847 47 21 will
2291 2847 28 22 be
2338 2848 49 21 sold
2405 2848 24 22 in
2450 2849 66 22 small

1919 2874 129 27 quantities,
2059 2876 23 19 at
2091 2873 133 22 reasonable
2233 2874 73 27 prices
2312 2882 5 13 :
2319 2887 32 4 —

1947 2907 76 28 Flour,
2034 2915 75 20 sugar,
2121 2911 43 24 tea,
2176 2908 77 28 coffee,
2270 2908 82 29 butter,
2363 2908 87 29 cheese,
2462 2917 52 15 can-

1919 2935 56 27 dles,
1986 2943 62 20 soap,
2064 2936 41 22 &c.
2117 2935 40 22 &c.

1943 2970 59 22 Port
2009 2970 134 27 Nicholson,
2154 2970 61 22 June
2226 2971 34 27 15,
2272 2972 61 21 1840.

2065 3025 172 21 GENERAL
2253 3026 122 21 STORE.

1920 3058 93 49 MR.
2029 3057 146 23 TELFORD
2189 3057 86 28 having
2288 3059 101 28 recently
2400 3060 67 22 made
2477 3068 38 15 ex-

2012 3085 88 22 tensive
2117 3085 128 28 purchases,
2264 3087 54 26 begs
2329 3089 22 20 to
2361 3094 121 16 announce
2493 3091 21 19 to

1917 3113 36 21 his
1963 3112 87 22 friends
2060 3111 49 23 that
2117 3113 30 21 he
2156 3111 41 23 has
2208 3120 29 15 on
2248 3113 54 27 sale,

1946 3139 190 22 HARDWARE
2151 3139 26 22 of
2187 3139 40 22 the
2235 3139 51 23 first
2294 3140 93 28 quality,
2396 3142 120 28 including

1919 3174 14 15 a
1941 3170 65 24 great
2012 3167 88 27 variety
2110 3167 27 21 of
2147 3166 66 23 nails.

1946 3193 107 22 FLOUR
2062 3194 26 21 of
2100 3193 49 23 first
2158 3194 46 21 and
2213 3194 85 22 second
2308 3194 94 28 quality.

1947 3221 219 22 GROCERIES.—
2166 3221 54 28 Tea,
2234 3229 85 20 sugars,
2338 3222 77 23 coffee,
2433 3224 80 26 butter,

1918 3255 64 21 soap,
1994 3248 99 28 candles,
2102 3248 56 28 rice,
2173 3255 66 21 curry
2255 3248 99 30 powder,
2370 3250 86 28 pickles
2470 3252 46 21 and

1919 3283 86 19 sauces,
2016 3276 113 27 spiceries,
2141 3276 40 22 &c.

1946 3302 104 23 WINES
2064 3302 69 23 AND
2143 3302 159 24 SPlßlTS.—
2302 3303 93 24 Besides
2404 3304 39 23 the
2452 3305 63 23 usual

1919 3330 82 28 supply
2011 3330 27 22 of
2048 3330 70 23 wines
2128 3330 45 22 and
2183 3330 82 28 spirits,
2279 3330 63 23 there
2351 3332 19 21 is
2380 3339 13 14 a
2403 3332 112 23 consider-

1919 3356 52 23 able
1976 3358 106 27 quantity
2085 3357 27 22 of
2120 3358 89 21 Scotch
2217 3357 116 23 Whiskey
2340 3366 6 20 ;
2358 3359 46 22 and
2410 3367 13 14 a
2429 3360 86 22 limited

1919 3384 105 28 quantity
2035 3385 27 22 of
2071 3384 119 23 Colonial
2201 3384 123 23 Whiskey.

1947 3419 99 22 BOOTS
2061 3419 69 22 AND
2145 3419 140 22 SHOES.—
2285 3419 74 23 There
2368 3419 41 23 has
2415 3420 59 23 been
2480 3428 34 15 re-

1919 3446 81 22 ceived
2017 3454 15 14 a
2050 3446 105 27 quantity
2176 3446 28 22 of
2223 3445 141 29 Wellington
2387 3447 66 23 boots
2470 3448 44 22 and

1919 3473 116 22 Warren's
2041 3473 117 28 blacking.

1946 3508 175 22 BLANKETS.
2122 3520 32 5 —
2154 3508 72 22 Fresh
2241 3508 95 22 arrivals
2350 3509 60 23 have
2418 3517 64 15 come
2492 3513 22 18 to

1919 3535 63 22 hand
1990 3535 25 23 in
2025 3537 40 20 8-4
2073 3535 46 22 and
2129 3537 58 26 11-4,
2206 3535 26 22 of
2244 3535 92 23 various
2351 3537 104 28 qualities
2470 3537 44 23 and

1918 3562 83 28 prices.

1946 3596 379 24 HABERDASHERY.—There
2340 3597 21 23 is
2375 3605 14 15 a
2397 3598 70 23 select
2474 3598 41 23 but

1918 3622 90 23 limited
2032 3624 106 28 quantity
2162 3631 29 15 on
2216 3624 70 28 hand,
2310 3625 118 28 including
2445 3629 67 25 tapes,

1919 3650 99 28 threads,
2029 3649 67 24 black
2108 3650 47 23 and
2168 3651 108 23 coloured
2290 3659 88 16 sewing
2392 3661 64 14 silks
2470 3652 44 23 and

1919 3678 66 26 twist,
2008 3678 98 28 darning
2124 3682 85 24 cotton,
2227 3678 99 28 needles,
2345 3680 84 27 combs,
2450 3680 64 22 India

1919 3704 43 23 silk
1971 3705 45 22 and
2024 3708 77 19 cotton
2109 3705 182 28 handkerchiefs,
2299 3707 85 27 braces,
2393 3708 41 21 &c.

1946 3739 159 24 DRAPERY.
2107 3752 32 5 —
2139 3740 77 22 White
2237 3744 77 19 cotton
2336 3740 103 28 shirting,
2458 3743 58 20 stout

1919 3766 145 23 unbleached
2077 3770 85 25 cotton,
2176 3767 61 23 40in.
2252 3767 65 28 wide,
2335 3770 76 20 cotton
2426 3768 86 26 checks,

1921 3793 56 23 dark
1987 3794 79 28 prints,
2078 3795 41 22 &c.
2131 3795 40 22 &c.

1948 3827 56 22 OIL
2025 3828 69 22 AND
2119 3828 201 22 LAMPS.—This
2336 3828 68 23 latter
2421 3828 41 23 has
2480 3836 34 14 re-

1921 3854 80 22 ceived
2009 3863 30 14 an
2048 3856 102 22 increase
2161 3856 26 22 of
2197 3855 39 23 the
2244 3856 51 22 best
2309 3857 86 27 quality
2411 3856 50 22 that
2475 3856 38 22 has

1920 3885 39 24 yet
1968 3883 59 21 been
2038 3882 84 23 offered
2131 3883 25 22 in
2167 3883 37 22 the
2216 3883 94 27 Colony.

1947 3917 74 22 There
2030 3917 43 22 has
2082 3918 49 22 also
2142 3925 62 16 come
2215 3922 23 18 to
2256 3918 64 22 hand
2336 3925 14 14 a
2366 3918 64 22 small
2444 3918 32 21 lot
2492 3915 24 23 of

1921 3947 66 19 straw
2008 3944 57 26 hats,
2091 3946 49 22 sou'
2165 3948 97 24 westers,
2287 3946 81 22 Scotch
2388 3953 58 20 caps,
2467 3951 45 16 um-

1921 3972 90 26 brellas,
2023 3972 40 23 &c.
