2559 4050
109 71 2450 154 THE

109 225 387 75 NEW
625 225 902 75 ZEALAND
1656 225 903 75 GAZETTE

109 300 2450 75 AND

109 375 1166 75 WELLINGTON
1392 375 1167 75 SPECTATOR.

837 475 221 38 PUBLISHED
1105 478 132 39 EVERY
1282 480 257 42 WEDNESDAY
1585 484 205 38 MORNING.

2321 613 93 40 LVol.
2436 616 37 31 v.

719 591 110 31 PORT
851 592 258 39 NICHOLSON,
1126 595 266 34 WEDNESDAY
1415 599 211 37 MORNING,
1646 602 111 31 JUNE
1782 608 47 32 19,
1857 610 89 27 1844.

137 585 64 30 No.
224 586 90 37 349.1

1375 687 149 22 Extensive
1534 690 57 20 sale
1606 690 30 20 of
1648 692 202 21 Merchandize.

1323 713 157 49 MESSRS.
1503 715 103 23 WAITT
1628 724 46 15 and
1692 718 98 22 TYSER
1807 719 43 22 will
1866 720 40 21 sell

1341 764 6 4 .
1361 763 4 4 ,
1378 758 5 10 ;
1458 742 96 27 auction,
1572 747 24 17 at
1612 743 56 22 their
1679 749 75 22 stores,
1772 750 132 24 to-morrow,

1323 766 123 29 rhvirsday,
1457 775 14 14 a
1480 768 62 27 large
1552 770 102 27 quantity
1664 771 26 21 of
1697 772 82 27 sundry
1789 772 116 23 merchan-

1321 793 54 21 dise,
1387 794 122 28 consisting
1518 795 36 23 of:
1556 806 28 5 —

1348 819 74 28 Flour,

1348 845 70 28 Sugar
1427 847 24 22 in
1462 848 63 22 casks
1534 848 45 22 and
1589 849 61 28 bags,

1346 872 126 29 Furniture,
1483 876 89 22 various
1581 875 74 28 kinds,

1346 899 116 29 Herrings,

1345 925 70 24 Table
1424 928 50 27 salt,

1345 952 77 27 Wfnes
1432 955 22 21 in
1467 955 68 27 wood,

1342 981 43 27 .100
1395 980 93 27 English
1497 982 70 27 hams,

1542 1031 6 5 .
1583 1011 60 28 Also,

1343 1033 49 23 The
1403 1042 66 20 cargo
1478 1036 26 22 of
1509 1036 38 22 the
1558 1037 109 23 schooner
1672 1039 79 24 Nelson
1756 1040 80 21 Packet
1845 1040 59 23 from

1316 1059 37 23 the
1368 1066 67 23 coast,
1446 1063 121 28 consisting
1577 1064 26 22 of
1611 1072 35 15 :—

1343 1087 69 28 Lard,

1344 1114 92 28 Onions,

1343 1140 65 29 Pork,
1421 1144 49 26 &c,
1481 1144 41 22 &c.

1523 1176 81 23 Terms
1605 1188 26 5 —
1632 1178 72 22 Cash.

1341 1207 49 23 The
1404 1208 45 22 sale
1466 1213 22 17 to
1507 1217 130 16 commence
1653 1215 23 19 at
1692 1220 41 15 one
1751 1214 86 23 o'clock
1852 1222 50 19 pre-

1314 1241 76 20 cisety.
1605 1233 10 19 t

1342 1267 151 29 Wellington,
1504 1270 58 23 June
1573 1273 33 25 18,
1619 1273 61 21 1844.

1417 1329 111 22 Board
1542 1332 66 20 and
1622 1333 181 29 Lodging.

1502 1378 28 22 G.
1545 1379 176 29 REYNOLDS,

1331 1476 124 19 BQtfLCOTI
1466 1479 98 20 STREET,
1576 1480 163 20 WELLINGTON
1750 1484 119 19 TERRACE.

1313 1548 17 2 __
1474 1519 71 20 Terms
1549 1520 70 21 —255.
1624 1527 42 20 per
1676 1524 64 19 week.

1372 1560 123 21 Warne's
1508 1562 100 22 Patent
1622 1565 206 29 Antigropelos.

1319 1590 86 27 TtTST
1418 1595 110 27 received,
1544 1604 29 14 ex
1593 1598 92 29 Sydney,
1702 1601 43 22 and
1761 1609 30 15 on
1807 1604 46 22 sale
1868 1604 31 26 by

1311 1626 26 16 V
1354 1624 11 18 V
1376 1623 37 19 the
1423 1623 151 26 undersigned
1575 1635 28 5 —

1331 1648 20 20 •2
1359 1654 63 16 cases
1432 1650 98 21 assorted
1545 1651 26 21 of
1582 1652 39 22 the
1635 1653 80 28 above,
1726 1655 67 28 being
1812 1665 14 14 a
1838 1665 61 16 com-

1311 1675 57 25 plete
1380 1677 134 25 waterproof
1528 1677 85 23 leather
1629 1681 107 27 covering
1753 1682 34 22 for
1802 1684 37 22 the
1853 1686 38 24 leg

1311 1702 170 27 forsreseivmg
1491 1703 38 23 the
1539 1704 64 23 boots
1613 1707 46 21 and
1669 1711 102 20 trowsers
1779 1710 60 23 from
1848 1717 50 18 wet.

1591 1739 26 22 P.
1632 1740 34 22 M.
1683 1741 105 30 ITervey,

1515 1766 50 21 Sole
1576 1766 76 26 Agent
1660 1768 37 22 for
1707 1769 37 21 the
1755 1770 116 25 Patentee.

1312 1794 89 22 Custom
1412 1794 76 23 House
1500 1796 74 27 Court,
1586 1798 60 22 June
1659 1801 33 24 12,
1706 1802 60 22 1844.

1337 1837 41 21 On
1401 1839 61 19 Sale
1483 1839 38 26 by
1541 1841 44 20 the
1607 1842 201 29 Undersigned,
1834 1854 36 16 ex

1354 1863 3 32 |
1405 1866 17 11 «•
1433 1865 109 22 Tuscan
1584 1869 54 20 and

1312 1899 106 30 YY
1443 1900 104 23 STOUT
1562 1901 36 23 IN
1613 1903 200 33 HOGSHEADS,

1311 1929 44 18 a>
1354 1943 10 15 f
1363 1927 59 21 -Z\.
1452 1927 74 21 Simon
1530 1928 31 21 ds'
1570 1929 83 23 bottled
1662 1936 76 22 porter
1747 1936 44 20 and
1801 1936 43 25 ale,

1369 1960 27 13 ai)
1397 1957 10 32 \
1406 1959 72 20 paffnc
1497 1961 23 14 m
1537 1962 43 14 ouo
1599 1963 13 13 a
1628 1957 13 21 d
1662 1958 63 22 three
1742 1961 13 21 d
1757 1968 55 15 °26n
1834 1971 62 14 cases

1309 1982 107 24 (biljery),

1333 2006 120 26 Sparkling
1461 2006 59 22 hock
1530 2007 35 22 do.
1676 2011 36 23 do.

1333 2032 120 28 Sparkling
1464 2034 90 22 moselle
1565 2035 36 22 do.
1671 2037 37 24 do.

1333 2059 49 23 Still
1392 2059 64 28 hock,

1333 2086 62 22 Loaf
1401 2093 73 20 sugar,

1331 2114 21 21 A
1363 2113 43 22 few
1418 2114 72 22 chests
1500 2115 100 27 superior
1608 2118 95 28 Congou
1713 2124 36 19 tea

1331 2140 56 22 Fine
1399 2140 128 24 Havannah
1537 2143 69 22 coffee
1604 2145 4 10 v
1607 2161 6 10 ,

1330 2166 102 23 Lucerne
1441 2168 61 27 seed,

1331 2194 88 22 Roman
1430 2199 95 24 cement,

1330 2222 22 20 A
1361 2222 64 21 small
1436 2223 103 28 quantity
1552 2225 27 21 of
1585 2226 67 22 onion
1662 2229 60 23 seed,

1330 2248 119 28 Deptford,
1482 2251 13 19 T
1716 2245 6 11 '

1331 2276 124 28 Strasburg,
1488 2271 8 30 [

1330 2302 108 28 Reading,
1488 2298 14 40 f
1533 2308 125 22 warranted
1668 2312 24 19 to
1700 2317 69 20 grow.

1330 2331 70 20 Blood
1410 2331 57 26 Red,
1481 2331 13 26 J

1502 2359 103 24 Simonps
1620 2363 46 22 and
1680 2364 126 28 Hogqakd,

1329 2410 146 30 Wellington,
1486 2413 60 23 June
1557 2416 33 26 10,
1603 2417 59 22 1844.
1783 2401 11 15 *
1828 2403 11 14 r
1841 2403 19 15 °'

1409 2463 53 21 For
1478 2464 69 26 Sale,
1563 2471 36 15 ex

1302 2493 197 49 SUPERFINE
1512 2496 74 23 Broad
1597 2498 77 23 Cloths
1688 2501 73 28 black,
1773 2503 59 28 blue,
1845 2505 43 23 and

1363 2523 106 20 invisible
1477 2529 69 20 green
1554 2531 5 19 ;
1573 2526 100 26 superior
1681 2528 55 27 pilot
1744 2530 77 27 cloths,
1829 2531 59 26 blue,

1300 2549 44 20 and
1351 2549 74 21 brown
1434 2556 5 19 ;
1449 2550 93 22 worsted
1548 2559 56 19 yarn
1612 2561 6 19 ;
1627 2553 80 29 hosery
1713 2563 5 18 ;
1727 2556 149 25 table-covers
1883 2568 5 5 •

1300 2576 88 26 sbmgle
1398 2576 63 27 nails,
1478 2577 56 22 slate
1547 2579 70 28 nails;
1632 2581 51 22 best
1700 2583 98 23 Flemish
1813 2577 75 31 tacks'

1300 2608 129 21 saucepans,
1441 2603 41 22 &c.
1882 2603 6 11 '

1300 2655 22 8 tt
1347 2655 6 8 ,
1389 2658 7 7 .
1418 2659 5 4 .
1497 2658 10 5 ,
1615 2634 28 21 W
1645 2651 5 5 -
1666 2636 105 24 Waring
1784 2639 104 24 Taylor.

1299 2655 180 29 Herbert-street,
1492 2658 61 23 June
1561 2660 22 27 5,
1592 2662 62 22 1844.

1424 2703 54 21 Por
1493 2705 70 26 Sale,
1573 2712 39 16 ex

1300 2733 121 50 FRUIT
1434 2735 105 28 TREES,
1550 2738 48 28 &c,
1613 2739 25 23 in
1650 2742 113 22 excellent
1775 2751 115 20 preserva-

1312 2788 4 4 .
1372 2764 53 24 tion,
1438 2769 42 16 viz.
1488 2771 37 14 :—
1526 2765 76 27 apples
1603 2768 5 8 1
1604 2782 6 10 ,
1611 2769 4 9 I
1622 2760 21 35 'f
1643 2775 55 20 ears,
1716 2770 97 28 quinces,
1826 2772 62 22 cher-

1298 2794 50 20 ries,
1372 2790 81 26 plums,
1478 2792 160 32 gooseberries,
1664 2802 108 22 currants,
1794 2798 86 24 filberts

1298 2818 101 24 apricots,
1424 2817 103 28 peaches,
1551 2822 121 26 nectrines,
1697 2824 113 26 mulberry
1838 2827 42 23 figs

1297 2849 66 20 vines,
1372 2844 117 28 raspberry
1497 2846 101 23 Siberian
1610 2849 70 27 crabs,
1692 2850 109 28 almonds,
1812 2856 76 20 straw-

1297 2869 90 22 berries.
1398 2872 64 25 2,000
1469 2874 155 26 transplanted
1633 2876 86 24 thorns.

1324 2896 93 23 Garden
1425 2898 64 23 seeds
1500 2900 25 21 of
1538 2908 67 21 every
1616 2904 93 27 variety.

1610 2930 34 22 W.
1662 2931 102 23 Waring
1779 2934 105 24 Taylor.

1321 2973 147 30 Wellington,
1479 2976 58 28 May
1545 2978 35 27 20,
1594 2980 61 22 1844.

1525 3012 40 20 On
1580 3013 71 25 Sale,

1295 3039 91 49 THE
1415 3040 73 23 NEW
1512 3043 154 24 ZEALAND
1695 3046 178 26 PORTFOLIO

1293 3074 112 34 m,'AA^°-r
1411 3067 86 41 Aw^
1509 3069 18 39 S
1527 3077 15 20 y
1559 3070 33 32 ?'
1609 3071 22 22 S>
1650 3072 124 30 Chapman,
1794 3076 37 26 (of
1843 3078 38 22 the

1293 3093 85 23 Middle
1386 3094 111 29 Temple,)
1508 3096 216 27 B.arrister-at-Law.

1318 3126 43 23 No.
1373 3126 73 23 I.—A
1462 3127 77 23 Letter
1553 3131 24 20 to
1596 3129 36 23 the
1650 3131 71 28 Right
1738 3133 62 25 Hon.
1819 3136 62 23 Lord

1291 3153 98 27 Stanley,
1408 3154 118 28 Secretary
1545 3156 27 22 of
1587 3157 61 23 State
1667 3159 37 22 for
1721 3160 38 22 the
1779 3163 101 23 Colonial

1290 3180 155 28 Department,
1478 3182 36 22 On
1522 3182 37 23 the
1565 3184 191 26 Administration
1762 3189 25 21 of
1791 3190 88 23 Justice

1290 3215 22 15 in
1322 3208 56 22 New
1388 3208 109 23 Zealand.

1290 3241 69 36 ,^°*
1370 3241 15 36 £
1387 3241 19 22 LTL
1437 3241 18 22 L
1448 3275 5 2 .
1458 3245 31 19 ett
1488 3250 30 27 F,
1530 3246 22 19 to
1567 3244 61 22 John
1643 3246 62 23 Abel
1719 3248 79 29 Smith,
1814 3250 63 27 Esq.,

1290 3268 68 27 M.P.,
1392 3269 35 21 On
1436 3268 40 23 the
1482 3269 145 29 Advantages
1634 3273 73 23 which
1715 3276 72 22 would
1796 3284 82 17 accrue

1288 3298 23 19 to
1321 3295 94 27 English
1425 3295 126 28 Capitalists
1559 3298 60 23 from
1629 3300 38 22 the
1678 3302 168 25 establishment
1854 3306 27 22 of

1288 3330 13 14 a
1309 3323 59 21 Loan
1380 3323 103 27 Company
1492 3324 36 22 for
1537 3326 52 20 New
1598 3328 101 27 Zealand,
1711 3330 84 23 similar
1806 3335 23 19 to
1839 3333 39 23 the

1288 3349 128 23 Australian
1425 3350 67 23 Trust

1314 3381 43 23 No.
1471 3382 36 24 An
1520 3384 98 24 Address
1629 3389 22 19 to
1661 3387 39 23 the
1710 3388 57 24 New
1777 3390 101 25 Zealand

1288 3409 64 22 Land
1361 3409 141 28 Proprietors
1511 3410 99 24 resident
1624 3413 22 23 in
1657 3414 39 24 the
1706 3415 83 24 United
1806 3418 72 27 King-

1287 3436 58 26 dom,
1356 3443 32 15 on
1403 3436 85 23 several
1504 3443 92 18 matters
1606 3440 26 22 of
1638 3441 139 29 importance
1787 3448 22 19 to
1820 3445 58 24 their

1286 3466 110 19 interests.

1287 3522 20 10 xt
1313 3495 43 23 No>
1354 3522 16 8 »
1373 3495 12 22 I
1388 3495 106 37 Y-~^',,R
1496 3504 15 15 11
1514 3502 4 4 '
1531 3497 37 23 the
1589 3499 42 22 Fin
1629 3507 18 25 s.
1645 3507 29 15 nc
1674 3500 32 23 ial
1723 3503 115 23 condition
1853 3505 28 22 of

1286 3522 56 22 New
1486 3524 31 28 by
1527 3525 92 24 Charles
1629 3524 77 32 Terry,
1718 3529 59 29 Esq.,
1786 3531 90 28 F.R.S.,

1287 3551 46 21 r.S.
1337 3551 29 21 A.

1313 3582 43 23 No.
1372 3581 81 24 V.—l.
1504 3584 160 27 Observations
1690 3594 29 16 on
1742 3588 136 29 facilitating

1286 3608 139 28 Emigration
1450 3612 24 20 to
1497 3610 56 24 New
1577 3612 110 30 Zealand,
1707 3615 29 28 by
1756 3624 78 15 means
1853 3619 27 22 of

1286 3636 117 24 Moderate
1422 3636 100 29 Charges
1537 3639 35 22 for
1590 3640 69 23 Chief
1675 3642 45 23 and
1735 3641 141 28 Fore-Cabin

1309 3781 46 22 No.
1370 3777 73 28 VI.-—
1444 3774 183 43 "'Observation's;
1639 3794 32 18 pn
1680 3787 39 23 the
1727 3788 147 29 Advantajrei

1283 3809 27 23 of
1320 3815 22 18 a.
1351 3809 188 29 Representative
1553 3812 123 29 Aseeuibly
1690 3813 185 28 forßewlKa-

1283 3833 61 26 land.
1356 3836 6 9 *
1688 3849 148 7 ....

1304 3859 106 28 'General
1421 3863 48 24 title
1478 3864 48 24 and
1530 3864 158 26 jntroduotion
1697 3871 24 21 to
1730 3869 41 24 the
1777 3870 83 25 Seriw.

1474 3906 69 16 MUCK
1560 3907 123 18 SIXPBNCI.

1295 3943 81 24 TUST
1391 3944 134 29 OPENED,
1532 3946 45 23 and
1587 3954 30 16 on
1627 3949 51 21 Sale
1688 3953 24 18 at
1721 3949 38 23 the
1770 3950 71 25 Office
1851 3953 27 22 of

1281 3973 29 20 V
1345 3971 46 23 this
1400 3971 78 30 Papor,
1488 3972 42 23 ihK
1540 3974 77 22 itaadi
1627 3977 23 20 ot
1659 3982 90 19 rarjou*
1758 3975 64 26 tvsk
1824 3982 7 9 7
1862 3985 4 6 ■
1869 3978 16 13 /ii

2047 699 53 22 Por
2115 701 68 26 Sale,
2198 708 36 16 ex

1939 731 245 48 RUTHERFORD
2194 734 115 30 DRURY,
2318 740 118 27 andCo's.,
2447 741 73 24 brand

2019 760 54 20 Port
2083 760 82 27 sherry,
2177 762 45 21 and
2233 764 108 27 Maderia,
2360 765 24 22 in
2397 767 71 22 wood.

1965 785 62 26 Port,
2040 785 241 29 sherry,andMaderia,
2292 791 22 21 in
2329 798 68 16 cases.

1965 837 29 10 „,,
2008 837 25 10 „.
2127 839 10 3 _
2261 816 83 24 Waitt
2354 826 46 15 and
2411 820 89 24 Tyser.

1965 839 146 27 Wellington,
2123 839 59 23 June
2193 842 21 26 5,
2226 844 60 21 1844.

2024 890 54 22 Pox
2092 892 70 25 Sale,
2172 898 36 16 ex
2248 896 77 26 Lady

1943 925 17 33 |
1974 925 34 33 f\
2034 924 108 34 rpONS
2153 925 47 22 best
2209 927 95 23 colonial
2314 929 63 27 flour,
2389 930 61 23 fresh
2466 932 58 22 from

1942 948 24 25 JL
1973 948 35 26 if
2041 948 30 24 -L
2095 950 38 22 the
2144 952 52 27 mill,
2207 953 24 21 in
2241 956 63 22 1001b
2314 956 62 27 bags.

1963 1018 29 12 nr
2006 1018 24 12 ii-
2062 1023 8 7 ..
2123 1020 11 10 t
2198 1023 10 7 
2263 997 69 22 WWaitt
2335 1006 12 14 t
2357 1006 46 15 and
2412 1000 85 24 Tyser.

1963 1019 144 28 Wellington.
2118 1020 68 27 June,
2196 1023 21 26 5,
2229 1024 63 22 1844.

2111 1073 77 21 Land
2203 1077 28 19 to
2247 1077 94 21 Lease.

1936 1103 123 36 rpOWN
2073 1111 47 15 and
2135 1105 147 24 COUNTRY
2296 1108 105 23 LANDS
2412 1110 40 22 TO
2463 1111 60 23 LET

1943 1128 29 23 X
2012 1137 30 15 on
2052 1131 167 28 advantageous
2229 1136 68 20 terms
2306 1135 23 21 in
2341 1133 30 24 all
2382 1141 60 22 parts
2452 1139 27 20 of
2487 1139 39 21 the

1935 1156 137 28 Company's
2081 1159 146 22 settlements.

2169 1186 114 23 Clifford
2299 1195 46 15 and
2360 1188 139 26 Vavasour.

1961 1209 146 28 Wellington,
2118 1212 64 27 April
2191 1214 35 26 24,
2238 1215 61 21 1844.

2070 1259 6 32 .'
2121 1270 37 22 W.
2174 1271 33 22 M.
2223 1272 107 28 SMITH,

1934 1312 58 15 LATE
2004 1313 236 18 SURVEYOR-GENERAL
2251 1317 28 14 TO
2291 1318 46 15 THE
2352 1319 50 15 NEW
2417 1320 106 16 ZEALAND

2171 1343 114 21 COMPANY,

1960 1369 144 28 Surveyor,
2119 1372 211 28 Draughtsman,
2346 1378 54 21 and
2414 1378 78 22 Land

2177 1401 101 26 Agent.

1930 1427 180 30 Tinakori-road,
2121 1430 101 29 January
2233 1434 21 25 4,
2266 1435 62 21 1843.

2144 1488 162 27 Stationery.

1933 1517 73 49 ON
2021 1519 86 28 SALE,
2123 1520 42 23 AT
2178 1521 74 23 THIS
2270 1523 141 24 OFFICE—

1997 1545 113 28 Foolscap,
2122 1548 88 21 various
2220 1549 114 27 qualities,

1959 1571 74 27 Large
2043 1573 60 21 thick
2113 1578 57 23 post,
2180 1582 62 15 wove
2253 1576 46 22 and
2308 1577 54 28 laid,

1958 1598 60 22 Thin
2028 1602 55 23 post,
2221 1602 65 28 ditto,

1958 1624 57 23 Fine
2026 1626 58 21 Bath
2093 1630 58 24 post,
2161 1627 47 28 gilt,

1932 1677 6 6 m
1959 1652 157 29 Antiquarian,
2124 1654 108 28 imperial,
2240 1657 70 27 royal,
2319 1658 47 23 and
2373 1659 65 27 demy
2448 1661 72 23 draw-

1931 1685 40 20 ing
1980 1686 76 20 paper,

1959 1705 73 24 Quills
2041 1707 44 22 and
2095 1714 63 20 pens,

1960 1732 70 22 Small
2040 1733 59 22 hand
2109 1734 46 22 and
2164 1734 55 29 shop
2228 1744 76 21 paper,

1958 1759 74 27 Royal
2046 1760 67 28 hand,
2126 1761 80 24 double
2222 1763 61 23 hand
2299 1766 81 28 brown,
2392 1768 45 22 and
2454 1769 66 25 royal

1958 1787 45 21 Ink
2014 1787 45 21 and
2069 1788 39 21 ink
2118 1788 107 29 powders,
2515 1796 2 4 •

1960 1812 73 22 Black
2042 1813 51 22 lead
2102 1815 92 28 pencils,

1930 1846 78 22 brown
2018 1849 115 27 wrapping
2140 1857 78 20 paper,

1957 1874 100 27 Ledgers
2066 1876 45 22 and
2121 1882 97 18 account
2226 1879 76 28 books,
2314 1881 89 23 various
2413 1883 65 26 sizes,

1957 1901 106 28 Message
2075 1903 72 26 cards,
2278 1904 4 3 '
2474 1913 3 3 ■

1957 1928 111 22 Coloured
2078 1937 86 20 papers,

1956 1955 74 25 Sugar
2039 1962 86 21 papers,

1955 1980 59 22 Note
2024 1988 87 21 papers,

1955 2006 69 22 India
2033 2009 88 27 rubber,
2132 2009 76 29 bottle,
2220 2011 44 23 and
2272 2017 88 24 patent,

1956 2034 69 28 Ivory
2034 2035 82 23 folders
2127 2036 43 22 and
2180 2037 86 29 knives,

1954 2060 93 23 Invoice
2057 2062 70 22 books
2138 2064 53 22 with
2199 2065 100 30 indexes,
2309 2069 90 22 various
2409 2070 64 27 sizes.

1954 2089 58 20 Cash
2022 2089 70 22 books
2102 2090 64 22 ruled
2175 2092 88 29 double,
2275 2095 92 22 various
2375 2096 66 26 sizes.

1954 2116 91 26 Sponge
2054 2117 45 21 and
2108 2118 85 27 wafers,

1956 2142 75 21 Wafer
2041 2145 92 26 stamps,

1953 2168 73 22 Black
2034 2169 58 23 lines
2101 2171 35 22 for
2145 2172 66 22 letter
2226 2174 95 28 Writing,

1953 2195 90 37 Oblong,
2053 2197 91 28 clasped
2154 2201 171 24 memorandum
2336 2204 76 29 books,

1951 2223 92 21 Ladies'
2053 2224 45 22 and
2107 2225 150 27 gentlemen's
2272 2230 53 21 card
2340 2239 68 20 cases,

2061 2251 64 22 Ditto
2261 2255 72 24 tinted
2342 2258 45 23 and
2396 2260 120 24 embossed

1924 2280 71 23 cards,

1951 2303 104 28 Message
2064 2305 71 28 cards,

2175 2363 92 22 Seeds.

1922 2393 52 48 A
1990 2393 86 23 VERY
2090 2396 156 24 SUPERIOR
2261 2399 45 23 and
2316 2401 102 24 valuable
2429 2408 82 19 assort-

2003 2425 63 18 ment
2081 2423 26 20 of
2123 2423 59 22 fresh
2199 2425 68 23 Seeds
2283 2427 47 27 just
2344 2431 110 25 received,
2473 2432 38 22 the

1922 2448 43 38 Sk
1986 2455 14 14 °
2001 2448 11 21 f
2027 2475 13 11 *
2057 2456 12 14 r
2064 2476 6 10 1
2070 2456 11 14 e
2082 2456 15 25 £
2097 2449 23 22 vl
2119 2457 17 29 £
2135 2458 12 12 r
2160 2458 26 15 su
2186 2452 60 34 P^y>
2257 2460 49 16 now
2323 2463 30 14 on
2370 2456 45 23 sale
2431 2460 24 20 at
2472 2458 39 23 the

1923 2474 70 21 Office
2013 2475 27 21 of
2055 2476 44 22 this
2118 2477 70 28 Paper
2208 2479 28 27 by
2253 2480 37 22 the
2310 2483 158 28 undersigned,
2485 2486 26 22 in

1922 2505 121 23 quantities
2053 2507 22 17 to
2085 2507 43 18 suit
2137 2505 131 26 purchasers
2276 2516 5 13 :
2284 2519 28 5 —

1949 2533 126 29 Carraway,
2087 2535 47 22 Dill
2143 2537 45 22 and
2196 2538 94 29 Burnet,

1949 2560 45 22 Sea
2004 2561 55 27 cale,
2070 2569 126 21 asparagus,
2208 2570 80 24 carrot,
2300 2569 45 21 and
2357 2571 97 26 parsnip,

1949 2587 96 27 English
2055 2589 51 22 leek
2115 2590 46 22 and
2171 2592 73 26 onion,
2257 2594 94 28 Spanish
2365 2597 35 22 do.

1949 2614 125 27 Vegetable
2090 2623 95 17 marrow
2200 2620 43 22 and
2253 2620 54 29 long
2320 2623 87 29 prickly
2417 2632 93 17 cucum-

1923 2643 45 24 ber,

1949 2668 146 29 Cauliflower,
2106 2671 87 29 endive,
2204 2674 46 22 and
2262 2676 82 28 celery,

1949 2695 120 28 Virginnia
2085 2698 99 28 tobacco,
2198 2701 155 29 mignionette,
2372 2705 45 23 and
2442 2710 69 19 sweat

1922 2728 60 21 peas,

1948 2749 41 22 All
1999 2754 56 19 sorts
2066 2751 26 22 of
2097 2752 85 26 garden
2193 2754 45 23 and
2247 2756 54 22 field
2310 2757 106 29 cabbage,

1948 2793 46 19 Tn*
2079 2806 21 6 «,
2106 2779 34 22 do#
2224 2782 28 22 do
2317 2786 81 26 turnip,

1948 2803 40 22 All
1998 2807 55 19 sorts
2062 2806 26 21 of
2093 2806 89 28 lettuce,
2194 2808 70 28 salad,
2276 2811 44 21 and
2335 2811 91 30 brocoli,

1947 2832 40 20 All
1996 2835 57 18 sorts
2063 2833 26 21 of
2095 2832 75 28 lupins
2178 2835 46 22 and
2233 2838 152 27 nasturtiums,

1946 2858 40 21 All
1997 2862 56 18 sorts
2064 2860 25 21 of
2096 2864 68 19 sweet
2175 2862 72 27 herbs,

1947 2884 52 23 One
2008 2884 103 25 hundred
2121 2888 76 23 choice
2208 2890 89 23 varities
2309 2892 28 22 of
2349 2893 77 23 flower
2438 2896 67 23 seeds

1946 2917 23 21 A
1979 2924 55 21 very
2049 2919 104 23 valuable
2168 2926 132 19 assortment
2314 2925 27 21 of
2353 2926 61 23 fresh
2430 2928 79 23 choice

1918 2951 86 19 grasses
2013 2945 35 23 for
2057 2947 147 26 gentlemen's
2219 2949 69 24 lawns
2304 2952 45 22 and
2365 2954 145 26 agricultural

1918 2977 113 22 purposes,

1945 3008 113 28 Cabbage,
2088 3010 91 29 brocoli,
2208 3013 106 28 rhubard,
2345 3017 72 27 onion,
2447 3018 60 26 leek,

1914 3037 85 20 lettuce
2017 3037 82 27 plants,
2118 3039 50 27 &c,
2187 3046 52 16 now
2257 3044 71 27 ready
2347 3046 23 19 to
2388 3044 27 22 be
2433 3048 75 21 trans-

1913 3064 100 26 planted,
2026 3064 74 22 raised
2109 3065 58 23 from
2176 3067 95 28 samples
2284 3069 26 21 of
2318 3069 64 23 these
2391 3072 72 25 seed?.

1942 3116 101 22 October
2052 3119 21 26 6,
2085 3119 26 23 18
2113 3119 36 21 43.
2277 3138 3 4 .
2327 3097 27 21 W
2355 3113 7 6 *
2377 3098 89 24 MoooY
2467 3116 6 7 -
2529 3116 3 5 •

1913 3171 92 48 THE
2029 3173 79 20 Nelson
2131 3175 116 22 Examiner
2269 3178 44 21 and
2334 3180 54 21 New
2410 3182 97 24 Zealand

1986 3199 112 22 Chronicle
2113 3199 128 29 (published
2249 3207 24 19 at
2282 3205 102 29 Nelson,)
2400 3208 19 23 is
2436 3217 68 17 reeu-

1909 3224 59 29 larly
1986 3228 145 22 transmitted
2144 3232 23 18 to
2182 3229 146 31 Wellington,
2347 3235 45 22 and
2407 3243 54 19 may
2474 3238 28 22 be

1901 3270 3 6 .
1910 3254 44 20 had
1965 3256 24 19 at
1998 3254 38 22 the
2047 3255 63 22 office
2120 3255 27 22 of
2157 3256 43 22 this
2208 3265 77 21 paper.

1937 3285 49 22 The
1996 3286 80 21 Nelson
2084 3288 117 22 Examiner
2217 3291 45 21 will
2271 3292 29 22 be
2309 3292 71 24 found
2389 3302 29 15 an
2428 3297 78 22 excel-

1909 3314 49 20 lent
1966 3314 101 22 medium
2077 3314 35 23 for
2122 3315 140 25 advertisers.

1936 3347 80 23 Terms
2027 3347 35 24 for
2071 3349 38 23 the
2119 3357 75 22 paper,
2205 3355 37 19 ten
2251 3352 103 29 shillings
2368 3362 39 20 per
2415 3361 82 21 quarte

1908 3376 97 27 payable
2013 3383 25 15 m
2048 3376 110 24 advance.

1936 3406 85 24 Orders
2045 3408 35 23 for
2098 3409 39 23 the
2160 3418 68 21 paper
2249 3412 48 23 and
2318 3413 187 26 advertisements

1909 3434 104 23 received
2024 3438 23 19 at
2057 3436 38 22 the
2106 3437 71 23 Office
2188 3438 27 22 of
2226 3438 44 23 this
2280 3446 76 21 paper.

2081 3493 78 21 Meat
2179 3495 149 26 Company.

1910 3523 94 51 THE
2024 3525 237 30 UNDERSIGNED,
2280 3527 85 29 having
2382 3530 58 23 been
2461 3539 40 21 ap-

1984 3551 92 29 pointed
2090 3553 110 27 Manager
2209 3554 27 22 of
2248 3553 117 30 the.^Meat
2373 3556 126 31 Company,

1908 3577 55 28 begs
1972 3582 24 19 to
2006 3586 119 16 announce
2134 3579 54 23 that'
2196 3587 14 15 a
2219 3579 88 29 regular
2315 3580 78 32 simply
2403 3586 26 20 of
2438 3586 61 24 beef,

1908 3608 97 25 mutton,
2026 3606 45 22 and
2087 3606 57 29 pprk
2160 3612 52 24 may
2230 3608 83 28 always
2331 3610 41 23 be*
2379 3610 120 29 depended

1909 3639 61 21 upon
1980 3636 25 20 at
2013 3633 46 23 this
2068 3633 173 24 establishment.

1935 3664 35 23 As
1993 3664 47 23 this
2060 3666 115 31 Company
2194 3672 108 23 purposes
2306 3662 94 35 (-selling
2415 3674 27 19 at
2459 3671 40 24 the

1906 3691 80 23 lowest
1993 3692 74 28 prices
2076 3695 26 20 at
2111 3692 76 24 which
2191 3697 23 21 it
2226 3693 217 28 KfounditheVmeat
2455 3705 44 16 can

1906 3718 30 22 be
1946 3718 109 28 afforded,
2065 3718 39 24 the
2113 3719 151 29 undersigned
2272 3721 20 23 is
2304 3720 195 31 only^aufchori^ejl

1907 3748 23 19 to
1939 3746 53 27 give
1997 3752 55 20 very
2057 3744 88 24 limited
2154 3747 77 28 credit,
2238 3747 47 25 and
2292 3748 42 25 his
2335 3749 59 24 been
2401 3751 99 26 prdtered

1906 3775 24 19 to
1934 3775 7 19 C
1944 3775 54 25 stop
2010 3772 32 22 all
2175 3774 73 24 which
2261 3781 40 17 we
2314 3778 43 21 toot
2370 3776 53 29 paid
2429 3780 70 25 'upon

1901 3799 112 22 .demands
2021 3804 7 13 <
2037 3797 5 9 '
2100 3806 6 11 ;
2132 3803 3 6 '
2144 3802 3 4 '
2159 3813 2 4 •
2287 3804 7 4 ~
2316 3812 4 4 •
2404 3808 2 5 '
2410 3803 4 13 ;
2429 3801 28 16 £■*'•

2337 3836 85 26 carriea
2431 3847 31 16 on
2471 3829 32 35 in*

1906 3859 59 23 their
1979 3866 52 16 new
2045 3859 120 29 building,.
2165 3862 90 23 erected
2270 3862 104 25 between
2392 3865 107 25 France's

227 678 53 21 For
293 678 118 23 London
428 680 95 23 direct.

103 712 42 22 The
148 713 54 25 first
211 712 30 19 oil
248 712 53 25 ship,
312 713 42 19 and
361 713 47 20 will
416 715 53 19 meet
478 715 53 19 with
540 715 103 26 dispatch.

95 743 101 37 -^^Sgn
235 748 93 21 rriHE
351 749 46 22 fine
421 750 43 21 fast
486 751 80 27 sailing
583 751 86 28 barque

106 771 114 29 .jaßEfc
242 771 29 25 JL
386 777 178 21 Tuscan.

89 798 144 39 /4flWgrEjj»
248 801 94 27 Captain
362 802 115 28 Blackett;
506 804 46 22 and
576 804 45 22 will
640 805 28 22 be

87 826 146 29 wSSSSSm
248 827 67 27 ready
335 832 22 18 to
377 837 131 15 commence
528 831 92 28 loading
643 839 24 15 as

87 852 145 30 TQSSSaSfF
246 861 54 15 soon
315 862 24 15 as
408 856 84 23 inward
508 865 65 20 cargo
586 858 20 21 is
625 858 43 22 dis-

84 881 101 26 charged.
228 881 34 22 As
279 885 49 19 part
346 882 27 21 of
392 882 41 23 her
452 891 67 21 cargo
538 885 19 21 is
576 885 92 28 already

83 908 104 27 engaged,
202 907 130 23 immediate
350 910 135 27 application
503 911 20 21 is
540 919 126 20 necessary.

84 936 40 22 For
132 934 84 27 freight
227 942 26 14 or
262 941 90 21 passage
362 937 67 27 apply
440 941 22 18 to

106 991 28 5 _,
148 992 24 7 „.
401 969 83 22 Waitt
496 978 47 14 and
554 971 85 22 Tyser.

106 991 145 29 Wellington,
263 993 61 23 June
332 995 20 27 5,
365 997 60 21 1844.

222 1046 53 20 For
288 1047 117 21 London
421 1047 95 23 direct.

121 1075 78 35 OEJfiiv
251 1084 9 14 r
267 1079 75 24 I^HE
357 1080 45 22 fast
418 1082 78 26 sailing
510 1083 81 27 frigate
608 1084 58 22 built

109 1112 120 26 iJHgjaK^
256 1111 30 16 -*-
324 1106 33 22 shi
359 1115 14 18 P
391 1108 22 21 A
416 1124 6 5 -
446 1110 11 20 1
482 1109 35 22 for
541 1112 26 19 12
590 1118 73 20 years,

106 1129 133 30 XTr»Sly
308 1144 5 4 •
331 1135 99 20 BELLA
446 1137 127 25 MARINA,

271 1160 26 21 T.
307 1161 119 27 Asbridge,
447 1164 145 22 commander
599 1173 6 19 ;
625 1164 40 23 has

86 1185 157 30 T&&SS3SB
261 1190 57 18 most
336 1188 25 21 °f
378 1188 42 23 her
439 1190 30 21 oil
488 1191 109 27 engaged,
618 1192 44 22 and

79 1215 38 21 will
133 1214 28 21 be
175 1214 129 27 dispatched
322 1214 61 28 early
405 1216 22 21 in
442 1216 37 23 the
499 1225 85 15 season.
615 1218 49 22 Her

79 1240 198 23 accommodations
300 1241 35 22 for
356 1249 132 21 passengers
511 1251 37 15 are
573 1245 26 21 of
625 1245 38 23 the

79 1271 53 19 most
145 1293 5 5 _
160 1267 88 27 elegant
281 1267 141 30 description,
455 1270 43 23 and
526 1271 41 22 her
582 1272 81 28 sailing

79 1293 97 29 qualities
187 1301 37 14 are
241 1294 48 22 well
303 1294 89 23 known.
427 1297 45 22 For
489 1298 109 27 freightor
612 1306 51 20 pas-

78 1328 47 20 jage
135 1320 67 28 apply
211 1324 23 19 to
245 1322 61 25 Capt.
318 1322 118 28 Asbridge,
447 1331 25 14 or
479 1327 24 18 to

269 1353 132 27 RIDGWAYS,
416 1355 108 28 GUYTON,
535 1364 46 14 AND
592 1357 41 22 Co.

102 1378 144 29 Wellington,
258 1380 59 22 June
327 1383 20 25 4,
359 1383 61 20 1844.

77 1438 46 20 For
159 1437 114 26 Nelson,
307 1439 66 24 Utevr,
411 1440 159 26 Plymouth,
605 1440 55 21 and

289 1465 155 22 Auckland.

81 1495 99 38 •^^ffgn
226 1501 91 23 HHHE
333 1502 45 22 fine
388 1503 42 21 fast
455 1503 83 28 sailing
552 1504 109 23 schooner

83 1526 118 38 jßjHjfo
232 1529 29 21 -*-
362 1531 178 27 AURORA,

75 1559 142 33 /^RSj£jjgy_
238 1555 147 29 Macfarlane,
403 1558 93 25 Master,
507 1559 45 21 will
568 1559 40 22 sail
626 1560 34 21 for

74 1580 144 38 j^^B
237 1582 38 23 the
286 1583 70 22 above
364 1588 61 24 ports
433 1592 29 14 on
473 1585 82 28 Friday
561 1585 48 23 first
620 1587 39 21 the

236 1611 48 21 21st
293 1611 50 21 inst.
373 1611 45 22 For
430 1611 83 28 freight
523 1620 25 14 or
563 1620 95 21 passage

75 1636 61 29 apply
143 1639 23 19 to

415 1665 110 22 Richard
540 1666 89 23 Eager.

98 1689 140 29 Wellington,
249 1691 60 22 June
319 1691 32 27 17,
365 1693 61 21 1844.

157 1748 53 21 For
220 1748 95 26 Kapiti
326 1750 54 20 and
392 1749 171 22 Manawatu.

109 1780 78 35 >^2uL.
233 1785 92 23 HHHE
342 1786 44 22 fine
395 1786 44 22 fast
453 1787 79 26 sailing
545 1787 111 23 schooner

99 1808 108 39 jjgajS^v
239 1808 30 26 JL
402 1814 129 25 ocean,

96 1834 124 38 ijC^PNK
245 1839 119 28 Ferguson,
402 1845 88 22 muster,
533 1842 44 21 will
612 1843 42 22 sail

75 1885 8 16 p
83 1865 140 36 fsP*gffi>_*
245 1870 133 23 to-morrow,
410 1868 147 28 (Thursday).
610 1870 45 22 For

243 1893 83 28 freight
335 1902 24 14 or
369 1902 93 20 passage
472 1895 67 27 apply
549 1900 22 17 to

384 1921 83 22 Waitt
478 1929 47 14 and
539 1922 85 23 Tyser.

92 1942 144 30 Wellington,
248 1947 60 20 June
319 1947 31 26 18,
364 1947 61 21 1844.

210 2002 53 21 For
275 2003 113 22 Akaroa
404 2004 94 21 direct.

72 2030 207 110 anpHE
310 2037 46 23 fine
388 2039 44 21 fast
474 2039 82 28 sailing
588 2039 62 28 sloop

193 2059 29 26 JL
306 2066 101 20 ROYAL
433 2067 144 26 WILLIAM,

197 2093 28 19 43
235 2094 50 19 tons
298 2093 99 26 register,
411 2093 92 28 Captain
521 2095 87 25 Lovett,
627 2098 22 19 to

198 2118 41 21 sail
256 2126 28 14 on
302 2119 90 28 Sunday
411 2124 61 18 next.
502 2121 43 22 For
566 2122 84 27 freight

67 2152 20 15 or
96 2152 89 21 passage
195 2145 67 28 apply
271 2149 23 18 to

342 2173 77 22 James
434 2175 75 21 Smith
523 2183 45 14 and
578 2176 42 21 Co.

90 2198 139 28 Wellington,
241 2199 59 23 June
311 2201 32 26 18,
356 2202 62 21 1844.

95 2253 49 21 For
167 2253 114 26 Nelson,
305 2254 110 22 Hobart
434 2256 99 26 Town,
557 2258 57 21 and

281 2281 145 26 Adelaide,

202 2312 44 25 (To
258 2314 43 19 sail
313 2314 22 21 in
349 2321 13 14 a
369 2315 49 26 few
432 2316 72 26 days.)

75 2356 16 11 '
88 2353 10 14 I
98 2346 75 34 gb&£\
211 2350 92 30 npHE
314 2351 43 22 fine
374 2352 44 22 fast
428 2352 79 28 sailing
516 2354 129 26 brigantine

86 2371 115 44 Jg]Pk^
218 2371 30 28 _L
319 2380 122 21 JOSEPH
451 2381 120 27 ALBINO,

224 2404 93 28 Captain
329 2406 86 28 Finnis,
425 2407 41 22 has
480 2415 55 21 very
544 2409 101 27 superior

66 2430 142 37 3p»|3&|(fc
223 2433 194 23 accommodation
446 2434 35 22 for
503 2443 140 20 passengers.

224 2458 43 23 For
284 2459 84 29 freight
385 2469 26 14 or
423 2469 100 20 passage,
543 2462 67 29 apply
621 2467 23 18 to

65 2484 83 28 Captain
161 2485 81 27 Finnis,
254 2493 29 16 on
292 2487 76 28 board,
380 2496 26 14 or
416 2491 21 19 to

377 2525 85 23 Waitt
472 2534 47 15 and
529 2527 86 23 Tyser.

86 2554 139 29 Wellington,
237 2557 61 23 June
308 2559 32 26 18,
354 2559 63 23 1844.

226 2609 44 20 TO
285 2610 182 22 WHALERS.

80 2638 54 27 Boyd
144 2639 70 26 Town,
227 2641 96 26 Twofold
331 2643 54 25 Bay,
400 2643 53 20 New
464 2644 68 22 South
546 2646 75 21 Wales.

63 2670 101 49 SHIPS
181 2679 42 15 can
240 2672 84 23 refiesh
339 2681 25 15 or
375 2674 51 22 refit
443 2678 23 19 at
476 2676 44 22 this
536 2676 107 24 Harbour

119 2698 45 22 free
180 2699 27 21 of
223 2699 30 23 all
269 2700 54 22 Port
343 2701 100 27 charges,
460 2703 106 27 pilotage,
590 2705 51 26 &c,

63 2724 38 21 and
117 2732 40 15 can
175 2726 75 22 obtain
269 2727 70 28 wood,
359 2731 75 24 water,
455 2730 60 22 fresh
535 2731 44 21 and
599 2731 44 22 salt

61 2751 119 26 provisions,
196 2754 135 27 vegetables,
351 2755 50 29 ship
416 2756 129 29 chandlery,
562 2761 78 24 stores,

63 2778 39 22 and
111 2779 56 32 slops
177 2780 26 21 of
215 2787 67 21 every
296 2781 56 23 kind
369 2783 44 21 and
423 2783 134 29 description
564 2793 5 19 ;
595 2786 47 22 and

60 2804 19 21 if
93 2806 96 28 required
205 2807 39 22 the
262 2809 95 22 services
373 2810 26 21 of
413 2811 151 26 experienced
579 2812 63 28 ship-

61 2832 82 27 wrights
152 2834 44 21 and
205 2834 55 23 boat
274 2835 106 29 builders,
390 2844 61 21 upon
467 2838 39 22 the
516 2842 59 19 most
589 2847 52 15 rea-

60 2860 82 22 sonable
152 2863 75 20 terms.

108 2892 83 22 N.B.—
194 2894 36 22 Oil
240 2902 25 14 or
273 2895 58 22 bone
347 2896 68 23 taken
423 2897 24 23 in
458 2896 132 30 exchange/

84 2923 141 30 Wellington,
236 2927 65 27 April
310 2930 21 24 9,
343 2930 63 21 1844.

157 2987 53 21 For
229 2989 69 26 Sale,
309 2996 36 15 ex

61 3015 57 50 10
140 3031 107 29 THONS
257 3033 58 22 table
326 3034 49 27 salt,

145 3055 30 25 JL
213 3060 27 21 10
249 3063 50 19 tons
309 3061 119 29 Liverpool
437 3062 51 28 salt,

81 3085 104 22 lOOcases
198 3086 100 29 Geneva,

80 3112 23 21 12
112 3118 30 22 qr.
154 3112 62 23 casks
226 3114 116 28 Teneriffe,

80 3138 35 22 100
124 3138 70 23 dozen
203 3140 85 23 bottled
298 3145 66 24 stout,

79 3165 24 22 50
112 3166 76 23 tierces
197 3167 71 25 prime
277 3168 57 23 Irish
344 3170 56 22 beef

79 3192 24 21 30
112 3192 61 23 casks
184 3189 116 28 Williams'
311 3196 99 28 superior
419 3197 70 28 liquid
497 3198 113 29 blacking,

77 3219 25 22 20
109 3224 71 18 crates
189 3221 98 24 assorted
298 3223 114 29 crockery,

77 3246 12 21 4
114 3247 27 22 do
177 3251 64 19 stone
252 3248 85 29 bottles,

77 3273 25 21 30
110 3277 47 18 tons
166 3275 98 22 assorted
273 3276 56 27 iron,

79 3300 35 21 100
122 3307 61 16 cases
194 3302 108 23 Oilman's
312 3308 77 24 stores,

78 3327 11 20 6
98 3326 61 24 hhds.
169 3328 85 23 refined
261 3337 72 21 sugar,

77 3354 25 21 30
110 3354 70 23 dozen
189 3356 80 28 chairs,

77 3381 12 20 6
98 3380 75 29 dining
182 3383 76 27 tables,

77 3408 23 21 12
108 3409 72 22 chests
190 3410 101 26 drawers,

77 3434 23 23 12
108 3435 131 25 wash-hand
249 3438 83 28 stands,

77 3461 23 21 12
108 3462 54 24 beds
172 3464 44 21 and
226 3464 98 29 bedding
332 3467 119 29 complete,

75 3488 25 21 35
108 3489 82 23 barrels
199 3492 123 23 Stockholm
331 3496 42 23 tar,

74 3516 25 20 25
124 3516 36 22 do.
187 3517 69 29 pitch,

74 3542 24 21 25
124 3542 35 23 do.
187 3544 84 24 refined
281 3547 48 23 coal
338 3551 42 25 tar,

75 3569 71 24 Dutch
155 3570 87 29 cheese,
252 3573 77 29 coffee,
340 3580 108 24 currants,
459 3577 45 22 and
516 3578 47 22 fine
573 3582 56 20 teas.

73 3620 26 14 •„,
111 3622 23 12 „.
168 3627 7 7 t
227 3626 11 8 T
362 3603 84 24 Waitt
456 3612 49 15 and
514 3605 85 24 Tyser.

74 3622 139 30 Wellington,
224 3626 59 23 June
291 3628 21 27 5,
324 3630 61 22 1844.

150 3681 42 21 On
201 3683 59 21 sale
274 3684 38 27 by
326 3685 56 23 late
392 3688 124 23 arrivals.

60 3730 21 19 r
116 3710 64 39 r?**
194 3720 14 14 a
216 3720 54 21 ycry
278 3741 6 6 .s.
280 3723 25 14 su
306 3723 14 20 P
322 3716 58 23 erior
389 3720 84 27 article,

51 3760 4 3 •
116 3740 17 20 C
135 3740 51 21 ham
188 3747 14 19 P
204 3747 12 14 a
216 3747 51 21 gne,
277 3741 23 23 in
310 3750 42 15 one
362 3744 50 23 doas.
422 3753 70 20 cases,

95 3765 88 33 Cheese,
195 3766 61 23 West
266 3768 66 23 India
340 3776 58 24 rum,
409 3773 95 28 brandy,

98 3794 51 19 Fort
154 3799 56 16 wine
220 3801 24 15 m
253 3794 66 24 hhds.
329 3798 45 22 and
385 3806 34 21 qr.
429 3801 71 26 casks,

95 3817 26 40 ?n
115 3826 11 14 ce
127 3824 19 33 tt
152 3826 24 15 m
174 3845 13 12 u
185 3820 28 37 c^
215 3824 50 33 e^
275 3822 51 23 haJf
336 3825 45 22 «»*
387 3829 103 26 'quarter;

95 3848 26 19 40
133 3848 224 29 btishelsiWanganui
373 3859 42 21 rye
423 3861 62 20 grass
493 3856 62 24 seed.

129 3875 76 26 Apply
214 3878 25 19 at
247 3875 37 24 the
294 3880 69 22 stores
372 3880 27 22 of
409 3880 39 23 the
457 3881 165 32 Undersigned,

68 3932 27 13 ■m
106 3935 23 10 .
283 3910 84 25 -W;'B.
382 3913 99 25 Rhodes
494 3923 48 17 and
556 3918 38 24 Co.

68 3933 136 34 Wellington,
215 3939 60 26 June
283 3942 47 33 «b,
340 3942 63 27 1&4.

703 684 41 20 On
752 685 56 20 sale
815 687 30 19 at
850 686 45 20 the
904 688 88 20 stores
1001 686 30 22 of
1039 687 47 21 the
1095 689 194 27 undersigned,

722 710 44 21 Ex
954 714 55 20 and
1044 714 79 22 Bella

703 743 195 48 BLANKELS
914 747 52 20 10-4
975 746 42 22 and
1032 748 59 26 11-4,
1102 748 99 23 assorted
1211 750 77 27 colors,

779 771 73 27 white,
864 772 85 26 yellow,
961 773 52 22 blue
1022 774 46 21 and
1078 774 85 28 scarlet,

728 796 119 29 Druggetf,
860 798 108 27 damasks,
980 799 104 28 flannels,

730 823 81 26 Plaids,
822 832 68 19 green
900 825 46 22 and
958 826 89 27 checks,

728 850 75 27 Fancy
813 851 77 28 prints,
902 852 125 28 domestics,
1038 854 51 25 &c,

728 877 74 22 Broad
813 877 67 28 cloth,

727 903 88 28 Europe
824 905 44 21 and
879 905 94 24 Manilla
983 913 60 21 rope,

728 930 67 22 Paint
804 931 37 26 oil,
851 932 126 27 turpentine
988 933 44 22 and
1043 934 69 27 paint,

728 957 59 22 Pork
796 957 24 22 in
830 959 83 21 barrels
923 959 45 22 and
977 960 50 23 half
1039 960 90 28 barrels,

727 983 81 28 Hams,
818 985 81 26 butter,
910 985 86 29 cheese,

726 1011 96 21 Refined
832 1019 73 20 sugar,

726 1037 106 27 Canvass,
844 1038 64 22 No.'s
917 1040 20 26 3,
950 1040 20 26 4,
980 1040 21 26 5,
1011 1040 47 23 and
1073 1043 20 25 6,
1104 1043 83 28 sewing
1197 1044 73 27 twine,

673 1073 4 7 '
726 1064 142 28 Glass-ware,

725 1090 45 22 Bar
779 1091 55 26 iron,
846 1091 162 29 ironmongery,
1020 1094 45 22 and
1077 1095 108 28 tin-ware,

724 1117 64 28 Teas,
806 1119 144 27 gunpowder,
975 1120 100 28 Congou,
1097 1122 121 27 Pouchong
1239 1124 46 22 and

698 1143 80 28 Pekoe,

724 1171 80 28 Coffee,

723 1198 22 21 A
756 1198 61 27 large
827 1199 62 22 stock
898 1200 25 22 of
934 1200 94 23 Chinese
1043 1202 75 27 wines,

723 1224 90 29 Brandy
823 1226 44 21 and
879 1234 56 20 turn,

725 1252 79 21 Scotch
814 1253 106 28 whiskey,
931 1255 23 21 in
966 1261 33 21 qr.
1010 1255 71 28 casks,

723 1278 53 27 Gin,
787 1279 24 22 in
821 1279 64 22 hhds.
897 1281 45 22 and
952 1289 68 19 cases,

953 1308 72 28 Also,

722 1331 77 23 About
809 1333 28 21 60
846 1336 50 20 tons
905 1334 28 23 V.
946 1335 29 22 D.
986 1336 26 21 L.
1023 1336 65 28 flour,
1100 1339 39 21 Ist.
1151 1339 93 28 quality,

721 1359 26 21 25
757 1359 65 22 hhds.
834 1361 42 20 and
886 1362 26 21 25
923 1362 85 23 barrels
1018 1363 63 24 Bass'
1093 1366 84 22 Burton
1187 1367 42 21 ale.

892 1388 132 29 RIDGWAYS,
1037 1392 108 28 GUYTON,
1157 1400 46 15 AND
1214 1394 39 22 Co.

721 1412 144 29 Wellington,
877 1415 59 22 June
948 1418 31 26 18,
992 1419 54 21 1844

759 1463 53 21 For
827 1463 60 21 Sale
902 1465 37 26 by
953 1466 44 20 the
1013 1468 195 27 undersigned.

693 1495 104 48 BEST
807 1496 51 23 Van
874 1498 117 22 Diemen's
1000 1500 67 22 Land
1082 1501 44 23 and
1138 1502 56 22 New
1210 1503 69 22 South

770 1524 75 21 Wales
869 1524 62 28 fiour,
957 1526 60 22 fresh
1034 1527 59 23 from
1112 1529 37 21 the
1169 1530 66 24 mils,
1256 1531 23 21 in

693 1550 37 23 100
730 1550 26 23 ft
766 1550 44 22 and
819 1553 64 21 2001b
894 1552 60 28 bags.

718 1576 104 28 Manilla,
846 1578 127 28 Mauritius,
997 1581 47 22 and
1069 1582 61 22 Siam
1154 1590 73 20 sugar,
1255 1584 26 22 in

691 1604 66 21 small
767 1604 60 28 bags,

718 1631 130 23 Havannah
860 1632 75 28 cigars,
949 1634 39 22 &c.

718 1684 29 3 _
761 1685 24 6 „.
976 1661 77 23 James
1065 1663 75 23 Smith
1154 1672 47 14 and
1212 1665 39 22 Co.

718 1684 147 29 Wellington,
877 1687 60 21 June
948 1689 32 26 18,
999 1690 61 20 1844.

688 1736 54 21 Por
756 1738 70 25 Sale,
838 1745 36 15 ex
1051 1743 55 20 and

689 1770 114 48 PORT,
824 1772 84 29 sherry,
929 1774 109 27 Madeira,
1060 1776 149 26 moraschino,
1234 1777 46 22 and

761 1798 140 28 champagne
911 1801 22 20 in
946 1808 67 19 cases,

715 1825 110 22 Simonds'
843 1827 102 26 splendid
954 1828 106 28 Reading
1077 1833 64 24 stout,
1152 1830 24 21 in
1185 1832 15 20 3
1211 1830 44 22 and
1264 1833 14 20 6

686 1850 73 23 dozen
775 1852 118 28 packages,
909 1854 37 21 the
956 1854 68 23 finest
1036 1863 54 15 ever
1104 1857 110 27 imported
1224 1858 48 21 into

686 1878 43 22 this
740 1879 84 27 colony.

1053 1909 37 22 W.
1105 1911 22 21 S.
1143 1915 106 18 .Loxley.

714 1936 77 23 Perish
797 1938 82 26 Street,
891 1938 60 23 June
959 1941 37 25 XL,
1008 1942 82 21 1841^..
1106 1959 5 3 .
1144 1960 7 2 .

747 1989 53 20 For
814 1990 58 21 sale
886 1991 37 26 by
936 1992 109 22 Private
1061 1994 59 21 Con
1131 1996 81 24 tract,

685 2015 114 26 (Freehold
813 2020 103 24 property
931 2021 116 25 possessing
1067 2021 84 21 almost'
1166 2023 35 19 the
1226 2023 49 26 only

710 2044 100 21 available
826 2046 44 19 and
884 2046 107 26 decidedly
1008 2049 36 19 the
1059 2049 44 20 best
1118 2051 72 19 water
1204 2056 72 20 power

709 2072 22 19 in
742 2072 35 20 the
785 2073 89 26 vicinity
888 2074 27 25 of
928 2075 136 26 Wellington.

683 2103 102 49 SUCH
799 2109 50 23 part
865 2113 25 14 as
909 2114 52 25 may
975 2107 28 22 be
1020 2109 82 24 agreed
1119 2117 61 20 upon
1198 2110 26 21 of
1236 2110 38 23 the

747 2131 45 21 Kai
810 2132 78 22 Warra
902 2135 84 20 section
1004 2135 117 28 adjoining
1137 2136 37 22 the
1196 2138 78 22 Water

683 2157 54 27 Fall,
748 2165 23 14 so
782 2159 49 21 well
843 2160 95 27 adapted
949 2161 33 21 for
996 2169 13 14 a
1025 2162 58 21 flour
1098 2170 25 15 or
1140 2171 54 14 corn
1213 2165 56 27 mill,

679 2185 127 27 possessing
823 2194 13 13 a
857 2187 50 21 shot
926 2188 26 20 of
973 2189 25 20 18
1020 2192 22 18 to
1060 2191 28 20 20
1105 2191 75 20 feet—
1182 2192 52 21 with
1258 2199 14 15 a

679 2211 90 26 regular
778 2212 44 22 and
829 2213 102 27 plentiful
942 2215 79 27 supply
1031 2216 27 21 of
1071 2222 73 17 water.

707 2242 48 23 The
763 2244 74 28 valley
846 2245 19 22 is
876 2245 134 28 intersected
1018 2248 31 27 by
1064 2249 58 27 good
1137 2249 71 28 roads,
1226 2252 45 22 and

681 2270 43 21 Kai
735 2270 78 23 Warra
823 2272 68 22 Point
901 2274 130 22 commands
1048 2275 38 22 the
1102 2276 92 27 deepest
1204 2282 68 18 water

679 2296 24 21 in
712 2296 37 23 the
760 2298 111 23 Haibour.

707 2329 44 23 Mr.
763 2330 66 27 Park,
841 2338 113 21 surveyor,
966 2333 44 22 will
1020 2333 64 28 point
1090 2338 39 19 out
1135 2335 38 22 the
1180 2336 91 23 bounds

677 2367 28 4 —
707 2356 45 22 and
762 2357 34 22 for
804 2357 89 23 further
902 2360 137 27 particulars,
1051 2361 67 28 apply
1128 2366 23 18 to

937 2392 115 23 Bethune
1067 2401 48 15 and
1130 2395 111 25 Hunter.

705 2420 146 29 Wellington,
863 2422 60 23 June
932 2425 21 26 4,
965 2426 61 22 1844.

858 2474 43 20 Ex

676 2505 160 47 BLACK'S
851 2507 79 28 spades
942 2509 45 22 and
997 2509 98 29 shovels,

754 2533 84 28 Riding
848 2535 89 22 saddles
947 2536 46 21 and
1008 2536 92 30 bridles,
1109 2540 47 26 gig,
1168 2544 47 19 cart
1225 2542 42 22 and

676 2560 83 27 plough
768 2560 101 23 harness.

1018 2592 26 21 P.
1055 2592 35 23 M.
1102 2593 109 29 Hervey,

977 2618 91 23 Custom
1079 2620 78 23 House
1168 2622 76 22 Court.

659 2646 1 26 |
885 2651 76 16 TERMS
961 2657 27 3 —
991 2653 66 15 CASH.

703 2667 145 29 Wellington,
861 2671 53 27 May
924 2674 34 25 21,
971 2674 60 21 1844.

823 2721 41 21 To
879 2723 33 21 be
927 2724 51 21 Let
992 2731 31 15 or
1037 2726 77 26 Sold,

674 2754 50 48 A
737 2754 86 23 GOOD
834 2756 131 24 substantial
973 2759 210 24 weather-boarded
1193 2762 72 27 Store,

740 2782 96 22 situated
846 2783 23 21 in
879 2784 37 22 the
927 2792 69 21 upper
1006 2791 51 21 part
1071 2788 26 21 of
1105 2788 160 23 Willis-street.

676 2809 45 20 Ihe
732 2815 62 15 same
804 2817 52 20 may
867 2810 28 22 be
904 2818 54 21 very
970 2813 69 28 easily
1050 2816 121 21 converted
1188 2816 50 22 into
1253 2825 13 14 a

673 2836 196 26 dwelling-house.
898 2837 44 23 For
956 2841 141 28 particulars,
1112 2843 68 27 apply
1190 2848 23 17 at
1227 2843 38 22 the

673 2864 75 20 Stores
758 2864 26 20 of
790 2864 75 22 Levin
880 2865 21 21 &
915 2865 47 28 Co.,
975 2867 112 23 Lambton
1098 2869 73 28 Quay.

907 2914 42 21 On
964 2916 70 21 Sale.

670 2942 119 50 FIRST
803 2944 111 28 FLOUR,
930 2953 77 20 grown
1018 2948 46 22 and
1079 2950 88 26 ground
1185 2951 25 22 in
1225 2951 38 23 the

745 2971 96 28 Colony.

849 3006 140 30 Rrdoways,
1007 3010 52 21 Guy
1063 3017 53 21 ton,
1131 3019 48 15 and
1194 3013 40 22 Co.

682 3056 41 20 On
738 3057 70 25 Sale,
823 3063 38 16 ex
875 3059 17 20 V
1074 3064 55 21 and
1144 3065 101 22 others.

669 3088 112 49 PORK
791 3091 46 21 and
850 3091 81 28 BEEF,
949 3093 59 23 Irish
1017 3095 48 22 and
1075 3096 119 29 Hambro',

742 3116 78 24 Porter
829 3119 46 21 and
884 3119 35 22 ale
928 3120 24 22 in
963 3121 80 28 dozen,

694 3142 98 29 Brandy,
803 3145 47 26 gin,
861 3153 57 20 rum,
930 3147 44 23 and
984 3149 109 28 whiskey,

694 3171 83 27 Barley
787 3172 45 21 and
842 3173 63 27 bran,

693 3196 75 29 Flour,
780 3198 50 23 Van
843 3199 114 25 Diemen's
972 3202 71 29 Land,
1055 3205 141 29 Valparaiso,
1207 3208 50 26 &c,

693 3223 97 24 Linseed
801 3226 30 22 oil
841 3227 46 22 and
897 3228 62 23 salad
969 3229 38 28 oil,

692 3250 65 24 Pitch
767 3253 44 21 and
822 3257 42 24 tar,
875 3255 93 28 vinegar
977 3258 46 21 and
1032 3258 61 28 zinc,

691 3280 105 26 Candles,
808 3288 50 14 wax
867 3282 44 22 and
921 3283 81 28 tallow,

691 3305 89 28 Covers,
792 3307 70 28 drills,
872 3309 140 29 huckaback,
1024 3312 55 28 tick,

690 3332 88 24 Roman
789 3341 97 22 cement,
898 3344 88 21 canvas,
997 3339 93 29 dowlas,

690 3359 116 30 Carraway
817 3363 60 27 seed,
888 3365 58 21 nails
955 3366 26 21 of
989 3366 29 22 all
1029 3367 155 29 descriptions,

690 3387 166 30 Earthenware,
865 3391 66 22 slates
942 3392 44 22 and
996 3394 55 28 nail,

690 3413 59 23 Pilot
758 3415 67 29 cloth,
837 3417 105 29 flushing,
953 3420 119 29 moleskin,

690 3441 128 29 Chocolate,
829 3446 126 30 yermeceli,
964 3450 124 27 macaroni,

690 3469 125 23 Leather—
816 3471 40 28 kip
865 3472 46 22 and
920 3474 54 27 sole,
987 3475 67 23 white
1064 3477 59 29 lead,

690 3497 81 26 Uaret,
782 3501 57 24 port,
853 3499 44 22 and
907 3500 78 30 sherry
995 3503 66 27 wine.

690 3523 144 28 Champagne
844 3526 44 22 and
898 3526 81 30 cherry
991 3529 96 29 brandy,

689 3549 86 28 Butter,
787 3551 70 28 pipes,
867 3555 131 28 carpetting,

690 3577 73 27 Glass,
774 3585 70 21 paper
853 3579 117 31 hangings,
981 3584 132 29 stationery,
1120 3590 24 18 at

692 3605 91 22 Warren
794 3613 10 14 s
813 3605 113 31 blocking,
936 3610 89 29 writing
1036 3612 50 27 ink,

689 3631 135 29 Anchovies,

893 3661 23 27 «f.
931 3660 126 28 Boulcott
1072 3666 23 22 &
1107 3667 64 23 Co.'s
1206 3664 5 9 1

688 3710 146 30 Wellington,
846 3714 54 29 May.
909 3716 36 28 28,
956 3719 61 21 1844.
1032 3738 3 3 .
1111 3702 13 12 °
1125 3702 15 14 D
1151 3699 68 26 yuay

660 3756 173 57 CyTgALE,
849 3770 24 19 at
881 3768 38 22 the
930 3770 73 26 Willis
1013 3772 75 23 Street
1100 3774 71 28 Store,
1182 3775 70 29 lately

686 3788 22 24 /
736 3793 372 32 occJitiiedbyH.rPaylor&'Co.;

686 3817 57 24 Blue
753 3819 60 24 cloth
823 3820 44 23 and
877 3822 66 23 other
955 3831 60 21 caps,
1166 3842 2 5 ,
1248 3836 9 5 -
1267 3824 1 29 1

688 3845 68 22 Boots
764 3846 47 22 and
820 3847 52 30 shoe,
874 3855 17 23 s,
905 3853 68 25 coats,
994 3866 6 5 .
1010 3866 4 3 -
1050 3867 4 4 -
1052 3867 24 12 m
1092 3862 5 8 v
1115 3869 6 5 ,
1169 3867 2 5 ,
1201 3868 2 5 .
1267 3856 1 21 j

684 3872 70 23 Tares
770 3873 43 23 and
828 3876 114 26 groceries
957 3876 109 32 of/every
1075 3879 137 30 description
1228 3888 24 19 at

656 3897 44 24 low
709 3906 80 22 prices.
1009 3902 4 10 '
1071 3902 3 6 '
1084 3906 3 4 •
1117 3897 47 23 **■

683 3927 469 66 WillisStreeMunel,^:^^
1154 3939 67 23 1^
