2559 4050
701 3674 89 25 Nelson
801 3675 42 24 has
861 3676 100 26 suffered
983 3679 104 31 severely
1099 3679 58 25 from
1168 3681 76 26 floods
1252 3690 7 21 ;

667 3707 38 24 the
717 3707 118 33 following
845 3709 95 33 bridges
959 3719 61 17 were
1038 3712 39 25 all'
1088 3714 70 24 much
1170 3709 89 36 injiirpd

666 3742 55 29 and,
733 3742 19 23 it
761 3742 21 23 is
801 3744 123 31 supposed,
936 3750 63 23 rausjt
1018 3745 29 31 Ije
1068 3747 93 29 rebuilt,
1175 3748 84 31 Bridge

666 3775 85 29 Street,
764 3775 55 26 Nile
839 3776 87 30 Street,
938 3778 46 24 and
1004 3779 56 25 Mill
1082 3780 79 26 Street
1171 3780 88 33 bridge.

666 3809 53 24 The
729 3809 49 24 foot
788 3809 68 32 paths
868 3810 45 25 and
925 3811 67 25 roads
1005 3820 86 23 appear
1101 3813 51 24 also
1162 3818 24 19 to
1202 3814 57 25 have

666 3843 58 24 been
740 3843 69 24 much
828 3839 100 36 injured.
964 3844 53 27 The
1033 3845 63 31 chjef
1111 3846 95 32 damage
1218 3855 41 24 ap-

664 3883 68 26 pears
750 3881 23 19 to
795 3876 59 25 have
879 3876 100 26 befallen
1002 3877 39 25 the
1064 3883 69 26 town,
1154 3880 46 24 and
1221 3881 38 28 the

665 3914 103 28 country,
778 3909 76 26 where
865 3916 62 19 most
938 3919 46 17 was
995 3912 119 31 expected,
1126 3913 42 27 has
1180 3914 78 33 nearly

664 3944 98 32 escaped
773 3944 110 27 mischief
896 3945 61 25 from
968 3945 40 25 the
1020 3946 84 26 floods.

726 3977 42 25 We
780 3978 59 25 have
860 3978 71 25 heard
949 3977 55 27 with
1015 3980 69 25 much
1096 3980 105 33 pleasure
1213 3982 46 26 that

1961 418 47 22 The
2021 419 215 30 Attorney-General
2246 422 78 22 moved
2334 424 38 22 the
2383 425 59 22 third
2451 426 63 22 read-

1934 444 48 26 ing.

1938 146 132 24 debentures
2085 151 33 21 for
2136 159 60 16 sums
2212 152 70 23 under
2297 154 54 27 205.,
2362 156 44 23 and
2422 157 46 22 also
2483 158 35 23 for.

1938 175 91 26 making
2043 175 132 25 debentures
2192 179 108 22 available
2320 187 24 15 as
2361 182 54 22 Bills
2430 184 26 21 of
2472 184 46 23 Ex-

1938 201 92 26 change,
2041 202 35 22 for
2086 203 36 22 the
2138 206 150 22 convenience
2303 207 26 21 of
2340 208 80 25 parties
2437 212 75 20 remit-

1937 229 47 25 ting
1994 231 21 17 to
2026 229 64 21 other
2099 229 100 29 colonies,
2208 240 43 14 was
2260 233 56 22 after
2322 241 62 15 some
2394 235 123 24 discussion

1937 255 92 20 allowed
2037 262 6 19 ;
2059 255 44 21 Bill
2119 259 117 24 engrossed
2251 266 28 15 on
2297 259 37 23 the
2345 262 86 21 motion
2440 263 25 20 of
2477 262 37 23 the

1938 281 226 28 AttornejjgGeneral.

1962 306 48 22 The
2020 306 99 24 Colonial
2128 309 119 23 Treasurer
2251 313 78 22 moved
2340 313 37 22 the
2387 316 131 26 suspension

1935 334 26 20 of
1972 334 38 20 the
2019 334 109 27 Standing
2137 335 67 22 Rules
2215 338 44 21 and
2269 339 80 22 Orders
2359 341 28 21 of
2393 341 36 21 the
2441 342 73 21 Coun-

1935 360 35 26 cil,
1980 366 23 15 in
2013 360 66 22 order
2089 361 48 22 that
2145 362 36 22 the
2192 362 122 29 Billmight
2331 367 28 21 be
2370 367 54 22 read
2432 375 14 14 a
2456 368 60 22 third

1936 389 60 19 time.
1997 397 27 4 —
2027 387 97 22 Carried.

1961 471 44 27 Mr,
2017 472 87 27 Brown,
2116 480 24 16 a$
2157 480 29 15 an
2205 473 149 29 amendment,
2371 478 80 23 moved
2467 480 49 21 that

1934 497 37 22 the
1983 498 43 22 Bill
2035 499 29 22 be
2074 499 54 22 read
2138 499 47 22 that
2195 499 44 28 day
2248 501 33 20 six
2291 502 96 23 months.

1961 524 48 22 The
2029 525 115 23 Governor
2162 529 40 24 put
2221 526 36 22 the
2277 529 148 28 amendment,
2444 531 72 25 which

1935 557 44 15 was
1985 553 124 25 negatived.
2123 552 47 23 The
2176 553 94 27 original
2276 555 83 22 motion
2368 563 44 18 was
2418 558 84 23 carried
2509 567 6 19 ;

1933 576 28 23 he
1972 577 42 22 Bill
2024 579 54 24 re.ad
2088 587 13 14 a
2111 579 58 22 third
2178 580 54 21 time
2243 580 41 21 and
2293 582 86 27 passed,
2390 584 66 21 when

1960 604 45 22 Mr.
2013 603 79 25 Brown
2102 606 89 22 entered
2199 607 35 21 his
2241 607 85 22 writted
2334 608 87 23 Protest
2427 611 87 26 against

1932 629 38 22 the
1985 630 52 28 Bill,
2050 632 72 23 which
2137 640 42 14 was
2195 633 53 21 read
2267 634 28 27 by
2306 634 37 22 the
2359 636 67 22 Clerk
2441 637 25 22 of
2478 637 38 22 the

1933 657 99 27 Council,
2045 659 48 26 (the
2110 660 90 26 Protest,
2211 659 71 22 which
2293 668 44 15 was
2347 669 13 14 a
2376 662 91 28 lengthy
2477 664 39 21 do-

1933 688 97 23 cument,
2052 686 118 28 contained
2188 693 14 14 a
2227 687 92 22 number
2342 688 26 21 of
2389 694 127 22 arguments

1933 711 85 25 against
2027 711 4 5 '
2037 712 39 23 the
2094 720 107 19 measure,
2218 713 79 28 chiefly
2312 714 99 26 directed
2428 717 88 26 against'

1932 737 38 22 the
1987 738 141 24 Debentures
2141 739 67 28 being
2223 740 63 22 made
2298 748 12 13 a
2319 741 59 27 legal
2392 743 83 27 tender,
2491 751 25 14 as

1931 770 91 17 reasons
2032 765 51 28 wh,y
2090 765 36 26 th.c
2135 766 117 22 honorable
2260 767 98 22 member
2368 768 43 22 had
2418 770 98 26 opposed

1931 790 37 22 the
1985 793 110 26 measure)
2107 792 45 22 and
2167 793 80 21 moved
2263 793 47 22 that
2324 795 18 20 it
2352 795 28 21 be
2390 796 91 22 entered
2490 796 23 22 in

1931 817 38 22 the
1983 818 91 22 records
2089 819 26 25 of
2130 819 36 22 the
2186 819 98 28 Council,
2302 821 44 24 and
2364 825 51 18 sent
2434 826 23 18 to
2476 822 39 23 the

1933 843 75 23 Home
2018 845 154 23 Government
2181 844 52 24 with
2243 846 36 22 the
2290 847 50 21 Bill.

1957 871 49 22 The
2025 872 116 22 Governor
2159 873 48 22 said
2224 873 27 21 he
2266 873 44 22 had
2326 882 30 14 no
2367 876 111 27 objection
2490 879 24 18 to

1931 897 37 22 the
1984 898 88 23 Protest
2088 899 68 26 being
2174 900 100 23 received
2284 908 25 14 or
2322 902 62 21 read.
2413 902 22 22 It
2446 902 70 28 ought

1931 928 21 18 to
1962 925 56 22 have
2034 926 58 22 been
2109 927 117 26 presented
2236 927 71 21 before
2318 928 38 22 the
2372 929 45 21 Bill
2426 929 86 27 passed,

1931 951 28 22 its
1969 952 75 27 object
2054 953 67 27 being
2132 953 100 23 defeated
2243 954 28 26 by
2279 951 28 24 its
2320 955 69 27 being
2397 956 115 26 presented

1931 982 36 17 too
1978 979 42 21 late
2031 979 34 22 for
2075 979 37 23 the
2128 981 108 21 members
2246 983 22 18 to
2278 981 58 21 avail
2352 982 131 23 themselves
2492 982 25 22 of

1930 1004 29 22 its
1969 1009 134 23 arguments.

1959 1031 44 22 Mr.
2015 1031 88 29 Brown,
2115 1040 27 15 on
2163 1034 110 22 reference
2288 1038 22 18 to
2330 1036 37 21 the
2382 1036 96 21 minutes
2491 1036 26 22 of

1930 1058 92 22 Council
2032 1066 29 15 on
2068 1060 38 22 the
2117 1059 63 23 Land
2192 1061 87 21 Claims'
2291 1061 50 28 Bill,
2350 1062 68 22 found
2428 1062 47 23 that
2485 1062 30 23 he

1929 1084 44 22 had
1984 1085 104 23 followed
2098 1087 37 22 the
2145 1094 77 15 course
2231 1088 61 21 there
2303 1089 63 21 acted
2377 1096 60 20 upon

1957 1111 47 23 The
2015 1113 118 23 Governor
2141 1114 55 25 said,
2207 1115 19 21 it
2241 1122 43 14 was
2295 1115 33 21 for
2338 1115 38 22 the
2387 1116 93 23 Council
2490 1120 24 19 to

1930 1137 76 23 decide
2017 1139 99 23 whether
2124 1141 37 21 the
2177 1141 87 22 Protest
2279 1141 80 23 should
2368 1143 29 21 be
2411 1141 104 24 received

1929 1172 25 15 or
1964 1169 51 24 not;
2031 1167 195 22 thereexisted.no
2241 1168 110 28 authority
2361 1170 33 21 for
2408 1170 104 22 Protests.

1929 1191 45 23 lud
1983 1193 39 23 the
2032 1193 80 23 House
2122 1195 26 21 of
2161 1195 69 22 Lords
2241 1195 57 28 only,
2308 1195 164 23 were'Protesfs
2481 1197 34 21 al-

1928 1219 81 23 lowed.'
2034 1221 48 22 The
2091 1221 46 22 fact
2145 1222 26 21 of
2178 1229 14 14 a
2200 1223 81 20 former
2298 1223 87 21 Protest
2399 1223 66 28 being
2474 1224 41 21 ad-

1928 1247 85 28 mitted,
2024 1245 44 25 did'
2072 1251 40 19 not
2121 1249 52 21 bind
2182 1249 39 22 the
2229 1253 88 23 present
2326 1249 101 22 Council.

1955 1280 47 21 The
2013 1280 100 22 Colonial
2119 1281 115 27 Secretary
2241 1280 76 23 moved
2326 1281 49 22 that
2381 1281 37 22 the
2428 1282 87 23 Protest

1928 1307 27 21 be
1966 1310 38 19 not
2013 1307 108 23 received.
2138 1308 20 21 It
2165 1307 116 22 contained
2291 1312 127 22 arguments
2426 1309 86 26 against

1930 1333 36 22 the
1978 1341 108 19 measure,
2100 1335 90 22 without
2201 1334 138 27 mentioning
2349 1342 44 20 any
2402 1335 36 22 for
2446 1336 24 21 it.

1955 1361 65 22 After
2045 1369 62 14 some
2131 1361 98 22 remarks
2251 1362 57 21 from
2333 1361 37 22 the
2396 1362 118 24 Governor

1928 1388 87 27 against
2025 1388 134 27 forwarding
2168 1388 38 21 the
2218 1388 85 22 Protest
2314 1388 51 21 with
2377 1388 36 22 the
2424 1388 43 22 Bill

1954 1415 45 22 Mr.
2011 1415 80 22 Brown
2102 1415 52 27 said,
2166 1415 30 22 he
2211 1414 93 28 thought
2318 1415 38 22 the
2368 1416 144 22 instructions

1927 1445 22 18 to
1970 1442 33 21 his
2020 1442 137 27 Excellency
2175 1442 54 22 bore
2248 1442 153 28 considerably
2421 1450 29 14 on
2473 1443 39 21 the

1926 1468 109 28 question.
2065 1469 37 21 He
2114 1470 50 21 here
2173 1469 54 21 read
2237 1472 41 18 two
2289 1473 103 23 extracts,
2400 1469 72 22 which
2482 1470 30 21 he

1926 1495 132 27 contended,
2069 1496 123 28 compelled
2202 1496 37 22 the
2250 1496 115 21 Governor
2375 1499 23 18 to
2413 1496 96 24 forward

1926 1522 34 22 his
1971 1522 89 22 Protest
2069 1522 53 22 with
2133 1523 37 21 the
2185 1522 51 22 Bill.

1952 1549 48 22 The
2020 1550 117 21 Governor
2155 1550 122 27 remarked,
2291 1550 48 22 that
2358 1550 38 22 the
2413 1552 97 20 extracts

1922 1576 47 27 just
1987 1576 61 26 read,
2065 1577 96 21 referred
2181 1577 54 27 only
2244 1580 22 18 to
2284 1577 126 29 Estimates,
2421 1577 24 21 in
2462 1577 48 22 that

1926 1610 56 20 case,
2000 1603 20 21 if
2036 1599 28 25 he
2083 1603 47 27 (the
2151 1604 124 26 Governor)
2287 1604 45 21 had
2347 1604 109 27 proposed
2466 1611 43 15 one

1926 1630 57 26 plan,
1994 1630 44 22 and
2049 1631 44 21 Mr.
2104 1631 80 21 Brown
2196 1630 97 27 another,
2305 1630 52 22 both
2368 1631 73 22 would
2452 1631 57 22 have

1925 1659 22 19 to
1957 1657 28 21 be
1995 1661 49 17 sent
2053 1661 23 17 to
2086 1655 37 24 the
2135 1657 74 22 Home
2216 1657 159 23 Government.
2403 1657 55 23 This
2465 1665 45 15 was

1924 1687 39 18 not
1973 1691 14 14 a
1996 1684 102 27 question
2110 1684 26 22 of
2142 1684 127 23 Estimates.

1951 1710 44 22 Mr.
2008 1711 77 22 Brown
2096 1711 93 27 thought
2199 1711 18 22 is
2232 1719 44 15 was
2291 1720 13 14 a
2314 1711 108 28 privilege
2432 1713 26 22 of
2472 1713 38 22 the

1925 1737 90 22 Council
2026 1738 48 22 that
2081 1746 44 20 any
2135 1739 98 21 member
2248 1739 70 28 might
2331 1739 79 22 record
2419 1739 34 23 his
2465 1740 45 22 dis-

1924 1767 55 19 sent.
2011 1764 59 23 With
2081 1770 85 22 respect
2175 1769 23 18 to
2208 1767 28 21 its
2246 1767 129 26 containing
2382 1772 128 21 arguments

1924 1791 86 27 against
2029 1791 37 23 the
2087 1792 50 27 Bill,
2148 1793 46 24 and
2211 1800 58 15 none
2283 1793 35 22 for
2336 1794 25 25 it,
2373 1793 28 23 he
2421 1793 45 23 had
2480 1802 30 14 no

1924 1818 70 22 doubt
2003 1818 48 22 that
2060 1823 127 19 statements
2197 1821 72 22 would
2284 1821 28 21 be
2322 1821 124 22 forwarded
2456 1819 54 25 with'

1923 1845 24 27 it,
1959 1844 100 29 showing
2069 1846 49 27 why
2130 1847 36 21 the
2177 1847 43 21 Bill
2230 1848 79 22 should
2318 1848 27 21 be
2356 1848 86 27 passed.

1950 1872 40 22 Dr.
2003 1873 84 22 Martin
2095 1873 129 29 considered,
2236 1875 36 21 the
2281 1881 77 16 course
2368 1875 97 27 adopted
2474 1875 31 28 by

1924 1899 44 22 Mr.
1981 1899 78 23 Brown
2079 1901 115 22 vexatious
2202 1909 6 17 ;
2231 1901 27 23 he
2277 1901 111 26 regretted
2407 1902 49 22 that
2470 1903 38 21 the

1923 1926 59 27 right
1988 1927 26 21 of
2022 1927 109 23 members
2140 1929 124 27 protesting
2271 1928 78 23 should
2358 1929 29 21 be
2395 1929 114 28 question-

1923 1953 27 21 ed
1958 1960 6 19 ;
1984 1953 29 22 he
2032 1953 81 23 should
2133 1961 37 20 say
2190 1954 53 28 they
2260 1955 45 21 had
2324 1955 39 21 the
2384 1956 66 26 right,
2469 1957 41 21 but

1922 1979 79 23 should
2011 1981 44 21 feel
2069 1981 99 27 justified
2177 1982 22 21 in
2210 1982 107 27 opposing
2328 1982 38 22 the
2377 1986 90 23 protest,
2480 1983 28 21 he

1923 2007 94 28 thought
2024 2007 19 22 it
2058 2015 45 16 was
2112 2011 40 19 not
2168 2010 96 26 treating
2273 2009 37 22 the
2321 2009 110 22 members
2440 2009 68 28 fairly

1923 2031 48 25 who
1980 2034 45 22 had
2037 2035 66 21 voted
2112 2035 24 23 in
2144 2035 38 22 the
2193 2036 109 26 majority.

1949 2069 47 22 The
2007 2069 45 22 Col.
2064 2069 118 23 Treasurer
2197 2070 40 22 felt
2252 2073 62 24 great
2323 2070 102 29 delicacy
2434 2071 24 21 in
2469 2077 39 21 op-

1921 2096 80 34 posing
2011 2096 37 22 the
2058 2099 84 25 protest
2150 2104 5 20 ;
2171 2097 28 22 he
2210 2097 43 22 had
2262 2101 62 23 great
2334 2101 87 24 respect
2428 2098 35 21 for
2471 2098 37 22 the

1923 2122 52 23 hon.
1986 2124 108 24 member,
2107 2124 44 22 Mr.
2162 2124 88 27 Brown,
2262 2124 43 22 and
2319 2125 20 21 if
2353 2124 38 22 the
2406 2124 102 28 question

1922 2158 44 14 was
1978 2153 46 24 put,
2036 2150 29 21 he
2076 2146 78 26 should
2164 2150 87 23 decline
2261 2152 86 26 voting.

1950 2178 44 21 Mr.
2005 2177 90 22 Clifford
2105 2178 53 26 said,
2170 2182 84 23 protest
2265 2186 42 14 was
2317 2179 37 22 the
2368 2178 52 27 only
2429 2186 78 14 means

1922 2204 37 22 the
1969 2204 107 27 minority
2084 2204 46 22 had
2138 2205 26 21 of
2170 2205 116 27 recording
2297 2205 57 23 their
2366 2205 98 28 opinion,
2476 2205 29 22 he

1921 2231 78 22 should
2011 2231 109 28 therefore
2137 2235 50 19 vote
2202 2232 36 22 for
2247 2233 37 22 the
2298 2237 84 24 protest
2391 2232 67 27 being
2471 2240 37 14 re-

1921 2258 85 22 ceived.

1948 2286 67 21 After
2024 2292 60 16 some
2094 2286 98 22 remarks
2208 2287 56 22 from
2274 2287 37 22 the
2324 2287 47 22 Col.
2385 2288 122 27 Secretary,

1922 2312 44 22 Mr.
1978 2313 87 26 Brown,
2077 2313 45 22 and
2133 2314 38 22 Dr.
2183 2314 93 27 Martin,

1947 2339 48 22 The
2006 2339 117 23 Governor
2132 2340 54 27 said,
2197 2340 61 23 there
2267 2348 57 16 were
2334 2344 44 19 two
2389 2341 116 28 questions

1920 2366 78 22 before
2009 2366 37 22 the
2057 2367 99 26 Council,
2168 2367 54 28 first,
2239 2368 36 22 the
2294 2367 60 28 right
2370 2369 26 21 of
2412 2369 93 27 Protest,

1921 2393 45 22 and
1985 2393 113 27 secondly,
2110 2394 98 22 whether
2226 2395 43 22 this
2284 2395 89 22 Protest
2388 2395 79 23 should
2478 2397 29 21 be

1921 2420 108 22 received.
2060 2420 61 22 With
2131 2421 113 23 reference
2254 2425 22 19 to
2291 2422 38 22 the
2339 2422 50 22 first
2403 2423 103 27 question

1919 2447 29 22 he
1957 2454 45 15 was
2012 2448 60 27 quite
2084 2448 83 27 willing
2183 2449 45 21 and
2239 2449 92 22 anxious
2341 2453 22 18 to
2373 2450 52 27 give
2436 2457 68 20 every

1920 2474 123 27 advantage
2051 2475 44 22 and
2102 2475 97 23 freedom
2208 2480 23 18 to
2239 2476 137 22 non-official
2385 2477 115 27 members,

1919 2501 40 22 but
1969 2501 61 23 there
2041 2509 44 15 was
2095 2509 29 15 no
2132 2502 110 28 authority
2249 2503 34 22 for
2289 2503 103 28 allowing
2398 2504 106 23 Protests.

1924 2528 58 22 With
1990 2533 88 23 respect
2087 2533 23 17 to
2121 2529 36 23 the
2168 2530 82 22 second
2262 2531 107 27 question,
2382 2531 36 21 the
2430 2531 74 22 Coun-

1920 2555 28 23 cil
1958 2556 69 27 ought
2035 2560 23 18 to
2066 2556 58 22 have
2135 2556 36 22 the
2187 2564 72 21 power
2269 2557 25 22 of
2307 2559 117 26 accepting
2434 2566 25 14 or
2468 2566 36 14 re-

1918 2583 86 27 jecting
2023 2583 38 22 the
2082 2583 92 23 Protest.
2203 2585 23 21 A
2241 2585 86 21 Protest
2342 2585 73 28 might
2429 2585 28 22 be
2467 2587 39 20 ob-

1918 2610 142 23 jectionable.

1948 2637 44 22 Mr.
2005 2637 79 22 Brown
2096 2637 64 23 could
2171 2638 105 23 conceive
2285 2639 38 21 the
2338 2639 88 22 Protest
2436 2639 70 28 might

1919 2664 27 22 be
1958 2672 24 14 so
1991 2665 90 21 worded
2091 2672 24 14 as
2123 2668 22 19 to
2156 2666 26 21 be
2194 2666 169 27 objectionable.

1947 2691 40 23 Dr.
2004 2691 84 23 Martin
2107 2692 79 22 should
2205 2696 52 19 vote
2276 2693 87 27 against
2380 2693 17 22 il
2418 2700 28 15 on
2465 2693 39 23 the

1919 2718 89 27 ground
2024 2719 26 21 of
2065 2719 141 28 informality,
2224 2720 18 21 it
2255 2720 67 27 being
2336 2720 119 27 presented
2469 2724 37 19 too

1919 2745 45 22 late
1973 2754 5 18 ;
1994 2746 41 21 but
2044 2746 22 21 if
2077 2747 18 20 it
2111 2746 92 23 affected
2219 2747 37 22 the
2267 2747 57 27 right
2334 2747 25 22 of
2371 2750 89 25 protest,
2475 2748 30 22 he

1919 2772 80 22 should
2010 2776 51 19 vote
2070 2773 35 22 for
2114 2774 24 21 it.
2168 2773 36 22 He
2214 2781 57 19 gave
2285 2773 45 23 Mr.
2341 2774 81 22 Brown
2432 2774 73 23 credit

1919 2799 34 22 for
1963 2800 66 27 being
2038 2800 162 23 conscientious
2210 2801 22 22 in
2247 2801 32 22 his
2294 2801 123 27 opposition
2428 2805 22 18 to
2465 2801 36 27 the.

1919 2826 51 27 Bill,
1982 2827 40 22 but
2032 2827 95 27 thought
2137 2828 27 21 he
2174 2828 85 22 carried
2269 2828 17 21 it
2297 2831 35 18 too
2342 2828 42 22 far.

1947 2854 229 27 Attorney-General.
2177 2866 29 4 —
2206 2854 47 23 The
2274 2854 102 28 question
2398 2862 45 15 was
2465 2859 40 19 not

1919 2880 100 23 whether
2029 2881 110 22 members
2149 2881 45 22 had
2202 2882 39 22 the
2256 2882 58 30 right
2323 2885 23 19 to
2359 2885 91 25 protest,
2465 2882 40 23 but

1919 2907 98 23 whether
2032 2908 45 22 this
2091 2908 119 28 particular
2227 2909 86 22 Protest
2326 2909 83 22 should
2422 2909 28 24 be
2469 2917 36 16 re-

1918 2934 78 23 ceived
2003 2943 7 19 ;
2024 2934 19 23 it
2052 2935 119 26 contained
2177 2939 128 24 arguments
2316 2936 73 22 which
2398 2936 28 22 he
2438 2937 66 22 could

1917 2965 39 18 not
1973 2969 96 21 approve
2085 2962 29 27 of,
2126 2962 45 23 and
2185 2966 127 19 statements
2327 2963 74 22 which
2418 2963 29 23 he
2466 2964 39 22 be-

1917 2988 73 23 lieved
2009 2994 88 23 untrue,
2109 2988 28 24 he
2146 2987 81 26 should
2236 2990 109 23 therefore
2356 2993 51 20 vote
2418 2991 87 27 against

1916 3014 25 23 it.

1943 3042 46 22 Mr.
2015 3042 91 23 Clifford
2129 3044 118 28 suggested
2272 3044 37 23 the
2338 3044 115 28 propriety
2481 3044 25 23 of

1917 3069 92 27 making
2027 3077 14 14 a
2059 3070 60 23 Rule
2137 3075 22 18 to
2173 3070 64 23 settle
2257 3071 37 22 the
2312 3071 102 28 question
2429 3072 26 21 of
2465 3071 39 22 the

1915 3095 60 28 right
1984 3097 27 20 of
2017 3096 92 23 Protest.

1943 3123 44 22 Mr.
1999 3123 81 23 Brown
2090 3124 54 28 said,
2162 3124 20 23 if
2194 3124 108 23 members
2311 3124 46 23 had
2368 3131 30 16 no
2406 3124 61 28 right
2480 3129 23 18 to

1914 3153 90 24 protest,
2015 3150 29 23 he
2060 3150 46 23 had
2121 3159 29 14 no
2164 3152 54 22 wish
2232 3155 23 21 to
2269 3159 60 21 press
2338 3152 39 22 the
2392 3152 112 28 question.

1914 3174 63 25 With
1986 3180 87 25 respect!
2083 3181 22 19 to
2114 3178 35 23 his
2159 3179 68 27 being
2235 3182 37 19 too
2279 3178 45 28 lafe
2331 3179 24 22 in
2365 3180 29 21 its
2401 3183 102 23 present-

1914 3203 69 27 ation,
1994 3204 28 22 he
2032 3204 45 23 had
2087 3205 75 23 shewn
2173 3206 28 22 he
2211 3205 44 23 had
2261 3206 105 22 followed
2375 3206 38 22 the
2418 3206 85 22 former

1914 3232 98 26 practice
2022 3232 23 22 in
2056 3232 100 23 Council.

1941 3258 49 23 The
2004 3258 118 23 Governor
2138 3260 55 27 said,
2203 3260 55 27 they
2272 3263 59 19 must
2349 3259 78 23 decide
2443 3268 59 19 upon

1915 3284 37 23 the
1962 3286 103 28 question
2077 3286 74 22 before
2158 3286 53 28 they
2222 3287 122 27 proceeded
2355 3291 23 18 to
2388 3295 44 19 any
2439 3283 63 27 other

1914 3315 87 19 matter.

1941 3338 48 24 The
1999 3340 103 28 question
2111 3341 69 27 being
2196 3345 47 23 put,
2254 3341 58 22 That
2321 3340 37 23 the
2371 3340 92 22 Process
2473 3342 27 21 be

1913 3366 109 23 recorded
2037 3367 22 22 in
2077 3368 38 22 the
2135 3368 99 23 Minutes
2250 3369 24 21 of
2288 3368 38 22 the
2347 3368 99 26 Council,
2457 3368 43 26 and

1913 3393 127 23 forwarded
2056 3394 54 23 with
2123 3395 38 23 the
2177 3395 45 23 Bill
2234 3399 23 19 to
2267 3395 36 22 the
2313 3395 76 21 Home
2401 3395 99 21 Govern-

1914 3424 69 19 ment.

1940 3448 62 28 Ayes
2002 3460 28 4 —
2031 3448 45 23 Mr.
2088 3449 89 28 Brown,
2189 3449 44 23 Mr.
2246 3448 94 24 Clifford.

1940 3474 61 23 Noes
2002 3487 27 5 —
2029 3475 49 23 The
2099 3476 123 27 Governor,
2243 3474 46 27 Col,
2309 3476 123 26 Secretary,
2455 3475 43 22 At-

1914 3504 85 25 torney-
2006 3503 106 23 General.

1940 3529 108 30 Majority
2070 3531 25 22 of
2112 3538 41 16 one
2172 3531 86 28 against
2274 3529 26 23 it.
2300 3539 28 6 —
2328 3528 49 22 The
2396 3528 103 24 Colonial

1912 3555 122 25 Treasurer
2043 3557 45 23 and
2098 3557 41 23 Dr.
2152 3557 80 23 Martin
2243 3556 88 22 delined
2341 3556 86 27 voting.

1940 3583 47 23 The
1997 3585 119 22 Governor
2124 3585 53 21 then
2188 3582 114 29 proposed,
2310 3583 34 22 for
2354 3582 40 24 the
2400 3589 98 22 purpose

1912 3610 27 23 of
1948 3611 93 28 settling
2055 3611 38 23 the
2109 3611 101 28 question
2225 3610 26 22 of
2260 3610 119 22 members'
2386 3609 84 29 having
2483 3616 15 15 a

1912 3637 61 28 right
1981 3641 24 19 to
2015 3641 91 27 protest,
2116 3637 50 23 that
2173 3638 35 21 for
2217 3637 38 25 the
2269 3637 74 23 future
2359 3636 32 24 nil
2399 3639 98 25 protests

1912 3664 58 24 shall
1983 3666 30 22 be
2028 3664 109 24 recorded
2150 3665 23 21 fn
2187 3664 40 22 the
2243 3663 99 24 Minutes
2357 3663 28 23 of
2396 3663 101 31 Council,

1912 3691 75 25 unless
1996 3700 16 15 a
2019 3691 104 29 majority
2131 3691 27 23 of
2164 3691 38 22 the
2211 3691 110 23 members
2327 3690 82 24 should
2415 3687 82 31 object^

1910 3718 27 24 in
1945 3719 50 23 that
2003 3726 50 16 case
2069 3718 38 23 the
2123 3718 122 22 substance'
2255 3717 53 28 only
2316 3718 28 24 of
2354 3724 45 21 any
2413 3720 87 27 protect

1912 3740 58 28 shall
1979 3747 27 21 be
2016 3745 115 23 recorded.

1939 3773 176 26 The.Qoveru'or
2124 3771 54 27 said,
2191 3771 38 23 the
2235 3771 49 24 rule
2300 3771 73 23 would
2384 3773 38 21 not
2431 3771 74 26 affect.

1914 3798 36 24 the
1958 3799 59 28 right
2026 3799 27 22 of
2058 3798 102 28 .sending
2169 3803 23 17 to
2203 3799 38 23 the
2255 3799 80 23 Home-
2342 3797 154 24 Government

1914 3825 95 30 through
2023 3824 39 32 tfje
2081 3823 102 25 Colonial
2203 3825 134 29 Secretary's
2356 3824 73 24 Office
2451 3832 46 20 any

1914 3850 80 29 wpiest
2003 3851 33 30 'qr
2049 3852 139 25 documents.
2228 3851 60 24 With
2303 3851 63 25 such,
2372 3858 79 18 means
2465 3851 33 23 he

1914 3877 42 26 lid!
1961 3885 52 25 .not;
2018 3887 39 17 see
2074 3879 51 29 why
2139 3879 37 23 the
2192 3879 79 28 colony
2284 3879 94 25 should,
2380 3877 33 26 'tie,
2418 3881 77 26 'putfo
2506 3892 4 4 -

1914 3906 33 22 the
1959 3913 98 22 expense
2069 3907 27 22 of
2105 3907 99 28 printing
2213 3906 38 23 the
2261 3906 102 29 opinions
2373 3906 26 22 of
2408 3906 88 28 private

1914 3933 139 28 individuals,
2064 3933 50 24 who
2123 3933 44 23 had
2176 3933 74 28 ample
2255 3933 54 23 time
2319 3938 22 18 to
2349 3932 78 24 record
2437 3933 63 23 their'

1914 3961 87 28 opinion
2013 3961 64 24 when
2087 3961 39 23 the
2142 3961 87 23 various
2238 3961 95 28 subjects
2344 3968 63 16 came
2418 3959 77 24 before

1914 3989 64 22 them.
2172 3991 3 4 '
2274 3987 7 13 '■
2390 3992 3 4 '

609 40 98 48 me
729 42 120 46 Wtte
874 45 212 43 mmmn
1112 50 189 47 &wm
1326 57 90 36 «mo
1443 53 301 50 getcutngton
1767 56 258 50 Zfttctatot.

715 129 72 34 priety
796 130 24 23 in
830 130 38 24 the
877 132 85 27 issuing
970 132 27 22 of
1005 132 38 22 the
1054 133 73 29 Write,
1136 135 30 23 he
1176 140 59 19 must
1245 144 55 16 urre

715 155 37 23 the
763 155 70 24 Court
842 162 23 17 to
875 158 115 27 discharge
1000 159 38 22 the
1049 160 65 23 Rule.

742 183 43 22 His
796 184 80 22 Honor
885 184 72 23 stated
958 195 28 6 —
987 184 48 23 that
1044 186 30 22 he
1084 186 44 23 had
1142 189 156 24 endeavoured

714 217 24 14 as
747 210 67 23 much
825 218 23 14 as
857 211 95 27 possible
963 215 23 18 to
992 212 73 23 throw
1074 212 34 22 his
1117 215 63 22 mind
1191 223 58 20 upon
1260 217 37 23 the

715 236 148 28 Ordinances,
875 236 72 23 which
956 237 31 22 he
996 239 117 23 confessed
1118 248 57 15 were
1181 249 25 15 so
1212 243 86 23 framed

713 263 48 22 that
769 270 70 20 many
849 263 26 22 of
886 263 58 22 their
954 264 85 23 clauses
1049 273 56 15 were
1115 268 61 27 quite
1184 269 113 23 unintelli-

711 290 67 27 gible.
816 290 37 21 He
872 290 75 22 would
964 291 104 22 instance
1083 292 38 22 the
1137 294 39 22 Bth
1191 295 72 23 clause
1274 298 26 21 of

712 316 38 23 the
760 317 119 25 Summary
887 316 140 29 Proceeding
1035 318 129 24 Ordinance
1174 321 72 23 which
1255 330 41 16 ran

712 342 50 23 thus
770 351 5 14 :
778 354 27 4 —
828 342 40 22 All
877 343 113 31 penalties,
1001 344 164 30 informations,
1176 348 45 22 and
1237 357 59 15 sums

711 370 27 21 of
748 376 81 19 money
839 368 74 23 which
923 370 55 21 3hall
990 370 26 22 be
1027 371 93 23 ordered
1131 376 22 18 to
1163 375 27 20 be
1200 375 51 26 paid
1266 377 30 26 by

711 403 43 20 any
764 396 92 25 Justice,
868 402 25 15 or
901 396 98 22 Justices
1009 397 26 22 of
1046 398 38 22 the
1094 398 79 29 Peace,
1183 401 49 28 &c,
1244 410 50 19 may

709 424 29 21 be
748 423 27 22 be
784 419 75 25 levied
868 422 48 26 &c,
928 422 30 28 by
966 423 41 22 des
1009 427 55 19 tress
1230 429 56 23 Now

709 450 49 22 how
767 448 67 23 could
842 455 30 15 an
880 448 146 24 information
1035 450 27 23 be
1072 451 73 23 levied
1160 454 28 26 by
1205 454 89 24 distress

708 476 46 23 and
769 475 61 22 sale?
866 475 45 22 But
925 476 114 28 reverting
1054 481 24 18 to
1088 478 37 23 the
1136 485 89 21 present
1234 489 57 20 case,

708 503 28 22 he
754 501 106 28 repeated
877 501 18 22 it
911 509 44 15 was
971 502 62 23 clear
1049 504 49 23 that
1112 510 59 18 costs
1185 508 71 27 might
1266 510 26 22 be

708 528 109 28 awarded,
835 528 42 22 but
895 529 90 27 against
1002 529 72 24 whom
1082 532 10 21 ?
1133 532 23 22 It
1175 532 43 24 had
1237 535 55 24 been

707 555 85 29 argued
810 555 49 22 that
877 554 63 23 there
959 563 45 15 was
1023 563 28 15 no
1067 558 225 28 Respondent-before

707 583 37 22 the
755 583 70 22 Court
830 590 6 19 ;
847 582 41 22 but
896 581 30 22 he
936 582 136 24 recollected
1082 585 48 22 that
1136 586 64 22 when
1211 588 28 22 he
1249 596 43 16 was

706 610 23 21 in
739 609 97 27 practice
851 608 19 22 it
885 615 45 16 was
946 613 39 18 not
1004 611 111 28 unusual^
1123 612 57 23 after
1199 621 14 15 a
1229 621 63 22 party

706 633 44 25 had
760 636 57 22 been
827 635 73 22 called
909 636 46 21 and
964 636 40 22 did
1013 641 41 18 not
1068 637 80 24 choose
1164 644 22 17 to
1202 648 82 21 appear

706 668 23 16 to
739 666 63 19 enter
811 662 46 22 into
868 661 37 22 the
915 666 80 19 matter
1006 664 26 21 of
1042 664 39 21 the
1096 666 85 27 appeal,
1199 669 54 26 only
1267 677 24 14 so

706 689 34 22 far
749 697 25 14 as
790 688 97 23 satisfied
902 688 39 23 the
957 690 77 22 Bench
1050 692 27 21 of
1091 691 28 22 its
1135 694 81 26 merits,
1247 697 44 21 and

706 716 45 21 this
760 723 46 14 was
814 715 61 22 what
883 715 45 22 had
943 716 58 22 been
1018 716 59 23 done
1094 718 59 23 here.
1191 720 37 23 He
1246 722 45 23 had

706 742 130 22 mentioned
854 742 39 21 the
909 742 93 28 remedy
1022 744 72 22 which
1117 745 28 22 he
1169 749 121 23 conceived

705 769 37 22 the
752 768 123 28 preferable
886 775 83 21 course,
988 770 45 21 and
1048 770 29 23 he
1086 772 80 23 should
1176 774 114 29 discharge

705 796 38 21 the
752 796 57 22 rule.

732 823 45 22 Mr.
788 822 70 21 Hart
868 821 89 28 applied
967 822 36 22 for
1013 822 37 23 the
1061 828 56 19 costs
1127 833 24 15 as
1162 827 37 22 the
1208 829 81 27 parties

703 849 45 22 had
758 850 56 21 been
824 852 41 24 put
874 851 22 18 to
905 852 62 23 great
982 857 104 20 expense.

732 877 45 22 Mr.
797 876 99 21 Hanson
915 882 49 15 rose
982 876 46 22 and
1044 878 69 21 asked
1128 880 20 21 if
1159 880 33 22 his
1213 882 76 24 Honor

703 903 73 22 would
785 902 81 28 persist
874 902 24 21 in
907 901 36 22 his
956 902 112 24 intention
1085 906 26 21 of
1121 906 107 29 dragging
1244 909 44 23 him

703 931 49 21 into
771 930 38 21 the
828 929 65 21 other
908 929 75 27 Court,
1004 933 23 19 to
1046 932 80 22 review
1144 937 144 26 proceedings

704 957 71 22 which
784 956 46 22 had
840 955 51 22 thus
900 955 58 22 been
967 956 98 29 brought
1075 959 72 22 under
1152 960 33 22 bis
1193 962 95 24 Honor's

703 984 82 27 notice,
795 982 43 23 and
849 982 73 21 which
939 982 27 22 he
985 981 45 25 had
1044 985 57 22 from
1117 986 34 23 his
1166 993 47 17 seat
1227 989 60 23 there

702 1009 147 29 pronounced
858 1009 113 26 irregular.

733 1038 40 21 His
784 1037 87 21 Honor.
872 1046 28 4 —
901 1035 63 22 No—
967 1036 12 23 l
994 1036 64 24 don't
1067 1038 76 23 decide
1155 1049 40 13 one
1206 1050 47 21 way
1263 1051 25 15 or

702 1064 37 21 the
750 1064 71 26 other,
832 1063 32 22 let
874 1062 37 22 the
922 1068 80 17 matter
1011 1070 46 17 rest
1067 1073 24 15 as
1101 1067 16 21 it
1127 1068 25 21 is.

729 1091 44 22 Mr.
784 1090 208 23 HANsoN.—What
1001 1091 6 21 !
1030 1092 38 23 the
1078 1094 58 21 writs
1146 1097 124 26 suspended
1278 1097 8 22 ?

728 1118 43 21 His
786 1117 93 22 Honor.
881 1128 27 4 —
909 1117 52 22 Yes.

727 1144 44 22 Mr.
783 1144 136 21 Hanson.—
921 1144 41 27 No,
973 1144 49 23 that
1030 1146 65 23 could
1101 1151 39 18 not
1146 1148 27 22 be
1179 1157 5 19 ;
1193 1149 91 29 besides,

700 1170 27 23 he
738 1170 72 23 would
819 1175 41 17 not
870 1170 57 23 have
937 1172 18 20 it
963 1179 32 14 so.
1038 1172 35 23 He
1088 1174 78 28 called,
1185 1177 50 22 with
1251 1186 35 14 re-

700 1202 67 24 spect,
784 1205 60 20 upon
863 1198 37 21 the
918 1198 68 21 Court
1000 1199 72 22 either
1087 1205 21 18 to
1124 1202 94 24 confirm
1228 1212 25 14 or
1262 1208 23 18 to

699 1225 115 26 discharge
830 1224 38 21 the
883 1225 48 21 rule
970 1225 26 22 If
1014 1228 58 21 after
1089 1227 60 23 what
1162 1229 41 22 has
1216 1232 68 22 fallen

697 1250 58 23 from
764 1252 36 21 his
818 1251 80 21 Honor
914 1259 24 14 as
954 1255 21 18 to
991 1252 38 23 the
1046 1254 142 29 impropriety
1205 1259 25 21 of
1247 1259 37 21 the

698 1279 75 21 officer
783 1278 25 22 of
820 1278 37 21 the
868 1277 68 22 Court
945 1278 83 28 issuing
1038 1281 63 22 those
1111 1283 58 22 writs
1169 1295 28 4 —
1198 1284 24 22 If
1228 1285 57 22 after

698 1305 37 22 the
754 1306 69 21 Court
837 1303 46 23 had
900 1304 105 24 declared
1020 1308 48 21 that
1077 1309 19 21 it
1104 1309 38 22 did
1152 1315 38 18 not
1199 1311 85 23 believe

697 1332 96 27 Burgess
811 1332 70 26 Sayer
896 1334 25 19 to
940 1332 27 23 be
988 1333 38 23 the
1044 1339 65 24 party
1128 1336 66 24 liable
1209 1342 22 18 to
1248 1339 35 22 the

696 1362 58 19 costs
772 1358 27 22 of
817 1358 37 21 the
872 1358 78 27 appeal
966 1360 19 21 it
998 1362 91 22 refused
1103 1362 30 22 its
1141 1365 141 27 application,

696 1385 45 22 and
760 1384 126 27 compelled
905 1385 47 22 him
969 1390 24 19 to
1013 1388 52 22 take
1091 1391 145 28 proceedings
1259 1393 23 22 in

696 1412 92 22 another
797 1413 92 27 place—
891 1412 49 22 well
950 1414 45 22 and
1005 1416 115 26 good—he
1131 1422 59 18 must
1199 1419 49 22 bow
1260 1423 22 18 to

694 1439 30 22 its
734 1438 98 23 decision
840 1447 7 19 ;
849 1449 28 5 —
877 1438 41 22 but
927 1438 28 24 he
965 1448 45 15 was
1021 1449 50 16 sure
1082 1444 54 22 such
1154 1446 73 22 would
1244 1450 40 18 not

694 1466 28 21 be
732 1466 34 22 his
777 1465 89 23 Honor'
878 1465 106 24 decision.

722 1493 43 22 His
776 1493 117 22 Honor.—
894 1492 72 24 Well!
984 1495 69 23 What
1063 1497 28 21 do
1100 1505 45 20 you
1155 1499 69 22 wish?

722 1520 44 22 Mr.
780 1520 106 21 Hanson.
887 1530 30 6 —
917 1520 106 24 Thafthe
1032 1524 49 22 rule
1091 1524 27 22 be
1129 1525 127 23 confirmed.

722 1546 43 22 His
776 1547 94 22 Honor.
872 1558 28 5 —
900 1547 64 23 Then
975 1557 66 15 move
1051 1550 50 23 that
1109 1552 18 21 it
1136 1552 35 22 be.

721 1574 45 21 Mr.
778 1574 108 22 Hanson.
887 1586 30 4 —
918 1574 11 23 I
941 1575 33 22 do.

721 1600 43 23 His
775 1601 93 22 Honor.
870 1612 29 5 —
900 1602 62 22 Then
970 1603 34 21 let
1012 1603 18 22 it
1040 1604 28 22 be
1077 1605 130 24 confirmed.

720 1628 44 23 Mr.
778 1628 76 22 Hart.
856 1639 30 5 —
887 1629 81 27 Hoped
979 1630 36 22 his
1026 1631 77 23 Honor
1113 1633 72 23 would
1194 1641 87 16 reserve

693 1654 38 22 the
742 1655 62 27 point
814 1656 34 21 for
857 1655 39 23 the
906 1657 90 27 opinion
1007 1658 25 21 of
1039 1658 38 22 the
1088 1659 106 28 Supreme
1205 1661 75 23 Court.

722 1682 40 22 His
773 1682 79 22 Honor
852 1694 28 4 —
882 1682 44 23 Did
936 1687 40 18 not
986 1684 65 22 think
1062 1685 48 23 that
1120 1689 27 20 he
1157 1687 72 23 could.

720 1709 44 22 Mr.
785 1709 106 23 Hart.—
893 1710 52 27 Yes,
966 1711 73 22 under
1056 1713 37 21 the
1108 1713 87 28 County
1214 1715 67 23 Court

692 1736 134 27 Ordinance,
839 1737 62 27 (24th
914 1738 99 27 Clause).

719 1763 43 22 His
772 1764 124 22 Honor.—
898 1765 43 26 No,
961 1765 10 21 I
988 1766 63 22 think
1066 1770 50 24 not;
1132 1775 56 20 your
1204 1776 76 16 course

692 1789 44 22 will
747 1790 27 21 be
785 1791 29 27 by
827 1791 145 23 Mandamus.
1031 1793 144 9 •••....

719 1816 57 22 Rule
787 1818 135 22 confirmed.

868 1879 233 27 NELSON.

722 1931 38 30 By
772 1932 49 23 the,
824 1932 117 23 -schooner
955 1932 145 32 .Richmond^
1108 1943 33 19 wq
1162 1936 58 28 have,
1237 1945 42 20 /re-

688 1963 77 23 ceived
785 1963 90 24 Nelson
895 1964 142 25 Examiners
1048 1971 22 19 to
1092 1967 37 25 the
1149 1969 41 23 Bth
1209 1960 68 35 June.

687 1995 37 31 By
737 1996 62 23 them
811 2004 33 16 we
855 1997 64 24 learn
930 1998 48 23 that
990 1998 39 24 the
1036 1999 87 33 Joseph
1134 2001 75 32 Crisp,
1220 2004 57 23 from

687 2028 157 31 Launceston,
858 2031 55 23 with
933 2032 94 29 general
1047 2041 67 24 cargo
1127 2034 44 24 had
1189 2037 89 24 arrived

687 2063 70 29 there,
771 2063 43 24 and
827 2064 40 23 the
878 2064 116 30 Piscutor,
1008 2066 58 23 from
1084 2068 128 25 Newcastle
1223 2070 55 24 with

687 2096 68 24 cattle
767 2097 46 23 and
825 2097 79 32 sheep.

720 2129 23 24 A
755 2138 124 23 passenger
892 2132 30 30 by
933 2131 37 24 the
987 2131 130 26 Richmond
1135 2135 93 25 informs
1241 2145 34 21 us,

686 2163 49 23 that
754 2164 40 23 the
813 2162 61 25 Star
894 2165 31 30 of
943 2165 81 29 China,
1043 2167 45 23 and
1111 2169 37 23 the
1176 2169 100 24 William

685 2195 95 25 Stoveld
790 2197 57 23 from
860 2198 94 31 Sydney
962 2199 45 23 had
1020 2200 47 24 also
1080 2202 88 24 arrived
1180 2209 22 17 at
1215 2204 55 23 Nel-
1268 2199 9 9 k

685 2237 50 16 son.
765 2230 51 24 The
828 2231 85 24 former
925 2232 53 23 with
990 2240 69 25 cargo
1068 2235 36 23 for
1114 2235 49 24 that
1175 2237 43 23 and
1228 2237 45 24 this

685 2263 98 25 market.
820 2264 51 24 The
884 2265 68 24 latter
966 2266 22 23 is
999 2266 81 25 loaded
1096 2268 52 26 with
1162 2277 66 24 cargo
1242 2271 33 23 for

684 2296 107 30 London,
804 2298 44 23 and
861 2306 33 16 we
906 2306 37 16 are
955 2300 96 24 assured
1064 2301 42 23 will
1119 2302 44 24 call
1181 2304 53 23 here
1246 2312 26 15 on

686 2330 42 24 her
741 2338 49 25 way
801 2331 76 25 home.

796 2373 39 15 are
845 2365 78 32 happy
934 2371 23 19 to
974 2371 61 20 state
1046 2368 50 24 that
1107 2377 14 15 a
1140 2371 95 29 petition
1248 2376 23 19 to

683 2397 39 24 the
734 2397 82 25 House
835 2399 26 23 of
877 2399 133 31 Commons,
1023 2402 98 31 praying
1132 2403 35 24 for
1178 2412 14 15 a
1213 2404 60 32 legal

681 2431 162 31 investigation
854 2433 23 23 of
896 2433 38 23 the
953 2434 176 25 circumstances
1150 2439 123 24 connected

682 2465 53 23 with
755 2465 39 24 the
814 2465 96 25 Wairau
934 2467 128 31 Massacre,
1084 2470 21 23 is
1128 2470 70 32 being
1218 2479 53 24 pre-

681 2498 69 31 pared
769 2498 45 24 and
835 2500 46 23 will
901 2500 29 24 be
950 2500 91 26 handed
1059 2503 69 24 about
1146 2503 37 24 for-

681 2537 63 18 tures
755 2533 24 23 in
792 2533 38 23 the
841 2534 100 31 ensuing
954 2535 72 24 week.
1063 2536 58 24 This
1134 2538 20 22 is
1165 2538 39 24 the
1216 2540 54 31 only

681 2573 79 16 course
771 2574 50 16 now
834 2566 41 24 left
887 2575 59 24 open
959 2573 21 19 to
997 2576 28 16 us
1036 2569 36 24 for
1084 2570 38 24 the
1133 2571 138 26 vindication

680 2599 25 23 of
722 2599 37 24 the
771 2607 102 24 memory
886 2601 25 24 of
920 2609 41 16 our
971 2602 47 24 lost
1027 2603 94 30 friends,
1135 2605 50 29 and,
1199 2606 70 24 what-

680 2640 53 16 ever
743 2640 53 24 may
807 2633 29 24 be
847 2634 39 24 the
904 2635 81 29 result,
998 2644 34 16 we
1051 2637 59 24 shall
1129 2642 23 19 at
1173 2639 57 24 least
1242 2640 28 23 be

680 2667 105 22 consoled
798 2667 30 30 by
840 2667 39 24 the
898 2668 117 25 reflection
1035 2670 49 24 that
1096 2679 33 15 we
1140 2672 59 24 Lave
1211 2673 56 24 doiij

680 2707 42 16 our

713 2733 58 24 This
783 2734 104 31 petition,
900 2743 25 16 as
945 2744 41 16 our
1004 2742 172 33 contemporary
1190 2745 78 25 states,

679 2767 20 23 is
720 2773 60 18 most
799 2769 128 31 cautiously
946 2770 45 24 and
1012 2771 139 34 moderately
1170 2774 98 30 worded,

678 2800 44 24 and
734 2801 18 23 it
763 2807 46 18 was
821 2801 45 24 due
877 2806 23 20 to
913 2802 41 24 the
963 2803 119 26 character
1094 2806 25 30 qf
1128 2806 38 24 the
1178 2807 90 25 settlers

678 2834 25 23 of
719 2834 87 24 Nelson
819 2834 51 24 that
889 2835 54 32 they
955 2837 83 24 should
1058 2846 96 24 prepare
1165 2841 45 24 and
1220 2842 48 23 for-

676 2868 62 24 ward
749 2868 57 24 snch
818 2877 14 15 a
842 2868 122 25 document
976 2875 23 20 to
1011 2871 39 23 the
1063 2872 82 24 House
1157 2874 26 23 of
1199 2875 69 25 Com-

676 2909 74 17 mons.
788 2902 99 31 Captain
908 2903 96 31 FJlzroy
1016 2905 84 31 having
1112 2908 96 23 assured
1228 2908 38 25 the

676 2936 88 23 natives
775 2935 50 25 that
837 2943 30 16 no
885 2937 88 24 further
994 2942 64 27 steps
1080 2941 139 32 concerning
1230 2942 37 25 the

677 2969 94 24 Wairau
783 2969 118 26 Massacre
914 2970 82 25 should
1013 2971 29 24 be
1055 2972 78 30 taken,
1145 2981 61 18 none
1218 2983 50 17 now

675 3010 43 17 can
736 3003 28 24 be
783 3003 71 24 taken
874 3004 94 24 without
990 3013 14 15 a
1023 3006 85 24 breach
1127 3008 25 22 of
1177 3008 90 26 British

674 3036 73 24 honor
830 3037 110 31 probable
957 3039 115 25 mischief.
1116 3041 48 24 But
1183 3050 26 16 as
1229 3042 39 25 the

674 3070 91 25 settlers
778 3072 107 23 conceive
904 3071 51 24 that
972 3072 78 32 policy
1062 3074 45 23 and
1123 3074 86 31 justice
1227 3077 40 24 de-

673 3104 98 24 manded
783 3113 14 15 a
808 3105 107 24 different
926 3113 82 16 course
1025 3106 60 25 from
1104 3107 50 25 that
1170 3109 97 32 adopted

674 3137 30 32 by
717 3138 97 31 Captain
827 3138 102 33 Fitzroy,
942 3140 19 23 it
971 3140 21 23 is
1003 3148 83 25 proper
1098 3141 49 24 that
1159 3142 38 25 the
1209 3144 56 24 sub-

670 3171 49 31 ject
731 3171 81 24 should
825 3172 28 23 be
865 3169 99 35 brought
976 3174 75 23 under'
1068 3175 39 24 the
1119 3177 110 24 attention
1243 3178 26 24 of

673 3204 39 24 the
726 3205 78 23 Home
826 3205 165 31 Government,
1006 3208 50 23 who
1078 3208 44 24 will
1143 3210 26 23 of
1184 3218 80 17 course

672 3243 23 19 at
715 3239 37 23 the
771 3247 63 16 same
855 3240 55 23 time
931 3241 28 23 be
985 3242 24 23 in
1028 3242 44 24 full
1091 3244 131 30 possession
1243 3245 25 24 of

673 3272 98 32 Captain
792 3272 116 33 Fitzroy's
933 3282 83 16 reason
1037 3275 37 24 for
1098 3276 109 34 adopting
1227 3279 38 23 the

672 3313 80 17 course
763 3306 31 24 he
810 3307 110 31 pursued.
956 3308 27 24 If
997 3308 39 25 the
1059 3308 86 26 Home'
1157 3311 106 25 Gover-

671 3346 63 17 nment
773 3340 78 24 decide
884 3342 49 23 that
964 3342 99 32 Captain
1094 3343 94 32 Fitzroy
1220 3345 41 25 has

671 3374 65 23 acted
758 3375 156 31 erroneously,
936 3375 53 31 they
1011 3376 46 24 will
1077 3376 83 26 inform
1181 3379 46 23 him
1241 3384 22 19 to

671 3406 49 24 that
731 3408 74 29 effect,
818 3408 45 24 and
875 3416 37 16 we
931 3409 71 25 doubt
1014 3415 40 19 not
1075 3410 39 24 the
1133 3419 95 17 manner
1240 3414 23 23 in

670 3440 73 24 which
755 3441 51 24 that
822 3441 147 26 information
990 3444 21 23 is
1030 3445 78 30 given,
1120 3445 47 25 will
1185 3446 78 24 decide

669 3474 102 24 whether
787 3475 98 32 Captain
898 3476 94 34 Fitzroy
1004 3479 92 35 resigns
1108 3486 26 16 or
1145 3480 117 24 continues

670 3512 22 19 to
705 3507 53 24 hold
770 3509 39 28 |:b.e
821 3509 78 31 reigns
910 3510 26 23 of
946 3510 39 23 the
997 3510 160 26 Government
1164 3513 26 24 of
1204 3513 58 25 Nevr

669 3540 110 26 Zealand.
814 3542 49 24 For
884 3550 33 16 we
935 3543 29 25 do
984 3551 41 17 not
1042 3544 87 25 believe
1147 3546 30 24 he
1188 3547 75 24 would

668 3580 103 24 consent,
783 3575 49 24 like
842 3583 58 24 poor
910 3576 109 32 Hobson,
1032 3583 24 19 to
1074 3580 88 24 receive
1173 3580 89 24 half-a-

668 3607 74 24 dozen
753 3608 109 31 rebukes,
875 3609 46 25 and
931 3611 58 23 such
1011 3612 101 29 rebukes
1121 3613 8 24 !
1141 3615 23 22 in
1186 3622 15 15 a
1220 3614 42 24 few

668 3641 92 24 months
771 3642 61 24 from
842 3643 40 24 the
895 3643 106 29 Colonial
1013 3644 85 26 Office.

1327 148 13 15 a
1350 142 106 30 properly
1468 145 143 23 constructed
1630 145 127 31 feiry-boat
1775 147 20 23 is
1806 148 68 24 about
1886 153 23 20 to

1327 173 27 23 be
1366 172 56 26 built
1435 175 34 24 for
1482 176 37 23 the
1531 176 100 31 Wairoa,
1644 180 44 22 and
1707 187 12 15 a
1730 179 80 32 bridge
1822 181 85 24 thrown

1326 213 75 17 across
1413 207 38 24 the
1463 208 79 25 Waiti.
1585 210 37 24 As
1643 212 38 22 the
1700 212 50 23 boat
1763 214 45 22 will
1819 214 28 24 be
1859 216 49 23 suf-

1325 238 99 33 ficiently
1437 240 63 31 large
1512 247 22 18 to
1547 250 64 23 carry
1623 251 13 15 a
1656 244 79 24 loaded
1747 245 92 25 bullock
1852 254 54 24 cart,

1326 273 186 26 communication
1525 275 54 24 with
1590 276 40 23 the
1641 276 75 24 whole
1724 277 25 23 of
1757 278 39 24 the
1804 278 104 27 Waimea

1325 304 97 24 districts
1434 306 47 23 will
1500 307 53 27 thus
1573 308 27 23 be
1620 316 57 23 open
1698 314 23 19 at
1738 310 31 24 all
1788 311 67 24 times
1872 314 35 24 for

1324 344 67 24 every
1402 338 137 32 description
1556 341 24 22 of
1596 348 147 24 conveyance.
1780 343 49 25 The
1842 353 65 19 exact

1324 375 51 25 spot
1385 370 34 24 for
1432 371 37 24 the
1481 372 61 31 ferry
1554 374 19 22 is
1586 381 39 16 not
1636 375 91 24 decided
1740 384 68 23 upon,
1821 377 42 25 but
1874 387 32 17 we

1324 403 84 24 believe
1418 408 19 25 \t
1449 405 45 28 wUI
1505 405 27 23 be
1544 408 136 27 somewhere
1697 409 99 24 between
1808 410 38 24 the
1856 412 49 24 ford

1323 443 54 16 near
1397 436 47 25 Mr.
1467 438 105 31 Duppa's
1592 440 44 23 and
1655 441 49 24 that
1720 441 92 32 leading
1824 448 22 19 to
1867 445 38 24 the

1324 469 96 24 Messrs.
1434 469 108 32 Tytler's,
1554 472 42 23 but
1606 480 79 17 nearer
1696 479 23 19 to
1731 475 37 23 the

1378 502 209 37 Notwithstanding
1598 506 38 23 the
1648 509 168 28 augmentation
1827 510 26 23 of
1868 511 37 24 the

1321 535 72 32 police
1412 535 70 30 force,
1503 542 63 26 petty
1585 532 113 33 rob,beiies
1717 548 39 16 are
1775 549 63 17 more
1858 544 46 24 fre-

1321 573 69 27 quent
1407 568 51 32 just
1477 577 48 18 now
1543 572 54 23 than
1619 572 52 31 they
1690 573 56 23 have
1768 574 57 26 been
1843 578 61 23 since

1321 603 38 23 the
1376 601 120 25 formation
1516 603 26 23 of
1561 604 38 24 the
1620 606 135 24 settlement.
1803 608 62 26 How
1883 612 20 23 is

1374 635 10 24 ?
1418 635 25 24 A
1455 636 73 23 friend
1540 637 95 24 informs
1647 646 27 16 us
1687 633 48 29 tliat
1747 648 14 14 a
1771 640 44 24 few
1827 644 76 32 nights

1320 669 62 23 since
1393 676 13 16 a
1416 669 77 23 barrel
1504 671 25 22 of
1544 670 54 23 beef
1614 679 44 15 was
1677 673 70 24 rolled
1771 681 63 24 away
1846 677 56 24 from

1321 702 36 23 the
1369 701 60 24 front
1441 703 26 23 of
1482 711 12 14 a
1506 708 60 19 store
1585 711 29 16 on
1633 706 122 24 Auckland
1769 707 69 25 Point
1848 719 7 18 ;
1874 718 29 16 no

1320 735 124 31 policeman
1463 744 46 16 was
1530 741 24 19 at
1575 737 60 24 hand
1646 748 5 19 ;
1672 739 47 29 but,
1732 741 88 31 shortly
1834 744 68 23 after-

1320 764 78 32 wards,
1411 777 30 15 on
1461 770 93 30 passing
1572 770 39 24 the
1627 772 69 23 house
1714 774 25 22 of
1754 783 14 15 a
1787 776 115 31 publican,

1319 805 42 19 two
1373 802 25 22 of
1413 802 62 24 them
1488 810 57 17 were
1557 812 54 16 seen
1624 806 53 23 with
1698 806 58 24 their
1768 815 50 16 ears
1830 815 23 18 at
1865 810 37 24 the

1318 834 116 30 key-hole.
1477 836 51 23 The
1547 838 85 30 public,
1651 839 103 25 however
1775 847 92 27 strange
1885 845 17 23 it

1317 875 52 23 may
1381 875 61 17 seem
1454 873 23 19 to
1497 869 39 25 the
1558 871 78 24 Police
1655 873 144 31 Magistrate,
1811 884 39 15 are
1862 876 39 24 be-

1316 901 96 31 ginning
1422 906 24 19 to
1458 902 67 25 think
1545 904 49 23 that
1615 905 37 24 the
1672 908 124 28 protection
1808 909 26 23 of
1848 918 53 23 pro-

1316 939 66 26 perty
1393 935 20 22 is
1432 939 24 19 at
1475 936 58 24 least
1544 945 25 15 as
1589 939 106 23 essential
1708 944 21 19 to
1742 941 58 24 theit
1813 943 88 26 welfare

1317 975 24 16 as
1354 967 37 24 the
1401 968 75 31 fining
1487 970 25 23 of

1348 1000 25 24 A
1383 1000 86 25 branch
1482 1003 56 23 New
1550 1004 101 24 Zealand
1663 1005 100 31 Society,
1776 1012 22 19 to
1810 1016 90 17 corres-

1316 1033 59 31 pond
1387 1035 54 22 with
1462 1035 38 24 the
1519 1036 92 32 Society
1623 1038 23 23 in
1666 1038 105 31 London,
1784 1041 41 24 has
1843 1043 57 23 been

1315 1067 86 23 formed
1422 1073 25 18 at
1467 1069 97 25 Nelson.
1609 1070 51 24 The
1682 1072 115 32 following
1819 1076 20 22 is
1863 1076 38 27 the.

1315 1100 71 23 result
1397 1102 25 22 of
1432 1102 37 23 the
1482 1102 70 24 ballot
1563 1104 35 23 for
1611 1112 13 15 a
1637 1106 128 24 committee
1766 1120 34 4 —

1449 1136 100 29 Brewer,
1581 1137 139 30 Chairman;
1751 1140 49 25 Mr.
1824 1141 23 24 J.
1872 1143 26 24 S.

1315 1166 86 39 Tytler,
1409 1168 197 25 Vice-Chairman
1615 1179 7 20 ;
1636 1172 43 23 and
1691 1172 96 26 Messrs.
1796 1174 102 31 Domett,

1314 1200 87 30 Dillon,
1422 1201 62 30 Bell,
1505 1202 88 33 Tytler,
1616 1204 89 30 Elliott,
1725 1206 118 31 Ottersjon,
1856 1210 44 26 an,d

1315 1233 95 30 Fearon,
1434 1235 113 24 members
1570 1237 26 22 of
1616 1237 37 24 the
1678 1238 143 31 Committee,
1844 1243 55 23 with

1314 1274 73 23 power
1399 1273 21 17 to
1433 1268 44 23 add
1486 1268 50 24 four
1545 1270 65 24 other
1621 1278 102 23 persons.
1759 1273 139 33 Eventually

1312 1301 19 21 it
1347 1308 48 15 was
1416 1301 103 24 resolved
1539 1303 48 22 that
1606 1304 45 23 this
1670 1307 127 23 committee
1818 1308 80 24 should

1313 1341 64 16 cease
1389 1341 27 16 on
1437 1334 38 24 the
1495 1336 51 22 first
1568 1336 101 31 Monday
1681 1339 22 22 in
1718 1339 67 30 June,
1799 1341 65 24 when
1881 1343 18 22 it

1313 1366 45 24 will
1375 1366 36 31 lay
1422 1367 78 24 before
1515 1377 13 14 a
1548 1370 92 30 general
1660 1372 99 31 meeting
1780 1374 37 23 the
1835 1376 62 22 rules

1312 1400 33 23 for
1358 1400 38 23 the
1407 1407 149 24 government
1567 1403 26 23 of
1611 1404 37 23 the
1668 1407 142 29 association,
1823 1408 44 23 and
1885 1417 13 15 a

1311 1440 70 24 paper
1391 1434 130 32 describing
1531 1436 30 23 its
1578 1437 87 30 objects
1677 1438 43 23 and
1736 1440 124 30 character,
1872 1450 25 15 as

1311 1474 14 15 a
1333 1467 76 23 record
1418 1467 35 23 for
1463 1468 37 23 the
1507 1470 144 24 information
1659 1471 25 23 of
1689 1472 74 24 future
1773 1475 120 24 members.

1370 1499 24 25 A
1405 1501 71 24 ballot
1487 1510 44 15 was
1544 1503 69 24 about
1631 1508 22 19 to
1667 1504 52 25 take
1736 1506 65 30 place
1813 1508 35 23 for
1860 1508 37 24 the

1312 1532 122 33 Honorary
1447 1534 128 33 Secretary,
1586 1536 42 24 but
1639 1537 49 25 Mr.
1697 1538 51 24 Bell
1757 1547 45 17 was
1814 1543 82 22 unani-

1310 1567 89 30 mously
1421 1569 121 30 requested
1562 1575 23 18 to
1608 1576 36 18 act
1666 1572 24 23 in
1714 1572 49 24 that
1785 1576 110 29 capacity.

1310 1599 51 25 The
1373 1602 100 30 meeting
1486 1602 53 24 then

1342 1633 25 24 A
1378 1635 100 30 meeting
1488 1635 45 24 had
1553 1636 58 24 been
1623 1637 53 24 held
1688 1639 24 24 of
1729 1639 38 24 the
1785 1640 111 31 Agricul-

1310 1666 58 24 tural
1380 1668 42 23 and
1448 1668 168 26 Horticultural
1636 1671 99 32 Society,
1749 1677 22 19 to
1791 1682 55 23 pass
1859 1675 37 24 the

1310 1699 60 26 rules
1382 1699 25 25 of
1416 1701 38 24 the
1474 1702 99 32 Society,
1587 1704 44 23 and
1643 1709 22 18 to
1684 1704 58 25 elect
1759 1707 91 24 officers
1861 1708 35 24 for

1310 1733 37 24 the
1360 1734 98 31 ensuing
1469 1743 61 23 year.

1367 1767 50 24 The
1424 1767 117 34 following
1550 1770 130 30 gentlemen
1691 1779 58 16 were
1762 1773 85 25 elected
1856 1783 5 15 :
1863 1787 32 6 —

1309 1800 85 24 Patron
1404 1809 5 15 :
1439 1801 23 24 J.
1487 1802 32 24 R.
1545 1803 94 30 Gowen,
1646 1797 3 4 '
1658 1805 58 31 Esq.
1753 1806 121 25 President
1888 1817 6 15 :

1310 1833 35 24 W.
1358 1833 60 30 Fox,
1432 1834 57 32 Esq.
1526 1836 194 26 Vice-President
1730 1848 6 15 :
1756 1839 31 25 G.
1801 1840 92 32 Duppa,

1308 1866 58 32 Esq.
1418 1868 127 24 Treasurer
1557 1875 6 16 :
1606 1871 31 23 A.
1670 1872 134 31 M'Donald,
1834 1874 59 32 Esq.

1309 1900 135 25 Committee
1455 1910 6 15 :
1490 1903 98 24 Messrs.
1611 1904 23 24 J.
1658 1905 36 28 S..
1709 1906 88 30 Tytler,
1822 1907 70 31 Kerr,

1302 1934 128 29 .Redwood,
1443 1935 89 29 Dillon,
1554 1937 91 29 Elliott,
1665 1939 105 31 Cautley,
1788 1941 105 29 Domett,

1308 1967 133 28 MacsAarie.,
1477 1968 32 24 A.
1540 1969 125 33 Saunders,
1697 1971 99 31 B.rewer,
1833 1974 59 24 Bell.

1308 2000 134 32 Secretary:
1462 2001 48 25 Mr.
1524 2002 105 32 Cautley.

1366 2034 23 24 A
1400 2035 133 31 requisition
1555 2040 23 20 to
1599 2037 38 22 the
1658 2038 78 24 Police
1756 2039 137 32 Magistrate

1307 2066 48 25 has-
1368 2068 55 23 beeh
1434 2070 50 29 'got
1503 2077 30 23 up
1546 2070 83 31 during
1648 2071 38 23 the
1705 2077 51 26 past
1772 2073 72 29 week,
1858 2082 35 16 re-

1306 2101 106 31 questing
1422 2101 51 24 that
1484 2110 13 15 a
1515 2103 77 31 public
1604 2106 101 30 meeting
1716 2113 52 24 may
1780 2106 28 23 be
1822 2107 71 24 called

1306 2139 23 18 to
1341 2134 58 24 tkke-
1414 2143 63 16 some
1497 2140 62 27 steps
1578 2138 96 24 towards
1695 2139 100 32 forming
1806 2148 15 16 a
1839 2141 54 23 Me-

1306 2164 98 28 chanics'
1418 2168 143 26 Institution.
1599 2171 95 31 Having
1714 2173 115 24 ourselves
1841 2175 51 23 wit-

1305 2200 81 25 nessed
1398 2202 37 23 the
1449 2202 95 29 benefits
1557 2204 73 23 which
1649 2205 138 25 mechanics'
1799 2208 94 24 institu-

1304 2235 128 23 tions-have
1453 2236 117 24 conferred
1589 2246 29 15 on
1630 2239 38 23 the
1689 2240 103 32 working
1807 2241 85 24 classes

1303 2269 25 22 in
1340 2268 116 32 England,
1470 2269 63 25 there
1553 2271 20 23 is
1587 2279 28 15 no
1636 2272 76 31 public
1733 2273 73 32 object
1818 2275 73 23 which

1303 2302 65 24 shall-
1374 2303 87 23 receive
1474 2310 40 17 our
1533 2312 62 16 more
1615 2311 96 25 earnest,
1724 2306 86 32 though
1823 2308 69 24 hum-

1304 2335 35 24 ble
1350 2341 103 26 support.

1361 2369 36 33 By
1405 2378 13 15 a
1430 2370 115 26 reference
1557 2376 22 19 to
1590 2379 42 16 our
1640 2373 140 32 advertising
1789 2375 102 24 columns

1302 2403 19 22 it
1340 2403 45 23 will
1408 2404 26 22 be
1455 2411 55 16 seen
1531 2404 49 24 that
1601 2413 62 17 some
1684 2407 25 23 of
1725 2407 38 24 the
1782 2409 109 31 principal

1302 2437 90 22 settlers
1405 2438 23 21 in
1442 2437 39 23 the
1492 2437 89 24 district
1592 2447 38 15 are
1639 2441 104 31 exerting
1756 2441 135 25 themselves

1302 2474 22 19 to
1343 2475 40 26 get
1401 2478 12 15 a
1434 2470 59 24 flour
1512 2471 50 24 mill
1581 2473 97 24 erected.
1714 2473 76 25 There
1803 2483 42 16 can
1863 2476 28 23 be

1302 2503 39 24 but
1364 2512 41 15 one
1423 2505 94 30 opinion
1536 2513 25 15 as
1581 2510 23 19 to
1626 2506 38 23 the
1684 2508 112 31 necessity
1808 2509 26 23 of
1846 2509 45 24 this

1300 2541 60 16 st«n.

1362 2600 250 26 LEGISLATIVE
1642 2602 166 26 COUNCIL.

1408 2640 133 30 Tuesday,
1561 2641 64 24 May
1644 2644 40 27 18,
1705 2645 73 22 1844.

1327 2704 98 22 Minutes
1436 2704 27 22 of
1474 2704 38 22 the
1522 2704 43 23 last
1579 2707 100 27 meeting
1696 2714 57 15 were
1770 2708 54 22 read
1841 2708 46 23 and

1299 2731 133 22 confirmed.

1326 2759 79 21 Before
1415 2758 158 28 commencing
1582 2759 39 23 the
1636 2760 100 23 business
1750 2762 28 21 of
1788 2762 38 22 the
1837 2762 51 28 day,

1298 2787 67 20 some'
1369 2785 129 22 alterations
1515 2793 56 15 were
1589 2787 65 22 made
1669 2792 25 17 at
1713 2788 38 22 the
1762 2790 127 26 suggestion

1298 2813 26 21 of
1341 2811 37 23 the
1394 2812 124 28 Governor,
1533 2813 24 22 in
1573 2814 85 22 certain
1680 2814 27 22 of
1724 2815 37 22 the
1779 2817 112 27 Standing

1298 2839 70 22 Rules
1378 2839 106 28 affecting
1492 2839 38 23 the
1539 2847 103 21 progress
1658 2842 27 21 of
1696 2842 54 23 Bills
1760 2843 81 22 before
1851 2844 38 22 the

1298 2866 101 23 Council.

1325 2894 41 21 Dr.
1383 2893 85 23 Martin
1492 2901 57 20 gave
1568 2895 76 22 notice
1663 2896 49 22 that
1730 2903 28 16 on
1778 2898 112 28 Saturday

1298 2924 62 24 next,
1369 2920 187 28 he'wquldmove
1566 2923 84 22 certain
1659 2923 134 23 resolutions
1803 2924 86 28 having

1297 2947 113 23 reference
1420 2951 23 18 to
1455 2947 36 23 the
1502 2952 88 23 present
1600 2954 56 17 state
1672 2951 26 21 of
1709 2950 37 23 the
1756 2951 91 28 colony.

1324 2975 48 22 The
1382 2975 222 27 Attorney-General
1614 2976 55 27 said,
1677 2975 37 24 the
1721 2985 80 21 proper
1807 2986 81 15 course

1298 3002 73 22 would
1382 3002 26 21 be
1417 3002 36 21 for
1463 3001 37 23 the
1520 3002 122 26 honorable
1660 3006 98 21 member
1771 3009 22 18 to
1803 3006 85 22 submit

1298 3029 38 22 the
1344 3028 131 23 resolutions
1487 3033 22 18 to
1525 3030 38 21 the
1579 3030 168 33 Governor|for
1761 3032 35 22 his
1806 3039 81 21 appro-

1296 3056 44 27 val,
1351 3063 25 16 as
1385 3056 30 21 all
1429 3056 118 28 questions
1562 3061 62 18 must
1639 3062 103 19 emanate
1756 3059 59 23 from
1832 3060 54 22 him.

1296 3083 26 22 If
1334 3083 51 28 they
1394 3086 48 19 met
1450 3083 54 22 with
1514 3084 38 22 the
1562 3084 138 23 Governor's
1709 3087 110 26 sanction,
1832 3086 54 23 then

1297 3114 24 19 to
1330 3110 51 26 give
1390 3110 81 22 notice.

1323 3136 39 24 Dr.
1376 3138 82 21 Martin
1467 3145 45 14 was
1521 3140 39 20 not
1569 3145 74 16 aware
1655 3138 101 23 whether
1766 3141 29 21 he
1805 3147 46 16 was
1860 3140 24 22 in

1295 3164 67 24 order
1371 3171 25 16 or
1406 3168 49 18 not.

1321 3192 48 23 The
1389 3192 118 22 Governor
1522 3191 37 23 did
1575 3195 40 19 not
1634 3192 65 23 think
1719 3194 40 22 Dr.
1778 3194 108 23 Martin's

1293 3226 78 16 course
1382 3218 169 29 objectionable.
1581 3219 23 23 It
1615 3227 43 15 was
1667 3223 56 24 true,
1735 3221 50 22 that
1794 3222 30 22 all
1834 3222 52 22 bills

1293 3254 27 14 or
1331 3245 129 23 debateable
1470 3246 113 24 questions
1593 3250 60 18 must
1662 3248 94 27 proceed
1766 3249 57 21 from
1835 3248 48 23 him

1294 3273 40 27 (he
1343 3273 53 22 here
1405 3272 55 23 read
1470 3272 49 23 that
1526 3277 50 24 part
1586 3274 27 21 of
1623 3274 35 22 his
1667 3275 146 23 instructions
1823 3276 60 22 from

1294 3300 38 22 the
1342 3300 75 22 Home
1427 3300 165 27 Government)
1604 3300 28 22 he
1648 3302 43 22 had
1701 3309 29 15 no
1741 3303 112 27 objection
1863 3306 23 20 to

1293 3328 39 21 the
1342 3328 85 21 Doctor
1437 3327 79 28 giving
1526 3328 75 22 notice
1611 3328 26 22 of
1648 3328 35 22 his
1696 3329 132 28 intentions,
1839 3330 45 22 and

1292 3354 84 28 stating
1385 3354 24 22 in
1418 3361 15 15 a
1441 3354 45 22 few
1496 3355 72 21 words
1584 3355 38 21 the
1637 3356 118 23 substance
1766 3357 26 22 of
1803 3357 37 22 the
1851 3365 34 15 re-

1292 3382 117 22 solutions.
1482 3389 2 1 ■
1531 3383 4 4 '
1909 3401 2 3 .

1321 3409 40 21 Dr.
1373 3405 86 25 Martin
1470 3408 54 27 said,
1536 3408 28 23 he
1583 3409 73 23 would
1671 3410 114 23 withdraw
1800 3411 39 23 the
1850 3419 35 15 re-
1909 3411 2 4 '

1291 3435 120 23 solutions.'
1442 3435 25 22 If
1484 3435 28 23 he
1529 3435 44 23 had
1592 3441 41 18 not
1649 3436 39 23 the
1703 3445 74 21 power
1786 3443 22 18 to
1818 3446 66 16 move

1291 3465 69 24 them,
1371 3463 19 22 it
1400 3469 44 16 was
1453 3462 83 23 useless
1545 3467 21 18 to
1577 3463 53 28 give
1636 3465 74 22 notice
1716 3465 48 22 that
1774 3465 28 23 he
1811 3465 74 23 would

1291 3490 30 22 do
1333 3497 33 15 so.

1319 3517 51 23 The.
1384 3517 117 22 Governor
1519 3516 56 29 said,
1590 3517 98 30 judging
1707 3519 57 23 from
1785 3519 38 23 the
1841 3521 45 22 few

1291 3544 73 23 words
1380 3543 29 23 he
1425 3543 46 23 had
1487 3543 75 29 heard,
1579 3544 30 24 he
1625 3546 95 27 thought
1734 3546 18 22 it
1766 3546 72 29 likely
1855 3547 29 22 he
1909 3556 2 8 <

1290 3571 82 23 should
1382 3578 97 21 approve
1495 3571 26 21 of
1532 3571 70 28 them,
1614 3573 119 28 especially
1745 3573 53 23 with
1813 3575 71 22 refer-

1291 3605 56 19 ence;
1560 3599 74 23 There
1651 3607 45 15 was
1709 3608 30 15 no
1754 3604 83 19 matter
1850 3603 34 21 af-
1909 3620 2 10 ,

1289 3625 87 28 fecting
1385 3626 38 22 the
1434 3625 90 28 colony,
1537 3633 25 15 or
1571 3633 15 16 a
1596 3627 98 23 resident
1702 3628 24 22 in
1743 3628 39 22 the
1792 3628 91 29 colony,

1289 3653 51 22 that
1354 3653 30 22 he
1398 3652 77 23 would
1493 3657 42 18 not
1549 3653 29 23 be
1594 3653 73 28 happy
1690 3658 23 18 to
1733 3655 38 26 lay
1792 3662 31 16 on
1845 3656 38 23 the
1909 3672 2 9 ,

1290 3680 69 23 table.
1371 3680 12 20 %
1771 3693 4 3 ■
1909 3672 2 40 \

1319 3707 66 24 After
1392 3714 63 16 some
1469 3705 87 25 further
1564 3708 101 23 remarks
1678 3709 60 24 from
1747 3709 39 23 the
1796 3708 95 25 Cover-
1909 3719 2 21 j

1288 3740 49 17 nor,
1357 3735 39 23 the
1667 3736 48 23 and
1729 3736 46 23 Mr.
1793 3736 88 28 Brown,
1909 3753 2 14 ,

1289 3761 42 22 Dr.
1342 3761 85 23 Martin
1437 3760 43 23 left
1495 3761 38 22 the
1549 3760 137 27 resolution*
1699 3763 53 22 with
1766 3763 39 24 the
1815 3764 68 23 Clerk

1289 3788 28 22 of
1325 3787 39 23 the
1369 3787 99 24 Council
1477 3786 36 24 for
1520 3787 38 24 the
1565 3788 138 26 Governor's
1709 3788 175 30 consideration^
1909 3804 2 16 (

1289 3814 47 23 and
1343 3822 59 21 gave,
1410 3814 78 26 notice
1491 3814 33 23 he
1530 3815 161 24 fhoutdmove
1700 3815 59 25 their
1767 3817 114 24 consider-
1909 3831 2 15 ,

1288 3841 62 23 ation
1360 3841 51 23 that
1419 3841 46 30 day
1476 3841 69 23 week.
1599 3858 3 2 -
1719 3846 4 4 '
1796 3842 94 16 -,-■■;'

1364 3874 4 5 '
1387 3872 19 15 l!
1550 3894 4 4 .
1759 3881 4 4 '
1909 3886 1 15 <

1442 3916 3 6 ,
1482 3903 138 16 DEBENTURE
1630 3905 59 16 BILL.
1723 3912 3 4 ■
1858 3920 2 4 .
1909 3910 1 18 t

1317 3930 52 23 The'
1380 3931 119 23 Governor
1514 3930 82 23 moved
1610 3931 38 23 the
1664 3931 85 24 further
1766 3933 115 23 consider-
1908 3933 2 22 i

1288 3958 62 23 ation
1361 3957 31 23 of
1392 3956 44 28 she'
1436 3957 12 14 lV
1442 3955 201 32 ßebtehfureßili;
1651 3959 106 24 schedule
1768 3968 24 15 as
1803 3968 78 16 amen-
1902 3957 8 25 '<

1288 3985 46 24 ded
1343 3989 24 19 at
1375 3985 43 23 last
1425 3986 108 27 meeting,
1543 3983 121 31 providing
1677 3987 36 25 for
1727 3987 38 23 the
1783 3987 67 24 issue'
1859 3989 26 23 of
1909 3993 1 18 1

107 125 40 19 and
155 127 19 14 is
184 125 41 17 not
233 125 24 17 to
266 125 28 17 be
303 128 59 16 sown
369 131 9 18 ,-
387 125 54 21 then
451 125 61 22 draw
522 132 32 21 up
562 125 37 22 the
609 126 66 23 baske

106 152 21 18 to
137 146 62 22 drain
208 153 53 15 over
272 147 36 23 the
323 148 80 28 pickle,
415 151 36 21 for
465 158 15 15 a
488 152 43 21 few
541 152 105 27 minutes,
656 153 19 22 al

105 173 24 23 of
135 173 69 21 which
214 180 52 20 may
272 174 27 21 be
307 175 126 26 performed
440 177 76 23 within
527 177 49 23 half
582 186 30 15 an
620 179 55 22 hour

106 199 122 27 sufficently
237 200 96 27 pickled,
352 202 45 22 and
411 210 24 14 so
451 205 96 26 proceed
563 212 23 15 as
602 205 73 23 before

104 226 49 22 This
164 225 59 22 done
233 227 38 21 the
280 226 72 24 wheat
362 229 44 21 will
416 230 27 21 be
453 230 24 22 fit
489 231 35 21 for
533 231 83 28 sowing
623 232 25 22 in
658 234 17 21 2^

103 253 63 21 hours
174 252 23 21 if
206 253 117 28 required;
339 255 41 21 but
388 255 21 22 if
421 255 106 28 designed
538 257 35 22 for
586 258 89 28 drilling,

104 283 39 17 two
151 278 67 22 hours
228 279 73 27 pickle
310 280 45 22 will
364 281 29 23 be
403 281 69 23 found
489 283 55 27 best,
556 285 43 21 and
609 285 21 22 if
635 293 40 20 pre-

102 304 65 30 pared
177 304 51 25 four
244 313 26 14 or
279 306 43 22 five
338 307 55 28 days
406 308 76 23 before
497 309 68 27 hand,
575 311 23 22 in
614 312 61 23 eithei

102 339 47 15 case
158 334 17 18 it
190 332 78 22 makes
282 340 30 14 no
327 334 119 22 difference
462 339 24 18 at
501 336 38 27 all,
550 337 39 22 but
603 338 72 23 should

101 358 35 22 the
146 357 53 22 seed
206 358 29 22 be
245 358 96 29 clammy
348 361 46 21 and
403 361 57 22 stick
477 365 23 18 to
511 363 37 22 the
560 365 89 22 notches
660 367 15 21 in

101 384 35 22 the
146 384 51 21 drill
213 385 53 27 box,
277 393 59 15 more
352 386 52 23 lime
413 391 60 19 must
489 389 26 21 be
526 389 71 23 added
613 395 22 18 to
646 393 29 22 the

99 411 50 22 lime
157 415 75 18 water.
262 412 62 22 Here
333 412 38 22 the
381 418 82 18 master
471 420 61 18 must
541 424 39 15 use
594 419 35 21 his
639 419 36 22 dis-

98 440 80 19 cretion
188 445 24 14 as
227 438 38 21 the
278 446 50 15 case
337 441 106 27 requires,
454 441 37 23 for
503 450 63 16 some
574 444 53 23 lime
640 445 35 23 has

98 464 62 22 much
174 471 61 15 more
244 465 80 27 drying
338 473 25 14 or
378 468 130 28 astringeng
518 470 102 26 qualities
631 473 22 21 in
663 473 12 21 it

98 490 48 23 than
157 490 82 28 others,
249 492 21 21 if
282 499 38 15 sea
329 497 69 17 water
407 501 41 15 can
464 495 29 22 be
508 497 105 23 obtained
627 506 48 14 con-

97 516 118 28 veniently,
228 518 66 22 much
304 519 44 22 less
357 520 44 22 salt
414 521 46 22 will
470 522 85 28 suffice,
566 524 40 22 but
614 532 61 15 some

96 544 40 21 will
145 544 27 20 be
182 544 69 22 found
268 551 117 23 necessary
393 554 26 14 or
434 548 118 24 otherwise
567 550 37 22 the
621 551 54 27 light

96 576 70 21 grains
180 570 45 22 will
244 575 39 18 not
298 571 61 29 float,
376 580 15 15 a
407 574 65 27 thing
486 575 27 21 of
524 584 61 14 more
601 584 74 16 conse-

95 603 81 21 quence
186 596 54 23 than
251 598 18 21 Is
279 600 114 27 generally
398 600 121 29 imagined,
527 603 45 22 and
579 603 18 22 it
607 604 68 27 ought

95 626 19 19 to
129 624 26 20 be
170 624 112 23 skimmed
297 625 34 22 off
345 626 47 22 and
407 628 87 22 thrown
508 629 63 23 aside
585 630 36 22 for
637 631 38 23 the

96 649 83 26 poultry

308 716 142 26 BIRTHS.

125 782 37 22 On
185 782 37 23 the
247 783 56 24 15th
327 784 119 32 February
468 786 53 30 last,
541 792 24 18 at
583 788 90 30 Karori,

95 813 55 25 Mrs.
163 814 72 30 Huie,
248 815 25 24 of
287 824 14 16 a
313 817 118 31 daughter.

122 846 37 23 On
172 848 38 23 the
232 850 31 22 12
281 850 94 30 instant,
396 855 24 20 at
442 851 150 34 Wellington,
611 854 62 26 Mrs.

95 880 51 29 Rae,
159 881 27 23 of
199 889 13 15 a
224 889 51 17 son.

368 929 23 12 .»

93 960 137 22 COUNTY
260 960 126 31 COURT,
423 963 243 28 WELLINGTON.

271 1009 63 24 May
352 1012 41 24 22,
413 1014 73 22 1844.

90 1059 77 31 Before
188 1059 50 24 His
259 1062 82 24 Honor
360 1064 33 24 E.
414 1062 28 27 S.
463 1063 127 33 Halst'ell,
610 1068 56 28 Esq.

293 1125 67 25 Hayer
370 1132 22 16 v.
402 1127 60 21 Pike.

99 1158 4 6 '
114 1153 21 21 It
143 1153 43 22 will
197 1153 28 23 be
235 1155 131 24 recollectee
376 1157 49 22 that
433 1166 14 14 a
456 1160 55 21 Rule
520 1162 51 20 Nisi
579 1169 43 15 was
633 1163 39 22 ob-

89 1180 69 23 tained
167 1183 23 19 to
199 1181 60 22 show
269 1189 65 16 cause
346 1184 48 28 why
403 1185 37 22 the
452 1188 136 27 proceeding
599 1189 71 23 uuder

89 1210 78 19 certain
189 1207 67 23 Writs
275 1210 26 21 of
321 1210 124 24 Execution
466 1215 89 27 against
574 1216 96 27 Burgess

89 1236 69 25 Sayer,
170 1236 37 20 the
218 1236 128 23 Informant
352 1238 23 21 in
386 1238 38 23 the
433 1245 82 18 matter
521 1242 26 21 of
553 1250 29 14 an
592 1245 78 24 appeal

89 1267 24 30 °f
114 1264 60 33 S?.?f.
178 1260 38 22 the
226 1263 124 23 conviction
357 1265 29 27 by
395 1266 36 21 the
439 1268 82 28 Silting
528 1270 142 27 Magistrates

88 1287 23 21 of
118 1287 94 23 William
230 1289 61 27 Pike,
302 1290 43 22 last
357 1292 67 28 issue,
435 1294 35 22 for
482 1295 36 21 the
534 1296 75 27 illegal
623 1298 46 22 sale

87 1315 24 20 of
117 1320 54 15 wine
178 1315 81 22 should
265 1320 38 17 not
308 1317 27 22 be
343 1323 33 17 set
383 1320 68 22 aside.
481 1322 95 22 Counsel
583 1325 87 24 against

87 1340 39 22 and
137 1347 21 15 in
167 1346 92 22 support
269 1343 24 21 of
301 1344 35 21 tha
348 1345 65 27 Rule,
425 1354 57 16 were
493 1349 71 22 heaid
573 1354 22 18 at
604 1356 64 21 great

86 1367 71 26 length
167 1374 30 15 on
207 1369 39 22 the
255 1370 51 22 20th
317 1371 25 21 of
356 1372 88 29 March,
458 1375 64 22 when
539 1376 34 22 his
587 1377 79 23 Honor

85 1395 98 21 reserved
193 1395 34 22 his
239 1396 109 23 decesion.

111 1421 40 21 His
160 1421 81 24 Honor
249 1430 50 15 now
307 1424 111 24 delivered
425 1426 34 23 his
465 1428 129 28 Judgment.
595 1442 30 5 —
627 1432 40 22 Af-

85 1450 30 19 ter
124 1448 116 29 adverting
251 1454 21 18 to
287 1451 37 22 the
333 1454 99 25 grounds
442 1455 26 21 of
480 1455 38 22 the
534 1457 132 28 application

85 1480 21 16 to
115 1476 35 20 the
160 1476 68 21 Court
237 1478 54 26 said,
303 1478 49 23 that
367 1480 85 28 having
460 1482 67 26 given
540 1485 36 20 the
585 1489 82 19 matter

85 1509 12 14 a
105 1508 50 19 very
164 1506 108 19 attentive
285 1506 172 28 consideration,
477 1509 28 22 he
521 1510 39 22 did
576 1515 39 19 not
629 1520 37 15 see

85 1528 44 22 that
138 1528 27 22 he
183 1530 70 27 ought
269 1534 22 19 to
308 1532 27 22 be
352 1534 72 22 called
438 1543 62 21 upon
515 1541 25 17 at
559 1537 48 23 that
621 1539 44 23 late

84 1558 55 24 stage
148 1560 23 16 to
180 1560 50 28 stay
239 1558 38 21 the
287 1560 153 28 proceedings.

110 1582 20 21 It
138 1589 45 15 was
192 1584 60 27 quite
263 1584 60 23 clear
332 1590 23 18 to
364 1587 48 22 him
423 1589 47 22 that
480 1597 30 21 up
525 1594 22 22 tp
557 1598 14 15 a
580 1593 85 23 certain

84 1612 55 24 point
148 1611 38 20 the
195 1612 146 28 propeedings
352 1621 57 16 were
425 1617 95 27 regular.
549 1619 36 22 No
595 1620 70 23 doubt

85 1637 56 20 there
152 1644 42 15 was
203 1642 64 22 great
276 1638 109 27 difficulty
393 1642 25 22 in
429 1643 37 22 the
478 1651 49 20 way
538 1646 26 21 of
574 1647 89 26 dealing

84 1665 45 19 with
139 1665 43 20 this
192 1671 52 15 case
254 1665 55 23 from
320 1667 36 22 the
367 1668 127 30 obsecurity
501 1672 26 22 of
534 1672 37 22 the
581 1673 84 24 Ordin-

82 1696 56 20 ance,
148 1692 40 20 but
197 1692 53 21 with
260 1692 38 23 the
313 1696 116 26 exception
440 1697 26 21 of
478 1697 39 23 the
527 1699 137 27 informaliiy

91 1741 4 12 i
116 1718 34 20 the
160 1722 126 19 conviction
296 1720 71 23 which
383 1722 45 22 had
442 1720 58 26 been
517 1728 107 22 returned
635 1729 28 24 by

82 1745 33 19 the
127 1745 71 21 Police
208 1745 138 30 Magistrate,
363 1749 72 23 which
453 1751 111 28 however,
575 1754 28 22 he
619 1755 44 23 bad

81 1771 108 22 remedied
198 1771 31 29 by
237 1774 86 27 getting
332 1774 37 23 the
379 1781 77 19 return
466 1779 28 21 of
500 1786 13 14 a
522 1787 80 20 proper
611 1790 49 17 one,

82 1800 33 18 the
129 1800 144 27 proceedings
287 1807 25 16 as
328 1801 29 26 h.e
373 1803 46 23 had
434 1805 50 22 said
495 1813 56 15 were
566 1809 95 26 regular.

84 1826 31 19 He
132 1826 67 21 found
223 1826 38 23 the
280 1827 115 30 following
414 1835 65 24 entry
500 1833 66 23 made
584 1835 25 23 in
628 1837 34 22 his

82 1851 81 22 Minute
173 1852 60 23 book
242 1861 30 15 on
282 1854 38 22 the
328 1856 53 22 28th
392 1858 25 21 of
425 1858 55 29 July
486 1867 36 13 :—

103 1905 24 10 
154 1905 17 2 _
231 1881 117 27 Appeal—
348 1885 79 25 Regina
436 1893 21 15 v.
471 1888 59 22 Pike.

103 1906 42 21 Mr.
154 1906 90 23 Brewer
252 1908 35 22 for
298 1909 36 22 the
344 1913 164 26 appeallant.—
508 1915 108 24 Affidavit
631 1918 29 27 by

79 1931 80 27 Mr.Brfi
159 1940 48 14 wj>r
212 1934 90 21 filed.—
302 1937 90 25 Appeal
396 1939 264 26 allowed.^Conviction

80 1958 91 25 quashed
192 1959 51 22 with
379 1965 54 21 And
453 1971 24 17 at
494 1975 12 14 a
526 1969 135 28 subsequent

80 1985 45 20 date
148 1992 66 15 name
225 1994 15 19 y
263 1988 37 21 the
315 1990 53 26 24th
378 1991 25 21 of
416 1992 97 29 August,
529 2003 14 14 a
553 1996 107 23 direction

80 2013 43 19 that
132 2013 35 20 the
177 2014 149 25 costsjshould
334 2016 27 22 be
373 2019 74 21 taxed.

103 2037 21 22 It
133 2045 42 15 was
180 2046 55 20 very
242 2040 59 23 clear
308 2047 23 18 to
341 2044 46 22 him
396 2045 47 23 that
449 2047 30 28 by
486 2048 38 22 the
531 2049 127 24 Ordinance

78 2066 33 19 the
120 2066 65 21 Court
194 2066 45 23 had
252 2075 74 20 power
334 2074 23 18 to
367 2073 73 22 award
451 2078 65 24 costs,
528 2077 45 22 and
583 2077 49 23 that
642 2079 16 21 it

79 2093 34 20 did
127 2096 36 17 not
177 2096 85 21 exceed
277 2096 37 22 the
330 2105 76 20 power
421 2101 92 27 thereby
523 2105 96 25 granted
635 2106 23 21 in

78 2125 28 37 SL
100 2125 11 14 TT
108 2152 11 10 n
121 2126 27 20 Dg
192 2127 55 35 ifPP
249 2130 10 13 6
261 2119 21 43 ??
284 2123 47 39 l^*
346 2132 12 14 C
353 2132 20 30 u°
374 2130 31 18 Sts
406 2142 5 10 '
424 2127 22 23 in
462 2129 38 21 the
518 2138 14 19 P
533 2136 75 17 resent
623 2132 35 22 in-

78 2149 74 18 stance.
191 2147 45 23 But
254 2149 38 22 the
307 2150 69 23 doubt
396 2161 44 15 was
460 2163 24 14 as
501 2160 21 18 to
538 2157 36 22 the
594 2164 64 19 party

80 2172 65 23 liable.
173 2174 23 22 It
212 2183 44 14 was
272 2179 126 23 contended
413 2181 50 23 that
479 2183 95 28 Burgess
589 2186 69 28 Sayer

78 2205 39 16 was
126 2204 37 18 not
172 2201 79 24 before
260 2202 38 30 th.c
308 2205 76 28 Court,
395 2209 44 22 and
455 2210 92 28 looking
556 2217 53 17 over
619 2214 38 21 the

78 2228 136 28 proceedings
233 2237 30 15 on
282 2232 38 21 the
333 2235 80 21 record
427 2235 29 23 he
472 2238 67 22 could
553 2243 40 18 not
609 2240 47 22 find

79 2256 46 24 that,
135 2261 22 14 m
164 2256 51 27 fact,
226 2256 30 23 he
266 2265 43 15 was
319 2267 10 14 S
331 2267 12 19 q
353 2260 79 27 placed
442 2271 24 15 as
477 2268 23 18 to
510 2265 31 22 fix
552 2266 45 22 him
605 2268 52 21 with

80 2306 20 17 M
102 2314 10 9 a
118 2288 23 35 ?
143 2289 9 14 S
155 2298 30 25 ''u
197 2283 37 22 He
235 2312 5 5 .
245 2284 60 24 there
306 2286 13 30 ?
317 2294 36 14 ore
365 2288 95 29 thought
475 2291 49 22 that
533 2292 38 22 the
581 2294 77 28 taxing

188 2317 13 14 *
202 2310 14 22 d
232 2319 8 14 '
242 2319 22 15 m
266 2320 13 19 P
276 2339 12 12 u
280 2320 24 14 ro
306 2321 13 24 ß
322 2321 10 15 e
332 2314 35 27 rly
381 2317 96 24 granted
493 2319 38 22 the
552 2320 67 23 Writs
634 2323 26 21 of

77 2334 122 25 Execution.
228 2338 38 23 He
276 2339 46 23 had
335 2341 78 24 before
429 2345 111 24 observed
555 2347 49 23 that
618 2349 38 22 the

77 2364 134 27 proceedings
221 2373 58 15 were
292 2369 89 26 regular
397 2378 30 21 up
436 2375 23 18 to
474 2373 38 22 the
527 2374 54 22 time
591 2374 65 25 when

76 2392 51 40 2?
143 2397 31 15 We
175 2397 25 35 E
216 2393 94 39 wjered
324 2396 24 21 to
362 2397 30 22 be
407 2399 75 28 taxed,
494 2401 46 22 and
557 2401 47 23 that
618 2404 36 22 the

85 2417 147 43 hf/frt^
247 2447 12 13 r
259 2428 11 14 e
279 2428 29 21 pa
301 2428 14 32 i
317 2421 14 23 d
346 2423 41 23 but
400 2425 16 22 h
416 2433 15 20 y
440 2426 73 23 whom
515 2444 7 10 »
533 2428 53 23 both
596 2430 58 23 from

76 2448 37 38 S.H
124 2461 57 25 *V
174 2446 48 28 ulty
232 2447 27 39 °/
269 2447 177 33 tf^erstanding
462 2454 38 22 the
517 2455 135 31 Ordinance,

77 2469 54 44 Sir
157 2472 24 41 i
178 2479 59 34 aC^°
238 2475 12 21 f
263 2482 29 15 no
290 2484 32 23 .P
323 2480 32 19 art
355 2485 16 20 y
385 2479 69 29 heing
468 2480 71 30 being
553 2485 100 27 properly

77 2496 31 42 I?
116 2505 27 33 w?
165 2499 28 22 he
195 2501 26 37 i'
223 2505 49 19 ourt
273 2519 6 10 '
288 2506 19 19 *
317 2511 43 15 was
376 2506 128 28 impossible
521 2514 23 17 to
555 2512 99 26 say.-It

77 2524 61 26 might
152 2526 27 22 be
194 2527 97 28 Burgess
305 2531 71 28 Sayer
385 2541 24 23 of
425 2534 18 22 it
459 2535 74 28 might
548 2540 105 21 not-He

77 2550 32 21 did
116 2557 36 17 not
160 2553 105 25 however
275 2557 62 23 think
348 2550 92 33 thatW
447 2562 71 23 Court
527 2571 44 15 was
580 2562 73 27 calleS

77 2583 49 21 upon
141 2583 21 18 to
177 2585 34 19 set
225 2583 62 23 aside
303 2585 37 22 the
355 2588 148 28 proceedings
519 2590 72 24 which
608 2592 45 24 had

77 2609 47 25 peen
132 2609 65 21 taken
207 2610 96 29 perhaps
317 2613 142 30 improperly,
470 2616 97 24 because
580 2619 19 22 it
608 2627 45 16 was

75 2633 14 18 it
98 2639 38 15 was
144 2641 22 15 in
183 2635 37 23 the
235 2645 73 20 power
319 2641 26 20 of
356 2640 38 23 the
409 2642 92 24 learned
517 2644 96 24 Counsel
631 2651 20 19 to

75 2662 56 25 apply
138 2665 20 17 to
169 2663 36 22 the
216 2665 108 26 Supreme
334 2667 68 23 Court
409 2668 59 23 fora
477 2669 47 23 Jud
529 2673 120 26 Warranto,

75 2687 94 45 ISX
184 2690 38 42 \
236 2719 4 5 •
270 2696 23 18 at
311 2701 13 14 •
325 2694 40 22 uth
367 2703 12 14 °
381 2696 27 21 rit
409 2704 16 20 y
445 2698 23 24 *
470 2706 12 14 c
502 2700 86 22 Master
606 2698 45 27 had

75 2741 63 20 would
252 2727 11 14 8
264 2736 5 13 '
346 2722 49 22 that
404 2733 9 28 J
413 2731 8 26 ?
423 2726 70 25 tepia
508 2726 35 22 hiß
560 2735 26 20 °P
588 2728 46 23 inio
637 2738 12 14 »

75 2742 63 21 would
155 2743 56 23 have
232 2745 57 24 been
310 2748 38 23 the
362 2751 128 26 preferable
505 2754 73 23 mode.
613 2757 38 22 He

75 2767 97 25 therefore
182 2772 65 23 could
257 2778 39 18 not
304 2781 67 22 gran*
380 2777 38 23 the
428 2780 144 27 application.

63 2804 15 14 -.
98 2802 43 16 MR.
155 2802 100 21 Hanson
275 2805 144 22 commented
437 2807 104 24 forcibly,
563 2817 27 14 on
611 2810 38 21 the

73 2826 79 42 JET
159 2825 73 24 which
226 2827 45 34 >
273 2827 72 26 duced
359 2831 34 23 his
393 2813 141 44 VUonorZ
534 2817 75 42 'co™e
627 2835 22 26 io

83 2874 51 23 kred
134 2858 10 14 e
143 2858 112 39 ShT'r
254 2863 39 15 eC4
291 2884 12 13 u
310 2865 22 25 S^
349 2859 58 27 after
422 2860 37 22 the
470 2862 71 22 Court
556 2863 44 23 had
611 2865 28 22 de

73 2879 52 45 TZ
136 2879 97 45 \t^hSf
244 2890 12 34 l
259 2890 13 15 n
268 2884 51 40 £*
326 2892 30 15 lm
357 2893 55 25 P^P
414 2894 12 15 e
428 2895 9 29 i;
444 2895 59 16 '^ue
512 2891 28 21 of
543 2891 37 23 the
588 2892 58 23 trial,

73 2934 76 16 wasnof
155 2906 37 44 tfc
286 2914 28 36 1^
322 2919 91 22 option
419 2914 49 23 that
473 2916 98 27 Burgess
578 2919 71 28 Sayer

73 2934 60 43 Sad
142 2933 50 44 sft?
199 2942 14 20 P
211 2966 8 11 f
215 2943 12 14 a
228 2937 186 32 «yhableto.pay
419 2948 67 18 costs.
505 2944 39 23 He
552 2953 96 16 wassur-

73 2961 76 41 2?«.
167 2968 12 14 a
179 2964 16 38 J-
202 2966 18 17 lfc
236 2959 26 37 44
333 2967 95 28 by.such
443 2969 114 25 decisions
568 2973 80 29 justify

73 3009 61 24 which
142 3014 16 19 it
291 2993 66 38 •*?'
444 3004 40 20 6^
502 2983 146 45 P«**edin2

73 3014 148 44 BhouVn^K
222 3022 48 24 JUSt
284 3027 43 15 con
338 3046 7 12 l
345 3029 12 15 e
359 3029 38 29 ?
399 3023 27 22 ed
428 3040 5 6 -
466 3025 35 22 He
618 3029 29 22 he

72 3042 53 38 X
155 3069 17 11 n
171 3046 22 18 ot
207 3044 28 36 ¥
252 3053 11 24 9o9
266 3054 35 15 om
301 3046 75 33 pelled
390 3053 23 19 to
432 3050 56 24 have
505 3060 102 17 recourse
623 3059 24 19 to

73 3119 70 46 tafr
148 3123 22 22 HH
167 3131 24 34 £
187 3133 30 14 NO
225 3153 15 12 v
244 3135 10 15 S
256 3136 15 29 !.
268 3128 83 25 idthat
366 3131 30 23 he
411 3132 39 23 did
463 3136 40 19 not
520 3142 66 16 mean
595 3136 19 22 it
621 3140 25 19 to

73 3147 55 23 taken
137 3157 22 15 m
167 3152 49 22 that
225 3153 63 28 hght.
320 3157 35 23 He
366 3159 46 22 still
429 3160 97 28 thought
543 3162 48 23 that
606 3147 40 40 foe

72 3179 84 42 E/
150 3209 12 12 rt
157 3185 14 21 P
172 3183 67 38 *V?,
242 3183 47 22 him
301 3183 36 26 (M
339 3191 18 27 X:
376 3181 165 34 Hansonfwas
556 3190 55 22 such
621 3199 26 14 as

72 3225 30 23 the
177 3213 23 15 la
190 3234 12 14 A
214 3234 11 6 -
226 3208 15 22 d
252 3217 28 31 v?
282 3214 14 23 tj
303 3213 19 35 £
323 3211 30 22 nd
363 3213 73 22 whidh
447 3222 14 13 a
461 3216 99 26 PPeared
567 3222 21 17 to
598 3218 48 23 him

72 3234 132 43 *LTr???;
204 3236 71 22 Vlaahl
275 3237 47 40 ?'$
324 3245 11 15 O
329 3246 57 31 yr
388 3248 24 14 er
426 3248 24 15 as
460 3241 39 22 the
508 3242 66 23 other
581 3249 65 24 party

72 3259 15 41 cr
80 3287 4 14 e
84 3287 5 14 e
90 3288 9 14 r
106 3290 12 12 U
120 3266 28 36 ni
148 3266 6 15 11
156 3267 11 14 °
169 3263 9 19 tt
185 3262 15 40 S
202 3269 72 21 eprec
284 3265 59 22 uded
352 3267 35 21 fr°
389 3274 22 15 m
423 3268 106 28 bringing
539 3270 37 23 the
587 3276 59 19 mat-

69 3345 66 35 to«?'
145 3341 25 39 H
169 3349 45 17 ART
224 3344 73 29 hoped
303 3347 34 22 his
348 3347 82 24 Honor
436 3350 76 23 would
522 3351 64 24 allow
595 3353 49 23 him

70 3392 55 22 much
117 3373 12 17 7
134 3369 131 46 faS,V°w
272 3373 42 22 Sin
322 3381 25 15 re
346 3375 43 40 ft
395 3387 29 5 ~
425 3376 38 23 He
472 3378 109 37 S^ered
592 3379 52 24 thus

69 3397 70 38 Sr2S«
160 3427 8 8 ♦
225 3427 5 4 ■
242 3399 91 25 Honors
342 3402 156 28 Judgment—
500 3406 48 23 that
558 3415 29 20 up
597 3412 23 18 to
630 3416 14 15 a

69 3424 70 18 certain
150 3427 57 24 stage
223 3434 24 15 in
259 3427 43 23 this
312 3436 66 16 cause
393 3430 39 23 the
442 3432 70 23 Court
521 3441 45 15 was
580 3435 63 22 iatis-

68 3452 49 38 w£t
137 3475 11 15 l.
164 3477 12 13 j
245 3454 23 22 18
322 3457 26 22 of
358 3458 39 22 the
410 3461 184 28 proceedings,—
595 3462 49 22 that

69 3476 79 45 mSht«
152 3477 26 22 ad
182 3506 13 15 *
195 3479 57 24 been
270 3482 29 22 do
301 3490 13 15 °
317 3491 11 14 c
327 3512 5 5 .
348 3485 162 31 whsequently
529 3489 72 28 might
618 3497 26 15 or

69 3504 54 43 ffi
123 3508 51 39 .hf
182 3506 58 24 from
256 3510 109 37 aching
374 3512 74 24 which
457 3521 46 16 was
516 3515 76 23 before
604 3516 38 23 the

69 3529 191 47 •2ihh°rs?*
289 3537 24 39 *t
327 3538 46 23 had
387 3540 114 24 ther^°re
515 3550 15 14 a
543 3543 61 28 right
618 3548 23 18 to

70 3557 70 45 dSt
148 3559 56 43 JJ?
228 3562 30 22 he
272 3564 53 23 subs
318 3592 10 10 T
326 3573 12 14 e
329 3592 10 10 T
339 3573 13 25 ?
355 3573 13 15 u
369 3572 28 30 ??
399 3570 10 19 t
421 3569 149 29 proceedings
582 3578 60 16 were

69 3603 22 23 he
99 3606 39 23 had
152 3592 24 34 £
179 3587 14 22 d
201 3595 86 34 ffi
315 3619 9 10 A
318 3592 42 23 His
367 3594 39 22 Ho
407 3602 41 16 «<>r
457 3596 45 23 had
510 3598 72 22 stated
592 3598 50 22 that

68 3611 75 44 theal
152 3611 13 23 dd
170 3640 15 12 n
186 3621 25 16 ec
214 3620 11 35 i
223 3618 28 20 ed
312 3619 87 24 Master
414 3627 22 18 to
447 3627 40 19 tax
502 3624 39 23 the
551 3629 59 19 costs
618 3626 27 22 of

68 3636 63 48 Xi?
132 3644 11 21 P
145 3640 32 44 Tl
178 3641 21 22 la
200 3646 43 38 ?U
243 3644 73 23 wlllch
329 3672 13 12 u
341 3648 30 21 ad
379 3648 58 24 been
447 3651 105 23 awarded
563 3653 13 22 b
576 3660 16 21 y

68 3690 18 16 '»
100 3669 123 43 theaw^
225 3670 19 22 14
258 3678 12 34 f
271 3678 25 16 ur
297 3672 72 40 fthat
385 3676 38 22 the
432 3678 71 23 Court
517 3668 73 34 woulS
601 3683 40 19 not

67 3717 32 21 •ay
109 3717 43 21 that
168 3721 14 17 i,
193 3702 14 20 *
223 3705 34 33 «°
258 3698 12 22 f
284 3700 19 21 al
303 3700 14 38 i
329 3707 16 21 pIoo(p
335 3709 21 29 I
357 3702 42 22 oo(
409 3703 52 24 teke
470 3712 16 16 u
487 3713 13 25 P.
502 3713 28 16 on
540 3707 64 23 itaelf
616 3710 23 20 to

67 3720 111 44 SnnSi
209 3731 14 15 °
223 3724 62 24 fficer
303 3727 29 23 ha
333 3728 18 36 i
364 3736 68 16 excee
434 3731 44 24 ded
487 3720 42 36 liis
542 3734 62 30 duly,
614 3734 24 23 in

67 3747 74 44 E«£
143 3754 13 20 gg
149 3778 8 13 t
159 3774 12 17 KPWeeBBK
164 3756 108 35 PWeeBß^
273 3761 37 20 pOI
310 3754 42 37 I^
353 3757 96 23 atorder
449 3774 6 6 -
486 3759 22 23 II
517 3759 72 25 would
599 3766 40 17 not

66 3775 93 43 fffiin
195 3784 45 22 Ueg
238 3786 16 32 f
254 3782 30 21 bo
285 3787 16 31 ?
309 3782 78 23 before
401 3783 37 24 the
448 3785 134 25 affirmation
593 3788 47 23 had

66 3823 65 20 teason
134 3807 92 36 Wr
223 3806 29 22 ed
246 3822 13 17 /
301 3811 10 19 fc
320 3816 45 16 was
360 3836 7 7 ,
390 3811 45 23 uite
446 3815 125 22 consistent
583 3815 57 23 with

65 3826 132 48 >3£rV
199 3831 41 24 ehe
239 3840 17 34 J
257 3841 12 15 e
284 3838 9 19 l
294 3835 13 39 s
309 3841 23 17 at
348 3836 77 24 altbou
425 3845 14 21 8
439 3839 16 22 h
470 3839 36 24 his
523 3841 82 23 Honor
613 3843 26 22 in

65 3855 117 44 J2*
184 3864 12 15 c
212 3860 67 30 ??*«
293 3862 35 22 for
344 3870 110 22 payment
470 3867 28 23 of
512 3868 39 22 the
571 3872 66 25 costs,

65 3899 30 24 fte
104 3904 58 27 Clerk
172 3918 13 13 o
186 3911 13 20 f
195 3891 14 16 n
207 3892 75 39 2!v?
282 3893 59 19 allUt
349 3891 34 22 Wh
384 3899 38 32 ,T
430 3893 19 23 U
458 3900 50 17 Wou
506 3894 11 32 ?
518 3894 15 23 d
540 3902 22 29 °J
562 3900 67 18 )erate

65 3931 33 21 Per
104 3912 58 42 pS
169 3927 48 27 XV
233 3921 13 15 c
252 3916 51 38 S°^
304 3921 22 18 vt
333 3924 20 16 w
355 3925 14 29 ?
368 3918 41 23 uld
418 3927 38 15 asc
458 3921 71 22 ertain
540 3923 37 22 the
586 3930 53 21 pro-

66 3935 145 48 ftiTOvfei
207 3947 37 16 ore
240 3942 43 33 >
292 3950 23 26 i!
316 3950 10 16 8
380 3945 40 24 the
430 3947 69 23 Writs
508 3949 28 24 of
548 3950 89 23 Execu-

66 3975 3 8 ■
134 3968 64 48 inp
199 3973 12 16 c
226 3968 96 26 absence
338 3972 28 22 of
377 3980 44 21 any
437 3976 69 27 proof
517 3976 27 23 of
554 3977 82 29 impro-
