2590 4060
57 159 49 24 AN
120 157 207 26 ORDINANCE
346 157 71 24 FOR
436 156 210 25 ESTABLISH-

133 190 64 22 ING
214 191 24 21 A
256 190 171 22 SUPREME
447 189 128 23 COURT.

167 223 103 32 (Passed
282 223 101 31 January
396 225 40 26 13,
451 222 87 32 1844.)

91 258 35 23 Be
143 258 19 22 it
181 256 95 25 enacted
296 257 29 30 by
345 256 39 24 the
407 256 120 24 Governor
544 256 27 23 of
591 255 58 24 New

57 290 110 28 Zeajan.d,
180 289 55 25 with
247 289 38 24 the
306 289 79 25 advice
403 289 46 25 and
461 292 95 20 consent
567 289 26 23 of
611 289 38 23 the

59 323 141 31 Legislative
212 322 98 26 Council
320 322 98 29 thereof,
431 330 26 15 as
470 322 87 23 follows
566 331 6 14 :
574 334 34 4 —

182 364 17 16 I.
236 362 131 18 CREATION
385 362 31 17 OF
439 362 92 18 COURT.

94 392 22 21 1.
136 389 78 24 There
235 388 60 24 shall
316 388 30 23 be
367 388 85 24 within
470 388 38 24 the
529 388 82 30 colony
628 387 25 24 of

59 422 56 24 New
129 421 99 25 Zealand
245 429 14 15 a
271 421 74 24 Court
356 421 27 24 of
397 421 93 24 Record
499 421 37 24 for
547 421 41 24 the
598 420 52 24 Ad-

57 456 157 23 ministration
224 454 25 23 of
256 454 88 25 Justice
357 455 144 31 throughout
511 454 39 23 the
562 453 88 31 colony,
658 456 2 14 ]

59 488 73 24 which
158 491 67 20 court
246 487 60 24 shall
329 488 29 23 be
383 488 73 23 called
479 487 38 23 the
537 487 114 31 Supreme

61 521 71 24 Court
144 521 25 23 of
179 520 58 25 New
253 521 112 23 Zealand.

152 561 29 17 11.
216 561 181 19 JURISDICTION
416 561 31 16 OF
466 560 92 16 COURT.

93 590 25 21 2.
137 587 52 24 The
202 587 73 24 Court
287 586 60 24 shall
357 587 60 23 have
424 586 149 31 jurisdiction
584 586 24 23 in
621 586 30 23 all

48 642 2 4 .
60 628 76 16 casses
155 628 26 16 as
198 620 58 30 fully
275 627 25 16 as
319 619 43 24 her
382 619 124 31 Majesty's
527 618 85 24 Courts
629 618 26 24 of

61 653 102 26 Queen's
176 653 88 28 Bench,
277 652 114 24 Common
409 652 78 29 Pleas,
500 651 43 24 anl
557 651 94 24 Exche-

60 693 63 25 quer,
137 691 23 18 at
171 686 171 28 Westminster,
355 686 58 23 have
424 686 26 23 in
461 685 118 30 England.

94 721 24 22 3.
137 719 52 24 The
212 719 73 23 Court
307 718 60 25 shall
388 718 49 24 also
459 718 58 24 have
540 717 32 25 all
595 717 56 25 such

59 752 115 31 equitable
182 751 147 32 jurisdiction
337 759 25 16 as
376 751 38 24 the
421 751 65 25 Lord
496 751 66 32 High
571 751 80 24 Chan-

61 785 68 24 cellor
141 785 26 23 of
176 785 73 23 Great
261 784 91 24 Britain
362 784 57 25 hath
434 785 26 23 in
471 785 118 31 England.

94 820 24 22 4.
138 818 51 24 The
212 817 73 24 Court
303 817 60 24 shall
386 818 49 23 also
456 818 57 24 have
536 818 116 24 exclusive

57 851 146 32 jurisdiction
214 852 25 22 in
250 851 32 23 all
294 851 118 32 questions
423 851 99 32 relating
530 855 23 20 to
565 855 87 27 testacy

61 884 44 24 and
116 885 113 30 intestacy
241 884 44 24 and
297 884 39 24 the
348 884 95 31 validity
456 884 24 24 of
496 884 47 24 will
554 885 27 24 of
598 892 54 24 per-

61 917 66 25 sonal
137 921 116 28 property,
273 925 25 16 as
309 917 59 32 fully
381 926 25 15 as
424 926 46 22 any
480 917 173 24 Ecclesiastical

61 950 73 25 Court
151 950 57 24 hath
228 950 23 23 in
274 950 118 32 England.
430 950 51 24 The
501 951 74 24 Court
593 950 59 24 shall

59 984 49 22 also
120 983 57 24 have
189 983 115 24 exclusive
315 991 78 24 power
403 987 23 20 to
433 988 68 27 grant
513 984 106 31 probates
631 983 24 24 of

62 1016 57 24 wills
127 1016 44 25 and
180 1016 79 25 letters
268 1016 25 23 of
299 1016 186 25 administration
492 1017 25 23 of
523 1016 39 25 the
570 1021 84 20 estates

58 1050 46 23 and
116 1050 77 23 effects
206 1049 25 24 of
246 1050 110 24 deceased
374 1057 105 24 persons,
492 1050 45 24 and
559 1055 23 19 to
600 1050 53 24 take

60 1083 65 24 order
137 1083 36 24 for
191 1083 39 24 the
242 1083 43 23 due
304 1083 96 31 passing
411 1083 26 24 of
454 1083 38 24 the
510 1088 109 19 accounts
631 1083 25 24 of

61 1116 38 24 the
127 1120 120 20 executors
271 1117 44 23 and
339 1116 183 25 administrators
544 1117 27 23 of
597 1116 57 24 such

59 1157 106 24 persons.

93 1185 25 21 5.
137 1182 52 24 The
202 1182 73 24 Court
285 1182 60 24 shall
358 1182 49 24 also
420 1183 57 23 have
489 1190 75 24 power
577 1188 23 18 to
612 1191 40 24 ap-

59 1217 64 31 point
131 1215 45 24 and
186 1215 89 24 control
283 1215 115 31 guardens
409 1217 26 22 of
444 1216 85 23 infants
538 1217 46 23 and
595 1216 59 24 their

60 1253 91 24 estates,
170 1248 46 24 and
233 1248 49 24 also
304 1250 144 22 committees
461 1250 25 23 of
503 1250 38 23 the
559 1257 95 24 persons

60 1282 43 24 and
115 1286 83 19 estates
209 1281 25 24 of
242 1282 76 28 idiots,
329 1283 108 28 lunatics,
448 1283 44 23 and
506 1283 58 24 such
576 1291 26 15 as
614 1283 40 24 be-

58 1316 41 30 ing
110 1316 25 22 of
153 1315 106 23 unsound
276 1315 64 24 mind
360 1323 39 16 are
417 1316 83 23 unable
522 1321 22 19 to
565 1324 88 23 govern

59 1349 141 23 themselves
212 1348 45 23 and
268 1348 59 24 their
339 1353 94 20 estates.

94 1384 25 22 6.
139 1382 52 24 The
203 1382 73 23 Court
297 1382 61 23 shall
377 1382 49 24 also
446 1382 29 24 be
496 1391 29 15 an
546 1382 109 24 Instance

61 1415 73 23 Court
146 1415 24 22 of
188 1414 214 32 Vice-Admiralty,
424 1415 54 24 with
501 1416 58 23 such
581 1424 75 23 power

61 1449 45 23 and
120 1448 146 32 jurisdiction
279 1456 25 16 as
326 1448 85 31 belong
430 1454 23 18 to
474 1449 86 23 Courts
573 1449 25 23 of
617 1449 37 23 the

61 1481 49 24 like
120 1486 82 19 nature
217 1481 78 24 within
307 1481 39 24 the
360 1481 99 24 colonial
477 1483 144 31 possessions
634 1483 24 23 of

62 1514 42 24 her
116 1514 112 31 Majesty.

94 1549 24 25 7.
139 1547 52 27 The
203 1548 73 23 Court
287 1547 59 24 shall
360 1547 59 24 have
431 1549 139 30 cognizance
582 1549 25 23 of
622 1549 35 23 all

65 1589 83 16 crimes
171 1581 45 24 and
238 1581 99 23 offences
360 1582 133 23 committed
514 1582 80 23 within
617 1582 39 24 the

62 1614 145 32 jurisdiction
219 1614 24 24 of
252 1615 40 23 the
301 1614 179 24 Vice-Admiral
490 1615 25 24 of
525 1615 38 24 the
576 1615 80 31 colony

62 1648 26 23 of
96 1648 57 24 New
172 1648 110 28 Zealand,
296 1655 24 16 as
332 1648 58 30 fully
403 1648 46 23 and
460 1648 130 31 effectually
602 1657 24 15 as
639 1648 20 24 if

61 1681 39 24 the
118 1689 63 16 same
202 1681 45 24 had
266 1681 59 23 been
343 1681 134 24 committed
495 1689 29 16 on
543 1681 39 24 the
602 1682 53 23 land

61 1714 80 24 within
153 1714 39 23 the
204 1714 71 24 limits
288 1714 25 24 of
322 1714 38 23 the
375 1714 97 31 Colony.

94 1753 24 22 8.
139 1747 51 24 The
203 1747 73 24 Court
288 1747 60 24 shall
359 1752 41 19 not
416 1747 55 25 take
484 1749 137 30 cognizance
635 1749 24 23 of

62 1789 44 22 any
116 1780 105 25 criminal
233 1788 52 17 case
294 1780 76 24 where
381 1781 39 23 the
430 1781 85 24 offence
529 1782 60 23 shall
600 1782 56 23 have

62 1814 57 24 been
132 1814 132 24 committed
283 1814 110 31 previous
412 1818 23 20 to
450 1814 39 24 the
508 1815 57 24 14th
579 1815 43 31 day
635 1815 22 23 of

63 1847 109 31 January,
188 1849 74 22 1840.

97 1882 25 22 9.
142 1881 51 23 The
206 1880 72 24 Court
296 1874 60 30 shall
374 1881 59 23 have
452 1881 44 24 and
512 1889 41 16 use
567 1889 14 16 a
599 1881 57 30 seal,

64 1913 130 24 wherewith
207 1914 30 23 all
249 1914 62 24 writs
323 1914 46 24 and
381 1914 66 24 other
464 1922 93 24 process
570 1915 88 30 issuing

66 1951 40 19 out
117 1947 25 23 of
151 1947 39 23 the
202 1947 72 25 Court
286 1947 60 24 shall
360 1947 30 24 be
402 1948 85 24 sealed.

153 1988 38 16 111.
230 1988 187 17 CONSTITUTION
431 1989 30 16 OF
475 1989 91 16 COURT.

99 2016 38 21 10.
152 2013 52 23 The
218 2014 73 23 Court
303 2013 60 23 shall
376 2015 86 21 consist
478 2014 26 22 of
519 2022 43 14 one
574 2014 83 26 Judge,

63 2046 50 24 who
123 2046 61 24 shall
193 2046 30 23 be
235 2046 72 24 called
319 2045 39 24 the
372 2046 71 23 Chief
458 2046 87 23 Justice
558 2046 26 23 of
600 2046 57 24 New

64 2079 108 29 Zealand,
192 2079 45 24 and
257 2080 26 23 of
304 2079 58 23 such
384 2078 65 25 other
468 2079 87 32 Judges
575 2087 25 15 as
617 2079 42 24 her

64 2112 103 32 Majesty
179 2112 59 24 shall
247 2112 60 24 from
318 2112 56 23 time
387 2116 23 19 to
422 2112 54 24 time
491 2112 29 24 be
532 2112 91 32 pleased
636 2116 22 21 to

63 2147 93 31 appoint
165 2154 6 16 :
191 2146 107 31 provided
318 2146 52 23 that
389 2146 19 23 it
426 2146 59 23 shall
497 2146 28 23 be
536 2146 77 23 lawful
624 2146 35 24 for

63 2180 36 23 his
113 2179 141 31 Excellency
266 2179 38 23 the
325 2179 67 23 Gove
395 2187 9 9 r
406 2187 42 15 nor
461 2184 23 18 to
496 2179 95 31 appoint
604 2179 55 24 such

64 2213 86 31 Judges
162 2212 162 32 provisionally
336 2212 59 24 until
408 2212 41 24 her
462 2212 124 32 Majesty's
596 2213 62 30 plea-

64 2254 53 15 sure
137 2245 60 24 shall
217 2245 26 24 be
263 2245 94 24 known.
401 2245 51 24 The
472 2246 88 30 Judges
581 2246 25 23 of
621 2246 37 23 the

64 2280 73 23 Court
148 2278 60 24 shall
220 2278 54 25 hold
295 2279 60 23 their
372 2279 65 23 office
458 2279 83 32 during
551 2279 43 23 her
605 2279 54 24 Ma-

61 2313 84 31 jesty's
156 2312 114 31 pleasure.

100 2347 40 23 11.
158 2346 79 30 Every
256 2345 74 32 Judge
348 2345 79 24 before
446 2346 104 31 entering
574 2354 30 15 on
623 2346 36 24 his

64 2379 66 24 office
142 2379 61 24 shall
216 2379 52 24 take
280 2387 30 16 an
320 2379 54 24 oath
383 2380 121 30 according
516 2384 22 19 to
550 2379 40 23 the
602 2379 58 24 form

64 2413 25 23 in
101 2412 38 24 the
160 2412 108 24 schedule
285 2412 112 24 hereunto
419 2413 112 29 annexed,
544 2412 116 32 faithfully

65 2450 22 19 to
101 2450 94 19 execute
207 2445 38 24 the
257 2445 77 24 duties
346 2446 97 24 thereof.

100 2481 41 22 12.
160 2479 26 23 It
196 2478 60 24 shall
266 2479 29 23 be
314 2478 79 24 lawful
411 2480 36 23 for
464 2480 37 23 his
518 2479 142 31 Excellency

65 2511 38 24 the
116 2512 127 29 Governor,
257 2512 53 23 with
324 2512 40 24 the
383 2512 79 24 advice
473 2513 26 23 of
513 2513 39 24 the
565 2513 95 23 Execu-

66 2546 45 23 tive
130 2545 106 29 Council,
255 2546 30 30 by
297 2546 166 31 proclamation
484 2546 60 24 from
564 2547 55 23 time
638 2550 22 19 to

64 2580 64 28 time,
141 2584 23 19 to
174 2579 75 24 divide
262 2579 37 24 the
312 2579 83 31 colony
402 2580 49 23 into
462 2580 101 23 districts
576 2579 36 24 for
622 2579 39 24 the

65 2620 99 24 purpose
176 2612 26 25 of
214 2612 46 24 this
279 2612 142 31 Ordinance,
435 2613 44 23 and
498 2613 38 23 the
554 2613 72 23 limits
639 2613 24 23 of

66 2646 57 23 such
134 2646 102 23 districts
254 2646 61 23 from
335 2647 56 22 time
412 2650 23 19 to
456 2647 54 22 time
523 2650 23 19 to
558 2646 65 29 alter,
636 2654 25 15 as

66 2679 104 23 occasion
183 2687 53 22 may
247 2680 99 30 require.
376 2679 24 24 It
412 2679 59 24 shall
484 2679 48 24 also
543 2679 29 24 be
584 2679 78 24 lawful

64 2712 37 23 for
113 2711 36 24 bis
161 2712 143 30 Excellency
315 2713 40 22 the
376 2712 121 24 Governor
510 2717 22 19 to
545 2713 79 31 assign
637 2717 22 19 to

66 2745 56 24 each
135 2745 23 23 of
169 2745 58 23 such
238 2745 101 24 districts
353 2753 13 16 a
377 2746 76 30 Judge
466 2753 25 16 or
502 2746 97 31 Judges,
611 2746 50 24 who

66 2777 60 25 shall
136 2778 59 24 have
207 2778 79 24 within
297 2779 39 23 the
348 2786 63 16 same
424 2779 31 23 all
466 2779 39 24 the
515 2787 90 23 powers
617 2779 44 24 and

62 2811 147 32 jurisdiction
232 2812 85 31 hereby
339 2812 72 31 given
433 2816 24 20 to
480 2812 38 24 the
549 2813 113 31 Supreme

68 2845 81 24 Court.

102 2880 40 23 13.
161 2878 77 24 There
257 2878 60 24 shall
329 2878 86 31 belong
426 2882 23 20 to
470 2878 38 24 the
521 2878 73 25 Court
605 2879 55 23 such

69 2911 136 31 Registrars
216 2911 45 24 and
280 2912 96 24 inferior
397 2913 91 22 officers
506 2913 37 24 for
562 2912 56 24 each
639 2912 24 23 of

66 2944 59 24 such
136 2945 102 24 districts
250 2953 26 15 as
288 2949 23 19 to
332 2945 40 24 the
392 2945 76 32 Judge
489 2953 24 17 ex
531 2945 88 32 Judges
640 2946 23 23 of

66 2978 57 24 each
134 2979 25 23 of
173 2978 58 24 such
242 2978 101 24 districts
356 2979 58 23 shall
436 2986 84 24 appear
531 2987 129 23 necessary,

67 3011 89 32 subject
168 3016 23 19 to
204 3012 38 23 the
261 3012 109 31 approval
383 3012 25 23 of
423 3012 36 23 his
471 3012 139 32 Excellency
623 3012 39 24 the

68 3045 128 24 Governor.

104 3080 39 22 14.
162 3078 52 24 The
241 3078 131 31 Registrars
392 3078 60 24 shall
475 3079 28 23 be
533 3079 124 32 appointed

68 3111 163 32 provisionally
243 3111 31 31 by
285 3111 36 24 his
334 3111 142 32 Excellency
485 3112 39 24 the
531 3113 128 28 Governor,

68 3144 44 25 and
124 3144 60 25 shall
194 3144 54 25 hold
258 3144 59 25 their
329 3145 80 24 offices
420 3145 84 32 during
514 3146 43 23 her
569 3146 91 31 Majes-

69 3179 44 30 ty's
123 3179 107 31 pleasure

105 3214 39 22 15.
163 3212 53 24 The
228 3212 91 24 inferior
332 3212 91 24 officers
443 3212 26 24 of
485 3212 56 24 each
560 3212 101 24 District

69 3245 60 24 shall
139 3245 28 23 be
177 3245 122 31 appointed
311 3245 30 31 by
355 3245 38 24 the
402 3246 76 32 Judge
490 3254 24 15 or
530 3245 89 32 Judges
638 3246 25 23 of

69 3278 40 24 the
119 3280 126 29 respective
257 3278 120 30 Districts,
397 3280 55 22 with
471 3279 39 23 the
523 3280 103 23 sanction
639 3279 24 24 of

67 3311 38 24 Ids
123 3311 142 31 Excellency
282 3311 37 24 the
344 3312 129 30 Governor,
492 3312 44 24 and
555 3312 61 24 shall
632 3313 29 23 be

67 3344 129 25 removable
209 3352 30 16 on
247 3344 135 25 reasonable
393 3353 69 16 cause
473 3346 31 30 by
525 3345 39 24 the
586 3346 74 31 Judge

68 3386 26 15 or
116 3377 89 31 Judges
225 3377 24 25 of
264 3377 39 24 the
320 3379 129 30 respective
468 3379 121 29 Districts,
605 3380 54 23 with

68 3411 39 24 the
118 3411 104 24 sanction
233 3410 27 24 of
268 3410 36 23 his
316 3410 142 32 Excellency
470 3412 38 23 the
519 3412 128 24 Governor.

106 3445 40 24 16.
166 3443 77 25 There
258 3443 60 24 shall
338 3443 31 24 be
380 3445 101 23 enrolled
492 3445 25 23 in
527 3445 40 24 the
581 3445 78 30 Court,

71 3483 23 18 to
106 3478 99 31 practice
217 3477 87 24 therein
317 3485 26 16 as
355 3477 137 30 Barristers,
500 3478 57 24 such
565 3486 95 24 persons

70 3511 54 31 only
137 3519 25 15 as
174 3510 61 24 shall
251 3510 59 24 have
330 3511 58 23 been
406 3510 109 24 admitted
534 3512 126 24 Barristers

69 3552 25 15 or
104 3544 131 24 Advocates
253 3544 24 23 in
297 3543 74 24 Great
383 3544 89 23 Britain
485 3552 25 16 or
522 3544 100 30 Ireland,
636 3553 24 16 or

69 3578 56 23 such
149 3586 26 15 as
195 3576 58 24 shall
272 3577 27 23 be
318 3577 112 23 admitted
450 3577 113 24 hereafter
582 3579 77 23 within

56 3606 5 8 '
69 3612 39 23 the
120 3612 80 30 colony
212 3610 74 24 under
308 3610 39 24 the
366 3610 116 31 authority
501 3610 28 24 of
550 3618 45 24 any
617 3611 41 24 law

69 3645 49 23 that
130 3652 53 23 may
202 3644 112 24 hereafter
333 3643 29 25 be
381 3643 83 32 passed
481 3644 36 23 for
536 3643 50 25 that
605 3652 54 23 pur-

69 3685 55 24 pose
136 3687 6 19 ;
162 3677 45 24 and
219 3682 22 19 to
262 3678 99 30 practice
379 3677 90 24 therein
487 3685 25 16 as
531 3677 127 30 Solicitors,

69 3711 57 23 such
137 3718 96 24 persons
245 3710 54 31 only
311 3718 25 16 as
348 3711 61 23 shall
419 3711 58 23 have
485 3711 174 27 beagtadmitted

68 3753 26 15 as
112 3744 128 29 Solicitors,
257 3743 138 33 Attorneys,
412 3735 141 34 or_Wrlt^
574 3745 25 22 in
617 3752 42 16 one

68 3778 25 23 of
98 3778 49 24 .the
168 3777 84 25 Courts
275 3777 25 23 of
325 3777 172 30 Westminster,
520 3777 91 24 Dublin
635 3786 24 16 or

68 3811 148 32 Edinburgh,
228 3817 24 17 or
264 3810 110 25 Proctors
386 3811 24 24 in
421 3819 45 23 any
487 3811 172 24 Ecclesiastical

69 3845 74 24 Court
153 3845 24 23 in
189 3844 117 31 England,
319 3852 27 16 or
355 3844 61 24 shall
426 3844 58 24 have
504 3845 82 23 served
603 3845 56 23 such

69 3885 58 17 term
139 3878 25 23 of
173 3877 118 32 clerkship
298 3877 55 24 with
363 3885 14 16 a
386 3877 108 24 Solicitor
505 3878 24 23 of
539 3878 40 23 the
588 3878 72 24 Court

69 3920 25 15 as
117 3911 59 24 shall
199 3911 29 24 be
250 3910 113 33 required*
379 3911 31 32 by
433 3911 39 24 the
490 3912 95 29 general
597 3911 61 25 rules

69 3945 95 29 thereof,
177 3952 26 16 or
213 3944 58 24 shall
283 3944 58 24 have
362 3944 139 24 established
522 3944 136 25 themselves

68 3979 24 25 in
106 3978 37 24 the
153 3975 101 27 exercise
265 3977 27 25 of
301 3978 57 24 their
370 3977 126 33 profession
506 3986 28 16 on
548 3986 26 16 or
581 3976 76 26 before

675 157 38 23 the
725 156 65 24 22nd
799 157 43 30 day
855 157 25 23 of
894 157 132 23 December
1042 159 75 22 1841.
1157 157 42 24 All
1211 166 53 23 per-

676 197 53 16 sons
741 197 25 16 so
778 190 102 23 enrolled
892 189 61 24 shall
964 190 28 23 be
1003 190 130 24 removable
1148 190 60 24 from
1228 190 36 24 the

676 222 68 26 Rolls
762 222 26 24 of
803 218 38 28 the
860 223 73 23 Court
951 230 63 24 upon
1036 223 132 24 reasonable
1189 230 75 23 cause,

677 254 145 25 whensoever
840 256 44 23 and
900 256 157 23 wheresoever
1075 256 41 24 the
1136 264 63 16 same
1213 264 51 24 may

677 289 56 22 have
746 289 84 22 arisen.

712 322 41 25 17.
772 321 52 24 The
836 322 128 24 Barristers
977 321 25 24 of
1017 322 38 24 the
1070 322 73 24 Court
1161 322 60 23 shall
1239 323 27 23 be

678 354 93 24 allowed
783 359 24 19 to
818 359 38 19 act
863 363 24 15 as
900 355 129 30 Solicitors,
1041 356 44 23 and
1098 355 38 24 the
1148 355 118 25 Solicitors

678 388 26 23 of
718 387 39 24 the
769 388 73 24 Court
854 393 22 18 to
887 393 37 18 act
935 388 50 24 also
995 396 26 15 as
1034 388 135 29 Barristers,
1181 388 37 23 for
1229 388 37 25 the

678 420 79 31 period
768 421 26 23 of
809 421 44 23 five
865 429 65 22 years
943 421 58 24 after
1014 422 38 23 the
1065 422 95 31 passing
1181 421 26 23 of
1223 421 44 25 this

678 453 140 30 Ordinance,
832 454 77 23 unless
921 455 39 22 the
974 455 70 23 Court
1053 454 60 24 shall
1122 455 23 22 in
1154 455 39 24 the
1201 462 66 17 mean

679 487 55 23 time
745 487 69 23 make
826 487 65 23 order
904 491 22 19 to
946 488 39 22 the
1005 492 107 25 contrary
1122 496 6 20 ;
1148 495 46 22 any
1212 488 56 24 such

680 520 66 23 order
766 528 53 23 may
840 520 84 23 extend
944 524 23 19 to
987 519 38 25 the
1048 521 73 23 whole
1141 521 90 31 colony,
1244 529 24 16 or

680 561 52 23 may
749 553 29 23 be
800 553 119 23 restricted
943 557 21 19 to
977 561 44 24 any
1033 558 51 27 part
1095 554 95 28 thereof,
1209 561 26 16 as
1246 559 22 19 to

680 585 37 24 the
727 585 74 24 Court
810 586 60 23 shall
880 594 64 15 seem
955 587 34 22 fit.

715 621 40 22 18.
774 618 49 24 His
837 618 142 33 Excellency
998 620 39 24 the
1059 620 120 23 Governor
1195 620 72 30 -shall,

679 652 30 31 by
720 656 99 19 warrant
831 652 72 24 under
913 653 37 23 his
963 653 68 29 hand,
1042 654 93 30 appoint
1141 654 127 30 provision-

680 685 53 31 ally,
747 685 90 31 subject
857 690 22 19 to
897 686 44 23 her
960 686 123 32 Majesty's
1103 686 165 30 confirmation,

679 719 27 23 fit
716 726 96 24 persons
821 724 22 18 to
851 719 29 23 be
889 719 98 24 Sheriffs
995 720 26 23 of
1035 719 39 24 the
1083 719 88 24 several
1192 720 77 23 Coun-

681 752 42 23 ties
736 759 24 16 or
771 752 112 24 Districts
902 750 38 32 (as
952 753 39 23 the
1004 761 52 15 case
1067 761 53 22 may
1129 752 40 33 be)
1188 754 25 23 of
1232 754 38 23 the

680 785 87 31 colony,
791 785 51 23 who
869 785 60 24 shall
951 786 30 23 be
1003 786 142 23 removeable
1173 786 31 32 by
1233 787 38 24 the

682 818 127 29 Governor,
833 826 30 16 on
885 817 134 25 reasonable
1042 826 68 16 cause
1121 827 6 16 :
1155 819 116 25 Provided

681 851 50 25 that
741 859 30 16 no
788 851 89 24 Sheriff
891 851 61 25 shall
971 852 28 24 be
1010 853 23 23 in
1045 860 29 16 no
1085 860 51 23 way
1146 853 126 24 concerned

680 886 24 22 in
725 884 39 24 the
783 884 97 25 conduct
900 886 26 23 of
953 893 44 23 any
1018 886 47 23 suit
1084 886 26 23 in
1128 893 44 24 any
1192 886 78 30 Court,

681 917 72 25 either
764 926 26 15 as
802 926 14 15 a
828 918 125 29 Barrister,
967 919 108 23 Solicitor
1088 926 25 16 or
1125 919 87 31 Agent.

717 952 40 23 19.
776 950 68 24 Each
856 951 89 24 Sheriff
954 951 59 24 shall
1032 959 62 24 upon
1111 952 36 24 his
1166 954 105 30 appoint-

681 989 64 18 ment
767 983 54 25 take
844 992 30 15 an
894 984 54 24 oath
971 985 78 23 before
1069 993 14 15 a
1103 985 74 32 Judge
1194 987 25 23 of
1234 987 38 24 the

682 1017 113 31 Supreme
818 1017 80 29 Court,
925 1025 26 16 or
974 1025 62 17 some
1059 1026 84 24 person
1165 1020 107 31 specially

682 1050 121 32 appointed
823 1051 31 30 by
874 1051 57 23 such
951 1051 82 32 Judge,
1058 1052 122 32 according
1198 1057 23 19 to
1233 1053 39 24 the

682 1083 58 24 form
749 1084 23 23 in
785 1083 39 24 the
835 1084 109 24 schedule
953 1084 110 25 hereunto
1075 1086 115 28 annexed,
1202 1086 70 24 faith-

682 1117 57 30 fully
751 1121 22 20 to
785 1121 95 20 execute
891 1117 39 24 the
943 1117 75 25 duties
1031 1119 25 23 of
1071 1118 37 24 his
1120 1119 73 24 office.

715 1152 42 22 20.
776 1150 68 24 Each
856 1150 91 24 Sheriff
955 1151 59 24 shall
1032 1152 58 23 have
1110 1152 56 24 such
1186 1160 87 24 powers
1281 1145 2 38 |

682 1183 44 24 and
753 1184 123 31 privileges
906 1184 61 31 only,
992 1185 44 23 and
1056 1185 57 23 such
1136 1186 74 24 duties
1230 1187 43 24 and

682 1211 178 37 resposibili'ties
871 1217 63 32 only,
948 1225 25 16 as
986 1227 12 15 a
1011 1218 89 24 Sheriff
1119 1219 29 31 by
1164 1219 43 24 law
1219 1220 54 24 hath

683 1258 25 16 or
718 1251 20 23 is
749 1250 69 24 liable
837 1255 22 19 to
875 1251 26 23 in
924 1251 109 31 England
1052 1260 25 15 as
1099 1260 14 15 a
1135 1253 140 24 Ministerial

684 1283 85 24 Officer
791 1284 26 23 of
843 1291 42 17 one
908 1284 26 23 of
960 1284 40 24 her
1022 1285 123 32 Majesty's
1171 1288 103 29 superior

684 1316 83 24 Courts
779 1317 26 23 of
821 1317 173 25 Westminster.
1072 1317 4 5 '
1098 1338 3 2 .

718 1352 41 22 21.
778 1350 139 25 Whenever-
931 1359 47 23 any
998 1359 94 24 process
1125 1352 60 24 shall
1212 1354 62 23 issue

684 1383 73 24 which
769 1383 38 23 the
821 1384 89 24 Sheriff
928 1385 74 31 ought
1016 1390 40 18 not
1073 1391 22 18 to
1117 1391 101 24 execute,
1238 1387 36 24 the

685 1416 73 24 Court
777 1417 60 23 shall
855 1418 95 31 appoint
974 1426 61 16 some
1059 1418 65 24 other
1144 1427 85 24 person
1252 1425 22 19 to

685 1454 95 20 execute
794 1450 38 23 the
855 1458 62 16 same
927 1460 6 20 ;
955 1451 44 23 and
1019 1452 23 22 in
1063 1460 68 23 every
1150 1453 58 23 such
1225 1461 50 16 case

684 1483 38 24 the
734 1491 70 15 cause
814 1483 27 24 of
856 1484 57 23 such
923 1484 86 32 special
1021 1486 136 30 proceeding
1174 1486 61 24 shall
1249 1487 26 24 be

684 1517 92 23 entered
786 1524 62 24 upon
861 1518 38 22 the
908 1518 81 23 record
1000 1518 26 24 of
1040 1518 39 24 the
1093 1519 79 25 Court.

769 1564 35 16 IV.
807 1570 31 4 —
841 1565 124 17 PRACTICE
985 1566 31 16 OF
1035 1566 50 16 THE
1105 1567 89 17 COURT.

717 1592 41 22 22.
778 1589 41 24 All
831 1592 119 30 questions
962 1592 26 23 of
995 1592 47 24 fact
1052 1600 63 24 upon
1127 1593 73 24 which
1211 1594 71 24 issue'

685 1622 59 25 shall
755 1624 28 23 be
795 1624 71 23 taken
878 1625 24 23 in
913 1625 40 23 the
969 1633 80 16 course
1069 1626 25 22 of
1112 1634 44 24 any
1167 1628 108 30 proceed-

684 1657 40 30 ing
744 1657 77 23 before
840 1657 38 24 the
900 1658 80 29 Court,
998 1659 45 23 and
1062 1659 30 23 all
1116 1661 117 29 questions
1254 1662 25 23 of

684 1690 90 30 idiotcy,
787 1690 91 31 lunacy,
891 1698 26 16 or
929 1693 160 23 unsoundness
1103 1693 25 23 of
1136 1694 71 29 mind,
1216 1694 60 24 shall

684 1723 28 23 be
730 1723 94 24 decided
844 1724 29 30 by
885 1732 14 15 a
911 1725 87 23 verdict
1012 1726 26 23 of
1054 1734 13 15 a
1085 1726 57 32 Jury
1153 1727 26 24 of
1195 1728 80 24 twelve

685 1764 61 16 men.

680 1804 5 3 -
718 1791 42 22 23.
779 1789 77 24 There
868 1791 60 24 shall
948 1792 28 23 be
987 1791 83 26 holden
1090 1793 89 24 Circuit
1192 1794 84 24 Courts

685 1823 34 23 for
731 1822 38 24 the
781 1823 104 31 dispatch
897 1825 27 23 of
933 1825 53 23 civil
997 1826 45 23 and
1054 1827 103 23 criminal
1169 1827 107 25 business

685 1856 26 23 of
719 1856 39 23 the
771 1857 80 28 Court,
861 1857 78 24 before
953 1866 42 15 one
1005 1859 25 22 of
1040 1859 37 24 the
1085 1860 86 30 Judges
1180 1860 95 30 thereof,

686 1893 22 19 at
720 1889 57 23 such
789 1890 77 31 places
885 1891 44 23 and
943 1896 22 18 at
978 1892 56 24 such
1047 1893 66 23 times
1125 1901 25 15 as
1167 1894 36 23 his
1225 1894 51 24 Ex-

685 1923 101 31 cellency
799 1923 38 23 the
858 1923 121 25 Governor
997 1926 66 29 shall,
1077 1926 55 23 with
1143 1927 38 23 the
1200 1928 77 23 advice

686 1956 24 23 of
727 1956 37 23 the
783 1956 130 24 Executive
934 1958 105 29 Council,
1059 1959 30 32 by
1105 1961 171 30 proclamation,

685 1989 59 24 from
756 1990 55 23 time
823 1994 22 19 to
858 1991 62 27 time,
933 1992 102 30 appoint.

720 2023 41 22 24.
780 2021 25 23 It
817 2021 59 24 shall
897 2022 28 23 be
937 2022 77 24 lawful
1035 2024 34 22 for
1081 2031 14 15 a
1112 2024 73 31 single
1203 2024 74 32 Judge

687 2053 24 24 of
721 2054 38 23 the
771 2054 73 24 Court
856 2062 28 16 on
898 2055 90 24 Circuit
1005 2064 27 15 or
1049 2057 125 29 otherwise,
1188 2062 23 19 to
1223 2057 54 24 hear

687 2087 44 24 and
744 2087 124 24 determine
888 2088 31 23 all
939 2097 63 15 cases
1015 2090 24 22 of
1058 2091 82 23 crimes
1155 2091 45 23 and
1221 2092 56 22 mis-

687 2121 134 23 demeanors
840 2122 133 23 committed
985 2123 77 23 within
1075 2123 38 24 the
1125 2124 96 29 district,
1234 2125 45 23 and

687 2162 44 22 any
743 2155 74 22 issues
838 2154 25 23 of
883 2154 46 24 fact
949 2155 79 31 joined
1052 2158 23 22 in
1096 2165 44 22 any
1159 2158 76 23 action
1253 2166 25 15 or

687 2187 137 32 proceeding
833 2187 23 23 in
869 2187 38 24 the
919 2189 113 31 Supreme
1046 2190 79 29 Court,
1139 2199 25 14 or
1172 2191 107 24 removed

688 2220 86 24 thereto
786 2221 35 23 for
835 2221 50 23 trial
898 2226 41 19 out
951 2222 25 23 of
993 2230 44 23 any
1051 2224 64 22 other
1134 2224 96 29 district,
1248 2225 31 30 by

687 2254 73 23 virtue
779 2253 26 24 of
823 2262 43 23 any
878 2255 94 31 general
993 2256 60 24 rules
1066 2257 25 23 of
1108 2257 37 23 the
1167 2258 112 31 Supreme

689 2287 79 29 Court,
781 2287 45 24 and
837 2291 23 19 to
878 2289 103 23 exercise
999 2289 31 23 all
1051 2290 56 23 such
1126 2298 86 23 powers
1233 2292 45 22 and

685 2320 146 32 jurisdiction
843 2328 25 16 as
881 2321 86 24 Courts
979 2322 25 23 of
1019 2323 63 30 Oyer
1103 2323 43 24 and
1159 2324 120 24 Terminer

688 2354 44 23 and
742 2354 61 24 Gaol
814 2354 111 32 Delivery
937 2355 45 24 and
993 2355 84 25 Assize
1089 2357 44 23 and
1144 2357 52 23 Nisi
1209 2358 70 24 Prius

688 2387 57 24 have
755 2388 25 23 in
792 2387 118 31 England.

722 2423 42 22 25.
783 2421 25 24 It
826 2420 58 25 shall
905 2421 29 24 be
955 2422 78 25 lawful
1051 2423 35 24 for
1106 2424 38 23 the
1159 2424 86 31 Judges
1257 2425 25 23 of

689 2453 37 25 the
739 2454 73 24 Court
823 2454 59 24 from
892 2455 57 23 time
961 2460 23 19 to
995 2457 55 23 time
1061 2461 23 19 to
1097 2457 67 24 make
1173 2458 63 23 rules
1244 2459 35 23 for

688 2488 131 31 regulating
831 2488 37 23 the
880 2489 56 23 time
948 2489 45 24 and
1010 2489 64 32 place
1086 2491 35 23 for
1135 2491 94 32 holding
1241 2492 38 23 the

690 2521 79 30 Court,
782 2521 46 24 and
839 2521 38 24 the
898 2523 100 30 practice
1020 2523 45 24 and
1080 2524 118 32 pleadings
1217 2532 63 24 upon

689 2554 30 24 all
730 2554 157 30 indictments,
899 2555 168 31 informations,
1081 2558 65 29 suits,
1159 2558 45 24 and
1215 2559 65 23 other

688 2587 149 32 proceedings
849 2588 90 24 therein
948 2598 7 20 ;
976 2589 37 24 the
1031 2591 148 31 proceedings
1200 2592 26 23 of
1241 2592 38 23 the

690 2621 89 24 Sheriff
797 2621 45 24 arid
866 2621 65 25 other
954 2624 137 24 ministerial
1113 2625 87 24 officers
1212 2634 6 20 ;
1240 2625 39 24 the

689 2654 125 24 admission
835 2655 26 23 of
877 2655 123 25 barristers
1024 2657 44 24 and
1091 2658 113 24 solicitors
1214 2667 7 20 ;
1241 2659 39 24 the

687 2688 49 23 fees
748 2688 43 24 and
812 2688 122 32 poundage
951 2694 25 19 to
988 2690 28 23 be
1028 2690 53 32 paid
1094 2696 23 18 to
1128 2699 44 23 any
1183 2692 78 23 officer
1272 2701 5 20 ;

689 2726 61 19 costs
762 2721 25 24 of
797 2723 47 22 suit
860 2722 46 24 and
924 2722 40 24 the
983 2724 80 30 taxing
1080 2724 94 30 thereof,
1188 2725 45 24 and
1250 2725 31 24 all

690 2758 93 20 matters
795 2755 99 31 relating
906 2759 23 20 to
941 2755 40 24 the
991 2756 106 25 business
1110 2758 24 24 of
1143 2758 38 24 the
1192 2758 72 24 Court
1273 2768 6 20 ;

690 2788 44 23 and
746 2788 58 24 such
815 2788 62 24 rules
896 2788 62 24 from
979 2790 54 24 time
1044 2794 24 20 to
1088 2791 54 24 time
1153 2796 23 19 to
1188 2791 57 24 alter
1256 2800 24 16 or

689 2821 84 24 revoke
784 2830 7 15 :
828 2821 116 24 Provided
962 2822 50 25 that
1032 2823 38 24 the
1091 2833 61 16 same
1165 2824 60 24 shall
1241 2830 40 19 not

689 2855 28 23 be
728 2859 130 27 repugnant
869 2859 22 19 to
905 2862 45 24 any
962 2855 26 24 of
997 2856 38 24 the
1046 2859 128 29 provisions
1185 2858 93 24 herein-

689 2888 77 23 before
786 2888 129 30 contained,
927 2889 53 23 and-
993 2891 108 30 provided
1122 2891 47 24 also
1181 2892 50 23 that
1242 2892 38 23 the

690 2921 49 23 said
756 2921 62 24 rules
837 2926 22 19 to
880 2921 29 24 be
927 2923 66 23 made
1011 2924 72 24 under
1106 2925 38 23 the
1167 2925 114 31 authority

690 2955 112 23 aforesaid
813 2955 59 24 shall
884 2955 29 24 be
925 2956 125 25 submitted
1067 2962 24 19 to
1105 2958 37 24 the
1162 2959 118 23 Governor

689 2988 24 24 in
726 2988 105 30 Council,
844 2989 52 29 and,
913 2996 63 24 upon
995 2989 69 33 being
1082 2992 120 31 approved,
1222 2992 59 23 shall

689 3022 58 23 have
760 3021 37 24 the
810 3029 62 16 same
880 3022 65 24 force
957 3023 43 23 and
1020 3023 66 25 effect
1097 3033 26 15 as
1135 3025 19 23 if
1170 3025 55 31 they
1233 3025 47 24 had

690 3055 56 24 been
759 3055 102 24 inserted
872 3055 88 30 herein,
973 3057 59 23 until
1044 3057 38 24 the
1101 3059 146 23 termination
1258 3059 25 23 of

691 3088 38 23 the
749 3089 82 30 sitting
851 3089 25 23 of
892 3089 40 24 the
951 3089 141 31 Legislative
1112 3092 95 23 Council
1224 3097 56 19 next

689 3122 116 31 following
817 3122 58 24 their
887 3123 110 31 approval
1012 3123 31 32 by
1060 3124 39 24 the
1120 3125 120 24 Governor
1256 3126 24 23 in

691 3155 106 24 Council.

722 3190 42 23 26.
783 3188 42 25 All
836 3189 47 24 fees
895 3190 105 24 received
1016 3190 31 32 by
1059 3191 37 24 the
1108 3193 127 30 registrars,
1254 3200 25 16 as

689 3222 51 25 well
751 3230 25 15 as
794 3222 65 25 those
871 3224 106 23 received
994 3224 30 32 by
1035 3224 38 24 the
1085 3226 93 23 inferior
1190 3226 89 23 officers

689 3256 26 24 of
731 3256 38 24 the
782 3256 80 29 Court,
875 3256 61 24 shall
946 3256 30 24 be
990 3259 124 23 accounted
1125 3259 35 23 for
1171 3259 45 25 and
1226 3259 53 31 paid

689 3297 54 16 over
754 3289 115 32 quarterly
880 3294 23 19 to
915 3290 42 24 the
969 3290 105 25 Colonial
1085 3292 135 30 Treasurer,
1233 3292 46 24 and

689 3322 59 24 shall
759 3323 61 23 form,
831 3330 13 16 a
850 3323 57 23 fund
915 3327 23 19 to
946 3323 29 24 be
983 3324 72 24 called
1064 3325 39 24 the

689 3355 74 24 which
772 3355 59 24 shall
843 3356 28 23 he
880 3356 103 32 charged
992 3358 54 23 with
1059 3358 38 25 the
1110 3359 93 24 salaries
1215 3360 25 23 of
1249 3359 30 24 all

689 3389 38 24 the
738 3389 90 24 officers
840 3389 26 23 of
873 3389 39 23 the
924 3389 81 25 Court.

722 3423 42 26 27.
783 3423 40 24 All
835 3423 151 31 proceedings
997 3424 75 25 which
1082 3425 58 24 have
1148 3426 58 24 been
1214 3433 63 17 com-

688 3456 93 24 menced
805 3457 24 22 in
850 3456 37 24 the
915 3456 115 31 Supreme
1050 3459 73 24 Court
1144 3459 72 24 under
1240 3459 38 24 the

689 3490 115 29 authority
816 3489 25 24 of
856 3489 38 24 the
915 3490 114 31 Supreme
1050 3492 73 24 Court
1138 3492 139 30 Ordinance,

689 3523 87 23 session
789 3522 37 29 11,
838 3522 47 24 No.
901 3524 23 27 1,
937 3523 46 24 and
988 3523 75 25 which
1074 3532 39 17 are
1120 3526 47 24 still
1174 3526 105 32 pending

689 3556 43 23 and
744 3555 143 31 incomplete,
900 3555 61 24 shall
973 3558 105 23 continue
1090 3559 23 24 in
1126 3567 24 16 as
1162 3559 43 24 full
1216 3560 61 23 force

689 3589 43 24 and
744 3588 67 24 effect
823 3596 24 16 as
860 3589 19 23 if
889 3588 38 24 the
939 3597 62 16 same
1011 3591 45 24 had
1066 3591 59 25 been
1133 3593 144 24 commenced

689 3623 71 23 under
771 3622 40 23 the
823 3622 116 31 authority
951 3623 87 25 hereof.

840 3660 111 25 Robert
969 3661 125 31 Fixzroy,
1117 3663 124 25 Governor.

721 3694 23 24 J.
758 3694 92 29 Coates,
863 3693 73 25 Clerk
948 3695 26 23 of
989 3695 117 26 Councils.

688 3737 140 25 Schedule
840 3744 141 18 referred
993 3746 39 16 to.
1034 3751 34 6 —
1069 3747 71 17 eorm
1152 3748 31 16 of
1197 3748 78 17 oath.

721 3776 22 28 I,
755 3776 32 24 A.
801 3776 40 29 8.,
851 3776 28 23 do
891 3783 81 23 swear,
985 3776 48 25 that
1052 3777 13 25 I
1085 3779 47 23 will
1150 3779 61 31 truly
1232 3779 44 24 and

686 3809 124 31 faithfully,
823 3809 44 24 and
877 3814 23 19 to
910 3809 40 24 the
961 3810 51 24 best
1032 3811 44 24 and
1093 3816 87 20 utmost
1198 3812 25 24 of
1237 3820 39 24 my

677 3850 2 14 i
687 3842 56 26 skill
762 3842 46 26 and
826 3840 143 34 knowledge,
993 3844 120 31 discharge
1135 3845 38 24 the
1201 3845 75 25 duties

677 3892 1 11 i
687 3876 25 23 of
726 3874 86 34 (Chief
824 3875 90 26 Justice
933 3884 29 15 or
978 3875 76 33 Judge
1069 3878 32 30 of
1113 3878 37 24 the
1167 3878 110 32 Supreme

687 3908 78 31 Court,
778 3917 28 15 or
816 3908 96 32 Sheriff',
925 3917 28 17 as
962 3909 38 25 the
1011 3917 52 17 case
1075 3918 51 25 may
1138 3911 47 32 be,)
1207 3912 68 24 with-

686 3948 39 21 out
745 3943 73 29 fear,..
822 3943 87 30 favour,
930 3951 27 17 or
974 3944 89 25 malice.
1113 3946 31 23 So
1165 3945 53 30 help
1238 3953 37 17 me

687 3976 59 24 God.

562 67 97 47 Sijc
685 67 119 41 Nrtu
831 68 208 40 Ztalanb
1066 68 192 46 iSrajcttc
1282 68 91 39 and
1400 67 300 47 MScllmgtcm
1726 67 255 47 £pmatoi\

1326 156 59 24 The
1400 156 103 24 Income
1523 156 68 25 Tax.
1593 169 34 5 —
1628 157 52 24 The
1705 159 184 24 commissioners

1292 190 35 23 for
1346 190 40 23 the
1405 190 89 23 income
1515 194 40 20 tax
1575 190 79 24 decide
1672 190 52 24 that
1742 199 13 15 a
1775 191 116 25 beneficed

1294 222 132 31 clergyman
1437 222 43 24 has
1491 230 31 16 no
1530 223 63 31 right
1604 228 24 20 to
1636 223 69 24 make
1717 231 45 23 any
1769 224 122 24 deduction

1293 256 58 23 from
1364 254 37 24 his
1413 262 66 24 gross
1491 257 98 31 receipts
1598 265 29 15 on
1639 261 97 19 account
1748 256 25 24 of
1788 258 103 30 stipends

1293 288 53 31 paid
1359 293 22 18 to
1390 288 103 24 licensed
1512 294 90 19 curates
1611 298 7 21 ;
1649 289 43 24 but
1703 290 50 23 that
1771 290 24 23 in
1807 297 13 16 a
1839 298 52 16 case

1294 321 75 24 where
1380 328 14 16 a
1406 326 84 25 curate,
1504 322 86 32 having
1601 331 13 15 a
1625 323 92 31 stipend
1729 323 26 23 of
1765 324 72 23 £150
1849 331 42 23 per

1294 361 93 22 annum,
1401 354 45 23 had
1456 355 54 31 paid
1522 355 38 25 the
1573 361 41 19 tax
1633 363 61 24 upon
1707 356 38 24 the
1759 363 71 22 same,
1853 355 38 25 the

1295 387 133 25 incumbent
1446 388 72 30 ought
1537 393 23 20 to
1580 397 46 23 pay
1645 389 48 23 also
1713 389 51 24 that
1784 396 60 22 sum,
1865 397 26 16 as

1294 420 86 30 having
1397 420 87 24 formed
1496 426 52 27 part
1560 422 25 23 of
1602 421 37 24 his
1651 422 97 31 original
1759 422 96 24 income.
1856 434 36 5 —

1294 452 138 25 Examiner.

1329 486 109 24 Sussex.
1440 500 33 4 —
1474 488 52 24 The
1545 488 98 23 fanners
1663 488 24 23 in
1706 488 76 28 Hove,
1805 488 86 24 South-

1296 519 67 29 wick,
1388 519 45 24 and
1455 520 39 23 the
1517 521 169 31 neighbouring
1707 522 105 30 parishes
1835 529 56 16 near

1286 555 2 22 ;
1297 552 114 31 Brighton
1423 557 58 20 state
1492 554 51 23 that
1553 554 40 24 the
1604 554 74 24 wheat
1689 561 52 16 now
1752 554 95 31 reaping
1867 559 24 19 at

1296 585 59 24 their
1366 585 71 24 farms
1451 587 21 23 is
1484 595 14 15 a
1518 588 58 23 finer
1588 587 45 24 and
1653 587 92 24 heavier
1757 595 54 24 crop
1833 588 58 23 than

1296 619 54 30 they
1362 626 53 16 ever
1425 620 135 24 remember.
1598 620 60 24 This
1669 625 53 26 part
1733 620 25 23 of
1772 621 38 23 the
1820 629 71 15 coun-

1296 656 37 27 try
1350 652 42 23 has
1412 652 125 32 altogether
1549 653 98 31 escaped
1667 653 39 24 the
1718 658 78 19 recent
1816 654 74 30 heavy

1296 689 84 20 storms
1392 684 49 25 that
1458 687 58 23 have
1526 687 88 31 proved
1633 695 25 15 so
1670 686 137 24 destructive
1832 687 59 23 else-

1297 718 84 24 where.

1513 783 166 21 Almanack.

1301 815 73 50 AN
1395 816 183 23 ALMANACK
1598 816 35 22 for
1650 816 137 28 Wellington
1806 816 19 22 is
1842 823 51 15 now

1372 842 131 28 publishing
1513 846 23 19 at
1545 843 45 22 this
1602 843 78 24 Office,

1534 884 77 20 price,
1627 878 31 21 Is.

1353 909 96 22 Gazette
1482 910 78 26 Office,
1572 911 128 22 December
1709 911 20 24 7,
1741 912 61 21 1843.

1451 961 115 21 Wairau
1589 961 152 22 Massacre.
1838 952 33 36 /

1301 993 191 51 RECEIVED
1507 994 45 22 this
1567 995 45 27 day
1621 995 59 23 from
1696 995 94 27 Nelson,
1802 995 45 22 and
1863 1002 30 14 on

1380 1021 52 22 Sale
1451 1025 24 18 at
1493 1022 45 22 this
1557 1022 82 27 Office,
1650 1030 13 14 a
1681 1022 144 28 supplement
1842 1029 52 15 con-

1301 1050 85 25 taining
1396 1056 15 14 a
1420 1052 59 18 most
1489 1049 105 22 valuable
1604 1053 99 19 account
1717 1050 26 21 of
1752 1050 39 21 the
1802 1050 91 21 Wairau

1301 1076 124 22 Massacre.

1352 1108 95 22 Gazette
1482 1109 80 27 Office,
1573 1109 103 28 January
1686 1111 34 25 23,
1734 1110 62 21 1844.

1425 1154 58 20 Ten
1498 1154 124 21 Guineas
1643 1154 128 21 Reward.

1301 1186 204 51 WHEREAS,
1520 1186 45 22 last
1580 1187 67 27 night
1656 1194 25 14 or
1691 1187 63 28 early
1764 1187 44 22 this
1816 1194 78 15 morn-

1397 1214 47 27 ing,
1456 1220 63 16 some
1534 1213 46 23 evil
1595 1214 105 27 disposed
1715 1222 83 19 person
1809 1222 24 14 or
1843 1221 51 21 per-

1301 1248 52 16 sons
1362 1240 92 22 entered
1468 1240 39 22 the
1523 1241 109 27 premises
1642 1241 26 22 of
1683 1241 89 22 Arthur
1781 1241 111 28 Holroyd,

1302 1269 60 26 Esq.,
1374 1275 30 15 on
1413 1267 121 23 Thorndon
1546 1268 57 27 Flat,
1614 1268 47 22 and
1674 1268 100 22 maimed
1788 1276 14 14 a
1811 1267 82 23 female

1301 1297 52 23 Ass,
1365 1295 28 27 by
1404 1295 89 26 cutting
1503 1295 33 22 off
1541 1295 42 21 her
1595 1295 66 22 Ears.

1328 1322 113 22 Whoever
1456 1321 45 23 will
1516 1322 51 27 give
1582 1322 57 22 such
1654 1321 148 23 information
1813 1328 23 15 as
1847 1321 46 22 will

1301 1349 50 22 lead
1372 1352 23 18 to
1414 1348 38 22 the
1472 1349 165 27 apprehension
1657 1349 25 21 of
1700 1349 38 21 the
1754 1349 101 21 offender
1869 1356 25 14 or

1303 1375 117 27 offendors,
1432 1375 57 22 shall
1500 1376 88 21 receive
1599 1376 38 21 the
1644 1384 50 13 sum
1704 1376 26 21 of
1737 1376 43 21 five
1792 1376 101 27 guineas,

1302 1403 43 22 and
1362 1410 14 14 a
1391 1402 86 22 further
1493 1410 50 14 sum
1558 1403 27 21 of
1593 1403 44 22 five
1647 1403 93 27 guineas
1750 1410 61 20 upon
1820 1403 34 21 his
1870 1410 25 14 or

1303 1430 57 21 their
1373 1429 137 22 conviction.

1596 1457 117 22 Holroyd
1729 1456 44 22 and
1787 1457 78 21 Hart.

1330 1488 146 27 Wellington,
1488 1488 115 27 February
1613 1490 20 25 3,
1646 1490 61 20 1844.

1322 1535 158 26 Important
1495 1534 56 20 and
1564 1534 120 27 Eligible
1700 1535 180 20 Investment.

1304 1568 68 49 TO
1383 1567 41 22 BE
1434 1566 81 23 SOLD
1526 1575 29 14 by
1567 1567 141 22 PRIVATE
1720 1567 173 27 CONTRACT,

1365 1595 23 21 in
1406 1601 157 21 consequence
1579 1595 27 21 of
1617 1594 38 22 the
1672 1598 92 24 present
1772 1594 124 28 proprietor

1543 1621 96 27 retiring
1646 1629 6 19 ;

1372 1663 47 14 THE
1428 1663 121 15 VALUABLE
1562 1663 137 15 LEASEHOLD
1713 1663 113 15 PREMISES

1330 1682 55 22 held
1395 1686 24 18 at
1429 1690 14 14 a
1457 1683 44 21 low
1512 1682 88 27 ground
1616 1686 57 24 rent,
1684 1683 136 27 comprising
1830 1683 38 22 the

1503 1715 73 22 SHIP
1592 1714 108 24 HOTEL

1307 1743 24 22 in
1354 1743 198 26 Manners-street,
1575 1742 118 27 ellington,
1725 1742 49 23 well
1791 1742 102 26 situated,

1303 1770 47 21 and
1359 1770 24 21 in
1394 1777 67 19 every
1471 1772 88 25 respect
1573 1770 96 21 suitable
1684 1770 37 21 for
1738 1769 158 27 commanding

1303 1804 14 14 a
1327 1796 107 22 fust-rate
1444 1796 102 22 business
1554 1804 6 19 ;
1576 1796 39 22 the
1630 1796 118 27 adjoining
1757 1796 104 28 premises
1872 1796 23 22 in

1304 1824 37 21 the
1350 1824 134 26 occupation
1493 1824 27 21 of
1531 1824 44 21 Mr.
1588 1822 83 23 Murch
1686 1823 47 22 and
1743 1823 45 22 Mr.
1800 1822 94 28 Minifie,

1305 1851 73 21 sublet
1390 1854 23 18 to
1429 1850 62 22 them
1507 1853 24 18 at
1545 1850 89 27 ground
1649 1853 73 24 rents;
1738 1853 44 18 two
1798 1853 98 23 cottages

1355 1877 113 27 attached,
1480 1877 46 22 and
1535 1876 38 23 the
1585 1877 103 27 spacious
1699 1877 45 22 and
1754 1876 90 28 elegant

1521 1910 158 27 THEATRE,

1305 1938 101 27 recently
1416 1937 89 23 erected
1515 1940 23 19 at
1547 1940 64 25 great
1623 1944 101 21 expence
1734 1937 23 22 in
1769 1937 37 21 the
1815 1944 50 15 rear
1875 1937 26 21 of

1304 1965 38 22 the
1354 1965 77 22 Hotel.

1332 1999 39 20 An
1382 1998 151 25 enterprizing
1549 1998 112 24 capitalist
1676 1997 75 21 would
1760 1998 49 19 find
1818 1998 24 19 in
1853 1997 44 20 this

1306 2027 106 23 property
1421 2030 28 14 an
1466 2023 145 27 opportunity
1621 2022 35 21 for
1671 2022 136 21 investment
1823 2022 73 26 rarely

1305 2053 22 18 to
1337 2050 29 21 be
1375 2053 48 18 met
1431 2049 60 27 with,
1504 2049 44 22 and
1564 2049 74 22 which
1649 2052 59 19 must
1717 2055 68 21 prove
1796 2056 13 15 a
1818 2055 78 16 source

1305 2078 27 21 of
1342 2076 83 23 wealth
1433 2080 25 18 to
1468 2076 38 23 the
1520 2076 131 28 purchaser.

1333 2111 97 22 Further
1444 2110 134 28 particulars
1593 2117 53 20 may
1656 2109 27 22 be
1701 2109 107 22 obtained
1818 2117 28 14 on
1857 2117 39 20 ap-

1305 2137 108 29 plication
1424 2140 22 18 to
1457 2137 46 22 Mr.
1514 2137 83 26 Fuller,
1609 2144 29 14 on
1654 2137 38 21 the
1707 2137 114 26 premises,
1832 2144 24 14 or
1874 2140 23 18 to

1306 2164 95 22 Messrs.
1412 2164 105 27 Holroyd
1526 2164 45 22 and
1583 2164 66 26 Hart,
1661 2163 117 27 solicitors,
1788 2163 32 23 Te
1831 2164 55 22 Aro.

1333 2198 127 21 December
1468 2199 36 25 30,
1517 2198 61 21 1843.

1560 2244 93 20 Seeds.

1306 2279 52 47 A
1373 2278 86 22 VERY
1475 2278 159 22 SUPERIOR
1649 2277 45 22 and
1703 2277 104 22 valuable
1817 2281 81 19 assort-

1387 2308 63 19 ment
1466 2305 27 21 of
1508 2304 61 22 fresh
1587 2304 69 22 Seeds
1672 2305 47 27 just
1733 2305 110 27 received,
1860 2305 38 21 the

1306 2332 49 21 first
1372 2333 26 21 of
1414 2340 14 14 a
1442 2332 90 27 regular
1547 2332 88 28 supply,
1647 2339 49 14 now
1713 2339 30 14 on
1760 2332 46 21 sale
1821 2335 23 18 at
1860 2332 38 21 the

1307 2358 71 22 Office
1399 2359 26 21 of
1441 2358 43 22 this
1505 2359 71 27 Paper
1596 2359 30 27 by
1642 2358 37 22 the
1700 2358 158 28 undersigned,
1874 2358 24 22 in

1306 2386 123 27 quantities
1439 2389 22 18 to
1471 2386 45 21 suit
1524 2385 134 28 purchasers
1667 2393 4 14 :
1673 2396 29 5 —

1334 2419 56 22 Fine
1402 2419 52 22 seed
1463 2426 61 21 peas,
1535 2426 69 15 seven
1613 2419 112 27 varieties,

1335 2447 44 21 Do.
1409 2446 37 21 do.
1474 2445 72 22 brdad
1554 2446 79 27 beans,
1645 2445 62 22 three
1717 2445 113 28 varieties,

1334 2473 45 22 Do.
1409 2473 37 21 do.
1472 2472 68 22 horse
1548 2473 80 26 beans,

1334 2500 45 21 Do.
1409 2500 35 21 do.
1472 2499 82 22 scarlet
1561 2506 97 15 runners
1667 2499 46 22 and
1724 2499 88 22 French
1820 2499 81 27 beans,.

1334 2527 44 21 Do.
1409 2526 36 21 do.
1474 2526 76 27 spring
1559 2525 81 28 wheat,
1653 2528 66 25 tares,
1730 2525 46 22 and
1788 2529 54 24 oats,

1335 2553 85 22 Round
1430 2553 45 22 and
1484 2551 87 29 prickly
1578 2552 101 27 spinach,

1336 2580 66 27 Long
1410 2580 81 22 scarlet
1500 2580 45 21 and
1554 2579 76 28 turnip
1639 2579 83 27 radish,

1335 2607 116 27 Rhubard,
1463 2606 66 22 white
1546 2606 47 22 and
1608 2606 41 22 red
1665 2607 53 22 beet
1733 2606 45 22 and
1792 2606 107 27 mangold

1306 2641 44 15 wui
1355 2634 52 27 tzel,

1336 2661 125 27 Carraway,
1472 2660 49 22 Dill
1530 2660 45 22 and
1585 2660 94 27 Burnet,

1335 2688 44 21 Sea
1389 2688 55 26 cale,
1456 2694 128 20 asparagus,
1595 2690 81 24 carrot,
1687 2687 46 22 and
1746 2687 96 28 parsnip,

1335 2714 97 28 English
1440 2714 53 22 leek
1503 2714 46 22 and
1557 2714 77 25 onion,
1646 2713 95 29 Spanish
1754 2714 35 21 do.

1336 2741 125 27 Vegetable
1478 2748 95 15 marrow
1589 2741 45 21 and
1642 2741 56 27 long
1710 2741 89 27 prickly
1809 2748 91 15 cucum-

1308 2768 47 26 ber,

1336 2794 148 27 Cauliflower,
1494 2794 89 27 endive,
1593 2794 48 21 and
1653 2794 82 28 celery,

1336 2822 120 27 Virginnia
1472 2822 101 26 tobacco,
1587 2821 156 28 mignionette,
1762 2822 47 22 and
1832 2824 68 20 sweet

1308 2856 61 20 peas,

1336 2876 40 21 All
1386 2879 56 20 sorts
1453 2875 26 23 of
1485 2875 86 27 garden
1582 2875 46 22 and
1637 2875 55 22 field
1701 2875 106 28 cabbage,

1336 2903 45 22 Do.
1493 2902 35 23 do.
1613 2900 38 24 do.
1708 2903 81 27 turnip,

1336 2929 40 22 All
1385 2932 55 19 sorts
1449 2929 26 22 of
1481 2929 92 27 lettuce,
1585 2928 70 28 salad,
1667 2929 149 27 andjbrocoli,

1336 2956 39 23 All
1385 2959 57 19 sorts
1451 2956 26 22 of
1483 2956 76 28 lupins
1568 2956 47 22 and
1623 2956 153 27 nasturtiums,

1336 2984 39 21 All
1385 2986 58 19 sorts
1453 2983 26 22 of
1485 2986 69 19 sweet
1565 2983 75 27 herbs,

1336 3010 51 22 One
1396 3009 105 23 hundred
1511 3010 77 22 choice
1599 3010 90 22 varities
1702 3010 28 21 of
1742 3010 76 22 flower
1827 3009 72 28 seeds,

1335 3038 22 21 A
1369 3044 54 20 very
1437 3036 104 23 valuable
1558 3040 134 19 assortment
1707 3037 26 22 of
1746 3036 61 23 fresh
1823 3036 77 23 choice

1307 3071 86 20 grasses
1402 3064 36 22 for
1446 3064 150 27 gentlemen's
1610 3064 71 23 lawns
1697 3063 45 23 and
1757 3063 144 28 agricultural

1308 3098 113 21 purposes,

1336 3118 111 27 Cabbage,
1477 3117 94 28 brocoli,
1600 3117 108 27 rhubard,
1738 3117 74 28 onion,
1840 3117 60 27 leek,

1306 3144 84 23 lettuce
1410 3145 81 27 plants,
1510 3145 49 27 &c,
1580 3151 53 16 now
1651 3144 71 28 ready
1741 3148 23 18 to
1781 3144 29 23 be
1828 3147 73 20 trans-

1306 3171 101 29 planted,
1418 3171 74 23 raised
1501 3172 58 22 from
1569 3171 98 29 samples
1678 3172 27 21 of
1712 3171 64 22 these
1786 3170 72 24 seeds.

1721 3205 42 23 W.
1778 3205 94 23 Moody.

1336 3233 101 22 October
1446 3235 20 25 6,
1479 3234 65 22 1843.

1308 3278 94 51 CAR
1416 3278 19 23 T
1444 3278 42 23 ER
1495 3278 178 28 PARTIES,for
1682 3277 47 24 sale
1740 3282 23 18 at
1768 3281 38 19 the
1815 3279 86 21 Gazette

1367 3306 79 22 Office.
