2540 4010
208 1387 79 23 NEW
305 1387 173 23 ZEALAND.

1900 132 42 21 this
1951 126 52 34 Bay.
2032 132 47 23 The
2089 134 105 22 northern
2208 137 120 27 extremity
2337 137 27 21 of
2375 137 36 22 the
2421 137 67 23 inner

1900 167 97 23 harbour
2006 169 18 21 is
2035 176 12 14 a
2057 169 70 27 sandy
2134 170 72 21 beach
2216 171 26 21 of
2252 172 78 27 nearly
2345 172 62 23 three
2422 174 64 22 miles

1900 204 59 26 long.
1988 205 83 21 Evans'
2081 205 43 21 and
2134 205 109 23 Lambton
2256 207 59 27 Bays
2330 208 84 28 having
2427 209 59 22 their

1900 239 88 23 mouths
1998 244 22 18 to
2027 240 37 22 the
2070 242 65 21 north
2142 242 45 22 and
2192 243 130 27 north-east,
2332 251 37 14 are
2376 244 112 23 sheltered

1900 276 87 26 against
2002 276 38 21 the
2063 277 162 22 south-eastern
2243 278 67 27 wind,
2331 279 72 22 which
2418 280 70 22 blows

1900 311 67 22 about
1978 312 112 22 one-third
2100 313 25 21 of
2136 313 37 22 the
2183 321 58 20 year,
2248 314 45 22 and
2300 314 127 29 frequently
2434 316 52 22 with

1901 351 99 19 extreme
2014 348 101 23 violence
2123 357 5 19 ;
2143 350 65 22 while
2225 351 37 21 the
2275 351 107 22 northern
2397 355 52 24 part
2465 354 26 22 of

1901 384 36 21 the
1948 384 97 22 harbour
2053 385 83 27 having
2145 386 28 22 its
2183 390 105 19 entrance
2298 391 23 18 to
2331 388 38 21 the
2382 388 71 27 south,
2468 389 19 22 is

1901 419 53 28 only
1962 421 105 26 partially
2077 421 110 23 sheltered
2202 423 30 26 by
2249 423 84 22 Somes'
2352 423 83 23 Island.
2465 424 23 21 It

1900 456 19 21 is
1928 456 62 22 often
2001 464 53 20 very
2064 456 93 23 difficult
2166 461 22 19 to
2197 458 53 22 land
2260 459 69 26 goods
2338 459 68 27 there,
2422 459 66 23 while

1899 491 94 28 landing
2004 493 61 21 takes
2074 493 62 27 place
2147 497 23 18 at
2179 494 29 22 all
2219 495 65 22 times
2297 496 54 21 with
2368 503 57 20 ease,
2442 496 46 22 and

1900 529 98 27 security
2012 529 86 26 against
2108 529 100 28 damage,
2220 531 24 21 in
2255 531 111 22 Lambton
2376 531 54 28 Bay.

1926 564 75 22 When
2011 572 14 14 a
2032 565 85 21 beacon
2128 566 18 21 is
2155 567 77 27 placed
2246 574 29 14 on
2292 567 37 22 the
2345 568 51 27 reef,
2415 568 45 22 and
2475 576 13 14 a

1899 600 126 26 lighthouse
2036 608 29 15 on
2075 601 37 22 the
2128 605 85 19 eastern
2230 603 118 27 headland,
2365 604 18 21 it
2399 604 45 22 will
2458 605 30 22 be

1900 644 23 14 as
1929 644 53 20 easy
1990 640 22 19 to
2020 645 41 14 run
2070 645 24 14 or
2100 638 52 21 beat
2161 639 47 21 into
2218 639 53 22 Port
2279 640 121 21 Nicholson
2409 648 23 14 as
2439 641 48 22 into

1900 680 44 20 any
1952 673 99 23 harbour
2059 675 23 21 in
2091 674 37 22 the
2135 675 74 27 world,
2220 675 29 28 by
2257 675 43 28 day
2308 684 25 14 or
2340 676 70 27 night.
2439 677 48 22 The

1900 710 71 28 safety
1980 711 27 21 of
2017 710 37 22 the
2065 714 49 24 port
2122 711 19 21 is
2157 712 94 21 attested
2267 712 31 27 by
2314 712 38 22 the
2369 712 51 28 fact,
2439 713 49 22 that

1900 746 68 28 thirty
1978 747 81 22 vessels
2068 746 57 23 have
2135 747 97 28 entered,
2249 748 47 21 and
2312 748 68 22 about
2393 752 95 24 twenty-

1900 786 42 18 two
1959 783 57 22 have
2034 783 111 28 departed,
2169 784 60 21 since
2246 784 38 22 the
2301 785 81 21 arrival
2400 785 26 22 of
2446 785 41 22 the

2020 819 92 22 without
2127 819 37 23 the
2181 820 119 22 assistance
2318 821 26 21 of
2362 829 44 20 any
2422 822 61 27 pilot,

1900 855 45 22 and
1952 855 139 22 unattended
2098 856 31 26 by
2140 856 36 21 the
2186 856 102 26 slightest
2294 857 103 22 accident
2405 858 25 21 of
2441 865 45 21 any

1899 891 61 21 kind.
1989 891 49 22 Nor
2045 891 56 22 have
2109 891 53 28 they
2169 892 94 22 awaited
2270 892 129 23 favourable
2408 894 76 26 winds,

1898 928 42 22 but
1947 927 58 23 have
2014 927 89 22 worked
2113 928 23 21 in
2147 936 24 14 or
2181 932 39 18 out
2228 932 23 18 at
2266 929 57 22 their
2340 936 48 15 own
2405 937 82 15 conve-

1899 964 87 22 nience.

1926 1001 22 21 It
1963 1001 18 22 is
1994 1001 66 22 -clear
2076 1001 58 22 from
2152 1001 43 22 this
2211 1002 141 27 description,
2370 1002 49 23 that
2435 1002 54 22 Port

1899 1037 123 22 Nicholson
2037 1038 18 21 is
2066 1045 12 13 a
2090 1037 97 22 harbour
2197 1038 26 21 of
2234 1039 146 26 exceedingly
2389 1046 53 20 easy
2452 1046 36 14 ac-

1899 1080 54 20 cess,
1970 1073 44 22 and
2028 1073 18 21 it
2055 1073 17 22 is
2083 1073 109 22 therefore
2202 1074 138 27 astonishing
2349 1074 48 22 that
2411 1082 24 14 so
2444 1074 44 22 few

1899 1110 82 21 vessels
1996 1109 78 22 should
2087 1109 57 22 have
2158 1110 97 22 hitherto
2268 1110 82 22 visited
2365 1110 43 23 this
2423 1113 51 25 port
2484 1120 5 19 ;

1899 1145 46 22 and
1954 1145 37 22 the
1997 1152 61 15 more
2066 1153 30 20 so,
2109 1153 23 13 as
2140 1145 27 22 its
2175 1146 138 21 settlements
2321 1146 70 22 afford
2398 1154 14 14 a
2416 1146 73 28 larger

1899 1181 80 28 supply
1990 1182 23 21 of
2024 1181 37 22 the
2070 1181 97 28 produce
2178 1183 25 21 of
2214 1183 38 21 the
2263 1183 77 21 Straits
2355 1182 54 22 than
2419 1183 70 21 either

1899 1218 87 28 Cloudy
1995 1219 49 27 Bay
2054 1226 24 14 or
2091 1219 78 24 Queen
2183 1219 131 21 Charlotte's
2329 1220 83 21 Sound.
2441 1219 47 21 The

1898 1254 54 27 reef,
1970 1261 25 15 or
2007 1254 75 23 rather
2095 1254 38 23 the
2147 1258 74 25 report
2230 1255 26 22 of
2267 1255 57 22 their
2337 1255 68 27 being
2415 1262 13 14 a
2441 1255 47 27 bar,

1898 1291 40 21 has
1955 1291 56 22 been
2029 1299 24 14 so
2070 1291 99 22 effective
2184 1292 48 21 that
2248 1291 54 22 with
2319 1291 37 22 the
2373 1291 115 28 exception

1900 1328 24 20 of
1938 1327 38 22 the
1995 1328 135 27 Missionary
2147 1328 108 22 schooner
2272 1328 59 22 from
2349 1327 36 22 the
2403 1328 47 27 Bay
2467 1327 26 22 of

1900 1364 95 27 Islands,
2010 1372 31 14 no
2049 1365 82 22 vessels
2143 1365 56 22 have
2209 1364 80 22 visited
2298 1365 18 21 it
2324 1365 35 21 for
2368 1367 43 19 two
2425 1371 65 20 years

1898 1400 128 28 previously
2036 1404 22 18 to
2068 1400 37 23 the
2115 1401 79 22 arrival
2204 1402 26 21 of
2241 1401 36 22 the
2288 1401 134 27 Company's
2432 1400 56 28 ship,

1900 1437 37 22 the
2072 1438 22 21 in
2110 1438 128 27 September
2253 1438 44 21 last
2305 1446 4 19 ;
2328 1437 45 22 and
2387 1437 46 21 this
2447 1437 41 21 has

1899 1474 58 21 been
1974 1474 38 22 the
2030 1482 55 19 case,
2103 1474 84 27 though
2202 1474 37 22 the
2256 1481 121 15 numerous
2392 1474 97 26 whaling

1900 1510 83 22 vessels
2001 1511 109 27 resorting
2128 1514 22 19 to
2169 1510 44 22 this
2229 1514 62 19 coast
2308 1518 38 15 are
2363 1510 127 28 frequently

1899 1547 87 27 greatly
2001 1547 192 22 inconvenienced
2208 1547 34 22 for
2259 1547 37 22 the
2312 1550 61 19 want
2387 1547 27 21 of
2428 1547 61 21 fresh

1900 1584 132 27 provisions.

1928 1620 85 22 Somes'
2021 1620 75 22 Island
2104 1621 18 21 is
2127 1621 26 21 of
2157 1620 151 23 considerable
2316 1621 51 27 size,
2377 1620 45 22 and
2430 1628 59 14 com-

1900 1656 109 28 manding
2023 1665 23 14 as
2060 1658 18 20 it
2091 1657 52 22 does
2158 1657 37 22 the
2210 1661 117 18 entrances
2337 1660 22 19 to
2373 1656 36 23 the
2423 1657 67 22 inner

1900 1693 104 28 harbour,
2016 1693 45 22 and
2070 1694 36 21 the
2115 1693 70 22 whole
2195 1696 78 19 extent
2281 1694 24 21 of
2312 1694 38 21 the
2359 1693 51 22 hills
2420 1696 22 19 to
2453 1693 37 22 the

1901 1733 47 19 east
1963 1731 44 21 and
2020 1734 58 23 west,
2093 1730 73 22 which
2180 1730 95 22 encircle
2291 1730 53 22 Port
2357 1729 131 28 Nicholson,

1900 1766 41 22 has
1958 1767 58 21 been
2036 1767 129 21 considered
2180 1767 49 21 well
2249 1766 96 28 adapted
2359 1766 33 21 for
2409 1773 14 14 a
2438 1766 51 21 fort.

1900 1802 72 23 There
1990 1811 37 14 are
2041 1810 49 15 now
2105 1803 49 22 four
2167 1803 60 27 large
2241 1810 59 20 guns
2315 1802 46 22 and
2374 1809 13 14 a
2400 1801 91 29 powder

1900 1841 118 26 magazine
2027 1848 60 19 upon
2096 1840 25 21 it.

1928 1877 38 21 On
1979 1877 36 22 the
2023 1877 106 21 northern
2140 1877 119 26 extremity
2268 1883 14 15 a
2291 1875 102 23 valuable
2404 1878 83 19 stream

1901 1913 26 22 of
1942 1916 75 24 water,
2034 1914 88 26 uniting
2138 1913 52 22 with
2203 1913 64 22 three
2283 1912 90 22 smaller
2388 1915 100 24 streams,

1901 1949 51 22 falls
1969 1949 49 22 into
2040 1949 37 22 the
2095 1949 103 22 harbour.
2227 1950 54 21 This
2298 1950 59 21 river
2374 1948 40 23 has
2432 1948 58 22 been

1901 1986 84 22 named
1997 1986 38 21 the
2049 1986 65 27 Hutt,
2129 1986 45 22 and
2188 1989 23 19 at
2223 1985 56 28 high
2288 1989 69 18 water
2373 1985 62 22 there
2453 1992 36 15 are

1901 2022 70 20 about
1991 2030 68 13 seven
2079 2023 45 20 feet
2143 2025 68 18 water
2229 2023 25 20 in
2274 2023 24 19 it.
2337 2022 71 21 Three
2428 2022 64 21 mile?

1900 2058 59 21 from
1974 2057 38 22 the
2028 2056 84 28 mouth,
2130 2058 62 21 there
2205 2057 18 21 is
2235 2065 14 14 a
2262 2058 43 21 rise
2316 2058 26 21 of
2355 2057 44 22 tide
2410 2057 26 21 of
2448 2060 43 19 two

1900 2095 46 21 feet
1959 2094 45 22 and
2014 2102 13 14 a
2035 2093 53 23 half.
2117 2093 47 23 The
2173 2094 59 22 river
2245 2094 40 22 has
2299 2094 58 22 been
2373 2093 129 22 examined-

1900 2131 69 21 about
1983 2132 26 20 12
2023 2131 70 26 miles,
2108 2131 46 21 and
2167 2138 44 14 was
2225 2130 71 22 found
2310 2133 23 19 to
2347 2130 28 21 be
2390 2130 26 22 of
2427 2130 66 27 equal

1901 2168 52 26 size,
1963 2167 45 22 and
2015 2170 22 19 to
2044 2166 57 23 have
2109 2174 24 14 as
2140 2170 62 24 great
2209 2175 13 13 a
2229 2167 69 27 depth
2305 2167 26 22 of
2334 2170 67 19 water
2408 2175 22 14 as
2438 2174 56 15 near

1901 2204 37 21 the
1948 2203 103 22 harbour.
2081 2203 22 22 It
2112 2203 18 22 is
2145 2204 110 27 supposed
2269 2204 48 21 that
2332 2204 37 21 the
2379 2204 60 21 Hutt
2448 2204 45 22 will

1899 2241 28 21 be
1937 2241 72 21 found
2019 2243 22 19 to
2051 2240 70 22 afford
2129 2240 59 27 good
2194 2241 53 21 boat
2257 2241 190 21 communication
2456 2241 37 21 for

1900 2284 14 14 a
1921 2276 100 22 distance
2028 2277 99 21 between
2133 2277 59 26 forty
2199 2277 45 21 and
2253 2277 49 27 fifty
2309 2277 70 22 miles.
2405 2277 66 22 After
2478 2285 15 14 a

1900 2314 78 28 period
1988 2314 25 21 of
2020 2314 71 27 heavy
2097 2314 49 21 rain
2155 2314 19 21 it
2181 2314 126 27 discharges
2314 2321 14 14 a
2335 2314 60 27 large
2403 2314 89 28 quanti-

1901 2354 24 24 ty
1935 2350 26 22 of
1971 2354 68 18 water
2049 2353 23 19 at
2084 2357 14 14 a
2107 2350 95 28 rapidity
2213 2351 24 20 of
2244 2351 51 21 four
2308 2351 64 22 miles
2387 2358 28 15 an
2425 2350 66 24 hour.

1901 2378 22 21 It
1932 2378 19 21 is
1959 2385 54 19 very
2024 2377 124 27 serpentine
2155 2378 23 21 in
2186 2378 29 21 its
2225 2385 85 20 course,
2322 2377 45 22 and
2372 2381 23 18 at
2402 2382 91 23 present

1900 2405 19 21 is
1934 2412 56 20 very
2002 2404 68 22 much
2086 2404 86 22 choked
2191 2407 23 18 at
2231 2405 29 21 its
2278 2411 121 15 numerous
2418 2404 71 23 bends

1901 2431 53 22 with
1962 2435 57 18 trees
2027 2431 44 21 and
2077 2430 61 26 sand,
2146 2431 97 27 forming
2249 2431 63 22 dams
2319 2432 24 21 in
2349 2439 60 14 some
2417 2431 75 27 places

1901 2458 26 21 of
1933 2458 86 22 several
2028 2458 45 21 feet
2081 2457 53 27 lu'gh
2143 2466 4 18 ;
2164 2458 37 22 the
2216 2458 100 22 removal
2327 2458 26 22 of
2362 2458 74 21 which
2448 2465 43 15 can

1902 2484 74 28 easely
1983 2486 27 21 be
2021 2484 169 28 accomplished,
2202 2485 46 22 and
2255 2485 44 22 will
2308 2485 35 27 be,
2355 2492 22 14 as
2387 2485 40 22 has
2434 2485 57 22 been

1901 2512 85 27 proved
1994 2512 31 26 by
2033 2510 36 23 the
2079 2512 99 21 removal
2188 2512 26 21 of
2220 2515 43 18 two
2271 2519 25 14 or
2304 2512 69 25 three,
2385 2512 108 22 attended

1901 2538 54 23 with
1963 2538 108 27 checking
2077 2538 36 21 the
2120 2538 143 28 overflowing
2269 2538 26 22 of
2297 2538 38 22 the
2340 2538 71 22 banks
2418 2538 73 23 which

1901 2565 40 22 has
1959 2565 94 22 occured
2070 2565 61 22 since
2146 2573 40 14 our
2200 2566 87 21 arrival.
2317 2565 176 29 Unfortunately

1903 2592 61 21 there
1971 2592 19 22 is
1997 2599 14 14 a
2018 2592 55 21 sand
2079 2592 40 21 bar
2126 2596 23 18 at
2156 2592 37 22 the
2201 2592 78 22 mouth
2288 2592 26 22 of
2320 2592 61 21 these
2390 2595 98 25 streams,

1902 2619 72 22 which
1990 2622 83 19 cannot
2086 2619 28 22 be
2131 2626 123 20 overcome,
2270 2620 24 21 in
2310 2619 37 22 the
2365 2620 88 26 opinion
2469 2620 27 21 of

1901 2653 70 19 many
1985 2645 96 22 resident
2097 2646 60 27 here,
2174 2646 94 21 without
2284 2653 29 14 an
2329 2646 75 27 outlay
2418 2646 73 22 which

1903 2676 84 18 connot
1999 2673 28 21 be
2037 2672 107 27 provided
2157 2672 51 23 thus
2219 2672 60 27 early
2289 2672 32 28 by
2330 2673 37 21 the
2377 2672 113 23 colonists.

1903 2699 28 22 In
1940 2702 61 19 must
2015 2702 39 18 not
2061 2700 29 21 be
2100 2699 98 22 inferred
2206 2699 60 22 from
2275 2699 44 22 this
2329 2699 47 22 that
2385 2700 38 21 the
2433 2700 60 21 river

1903 2726 18 21 is
1934 2726 141 21 unavailable
2089 2733 57 20 now,
2162 2726 33 21 for
2211 2733 56 15 even
2281 2730 23 17 at
2317 2730 96 24 present,
2428 2726 65 22 boats

1904 2753 102 27 carrying
2020 2760 67 20 many
2101 2756 57 23 tons,
2178 2760 37 15 are
2230 2753 128 27 constantly
2372 2753 121 27 ascending

1903 2780 45 21 and
1958 2779 135 28 descending
2103 2779 37 22 the
2150 2780 64 26 Hutt,
2229 2780 42 21 but
2280 2787 37 14 are
2328 2779 87 27 obliged
2425 2782 22 19 to
2457 2787 36 15 re-

1903 2806 56 28 gard
1972 2807 37 21 the
2023 2806 54 23 time
2087 2806 25 22 of
2124 2806 45 23 tide
2183 2810 23 18 to
2220 2814 51 20 pass
2284 2807 24 21 in
2324 2814 24 14 or
2363 2810 38 18 out
2415 2807 26 21 of
2454 2806 38 23 the

1903 2833 64 22 river.
1998 2834 22 21 It
2027 2834 17 21 is
2054 2833 110 28 supposed
2171 2833 48 22 that
2227 2833 79 27 nearly
2317 2833 28 22 all
2356 2833 37 22 the
2401 2841 91 19 surveys

1904 2860 25 21 of
1940 2864 95 23 country
2044 2860 64 22 lands
2122 2860 45 22 will
2179 2860 30 22 be
2221 2860 25 21 in
2261 2859 38 22 the
2314 2860 73 27 valley
2396 2860 96 27 through

1903 2886 73 23 which
1985 2887 37 22 the
2033 2887 58 22 Hutt
2100 2894 61 15 runs.

1929 2913 49 22 The
1988 2914 89 22 mouths
2086 2914 26 21 of
2123 2914 61 21 these
2194 2917 100 23 streams,
2309 2913 87 22 backed
2405 2921 23 14 as
2439 2913 54 28 they

1904 2947 36 14 are
1950 2940 54 22 with
2013 2948 14 14 a
2035 2940 61 28 large
2103 2940 80 28 valley,
2195 2941 45 21 and
2248 2941 85 27 having
2342 2948 13 14 a
2362 2940 44 23 fine
2414 2940 77 28 beach,

1903 2966 74 23 which
1986 2968 18 21 it
2013 2975 43 14 was
2066 2966 107 24 intended
2181 2971 22 18 to
2210 2975 103 19 preserve
2321 2968 34 21 i'ov
2362 2968 75 26 public
2445 2974 46 20 use,

1903 2994 120 26 suggested
2032 2994 60 22 them
2102 3001 24 15 as
2136 2994 36 22 the
2183 3001 80 21 proper
2273 2994 41 21 site
2324 2994 33 21 for
2376 2994 37 21 the
2432 2994 61 26 prin-

1904 3020 58 27 cipal
1973 3021 52 27 city.
2053 3021 48 22 The
2110 3021 110 27 goodness
2230 3021 26 21 of
2262 3021 38 21 the
2309 3020 132 23 foundation
2459 3020 34 23 for

1903 3047 102 27 building
2014 3055 60 20 upon
2082 3048 25 21 in
2116 3048 30 21 all
2155 3051 59 24 parts
2225 3048 26 21 of
2257 3047 37 22 the
2305 3048 40 21 site
2355 3054 44 15 was
2414 3047 79 22 doubt-

1903 3073 33 22 ful
1943 3081 5 19 ;
1959 3074 19 21 it
1987 3081 43 14 was
2041 3074 74 22 feared
2124 3074 57 22 from
2192 3074 83 21 certain
2289 3074 139 26 indications,
2444 3074 49 22 that

1903 3100 38 21 the
1960 3104 51 24 spot
2028 3108 44 14 was
2087 3100 115 27 subjected
2217 3104 23 18 to
2256 3100 120 28 periodical
2395 3100 99 22 inunda-

1903 3126 48 22 tion
1959 3135 4 18 ;
1977 3126 44 23 and
2039 3127 48 22 that
2105 3127 37 22 the
2162 3135 98 19 expence
2280 3128 26 21 of
2322 3127 104 27 drainage
2446 3127 45 22 and

1903 3153 98 28 keeping
2011 3157 38 18 out
2058 3154 36 21 the
2104 3158 67 18 water
2181 3154 74 22 would
2264 3154 86 27 greatly
2360 3161 86 20 surpass
2455 3153 37 22 the

1904 3187 77 14 means
1999 3180 116 28 possessed
2136 3182 30 26 by
2188 3188 30 14 an
2236 3182 75 21 infant
2330 3180 56 28 City.
2427 3180 66 22 After

1903 3206 68 22 much
1981 3206 84 23 careful
2075 3207 45 22 and
2137 3207 121 28 prolonged
2276 3208 152 21 examination
2448 3207 45 21 and

1904 3234 94 21 anxious
2009 3234 169 26 consideration,
2189 3234 38 22 the
2238 3234 122 29 justifiable
2378 3234 115 22 character

1905 3260 25 21 of
1937 3260 62 21 these
2007 3260 57 21 fears
2072 3260 44 23 and
2124 3260 78 23 doubts
2211 3262 118 26 suggested
2336 3261 36 22 the
2380 3260 113 28 prudence

1904 3286 26 22 of
1942 3287 93 27 making
2054 3287 110 23 Lambton
2183 3288 106 22 Harbour
2307 3288 38 21 the
2363 3287 40 21 site
2414 3287 27 21 of
2455 3286 36 23 the

1904 3317 67 18 town.
2000 3314 23 22 It
2031 3314 19 21 is
2060 3321 14 14 a
2081 3314 107 23 beautiful
2199 3317 56 25 spot,
2267 3314 45 22 and
2321 3314 18 21 is
2354 3314 47 21 said
2419 3316 22 19 to
2456 3321 37 14 re-

1904 3340 84 23 semble
1997 3341 24 22 in
2032 3341 27 22 its
2068 3341 65 27 form,
2145 3341 36 22 the
2190 3340 56 23 land
2256 3348 29 14 on
2295 3340 72 22 which
2375 3340 85 27 Naples
2473 3340 19 21 is

1903 3366 64 23 built.
1995 3368 48 21 The
2053 3368 55 26 zeal,
2119 3368 92 26 activity
2229 3367 46 22 and
2293 3373 165 22 perseverance,
2470 3366 25 22 of

1904 3393 37 22 the
1954 3394 273 28 Surveyor-Generaland
2236 3394 36 21 his
2289 3394 53 22 staff
2352 3393 56 27 .lead
2426 3401 26 14 us
2469 3396 24 23 to,

1903 3420 66 28 hope,
1981 3421 49 22 that
2038 3422 24 21 in
2072 3425 43 18 two
2124 3421 89 22 months
2223 3420 38 23 the
2272 3424 59 19 town
2340 3421 61 25 ach,;
2409 3419 46 22 will
2463 3419 33 26 be.

1904 3454 58 20 open
1973 3451 22 18 to
2006 3448 113 22 selection.
2399 3445 12 17 V{
2411 3456 33 10 '*>-

1930 3474 33 21 To
1979 3474 37 22 the
2034 3478 46 19 east
2094 3474 45 23 and
2154 3478 59 23 west,
2231 3474 38 22 the
2282 3473 53 22 hills
2349 3480 62 14 come
2427 3473 86 26 dowtijv

1904 3504 22 18 to
1938 3501 38 22 the
1986 3503 85 20 water's
2081 3501 55 27 edge
2146 3501 25 22 of
2187 3501 52 21 Port
2248 3499 130 27 Nicholson,
2388 3500 42 21 but
2439 3499 61 28 thay-

1904 3534 37 15 are
1950 3528 30 27 by
1987 3535 29 14 no
2027 3534 76 15 means
2112 3528 131 21 formidable
2252 3527 23 22 in
2286 3526 81 27 height.
2397 3526 22 22 A
2429 3529 78 29 g/eafc,.

1905 3554 50 21 deal
1965 3555 24 21 of
2001 3554 36 22 the
2047 3554 53 22 land
2113 3554 23 22 in
2147 3554 42 22 this
2199 3558 50 23 part
2258 3554 26 21 of
2295 3554 55 21 New
2361 3553 99 22 Zealand
2473 3553 25 22 is:

1904 3581 84 23 similar
1994 3582 24 22 in
2024 3581 55 22 form
2087 3581 46 22 and
2138 3581 104 27 clothing.
2269 3580 48 21 The
2325 3586 137 20 appearance
2470 3579 33 22 of*

1905 3608 37 21 the
1957 3608 55 22 land
2025 3615 52 15 seen
2089 3608 57 21 from
2160 3615 13 14 a
2182 3607 34 22 far
2229 3608 20 20 is
2263 3606 164 28 unpromising;
2443 3606 19 21 it
2475 3606 24 24 is.

1904 3635 111 27 supposed
2027 3638 22 18 to
2060 3635 27 21 be
2098 3641 13 14 a
2121 3634 123 22 succession
2255 3633 26 21 of
2291 3633 78 22 barren
2380 3633 58 26 hills,
2453 3633 42 20 but

1905 3668 59 20 upon
1981 3662 67 26 being
2068 3660 138 28 approached
2224 3660 53 26 they
2291 3667 38 14 are
2343 3659 71 22 found
2428 3662 22 18 to
2465 3659 28 22 be

1905 3688 94 21 covered
2020 3691 22 18 to
2061 3687 57 22 their
2135 3695 53 19 very
2202 3686 103 23 summits
2322 3686 53 21 with
2394 3693 12 14 a
2425 3686 73 21 dense-

1903 3714 96 26 matting
2013 3714 25 21 of
2049 3714 79 21 timber
2143 3716 44 19 and
2202 3713 139 26 brushwood,
2362 3712 72 22 which
2441 3715 53 25 jnot

1904 3740 57 21 until
1976 3741 53 20 then
2043 3740 77 27 betray
2129 3740 56 21 their
2201 3740 116 27 perpetual
2330 3736 162 32 verdyiTtS^'As

1904 3773 13 14 a
1926 3767 87 21 further
2026 3767 65 27 proof
2099 3767 25 20 of
2135 3766 37 22 the
2187 3766 168 30 extraordinary
2368 3765 132 26 fesftil'itjrbf

1904 3793 62 21 these
1975 3793 57 27 hills,
2043 3793 17 21 it
2069 3800 52 20 may
2129 3793 28 22 be
2168 3791 222 27 stetted'-thatitihough
2400 3791 97 26 the'low.-

1903 3819 65 21 lands
1985 3827 38 14 are
2039 3819 40 27 dry
2098 3819 44 22 and
2161 3815 309 35 fertUep^Etfe'-'iS'atLyres'.give
2480 3826 14 14 a

1903 3846 92 25 general
2008 3846 126 27 preference
2148 3849 22 18 to
2181 3845 36 22 the
2222 3861 4 6 ,
2230 3847 56 26 tops'
2294 3845 54 22 and-
2352 3842 56 24 sifles
2420 3845 25 21 of
2456 3845 38 22 the

1905 3872 56 27 hills,
1978 3873 34 21 for
2027 3872 36 22 the
2079 3873 130 22 cultivation
2223 3873 25 21 of
2263 3869 153 26 their.-Indian
2431 3871 60 27 coin,

1904 3902 107 25 potatoes,
2024 3899 38 22 &c.
2073 3899 40 22 &c.
2284 3903 5 4 '
2317 3902 34 28 '<^\
2360 3900 13 17 >

2084 3940 43 28 [To
2137 3940 28 23 be
2174 3939 141 28 continued.]
2326 3958 5 3 -

1310 1061 42 23 We
1368 1062 78 27 gather
1462 1062 37 22 the
1516 1063 117 21 substance
1655 1063 26 21 of
1698 1062 38 22 the
1755 1062 116 27 following

1284 1098 131 28 description
1434 1099 57 21 from
1508 1106 14 14 a
1539 1098 91 28 journal
1647 1098 73 22 which
1736 1098 40 21 has
1792 1098 79 27 kindly

1282 1134 56 23 been
1355 1135 80 28 placed
1450 1138 23 19 at
1489 1143 41 14 our
1546 1134 102 28 disposal.
1679 1135 33 21 As
1729 1142 32 14 we
1775 1141 95 21 purpose

1283 1172 85 27 weekly
1375 1172 77 27 giving
1459 1180 60 13 some
1527 1174 96 19 account
1630 1172 26 21 of
1663 1171 37 22 the
1708 1171 56 22 New
1771 1170 101 22 Zealand

1284 1207 63 23 Land
1357 1209 134 27 Company's
1501 1208 126 27 territories,
1642 1208 47 22 and
1700 1207 64 22 other
1772 1207 100 28 portions

1284 1245 25 22 of
1319 1246 56 21 New
1386 1245 105 28 Zealand,
1507 1253 41 14 our
1557 1245 73 22 fellow
1640 1245 111 22 Colonists
1760 1243 75 22 would
1843 1243 28 22 be

1284 1282 88 27 serving
1382 1281 36 22 the
1434 1289 104 14 common
1553 1280 60 28 good
1627 1281 31 27 by
1675 1280 108 27 affording
1799 1287 27 14 us
1842 1279 30 22 all

1284 1317 36 23 the
1329 1318 144 22 information
1481 1318 55 27 they
1542 1325 51 15 now
1599 1324 95 21 possess,
1702 1317 45 21 and
1754 1323 52 20 may
1813 1316 59 22 from

1284 1354 52 22 time
1346 1357 23 19 to
1379 1355 54 21 time
1443 1355 96 27 acquire.

1310 1391 53 22 Port
1372 1390 122 23 Nicholson
1503 1391 20 21 is
1534 1390 95 22 situated
1643 1397 29 14 on
1683 1389 37 22 the
1731 1392 86 19 eastern
1828 1388 44 23 end

1284 1428 25 21 of
1320 1428 38 21 the
1366 1427 73 22 North
1447 1427 83 26 Island,
1538 1427 24 21 in
1571 1426 80 23 Cook's
1659 1426 85 21 Straits.
1774 1425 35 21 On
1817 1425 55 22 both
1877 1442 5 13 ,

1284 1463 63 28 sides,
1360 1467 23 19 at
1392 1464 36 22 the
1439 1467 112 22 entrance,
1560 1463 62 21 there
1633 1470 38 14 are
1680 1462 123 22 headlands
1811 1470 5 19 ;
1833 1462 40 21 but

1284 1508 28 14 on
1322 1501 38 21 the
1371 1503 93 19 western
1473 1500 54 26 side,
1538 1499 61 22 there
1609 1500 18 21 is
1637 1506 14 15 a
1660 1499 64 28 point
1733 1500 57 21 from
1800 1498 73 22 which

1284 1545 13 14 a
1306 1538 51 21 reef
1367 1544 53 14 runs
1428 1536 42 21 off:
1486 1536 30 21 all
1524 1536 38 21 the
1569 1535 71 27 rocks,
1649 1535 110 27 however,
1769 1534 24 22 of
1800 1534 72 22 which

1283 1573 18 22 it
1308 1574 19 21 is
1340 1573 94 28 formed,
1452 1572 116 27 including
1584 1571 37 23 the
1639 1574 128 25 outermost,
1785 1578 38 15 are
1839 1571 35 21 far

1285 1610 69 22 above
1364 1610 54 26 high
1435 1612 67 19 water
1517 1609 72 21 mark.
1618 1608 48 22 The
1684 1611 85 19 eastern
1787 1608 46 21 side
1851 1608 26 20 of

1284 1646 36 22 the
1331 1649 106 19 entrance
1446 1646 19 21 is
1475 1653 13 14 a
1498 1653 54 19 very
1566 1644 54 23 bold
1635 1644 120 23 headland.
1784 1644 29 21 In
1830 1651 42 14 one

1285 1683 25 21 of
1327 1682 38 23 the
1383 1682 80 27 charts,
1480 1682 38 22 the
1538 1682 96 21 harbour
1653 1682 19 21 is
1691 1681 142 27 represented
1849 1687 24 14 as

1284 1719 83 28 having
1378 1727 12 14 a
1399 1720 40 21 bar
1449 1722 23 18 at
1478 1719 37 22 the
1527 1722 112 18 entrance.
1670 1718 23 22 It
1700 1718 20 21 is
1731 1717 90 22 evident
1830 1716 43 22 this

1284 1757 88 26 portion
1383 1757 24 21 of
1419 1755 37 23 the
1467 1756 64 21 chart
1539 1762 45 15 was
1597 1754 118 27 suggested
1731 1754 31 27 by
1778 1754 39 22 the
1835 1761 39 20 ap-

1284 1800 115 20 pearance,
1411 1792 46 23 and
1466 1795 40 20 not
1516 1791 90 23 derived
1619 1792 59 21 from
1695 1798 13 15 a
1725 1797 87 20 survey.
1842 1790 32 21 At

1285 1837 60 14 some
1356 1829 98 22 distance
1464 1828 58 22 from
1531 1828 38 22 the
1582 1828 105 26 harbour,
1705 1827 38 22 the
1759 1827 50 21 reef
1821 1827 52 21 does

1285 1873 81 20 appear
1376 1869 22 18 to
1409 1865 82 23 extend
1500 1872 74 14 across
1584 1864 37 22 the
1632 1867 112 24 entrance,
1760 1863 40 22 but
1813 1870 60 21 upon

1284 1903 68 26 being
1370 1902 146 27 approached,
1534 1902 19 20 is
1569 1901 70 21 found
1656 1904 23 18 to
1697 1901 29 21 be
1742 1907 24 15 as
1782 1900 92 26 already

1285 1938 122 23 described.

1311 1975 48 22 The
1368 1975 103 27 harbour,
1480 1976 61 21 since
1551 1975 18 21 it
1576 1982 61 15 came
1647 1975 48 20 into
1704 1974 37 21 the
1749 1974 125 27 possession

1285 2011 25 23 of
1320 2011 38 23 the
1367 2011 57 23 New
1438 2011 100 22 Zealand
1550 2011 64 22 Land
1625 2011 123 27 Company,
1762 2010 41 22 has
1816 2010 58 22 been

1284 2054 54 20 very
1345 2047 106 27 carefully
1461 2046 101 23 sounded
1572 2046 44 22 and
1623 2046 111 27 surveyed
1742 2047 29 26 by
1780 2046 94 27 Captain

1285 2084 105 26 Chaffers,
1407 2083 65 22 while
1487 2084 25 21 in
1529 2082 120 23 command
1666 2083 25 21 of
1706 2082 38 22 the

1284 2121 47 21 The
1339 2120 126 22 shallowest
1472 2120 121 27 soundings
1600 2119 72 22 found
1679 2119 57 21 from
1743 2119 36 21 the
1785 2122 86 18 eastern

1284 2157 119 28 headland,
1422 2157 43 21 and
1481 2157 51 21 reef
1550 2164 29 14 on
1595 2156 38 22 the
1650 2159 54 19 west
1724 2156 51 26 side,
1796 2158 23 18 to
1835 2155 38 21 the

1285 2194 131 27 anchorage,
1428 2193 76 22 within
1515 2200 43 15 one
1567 2193 53 22 mile
1637 2192 47 23 and
1698 2200 14 14 a
1729 2192 49 22 half
1794 2192 26 22 of
1835 2192 39 21 the

1284 2230 106 22 northern
1402 2230 118 27 extremity
1531 2229 25 22 of
1566 2229 38 22 the
1614 2229 105 27 harbour,
1729 2229 19 22 is
1759 2228 61 27 eight
1828 2228 46 22 and

1285 2274 13 14 a
1307 2267 50 21 half
1368 2267 103 21 fathoms.

1310 2304 49 22 The
1383 2303 97 22 distance
1504 2303 58 23 from
1585 2303 37 22 the
1646 2303 123 22 headlands
1792 2305 23 20 to
1835 2302 37 22 the

1284 2340 107 23 northern
1407 2340 119 28 extremity
1543 2341 25 21 of
1585 2340 37 22 the
1636 2340 72 22 beach
1724 2340 17 22 is
1759 2342 26 20 12
1801 2340 71 22 miles.

1284 2377 72 31 Thege
1366 2378 19 21 is
1393 2377 60 28 good
1462 2376 89 28 shelter,
1562 2377 45 22 and
1623 2377 38 22 the
1678 2376 92 28 holding
1785 2376 89 27 ground

1284 2414 19 22 is
1312 2408 59 36 alpce
1382 2414 111 22 excellent
1503 2422 29 14 on
1541 2413 29 23 all
1577 2416 60 25 parts
1645 2414 25 22 of
1682 2414 54 21 Port
1741 2413 131 22 Nicholson.

1285 2451 44 22 For
1338 2451 158 27 convenience,
1508 2458 33 15 we
1552 2451 42 21 will
1609 2451 68 27 speak
1691 2450 28 22 of
1735 2450 36 22 the
1785 2453 51 24 port
1849 2456 24 15 as

1284 2487 84 27 having
1378 2495 29 14 an
1414 2488 67 21 inner
1491 2487 46 22 and
1547 2495 29 14 an
1590 2490 64 19 outer
1669 2487 103 22 harbour.
1801 2486 73 23 There

1284 2524 19 21 is
1313 2531 29 14 an
1352 2524 80 27 island,
1444 2531 49 14 now
1504 2523 72 22 called
1585 2524 85 21 Somes'
1682 2523 82 27 Island,
1772 2522 74 23 which
1854 2523 19 20 is

1285 2561 96 22 situated
1390 2561 68 22 about
1465 2561 52 21 half
1527 2568 49 21 way
1589 2561 102 21 between
1708 2560 38 22 the
1761 2559 114 22 headland

1286 2597 43 22 and
1344 2597 50 22 reef
1412 2597 45 22 and
1472 2597 39 22 the
1529 2597 108 22 northern
1658 2597 118 27 extremity
1793 2596 24 22 of
1836 2596 38 22 the

1285 2633 107 28 harbour;
1418 2634 43 22 this
1477 2634 74 22 island
1572 2637 112 25 separates
1700 2634 37 21 the
1758 2633 114 22 harbours.

1285 2670 47 23 The
1352 2674 63 19 outer
1432 2670 104 28 harbour,
1556 2670 72 22 which
1648 2670 95 23 extends
1760 2670 59 21 from
1837 2669 37 22 the

1287 2711 104 19 entrance
1401 2711 23 19 to
1433 2707 38 23 the
1479 2707 87 23 outside
1574 2707 26 22 of
1610 2707 85 23 Somes'
1704 2707 83 27 Island,
1795 2707 19 21 is
1821 2707 54 26 long

1287 2745 44 22 and
1348 2752 94 21 narrow,
1467 2745 26 21 of
1514 2752 14 14 a
1546 2744 96 22 channel
1663 2744 75 27 shape.
1782 2743 36 22 On
1838 2742 36 22 the

1287 2785 87 18 eastern
1381 2782 54 26 side,
1445 2780 61 23 there
1513 2781 19 22 is
1541 2788 13 14 a
1561 2780 64 23 small
1632 2780 73 23 island
1713 2780 71 21 called
1788 2779 87 22 Ward's

1287 2818 84 22 Island.
1406 2818 48 22 The
1470 2821 106 18 entrance
1597 2820 24 19 to
1641 2817 39 22 the
1695 2817 65 21 inner
1778 2816 97 22 harbour

1286 2855 114 27 generally
1411 2855 97 21 selected
1516 2855 31 27 by
1557 2854 83 27 sailors,
1651 2854 19 22 is
1680 2854 101 22 between
1788 2852 88 22 Ward's

1287 2891 44 22 and
1341 2891 84 23 Somes'
1434 2891 84 22 Island.
1547 2891 47 21 The
1601 2890 99 22 harbour
1706 2890 77 22 within
1792 2890 83 21 Somes'

1288 2927 78 22 Island
1372 2928 19 21 is
1400 2928 75 21 rather
1484 2935 62 14 more
1560 2927 55 22 than
1632 2926 81 23 double
1729 2926 37 22 the
1781 2924 94 23 breadth

1287 2964 25 21 of
1323 2963 38 22 the
1372 2966 62 19 outer
1442 2964 104 27 harbour,
1564 2963 38 22 the
1611 2962 72 23 whole
1693 2963 27 21 of
1729 2962 37 22 the
1775 2962 100 22 increase

1287 2999 66 28 being
1364 3007 28 15 on
1402 3000 38 22 the
1450 3003 94 19 western
1555 3000 52 22 side.
1638 3000 36 22 On
1682 2999 38 22 the
1726 3002 94 19 western
1830 2998 45 22 side

1287 3035 36 23 the
1332 3036 54 21 land
1395 3039 23 19 to
1428 3036 37 21 the
1475 3035 66 23 south
1550 3035 19 22 is
1578 3035 109 22 indented
1696 3035 54 22 with
1759 3038 42 18 two
1810 3034 61 27 bays,

1287 3072 46 22 The
1348 3072 48 22 first
1409 3071 71 23 called
1498 3072 83 21 Evans'
1596 3071 55 27 Bay,
1670 3071 19 21 is
1706 3071 27 22 of
1748 3079 14 14 a
1780 3070 94 22 channe.

1287 3108 75 28 shape,
1374 3108 45 22 and
1427 3108 121 22 resembles
1557 3107 37 22 the
1605 3110 64 19 outer
1680 3107 102 26 harbour,
1801 3107 41 21 but
1857 3106 19 21 is

1287 3144 42 21 less
1339 3144 55 22 than
1403 3144 51 21 half
1459 3144 28 21 its
1494 3143 76 28 width,
1579 3143 45 22 and
1631 3144 38 21 the
1678 3142 75 23 shores
1760 3142 25 21 of
1793 3142 82 22 Evans'

1288 3182 47 25 Bay
1353 3179 57 23 have
1430 3187 13 14 a
1459 3183 89 24 greater
1573 3179 112 28 declivity.
1723 3179 46 22 The
1793 3185 39 15 sea
1851 3178 25 21 in

1288 3217 79 21 Cook's
1378 3217 76 22 Straits
1465 3224 41 15 can
1518 3217 67 28 easily
1592 3217 28 21 be
1631 3215 140 30 approached
1780 3215 58 22 from
1847 3215 29 21 its

1288 3253 124 28 extremity,
1428 3253 73 22 which
1515 3253 19 22 is
1549 3252 78 28 nearly
1644 3253 43 21 due
1703 3252 71 22 south.
1804 3252 73 21 Here-

1287 3288 56 23 after
1350 3290 20 21 it
1378 3289 45 22 will
1437 3289 113 22 doubtless
1565 3290 27 21 be
1609 3289 69 22 much
1693 3287 99 23 resorted
1807 3291 23 18 to
1846 3287 29 27 by

1287 3325 59 28 ships
1364 3326 84 27 having
1463 3329 23 19 to
1502 3326 74 27 repair
1592 3333 25 15 or
1626 3333 11 14 r
1644 3326 45 22 efit.
1719 3324 157 27 Immediately

1287 3361 115 28 adjoining
1418 3362 81 22 Evans'
1516 3363 55 27 Bay,
1588 3363 40 21 but
1645 3366 22 18 to
1684 3361 37 23 the
1736 3363 54 20 west
1805 3361 27 21 of
1847 3361 29 21 its

1287 3399 44 21 and
1341 3398 52 28 only
1404 3399 116 27 separated
1528 3399 31 27 by
1573 3406 13 14 a
1602 3405 55 21 very
1672 3405 87 14 narrow
1774 3396 63 28 ridge
1854 3396 25 22 of

1286 3434 56 29 lofty
1346 3435 61 27 land,
1414 3435 19 22 is
1440 3442 12 14 a
1456 3435 111 22 beautiful
1573 3435 50 27 bay,
1630 3441 52 16 now
1688 3433 71 22 called
1764 3433 111 22 Lambton

1287 3471 117 28 Harbour;
1426 3471 28 22 its
1472 3472 118 27 extremity
1607 3471 18 22 is
1642 3471 47 22 also
1706 3474 23 18 to
1747 3470 37 22 the
1802 3469 72 22 south.

1287 3507 193 23 Communication
1490 3507 59 23 from
1559 3508 17 21 it
1585 3507 53 23 with
1654 3507 37 22 the
1702 3507 45 21 end
1756 3507 25 21 of
1793 3506 82 22 Evans'

1287 3544 47 28 Bay
1343 3544 19 22 is
1371 3544 108 28 perfectly
1489 3552 60 20 easy.
1578 3545 23 21 It
1609 3544 19 21 is
1639 3544 68 22 about
1716 3550 42 15 one
1767 3542 54 23 mile
1832 3542 44 23 and

1287 3587 13 14 a
1308 3580 51 22 half
1369 3580 76 22 broad.
1473 3580 49 22 The
1533 3580 46 22 side
1589 3579 96 22 towards
1696 3579 80 22 Evans'
1793 3579 47 27 Bay
1857 3579 18 21 is

1286 3615 62 29 deep,
1360 3617 45 21 and
1415 3616 100 22 wharves
1528 3624 42 14 can
1586 3617 28 21 be
1632 3616 89 22 erected
1738 3615 52 22 here
1807 3619 24 18 at
1846 3622 29 15 an

1287 3660 98 21 expence
1395 3660 24 14 so
1428 3653 122 27 moderate,
1562 3660 23 14 as
1594 3656 23 18 to
1626 3652 29 22 be
1668 3653 61 27 quite
1746 3652 77 22 within
1838 3652 37 21 the

1286 3695 77 16 means
1373 3689 26 21 of
1409 3688 38 23 the
1463 3689 90 22 earliest
1569 3689 117 22 Colonists.
1717 3689 34 21 On
1769 3688 44 21 this
1829 3688 46 21 side

1287 3725 61 22 there
1357 3725 19 21 is
1385 3724 54 28 only
1448 3732 65 20 space
1523 3725 35 22 for
1567 3733 14 14 a
1589 3725 62 27 road,
1663 3725 45 21 and
1724 3725 36 21 the
1776 3724 64 22 shore
1857 3724 18 21 is

1286 3761 75 28 rocky.
1389 3761 48 21 The
1447 3762 115 27 southerly
1571 3761 45 23 and
1625 3761 102 27 westerly
1739 3761 56 21 sides
1804 3760 26 22 of
1839 3760 36 21 the

1285 3798 44 28 bay
1338 3805 36 14 are
1384 3797 89 22 shallow
1482 3806 5 19 ;
1503 3798 100 22 wharves
1613 3805 53 21 may
1680 3798 47 21 also
1743 3797 26 23 be
1788 3795 88 24 erected

1285 3834 53 24 bore
1348 3837 25 18 at
1379 3841 14 14 a
1402 3833 113 22 moderate
1526 3837 53 23 cost,
1590 3834 42 21 but
1641 3836 41 19 not
1689 3834 35 20 for
1731 3840 13 14 a
1750 3833 62 26 large
1821 3832 54 22 class

1286 3870 28 30 ojff
1322 3869 89 25 vessels.
1439 3869 47 23 The
1496 3869 65 22 shore
1573 3877 28 14 on
1613 3869 61 23 these
1691 3869 59 23 sides
1765 3869 18 21 is
1801 3876 13 14 a
1832 3869 43 21 fine

1285 3899 87 36 smiftgle
1380 3905 77 23 beach.
1487 3906 48 22 The
1546 3906 123 27 soundings
1680 3913 37 14 are
1732 3906 68 21 about
1809 3911 66 16 seven

1285 3936 96 39 fjpitorns
1390 3942 76 23 within
1481 3944 41 21 400
1539 3943 65 28 yards
1620 3943 26 22 of
1663 3942 37 22 the
1719 3942 117 27 extremity
1856 3941 24 22 of

84 1449 51 23 The
146 1453 64 26 great
221 1449 95 23 interest
323 1448 73 23 which
403 1456 51 15 now
462 1447 100 25 attaches
569 1452 24 20 to
600 1448 39 24 the

49 1483 70 22 union
127 1482 26 23 of
158 1482 56 23 New
223 1481 102 24 Zealand
330 1482 55 23 with
392 1481 39 23 the
438 1481 89 24 British
534 1481 104 31 Empire,

49 1515 95 23 induces
155 1523 28 15 us
195 1520 23 18 to
228 1515 88 23 believe
327 1515 49 23 that
386 1515 39 23 the
432 1514 115 31 following
559 1515 80 23 details

49 1548 53 23 will,
113 1548 29 23 be
161 1548 129 30 acceptable
308 1552 22 19 to
350 1556 41 15 our
409 1548 99 23 readers.
544 1548 30 23 In
597 1556 42 16 one

49 1583 65 28 point
122 1581 26 23 of
156 1582 56 22 view
245 1581 98 31 namely,
357 1589 25 15 as
395 1589 14 15 a
419 1581 80 23 record
506 1581 24 23 of
539 1581 38 23 the
590 1582 50 22 first

49 1615 122 23 formation
179 1615 25 23 of
212 1614 40 23 the
263 1615 69 22 union
343 1614 104 23 between
459 1622 13 15 a
482 1614 102 24 civilized
596 1615 44 23 and

50 1655 13 15 a
75 1655 83 23 savage
171 1653 56 18 state
238 1648 31 31 by
277 1652 81 26 treaty,
370 1648 19 22 it
401 1648 104 23 deserves
513 1653 23 18 to
546 1648 29 23 be
586 1656 54 23 pre-

49 1681 88 23 served.
174 1681 125 23 Whatever
315 1689 53 22 may
383 1681 31 23 be
431 1681 39 24 the
487 1682 61 22 issue
563 1682 25 23 of
602 1682 38 23 the

48 1714 114 31 proposed
174 1714 174 29 confederation,
367 1714 58 23 after
443 1722 53 23 ages
507 1715 46 22 will
565 1715 75 23 derive

49 1748 136 23 instruction
195 1747 61 24 from
271 1748 112 30 perusing
400 1747 38 24 the
456 1752 95 19 account
563 1748 25 23 of
602 1748 38 23 the

49 1781 112 23 initiative
172 1788 103 16 measure
287 1780 96 24 towards
392 1780 39 24 the
441 1781 201 32 accomplishment

49 1814 27 23 of
85 1822 29 15 an
125 1814 75 32 object
211 1814 126 31 altogether
348 1815 76 22 novel.
436 1835 3 4 .

85 1848 38 22 On
131 1848 38 22 the
177 1848 58 23 30th
247 1848 109 30 January,
370 1847 98 32 Captain
477 1847 97 24 Hobson
581 1849 59 31 pub-

47 1880 76 23 lished
135 1885 43 18 two
195 1881 184 31 proclamations,
391 1881 75 22 which
477 1889 57 16 were
551 1882 55 23 read
616 1882 25 23 in

49 1914 38 22 the
97 1914 92 23 Church
200 1914 25 22 of
235 1914 150 24 Kororarika.
423 1914 51 24 The
485 1915 50 23 first
543 1914 24 23 of
576 1915 64 23 these

48 1946 134 24 documents
195 1955 129 15 announces
336 1947 49 23 that
398 1947 38 23 the
444 1947 81 24 Queen
534 1947 25 22 of
568 1948 72 23 Great

49 1979 98 29 Britain,
162 1980 51 28 &c,
231 1980 87 30 having
329 1980 101 23 directed
442 1988 116 15 measures
576 1985 23 19 to
610 1982 29 22 be

48 2013 72 22 taken
130 2013 36 23 for
173 2013 38 23 the
223 2013 207 25 establishment.of
438 2022 14 14 a
456 2013 88 24 -settled
550 2013 64 24 form-
619 2015 23 23 of

49 2046 62 22 Civil
122 2046 157 22 Government
290 2053 53 15 over
356 2045 65 23 those
432 2046 25 21 of
464 2046 41 22 her
517 2047 123 29 Majesty's

50 2078 109 31 subjects,
172 2078 49 23 who
238 2086 52 14 now
302 2085 45 21 are,
363 2085 25 15 or
405 2077 126 23 heareafter
548 2086 54 23 may
612 2079 28 23 be

50 2111 83 23 settled
149 2112 25 22 in
191 2110 59 24 New
267 2110 108 28 Zealand,
394 2110 42 23 has
454 2110 76 23 issued
548 2111 92 24 Letters

50 2143 94 30 Patent,
161 2144 72 24 under
251 2144 39 23 the
303 2143 72 23 Great
393 2143 54 24 Seal
461 2143 24 23 of
500 2143 37 23 the
553 2144 88 24 United

50 2176 127 32 Kingdom,
188 2178 97 30 bearing
296 2177 51 23 date
360 2177 59 24 15th
432 2177 66 29 June,
513 2179 73 28 1839,
600 2186 40 15 ex-

50 2211 96 30 tending
156 2211 39 23 the
206 2211 137 23 boundaries
355 2211 24 23 of
391 2210 39 23 the
443 2209 87 32 Colony
543 2211 24 23 of
583 2211 58 24 New

51 2244 75 23 South
137 2244 86 28 Wales,
243 2251 25 16 so
282 2251 25 16 as
324 2248 23 19 to
366 2243 152 32 comprehend
535 2251 44 25 any
590 2249 50 27 part

50 2277 27 23 of
97 2277 58 23 New
173 2277 101 24 Zealand
293 2276 73 24 which
384 2285 54 23 may
447 2277 30 23 be
493 2278 106 30 acquired
617 2279 23 22 in

51 2312 144 30 sovereignty
210 2310 32 30 by
256 2310 38 23 the
314 2310 82 23 Crown
414 2310 25 23 of
454 2310 108 32 England
570 2321 6 19 ;
597 2312 45 23 and

50 2343 49 24 that
115 2344 32 31 by
165 2344 160 29 Commission,
343 2343 73 24 under
433 2343 38 23 the
489 2344 75 31 Royal
583 2345 58 30 Sign

50 2376 103 30 Manual,
179 2378 97 30 Captain
305 2377 107 29 Hobson,
438 2377 77 29 R.N.,
534 2385 46 16 was
600 2386 40 23 ap-

49 2411 94 30 pointed
154 2410 139 24 Lieutenant
301 2410 119 24 Governor
428 2411 25 23 of
461 2418 43 24 any
512 2419 25 15 so
550 2412 90 31 acquir-

49 2444 28 23 ed
89 2444 59 23 New
159 2444 100 23 Zealand
271 2444 113 30 territory.

83 2477 52 23 The
148 2477 81 24 second
246 2477 164 32 proclamation
423 2481 69 20 states
539 2477 49 24 that
599 2478 41 23 her

49 2510 110 32 Majesty,
172 2511 81 31 taking
263 2511 48 22 into
320 2510 165 24 consideration
492 2511 38 23 the
539 2517 99 25 present,

49 2551 25 15 as
86 2544 50 23 well
149 2552 24 16 as
184 2544 39 23 the
235 2545 76 22 future
323 2545 93 23 intrests
429 2544 25 23 of
465 2544 39 24 her
517 2544 122 31 Majesty's

50 2578 99 30 subjects
161 2578 25 23 in
203 2577 57 24 New
273 2577 108 29 Zealand,
401 2578 44 23 and
457 2577 46 24 also
515 2578 38 23 the
565 2578 74 31 rights

49 2610 45 23 and
104 2611 106 23 interests
218 2611 26 23 of
252 2611 38 23 the
303 2611 79 23 Chiefs
395 2611 45 23 and
452 2611 82 23 Native
548 2611 89 30 Tribes,

49 2643 53 24 does
120 2649 40 18 not
179 2644 65 23 deem
260 2645 19 22 it
297 2644 122 32 expedient
436 2649 23 18 to
477 2645 119 31 recognize
616 2653 23 16 as

48 2677 61 23 valid
121 2685 44 23 any
172 2677 62 23 titles
246 2681 22 20 to
280 2677 54 23 land
344 2678 25 23 in
379 2677 59 24 New
446 2678 107 28 Zealand,
565 2679 75 23 which

50 2717 38 16 are
105 2715 41 19 not
165 2711 91 23 derived
272 2711 67 29 from,
364 2719 26 15 or
408 2711 123 24 confirmed
550 2711 31 31 by
599 2712 41 23 her

50 2743 101 32 Majesty
284 2745 25 22 in
316 2744 65 23 order
390 2749 22 18 to
425 2745 72 30 dispel
505 2753 45 22 any
557 2753 83 24 appre-

49 2776 97 24 hension
163 2777 49 23 that
223 2777 19 23 it
257 2778 20 21 is
296 2777 107 24 intended
421 2782 22 19 to
456 2778 127 31 dispossess
602 2778 38 24 the

50 2817 87 15 owners
149 2811 25 22 of
188 2810 55 24 land
259 2810 108 31 acquired
384 2818 30 16 on
431 2811 112 30 equitable
560 2816 79 25 terms,

50 2843 44 22 and
106 2847 40 18 not
157 2844 24 22 in
193 2844 99 29 anywise
308 2843 134 31 prejudicial
459 2848 23 18 to
493 2844 39 23 the
548 2849 94 26 present

49 2883 24 15 or
85 2877 141 30 prospective
238 2877 105 22 interests
352 2876 25 22 of
386 2876 38 23 the
437 2878 145 30 community,
600 2878 41 23 her

49 2909 104 31 Majesty
158 2909 43 23 has
211 2909 58 23 been
276 2909 93 31 pleased
376 2913 23 18 to
407 2909 71 23 direct
485 2910 38 22 the
535 2911 105 30 appoint-

49 2946 63 19 ment
124 2942 26 23 of
158 2950 14 15 a
185 2942 161 28 Commission,
358 2942 56 23 with
427 2943 84 22 certain
523 2951 88 22 powers
621 2948 20 18 to

48 2974 29 24 be
86 2975 91 23 derived
182 2975 61 24 from
254 2975 39 23 the
306 2975 145 31 Legislature
464 2976 25 22 of
497 2975 58 24 New
568 2976 74 23 South

49 3007 87 29 Wales,
148 3008 76 24 before
237 3008 75 23 which
323 3008 31 24 all
364 3015 96 24 persons
472 3008 84 31 having
563 3010 79 22 claims

49 3041 47 23 will
94 3068 7 8 4
108 3041 30 24 be
149 3042 105 31 required
271 3046 23 19 to
308 3050 69 23 prove
517 3042 69 23 After
604 3043 37 22 the

50 3074 51 24 date
109 3074 27 23 of
144 3075 37 23 the
188 3075 170 31 proclamation,
398 3076 30 22 all
434 3076 111 31 purchase
553 3076 26 23 of
586 3076 56 23 land

50 3107 25 23 in
93 3114 45 24 any
150 3112 51 26 part
215 3109 26 23 of
255 3109 58 23 New
330 3108 108 30 Zealand,
457 3109 74 23 which
548 3117 54 23 may
613 3109 27 24 be

50 3140 66 23 made
125 3140 60 23 from
202 3140 38 25 the
253 3141 79 24 Chiefs
345 3149 25 16 or
388 3142 83 23 Native
490 3142 90 30 Tribes,
595 3142 46 24 will

50 3173 30 23 be
98 3173 131 23 considered
247 3174 125 30 absolutely
389 3175 50 23 null
457 3175 44 23 and
518 3176 59 29 void,
597 3176 44 23 and

50 3206 48 23 will
108 3210 41 18 not
160 3206 28 23 be
196 3206 129 29 confirmed,
335 3215 24 15 or
367 3208 24 21 in
398 3215 45 24 any
449 3216 48 23 way
504 3209 137 31 recognized

50 3238 32 32 by
89 3239 41 23 her
305 3239 50 23 The
365 3239 51 24 date
424 3241 25 23 of
457 3241 39 24 the
508 3241 132 24 Proclama-

50 3272 49 23 tion
111 3272 21 23 is
146 3272 102 30 January
261 3273 39 22 14.
319 3274 72 22 1840.
427 3274 70 24 What
508 3275 87 23 follows
607 3283 33 16 we

51 3312 58 24 copy
120 3305 57 24 from
191 3305 38 23 the
243 3305 107 23 Sydney
363 3305 113 25 Herald
486 3317 4 14 ::

85 3339 126 29 Monday,
225 3339 64 23 Feb.
304 3340 23 22 3.
364 3338 47 23 His
423 3339 138 33 Excellency
574 3342 66 23 land-

50 3372 30 22 ed
90 3377 23 18 to
125 3373 87 22 receive
224 3380 30 15 an
266 3371 93 23 address
370 3373 121 28 presented
501 3373 31 31 by
543 3374 97 31 Captain

51 3404 98 31 Clayton
161 3405 44 24 and
215 3405 39 24 the
266 3405 140 23 inhabitants
419 3405 25 22 of
454 3405 148 26 Kororarika.

83 3439 178 28 Wednesday,
292 3438 63 23 Feb.
370 3439 25 21 5.
433 3437 56 24 This
511 3439 70 32 being
602 3440 38 23 the

50 3470 44 31 day
106 3471 122 31 appointed
238 3472 31 30 by
280 3471 37 23 his
332 3471 141 30 Excellency
485 3476 23 17 to
519 3477 61 18 meet
602 3473 38 23 the

51 3503 79 24 Chiefs
143 3505 29 28 of,
186 3504 45 24 and
242 3505 70 23 about
322 3504 39 23 the
384 3503 51 31 Bay
454 3503 25 23 of
499 3504 99 29 Islands,
618 3510 22 18 to

48 3536 56 24 hold
115 3546 14 15 a
140 3538 131 23 conference
283 3538 45 23 and
339 3537 57 24 offer
412 3545 14 15 a
442 3540 72 27 treaty
527 3537 35 23 for
582 3538 58 23 their

49 3575 141 26 acceptance,
204 3579 13 15 a
233 3574 64 27 great
314 3571 97 23 number
435 3570 25 23 of
480 3569 94 25 Natives
598 3571 44 23 and

49 3602 135 33 Europeans
196 3604 128 23 assembled
336 3612 30 15 on
379 3603 38 23 the
429 3603 100 31 grounds
537 3603 104 24 attached

49 3639 24 20 to
85 3636 49 23 Mr.
147 3637 101 30 Busby's
259 3636 124 30 residence,
396 3637 75 23 where
483 3645 13 14 a
506 3636 63 31 large
593 3641 48 18 tent

49 3667 46 25 had
104 3669 59 24 been
174 3670 90 23 erected
274 3670 35 23 for
320 3670 38 23 the
372 3671 112 28 occasion,
507 3669 73 23 under
603 3669 37 24 the

50 3703 201 29 superintendance
276 3703 25 23 of
325 3703 38 23 the
390 3704 52 23 first
470 3702 127 24 lieutenant
619 3703 25 22 of

49 3733 104 26 H.M.S.
320 3737 132 30 measuring
460 3735 67 24 about
541 3737 49 23 100
597 3735 45 24 feet

47 3767 32 31 by
91 3769 32 22 30
158 3772 23 19 at
193 3776 42 16 one
247 3768 43 24 end
303 3769 24 23 of
336 3768 74 24 which
423 3777 13 15 a
445 3769 105 31 platform
562 3768 55 24 with
628 3777 14 14 a

48 3800 60 24 table
120 3801 45 23 and
175 3805 60 19 seats
256 3809 48 15 was
326 3802 119 31 arranged.
480 3802 35 24 At
524 3809 69 22 noon,
605 3801 36 24 his

48 3833 141 31 Excellency
200 3834 55 23 took
266 3834 37 23 his
316 3839 49 19 seat
377 3839 23 19 at
411 3835 38 23 the
457 3835 66 29 table,
532 3834 38 24 the
584 3843 56 23 gen-

47 3866 87 24 tlemen
155 3867 24 23 of
200 3867 38 23 the
251 3867 93 24 Church
366 3867 102 24 Mission
483 3868 69 31 being
564 3876 31 16 on
605 3868 36 24 his

47 3899 70 31 right,
131 3899 37 24 the
184 3900 92 23 French
294 3900 89 32 Bishop
406 3900 44 25 and
463 3909 12 14 a
485 3901 78 31 priest,
586 3901 55 24 with

48 3932 39 24 the
97 3933 129 30 gentlemen
240 3934 103 23 attached
360 3938 23 19 to
400 3934 38 24 his
461 3934 140 33 Excellency
614 3943 27 16 on

666 130 37 23 his
714 130 50 29 left,
772 130 38 23 the
821 130 60 23 Rev.
895 130 39 24 W.
948 130 113 23 Williams
1066 130 44 23 and
1118 130 49 24 Mr.
1176 130 80 31 Busby

668 170 30 16 on
710 163 72 23 either
795 163 47 23 side
855 164 108 29 assisting
971 170 24 16 as
1002 164 155 30 interpreters.
1178 164 78 23 About

668 198 50 21 200
730 197 87 22 natives
829 196 55 23 with
896 195 38 24 the
947 196 71 23 chiefs
1028 197 24 22 in
1058 196 68 29 front,
1136 196 45 23 and
1187 196 70 23 about

669 231 48 21 100
729 228 137 31 Europeans
877 229 85 30 having
980 228 126 24 assembled
1127 229 81 23 within
1219 229 36 23 the

667 265 57 24 tent,
753 261 38 24 the
819 261 136 31 Europeans
983 262 99 30 forming
1107 261 86 24 behind
1218 261 37 24 the

666 294 97 23 natives.

702 327 47 23 His
762 327 141 31 Excellency
916 328 144 23 commenced
1065 328 37 23 the
1106 327 149 31 proceedings

665 360 32 30 by
710 367 29 16 an
751 360 93 23 address
856 365 24 18 to
892 360 39 23 the
941 361 76 22 native
1028 360 77 30 chiefs,
1117 360 76 23 which
1209 368 45 15 was

665 393 139 30 interpreted
816 397 106 20 sentence
938 393 32 30 by
988 398 113 19 sentence.
1138 393 47 24 His
1204 393 50 23 Ex-

666 425 101 31 cellency
773 426 76 30 began
860 426 31 31 by
908 426 86 31 stating
1010 426 49 23 that
1077 426 108 31 England
1201 433 52 21 was,

665 458 74 23 thank
753 459 59 28 God,
819 467 14 15 a
838 459 47 23 free
891 463 102 26 country.
1029 459 154 32 Englishmen
1190 458 66 24 could

664 499 31 23 go
708 495 22 19 to
743 499 45 23 any
798 496 53 26 part
863 492 24 23 of
896 492 39 23 the
946 492 71 23 world
1026 492 55 31 they
1093 492 67 23 chose
1169 501 5 20 ;
1187 499 68 23 many

666 524 26 22 of
701 524 63 23 them
770 524 46 23 had
828 532 62 16 come
901 529 24 19 to
937 525 67 23 settle
1009 525 63 24 here.
1107 525 53 23 Her
1167 525 87 31 Majes-

665 561 25 26 ty
703 557 82 31 always
796 558 70 31 ready
877 562 23 19 to
911 562 96 27 protect,
1019 558 45 23 had
1076 558 47 24 also
1136 558 38 23 the
1191 565 61 24 pow-

666 597 24 15 er
702 594 23 18 to
735 591 100 23 restrain
844 591 42 23 her
903 591 101 30 subjects
1011 600 5 19 ;
1036 592 44 22 and
1096 592 41 22 her
1155 591 101 31 Majesty

664 623 88 22 wished
763 623 37 23 the
814 623 70 24 chiefs
897 624 26 23 of
931 624 59 23 New
1001 624 100 23 Zealand
1111 628 25 19 to
1147 625 53 30 give
1216 623 40 24 her

665 655 38 23 the
726 664 75 22 power
819 661 24 19 to
860 660 88 27 protect
965 665 25 15 as
1007 657 51 23 well
1076 665 25 15 as
1118 660 23 20 to
1159 658 97 22 restrain

665 688 62 24 them
762 689 29 23 lie
802 697 47 16 was
862 694 50 19 sent
921 691 31 29 by
963 689 42 24 her
1016 689 102 31 Majesty
1129 694 23 19 to
1165 694 91 26 request

664 721 51 23 that
726 722 74 31 object
811 722 101 31 publicly
919 732 6 20 ;
939 723 54 30 they
1000 723 136 23 themselves
1142 723 46 23 had
1195 723 61 23 often

664 754 122 31 requested
796 755 42 23 her
851 755 101 31 Majesty
964 760 24 18 to
1006 756 84 23 extend
1104 756 42 23 her
1164 760 89 27 protec-

664 788 50 23 tion
725 792 23 19 to
760 788 71 24 them.
867 788 72 24 What
944 788 67 23 hedid
1018 797 45 15 was
1070 797 57 23 open
1135 789 44 23 and
1186 789 70 23 above

664 821 72 23 board
743 830 5 20 ;
762 821 33 25 he.
805 821 39 24 did
854 826 40 19 not
905 830 29 22 go
946 826 23 18 to
981 830 42 15 one
1031 822 61 24 chief
1096 823 24 22 in
1126 822 129 30 preference

665 858 24 19 to
700 851 107 32 another;
821 855 30 23 he
863 863 62 15 came
936 859 22 19 to
971 859 59 20 treat
1045 855 54 24 with
1117 854 31 24 all
1166 855 88 31 openly.

666 887 40 23 He
718 887 75 24 would
804 889 52 30 give
868 889 62 23 them
942 889 53 23 time
1008 892 22 20 to
1042 888 103 24 consider
1156 888 39 23 the
1201 896 53 23 pro-

664 920 77 30 posals
752 920 30 23 he
793 920 46 24 had
851 929 62 15 come
924 926 23 17 to
960 920 55 24 offer
1021 930 6 20 ;
1041 921 50 23 that
1100 921 61 22 what
1172 921 28 22 he
1212 928 43 16 was

665 956 52 18 sent
728 956 23 19 to
764 952 28 23 do
804 960 46 16 was
868 953 118 32 expressly
1002 953 35 24 for
1054 953 59 24 their
1131 962 50 15 own
1198 953 58 31 good

663 985 81 23 and
754 985 41 23 her
807 986 103 32 Majesty
921 994 51 15 now
985 986 66 24 offers
1063 987 62 23 them
1141 986 42 23 her
1200 994 52 23 pro-

664 1019 86 23 tection
759 1018 32 31 by
801 1018 47 24 this
864 1023 74 28 treaty
944 1028 6 20 ;
970 1020 18 22 it
1004 1028 46 14 was
1066 1027 154 24 unnecessary
1233 1024 21 19 to

665 1059 41 23 say
718 1059 70 21 more,
807 1052 42 23 but
860 1053 29 22 he
900 1053 76 25 w.ould
986 1053 54 23 read
1051 1054 19 22 it
1078 1058 23 18 to
1115 1053 71 24 them.

699 1084 52 24 The
758 1089 74 27 treaty
838 1094 47 14 was
896 1087 55 22 then
962 1086 54 23 read
1025 1087 31 30 by
1063 1086 36 23 his
1106 1086 148 31 Excellency,

665 1118 45 23 and
722 1126 13 15 a
746 1119 134 23 translation
892 1120 26 22 of
932 1120 18 22 it
967 1119 31 31 by
1011 1119 37 23 the
1060 1119 59 24 Rev.
1133 1119 48 24 Mr.
1195 1119 60 24 Wil-

664 1152 75 28 liams,
753 1152 38 22 the
804 1152 121 23 substance
936 1153 25 22 of
970 1152 74 23 which
1050 1160 46 16 was
1106 1157 25 19 to
1143 1153 38 23 the
1195 1160 60 15 same

666 1183 66 24 effect
750 1192 25 16 as
789 1185 39 24 the
842 1185 92 24 address
943 1195 6 19 ;
970 1186 56 23 after
1043 1185 75 24 which
1136 1185 87 24 several
1234 1185 24 23 of

664 1218 40 22 the
728 1218 71 24 chiefs
819 1218 122 24 addressed
957 1219 37 23 his
1013 1219 149 30 Excellency.
1205 1218 49 24 The

666 1251 59 23 Rev.
741 1251 49 24 Mr.
802 1251 115 24 Williams
931 1253 149 31 interpreting
1096 1252 76 23 rather
1190 1252 24 23 in
1228 1260 28 15 an

665 1284 73 23 under
746 1289 59 24 tone,
815 1293 63 15 some
886 1286 25 22 of
915 1286 38 22 the
961 1285 111 23 residents
1080 1286 24 23 of
1113 1285 143 23 Kororarika

666 1317 122 31 requested
794 1317 50 24 that
849 1318 37 23 the
892 1319 172 30 interpretation
1068 1318 74 31 might
1152 1319 29 23 be
1188 1319 68 30 given

666 1359 63 15 more
746 1351 110 31 publicly,
880 1352 112 31 throwing
1015 1359 76 16 some.
1095 1352 82 22 doubts
1195 1359 61 23 upon

666 1383 39 24 the
727 1385 136 22 translation
882 1393 24 15 as
930 1386 68 30 given
1019 1385 30 31 by
1068 1385 37 23 the
1125 1384 60 24 Rev.
1207 1385 46 22 Mr.

666 1416 124 30 Williams,
810 1418 46 22 and
871 1418 126 31 proposing
1014 1426 41 15 one
1073 1418 25 23 of
1114 1418 59 23 their
1190 1423 66 26 party

667 1458 25 15 as
705 1458 13 15 a
729 1451 60 30 good
804 1451 104 31 linguist,
921 1451 50 23 who
982 1451 69 31 being
1063 1451 72 24 called
1148 1459 63 23 upon
1226 1451 30 31 by

666 1483 37 23 his
721 1483 149 32 Excellency,
889 1493 47 15 was
951 1485 120 30 unwilling
1088 1489 22 18 to
1129 1489 43 19 act.
1210 1484 45 24 His

668 1516 141 32 Excellency
821 1518 55 23 then
887 1517 74 24 stated
972 1518 49 23 that
1032 1518 19 23 if
1061 1526 42 22 any
1113 1525 42 16 one
1165 1522 91 27 present

667 1550 99 31 thought
777 1551 50 23 that
837 1551 29 23 he
875 1551 66 23 could
947 1552 111 30 interpret
1063 1551 73 23 better
1143 1551 57 23 than
1207 1550 47 24 Mr.

666 1583 124 29 Williams,
809 1584 31 24 he
852 1585 74 23 would
938 1585 29 23 be
986 1584 52 31 glad
1051 1588 23 20 to
1092 1584 56 23 hear
1155 1584 62 29 -him,
1232 1592 23 15 as

667 1617 20 22 it
694 1624 45 16 was
748 1625 13 15 a
772 1622 64 26 great
844 1618 73 31 object
925 1622 21 19 to
955 1618 111 23 ascertain
1078 1617 37 23 the
1123 1618 133 22 sentiments

669 1649 25 23 of
703 1649 38 24 the
751 1650 70 24 chiefs
833 1659 25 15 as
865 1651 78 30 nearly
951 1658 25 16 as
988 1651 106 31 possible.
1132 1650 51 24 The
1192 1658 64 15 cause

670 1682 24 24 of
703 1682 47 24 this
762 1683 128 24 discussion
904 1691 64 16 arose
980 1684 25 23 in
1016 1691 153 23 consequence
1182 1683 25 24 of
1216 1691 40 16 one

670 1715 24 24 of
703 1716 38 24 the
754 1717 71 23 chiefs
837 1717 101 30 alluding
949 1721 23 19 to
983 1725 61 15 some
1056 1717 65 23 lands
1128 1717 75 23 which
1213 1716 44 24 had

662 1749 65 23 been
739 1750 107 31 disposed
853 1750 24 23 of
886 1755 23 19 to
922 1750 47 24 Mr.
983 1750 122 29 Williams,
1118 1750 39 23 the
1169 1750 87 31 gentle-

669 1790 53 15 men
734 1783 26 23 of
769 1783 38 23 the
816 1784 108 29 Mission,
937 1783 45 23 and
994 1783 47 24 Mr.
1055 1783 88 31 Busby,
1155 1783 74 23 which
1239 1784 17 22 it

668 1823 47 16 was
722 1816 99 32 thought
828 1825 45 16 was
881 1821 40 19 not
931 1817 88 30 exactly
1026 1816 145 32 interpreted.
1209 1816 45 23 Mr.

669 1849 122 30 Williams,
805 1850 127 32 explained,
945 1850 46 23 and
1002 1855 22 18 at
1036 1849 37 23 the
1082 1857 61 16 same
1155 1850 54 22 time
1218 1857 38 15 ex-

668 1882 97 31 pressed
774 1883 36 23 his
818 1884 95 30 feelings
926 1891 24 16 as
962 1887 23 19 to
997 1883 38 23 the
1047 1883 128 31 opposition
1184 1882 73 24 which

668 1915 47 23 had
724 1915 59 24 been
795 1924 25 16 so
831 1917 55 31 long
898 1915 135 25 manifested
1045 1917 89 30 against
1146 1916 38 23 the
1197 1915 59 24 Mis-

668 1949 50 22 sion
739 1950 124 30 generally,
889 1950 45 23 and
950 1949 95 23 himself
1060 1950 136 30 personally.
1233 1949 23 24 It

667 1989 48 16 was
728 1983 61 30 quite
800 1987 53 19 true
866 1982 50 24 that
929 1982 29 23 he
970 1982 38 23 did
1020 1982 56 23 hold
1087 1982 67 23 lands
1164 1983 26 22 in
1200 1982 55 23 New

668 2015 109 29 Zealand,
791 2015 54 24 -but
861 2016 19 22 it
898 2023 45 16 was
963 2015 47 24 also
1029 2020 50 19 true
1096 2015 51 23 that
1167 2016 30 23 he
1213 2015 45 23 had

666 2048 102 29 brought
784 2055 32 22 up
834 2055 15 15 a
863 2048 80 29 family
961 2047 24 23 of
1005 2048 78 22 eleven
1099 2046 110 29 children,
1228 2048 29 22 all

668 2079 59 23 born
744 2087 30 15 on
790 2080 39 23 the
843 2080 81 29 island,
937 2080 74 23 which
1021 2080 30 23 he
1065 2079 97 31 thought
1176 2088 14 15 a
1200 2081 58 29 good

669 2112 49 23 title
727 2117 22 18 to
756 2112 55 24 hold
822 2113 60 23 land.
920 2113 40 23 He
971 2112 74 32 hoped
1054 2113 36 23 his
1098 2113 79 23 claims
1185 2114 72 22 would

668 2145 29 24 be
715 2145 39 24 the
769 2147 52 22 first
838 2151 23 18 to
878 2147 30 22 be
926 2147 156 30 investigated,
1101 2146 46 23 and
1164 2147 29 22 he
1212 2154 44 16 was

668 2178 71 31 ready
757 2183 22 19 to
796 2180 52 30 give
866 2187 66 22 every
950 2180 144 22 information
1111 2183 23 19 to
1153 2187 44 23 any
1216 2188 40 15 one

668 2213 130 31 respecting
815 2213 37 23 his
868 2213 72 28 lands,
961 2213 44 23 and
1021 2216 23 19 to
1058 2213 64 31 point
1135 2213 63 23 them
1210 2218 44 18 out.

670 2245 40 24 He
720 2253 47 16 was
779 2253 65 24 sorry
851 2246 48 23 that
910 2247 38 22 the
961 2246 100 23 Mission
1068 2246 46 23 had
1124 2246 59 23 been
1193 2247 65 23 made

669 2287 14 15 a
693 2279 81 31 bridge
784 2284 23 18 to
820 2279 59 23 walk
891 2288 62 22 upon
964 2279 31 31 by
1005 2279 135 24 individuals
1153 2279 51 23 who
1214 2279 44 24 had

669 2320 25 15 so
711 2313 70 23 much
799 2312 100 32 opposed
915 2313 70 29 them,
1005 2312 44 24 and
1059 2313 49 23 who
1125 2312 53 30 had,
1197 2321 61 22 upon

668 2346 157 24 innumerable
838 2347 124 28 occasions,
975 2346 89 32 applied
1076 2350 20 19 to
1108 2346 38 23 the
1159 2346 100 24 Mission

668 2379 36 23 for
717 2380 78 23 advice
813 2380 45 23 and
874 2380 156 23 interference.
1067 2380 48 23 Mr.
1131 2379 89 31 Busby,
1234 2380 24 23 in

668 2412 115 24 reference
800 2417 23 19 to
841 2413 60 23 what
918 2413 46 23 had
980 2413 58 24 been
1057 2413 91 31 applied
1160 2417 23 19 to
1202 2413 54 28 him,

669 2446 75 23 stated
755 2446 38 24 the
804 2446 88 31 footing
903 2447 29 23 he
943 2446 46 24 had
1002 2447 57 23 been
1070 2446 80 32 placed
1160 2454 62 23 upon
1233 2455 24 14 as

668 2479 90 24 British
782 2480 95 29 Consul,
900 2480 38 23 the
960 2480 87 23 income
1072 2479 23 24 of
1115 2479 76 23 which
1212 2487 46 16 was

669 2513 102 31 scarcely
788 2513 110 31 adequate
917 2517 22 20 to
957 2514 92 30 provide
1067 2514 36 23 for
1119 2513 38 24 his
1169 2512 87 31 family.

670 2546 39 24 He
720 2546 47 24 had
778 2547 83 30 always
872 2547 59 23 been
942 2547 103 23 solicited
1055 2547 30 31 by
1096 2546 40 24 the
1145 2546 78 24 Chiefs
1235 2550 22 19 to

667 2579 113 32 purchase
793 2580 74 28 lands,
886 2580 45 23 and
947 2580 29 23 he
993 2580 46 23 had
1056 2580 118 31 expended
1190 2579 68 23 much

668 2613 62 29 time,
744 2613 44 23 and
798 2614 150 31 experienced
955 2614 68 23 much
1030 2613 111 31 difficulty
1148 2614 24 22 in
1179 2613 79 31 bring-

667 2647 41 30 ing
725 2646 37 24 his
783 2647 125 31 purchases
926 2651 22 19 to
968 2655 13 15 a
1000 2647 137 29 conclusion,
1161 2648 25 21 in
1205 2654 53 15 con-

669 2688 112 23 sequence
793 2681 26 23 of
833 2681 38 23 the
885 2681 96 23 number
994 2681 24 23 of
1028 2680 127 29 claimants,
1173 2679 45 24 and
1230 2679 28 24 he

668 2713 66 24 made
747 2721 13 16 a
771 2714 92 31 specific
877 2714 76 23 clause
970 2714 25 23 in
1008 2714 31 23 all
1055 2714 36 23 his
1110 2717 148 27 agreements,

668 2746 50 24 that
731 2749 32 22 30
776 2755 62 16 acres
851 2755 58 16 were
922 2751 23 19 to
962 2747 29 24 be
1004 2747 90 23 allotted
1109 2751 23 19 to
1145 2754 67 23 every
1223 2747 35 23 in-

669 2779 101 25 dividual
787 2780 27 23 of
828 2781 39 22 the
884 2780 97 23 families
999 2780 59 24 from
1077 2780 75 23 whom
1168 2780 30 23 he
1216 2779 44 24 had

668 2813 132 31 purchased
807 2813 61 30 land,
882 2813 45 24 and
935 2813 39 23 the
981 2815 50 22 best
1037 2813 68 31 proof
1110 2813 25 23 of
1144 2813 38 23 the
1190 2813 69 31 good-

669 2846 47 23 will
727 2846 26 24 of
767 2846 39 24 the
823 2848 88 23 natives
929 2847 96 24 towards
1042 2846 95 24 himself
1153 2846 45 24 and
1211 2846 46 23 Mr.

669 2879 124 29 Williams,
812 2888 47 16 was
878 2880 124 32 expressed
1021 2880 33 31 by
1072 2880 38 23 the
1128 2888 55 23 very
1202 2879 60 23 chief

670 2912 50 23 who
737 2912 46 23 had
800 2913 85 23 caused
901 2914 37 22 the
957 2912 133 30 discussion,
1109 2912 51 25 who
1178 2920 46 17 was
1236 2912 25 23 of

671 2945 93 30 opinion
780 2945 51 24 that
847 2945 38 24 the
899 2950 96 27 country
1006 2946 81 24 should
1105 2947 87 23 remain
1207 2954 23 15 as
1242 2946 17 22 it

670 2985 54 21 was,
744 2978 44 23 and
804 2978 30 24 he
845 2979 76 23 would
935 2979 30 22 be
977 2979 101 24 satisfied
1087 2983 23 19 to
1127 2979 30 24 be
1168 2978 90 32 guided,

671 3018 25 15 as
713 3011 135 30 heretofore,
865 3011 32 32 by
914 3011 39 24 the
971 3011 76 24 advice
1066 3011 45 25 and
1128 3012 93 24 counsel
1238 3013 25 22 of

671 3043 48 24 Mr.
732 3045 116 23 Williams
861 3045 44 24 and
915 3045 94 24 himself
1018 3044 59 32 (Mr.
1089 3045 102 33 Busby).

705 3077 51 23 The
767 3078 106 24 business
885 3079 55 23 then
951 3078 126 31 proceeded
1085 3079 32 30 by
1124 3079 38 23 the
1169 3079 90 23 various

671 3111 79 23 Chiefs
770 3111 134 32 addressing
925 3112 36 23 his
985 3112 147 30 Excellency,
1155 3112 43 23 but
1220 3112 38 23 the

669 3144 120 31 figurative
799 3144 113 31 language
925 3144 26 24 of
971 3145 38 23 the
1030 3144 78 24 Chiefs
1121 3145 111 23 rendered
1241 3145 19 23 it

670 3185 54 23 very
737 3178 96 23 difficult
844 3182 22 19 to
878 3178 117 28 translate,
1008 3177 44 23 and
1063 3177 167 33 thejsubstance
1238 3177 24 24 of

670 3210 37 23 the
719 3210 109 31 speeches
841 3210 67 24 could
919 3210 53 31 only
982 3212 28 22 be
1021 3211 76 30 given.
1134 3211 77 23 There
1219 3219 39 23 ap-

669 3243 83 31 peared
763 3248 23 19 to
797 3244 30 23 be
840 3243 153 24 considerable
1005 3245 128 30 opposition
1146 3249 23 18 at
1179 3245 51 22 first
1236 3248 23 19 to

669 3276 37 23 the
719 3277 52 23 idea
781 3276 27 23 of
826 3277 85 31 having
924 3285 12 15 a
948 3285 110 22 governor
1071 3285 53 15 over
1136 3278 69 27 them,
1219 3278 40 22 but

669 3309 49 24 that
731 3318 13 15 a
755 3318 111 23 governor
877 3311 75 30 might
963 3318 62 15 come
1033 3311 45 22 and
1084 3312 101 21 exercise
1194 3311 65 22 auth-

670 3343 58 30 ority
741 3351 52 15 over
816 3344 39 23 the
877 3343 144 31 Europeans.
1058 3344 66 31 They
1134 3344 47 23 had
1202 3344 58 22 been

668 3375 49 23 told
727 3376 50 23 that
788 3377 21 22 if
817 3377 54 31 they
883 3377 81 31 signed
974 3377 38 23 the
1025 3377 85 30 Treaty
1121 3377 55 31 they
1186 3376 74 23 would

668 3408 93 24 become
774 3410 81 29 slaves,
868 3410 87 23 hewers
968 3410 25 23 of
1000 3410 66 23 wood
1077 3410 44 23 aud
1132 3410 97 23 drawers
1237 3410 24 22 of

668 3446 77 25 water,
767 3443 46 23 and
823 3443 28 23 be
868 3443 79 23 driven
958 3447 23 20 to
997 3443 72 24 break
1090 3447 78 19 stones
1181 3450 30 16 on
1223 3443 35 23 the

668 3474 63 25 road.
769 3475 94 30 Tarika,
875 3476 40 23 the
923 3476 72 24 oldest
1002 3476 61 23 chief
1073 3476 24 23 of
1107 3475 151 27 Kororarika,

668 3515 47 15 was
727 3508 142 32 desperately
882 3509 101 31 opposed
992 3513 23 20 to
1027 3509 39 23 the
1077 3516 114 22 measure,
1215 3509 44 23 and

668 3540 94 25 worked
781 3541 96 24 himself
896 3551 31 22 up
939 3546 25 19 to
981 3551 13 14 a
1016 3542 80 31 frenzy
1119 3543 91 30 against
1230 3542 26 23 it.

670 3572 50 24 The
727 3574 127 24 discussion
858 3583 46 16 was
911 3575 86 24 carried
1002 3583 29 15 on
1036 3575 55 24 with
1097 3575 67 23 much
1172 3575 86 23 anima-

670 3606 54 28 tion,
738 3615 62 16 some
812 3609 25 22 in
854 3608 79 24 favour
957 3608 45 23 and
1025 3616 60 15 some
1110 3609 97 29 against,
1219 3608 39 23 the

670 3639 107 29 speakers
789 3641 102 31 walking
898 3650 31 23 up
943 3641 44 23 and
1007 3641 71 29 down,
1104 3641 121 30 according
1234 3645 24 19 to

670 3671 59 23 their
737 3677 86 20 custom
826 3691 6 6 .
858 3674 70 23 Their
934 3678 100 27 greatest
1041 3674 167 31 apprehension
1213 3680 45 17 was

670 3703 49 24 that
730 3705 54 31 they
794 3707 76 23 would
879 3707 29 23 be
920 3707 65 24 made
998 3707 80 29 slaves,
1092 3706 46 24 and
1152 3707 50 23 that
1212 3707 45 23 sol-
1265 3702 2 30 !

671 3736 59 24 diers
741 3738 75 24 would
826 3740 29 22 be
869 3744 52 19 sent
942 3747 83 23 among
1046 3740 70 23 them.
1152 3739 35 24 At
1208 3739 50 24 four

670 3770 88 23 o'clock
774 3771 39 23 the
825 3772 132 24 conference
966 3780 45 16 was
1031 3772 123 31 adjourned
1164 3777 22 18 to
1205 3772 52 24 Fri-

670 3802 50 31 day,
734 3804 24 22 in
771 3804 65 23 order
847 3808 22 19 to
882 3805 50 30 give
951 3805 62 22 them
1031 3805 53 22 time
1108 3808 24 19 to
1156 3805 107 24 consider-

670 3835 38 24 the
718 3838 127 29 proposals.

703 3869 154 24 Thursday.
894 3869 73 31 Many
983 3869 77 25 Chiefs
1075 3870 56 24 with
1147 3871 58 23 their
1223 3876 33 19 at-

670 3902 104 24 tendants
786 3902 85 32 having
883 3902 88 25 arrived
982 3907 22 20 at
1015 3903 38 24 the
1064 3904 50 31 Bay
1125 3904 25 24 of
1158 3904 98 31 Islands,

670 3935 58 25 from
737 3935 132 35 Hokianga,
879 3936 38 25 the
923 3937 107 30 Thames,
1038 3937 44 24 and
1089 3939 91 24 various
1187 3942 68 28 parts,

753 46 127 32 THE
924 30 139 48 &EW
1106 47 310 33 ZEALAND
1461 50 328 32 GAZETTE.

1285 132 44 23 and
1334 132 70 31 being
1410 133 102 24 desirous
1520 134 26 23 of
1553 134 121 31 returning
1685 138 22 19 to
1715 134 59 23 their
1780 141 90 24 respec-

1284 165 44 23 tive
1336 165 83 24 abodes
1426 174 25 15 as
1459 174 56 16 soon
1526 174 26 16 as
1560 167 108 31 possible,
1682 171 23 19 at
1712 167 63 23 their'
1781 170 91 27 request

1284 197 38 23 the
1331 198 118 24 Governor
1459 204 49 19 met
1518 200 71 23 them.
1625 200 77 23 There
1708 207 47 16 was
1763 207 13 15 a
1783 204 88 25 greater

1285 231 113 30 assembly
1421 232 26 23 of
1468 233 87 23 natives
1586 233 54 23 than
1671 232 126 31 yesterday,
1827 231 45 23 and

1284 271 61 16 some
1355 264 44 23 few
1415 264 135 32 Europeans
1569 265 99 23 chanced
1685 270 23 18 to
1724 265 29 23 be
1770 268 99 27 present.

1283 296 67 24 After
1362 305 14 15 a
1387 296 64 24 short
1462 297 135 30 discussion,
1610 297 46 24 and
1673 306 14 15 a
1703 297 42 23 few
1764 297 106 30 speeches

1283 328 58 25 from
1352 330 39 23 the
1402 331 72 30 newly
1486 331 95 29 arrived,
1595 331 52 30 they
1659 331 75 30 began
1740 334 22 19 to
1773 330 51 30 sign
1833 330 38 23 the

1284 361 93 32 Treaty,'
1389 364 44 22 and
1445 364 86 23 several
1541 363 51 23 who
1602 364 46 22 had
1663 363 108 30 violently
1788 370 83 23 oppos-

1284 395 27 23 ed
1328 396 18 22 it
1362 397 120 31 yesterday
1498 404 60 16 were
1575 397 38 22 the
1630 397 52 22 first
1699 401 22 18 to
1740 397 50 29 sign
1813 396 59 23 their

1282 435 78 16 names
1378 430 88 31 to-day.
1508 430 51 23 The
1578 430 104 23 Catholic
1700 429 86 30 Bishop
1802 428 70 31 being

1282 466 92 25 present
1385 463 121 31 requested
1517 463 50 22 that
1578 464 18 21 it
1607 463 74 30 might
1687 463 29 22 be
1722 462 120 31 explained
1849 466 22 18 to

1283 494 37 23 the
1332 495 87 23 natives
1432 496 48 22 that
1493 496 31 23 all
1527 496 146 31 persuasions
1682 496 24 22 of
1710 496 96 29 religion
1814 502 57 16 were

1284 531 22 19 to
1317 527 29 24 be
1358 527 110 24 tolerated
1479 529 45 23 and
1535 529 124 30 protected,
1677 529 75 22 which
1770 535 45 16 was
1833 536 39 14 ac-

1284 560 116 32 cordingly
1406 562 66 23 made
1478 562 84 23 known
1569 571 7 19 ;
1590 562 44 23 and
1639 562 38 23 his
1684 562 140 30 Excellency
1831 569 40 14 ex-

1283 593 94 31 pressed
1387 595 68 23 much
1466 595 151 31 gratification
1629 595 50 23 that
1685 595 39 23 the
1732 594 86 30 Bishop
1825 602 46 15 was

1282 630 99 27 present,
1394 635 24 17 as
1430 628 29 23 he
1471 628 86 23 wished
1568 628 31 23 all
1609 628 39 23 the
1660 628 147 31 proceedings
1814 632 22 18 to
1844 628 28 23 be

1284 667 24 15 as
1321 668 58 24 open
1392 661 45 23 and
1448 661 82 23 candid
1541 669 25 15 as
1578 661 108 31 possible.
1724 660 113 31 Upwards
1849 661 26 23 of

1284 692 69 32 thirty
1367 694 78 24 Chiefs
1456 694 47 23 had
1506 694 82 31 signed
1592 694 38 23 the
1635 694 87 30 Treaty
1726 693 77 24 before
1811 694 60 30 Cap-

1283 727 47 23 tain
1341 727 132 24 Robertson
1484 728 46 23 had
1541 728 42 23 left
1593 727 39 23 the
1643 727 97 31 ground.

1317 760 110 29 Friday,
1443 761 24 25 7.
1504 761 121 24 Incessant
1635 762 59 22 rain.

1317 793 149 30 Saturday,
1486 797 22 21 8.
1546 793 33 25 At
1593 795 10 22 1
1618 801 67 23 p.m.,
1699 802 13 14 a
1724 793 61 31 royal
1798 792 74 24 salute

1282 833 46 16 was
1345 826 58 23 fired
1418 827 32 30 by
1470 826 103 25 H.M.S.
1761 826 44 23 and
1824 825 47 23 dis-

1282 859 95 30 patches
1399 867 59 15 were
1478 859 126 24 forwarded
1630 859 31 31 by
1683 859 39 23 the
1779 859 93 23 Samuel

1424 892 55 23 then
1501 892 73 24 under
1591 893 74 31 weigh
1682 892 35 23 for
1736 891 100 31 Sydney.

1284 925 112 24 Hobart
1408 926 81 23 Town
1502 926 180 24 Advertiser.

1412 1003 93 23 PORT
1526 1003 212 23 NICHOLSON.

52 135 26 23 of
86 135 136 32 purchasers
233 137 31 23 to.
268 133 39 23 the
319 136 77 19 extent
408 131 26 23 of
451 132 106 27 100,000
576 138 64 15 acres

47 168 30 22 of
83 171 96 27 country
188 166 62 29 land,
264 166 44 23 and
329 167 62 21 1000
410 168 61 19 town
490 169 79 17 acres.'
604 164 36 22 To

50 200 47 23 this
111 201 111 30 quantity,
236 200 91 27 10,000
339 200 96 26 country
446 204 63 15 acres
527 195 45 24 and
591 198 49 22 100

50 237 63 19 town
125 241 63 15 acres
198 239 60 16 were
270 230 79 29 added,
362 234 23 19 to
396 230 30 22 be
437 229 57 30 kept
504 237 25 15 as
536 236 104 16 reserves

50 266 37 23 for
97 266 39 23 the
148 273 41 16 use
201 265 26 23 of
242 264 39 23 the
433 261 51 24 The
501 261 72 23 whole
591 270 48 15 was

50 297 56 25 then
118 297 123 24 submitted
252 301 23 19 to
393 296 46 22 and
452 295 76 23 drawn
545 294 36 24 for
600 303 38 15 ac-

50 331 127 30 cordingly.
196 338 4 5 '
224 330 79 30 Every
329 329 100 30 drawing
451 336 46 15 was
523 327 36 23 for
589 330 49 21 100

51 368 95 25 country
160 371 62 16 acres
234 363 45 23 and
290 370 44 15 one
343 362 69 23 hown
419 369 59 15 acre.
514 360 51 24 The
575 362 64 29 price

49 397 27 23 of
85 397 56 23 each
153 397 76 23 choice
241 404 26 15 or
278 396 91 23 sextion
379 402 47 16 was
438 395 79 28 100,
530 393 25 23 of
563 394 76 24 which

49 431 32 23 75
94 437 41 24 per
147 434 51 18 cent
209 437 46 15 was
267 433 23 19 to
301 428 29 23 he
341 427 120 31 expended
470 434 61 24 upon
539 428 99 30 emigra-

48 463 49 22 tion
109 467 22 18 to
143 462 46 23 this
197 462 137 23 settlement.
362 460 51 24 The
424 460 119 31 Company
549 459 89 25 further

47 495 98 32 pledged
156 496 136 23 themselves
304 498 23 19 to
338 494 52 31 give
402 498 22 19 to
436 493 64 24 these
515 493 51 23 first
580 501 58 23 pur-

49 528 92 23 chasers
153 529 38 22 the
202 536 55 23 very
267 528 52 23 best
330 527 54 23 land
390 531 24 19 to
421 527 28 22 be
460 526 72 24 found
544 527 25 22 in
577 526 61 23 their

46 562 116 30 territory,
174 562 45 23 and
229 565 23 20 to
265 560 27 24 do
301 560 30 23 all
341 561 25 22 in
376 560 60 23 their
449 567 75 23 power
543 564 22 18 to
583 567 54 16 ren-

48 593 40 24 der
98 595 18 23 it
127 594 40 24 the
177 598 61 20 most
251 595 123 30 important
392 593 26 22 of
434 592 30 24 all
482 592 58 23 their
558 592 79 23 settle-

46 632 84 19 ments.
168 628 50 23 Our
229 626 82 25 record
322 626 25 23 of
356 625 60 24 sales
424 625 56 23 here
499 625 51 29 will,
570 626 68 23 when

47 665 42 18 not
100 661 118 30 expressly
230 659 81 28 stated,
323 659 58 23 have
392 658 115 24 reference
518 662 23 19 to
552 658 39 23 the
599 666 38 15 re-

49 693 46 24 sale
108 693 24 24 of
141 693 64 24 these
218 697 95 26 country
325 692 98 23 sections
436 691 45 24 and
492 696 60 19 town
563 699 73 16 acres.

82 727 57 23 Five
152 727 98 23 sections
261 725 55 23 with
329 725 58 23 their
398 729 62 19 town
478 732 70 21 acres,
567 724 71 31 being

48 759 89 24 choices
149 760 101 23 between
262 758 108 24 numbers
383 760 50 21 200
446 757 44 24 and
502 760 56 26 300,
577 758 60 23 have

47 793 58 23 been
116 793 75 23 resold
197 797 23 18 to
228 800 14 15 a
250 792 93 30 Sydney
350 791 138 30 gentleman,
496 791 34 23 for
537 792 98 23 1365.

82 826 52 23 One
142 830 60 19 town
214 833 58 21 acre,
286 833 14 15 a
310 825 58 31 high
378 824 105 29 number,
496 832 46 15 was
550 824 50 23 sold
614 828 24 19 at

48 859 64 24 40.
179 879 3 3 .
316 851 4 3 '

83 892 53 24 One
154 892 76 24 fourth
249 892 24 23 of
294 896 61 19 town
373 898 51 16 acre
435 891 96 23 number
544 892 32 22 29
594 891 43 23 has

46 926 60 22 been
117 926 51 22 sold
179 930 23 18 at
213 926 81 23 100.

83 958 74 30 Right
169 959 25 22 of
217 957 78 23 choice
311 956 97 23 number
426 957 57 28 287,
503 960 59 19 town
584 964 53 15 acre

47 992 46 22 and
105 995 94 26 country
212 991 93 27 section,
316 990 36 23 for
363 989 80 24 300.
477 1008 4 4 .

82 1025 43 22 We
139 1032 38 15 are
189 1031 65 23 sorry
266 1027 22 19 to
301 1023 47 23 find
359 1022 51 23 that
421 1030 63 15 some
494 1030 96 23 persons
598 1029 39 15 are

47 1057 101 23 inclined
158 1061 23 19 to
193 1061 58 19 state
263 1056 38 23 the
318 1056 59 23 sales
396 1055 25 24 of
437 1055 54 23 land
509 1055 70 23 above
597 1055 39 23 the

47 1092 63 30 price
122 1090 98 30 actually
231 1089 62 31 paid.
330 1089 58 23 This
400 1089 20 23 is
432 1089 86 23 unwise
525 1098 6 19 ;
547 1087 91 24 instead

49 1124 26 23 of
82 1124 90 31 puffing
184 1131 40 15 our
235 1122 74 29 lands,
322 1122 32 23 let
365 1129 28 16 us
406 1122 62 23 shew
487 1122 48 23 that
552 1129 34 16 we
598 1129 39 16 are

49 1157 94 23 entitled
153 1162 24 18 to
189 1164 14 16 a
213 1156 128 32 reputation
352 1155 36 23 for
399 1155 104 30 honesty,
523 1155 113 30 industry,

48 1190 152 31 intelligence,
221 1189 45 24 and
282 1196 171 24 perseverance.
489 1188 65 24 With
572 1188 65 23 these

48 1224 113 30 qualities,
169 1225 3 3 '
181 1223 44 23 and
242 1223 39 23 the
293 1221 90 25 natural
405 1229 117 16 resources
535 1221 24 24 of
579 1221 58 24 New

49 1257 109 28 Zealand,
169 1265 34 15 we
214 1261 83 18 cannot
313 1256 40 23 fail
370 1259 25 19 to
411 1255 102 24 .succeed
532 1254 58 32 fully
612 1263 25 14 as

48 1291 53 22 well
112 1298 25 15 as
148 1289 96 24 rational
255 1296 95 24 persons
362 1296 43 16 can
416 1289 133 30 reasonably
557 1292 81 28 expect

48 1327 24 20 to
84 1324 36 24 do.
