3470 4610
2865 563 80 125 The
2972 563 161 125 Oxford
3160 563 241 125 Observer.

2865 688 284 124 PUBLISHED
3180 688 221 124 WEEKLY.

2894 812 83 21 SATURDAY
2977 812 38 21 OCTOBER
3015 812 12 21 sth
3027 812 33 21 1895.

3009 951 247 32 OSTENTATION.

3030 996 41 29 BV
3078 999 73 27 liADT
3157 1001 78 25 COOK.

2899 1082 159 27 Ostentation
3076 1084 23 25 is
3122 1085 67 25 older
3209 1086 61 24 than
3293 1086 108 25 civiliza-

2866 1127 52 23 tion
2928 1135 7 19 ;
2948 1127 100 24 ancient
3060 1136 27 16 as
3098 1128 43 24 the
3164 1129 119 31 primeval
3305 1136 97 25 savage.

2865 1166 55 24 The
2928 1166 80 25 desire
3016 1168 27 24 to
3052 1175 92 24 appear
3149 1166 96 31 braver,
3253 1167 150 27 handsomer

2865 1206 86 36 richer,
2965 1209 121 31 stronger,
3104 1208 80 25 better
3203 1216 29 18 or
3254 1216 85 21 worse,
3353 1209 50 25 and

2868 1253 26 17 so
2906 1253 41 22 on,
2969 1246 168 30 than,others,
3150 1255 28 16 or
3194 1247 62 25 than
3268 1255 37 17 we
3327 1248 78 32 really

2867 1294 49 21 are,
2928 1286 47 24 has
2986 1286 62 25 been
3058 1295 15 16 a
3092 1287 127 25 universal
3229 1287 89 32 failing
3339 1287 65 26 from

2867 1328 117 23 remotest
2996 1326 82 30 times,
3091 1328 50 24 and
3152 1335 57 17 ever
3219 1328 117 24 attended
3344 1328 61 25 with

2868 1366 118 33 unhappy
3004 1361 189 38 consequences'!
3228 1367 130 30 However,
3370 1376 36 17 we

2868 1406 64 24 shall
2955 1408 41 23 not
3008 1407 60 25 here
3090 1409 106 30 attempt
3208 1432 2 3 .
3216 1409 26 23 to
3265 1408 84 24 attack
3372 1408 33 25 all

2868 1446 78 22 forms
2958 1447 27 22 of
2997 1448 95 30 vanity,
3115 1447 46 23 Ibut
3183 1447 88 32 would,
3282 1448 68 24 draw
3368 1449 38 23 at-

2869 1488 96 24 tention
2977 1491 27 23 to
3015 1488 56 26 that
3086 1489 135 31 particular
3243 1497 47 17 one
3311 1488 27 25 of
3346 1490 58 24 vain

2868 1531 70 26 show
2949 1540 35 21 or.
2998 1532 94 33 display,
3113 1533 83 26 which
3217 1533 25 25 is
3271 1533 43 25 the
3336 1541 68 18 more

2868 1578 101 30 general
2991 1578 73 24 mode
3080 1578 35 27 .of
3147 1578 159 26 ostentation.
3353 1578 53 24 The

2868 1620 77 24 Latin
2957 1641 4 6 ,
3178 1629 87 16 means
3289 1623 26 23 to
3337 1621 70 25 show

2867 1663 68 25 often
2946 1663 28 26 in
2983 1672 15 17 a
3009 1664 116 33 boasting
3133 1673 111 17 manner.
3273 1665 131 32 Anything

2868 1709 128 27 therefore,
3011 1709 81 25 which
3108 1710 22 24 is
3145 1709 64 25 done
3230 1709 66 25 from
3317 1709 88 32 vulgar
3423 1733 2 2 .

2866 1752 69 31 prid<s
2968 1756 27 21 to
3022 1752 85 25 dazzle
3136 1752 93 30 others,
3257 1753 23 25 is
3308 1752 28 25 of
3355 1753 48 23 this

2867 1796 134 26 character.
3017 1803 2 5 '
3048 1796 56 26 And
3115 1797 20 25 it
3158 1796 82 26 would
3254 1804 66 18 seem
3337 1804 28 18 as
3384 1796 20 25 if

2867 1837 33 26 all
2922 1837 109 33 changes
3058 1837 28 27 of
3103 1838 100 33 fashion
3224 1838 132 32 prompted
3370 1837 33 33 by

2867 1881 86 32 vanity
2971 1889 41 17 are
3040 1890 28 17 so
3096 1889 77 25 many
3202 1882 80 25 marks
3308 1881 28 26 of
3353 1882 50 25 this

2866 1925 94 34 failing,
2978 1926 38 25 for
3026 1926 71 26 these
3106 1935 42 17 are
3155 1928 26 24 at
3189 1927 54 25 first
3255 1926 107 33 adopted
3372 1927 31 32 by

2867 1970 43 26 the
2923 1971 58 30 rich,
2995 1971 49 24 and
3055 1971 32 30 by
3098 1971 69 25 them
3177 1971 115 25 forsaken
3304 1978 28 18 as
3341 1978 61 18 sooa

2868 2022 34 17 as.
2915 2015 60 31 they
2993 2014 101 26 become
3122 2023 125 19 common.
3259 2041 4 3 .
3297 2015 41 25 An
3362 2015 41 27 old

2868 2058 104 26 French;
2978 2058 122 29 moralist,
3113 2059 151 30 declaiming
3283 2060 28 23 in
3338 2061 64 23 1586

2868 2100 99 33 against
2988 2100 45 27 the
3051 2102 137 31 prevailing
3209 2102 121 29 fashions,
3355 2103 50 23 and

2868 2141 197 36 esp'ecjally,.that
3076 2145 27 25 of
3117 2145 79 25 ladies
3211 2146 116 31 carrying
3343 2145 59 25 mir-

2868 2197 52 16 rors
2932 2197 28 16 so
2963 2182 61 37 j;iat
3033 2189 59 32 they
3100 2189 83 33 might
3191 2189 143 33 constantly
3342 2191 61 23 view

2868 2227 153 35 themselves,
3033 2234 94 25 notices
3139 2234 49 25 this
3209 2243 84 17 course
3316 2234 27 25 of
3360 2235 42 24 hu-

2868 2322 68 25 what
2948 2331 33 16 an
2992 2330 46 24 age
3049 2323 33 26 do
3092 2331 37 18 we
3144 2324 47 26 live
3202 2333 5 16 :
3232 2326 25 24 to
3281 2334 39 17 see
3342 2326 62 25 such

2869 2366 127 33 depravity
3007 2367 79 25 which
3098 2377 37 17 we
3154 2377 47 21 see,
3224 2369 57 26 that
3302 2371 102 25 induces

2869 2411 68 24 them
2953 2419 62 17 even
3026 2413 27 24 to
3063 2413 72 32 bring
3145 2414 55 25 into
3217 2414 95 27 church
3335 2415 70 25 those

2870 2455 147 24 scandalous
3028 2456 102 25 mirrors
3139 2456 111 32 banging
3257 2457 77 25 about
3342 2457 66 24 their

2871 2497 91 25 waists.
2972 2507 3 6 1
3021 2498 49 26 Let
3104 2499 35 24 all
3165 2500 125 32 histories,
3316 2500 91 31 divine,

2871 2541 104 29 human,
2993 2542 49 26 and
3071 2543 110 31 profane,
3210 2544 30 25 be
3263 2545 144 29 consulted;

2872 2593 74 17 never
2956 2586 51 26 will
3018 2587 20 25 it
3048 2588 31 24 be
3088 2587 77 25 found
3173 2588 56 26 that
3238 2588 69 26 these
3316 2589 93 32 objects

2873 2629 26 24 of
2909 2631 86 31 vanity
3005 2639 64 18 were
3081 2639 56 18 ever
3157 2632 60 25 thus
3229 2633 108 32 brought
3356 2634 54 25 into

2872 2672 84 32 public
2968 2673 32 31 by
3011 2674 43 25 the
3066 2677 65 23 most
3148 2676 170 26 meretricious
3330 2678 27 24 of
3368 2678 44 24 the

2874 2725 51 16 sex.
2959 2718 26 24 It
2996 2718 23 24 is
3029 2719 63 29 true,
3114 2722 26 22 at
3162 2721 100 30 present
3278 2728 65 18 none
3366 2721 47 25 but

2874 2760 42 26 the
2927 2760 78 27 ladies
3017 2761 28 26 of
3054 2762 43 26 the
3107 2763 75 26 Court
3194 2765 104 25 venture
3309 2766 27 25 to
3347 2773 66 18 wear

2873 2805 69 24 them
2957 2812 6 22 ;
2981 2806 47 25 but
3038 2807 63 29 long
3111 2807 21 24 it
3151 2807 52 25 will
3220 2809 46 23 not
3276 2808 32 25 be
3330 2808 82 25 before

2874 2855 72 24 every
2974 2848 111 25 citizen's
3110 2849 131 32 daughter,
3271 2851 51 25 will
3351 2852 63 25 have

3043 2888 3 4 '

2908 2935 113 32 Nothing
3031 2937 23 24 is
3076 2945 70 18 more
3158 2938 125 26 ludicrous
3299 2939 62 26 than
3374 2940 40 25 the

2875 2979 80 31 origin
2967 2980 28 25 of
3003 2979 70 27 these
3085 2982 200 31 extravagances.
3320 2983 22 24 A
3354 2984 60 24 dau-

2874 3022 61 31 phin
2946 3023 28 24 of
2982 3023 96 25 France
3093 3024 51 25 had
3167 3033 15 15 a
3204 3026 63 31 high
3290 3027 124 28 shoulder,

2876 3066 51 24 this
2938 3074 61 23 gave
3011 3067 46 25 rise
3069 3069 26 23 to
3114 3072 6 10 '
3128 3068 48 25 full
3188 3068 130 29 bottomed

2874 3110 106 25 Pointed
2993 3111 73 26 shoes
3085 3120 15 16 a
3122 3113 61 31 yard
3194 3113 61 32 long
3266 3116 26 23 to
3316 3115 100 25 conceal

2876 3161 32 17 an
2921 3161 158 19 excrescence
3091 3163 31 17 on
3139 3155 43 25 the
3205 3156 52 26 foot
3265 3159 4 8 v
3280 3157 28 25 of
3327 3158 89 31 Henry

2876 3197 167 32 Plantaganet
3071 3199 28 25 of
3127 3200 90 31 Anjou.
3264 3201 84 25 When
3372 3202 42 25 the

2876 3241 178 26 Archduchess
3066 3241 106 26 Isabella
3195 3252 64 17 wore
3283 3245 44 24 the
3348 3254 66 16 same

2876 3285 66 30 dirty
2953 3285 69 24 linen
3042 3286 39 25 for
3092 3287 70 24 three
3181 3295 60 21 year
3252 3287 106 26 because
3369 3289 44 24 she

2876 3327 49 26 had
2934 3327 82 26 vowed
3026 3330 45 24 not
3080 3329 27 25 to
3116 3328 97 34 change
3219 3332 21 24 it
3246 3332 65 25 until
3321 3332 93 25 Ostenft

2876 3380 51 17 was
2938 3371 84 30 taken,
3033 3373 34 25 its
3075 3373 84 26 colour
3170 3375 27 25 at
3207 3375 44 25 the
3262 3376 49 24 end
3322 3376 27 24 of
3358 3376 56 24 that

2876 3416 61 25 time
2944 3417 101 24 became
3052 3417 155 26 fashionable
3216 3426 28 19 as
3257 3420 155 25 'L'lsabeau*

2876 3467 16 17 a
2900 3460 293 32 dingy-whitish-yellow.
3228 3462 80 25 Down
3332 3465 26 23 to
3369 3464 43 24 the

2876 3503 70 31 reign
2958 3504 27 24 of
2994 3502 111 27 William
3116 3504 49 26 and
3177 3504 80 33 Mary,
3275 3507 66 25 little
3353 3507 59 25 chil-

2877 3547 61 25 dren
2949 3548 26 23 of
2986 3546 42 26 the
3050 3555 78 24 upper
3142 3548 92 26 classes
3257 3558 65 17 wore
3344 3551 69 31 wigs,

2876 3589 45 26 but
2933 3589 100 26 barbers
3044 3590 48 25 had
3109 3593 46 24 not
3168 3591 98 27 become
3278 3593 56 26 hair
3346 3594 67 26 dres-

2878 3641 63 18 sers.
2986 3635 82 25 These
3090 3643 65 18 were
3179 3644 105 18 women.
3331 3638 83 33 Verily

2904 3678 70 24 there
3001 3678 23 25 is
3045 3687 56 17 new
3128 3688 34 17 no
3187 3680 72 32 thing
3276 3682 77 24 under
3373 3683 41 25 the

2911 3763 177 27 Comfit-boxes
3108 3773 64 18 were
3200 3770 69 29 great
3297 3768 69 33 signs
3390 3767 26 28 of

2877 3808 158 30 ostentation,
3064 3810 51 24 and
3142 3818 61 17 were
3231 3812 45 25 the
3309 3820 59 25 rage
3387 3814 27 23 in

2877 3850 96 26 France
2992 3851 84 27 before
3085 3854 162 26 -snuff-boxes
3269 3857 61 25 took
3351 3857 62 25 their

2876 3895 86 34 place.'
2989 3895 51 27 Air
3054 3897 94 26 carried
3170 3899 72 25 them
3264 3908 33 18 on
3320 3901 34 25 all
3376 3909 37 17 oc-

2876 3939 108 29 casions,
2995 3939 52 26 and
3057 3940 74 26 when
3141 3942 42 25 the
3194 3942 74 27 Duks
3291 3945 27 25 of
3338 3944 76 25 Guise

2878 3989 48 16 was
2926 3978 249 34 i'stidt,atTois'ins
3197 3985 146 28 comfit-box
3365 3991 50 21 was

2876 4024 79 26 found
2962 4024 29 26 in
3000 4025 40 25 his
3050 4026 78 26 hand.
3137 4028 132 28 Chaucer's

2976 4068 29 26 in
3015 4069 42 26 the
3067 4069 104 34 chaptei*
3212 4074 40 25 De
3264 4075 129 33 Superbia,

2877 4108 68 35 tells,
2958 4120 28 18 as
2998 4121 36 18 we
3045 4113 59 26 dare
3116 4118 52 27 not,
3181 4121 26 22 to
3229 4118 67 26 what
3318 4118 99 30 lengths

2878 4155 71 34 pride
2968 4156 51 27 and
3029 4157 163 38 impropriety
3214 4162 28 26 in
3264 4163 68 27 dress
3355 4169 62 20 were

2880 4201 95 26 carried
2984 4202 29 26 in
3029 4202 42 27 his
3082 4203 59 35 day,
3151 4207 160 34 particularly
3332 4207 33 34 by
3377 4207 42 26 the

2879 4253 66 17 men.
2979 4245 33 26 In
3024 4246 97 28 France
3138 4249 22 26 it
3182 4251 114 26 wafbad
3311 4251 108 32 enough.

2881 4289 22 25 A
2911 4288 99 28 modest
3020 4289 94 28 Italian
3125 4294 82 29 could,
3210 4297 47 25 not
3264 4296 80 27 travel
3351 4296 69 26 there

2880 4332 29 26 ia
2919 4330 44 39 %e
2970 4335 37 35 .15
3014 4333 30 27 tfi
3061 4338 111 32 century,
3196 4339 56 26 said
3274 4348 34 17 an
3329 4340 92 25 Italian

2882 4377 97 30 author,
2991 4377 107 27 without
3110 4380 74 34 being
3195 4383 109 26 shocked
3315 4384 33 32 by
3370 4390 51 19 see-

2876 4419 51 33 ding
2932 4418 58 29 how
3000 4419 45 28 the
3055 4430 62 19 men
3127 4423 111 28 dressed.

2916 4461 30 27 In
2956 4463 70 32 Tain,
3111 4475 46 25 age
3167 4464 33 31 to'
3203 4477 54 26 age,
3265 4478 65 19 nave
3342 4477 80 25 sump-

2871 4506 86 34 ctuary
2967 4499 137 37 laWbeen
3114 4510 106 29 levelled
3231 4514 100 34 against
3342 4517 80 24 osten-

1135 45 167 33 OXFOED
1339 47 227 31 OBSEJRVEE
1610 45 238 36 SATUEDAY,
1906 44 191 32 OCTOBEE
2147 45 29 36 5,
2233 46 90 30 1895.

3005 191 117 30 Copies
3143 199 39 22 of
3203 199 63 22 the

2919 240 175 33 OXFORD
3126 242 223 33 OBSERVER

2981 306 33 17 an
3038 298 31 26 be
3092 298 120 27 obtained
3235 302 27 23 at

2882 335 158 27 ARGILL'S
3052 345 87 17 corner
3161 338 27 24 of
3203 339 138 25 CASHEL
3353 338 46 26 anfi

2964 376 162 26 COLOMBO
3146 377 155 27 STREETS

3038 418 187 27 Christchurch.

2523 198 69 21 NEW

2303 246 263 44 SUMMEE

2383 361 16 23 ,
2540 323 295 47 DRAPEEY

2370 404 55 45 R.
2465 404 58 46 H.
2553 404 216 47 PARISH

2430 480 100 50 East
2561 480 161 51 Oxford

2429 557 134 23 INTENDS
2577 558 37 22 TO
2629 558 73 22 SELL

2302 594 174 31 seasonable
2485 595 95 40 goods
2589 600 32 27 at
2626 596 100 41 prices
2735 596 98 32 below

2302 639 68 30 that
2388 640 33 30 of
2434 651 61 30 any
2519 641 221 32 Christchurch
2763 643 68 30 firm

2345 762 446 38 ALLWOOL

2302 818 194 49 Colonial
2535 821 176 47 Flannel
2759 820 74 49 U.

2303 898 129 40 cheaper
2445 900 77 27 than
2537 910 56 19 can
2613 901 38 28 be
2662 900 171 40 piarchased

2302 952 33 27 at
2363 949 123 32 auction
2514 961 35 20 or
2566 952 82 29 from
2685 952 149 29 itinerant

2483 999 136 40 drapers:

2438 1091 126 23 DOUBLE
2584 1093 111 21 WIDTH

2316 1165 193 46 DEESS
2563 1166 254 45 TWEEDS

2476 1237 80 40 (half
2570 1238 96 39 price)

2357 1295 182 41 Homespun
2554 1298 34 28 6i
2606 1296 101 30 worth
2721 1296 69 40 lOJv

2316 1347 101 29 better
2441 1347 89 30 value
2554 1347 75 30 than
2655 1347 167 40 travelling

2297 1406 66 28 ','...
2378 1402 126 39 drapers
2518 1402 65 30 will
2597 1403 79 38 give.
2681 1413 70 29 you.

2360 1602 5 15 ,
2441 1571 258 47 NOTICE.

2303 1655 61 61 ON
2389 1655 49 25 and
2466 1656 63 25 after
2556 1656 49 26 this
2640 1657 69 29 30th,
2739 1657 49 32 day
2810 1657 28 26 of

2358 1688 137 27 AUGUST
2505 1691 72 25 1895.
2612 1690 40 25 All
2666 1691 169 25 TRESPAS-

2304 1728 85 26 SERS
2409 1736 33 16 on
2464 1728 43 25 the
2535 1729 149 24 WARREN
2699 1729 134 25 ESTATE

2300 1766 49 25 will
2373 1766 31 24 be
2437 1766 238 29 PROSECUTED,
2702 1767 49 24 and
2773 1768 62 31 dogs

2300 1803 84 31 found,
2389 1804 101 26 thereon
2499 1804 138 30 destroyed.

2499 1865 7 9 ,
2532 1865 2 2 .
2564 1847 175 25 F.CROWE.

2641 1890 126 32 Manager.
2841 1891 5 9 !

2302 2025 223 27 PREVENTION
2542 2026 33 25 IS
2591 2026 138 25 BETTER
2740 2026 94 25 THAN

2533 2067 103 24 CURE.

2414 2138 53 26 that
2479 2138 44 26 the
2533 2138 131 32 Influenza
2676 2138 127 32 Epidemic
2813 2138 23 25 is

2302 2163 32 34 li
2375 2171 76 26 about
2470 2172 42 25 the
2529 2171 182 33 neighbouring
2728 2170 108 26 districts

2302 2213 32 17 no
2346 2205 74 26 home
2432 2205 87 25 should
2531 2204 30 25 be
2572 2204 103 26 without
2686 2205 44 25 the
2750 2205 85 31 Platy-

2302 2246 46 25 pus
2352 2239 87 25 Brand
2450 2239 26 25 of
2487 2239 153 32 Eucalyptus
2650 2238 123 26 Globulus
2784 2238 51 24 Ex-

2303 2274 63 24 tract
2378 2274 26 23 to
2415 2273 30 24 be
2457 2272 76 25 taken
2545 2280 67 24 upon
2628 2280 81 24 sugar,
2730 2267 70 30 cfiTiti
2803 2267 12 16 K
2815 2268 33 29 ~sS

2302 2305 65 25 little
2378 2304 71 26 milk.
2485 2305 50 24 The
2546 2308 67 22 most
2627 2305 148 25 convenient
2787 2305 49 24 and

2303 2339 111 30 pleasant
2426 2345 54 24 way
2491 2343 27 19 to
2529 2339 65 23 take'
2608 2338 156 31 Eucalyptus
2775 2338 22 24 is
2809 2338 28 25 in

2303 2371 32 25 he
2347 2371 118 32 Platypus
2477 2370 86 25 Brand
2583 2370 27 25 of
2627 2370 145 33 Euacyptus
2772 2395 8 8 v
2791 2370 45 26 Ju-

2301 2405 81 31 jubes,
2392 2405 60 30 they
2463 2413 42 16 are
2511 2405 28 22 in
2549 2404 62 24 such
2620 2412 15 15 a
2640 2405 126 30 palatable
2772 2405 65 24 form

2303 2438 112 28 pleasant
2457 2438 26 22 to
2516 2438 70 25 taste,
2627 2436 131 29 antiseptic
2788 2436 50 24 and

2303 2467 140 25 stimulant.
2488 2467 115 33 Sprinkle
2625 2475 63 25 your
2714 2467 123 26 Landker-

2304 2501 125 25 chiefand
2448 2508 82 18 rooms
2542 2501 59 25 with
2621 2502 42 23 the
2681 2501 41 24 oil.

2305 2555 26 24 BE
2342 2554 58 26 SURE
2406 2554 43 25 YOU
2458 2554 116 25 PURCHASE
2582 2554 45 24 THE
2636 2554 115 24 PLATYPUS
2759 2554 79 29 BRAND,

2381 2599 31 25 R.
2425 2599 91 25 Parish
2527 2598 83 33 Agent
2620 2598 40 25 for
2671 2598 102 26 Oxford.

2305 2643 74 25 Office
2387 2643 39 25 No
2436 2644 14 22 9
2464 2642 175 31 Cathedralsq.
2655 2641 184 26 Christchurch

2307 2749 310 78 BURRELL
2646 2749 192 97 BROS.,

2417 2848 167 45 Photogt
2591 2849 145 43 aphers

2305 2901 191 41 VICTORIA
2518 2901 149 50 STUDIO,
2690 2901 61 41 GH.
2777 2901 61 41 CH.

2388 2953 69 25 Take
2474 2953 42 24 the
2532 2953 57 24 lead
2606 2961 61 16 once
2684 2961 69 17 more

2308 2998 66 38 Our
2382 2996 460 52 Photographsalltherage

2308 3059 106 81 Uof
2420 3066 42 14 our
2469 3059 53 21 well
2528 3059 80 20 known
2617 3059 82 26 highly
2714 3060 57 18 1A
2794 3059 44 19 /A

2372 3086 102 21 finished
2490 3085 222 22 nainelledCabinets
2719 3079 121 33 111/1%

2485 3137 2 7 ,
2531 3114 119 23 for-S^
2716 3102 75 38 lU/
2808 3102 32 37 U

2309 3180 16 38 1
2337 3179 104 39 dozen
2460 3178 204 39 Enamelled
2680 3179 163 39 Cabinets

2307 3231 98 39 with
2416 3229 281 40 onelsxl2Matt
2706 3230 137 40 surface

2309 3281 297 44 Enlargement
2621 3281 224 49 Beautifully

2417 3326 148 41 ramed
2581 3325 57 44 .for
2661 3327 62 40 1.

2309 3374 62 27 This
2380 3375 23 26 is
2413 3384 33 17 no
2457 3375 82 28 sham,
2549 3375 48 26 but
2608 3384 15 17 a
2634 3375 52 26 real
2697 3375 47 33 gift
2754 3375 38 26 for
2800 3376 45 25 the

2309 3415 98 32 coming
2425 3414 122 33 holidays.
2589 3415 47 24 All
2655 3415 68 25 work
2737 3415 64 25 done
2812 3415 33 32 by

2311 3453 159 32 experienced
2492 3453 90 25 hands.
2633 3453 148 25 Remember
2800 3462 45 16 our

2326 3491 155 29 Concession,
2491 3492 31 23 18
2533 3492 28 24 to
2571 3491 43 25 the
2622 3491 78 26 dozen
2712 3491 38 26 for
2759 3492 68 33 10/6.

2310 3532 60 24 This
2387 3532 44 25 the
2449 3532 58 31 only
2522 3532 61 25 time
2598 3532 26 24 in
2642 3532 44 25 the
2706 3532 103 31 History
2820 3531 28 27 of

2309 3569 178 33 Photography
2499 3569 56 25 that
2573 3570 62 24 such
2652 3579 15 15 a
2690 3570 91 24 chance
2798 3570 47 25 has

2310 3615 56 18 ever
2385 3608 61 25 been
2464 3608 106 32 brought
2589 3608 82 25 before
2690 3608 44 26 the
2753 3609 90 31 public,

2311 3648 50 25 and
2371 3656 58 25 may
2439 3655 76 20 never
2529 3656 74 19 occur
2625 3650 82 31 again.
2727 3649 39 26 Sit
2777 3650 68 32 early

2311 3690 183 31 appointments
2506 3689 90 26 should
2606 3689 32 25 be
2648 3690 73 25 made
2739 3690 22 24 if
2777 3697 69 24 poss-

2310 3727 57 25 ible.
2390 3727 199 25 REMEMBER
2609 3727 70 25 OUR
2693 3727 63 26 BIG
2768 3727 77 25 CON-

2311 3765 147 27 CESSION
2470 3765 68 26 FOR
2552 3767 16 23 2
2578 3766 146 26 MONTHS
2744 3766 99 26 ONLY.

2310 3838 99 26 Letters
2420 3838 32 32 by
2462 3840 57 31 post
2530 3839 148 33 punctually
2689 3840 119 25 attended
2819 3842 26 23 to

2324 3884 508 45 PICTURE~~FRAMING

2329 3931 33 28 ..,'
2459 3934 26 20 in
2493 3933 33 21 all
2534 3934 32 21 its
2575 3934 120 21 branches.

2304 3961 172 30 /IJURRELti
2492 3965 106 28 BROS.*
2619 3965 208 31 Photographers,

2438 4002 109 27 Victoria
2558 4004 84 30 street,
2655 4003 189 28 Christchurch.

2312 4048 110 32 opposite
2443 4046 33 27 He
2486 4047 129 26 Salvation
2626 4048 77 33 Army
2714 4049 131 26 Barracks.

2346 4232 4 14 :
2485 4226 181 48 SALEi-
2670 4232 4 11 I
2685 4212 93 78 '--;^
2794 4228 59 61 .;;;

2352 4351 28 32 A
2410 4351 167 33 CORNET
2591 4354 45 40 by
2647 4365 21 21 a
2680 4355 71 33 first
2770 4357 80 32 class

2311 4408 118 33 Maker.
2434 4437 3 11 :
2463 4437 4 4 .
2473 4435 3 17 :
2481 4405 171 47 ..^'Apply,^
2659 4438 13 13 K
2678 4428 38 24 .^
2718 4450 3 2 .
2742 4398 77 55 i^:.\
2845 4440 7 10 t

2519 4478 326 47 Gffic^pftliisPaper

1757 192 207 41 ifitltS
2006 192 252 41 JACKETS

1848 261 80 31 New
1949 261 78 31 This
2049 261 123 33 Season

1742 337 36 29 8s
1801 337 40 29 6d
1883 336 145 31 Reduced
2042 336 79 31 from
2178 339 54 30 12s
2254 340 18 29 6

1743 397 38 29 15
1804 397 40 30 6d
2178 401 54 29 20s
2254 402 18 29 0

1713 482 1 70 |
1763 493 28 40 f
1796 493 57 42 Up
1875 494 139 42 191VEB
2048 495 203 41 CIOAKtB

1742 557 54 29 12s
1819 556 39 30 6d
1888 557 149 31 Reduced
2052 559 83 29 from
2157 560 54 28 30s
2233 561 19 28 0

1885 617 123 32 Giving
2028 617 105 32 Away

1754 668 120 32 Ladies'
1896 669 126 32 Jackets
2044 674 33 27 at
2100 669 52 41 3/6
2174 672 84 31 each.

1738 798 244 46 KAIAPOI
2024 799 248 48 TWEEBS.

1738 881 120 80 FULL
1874 882 143 32 RANGE
2029 884 35 30 of
2071 884 62 31 this
2147 884 116 31 Season
2265 886 6 12 5

1815 922 146 32 Patterns
1980 926 33 28 to
2043 924 92 32 hand.

1992 976 27 24 at

1839 1018 38 33 R,
1902 1018 42 30 .H
1965 1019 197 32 PARISH'S

1881 1079 92 26 EAST
1990 1080 145 27 OXFORD.
2213 1079 3 20 i

1995 1164 37 19 >+
2083 1173 1 6 .
2121 1173 31 6 -.
2213 1157 4 21 i

1852 1235 318 35 PARISH'S

1754 1554 170 48 W
1983 1531 248 44 YOUTHS

1778 1622 138 50 Imm
2013 1628 65 35 jm
2107 1629 113 35 woov

1771 1691 21 65 /
1818 1732 73 24 WW
1944 1712 178 25 COLONIAL
2145 1714 129 24 TWEED

1712 1781 2 7 1
1742 1761 137 62 hJ&m
1989 1786 216 34 suits

1780 1871 126 34 From
1931 1872 87 40 12/6
2040 1879 72 32 per
2135 1873 92 37 suit.

1865 1930 80 35 (three
1961 1930 146 34 garments.)

1742 1977 92 25 Cannot
1844 1978 27 24 be
1877 1978 137 30 purchased
2024 1981 26 20 at
2065 1977 171 25 Ghristchnrch
2246 1985 28 17 or

1854 2022 123 24 elsewhere
1988 2025 25 20 at
2020 2021 36 23 the
2064 2022 77 29 price.

1768 2159 142 49 lace
1961 2149 284 60 (Sustains

1920 2237 6 4 -
1960 2231 91 16 ><

1741 2279 93 27 lAA
1865 2276 135 31 HAIRS
2016 2277 34 29 of
2065 2276 208 31 CURTAINS

1742 2307 92 49 lUU
1865 2307 35 49 r
1942 2317 109 30 Latest
2075 2317 135 39 Designs
2218 2342 4 2 .

1834 2364 82 30 from
2004 2373 58 31 per
2088 2363 78 41 pair.

1741 2612 120 31 Ladies'
1884 2612 87 31 Rock
1986 2611 102 32 Straw
2102 2610 132 31 Boaters

1884 2664 108 40 Fancy
2014 2662 94 31 Sailoi

1741 2715 93 41 Boys'
1850 2716 61 30 and
1925 2714 101 31 Maids
2043 2713 141 32 Galateas

1742 2811 99 30 Black
1856 2810 121 30 French
1994 2810 181 31 Cashmeres

1712 2871 2 28 ;
1742 2862 99 30 Black
1856 2862 28 28 &
1897 2860 64 31 Col.
1981 2859 123 31 French
2122 2858 154 31 Merinoes

1762 3002 236 27 MANCHESTER
2014 3000 246 27 DEPARTMENT.

1745 3052 115 36 Prints,
1881 3050 114 31 checks
2009 3050 62 30 and
2092 3048 114 40 stripes

1747 3100 96 31 Table
1865 3099 159 35 Damasks,
2047 3097 229 31 unbleached-

1828 3150 114 41 special
1963 3149 92 31 value
2070 3147 82 32 from
2168 3146 45 41 1/-

1746 3208 116 30 Brown
1898 3204 138 33 Holland
2070 3213 77 31 very
2182 3203 97 40 cheap

1713 3262 5 25 t
1745 3257 192 31 Flannelette
1952 3255 59 31 and
2027 3255 150 40 Shirting,
2199 3254 80 41 good

1827 3308 90 30 value
1937 3307 80 29 from
2039 3307 51 28 4d.

1746 3359 94 32 Floor
1861 3357 90 33 Cloth
1973 3358 81 42 good
2075 3361 33 28 at
2131 3357 49 32 9d.

1747 3411 89 32 Wide
1857 3412 113 30 Forfar
1991 3415 33 26 at
2046 3411 49 31 6d;
2098 3418 21 13 -

1780 3546 252 26 FLANNELETTS
2044 3547 20 23 &
2076 3544 188 30 GALATEAS,

1748 3606 30 25 In
1800 3606 123 32 quantitifl
1945 3606 51 25 and
2015 3605 116 33 qualities
2149 3612 73 19 never
2239 3605 43 32 yet

1748 3645 86 33 placed
1844 3645 83 26 before
1938 3644 92 26 Oxford
2041 3644 97 32 buyers.
2149 3643 69 26 Such
2227 3645 55 31 pat-

1749 3686 76 29 terns,
1838 3683 60 26 such
1910 3683 105 29 colours,
2027 3683 63 25 such
2100 3683 119 28 textures,
2228 3683 55 24 that

1714 3739 12 3 -.
1749 3730 48 15 one
1807 3721 126 30 naturally
1943 3721 58 23 asks
2012 3721 55 23 how
2078 3720 60 32 they
2149 3728 43 15 are
2210 3721 73 22 made

1749 3762 38 24 for
1808 3761 44 25 the
1872 3761 79 32 price..
1989 3760 45 33 My
2057 3759 115 33 Glasgow
2192 3758 91 34 buyers

1749 3799 116 32 pounced'
1877 3807 68 24 upon
1965 3807 15 17 a
2002 3798 52 26 line
2075 3798 67 26 fresh
2161 3798 64 26 from
2239 3797 44 26 the

1749 3838 87 30 looms,
1847 3837 73 25 made
1931 3836 121 26 excellent
2063 3838 75 23 terms
2158 3835 61 26 'with
2239 3835 44 26 the

1714 3897 3 5 .
1749 3875 95 29 maker,
1852 3873 103 34 shipped
1966 3875 26 24 at
2003 3882 62 18 once
2076 3869 26 31 te
2109 3876 50 27 me',
2169 3873 49 26 and
2224 3873 59 26 here

1749 3916 60 32 they
1820 3923 49 22 are,
1882 3923 66 18 some
1959 3916 50 25 100
2019 3915 90 32 pieces,
2116 3915 50 24 and
2171 3915 15 24 I
2196 3915 87 24 intend

1750 3957 27 24 to
1787 3953 188 28 make"ahoie'
1987 3955 76 25 about
2084 3955 87 29 them;
2183 3962 32 17 no
2235 3962 48 18 one

1713 3986 8 30 7
1750 3995 50 26 else
1810 3995 47 25 has
1869 3995 40 25 the
1920 3996 126 29 patterns;
2057 4000 34 19 no
2113 4000 48 19 one
2183 3993 51 26 else
2256 3995 27 24 in

1750 4031 45 26 the
1805 4031 71 26 trade
1884 4039 47 17 can
1943 4030 61 26 offer
2021 4029 62 27 such
2093 4031 81 25 value.

1713 4062 10 16 e
1778 4069 255 27 FLANNELETTE
2048 4071 29 24 2s
2095 4071 49 23 lid
2152 4064 78 32 dozeri
2238 4071 46 32 yds

1724 4130 3 9 ,
1750 4120 28 17 or
1789 4119 51 24 any.
1846 4110 89 32 length
1945 4111 44 24 cut
1999 4111 27 25 at
2046 4109 33 25 3d
2095 4117 45 25 per
2158 4110 71 32 yard.
2262 4111 23 25 A

1751 4148 112 35 splendid
1878 4149 83 32 range'
1971 4148 29 25 of
2012 4146 121 35 patterns.'
2144 4153 14 26 /
2171 4146 35 11 !f

1835 4242 2 8 ,
1875 4233 50 19 .;.:.i:
1971 4232 52 16 -.!'.->
2108 4228 23 21 /:
2169 4239 12 10 ...
2189 4237 3 5 >
2208 4235 5 14 i

1796 4278 3 9 ,
1839 4278 4 9 ,
1884 4255 108 34 .V^L^
2009 4260 120 29 WOOL,
2155 4270 22 14 ,-.
2211 4274 3 6 ,

1713 4327 10 26 s
1742 4335 6 39 ;
1772 4315 216 54 WELLINpN
2007 4315 124 39 TWEED
2159 4315 101 40 SUITS

1713 4410 12 18 v
1740 4400 10 6 -
1795 4382 237 48 EMttced
2050 4384 55 45 to
2128 4383 103 59 19/6

1789 4470 63 17 ir..,.
2085 4473 11 10 !
2109 4483 6 2 .
2184 4479 4 4 .
2225 4482 2 1 .

1713 4490 10 26 1.
1883 4486 81 34 (Siwa
1976 4487 29 36 l._
2017 4485 32 28 2;
2173 4487 49 28 ,*...

1229 207 26 18 A.
1270 207 115 24 Flesher~\.
1583 207 35 25 [F.
1632 207 74 19 Fuller.

1194 249 205 41 FLESEEE
1420 251 70 40 and
1512 249 185 41 FULLER.

1357 308 181 25 SOLICITORS,

1220 348 13 19 9
1243 346 123 21 Cathedral
1377 346 92 27 Square,
1484 346 190 22 Christchurch.

1182 381 114 27 (Between
1306 380 109 21 Morten's
1425 380 115 27 buildings
1550 380 18 20 &
1578 380 56 21 Post
1640 381 66 21 Office.

1220 416 187 55 Money
1436 417 52 42 to
1524 414 143 46 Lend

1180 482 34 21 On
1223 482 33 20 all
1263 481 57 21 kind
1329 481 25 20 of
1363 480 111 27 Security,
1483 482 25 20 at
1526 480 56 22 Low
1595 482 78 21 Rates
1691 482 15 21 oi

1206 526 104 20 Interest.
1341 524 88 27 Special
1442 524 77 22 Terms
1529 524 36 21 for
1573 526 110 21 Farmers.
1687 526 19 26 H

1277 713 133 46 FOR
1436 713 180 46 SALE.

1177 827 50 40 J.
1289 826 390 42 FiLUZiAITE,

1279 889 111 31 EAST
1413 889 183 33 OXFORD.

1216 934 65 32 Has
1297 947 41 19 on
1354 936 83 30 hand
1454 947 16 20 a
1495 936 142 40 splendid
1664 936 42 31 lot

1176 983 32 31 of
1222 984 143 30 BACON
1380 985 64 29 and
1458 985 111 30 LARD
1581 986 50 30 for
1646 987 60 29 sale

1175 1034 81 29 from
1271 1044 18 19 a
1305 1034 105 38 pound
1424 1037 34 25 to
1472 1042 19 21 a
1504 1037 64 26 ton.

1270 1079 105 31 Bacon
1389 1080 71 41 pigs
1476 1080 128 40 bought.

1174 1223 47 47 J.
1242 1223 55 46 T.
1325 1223 201 56 Brown,
1547 1225 41 44 &
1610 1225 96 45 Son

1229 1292 111 20 TIMBEB
1349 1293 19 20 &
1377 1292 73 21 COAL
1463 1292 183 22 MERCHANTS.

1350 1330 165 21 IMPORTERS

1177 1367 34 27 Of
1241 1366 140 28 TIMBER
1411 1368 54 26 and
1495 1368 48 26 All
1573 1369 88 26 Kinds
1684 1368 22 27 of

1230 1414 187 27 BUILDING
1441 1415 222 26 MATERIALS.

1366 1460 151 26 CORNER

1177 1500 163 26 COLOMBO
1382 1502 18 23 &
1429 1500 99 26 TUAM
1557 1501 149 25 STEEETS

1334 1545 194 25 Cbbistchurch

1232 1686 195 42 MUSICAL
1467 1686 178 42 TUITION

1176 1755 140 39 PIANO,
1345 1754 187 38 SINGING,
1555 1755 151 37 VIOLIN,

1218 1796 146 32 ORGAN
1429 1796 85 31 ETC.
1577 1797 92 31 ETC.

1279 1868 63 30 MR
1380 1868 29 31 S.
1441 1868 181 32 MAYSON.

1278 1931 160 32 vacancies
1467 1931 47 32 for
1535 1931 101 42 pupils
1677 1932 29 31 in

1304 1979 97 31 above
1436 1979 145 40 subjects.

1276 2095 86 25 Terms
1392 2101 31 18 on
1453 2095 157 30 application.

1179 2194 187 45 Pianos
1389 2193 99 44 and
1514 2192 192 58 Organs

1307 2260 78 26 tuned
1402 2261 50 24 and
1468 2260 121 32 repaired.

1178 2382 117 26 AGENT
1312 2383 68 25 FOR
1397 2383 136 25 MILNER
1545 2382 161 28 THOMSON

1325 2479 83 42 FOR
1451 2479 114 42 SALE

1213 2572 48 25 AN
1277 2572 154 26 UPRIGHT
1444 2572 117 25 GRAND
1574 2572 104 26 PIANO

1213 2646 169 26 Instruments
1393 2655 45 17 can
1449 2646 31 26 be
1496 2647 120 31 procured
1627 2655 33 16 on
1670 2647 36 25 the

1180 2690 57 25 time
1254 2693 118 30 payment
1383 2692 98 30 system.
1590 2713 3 5 ,

1322 2735 75 24 From
1409 2736 33 23 1
1461 2742 15 17 a
1487 2735 95 25 month.

1248 2824 115 25 SHEET
1375 2824 108 25 MUSIC
1492 2824 37 24 IN
1540 2823 107 25 STOCK

1182 2870 143 38 SONGS,
1547 2870 159 34 DTIETTS

1331 2918 118 26 VIOLIN
1462 2918 113 26 SOLOS.

1183 2968 114 26 Address.
1334 2969 117 32 Opposite
1480 2968 73 26 Bank
1569 2968 28 25 of
1622 2968 32 25 N.
1684 2968 22 25 Z.

1375 3022 146 26 OXFORD.

1326 3163 255 45 POISON.

1333 3262 21 25 is
1382 3262 50 25 laid
1449 3270 32 17 on
1508 3271 42 23 my
1575 3262 106 25 sections
1691 3262 15 25 ai

1186 3294 22 27 1
1236 3296 63 24 East
1322 3295 100 25 Oxford.

1380 3331 89 27 JOHN
1486 3330 132 27 DOIDGE

1491 3371 63 25 East
1583 3370 101 26 Oxford.

1330 3507 84 47 TO
1438 3507 136 46 LET.

1187 3583 42 57 A
1246 3581 162 26 COTTAGE
1427 3584 26 23 to
1464 3581 67 25 LET
1543 3581 61 25 with
1611 3589 29 18 or
1647 3581 59 26 with

1245 3616 43 24 out
1300 3614 168 26 PADDOCK.

1481 3658 28 26 C.
1532 3654 138 30 LtJGAR..

1217 3847 249 47 CANCER
1480 3847 212 52 :CURED
1705 3895 2 3 .

1366 3932 151 23 WITHOUT

1187 3988 28 28 A
1238 3986 213 31 SURGICAL
1480 3986 226 31 OPERATION

1221 4056 50 24 For
1282 4054 100 33 further
1394 4056 156 30 pcerticuldrs
1564 4055 75 32 apply
1650 4058 24 20 to
1685 4054 21 24 th

1239 4096 122 27 OFFICE
1380 4096 45 26 OF
1447 4096 83 27 THIS
1547 4096 122 26 PAPER.

1264 4245 163 26 '^'DIVINE
1446 4245 157 27 SERVICE.

1183 4298 4 14 ;
1222 4288 34 27 U.
1263 4288 93 27 'M.'F.
1375 4289 99 27 Church
1491 4289 72 26 West
1580 4284 102 31 Oxford.
1688 4282 5 15 1
1696 4298 10 7 -

1190 4327 133 26 Preachers
1336 4328 101 33 Sunday
1448 4327 156 27 OCTOBER
1620 4329 25 24 6.
1658 4329 48 24 1891

1223 4365 117 32 Morning
1461 4366 68 31 Key.'
1541 4364 33 26 Gi
1590 4364 116 26 Hounsell

1223 4402 116 32 Evening
1503 4402 49 26 Mr.
1569 4402 29 26 T.
1616 4402 90 26 Huntei

1249 4471 2 4 .
1267 4452 100 26 Central
1384 4452 134 26 Methodist
1535 4453 107 35 Chiireji,
1654 4472 2 3 .
1692 4472 3 3 .

1223 4482 38 34 !\t
1269 4515 3 7 ;
1272 4492 24 24 3.
1296 4479 12 20 I]
1308 4478 83 42 P^M.
1429 4492 12 31 ;
1467 4478 65 39 Rev?
1541 4478 41 39 Grf
1590 4478 116 39 Counsel]

754 193 267 45 NOTICE.

622 266 21 58 I
660 267 47 30 beg
725 267 26 22 to
767 265 91 25 inform
887 266 43 27 the
952 267 154 26 inhabitants
1128 265 27 25 of

662 298 91 26 Oxford
765 299 49 24 and
823 299 43 25 the
874 299 83 32 public
966 299 122 32 generally
1097 299 56 25 that

621 338 14 24 I
646 337 62 25 have
727 336 73 26 taken
812 345 58 17 over
888 338 42 24 the
942 338 112 24 business
1077 337 76 31 lately

622 378 93 24 carried
726 385 32 17 on
768 377 32 32 by
810 377 135 26 MESSRS
963 377 188 25 GRIFFITHS

621 418 96 25 BROS.
730 418 102 24 General
842 418 108 24 Carriers
973 418 49 24 and
1039 419 63 23 trust
1120 417 32 32 by

621 456 123 24 attention
752 458 26 22 to
790 456 112 24 business
914 458 26 22 to
951 458 73 22 merit
1043 465 14 14 a
1080 456 71 24 share

621 495 27 25 of
654 495 83 32 public
747 497 110 30 support-

654 544 106 25 Covered
772 545 71 24 Vans
854 544 50 24 will
914 552 47 16 run
984 543 62 24 from
1059 543 91 25 Oxford

622 590 24 21 to
658 587 126 30 Rangiora
806 587 49 22 and
878 586 177 23 ChristcKurch
1078 594 72 16 every

620 633 152 30 MONDAY,
785 632 227 29 WEDNESDAY,
1022 632 127 25 FRIDAY

810 672 146 31 Returning.

620 712 160 25 TUESDAY
836 712 186 24 THURSDAY
1079 711 69 25 AND

779 749 206 26 SATURDAY'S

652 794 132 24 Furniture
796 793 49 25 and
857 793 82 25 Goods
962 793 27 25 of
1008 802 73 23 every
1100 794 48 24 dis-

618 833 111 30 cription.
743 832 89 30 packed
844 831 49 24 and
905 831 114 24 removed
1031 833 25 22 at
1068 831 79 25 short-

618 876 36 21 est
665 873 89 24 notice.

651 917 138 24 ORDERS
809 917 127 23 entrusted
949 919 24 21 to
986 917 41 23 Mr
1038 917 31 23 L.
1083 917 63 23 Grif-

617 957 45 24 fith
676 956 97 30 Oxford,
792 957 51 23 who
854 956 50 24 will
923 960 39 21 act
974 965 27 15 as
1012 965 42 23 my
1066 958 80 30 agent,

617 1006 27 17 or
655 1000 26 23 to
693 998 26 24 C.
732 997 29 24 A.
775 997 73 33 Tyler
855 997 132 32 Rangiora,
997 997 49 25 will
1055 997 92 24 receive

616 1039 98 29 prompt
734 1037 132 24 attention.
925 1040 2 5 '

800 1076 27 25 C.
847 1077 29 24 A.
896 1077 118 24 TYLER

995 1111 151 31 Proprietor.

748 1287 263 46 NOTICE.

860 1393 65 27 TO

631 1453 360 39 WAIMAKARIRI-ASHLEY
1021 1454 112 38 WATER

693 1536 125 40 SUPPLY
841 1536 237 40 CONTRACTORS

643 1607 54 21 Just
705 1606 104 22 received
819 1613 13 14 a
838 1608 156 26 consignment
1003 1607 24 21 of
1043 1608 83 26 strong'

618 1676 87 27 Mill
721 1675 151 28 PSSTTIiSI
900 1677 19 26 fl
919 1677 7 19 l
933 1677 25 26 HI
968 1677 22 26 ffl
998 1677 26 26 If
1031 1677 52 26 CflP
1092 1677 24 26 II
1127 1677 20 26 C

618 1688 129 30 llluliii
755 1688 115 30 alkies
906 1688 84 31 111U
1001 1688 119 31 Uplift
1128 1695 19 23 a

850 1738 45 14 AND
1027 1733 7 15 '
1101 1733 3 9 :
1114 1735 2 2 '

638 1775 238 39 COTTON
906 1776 222 37 SHIRTS

617 1862 52 38 for
685 1862 92 49 price
792 1862 69 38 and
877 1862 142 52 quality
1033 1863 62 36 not
1110 1862 37 38 to

842 1930 128 39 beaten
1004 1958 3 5 .
1085 1940 2 19 :

666 2001 33 38 A
727 1999 132 50 Special
883 1999 111 50 Cheap
1015 1999 83 39 Line

616 2068 223 46 WELSH
861 2062 288 52 FLAII&L

712 2149 38 24 for
767 2150 80 24 men's
865 2149 141 25 undershirt
1024 2152 46 22 etc.

675 2212 39 29 E,
730 2210 41 34 H,
789 2211 167 37 PARISH,
972 2212 135 31 Draper

899 2288 83 30 East
1005 2290 142 29 Oxford.

751 2503 265 48 NOTICE.
1031 2509 3 31 :
1083 2507 4 44 ;

809 2629 235 26 TRESPASSING
1062 2638 33 17 on
1111 2639 40 23 my

618 2659 23 29 I
669 2663 95 23 FARM
794 2663 51 23 will
869 2665 27 21 be
923 2663 228 25 PROSECUTED

618 2702 60 23 after
693 2700 49 25 this
760 2700 95 25 Notice.

886 2744 89 24 JOHN
993 2744 124 25 BROWN

955 2788 104 25 Browns
1073 2788 76 26 Rock.

653 2973 503 185 Mporit]

653 3115 208 86 wolfes!
878 3128 259 68 forsake

660 3319 158 29 SuHumvi
828 3309 88 47 H*fL
923 3342 141 14 -,---*
1081 3326 23 26 L
1106 3342 26 14 A

680 3354 114 26 dwuiic
828 3344 33 35 H
876 3344 109 36 inCrC
991 3344 80 35 Oil
1082 3344 50 34 DC

659 3435 203 37 uwnaunNGH
965 3439 76 43 for

646 3488 488 101 s^^lWolfe's

673 3567 473 102 JSCHNAPFS

673 3839 99 47 20
785 3838 316 45 REWARD.

659 3926 67 30 20
753 3925 137 30 Reward
914 3924 66 30 will
1005 3928 36 26 be
1065 3924 91 39 given
1166 3919 2 49 j

617 3968 50 30 for
682 3967 76 31 such
780 3966 201 30 iriformation
1012 3965 68 30 that
1093 3964 67 31 will

617 4008 69 30 lead
709 4011 33 25 to
766 4007 53 29 the
846 4004 264 31 CONYICTION
1126 4004 41 40 of]

617 4050 54 29 the
700 4045 227 33 OFFENDEE
942 4046 69 30 who
1034 4045 52 30 did
1120 4055 40 20 on

617 4101 36 19 or
667 4090 97 30 about
792 4087 54 30 the
871 4087 76 29 18th
975 4085 185 31 SEPTEM-

618 4130 99 31 BEE,.
761 4128 64 30 Put
838 4138 19 19 a
878 4128 70 29 mob
972 4127 33 29 of
1020 4125 141 31 SHEEP

618 4173 31 30 in
679 4181 53 31 my
764 4168 134 42 (locked)
929 4167 147 41 paddock
1116 4167 45 40 by

618 4215 53 29 the
687 4212 121 32 Oxford
822 4211 64 30 arid
906 4208 147 32 Sheffield
1079 4208 82 31 Bail-

618 4266 69 28 way
702 4255 63 29 line
779 4259 41 23 On
842 4252 54 30 the
922 4249 115 32 VIEW
1052 4249 109 31 HILL

618 4297 61 30 and
721 4292 211 33 EYEETON,
965 4291 84 36 road,
1100 4291 63 31 and

618 4338 75 31 took
717 4337 84 32 from
827 4346 40 19 an
882 4332 176 41 ..adjoining
1081 4332 79 39 pad-

618 4379 98 30 docok
732 4371 87 39 l&.iPf
827 4381 53 34 riiy
894 4378 62 27 two
979 4374 88 33 tppth
1081 4373 80 30 half-

619 4417 222 41 brftdshee^.,.
856 4446 3 4 .
883 4443 4 9 ;
892 4442 3 3 .
927 4431 34 20 ,-
980 4436 41 9 ..,
1080 4441 25 7 ....

668 4473 10 26 :
729 4483 23 16 v
772 4473 7 24 I
838 4476 48 32 :^
915 4473 163 34 CROWE;
1124 4480 3 15 '

25 157 93 101 JP
159 202 327 46 TENDERS.

63 276 161 25 TENDERS
240 283 41 16 are
305 273 93 25 invited
417 273 38 25 for
475 274 41 24 the
527 273 67 32 right

37 341 4 5 ;
63 322 27 19 to
100 320 41 21 cut
150 317 42 24 the
203 324 66 24 grass
281 315 26 24 in
319 314 42 24 the
373 313 91 25 Oxford
473 316 121 29 cemetery

53 360 37 21 -to
103 357 122 30 February
248 357 70 22 180G.
352 353 163 25 TENDERS
528 356 26 22 to
566 355 27 23 be

64 400 55 21 sent
142 402 24 19 to
188 397 43 24 the
255 395 133 26 Chairman
411 402 32 16 on
465 401 27 17 or
514 393 80 25 before

65 435 103 25 October
180 435 59 24 14th
251 435 72 24 1895.

65 573 267 43 OXFORD
349 571 242 43 POUND.

61 643 219 26 TMPOUNDED
292 644 22 23 A
331 643 71 24 RED
415 643 49 23 and
473 642 116 24 WHITE

62 668 21 33 1
119 677 112 25 STEER
265 677 73 24 about
368 677 30 23 18
416 675 102 25 months
540 675 49 25 old.

60 715 160 25 Unbranded.
265 715 25 24 If
307 717 44 22 not
366 714 106 25 claimed
495 714 51 24 will
561 715 30 23 be

62 755 55 26 sold
128 764 31 17 on
170 755 127 26 FRIDAY
311 754 67 29 11th,
390 754 51 25 inst
450 758 26 21 at
483 762 74 17 noon.

241 798 27 25 C.
286 799 35 24 M.
333 783 125 40 LUGa'b.

376 835 181 31 Poundkeeper.

193 929 264 46 NOTICE.

60 1007 248 26 TRESPASSERS
321 1007 25 24 in
366 1007 96 32 pursuit
474 1006 27 25 of
518 1014 71 25 game

64 1032 23 33 JL
123 1044 26 21 at
161 1041 47 24 Old
217 1040 168 31 Worlingham
407 1048 33 17 on
462 1040 40 25 the
521 1040 67 24 Wai-

58 1079 115 24 makariri
204 1078 52 25 will
300 1079 28 23 be
362 1077 225 26 PROSECUTED

57 1119 91 31 during
164 1118 43 25 the
219 1119 123 31 Limbing
354 1119 102 24 Season.
595 1117 2 24 I

241 1159 28 24 p.
281 1143 208 40 h/johnson.

377 1195 177 33 Worliugham.

194 1368 261 45 NOTICE.

59 1444 248 34 TRESPASSERS
346 1453 41 16 are
424 1444 163 25 STRICTLY

63 1468 23 33 I
122 1476 215 25 PROHIBITED
365 1477 63 24 from
450 1476 75 32 going
546 1477 43 24 out

58 1515 60 25 with
131 1516 66 31 Dogs
216 1524 27 16 or
264 1515 71 25 Guns
352 1524 32 17 on
413 1516 42 25 the
473 1516 123 29 BURNT.

59 1555 85 26 HILL
157 1555 101 31 RUNS,
273 1564 25 17 as
311 1556 43 25 the
366 1557 124 31 Lambing
501 1564 88 18 season

59 1597 45 25 has
116 1606 55 16 now
184 1598 165 24 commenced.

91 1645 205 25 OFFENDERS
310 1645 33 32 (if
352 1646 61 31 any)
426 1646 49 24 will
484 1645 28 25 be
524 1646 65 24 dealt

59 1684 61 25 with
132 1685 130 32 according
273 1686 25 24 to
308 1685 52 25 law.

354 1724 25 24 J.
391 1724 164 25 PEARSON.

191 1856 262 46 NOTICE.
478 1895 3 5 .
595 1872 2 26 :

58 1929 44 60 IF
119 1929 42 26 the
172 1929 75 34 Party
259 1930 53 26 who
324 1931 115 25 removed
458 1939 16 17 a
484 1931 69 32 lump
565 1931 26 25 of

99 1964 88 25 ROCK
200 1964 84 26 SALT
296 1964 63 25 from
375 1965 99 25 Section
497 1966 90 25 26025.

58 2003 40 26 W.
112 2004 28 25 O.
158 2004 50 25 will
219 2004 157 26 REPLACE
400 2005 49 29 the.
467 2005 66 25 sime
545 2006 43 25 the

58 2044 166 32 undersigned
235 2045 51 25 will
297 2046 47 24 feel
365 2046 95 32 greatly
482 2046 105 33 obliged.

220 2086 31 23 R.
264 2086 29 23 F.
307 2086 148 24 THOMAS.

335 2122 69 27 West
420 2123 101 26 Oxford.

201 2289 261 45 NOTICE.

59 2406 252 26 rTRESPASSERS
340 2415 42 17 are
422 2408 165 25 STRICTLY

64 2433 22 31 1
106 2439 213 26 PROHIBITED
352 2441 63 25 from
443 2443 76 29 going
546 2443 43 24 out

59 2478 59 24 with
130 2479 67 29 Dogs
208 2478 49 25 and
269 2479 70 25 Guns
363 2486 33 18 on
424 2479 43 25 the
495 2479 92 25 VIEW

60 2515 84 25 HILL
161 2516 78 29 RUN,
253 2524 27 17 as
291 2517 44 24 the
352 2517 124 33 Lambing
494 2518 94 25 Season

58 2556 46 24 has
115 2564 55 17 now
182 2557 167 25 commenced.
595 2556 2 24 i

93 2596 206 26 OFFENDERS
330 2598 36 32 (if
377 2598 64 34 any)
471 2598 49 25 will
559 2598 30 26 be

57 2635 67 25 dealt
141 2635 60 25 with
212 2636 129 31 according
352 2638 26 23 to
390 2637 55 24 law.
483 2658 2 2 .

295 2676 31 24 D.
346 2676 31 24 G.
391 2677 197 26 MATHESON.

174 2825 81 44 TO
330 2827 142 44 LET.

99 2902 38 28 20
152 2900 133 33 ACRES
301 2903 32 30 of
356 2904 89 29 Land
473 2907 31 27 fco
532 2904 57 31 Let

55 2949 51 29 for
121 2949 219 33 CEOPPING.
384 2954 107 39 Apply
502 2957 31 27 to

231 2998 36 31 E.
296 2999 168 32 FISHEE.
595 2985 2 21 ]

356 3041 87 30 West
458 3042 127 31 Oxford.

229 3186 174 47 LOST.

55 3257 130 76 Anew
198 3260 62 26 two
277 3257 62 30 tine
350 3257 81 31 fork.
474 3259 115 31 Finder

115 3298 162 39 returning
290 3299 54 29 the
365 3309 82 20 same
475 3306 32 24 to
535 3301 52 29 the

55 3340 92 32 Office
161 3342 33 30 of
209 3342 61 31 this
285 3354 93 30 paper
406 3344 66 33 will
486 3344 37 33 be
537 3358 50 20 re-

55 3391 132 30 warded.

75 3558 504 51 DRESSMAKING.

141 3668 94 34 MISS
258 3672 33 30 E.
309 3673 196 38 HAWKER,

60 3725 12 36 (
83 3725 91 38 Pupil
189 3728 32 27 of
239 3727 73 30 Miss
328 3729 135 41 Keating
485 3731 102 30 Scien-

56 3765 66 31 tific
133 3766 205 42 Dressmaker,
354 3771 232 41 Christchurch)

98 3819 80 40 Begs
201 3824 33 26 to
268 3821 113 30 inform
416 3823 56 30 her
500 3824 88 40 Lady

57 3859 130 32 Friends
244 3862 54 31 she
312 3864 26 29 is
354 3873 70 21 now
438 3866 150 39 prepared

57 3904 33 26 to
104 3902 88 31 make
210 3904 117 31 dresses
340 3905 33 30 in
387 3906 202 32 Fashionable

57 3943 173 33 andLatest
241 3946 106 40 styles,
358 3950 33 27 at
402 3947 187 32 Eeasonable

57 3983 134 38 charges.
595 4002 2 12 i

109 4033 48 26 She
196 4036 46 25 has
270 4038 121 31 arranged
427 4038 37 26 for
490 4041 100 30 present
595 4031 2 20 '

57 4073 196 27 WORKROOM
277 4080 27 22 at
331 4077 70 26 MRS
420 4078 168 28 ESKETTfS

56 4112 119 31 Opposite
186 4113 72 25 Bank
269 4115 28 24 of
304 4115 64 26 New
377 4117 110 25 Zealand
497 4117 92 25 Oxford

180 4156 54 33 Bay
246 4157 69 25 Boad
329 4158 132 27 Entrance.

114 4341 46 45 C.
203 4346 328 58 CLEAVER,

249 4428 143 24 CARRIER

51 4468 132 38 OXFORD
222 4470 42 37 TO
296 4471 274 47 CHRISTCHURCH.
