3458 4472
1142 20 170 33 OXFORD
1357 21 223 33 OBSERVER
1630 24 239 36 SATURDAY,
1905 21 197 33 OCTOBER
2121 21 30 36 5,
2190 19 89 32 1895.

2888 4211 120 26 Printed'.
3015 4212 59 26 and*
3104 4207 141 36 PublisW
3274 4221 32 30 Ly
3342 4219 87 25 Laura

2921 4250 82 25 Annie
3026 4251 111 32 Pabish,'
3155 4256 27 24 at
3205 4256 48 26 her
3283 4256 148 33 llegistered

2919 4292 117 33 Printing
3048 4295 86 29 Office,
3157 4298 70 31 Higb
3254 4301 90 24 Street,
3368 4301 61 23 East

2920 4335 102 29 Oxford,
3031 4338 166 36 Canterbury.

2967 4386 138 30 Satubday'
3127 4391 123 29 Octobeb-
3265 4397 37 24 {>/
3321 4397 64 24 1895

2882 195 170 52 WATCH
3094 174 157 109 £jh§
3280 190 146 52 CLOCK

3004 352 301 35 FITTED

3144 412 30 16 AT

2902 450 182 37 Parish's
3113 453 107 36 East
3240 453 162 46 Oxford.

2883 608 318 50 WERTHEIH

3062 707 251 47 SINGEE'S

2925 910 206 44 MACHINE
3177 913 202 42 NEEDLES

2896 1001 122 49 From
3051 1002 72 56 1/-
3153 1014 72 53 pr
3262 1003 147 50 fozm.

3098 1752 3 3 ■
3145 1737 43 20 AT

2890 1891 189 35 EAST
3127 1891 307 42 OXFOED,

2888 2029 63 47 E.
2989 2030 80 46 W.
3087 2028 339 56 ENGLAND,

2890 2114 140 40 Timber
3045 2114 73 43 and.
3137 2114 77 40 Coal
3243 2114 186 39 Merchant

2958 2197 94 24 AEGE
3073 2198 108 23 STOCK
3199 2198 44 23 OF
3256 2198 172 24 BUILDING

2891 2225 145 42 £jtT^
3063 2223 331 35 MATEilJgmr-^^
3394 2231 40 16 1^-

2956 2276 34 24 Of
3010 2283 73 24 every
3115 2274 158 34 description,
3306 2278 119 24 seasoned

2917 2338 2 3 .
2988 2314 76 31 ready
3070 2314 39 24 for
3115 2323 53 21 use,
3177 2314 92 33 always
3276 2323 32 17 on
3314 2315 77 25 hand.

2923 2356 68 30 Also,
3022 2356 153 28 Galvanised
3206 2358 69 31 Iron,
3305 2359 120 25 Portland

2890 2396 104 25 Cement
3003 2397 49 24 and
3063 2397 126 25 Builders'
3202 2398 190 33 Ironmongery.

2923 2447 112 32 Country
3050 2447 92 26 Orders
3166 2448 127 33 Carefully
3314 2450 112 25 Selected

3056 2488 51 25 and
3115 2488 144 30 forwarded.

2891 2544 97 23 TUAM
2996 2544 145 30 STEEET,
3155 2545 272 25 OHEISTCHUECH

2953 2681 214 42 HOLLAND
3201 2682 155 43 FINISH

3004 2798 65 34 3d.
3104 2809 71 30 per
3196 2804 115 37 yard.

3131 2884 3 2 ■
3148 2878 40 28 at'
3229 2883 2 2 '
3264 2889 2 3 ■

2932 2955 2 4 .
3005 2926 97 32 E.H.
3123 2926 197 34 PARISH'S

2971 3088 370 47 IMPOETANT

2881 3198 97 40 ,ALL
3008 3198 316 37 WQOL;BOSLYN
3345 3198 86 33 AND

2929 3273 297 33 WELLINGTON
3250 3275 152 32 TWEED

3042 3341 39 41 S
3095 3341 54 43 XT
3161 3337 137 47 ITS

2920 3408 85 41 .35/-
3023 3409 86 32 Suits
3124 3410 146 32 Reduced
3280 3415 33 28 to
3337 3412 66 42 25/-

2933 3471 67 41 --45
3021 3483 3 20 /-:
3043 3496 21 15 „
3079 3472 92 41 .;;•;;
3186 3480 21 31 ,;
3256 3499 19 12 „
3343 3475 67 41 ss/-

2934 3521 148 31 Trousers
3097 3523 61 30 and
3167 3523 80 31 Test
3313 3524 75 41 13/6

2918 3636 197 32 PARISH'S
3141 3638 90 31 East
3255 3639 144 32 Oxford.

2900 3795 239 47 WBLIC
3189 3799 238 46 NOTICE.

2916 3916 5 11 ;
2929 3900 177 35 Telegraphic;
3114 3902 132 37 Messages
3266 3914 50 18 can
3328 3916 60 16 now
3399 3906 32 25 be

2888 3949 71 23 sent'
2971 3946 53 27 and
3043 3948 73 26 recei
3121 3949 45 27 red
3186 3953 29 24 at
3240 3951 66 28 East
3332 3951 97 28 Oxford

2888 3992 114 34 Station,
3018 3995 55 26 and
3090 3995 99 27 Postal'
3202 3998 88 28 Notes
3310 4009 60 26 may
3391 4000 33 26 be

2888 4040 176 35 purchased.}
3066 4046 2 11 1
3103 4046 22 10 '•'
3164 4048 15 23 r
3219 4056 3 1 -
3361 4044 34 26 :^.

2380 155 422 49 EUCALYPTUS

2584 228 25 16 »r
2652 233 21 4 —
2686 226 2 2 '

2379 255 59 20 THE
2453 255 73 20 BEST
2539 255 87 21 HOME
2642 256 140 21 BEMEDIE

2437 294 36 14 are
2487 287 36 21 the
2532 288 135 27 preparation
2669 296 5 5 j
2676 288 26 22 of
2708 288 36 21 the

2322 325 170 19 TASMANIAN
2510 325 185 20 ETJCALTPTUS
2709 325 47 20 OIL
2770 327 82 19 COMP.

2351 362 135 24 Universally
2496 362 103 20 admitted
2607 362 36 20 the
2647 359 87 27 'BEST,-
2741 355 114 28 PUREST

2323 399 42 21 and
2375 399 58 19 most
2442 398 92 21 effective
2534 406 1 11 i
2545 399 136 26 Eucalyptus
2691 413 3 4 .
2701 399 104 20 Glbbulus
2820 399 34 22 Oil

2322 432 34 20 for
2375 430 171 26 INFLUENZA,
2567 430 91 27 Coughs,
2678 431 63 21 Colds
2765 432 43 21 and
2824 432 31 21 all

2323 463 69 21 Chest
2404 462 43 21 and
2455 462 63 26 Lung
2534 463 111 21 affections
2659 463 76 27 speedy
2744 464 60 21 relief
2813 464 42 21 and

2323 495 56 20 Cure
2396 495 33 20 for
2445 494 155 25 Rheumatism,
2621 496 121 25 Neuralgia,
2756 496 99 26 Sprains-

2323 522 71 20 Barns
2413 522 35 20 &c.

2349 554 133 26 Eucalyptus
2499 554 104 22 Globulus
2621 555 91 21 Extract
2721 556 89 26 sprayed
2822 557 33 20 in-

2323 587 63 20 haled
2401 587 44 20 and
2459 588 64 19 taken
2532 587 116 26 internally
2665 588 41 20 for'
2713 588 36 21 the
2765 589 88 26 Throat,

2323 623 97 26 Catarrh,
2437 623 58 26 Hay,
2520 623 97 26 Typhoid
2633 625 43 20 and
2689 625 82 21 Scarlet
2779 627 76 26 Feyers

2323 656 130 20 MEASLES
2464 656 36 20 the
2505 658 56 18 most
2570 656 135 26 satisfactory
2713 658 142 25 preventative

2324 687 43 21 and
2381 687 64 21 Cure.'
2468 688 121 21 Send-Post
2604 689 55 21 Card
2668 690 23 20 to
2701 689 36 21 the
2747 689 63 21 Office
2822 691 33 20 for

2324 718 96 19 Circular
2433 719 119 24 describing
2570 722 121 18 treatment.
2717 722 138 26 Eucalyptus,

2323 752 112 20 Ointment
2444 753 37 19 the
2489 753 71 24 Magic
2568 754 79 19 Healer
2660 754 22 19 of
2696 754 69 24 Sore's,
2774 754 81 25 'Burns,

2325 781 102 26 Wounds,
2442 783 60 21 Boils
2520 785 50 22 Ac.,.
2586 785 134 26 Eucalyptus
2738 785 57 26 Soap
2808 786 44 20 Fra

2323 814 67 25 grant,
2396 814 43 21 and
2447 815 123 27 refreshing.
2594 816 132 27 Eucalyptus
2734 817 29 27 Jq
2763 817 60 27 jubes
2832 824 25 15 or

2323 845 102 22 Pastilles
2434 846 33 21 for
2476 847 37 21 the
2538 848 79 22 Throat
2627 849 43 21 and
2678 848 64 22 Voice
2758 856 29 14 an
2800 850 55 21 anti-

2325 878 66 25 septic
2401 879 43 20 and
2453 879 120 22 stimulant.
2772 890 12 4 ••

2323 911 127 27 Veterinary
2465 913 36 20 Oil
2510 914 43 20 and
2562 914 111 22 Ointment
2681 915 33 19 for
2723 915 38 21 the
2770 915 85 21 stables.

2351 946 30 19 Be
2390 951 49 15 sure
2448 952 42 19 you
2499 947 108 21 Purchase
2621 948 39 20 the
2669 948 104 26 Platypus
2788 948 69 21 brand

2324 976 51 26 only
2384 977 23 20 of
2413 978 30 19 all
2451 978 112 26 Chemists,
2568 980 88 20 Grocers
2662 980 43 20 and
2711 979 145 28 Storekeepers

2324 1008 43 20 and
2380 1010 23 18 at
2416 1009 37 20 the
2463 1009 64 21 Office
2536 1012 13 20 9
2558 1011 113 21 Cathedral
2680 1017 76 19 square
2764 1012 92 21 between

2323 1040 101 21 Morten's
2437 1041 112 27 Buildings
2557 1044 41 20 and
2608 1044 38 20 the
2654 1044 51 20 Post
2714 1044 70 21 Office.
2828 1051 24 16 /■;■

2487 1074 88 22 Oxford
2584 1075 79 28 Agent

2377 1109 26 22 R.
2413 1110 30 21 H.
2457 1111 118 27 PARISH,
2598 1113 76 21 EAST
2687 1114 119 21 OXFORD

2403 1149 141 27 Eucalyptus
2553 1151 38 20 Oil
2603 1151 31 27 1/-
2647 1158 41 20 per
2697 1152 77 21 bottle.

2346 1304 116 42 HELP
2477 1305 83 41 FOR
2575 1307 86 40 THE
2685 1307 148 40 WEAK.

2325 1412 177 29 VTBByOUS
2523 1413 70 26 AND
2610 1413 245 34 DEBILITATED',

2326 1439 32 31 ll
2382 1443 65 31 who,
2458 1446 110 31 through
2577 1447 61 32 folly
2656 1448 50 24 and
2715 1449 140 30 ignorance,

2325 1478 64 25 have
2400 1478 80 25 trifled
2491 1487 69 24 away
2570 1481 63 23 their
2642 1481 86 31 vigour
2748 1481 26 24 of
2783 1481 72 31 body,

2326 1511 77 29 mind,
2416 1511 50 25 and
2477 1512 133 30 manhood,
2623 1515 100 30 causing
2740 1514 115 25 exhaust-

2325 1544 45 32 ing
2386 1544 83 25 drains
2480 1553 67 24 upon
2558 1546 43 25 the
2622 1546 127 27 fountains
2770 1548 26 25 of
2805 1547 50 30 life,

2326 1578 64 25 Loss
2398 1578 26 24 of
2433 1578 101 32 Energy
2542 1579 49 24 and
2600 1580 126 32 Strength,
2738 1581 119 32 Timidity

2326 1611 164 25 Bashfulness
2523 1611 28 25 in
2570 1636 2 3 .
2586 1612 106 32 Society,
2715 1613 141 30 Headache,

2326 1643 135 31 Backache,
2481 1644 176 31 Nervousness,
2680 1646 135 27 Weakness
2833 1648 28 24 of

2328 1677 119 32 Memory,
2459 1678 117 25 Restless.
2579 1679 81 31 Sleep,
2669 1680 115 29 Dreams,
2794 1681 64 25 Loss

2327 1710 76 26 Flesh
2415 1710 50 26 and
2476 1710 68 26 Yital
2563 1711 92 29 Power,
2678 1712 136 31 Eruptions
2825 1719 33 19 on

2327 1742 44 26 the
2379 1743 64 25 Face
2453 1743 51 25 and
2514 1743 79 33 Body,
2605 1744 76 26 Want
2704 1745 27 25 of
2739 1745 119 32 Develop^

2326 1778 79 28 ment,
2425 1776 117 25 Varicose
2556 1776 83 30 Veins,
2662 1778 143 33 Incapacity
2821 1779 39 25 for

2327 1810 112 25 business
2450 1817 28 19 or
2488 1810 120 32 pleasure,
2621 1811 109 33 Urinary,
2734 1812 124 31 Diseases,

2328 1843 50 25 and
2395 1843 35 26 all
2452 1843 44 26 the
2518 1844 83 26 effects
2623 1845 100 32 leading
2744 1850 26 21 to
2792 1846 67 31 earjy

2328 1876 84 32 decay,
2436 1876 106 33 perhaps
2563 1877 181 33 Consumption
2767 1886 28 17 or
2817 1879 42 24 In-

2328 1909 90 30 sanity,
2431 1917 47 17 can
2501 1910 30 25 be
2542 1911 115 26 obtained
2667 1911 32 31 by
2719 1912 142 31 consulting

2327 1942 139 32 personally
2483 1950 29 17 or
2518 1942 32 32 by
2561 1945 64 30 post,
2660 1944 199 26 FEEEPEOF.

2328 1975 176 30 NGTMAtfN,
2535 1977 79 29 M.E.,
2622 1977 113 31 E.M;G.,
2788 1978 71 25 Cam-

2328 2008 85 33 bridge
2424 2008 110 32 Terrace,
2558 2010 111 33 opposite
2692 2011 117 26 Colombo
2822 2011 38 26 St.

2328 2042 99 32 Bridge,
2457 2042 188 28 Christchurch.
2707 2045 53 25 The
2802 2046 60 30 only

2328 2075 228 27 Electrobotanical
2582 2077 97 33 Expert
2713 2078 150 34 advertising

2329 2109 55 26 who
2394 2109 52 26 will
2457 2112 135 30 guarantee
2609 2119 15 18 a
2641 2112 125 33 thorough
2774 2116 8 4 '
2794 2120 67 18 cure.

2331 2142 58 26 Sole
2403 2140 140 34 proprietor'
2566 2145 50 23 and
2631 2148 115 29 patentee
2774 2147 28 23 of
2819 2147 44 24 the

2330 2175 58 33 only
2410 2177 148 30 guaranteed
2580 2177 110 26 Electric
2712 2175 155 31 Beits'^ahiU

2330 2208 71 24 other
2412 2210 95 29 speciaL
2524 2210 124 26 electrical
2671 2211 141 31 appliances
2834 2213 28 24 in

2329 2238 42 27 the
2380 2240 115 27 colonies.
2528 2241 99 29 Ladies'
2640 2243 95 27 French
2747 2244 114 27 herbace-

2330 2280 43 18 ous
2383 2274 58 31 pills
2461 2275 39 24 for
2527 2276 176 31 irregularities
2725 2278 65 24 from
2812 2285 50 25 any

2329 2314 81 23 cause,
2435 2308 43 23 10s
2500 2308 94 30 posted.
2628 2309 146 32 Pamphlets
2801 2311 60 25 free.

2330 2339 204 27 Testimonial:—
2534 2341 99 32 Napier,
2642 2342 97 33 August
2746 2344 46 26 7th
2798 2345 63 25 1895

2328 2373 66 24 Prof.
2405 2373 155 26 Notmann.—
2560 2375 78 25 r-Dear
2648 2376 82 30 Sir,—
2731 2377 14 24 l
2754 2378 108 24 received

2328 2413 60 24 your
2394 2406 74 25 letter
2475 2408 50 24 last
2536 2408 81 28 week,'
2630 2409 50 25 and
2690 2410 14 24 I
2721 2418 41 16 am
2771 2410 96 25 thank-,

2328 2438 38 24 ful
2387 2443 27 21 to
2436 2439 54 25 find
2511 2448 49 24 you
2572 2449 41 16 are
2624 2442 104 25 anxious
2745 2445 27 23 to
2792 2443 70 26 know

2328 2472 44 25 the
2383 2472 106 26 benefits
2506 2474 14 24 I
2530 2474 64 25 have
2605 2475 99 25 derived
2723 2476 62 25 froni
2801 2485 62 24 your

2328 2507 142 25 treatment,
2507 2507 47 31 bir,
2581 2508 21 25 it
2629 2509 68 31 gives
2725 2518 41 17 me
2774 2520 7 16 \
2794 2513 69 29 great

2328 2538 113 30 pleasure
2453 2543 27 20 to
2490 2540 91 24 inform
2591 2550 50 19 you
2650 2543 56 23 that
2715 2551 15 14 a
2742 2545 120 30 complete

2328 2571 51 25 and
2389 2572 93 31 perfect
2493 2580 57 18 cure
2560 2575 47 24 has
2626 2575 63 24 been
2711 2576 103 25 effected
2837 2577 27 24 of

2328 2604 44 25 the
2382 2605 117 26 maladies
2509 2606 15 25 I
2542 2608 157 31 complained
2718 2610 26 24 of
2755 2611 27 23 to
2803 2618 58 23 you.

2328 2638 15 25 I
2354 2646 41 18 am
2407 2639 113 33 enjoying
2530 2641 64 31 good
2610 2641 93 30 health,
2776 2651 42 17 am
2826 2652 36 17 re-

2329 2672 82 25 stored
2431 2675 25 23 to
2475 2674 86 32 manly
2583 2674 95 32 vigour.
2713 2676 94 24 P.S.—
2807 2676 56 33 Any

2328 2705 103 25 sufferer
2439 2706 110 26 desirous
2556 2707 28 25 of
2587 2709 210 32 communicating
2801 2710 62 25 with

2328 2746 41 17 me
2377 2747 49 23 you
2438 2747 41 17 are
2490 2742 28 23 at
2533 2740 89 33 liberty
2644 2743 27 23 to
2690 2743 56 30 give
2765 2751 43 23 my
2820 2743 42 24 ad-

2328 2772 76 29 dress,
2416 2772 37 23 for
2464 2773 14 21 I
2494 2773 48 23 like
2553 2782 61 23 your
2629 2777 119 29 practical
2760 2776 103 24 method

2328 2804 26 25 of
2365 2806 170 24 treatment.—
2535 2806 36 25 -T.
2586 2806 28 25 C.
2628 2808 117 24 Simpson.

2358 2959 32 44 18
2443 2960 78 44 W.
2558 2961 270 48 TURPEST-

2328 3027 241 39 WATCHMAKER.
2590 3028 187 41 JEWELLER
2803 3033 58 36 &c,

2405 3088 88 26 MAIN
2507 3090 134 26 STEEET
2659 3092 139 26 OXFOED

2520 3142 62 16 near
2593 3134 82 27 Bank,

2328 3297 174 31 OXFORD
2546 3298 188 32 LIBBARY
2775 3300 88 33 AND

2420 3347 197 33 READING
2637 3347 131 35 EOOM.

2327 3457 54 25 The
2409 3454 93 29 Oxford
2528 3458 106 33 Library
2660 3459 23 25 is
2709 3468 63 24 open
2794 3469 70 24 every

2327 3501 113 33 Tuesday
2452 3502 50 25 and
2523 3502 122 33 Saturday
2673 3504 96 31 nights,
2798 3504 65 26 from

2328 3546 58 24 630
2398 3553 69 24 p.m.,
2488 3547 26 24 to
2535 3548 16 23 8
2561 3554 72 24 p.m.,
2656 3548 51 24 and
2737 3556 33 17 on
2793 3556 71 25 every

2326 3589 121 25 alternate
2459 3589 131 34 Thursday
2614 3591 137 30 afternoon,
2783 3593 79 32 (Sale-

2326 3633 70 33 days)
2419 3633 66 26 from
2496 3635 60 24 230
2567 3642 66 24 p.m..
2648 3636 27 24 to
2687 3636 15 24 5
2714 3643 58 24 p.m.
2806 3636 57 29 .The

2325 3676 113 30 Eeading
2450 3677 79 24 Eoom
2539 3678 21 23 is
2572 3686 65 21 open
2659 3680 27 22 to
2708 3679 45 23 the
2778 3680 85 29 public

2325 3718 59 33 free)
2389 3719 67 32 daily
2466 3720 66 24 from
2538 3722 30 22 11
2581 3727 70 22 a.m.,
2674 3726 27 20 to
2725 3722 136 30 Sundown,

2326 3762 127 34 (Sundays
2481 3763 127 35 excepted)
2642 3765 50 24 and
2732 3765 70 26 when
2819 3766 43 25 the

2324 3806 106 33 Library
2464 3807 23 25 is
2521 3815 72 24 open,
2628 3808 42 25 tbe
2707 3809 154 33 circulating,

2324 3849 105 34 Library
2440 3850 112 26 contains
2563 3852 77 29 1,700
2650 3852 120 31 volumes,
2796 3861 65 19 com-

2323 3894 101 31 prising;
2428 3894 152 31 :--History,
2585 3911 2 9 :
2601 3894 110 30 Science,

2323 3936 150 33 Biography,
2514 3937 87 25 Travel
2634 3938 51 25 and
2714 3938 146 27 Adveriture

2322 3979 83 26 Books
2415 3980 39 25 for
2464 3981 43 25 the
2527 3981 92 33 Young
2631 3982 40 25 &c.
2708 3982 62 30 This,
2789 3984 23 25 is
2834 3993 33 19 a-,

2321 4025 101 31 mpngst
2445 4024 43 25 the
2499 4024 92 32 largest
2614 4026 51 24 and
2675 4026 57 26 best
2755 4028 112 31 selected;

2321 4067 106 30 Library
2437 4068 27 24 in
2492 4068 62 26 New
2567 4069 118 24 Zealand.
2721 4071 23 23 A
2753 4068 114 28 number'

2320 4108 28 26 cf
2353 4117 55 17 new
2430 4108 77 27 books
2528 4111 51 25 will
2600 4112 96 32 shortly
2716 4114 31 23 be
2770 4115 88 24 added.

2321 4153 52 24 The
2384 4153 166 34 CQmmitteejj
2558 4154 49 27 will
2612 4177 2 2 .
2618 4155 30 25 be
2659 4155 56 33 glad
2727 4158 26 24 to
2764 4158 95 33 receive

2320 4196 180 25 contributions
2505 4196 12 28 ,',
2524 4196 28 26 of
2576 4198 106 26 suitable
2707 4200 79 26 books
2808 4202 59 24 and-

2316 4240 155 30 periodicals,
2484 4240 38 24 for
2532 4240 43 24 the
2586 4241 108 33 Library
2714 4244 56 24 and-
2776 4244 81 26 Bead-

2317 4283 45 31 ing
2377 4280 91 30 'room,
2763 4299 4 4 •

2507 4330 25 23 L.
2551 4331 126 34 REEVES;

2316 4367 4 7 '
2384 4366 7 17 v
2574 4378 3 6 '
2598 4371 68 27 Hon.
2678 4373 144 29 Librarian:

2367 4413 177 27 Subscription
2556 4415 38 36 2/-
2605 4424 52 18 fbr
2659 4423 6 11 ?
2673 4410 130 47 Quari^iu
2826 4439 12 11 ;>
2848 4446 5 4 .
2862 4428 5 5 '

1447 278 191 43 Coventry
1676 277 113 44 Cycle
1836 277 129 38 Works

1312 331 37 28 88
1373 329 198 31 COLOMBO
1596 329 173 36 STREET,
1814 324 342 36 CHRISTCHURCH.

1147 386 56 30 We
1218 385 117 42 having
1350 388 93 30 taken
1458 398 74 19 over
1545 387 53 30 the
1611 388 72 30 well
1697 387 114 32 known
1820 388 113 35 works,
1947 387 180 38 machinery
2136 385 61 29 and
2206 385 89 32 stock

1145 428 35 30 in
1192 428 89 30 trade
1296 429 77 30 wish
1386 432 34 27 to
1434 429 112 30 inform
1561 428 54 32 the
1636 430 104 40 public
1754 430 71 30 that
1838 440 46 21 we
1899 440 52 20 are
1965 427 151 42 prepared
2128 429 33 28 to
2180 427 114 31 under-

1147 469 71 30 take
1234 469 103 31 orders
1350 470 49 30 for
1412 481 68 19 new
1494 470 157 31 machines
1666 472 62 29 and
1742 475 128 27 execute
1888 472 118 40 repairs
2027 474 33 26 at
2082 469 53 30 the
2159 470 136 28 shortest

1278 511 102 29 notice
1393 511 49 30 for
1464 512 41 30 all
1519 512 91 29 kinds
1625 512 35 29 of
1670 512 213 40 Engineering
1897 514 62 27 and
1970 511 94 40 Cycle
2075 509 95 31 work.

1310 564 126 22 SPECIAL
1449 565 176 22 ATTENTION
1641 566 94 21 GIVtiN
1749 566 37 21 TO
1801 565 139 22 COUNTRY
1956 564 122 27 OEpEES.

1149 603 119 41 Racing
1282 602 159 32 Machines
1464 604 62 30 and
1547 604 98 40 Light
1667 604 166 31 Roadsters
1849 615 18 19 a
1881 604 156 40 specialty.
2079 602 49 31 No
2141 602 154 40 imported

1147 645 156 33 machines
1317 645 75 39 kept
1405 646 33 29 in
1453 646 98 29 stock,
1567 646 43 29 all
1624 646 87 30 work
1724 646 79 29 done
1817 656 41 19 on
1871 646 54 29 the
1947 645 162 40 premises.-
2155 644 30 29 A
2209 644 86 38 large

1178 686 89 31 stock
1281 686 35 31 of
1325 687 125 39 Lamps,
1462 686 93 36 Bells,
1571 688 62 29 and
1649 687 128 32 Saddles
1790 697 41 20 on
1844 687 84 30 hand
1942 690 33 26 at
1987 686 113 31 reduce
2111 684 130 42 dprices.

1375 853 21 20 •
1479 842 21 29 M
1531 842 19 29 1
1571 852 23 20 •
1651 842 54 35 JjL
1737 842 96 32 JZjL
1841 842 146 31 jLM)JL
1992 842 65 31 K-7
2064 863 3 10 ,
2076 842 71 29 11
2152 862 7 5 -

1424 921 196 61 EAST
1667 926 324 58 OXFORD

1371 1004 77 31 has
1464 1004 188 33 received
1670 1014 25 22 a
1710 1007 292 39 consignment,
2018 1006 44 31 of
2197 1016 4 12 '

1147 1051 299 61 Hressrs
1503 1055 414 59 Johnsons
1969 1056 69 56 &
2095 1058 200 61 Sons

1321 1133 267 61 GREAT
1641 1131 452 66 YARMOUTH

1212 1220 226 88 OIL
1518 1220 688 98 CLOTHINe
2217 1227 36 76 .'•

1326 1355 336 47 ENORMOUS
1721 1355 388 53 REDUCTIONS

1156 1432 1141 153 MAIDS™IpLBTEES

1265 1641 453 91 Reduced
1761 1651 101 84 to
1903 1648 122 87 2s
2063 1648 160 89 6d.

1509 1803 39 30 36
1569 1805 34 28 to
1624 1803 40 30 45
1675 1803 105 32 inches
1801 1805 85 41 deep.

1398 1881 389 19 »♦♦♦♦♦♦♦♦♦♦♦♦♦♦♦♦♦♦♦♦♦♦♦♦♦♦♦
1790 1885 183 17 ♦»♦♦♦♦♦♦♦♦»♦»
2271 1885 1 6 '
2304 1880 2 4 '

1147 1944 81 59 rE
1246 1943 115 34 question
1371 1943 23 25 is
1404 1942 100 26 natural
1504 1957 34 4 —
1641 1942 60 25 send
1715 1944 27 24 to
1754 1942 177 27 Christchurch
1949 1944 40 26 for
2005 1952 62 25 your
2084 1945 130 33 Drapery?
2248 1947 52 26 The

1211 1978 103 31 drapery
1325 1977 53 24 sold
1387 1977 26 23 in
1422 1975 56 26 that
1490 1976 50 31 city
1551 1983 73 24 every,
1634 1984 46 17 one
1691 1976 94 30 knows,
1798 1977 22 24 is
1831 1979 45 23 not
1886 1977 73 25 made
1970 1978 76 28 there,
2065 1977 47 26 but
2121 1979 131 32 imported.
2286 1981 14 24 I

1149 2013 93 31 import
1252 2011 65 25 from
1328 2010 45 26 the
1383 2008 54 26 best
1448 2008 108 33 English
1566 2009 51 25 and
1634 2008 87 27 Scotch
1733 2009 99 26 houses.
1878 2010 71 26 lam
1961 2010 104 27 enabled
2075 2013 27 25 to
2112 2013 123 32 purchase
2252 2013 48 27 low

1149 2046 50 26 and
1208 2045 46 26 sell
1265 2046 27 25 at
1300 2052 16 17 a
1326 2046 54 23 rate
1391 2043 27 25 of
1426 2043 74 32 profit
1513 2043 53 33 (my
1578 2050 118 24 expences
1707 2043 73 32 being
1790 2043 82 33 small)
1885 2045 57 24 that
1952 2044 82 27 would
2045 2045 31 26 be
2093 2046 145 26 considered
2257 2048 42 25 ab-

1150 2079 58 27 surd
1218 2079 33 32 by
1267 2086 48 25 any
1335 2076 179 26 Christchurch
1536 2076 198 25 establishment.
1784 2076 46 33 My
1850 2077 78 26 Stock
1946 2078 22 24 is
1986 2074 44 29 the
2048 2078 96 33 largest
2161 2080 51 25 and
2233 2083 68 24 most

1149 2114 95 26 tvaried
1253 2111 111 28 that.has
1377 2118 55 19 ever
1442 2111 63 24 been
1516 2109 87 26 shown
1613 2109 28 26 in
1651 2109 44 26 the
1706 2109 103 31 district,
1822 2110 50 25 and
1883 2111 38 26 for
1931 2111 93 33 quality
2043 2113 49 25 and
2111 2113 72 26 value
2199 2116 60 31 puts
2274 2116 27 24 in

1150 2148 31 24 he
1192 2147 78 25 shade
1286 2146 77 31 goods
1373 2144 92 24 offered
1476 2144 33 31 by
1520 2144 103 31 visiting
1634 2143 116 25 hawkere
1761 2145 64 23 from
1836 2144 44 24 the
1897 2145 182 25 Christchurch
2089 2154 46 24 rag
2146 2149 88 24 marts.

1182 2200 94 23 Dress
1288 2199 164 29 Materials,
1465 2197 87 23 Plain
1563 2198 61 22 and
1633 2197 104 27 Fancy
1747 2198 80 22 from
1839 2197 51 24 3d.
1902 2201 56 30 jter
1965 2199 85 28 yard.

1182 2259 28 26 A
1226 2259 109 29 Strong
1352 2258 87 25 Stout
1455 2257 132 25 Durable
1604 2256 126 32 Kaiapoi
1746 2257 113 24 Tweed
1874 2257 52 33 2/6
1937 2263 55 25 per
2003 2259 76 30 yard

1776 2300 108 26 Makes
1895 2302 155 25 flrst-class
2067 2302 91 31 Boys'
2176 2302 90 28 Suits.

1183 2354 57 25 Art
1256 2353 139 30 Muslins,
1414 2351 156 33 Cretones,
1589 2351 78 26 Lace
1685 2351 139 26 Curtains
1841 2351 55 26 &c.
1972 2375 5 4 .

1183 2422 27 31 A
1226 2421 109 25 Choice
1353 2419 166 26 Collection
1537 2421 33 24 of
1584 2420 120 32 Gloves,
1731 2420 77 32 Ties,
1837 2420 129 32 Aprons,
1996 2420 165 27 Insertions
2179 2422 53 26 &c.

1183 2473 120 32 Striped
1320 2472 123 26 Galatea
1459 2473 55 32 4/6
1524 2478 55 26 per
1590 2473 107 31 dozen,
1725 2473 103 25 worth.
1839 2473 49 26 9d.
1906 2479 55 25 per
1977 2474 84 30 yard.

1183 2537 103 23 Prints
1296 2537 80 23 from
1387 2537 52 23 4d.
1451 2542 55 24 per
1516 2537 85 28 yard.
1613 2537 139 29 Muslins,
1765 2536 139 30 Selesias,
1917 2536 126 31 Calicos,
2056 2537 55 24 &c.

1764 2579 87 27 With
1868 2580 87 24 other
1971 2579 193 27 Manchester
2179 2579 87 34 lines'.

1183 2633 88 33 Hats,
1289 2633 103 32 I^ancy
1408 2632 61 26 and
1484 2633 106 33 Sailor,
1608 2634 32 25 in
1656 2633 103 26 White
1776 2634 61 25 and
1853 2633 116 26 Colors.

1722 2677 126 25 Newest
1864 2677 123 32 Shapes.
2022 2678 96 31 Large
2134 2679 132 34 Variety,

1182 2730 148 31 Flowers,
1347 2730 154 31 Feathers,
1509 2730 3 8 '
1519 2730 148 31 Ribbons,
1685 2730 105 31 Laces,
1808 2730 75 31 Jets,
1902 2730 55 26 &c.

1651 2770 87 24 With,
1754 2772 42 22 all
1811 2772 184 22 necessaries
2012 2771 47 23 for
2075 2771 190 29 Trimmings.

1182 2819 103 32 Fancy
1300 2820 139 31 Frillings
1457 2821 78 31 3yds
1545 2821 47 24 for
1601 2820 36 34 1/-
1655 2821 101 26 worth
1768 2821 49 31 9d,
1836 2826 54 26 per
1900 2822 84 30 yard,

1714 2864 181 32 Umbrellas,
1914 2864 150 33 Parasols,
2083 2864 181 33 Sunshades,

1296 2967 330 41 SPECIAL,
1711 2967 422 41 PTJE-CH^SE

1150 3035 110 34 BOYS
1292 3035 89 32 AND
1410 3034 172 33 YOUTHS
1621 3034 215 33 COLONIAL
1867 3034 155 33 TWEED
2048 3036 250 37 O'VEECOATS

1630 3098 77 31 with
1728 3097 97 42 Capes

1425 3158 92 31 From
1540 3159 66 30 17s.
1650 3158 50 31 6d.
1744 3159 101 31 worth
1888 3160 66 30 255.
2000 3160 49 29 6d.

1302 3224 195 32 Men's
1540 3224 224 33 Tweed
1807 3226 347 36 Overcoats

1622 3277 94 31 From
1739 3278 64 31 15s.

1149 3448 133 41 English
1296 3450 127 42 Witney
1431 3452 149 31 Blankets
1594 3456 33 27 to
1643 3454 36 30 be
1695 3454 67 30 sold
1776 3459 32 25 at
1818 3456 60 29 less
1885 3456 78 30 than
1977 3456 180 32 Melbourne
2170 3457 130 33 Whole-

1150 3501 63 31 sale
1234 3504 83 39 price
1319 3522 40 4 —
1359 3504 120 33 Double
1494 3505 67 31 Bed
1578 3504 68 32 Size
1669 3506 64 30 12s.
1759 3506 47 30 6d.
1858 3508 101 30 worth
1975 3509 64 30 16s.
2078 3509 49 31 6d.
2149 3520 55 31 per
2218 3511 77 40 pair.

1140 3584 2 29 I
1316 3576 129 40 cheaper
1458 3576 77 30 than
1550 3574 224 33 Christcnurch
1788 3576 112 33 houses
1914 3578 65 31 will
1993 3578 58 31 sell
2064 3580 94 32 them.

1149 3666 298 83 MISSES'
1505 3669 252 84 CAPES
1792 3673 83 96 ;&,
1932 3675 362 88 JACKETS

1205 3782 87 48 TU
1308 3781 164 50 Emm*
1502 3781 154 59 %Mpm
1675 3783 107 48 fnm
1799 3783 88 60 %j%
1911 3787 142 47 wmh
2071 3788 166 54 UrikH.

1225 4059 138 47 btiUw
1381 4056 153 49 imM
1551 4057 309 53 m&t,Mw&r&
1881 4057 200 48 Bmmtte
2100 4064 116 46 stack

1146 4132 325 105 ROLLER
1532 4127 526 130 OTEUPB:
2093 4138 158 91 4d,

1190 4400 72 32 R.
1286 4399 80 33 HCw
1401 4396 314 36 PftRISSi
1771 4396 154 34 Cast
1972 4396 255 45 Oixfbx-d.

588 503 265 47 GEORGE
884 496 234 52 KEATS.

613 576 156 35 BIjiLDEE
778 571 318 33 ANDtNDEETAKER

670 635 132 31 rEAST-
834 634 186 41 OXFORD.:

621 726 120 26 Funerals
749 725 149 29 Conducted,
911 724 87 25 Adults
1004 725 67 24 from
1081 724 37 25 £3

588 770 114 25 Children
720 769 64 23 from
802 768 68 31 22/6.

608 964 218 25 OiSCZFOIE&ID
871 961 237 24 ZB-A-IKIIEIE&Tr
1122 968 2 24 ;

689 1009 211 30 Established
924 1008 87 28 1862.

634 1073 123 28 FLOUE,
768 1072 56 24 best
834 1071 80 25 brand
925 1070 59 32 only
994 1070 68 31 kept.

587 1116 142 29 SHARPS,
764 1114 204 29 OATMEAL,
1003 1113 110 24 BRAN

676 1159 150 28 CHICKEN
829 1157 135 30 WHEAT,
983 1158 42 25 &e.
1080 1175 4 3 •

612 1204 40 23 AT
679 1203 121 22 LOWEST
828 1202 140 21 GTJREENT
996 1201 104 24 KATES,

675 1317 53 43 F.
761 1316 48 43 B.
832 1313 188 55 LANE.

691 1389 89 42 (Late
794 1389 40 31 E.
853 1387 159 41 Butcher.)

588 1450 248 34 Watchmaker,
865 1448 182 33 Jeweller,
1064 1445 52 31 &c.

587 1500 122 32 Importer
743 1500 26 24 of
808 1498 107 25 Musical
949 1497 170 24 Instruments

685 1538 110 26 Victoria
816 1537 39 26 St.
885 1535 133 33 Rangiora.

589 1628 99 32 Special
698 1627 70 25 value
790 1626 28 24 in
840 1625 81 25 Extra
943 1625 86 30 strong
1040 1622 79 26 Cased

587 1672 88 33 highly
682 1671 108 26 finished
803 1669 109 33 English
929 1669 80 25 Lever
1016 1666 103 27 Watch-

587 1722 35 18 es.
668 1713 190 27 Manufactured
874 1714 26 24 to
922 1719 44 23 my
993 1711 72 26 order
1085 1710 34 31 by

587 1756 55 24 best
653 1755 106 25 London
776 1753 106 24 makers.
917 1749 157 33 Unequalled
1081 1749 38 25 for

588 1798 122 31 excellent
722 1794 178 35 Timekeeping
914 1794 50 26 and
975 1792 142 33 durability.

621 1843 29 24 F.
668 1843 31 24 B.
711 1841 95 24 LANE
818 1839 140 33 personally
979 1839 72 25 visits
1070 1838 49 24 Ox-

588 1886 54 25 ford
662 1885 128 31 monthly,-
808 1883 115 32 carrying
942 1891 15 16 a
980 1881 68 32 large
1070 1880 50 25 and

588 1929 85 24 choice
707 1927 69 25 stock
790 1926 41 25 ■of
862 1925 127 28 Watches,
1016 1924 102 28 Chains,

588 1972 133 27 Brooches,
731 1970 87 32 Rings,
829 1969 86 29 Studs,
933 1968 127 25 Pendants
1072 1969 47 27 etc,

590 2013 141 35 Spectacles
752 2013 123 34 (Pebbles,
891 2012 168 33 Pantoscopsc
1070 2010 51 26 and

590 2059 106 33 Crystal)
710 2057 95 29 Clocks,
825 2056 107 34 (Marble
952 2055 50 26 and
1020 2055 99 33 Wood,)

688 2101 156 26 Accordeons
855 2100 50 26 and
916 2100 106 25 Violins.

623 2147 80 24 Exact
715 2146 56 24 date
783 2146 28 24 of
820 2146 62 24 each
893 2145 59 24 visit
974 2144 22 24 is
1008 2142 106 26 notified

737 2189 28 24 in

590 2233 114 25 Repairs.
706 2245 32 5 —
740 2231 145 31 All.repairs
902 2238 42 17 are
961 2227 118 28 executed
1089 2227 32 33 by

590 2277 91 32 myself
702 2283 27 18 or
745 2275 79 25 under
840 2281 42 25 my
903 2273 220 33 superintendence

590 2328 28 17 so
640 2320 56 24 that
714 2321 102 30 patrons
828 2326 46 16 can
896 2319 53 30 rely
971 2325 33 17 on
1020 2316 103 32 -getting

591 2363 154 25 satisfaction
753 2364 27 23 at
790 2362 44 25 the
845 2369 58 24 very
914 2360 207 31 lowestcharges.

604 2410 4 7 r
623 2407 103 31 Repairs
738 2414 28 17 or
775 2406 83 25 orders
866 2412 58 24 may
935 2405 31 24 be
973 2403 45 26 left
1030 2405 26 23 at
1056 2417 34 5 —

590 2455 26 25 J.
634 2454 132 30 Weeber's,
801 2453 65 25 East
889 2452 100 26 Oxford.

590 2500 26 24 at
638 2499 41 26 W.
702 2498 36 25 M.
762 2497 37 29 C,
823 2497 65 26 East
911 2496 101 25 Oxiord.

590 2543 24 22 J.
627 2542 103 29 3r<rwn,
743 2540 159 28 Bootmaker,
926 2540 71 23 West
1020 2538 101 24 Oxford.

589 2584 40 26 W.
642 2584 25 26 J.
681 2583 117 27 Crotliers
808 2584 18 24 &
839 2582 44 26 Co.
891 2601 6 6 .
919 2581 70 27 Oust.

623 2629 49 24 and
688 2628 53 26 will
745 2627 31 25 be
787 2627 126 32 promptly
924 2626 118 26 attended
1053 2627 35 24 to.

592 2673 54 31 All
766 2673 78 29 done
855 2682 40 20 on
908 2672 54 29 the
973 2671 150 30 Premises

713 2724 61 29 and
788 2722 198 40 guaranteed.

592 2888 250 42 MRW.N,
867 2887 255 45 CATHRO,

632 2961 180 23 BARRISTER
826 2960 67 22 AND
910 2960 173 22 SOLICITOR.

740 3002 231 31 BANGIORA.

587 3055 132 30 Attends
735 3054 121 30 Oxford
871 3064 39 19 on
921 3053 97 30 Court
1025 3051 97 42 Days.

587 3129 167 25 Instructions
762 3128 33 32 by
806 3130 56 30 post
873 3127 52 26 will
931 3125 98 27 deceive
1039 3134 83 24 prom-

751 3168 29 31 pt
808 3166 132 26 attention.

708 3215 107 21 MONEY
843 3215 38 21 TO
909 3215 88 20 LEND.

637 3337 44 54 S.
714 3337 50 45 B.
787 3336 306 52 SEYMOUR,

622 3420 3 2 .
665 3420 3 2 .
759 3411 3 5 ■
785 3403 138 27 DENTIST,
1117 3407 6 17 i-

627 3447 41 21 -215
682 3446 105 22 Colombo
802 3446 82 24 Street,
892 3457 3 4 -
907 3445 168 21 Christcliurcli.

755 3520 178 22 CHARGES.—

653 3562 94 27 Filling,
761 3562 24 20 ss
793 3570 8 16 ;
835 3562 134 21 Extraction
978 3562 24 20 2s
1017 3560 36 22 6d.

598 3634 3 5 1
612 3626 164 23 Nitrous.Oxid
785 3626 46 21 Gas
840 3626 170 22 Administered
1015 3626 38 21 for
1058 3626 63 21 Pain

584 3670 46 21 less
639 3668 134 21 Extraction
782 3668 24 21 of
815 3668 80 21 Teeth.
928 3669 46 20 Fee
983 3668 37 21 for
1028 3668 93 21 Admin-

583 3706 110 21 istration
704 3705 31 21 ss.

640 3836 107 25 CHILD
759 3836 108 24 BIRTH
880 3835 95 31 SAFE,
988 3836 74 25 AND

689 3879 137 25 ALMOST
835 3879 173 26 PAINLESS

582 3922 92 67 BY
719 3922 75 31 using
828 3922 49 24 DR
921 3922 196 26 FAWCETT'S

684 3955 131 25 Medicine.
975 3975 2 3 .

614 3999 71 25 MRS
708 3998 165 25 BURRELL
895 3998 61 32 begs
978 4000 26 24 to
1026 3998 91 26 inform

580 4038 43 25 the
635 4038 91 26 Ladies
738 4037 57 24 that
803 4037 45 24 she
856 4037 47 24 has
912 4037 63 24 been
984 4037 130 32 appointed

578 4078 59 23 ■Sole
656 4078 75 29 agent
752 4077 28 22 in
794 4092 5 7 ,
804 4076 177 23 Christchurch
1008 4077 38 22 for
1057 4096 4 7 ,
1072 4077 44 22 the
1121 4084 2 7 1

579 4116 77 23 above
667 4115 132 31 Medicine,
802 4116 28 22 to
844 4115 118 23 facilitate
975 4115 139 23 Accouche-

574 4157 92 23 •ments.
700 4154 91 25 Ladies
802 4162 47 17 can
871 4153 31 26 be
922 4153 114 33 supplied
1055 4154 61 25 with

578 4195 41 23 the
642 4194 75 24 above
739 4192 34 33 by
797 4193 105 32 sending
924 4201 29 17 or
975 4193 92 31 calling
1089 4194 27 24 at

578 4233 40 25 Mr
639 4232 122 26 Burrell's
783 4233 183 32 Photographic
988 4231 71 33 place
1089 4233 28 24 of

576 4271 122 29 business^
712 4271 105 27 Gould's
839 4271 275 34 Buildings,^Victoria

576 4311 89 30 Street,
672 4307 189 33 Christchurch,
880 4310 83 26 where
982 4301 42 35 sill
1036 4310 76 24 infor-

574 4350 96 26 mation
698 4358 54 16 can^
772 4348 31 27 be
831 4349 126 26 obtained-
976 4350 71 29 free,'
1063 4348 51 26 and

573 4389 117 31 perfectly
732 4388 157 32 satisfactory
921 4388 52 26 and
1004 4388 108 32 genuine

573 4426 165 27 testimonials
750 4433 47 19 can
809 4426 31 27 be
850 4433 67 20 seen.
1077 4443 5 3 -

92 170 6 6 '
200 163 193 46 LUCK.
434 209 3 8 ,
507 163 56 51 ..-.'

61 263 93 23 Twelve
177 262 87 25 month
282 270 45 23 ago
347 261 48 24 last
414 259 64 25 June
490 266 15 16 a
516 258 41 23 Mr

27 301 79 28 Scott,
117 301 122 30 employed
246 308 31 16 on
287 308 14 16 a
308 299 135 32 plantation
453 300 26 21 at
486 297 71 24 Vuva

26 338 58 29 Fiji,
97 338 137 30 purchased
242 338 68 24 ONE
319 336 85 25 Ticket
412 336 27 23 in
448 336 41 23 the
499 334 57 23 Van

27 375 129 24 Dienian's
164 376 72 23 Land
247 374 72 25 Bank
327 374 108 30 Lottery,
446 373 47 24 and
502 380 55 16 won

26 414 68 30 prize
105 413 55 24 five.
180 414 60 23 This
251 414 21 23 is
284 421 14 16 a
309 413 64 24 farm
380 411 26 26 of
414 413 26 22 11
448 412 36 26 21,
491 418 67 17 acres

27 454 83 25 arable
121 454 60 24 land
199 463 29 16 on
241 454 43 25 the
304 453 74 25 Huon
398 453 79 28 River,
499 451 58 31 T&s-

25 495 91 27 mar,ia,
134 495 60 24 with
212 503 32 16 an
264 494 103 25 orchard
390 493 26 25 of
437 494 31 23 42
491 500 68 17 acres

26 534 126 28 attached,
164 535 47 22 and
223 534 23 23 is
257 533 74 24 valud
343 534 26 23 at
382 533 106 26 £6,000.
517 531 42 23 Mr

26 573 81 28 Scott,
120 573 20 23 it
152 580 109 23 appears,
274 572 46 24 has
331 573 63 22 been
404 571 26 24 in
448 569 55 32 Fiji,
520 571 39 22 for

27 614 32 22 18
71 613 109 28 months,
193 613 48 23 and
256 613 21 23 is
290 612 73 31 going
385 613 26 22 to
428 610 73 25 claim
520 609 39 24 his

28 653 125 29 windfall,
166 653 43 23 but
220 652 99 24 intends
331 653 25 22 to
367 656 84 19 return
463 649 49 25 and
524 657 34 17 re-

28 695 52 24 side
92 695 24 24 in
130 695 58 32 Fiji.
235 695 21 24 A
267 695 47 24 few
324 702 69 24 years
405 701 46 25 ago
462 693 31 24 he
504 700 55 17 won

115 734 26 24 in
161 742 46 17 one
230 734 28 25 of
283 732 154 26 Tattersall's
460 738 99 24 sweeps.

30 773 87 31 Lucky
126 773 101 31 beggar!
392 771 133 31 Spectator.

63 851 99 26 Similar
177 851 63 32 good
254 851 98 25 fortune
369 858 58 23 may
444 848 115 26 overtake

27 898 52 23 any
91 888 271 35 enterprisiggf'Oxford
380 888 107 24 resident
503 887 56 23 who

27 931 81 23 invest
119 931 27 23 in
158 938 15 16 a
185 930 69 24 share
265 929 27 23 in
303 928 44 24 the
366 927 95 25 Second
473 926 86 25 Grand

27 970 110 31 Lottery.
172 969 22 24 A
204 969 36 23 lot
249 968 26 24 of
284 968 77 24 forms
373 967 27 25 of
409 966 149 32 application

26 1011 63 23 have
95 1009 61 25 been
167 1011 53 22 sent
228 1011 25 22 to
260 1008 44 24 the
312 1008 69 24 office
390 1008 26 23 of
422 1007 52 24 this
485 1014 74 23 paper

26 1100 131 32 TOTAL
178 1100 144 31 VALUE
338 1100 32 30 of
390 1098 149 32 PRIZES
550 1109 7 17 :

37 1363 32 27 In
86 1363 130 34 200,000
232 1361 103 30 shares
356 1361 33 29 of
404 1362 34 28 5s
460 1361 81 29 each.

192 1414 92 29 First
306 1413 110 30 Peize:

28 1464 173 31 VALUED
224 1464 52 29 AT
312 1465 148 37 £13,000,
498 1463 61 30 and

28 1517 61 28 223
105 1516 88 29 other
206 1515 113 37 Prizes,
333 1516 133 40 rauging
479 1516 80 30 from

28 1569 119 35 £8,000
177 1573 31 24 to
232 1568 57 35 £5,
314 1567 158 39 including
500 1568 58 28 203

28 1618 146 41 Optional
190 1618 79 31 Cash
282 1618 113 31 Prizes.

50 1672 65 30 The
129 1671 52 31 list
195 1671 63 31 will
273 1671 80 30 close
367 1681 40 21 on
420 1671 73 31 Dec.
510 1671 49 31 31.

63 1731 63 25 This
138 1731 89 25 should
245 1739 73 22 prove
336 1739 16 16 a
374 1731 79 25 better
468 1731 91 25 invest-

29 1774 72 23 ment
112 1771 61 25 than
212 1778 100 25 sweeps.
363 1771 81 25 There
454 1771 23 25 is
488 1779 73 24 every

29 1814 112 30 prospect
152 1812 54 24 that
214 1812 44 24 the
273 1811 107 32 drawing
388 1811 28 25 in
430 1811 66 25 bank
513 1812 47 25 lot-

29 1852 74 23 teries
115 1850 49 25 will
180 1850 31 24 be
226 1850 136 24 conducted
371 1850 28 24 in
414 1857 15 17 a
448 1850 46 24 fair
512 1850 49 24 and

30 1897 85 22 square
126 1896 111 20 manner,
246 1888 81 24 which
335 1888 22 24 is
368 1896 69 17 more
445 1888 62 24 than
515 1896 46 16 can

30 1928 30 24 be
72 1928 52 25 said
135 1928 26 24 of
169 1928 42 24 the
222 1928 115 31 majority
348 1928 27 24 of
385 1928 84 31 racing
477 1936 84 23 specu-

30 1967 98 24 lations.

97 2104 93 24 Revieiv
202 2104 26 30 of
237 2104 107 24 Reviews
352 2105 59 32 May
423 2104 72 24 1895.

65 2143 61 24 New
148 2144 106 24 Zealand
276 2144 46 24 has
342 2144 102 24 effected
463 2151 15 16 a
494 2151 69 16 more

31 2180 114 26 brilliant
152 2180 80 25 stroke
243 2181 28 25 of
275 2180 98 26 finance
381 2181 63 25 than
453 2181 45 24 has
507 2189 56 17 ever

34 2217 81 25 before
126 2217 63 25 been
200 2218 135 31 attempted
354 2217 31 31 by
405 2226 49 23 any
474 2217 25 25 of
519 2217 43 25 the

32 2257 147 23 Australian
199 2257 115 24 colonies.
348 2257 48 23 Mr.
420 2257 76 24 Ward
517 2257 45 24 has

31 2294 87 32 placed
129 2303 15 16 a
153 2297 14 22 3
180 2303 43 23 per
231 2297 71 22 cent..
307 2295 59 25 loan
375 2295 27 24 of
407 2295 156 30 £1,500,000

31 2341 34 16 on
76 2333 44 25 the
131 2333 103 25 London
245 2333 104 29 market,
361 2333 79 32 fixing
448 2333 43 25 the
497 2333 65 25 min-

31 2372 80 24 imum
120 2374 26 22 at
158 2373 59 24 £90.
230 2372 52 24 The
293 2372 57 24 loan
361 2379 49 17 was
422 2372 140 24 subscribed

30 2410 57 24 four
98 2410 71 24 times
178 2418 63 18 over,
252 2410 48 24 and
308 2410 105 31 brought
420 2418 33 16 an
460 2417 103 24 average

29 2450 65 31 price
107 2452 26 22 of
149 2450 54 24 £94
221 2452 26 23 8s
265 2450 48 30 9d.,
348 2450 61 25 This
420 2450 22 25 is
453 2450 43 24 the
508 2450 55 24 first

32 2490 61 25 time
105 2499 32 16 an
150 2492 104 30 attempt
265 2492 45 24 has
321 2487 63 29 been
392 2490 72 25 made
474 2491 31 31 by
514 2498 48 24 any

31 2532 27 22 of
76 2532 43 23 the
134 2532 140 23 Australian
286 2532 106 24 olonies
414 2533 26 22 to
456 2532 72 28 place
547 2539 15 15 a

30 2569 58 25 loan
100 2572 26 24 at
139 2572 13 22 8
164 2579 42 22 per
217 2572 65 24 cent.

169 3072 251 46 NOTICE.

21 3174 99 45 Job
138 3173 234 58 Printing
384 3175 10 44 !

195 3242 100 46 Job
318 3243 241 57 Printing

65 3306 172 31 OXFORD
294 3307 223 31 OBSERVER

106 3356 159 40 Machine
294 3356 180 52 Printing-

201 3409 166 40 WORKS

88 3470 88 24 MAIN
188 3471 143 29 STEEET,
343 3472 147 25 OXFORD.

85 3549 128 46 ■T^INE
266 3550 62 38 IT)
333 3550 146 26 HINTING

89 3625 34 30 In
138 3625 73 39 Any
225 3624 127 40 Variety
366 3635 35 20 or
418 3624 96 39 Style*

22 3676 304 36 MEMORAL
354 3676 203 36 CARDS

46 3729 50 40 (in
113 3739 68 19 new
197 3727 60 31 and
273 3727 105 31 chaste
392 3727 139 40 designs)

199 3774 43 40 5/-
254 3785 56 29 per
333 3774 67 31 doz.

100 3842 174 30 Statement
291 3842 116 36 Heads,

100 3884 69 29 Ball
184 3884 223 38 Programmes.

101 3925 132 34 Posters,
249 3924 176 36 Handbills,

98 3966 167 35 Billheads,
289 3965 139 40 Cheques

101 4010 104 29 Letter
220 4008 59 29 and
289 4007 80 30 Note
383 4007 106 31 Heads

100 4051 166 34 Circulars,
289 4048 118 34 Menus,

99 4092 192 37 Catalogues,
308 4091 54 27 &c.
374 4089 75 37 ,&c,
474 4091 55 28 &.c.

12 4151 90 39 l\Tew
117 4150 120 48 Styles
251 4148 38 38 in
305 4146 163 52 Visiting
481 4148 69 39 and

131 4213 165 38 Business
312 4210 115 40 Cards.
460 4249 3 3 .

12 4322 35 30 R.
71 4320 42 30 H.
136 4318 118 34 Parish,
314 4317 187 41 Proprietor.

93 4372 66 31 The
178 4369 179 31 NEWEST
384 4369 160 50 STYLES

18 4440 23 18 ji
56 4423 133 35 TYPES
206 4423 61 31 and
279 4422 264 33 ORNAMENTS
