3345 6173
116 177 124 34 formed
256 191 18 21 a
289 180 64 34 lino
370 183 154 43 reaching
544 190 72 37 pa>t
639 198 37 21 us
700 200 40 20 011
765 189 104 34 either

115 233 99 40 hand,
238 236 61 32 and
326 238 78 33 from
424 240 54 32 the
496 252 76 31 very
593 243 66 32 first
685 245 77 33 the/
786 258 82 22 were

119 288 113 35 within
245 292 83 43 forty
336 294 97 41 yards
446 295 34 32 of
487 308 46 21 us.
579 298 91 34 Then
683 301 53 33 the
749 302 121 44 danger

117 347 35 32 of
172 348 54 33 the
253 351 137 40 position
416 352 130 36 became
571 361 168 38 apparent.
785 360 84 33 How

116 414 101 33 many
238 417 87 22 more
350 411 30 29 oi
405 410 91 33 them
520 412 52 33 the
592 426 15 19 e
632 415 105 39 might
761 416 37 33 be
823 429 47 21 we

117 459 92 35 knew
229 468 65 31 not,
313 464 55 34 but
387 466 52 33 the
457 477 185 36 proportion
663 485 63 20 was
743 485 34 21 as
798 475 72 33 four

118 530 30 21 01
170 520 61 33 fi\e
256 527 31 28 to
311 535 59 22 one
395 526 141 43 already.
581 531 43 30 As
645 530 76 42 they
739 532 130 33 showed

118 576 197 37 themselves
347 581 50 34 Mr
424 583 120 36 Melvin
578 587 101 34 called
713 592 55 31 out
799 590 71 36 that

119 636 89 35 there
224 651 66 21 was
307 654 17 19 a
341 645 106 31 crowd
464 647 31 29 ot
514 647 100 37 them,
632 649 62 31 and
715 636 3 51 j
737 657 39 24 Ist
793 652 19 30 11
820 636 47 51 u;;i

119 692 17 31 I
163 703 65 24 saw
253 698 137 32 another
412 701 103 34 camel
538 713 90 23 come
654 715 40 33 up
718 715 40 22 o.i
789 706 82 34 their

119 751 68 38 left,
212 753 206 45 threatening
441 770 58 21 our
514 772 112 31 escape
652 762 39 43 by
717 770 52 25 t<ie
793 765 77 31 road

119 819 48 23 we
181 809 62 35 had
255 824 101 23 come.
403 816 16 32 I
428 826 168 34 suggests
612 821 69 33 that
696 834 44 20 we
755 822 115 33 should

119 868 98 33 strike
242 877 55 26 out
321 873 46 31 tor
391 874 52 32 the
461 886 94 32 camp
574 887 5 28 ;
605 889 38 20 an
661 878 5 32 I
686 890 44 20 we
757 885 90 27 turne
861 881 8 30 1

119 934 60 22 our
203 925 120 35 horses'
348 929 100 34 heads
471 933 130 42 quickly
624 935 138 32 towards
789 937 60 32 Tad-

119 981 67 35 kul.
234 985 88 34 More
340 988 89 33 shots
445 1002 81 22 were
537 991 79 33 fired
630 1005 33 20 as
677 1006 46 20 we
737 995 133 38 started,

119 1040 67 33 and
202 1040 76 35 then
295 1042 103 45 began

339 1113 18 21 A
382 1114 77 22 RIDE
483 1116 61 23 FOR
567 1118 82 21 LIFE.

120 1155 69 33 The
226 1157 102 34 Arabs
365 1161 63 32 had
466 1165 128 32 seemed
630 1167 107 31 rather
774 1167 95 32 taken

119 1213 103 34 aback
244 1221 32 28 at
301 1217 122 42 finding
448 1231 36 21 us
508 1222 110 33 armed
636 1223 61 33 ;md
718 1224 96 37 ready
841 1231 29 27 to

119 1271 93 42 fight,
243 1274 56 34 but
328 1277 94 33 when
448 1291 45 20 we
518 1281 94 33 made
640 1284 49 31 lor
720 1283 116 32 ruimin
844 1296 17 12 <r
866 1271 4 45 .

120 1330 77 41 they
220 1331 124 41 flogged
369 1346 42 30 up
431 1337 83 31 their
537 1340 120 30 camels
681 1341 63 30 and
770 1341 57 40 beg
840 1352 29 20 in

119 1386 55 34 the
184 1386 104 36 chase.
334 1391 89 44 They
435 1393 123 35 formed
568 1409 17 19 a
597 1395 74 42 long
683 1397 187 38 semicircle,

120 1445 109 42 trying
260 1451 31 27 to
322 1454 53 32 get
405 1452 102 31 round
538 1463 36 21 us
605 1465 40 20 on
677 1455 53 32 the
762 1456 107 31 Tamai

119 1501 79 34 •side.
249 1505 15 31 1
271 1505 49 32 his
337 1505 139 45 brought
493 1518 84 25 most
600 1512 33 31 of
647 1512 90 33 them
761 1515 30 30 in
816 1526 55 23 my

118 1557 170 42 direction,
313 1564 63 31 and
401 1565 15 30 I
441 1565 63 33 had
527 1567 53 31 the
605 1569 196 33 unwelcome
826 1576 29 26 at-

120 1617 128 33 tention
265 1619 34 32 of
312 1622 52 32 the
382 1623 99 32 riders
497 1626 30 30 of
550 1625 61 33 five
631 1639 35 19 or
689 1628 46 31 six
753 1630 119 30 camels

265 1678 163 33 streamed
464 1686 56 27 out
555 1681 32 33 in
624 1684 133 41 pursuit.
816 1685 56 42 My

118 1732 199 40 companion
348 1745 66 21 was
438 1736 98 32 about
562 1739 109 40 eighty
701 1741 97 40 yards
821 1741 33 31 be-

121 1784 90 42 hind,
226 1788 64 33 and
301 1790 109 34 struck
424 1803 39 32 up
476 1793 53 33 the
543 1793 59 35 bed
617 1795 33 33 of
661 1809 17 19 a,
691 1796 91 34 khor.
821 1799 51 33 He

120 1853 77 33 says
234 1845 71 33 that
341 1847 40 33 he
412 1850 165 34 somehow
615 1855 136 39 escaped
790 1855 84 34 their

120 1906 118 35 notice,
255 1904 63 31 and
342 1904 137 34 believes
504 1908 72 33 that
598 1910 39 32 he
662 1913 105 40 might
791 1913 81 33 have

121 1964 56 35 got
204 1959 86 34 clear
312 1974 93 32 away
423 1975 41 22 on
488 1966 54 33 the
561 1968 129 33 Suakim
717 1971 75 39 side,
817 1972 56 34 but

122 2016 40 33 he
179 2029 64 22 saw
260 2019 72 33 how
349 2021 54 33 the
416 2022 102 33 Arabs
533 2036 82 22 were
629 2027 129 41 placing
769 2029 82 33 them-

122 2075 115 38 selves,
251 2077 64 32 and
329 2077 154 35 hastened
497 2084 32 28 to
543 2092 56 31 my
610 2085 183 33 assistance.
832 2087 41 32 In

119 2129 63 36 less
198 2132 80 34 than
295 2134 70 33 half
377 2147 18 22 a
412 2143 124 29 minute
555 2140 15 32 I
590 2141 99 34 found
707 2155 55 30 my
779 2144 94 35 horse

122 2190 95 33 could
233 2191 89 34 leave
339 2193 54 34 the
409 2195 103 33 Arabs
534 2198 139 43 rapidly,
697 2201 56 33 but
774 2202 11 33 [
808 2214 65 23 was

121 2246 67 32 still
203 2247 105 33 alone.
353 2250 148 43 Turning
516 2264 34 21 111
569 2254 53 32 the
643 2257 111 34 saddle
771 2263 32 28 to
823 2271 50 22 see

121 2301 74 35 how
218 2304 110 44 things
351 2318 83 23 were
458 2310 108 41 going,
595 2312 15 33 I
635 2325 65 22 saw
725 2328 40 20 an
789 2319 84 32 Arab

120 2361 143 43 pushing
287 2364 137 33 forward
447 2367 81 33 from
553 2369 54 33 the
630 2371 66 34 line
720 2378 31 28 to
776 2374 80 34 inter-

120 2424 72 37 cept
220 2420 52 34 Mr
301 2423 132 34 Melvin.
478 2427 132 40 Pulling
640 2442 42 30 up
714 2434 159 41 suddenly

117 2476 68 34 tmd
221 2479 144 45 turning,
406 2481 17 33 I
473 2485 123 34 started
639 2489 140 34 towards
823 2491 51 35 Mr

120 2534 135 41 Melvin,
273 2538 64 31 and
348 2540 68 41 just
433 2545 32 28 at
483 2541 72 34 that
570 2551 148 28 moment
735 2548 57 33 felt
809 2560 17 21 a

294 2605 105 24 SHARP
422 2609 158 25 PIERCING
603 2613 93 23 BLOW

118 2659 44 22 on
187 2649 56 35 the
267 2651 88 41 right
377 2653 52 45 leg
452 2655 103 36 below
583 2659 55 34 the
666 2660 93 36 knee.
805 2664 67 35 The

120 2707 56 33 red
202 2710 118 32 wound
348 2712 65 32 and
440 2713 54 34 the
517 2716 78 42 pain
622 2718 132 35 showed
785 2722 88 34 what

118 2775 68 24 was
210 2765 54 36 the
288 2772 129 40 matter,
441 2770 58 36 but
522 2773 91 35 there
637 2789 66 21 was
726 2791 41 22 no
795 2782 78 33 time

119 2826 34 27 to
163 2823 96 32 think
270 2825 97 32 about
385 2827 34 32 it.
449 2828 55 39 My
518 2834 196 40 companion
725 2838 128 32 succeed-

119 2879 41 34 ed
176 2879 33 34 in
224 2882 144 44 running
383 2886 106 33 round
505 2888 55 33 the
571 2892 115 38 camel,
699 2895 65 32 and
778 2898 94 39 again

120 2938 149 42 together
283 2952 47 21 we
348 2943 115 34 settled
480 2944 94 35 down
591 2949 50 32 for
658 2962 58 21 our
731 2953 79 33 ride.
856 2956 16 31 I

119 2994 68 33 tied
209 2996 55 33 the
287 2997 51 44 leg
353 2999 33 32 in
404 3000 53 34 the
476 3002 129 45 stirrup,
627 3008 64 32 and
708 3008 99 37 found
830 3024 42 21 110

119 3050 101 36 bones
256 3065 82 23 were
368 3056 133 36 broken.
546 3062 148 36 Another
727 3067 74 35 shot
838 3081 35 22 or

118 3113 65 29 two
212 3113 127 39 passed,
370 3114 65 32 and
467 3117 55 32 the
557 3121 120 33 camels
707 3135 91 23 came
830 3138 40 21 011

118 3165 82 34 after
214 3177 48 28 us,
280 3168 54 34 the
351 3171 103 34 Aiabs
471 3173 155 44 shouting
650 3180 64 32 and
729 3180 143 46 flogging

117 3223 86 34 their
215 3224 116 42 beasts,
349 3227 58 35 but
419 3230 77 44 they
508 3232 63 34 had
584 3240 58 29 not
654 3237 55 33 the
722 3239 149 43 slightest

116 3280 123 35 chance
263 3284 129 41 against
416 3287 54 34 the
494 3292 97 41 speed
614 3294 35 31 of
668 3306 59 22 our
748 3297 121 35 horses.

116 3338 91 46 Ihey
223 3340 106 44 might
345 3354 34 23 as
398 3345 69 34 well
485 3346 83 37 have
586 3351 82 35 tried
691 3358 32 30 to
740 3356 92 35 catch
852 3370 19 22 a

114 3397 206 38 locomotive.
366 3404 86 34 Half
473 3419 19 21 a
516 3410 77 33 mile
618 3422 66 23 was
710 3419 54 37 got
794 3428 76 22 over

113 3459 35 31 at
163 3467 19 23 a

343 3529 161 27 SPLENDID
529 3535 91 32 PACE,

111 3571 67 36 and
201 3584 47 25 we
271 3586 83 26 were
379 3579 66 35 safe
472 3580 85 36 from
579 3583 192 40 immediate
795 3603 54 32 cap-

110 3633 83 30 tuie.
239 3632 61 34 let
323 3634 55 35 the
400 3637 104 35 Arabs
527 3652 84 23 were
634 3643 35 34 in
693 3645 86 44 sight
802 3649 66 33 and

109 3697 49 24 we
174 3701 82 24 were
278 3697 54 39 yet
355 3694 104 36 afraid
475 3697 71 35 that
571 3700 79 45 they
673 3704 108 44 might
804 3707 47 34 dis-

108 3744 73 33 able
198 3757 37 22 us
250 3760 35 20 or
301 3761 59 21 our
374 3752 112 33 horses
503 3755 41 41 by
560 3757 98 41 firing
674 3761 135 42 volleys,
833 3775 34 21 so

109 3799 56 36 the
181 3801 112 38 horses
310 3818 81 24 were
409 3808 76 46 kept
503 3816 33 30 at
552 3815 114 44 racing
682 3819 97 42 speed
792 3832 75 23 over

110 3857 54 34 the
193 3860 125 44 shingle
349 3865 65 32 and
445 3868 55 32 the
527 3871 93 39 sand,
652 3873 96 35 down
779 3883 87 39 steep

108 3916 125 43 gullies,
277 3922 65 33 and
379 3923 157 44 climbing
574 3929 122 36 broken
739 3933 126 44 banks;

103 3975 155 44 jumping
274 3989 76 22 over
366 3979 151 38 boulders
530 3987 64 32 and
608 3993 257 41 water-courses,

108 4031 143 44 dodging
287 4036 143 45 through
467 4042 54 32 the
565 4044 79 41 long
680 4050 187 42 scratching

107 4087 159 36 branches
282 4092 35 32 of
331 4092 52 34 the
400 4096 96 43 spiny
511 4098 141 36 mimosa
671 4113 6 29 ;
696 4104 168 47 plunging,

106 4144 133 46 leaping
261 4149 65 32 and
349 4153 209 45 scrambling,
578 4169 46 22 we
648 4162 151 43 galloped
823 4177 40 21 011

106 4201 46 34 foi
193 4205 139 34 another
362 4209 86 34 mile.
501 4212 12 31 I
523 4213 61 34 lion
623 4228 47 22 we
702 4230 83 24 were
822 4223 43 33 all

107 4261 97 43 light.
249 4264 59 33 We
327 4265 53 33 did
397 4271 57 29 not
470 4274 71 39 stop
558 4271 74 35 here
644 4273 160 44 however,
818 4280 47 33 for

107 4318 27 32 it
148 4330 66 21 was
230 4331 172 34 necessary
419 4329 30 28 to
465 4325 123 35 inform
612 4330 54 33 the
685 4334 131 33 column
834 4348 27 21 0.

108 4374 56 33 the
194 4377 196 35 ambuscade
423 4395 41 19 on
494 4384 54 32 the
579 4393 103 27 route,
728 4391 137 44 Bassmg

108 4440 92 24 some
222 4432 125 45 Bengal
370 4436 143 36 Lancers
537 4447 72 28 sent
640 4456 42 21 011
707 4447 78 33 with
810 4449 54 34 the

109 4490 155 39 captured
292 4498 103 34 goats,
427 4506 46 21 we
503 4499 169 40 explained
712 4508 31 26 to
774 4505 91 32 them

109 4543 89 34 what
227 4545 65 34 had
322 4551 165 39 occurred,
519 4555 64 33 and
614 4565 57 35 put
701 4559 89 34 them
823 4575 40 20 on

110 4602 112 40 guard.
266 4604 108 36 When
390 4619 47 23 we
454 4612 137 33 reached
610 4614 53 34 the
681 4618 62 32 end
762 4620 34 31 of
811 4621 52 33 the

110 4659 106 43 valley
242 4661 54 33 the
322 4664 130 35 column
479 4679 65 22 was
569 4683 40 20 on
638 4673 54 33 the
718 4677 93 40 point
835 4681 35 29 of

109 4716 147 44 starting,
275 4720 62 32 and
355 4732 46 22 we
419 4724 110 33 reined
540 4727 32 32 in
587 4739 58 23 oar
662 4730 110 35 horses
785 4735 81 33 after

109 4783 20 22 a
151 4774 68 33 lide
242 4781 31 27 ol
297 4777 89 35 three
409 4781 104 33 miles.
560 4785 85 34 Both
677 4788 111 36 horses
812 4791 34 34 be-

109 4828 105 36 haved
242 4833 196 47 splendidly.
484 4841 48 31 On
561 4855 58 20 our
643 4849 143 40 meeting
811 4851 53 31 the

108 4889 145 45 camelry
270 4902 56 34 my
341 4892 50 46 leg
407 4908 64 21 was
496 4897 130 37 dressed
653 4902 40 44 by
720 4905 144 45 Surgeon

109 4945 99 42 Weir,
225 4949 35 32 of
273 4950 53 33 the
344 4951 112 35 Camel
475 4955 111 43 Corps.
633 4960 68 33 The

226 5014 85 25 BULL
315 5017 40 23 111
379 5018 66 24 HAD
469 5021 87 25 GONE
580 5025 160 26 THROUGH

110 5059 55 32 the
182 5061 62 32 calf
260 5065 30 29 ot
309 5065 53 31 the
378 5066 50 42 leg
445 5074 33 26 at
495 5080 41 21 an
554 5072 104 42 angle,
684 5077 64 30 and
773 5088 91 23 come

110 5122 56 28 out
190 5117 34 34 in
248 5119 86 35 front
357 5122 35 33 of
413 5124 53 33 the
493 5126 82 34 boot.
622 5131 31 32 It
676 5133 27 32 is
727 5133 82 35 hard
834 5142 31 28 to

109 5185 59 32 say
190 5176 73 33 how
286 5180 24 30 it
335 5186 75 27 took
433 5182 72 34 that
528 5196 123 25 course.
698 5191 99 34 From
825 5201 41 26 its

109 5231 141 41 position
278 5237 25 30 it
331 5237 106 42 might
463 5240 84 35 have
574 5244 79 33 been
683 5247 41 43 by
749 5261 40 20 an
816 5263 32 21 ac-

110 5287 142 35 cidental
269 5291 168 47 discharge
455 5298 36 31 of
510 5310 56 33 my
583 5313 72 22 own
677 5303 107 44 pistol,
811 5307 55 35 but

110 5355 59 21 our
194 5347 264 48 Surgeon-major
475 5356 111 34 thinks
604 5360 65 31 this
693 5363 94 32 could
811 5373 55 25 not

110 5398 49 41 t»o,
185 5413 34 22 as
243 5403 89 36 there
356 5408 26 32 is
406 5421 40 22 no
477 5413 148 45 singeing
648 5419 33 32 of
703 5420 52 33 the
780 5421 84 35 cloth

110 5459 106 32 round
236 5461 53 33 the
308 5467 128 40 wound,
453 5470 107 33 uhich
585 5474 26 31 is
629 5477 91 32 usual
745 5478 77 34 with
848 5493 17 21 a

107 5515 170 46 discharge
303 5529 32 25 at
360 5526 78 32 such
468 5540 16 19 a
517 5530 91 35 short
634 5534 153 35 distance.
834 5540 31 33 It

109 5583 135 32 appears
270 5576 71 35 that
365 5581 55 33 the
444 5586 112 32 smoke
580 5600 46 21 we
650 5602 65 22 saw
743 5606 41 20 on
812 5597 53 32 the

108 5627 60 34 hill
185 5632 105 34 would
307 5634 38 34 he
363 5637 112 37 visible
494 5649 32 26 at
550 5644 115 35 Tamai
689 5649 140 46 through
848 5667 17 20 a

106 5697 110 31 goige,
233 5691 64 32 and
316 5693 24 32 it
357 5705 75 30 was,
451 5698 177 44 doubtless,
654 5716 17 20 a
695 5706 104 41 signal
819 5711 47 34 for

108 5742 54 34 the
180 5753 245 34 concentration
444 5756 36 32 of
491 5761 120 38 parties
627 5762 31 33 in
672 5775 40 22 an
724 5768 138 34 ambush

111 5805 32 29 to
180 5806 128 42 waylay
341 5809 55 33 the
434 5813 133 35 column
605 5830 41 21 on
676 5821 41 33 its
753 5832 111 28 return

109 5861 124 33 march.
283 5865 64 33 Ihe
385 5869 105 34 whole
519 5874 131 35 scheme
681 5878 65 34 had
784 5881 79 36 been

107 5914 68 34 laid
190 5924 56 29 out
262 5921 94 35 when
373 5937 57 22 our
454 5938 176 28 encounter
645 5935 109 36 forced
779 5939 86 34 their

102 5964 104 31 iiand.

894 62 126 45 iliL
1092 68 66 43 L\
1179 69 127 46 ELL
1372 71 216 56 TIMES,
1656 75 362 60 SATURDAY,
2087 87 269 48 AUGUST
2422 93 42 53 8,
2538 95 105 57 1885

2489 5916 15 33 1
2517 5929 47 22 nil
2570 5920 54 33 ted
2641 5924 64 33 and
2723 5928 172 40 published
2920 5934 48 32 for
2987 5937 56 33 the
3067 5939 180 41 Proprietor

2532 5967 39 41 I'.v
2587 5967 30 32 J.
2638 5969 34 33 F.
2692 5973 107 35 Clark,
2818 5985 33 25 at
2868 5978 54 34 the
3120 5985 8 32 I
3148 5967 3 52 1
3164 5989 7 27 )
3187 5987 43 32 iicr-

2531 6018 29 25 ol
2572 6013 52 33 the
2641 6019 18 14 '■
2674 6017 91 42 Lyell
2782 6022 136 34 i'mies."
2930 6027 76 32 Cli.l
3026 6033 61 29 Suv
3100 6033 142 38 -i.h.vli,

2530 6059 132 45 County
2678 6069 31 28 ol
2725 6065 122 44 iiiiller,
2866 6070 127 47 Colouy
3011 6075 119 34 oi'-VZ.

1236 216 93 34 the

904 299 368 79 LYELL
1320 310 338 78 TIMES

1042 439 208 38 Newspaper
1272 456 66 23 and
1363 449 161 36 General

927 530 96 44 JOB
1080 534 281 50 PRINTING
1422 543 213 57 OFFICII,

1045 637 115 37 Cliff
1200 640 153 47 Street,
1384 645 135 39 Lykll.

913 825 145 48 LETT
1068 829 30 44 E
1110 830 237 52 It-PitESS
1371 838 75 47 Pit
1453 839 57 48 IN
1521 842 52 45 II
1582 843 52 46 No-

1266 953 39 25 op

1030 1031 155 37 EVJSRY
1237 1037 302 41 DESCRIPTION

1267 1141 36 23 IN

908 1214 249 42 NEATEST
1179 1220 168 39 STYLE
1376 1225 32 37 &
1432 1226 230 42 NEWEST

1160 1308 252 40 DESIGNS.
1658 1305 6 22 '

906 1482 207 38 BALANCE
1140 1488 175 38 SHEETS

989 1576 113 34 CALL
1126 1580 254 40 CIRCULARS

1072 1680 222 40 BUSINESS
1318 1686 254 41 CIRCULARS

1153 1773 175 39 MINING
1352 1779 128 38 SCRIP

1238 1870 195 38 RECEIPT
1458 1877 144 35 BOOKS

1389 1967 275 37 BILL-HEADS

989 2049 232 46 Prospectuses

1072 2143 179 40 Handbills

1154 2241 158 36 Business
1328 2245 102 34 Cards

1365 2340 98 33 Show
1479 2343 102 33 Cards

1008 2425 75 33 And
1099 2439 100 32 every
1214 2429 94 34 other
1324 2432 197 44 description
1539 2439 30 30 ot

906 2514 168 76 JOB
1181 2519 482 74 PRINTING

1218 2646 41 22 ON
1289 2646 67 24 THE

1074 2725 234 38 SHORTEST
1333 2731 165 36 NOTICE

1216 2832 66 22 AND
1317 2834 40 22 AT

939 2910 369 54 WESTPORT
1386 2919 246 51 PRICES.

1122 3118 47 31 To
1196 3121 248 36 Advertisers.

906 3195 44 31 As
981 3206 42 21 an
1052 3196 211 41 Advertising
1289 3201 145 34 Modhrn
1464 3204 53 33 the

910 3257 102 33 limes
1028 3259 27 32 is
1072 3269 60 24 one
1150 3261 34 33 of
1199 3262 53 33 the
1264 3263 69 34 best
1348 3267 31 30 in
1393 3267 54 33 the
1467 3280 196 31 up-country

906 3319 153 44 districts,
1076 3323 41 33 its
1132 3323 189 37 circulation
1340 3328 95 46 being
1455 3330 84 45 largo
1556 3332 34 34 in
1610 3341 52 27 tue

905 3385 165 44 following
1106 3389 106 43 places
1225 3392 230 46 :—Township
1489 3398 35 32 of
1557 3399 78 35 Lye!
1640 3401 7 11 1

905 3449 177 41 Zalatown,
1097 3452 95 43 Lyeli
1204 3455 113 41 Creek,
1333 3457 80 34 New
1425 3460 110 40 Creek,
1550 3462 112 44 Upper

905 3514 122 40 Buller,
1045 3516 85 33 Fern
1148 3517 85 40 Flat,
1252 3518 131 35 Central
1402 3523 122 39 Duller,
1552 3526 106 33 Lon--

1627 3555 17 11 r>

903 3575 82 43 ford,
1004 3578 126 35 Murclii
1138 3592 10 16 ;
1151 3592 53 28 on,
1239 3581 205 43 Matakitaki,
1463 3587 196 42 Inang.thui

903 3639 167 39 Junction,
1100 3642 175 46 Westport,
1304 3646 147 42 lieefton,
1482 3651 64 34 and
1569 3652 92 34 other

903 3710 123 29 centres
1065 3707 34 33 of
1138 3709 192 43 population
1378 3725 42 21 on
1467 3715 53 34 the

1226 3771 108 33 Coast.

1122 3928 46 33 T@
1197 3930 240 39 SUBSCRIBERS.

901 4004 69 34 The
988 4005 111 36 Lyell
1115 4008 108 35 Times
1247 4013 148 35 contains
1412 4015 53 37 the
1484 4018 94 37 latest
1596 4020 64 35 and

940 4076 87 25 most
1055 4072 133 32 reliable
1219 4085 89 22 Hews
1338 4078 32 31 of
1409 4081 43 31 all
1490 4085 127 31 mining

1597 4112 17 14 r>

982 4137 137 30 matters
1141 4135 35 33 in
1192 4137 55 33 the
1275 4139 92 44 Lyell
1383 4144 64 33 and
1465 4146 112 44 Upper

1003 4196 113 34 Buller
1132 4198 152 38 Districts
1300 4204 66 34 and
1392 4207 55 34 the
1464 4208 91 37 West

1024 4260 97 33 Coast
1129 4266 167 43 generally
1305 4270 228 39 fcogetherwith

1043 4323 44 31 all
1111 4327 130 39 general
1259 4340 88 23 news
1364 4333 35 32 of
1426 4346 64 24 com-

1465 4374 4 13 i

1064 4389 132 31 mercial
1212 4391 198 42 iinporance,
1428 4400 65 31 and

1086 4448 27 33 is
1125 4448 157 39 therefore
1292 4466 18 22 a
1320 4457 148 37 valuable

1106 4523 111 23 source
1243 4516 36 32 of
1301 4527 150 29 accurate

1119 4574 212 40 information
1340 4588 32 27 to
1383 4584 53 34 the

1147 4641 130 41 milling
1288 4648 23 29 &
1326 4657 60 23 mer-

1167 4706 119 31 cantile
1303 4718 64 24 com-

1195 4753 166 36 munities.

905 4906 63 34 Ihe
989 4908 102 34 Times
1108 4911 25 33 is
1158 4913 172 43 published
1353 4934 99 35 every
1482 4928 174 46 Saturday,

1200 4995 32 26 at
1249 4991 17 31 7
1282 5003 77 23 a.m.

900 5137 118 35 Orders
1031 5139 49 35 for
1092 5141 62 35 Job
1167 5144 148 46 Printing
1328 5163 37 22 or
1376 5155 282 41 Advertisements

900 5199 42 44 by
957 5210 73 33 post
1045 5216 35 21 or
1097 5205 164 47 telegraph
1290 5214 66 35 will
1381 5221 124 34 receive
1527 5232 134 37 prompt

1196 5276 172 35 attention.

906 5433 160 75 The
1115 5438 231 92 Lyell
1395 5452 262 77 Times

1246 5592 65 23 AND

941 5659 207 39 CENTRAL
1186 5670 121 35 LULL
1313 5675 59 33 Ell
1412 5680 205 35 GAZETTE

1194 5791 172 30 GEXK.'UL

899 5875 103 47 •TOP
1061 5880 291 59 PRINTING
1423 5898 233 62 OFFICE,

1065 5999 131 39 CLIFF
1229 6008 60 34 ST.
1336 6014 157 38 LYELL.

1845 223 225 47 SANDER
2097 231 30 42 &
2156 230 146 44 SONS'

1694 273 401 50 EUCALYPTI
2144 282 306 49 EXTRACT.

1740 374 176 40 (I)entsche
1948 377 85 33 Mod.
2065 380 260 36 Woehenschrift
2357 387 90 36 187;))

1698 417 130 40 Hosier,
1849 421 100 39 M.D.,
1968 424 163 34 Professor
2147 434 31 25 at
2195 428 52 32 the
2263 430 189 44 University

1697 464 202 40 Greifswald,
1945 470 176 45 Germany,
2169 481 123 36 reports
2310 486 49 22 :
2384 478 67 33 The

1698 511 172 45 Luca'ypti
1895 515 135 35 Extract
2061 520 120 42 proved
2204 524 247 41 magnificently

1697 561 175 31 successful
1910 563 32 30 in
1982 574 76 32 very
2104 577 108 22 severe
2252 570 197 40 contusions,

1698 604 131 42 bruises,
1842 608 138 44 sprains,
1992 612 143 42 wounds,
2145 614 172 43 scalding,
2330 618 120 36 broken

1698 654 73 37 ribs,
1784 665 61 21 ana
1862 658 104 30 limits.
2007 660 30 29 It
2050 661 185 42 effectually
2248 671 88 33 stays
2349 666 41 30 all
2402 667 32 30 in
2440 687 7 3 -

1698 697 19 33 li
1732 701 170 33 mimatiou
1920 703 61 33 and
2001 704 155 42 swelling.
2203 708 86 38 Also,
2316 710 52 34 the
2387 724 48 21 ser-

1700 757 9 18 \
1720 757 62 21 ices
1799 760 129 21 (ivjr.wM.
1947 755 82 28 t.'oai
2043 754 21 30 it
2078 765 28 19 in
2126 755 42 31 all
2178 755 85 32 disor
2279 757 171 34 lersofthe

1698 793 192 45 respiratory
1904 809 126 28 organs,
2045 812 34 20 as
2091 812 108 32 croup,
2215 802 68 34 dint
2300 816 86 28 ier,a,
2403 807 30 32 in-

1697 838 113 34 flamm
1825 838 74 46 11io;i
1933 838 31 46 (>t
1991 845 52 32 the
2072 846 167 34 bronchial
2265 851 91 31 tabes
2387 854 62 30 and

1698 884 105 40 lungs.
1821 900 130 22 (Mii-Diiic
1977 896 141 33 catirrh,
2138 895 187 36 bronchitis,
2351 901 46 28 coi
2413 899 35 37 ls,

1781 945 52 20 are
1853 942 54 25 not
1931 943 31 24 to
1980 936 36 33 be
2034 939 148 42 equalled
2208 952 38 26 ny
2270 953 63 24 any
2358 945 93 31 oilier

1698 978 231 36 medicament.

1732 1035 155 45 Sander
1921 1039 82 44 and
2041 1040 114 45 Son's
2196 1042 218 59 Eucalypti

1989 1093 181 45 Extract.

1739 1142 115 39 Lister,
1881 1143 100 39 M.1).,
2006 1147 174 37 Professor,
2214 1149 64 37 &c.,
2304 1150 147 36 London,

1697 1187 54 32 the
1770 1188 146 39 Leading
1940 1201 137 31 surgeon
2095 1195 30 28 of
2144 1193 52 32 the
2214 1202 130 34 present
2361 1201 89 34 tune,

1698 1234 105 32 stated
1820 1240 31 26 at
1869 1235 52 32 the
1939 1236 61 33 last
2023 1239 145 39 meeting
2183 1242 34 29 of
2238 1240 52 33 the
2315 1242 137 33 Clinical

1700 1280 136 42 Society,
1848 1281 146 39 London,
2005 1294 34 21 as
2056 1284 169 42 published
2246 1298 20 20 n
2279 1287 28 32 G
2319 1288 133 33 lillard's

1690 1326 114 31 HJedic
1818 1327 19 30 d
1860 1327 104 31 Journ
1978 1332 30 30 :l,
2026 1329 71 31 that
2114 1331 53 30 the
2191 1332 174 41 Eucalypti
2389 1335 41 30 Ex-

1698 1378 82 25 tract
1796 1372 26 30 is
1839 1372 53 31 the
1911 1372 67 34 best
1994 1372 119 34 known
2137 1376 172 44 antiseptic
2328 1379 125 41 (means

1698 1418 31 31 of
1746 1420 191 38 preventing
1953 1421 240 40 putrefaction).

1723 1473 156 46 3aid3r
1917 1474 82 45 and
2046 1475 115 47 Son's
2211 1478 221 61 Eucalypti

1981 1529 182 44 Extract.

1742 1579 182 37 (American
1945 1580 52 33 Me
2014 1581 69 33 deal
2097 1582 147 41 Journal,
2262 1587 191 40 November,

1850 1628 39 29 in
1907 1627 139 33 diseases
2063 1633 30 27 ot
2117 1632 54 31 the
2194 1632 132 40 kidney,
2351 1636 104 31 either

1698 1670 103 32 active
1819 1672 187 40 congestion
2020 1684 37 21 or
2067 1678 207 41 suppression
2293 1680 157 44 (uraemia)

1698 1717 42 30 all
1757 1716 228 40 albuminuria,
2004 1720 128 42 dropsy,
2151 1723 149 37 lithiasis,
2319 1728 136 38 nothing

1699 1761 65 32 will
1780 1762 94 41 equnl
1891 1763 33 31 in
1942 1764 40 31 its
1995 1765 106 34 action
2121 1767 174 46 Eucalypti
2310 1771 142 35 Extract.

1700 1808 113 36 Doses,
1845 1809 62 32 five
1937 1814 33 28 to
2000 1813 89 39 eight
2122 1814 96 44 drops
2246 1819 34 31 in
2318 1831 17 20 a
2371 1820 82 33 little

1699 1854 183 33 sweetened
1911 1861 99 29 water
2040 1861 91 32 twice
2165 1873 36 22 or
2230 1863 90 35 three
2358 1865 95 35 times

1698 1900 99 41 daily.

1723 1956 156 46 Sander
1921 1961 80 43 and
2056 1962 114 47 Son's
2211 1966 219 54 Eucalypti

1970 2067 5 5 ,
1988 2016 182 46 Extract.

1742 2071 5 26 (
1755 2063 97 33 From
1866 2065 173 36 American
2053 2070 139 35 Medical
2202 2073 149 41 Journal,
2365 2076 88 39 Jan.,

1700 2110 103 36 1882).
1850 2110 118 43 Pitzer,
2003 2115 102 41 M.D.,
2131 2117 166 37 Professor
2325 2122 130 44 Theory

1699 2156 64 32 and
1780 2157 147 36 Practice
1942 2162 35 32 of
1990 2162 168 40 Medicine,
2173 2167 175 34 American
2364 2170 66 32 Med-

1698 2202 62 32 ical
1777 2204 142 40 College,
1937 2218 74 31 says
2025 2210 85 32 :—lt
2125 2211 27 33 is
2165 2213 55 32 the
2236 2213 69 33 best
2319 2216 136 41 remedy

1699 2247 120 34 known
1841 2249 33 33 in
1900 2253 266 43 typhomalarial,
2191 2259 137 43 typhoid
2354 2261 99 40 fever,

1698 2295 186 43 erysipelas,
1897 2298 194 44 diphtheria,
2105 2305 115 33 scarlet
2234 2307 96 38 fever,
2345 2308 90 33 small-

1698 2352 72 29 pox,
1789 2343 65 38 &c,;
1878 2345 26 30 it
1926 2346 186 43 effectually
2127 2351 125 32 retards
2275 2353 56 31 the
2357 2354 80 31 disin-

1698 2387 160 42 tegration
1896 2390 31 33 of
1956 2391 55 35 the
2041 2395 124 35 animal
2201 2396 108 42 fluids,
2346 2399 109 35 which

1698 2435 106 37 might
1819 2438 102 31 result
1937 2439 33 31 in
1990 2451 18 20 a
2031 2444 128 36 general
2184 2444 216 44 breaking-up
2425 2449 34 30 of

1698 2478 54 34 the
1771 2479 94 35 blood
1882 2483 65 34 and
1962 2485 34 33 in
2013 2485 109 36 death.

1722 2538 155 45 Sander
1926 2543 81 43 and
2050 2544 115 46 Son's
2214 2548 219 58 Eucalypti

1978 2596 171 47 Extract

1742 2644 111 37 (From
1896 2646 46 34 St.
1988 2649 98 34 Louis
2130 2653 140 35 Electric
2316 2655 139 35 Medical

1698 2690 148 41 Journal,
1884 2693 91 40 Dec.,
2014 2698 103 40 1881).
2180 2701 124 33 Cancer
2332 2704 35 31 of
2401 2704 54 32 the

1703 2737 128 44 longue
1877 2739 238 43 Patient,-Mrs.
2286 2750 62 39 ,35
2361 2761 94 32 years

1699 2784 63 33 old.
1822 2787 165 34 Evidence
2017 2790 34 32 ef
2077 2793 179 34 scrofulous
2288 2796 165 33 diathesis.

1699 2829 187 34 Prescribed
1909 2832 71 33 four
2009 2835 96 44 drops
2121 2843 32 26 to
2177 2837 38 33 be
2238 2839 99 34 taken
2365 2842 90 33 three

1698 2876 96 33 times
1822 2877 89 44 daily
1929 2890 6 29 ;
1960 2881 78 40 also,
2066 2888 119 38 tongue
2217 2888 118 32 wetted
2365 2889 90 34 three

1699 2923 95 33 times
1845 2924 80 34 with
1975 2928 54 33 the
2078 2930 179 46 Eucalypti
2307 2935 146 34 Extract.

1700 2970 136 32 Treated
1860 2983 35 20 as
1918 2973 100 34 above
2049 2976 49 32 for
2127 2977 73 33 four
2229 2980 118 41 weeks,
2375 2982 80 33 then

1699 3014 190 42 discharged
1906 3020 106 33 cured.

1743 3072 41 43 (•T.
1830 3074 37 33 11.
1907 3076 144 45 Ruttley,
2098 3080 102 39 M.D.,
2246 3083 98 41 Prof.,
2389 3087 64 38 &c.,

1699 3119 405 44 Philadelphia).—Since,
2120 3126 34 32 in
2178 3127 54 32 the
2253 3140 71 22 case
2348 3131 35 31 of
2403 3132 52 31 Mr

1702 3164 131 39 Mercer,
1851 3166 32 32 of
1902 3166 141 44 Kerang,
2060 3170 72 33 who
2150 3171 65 34 had
2224 3173 81 34 been
2322 3175 133 35 advised

1698 3209 42 32 by
1767 3210 55 33 the
1858 3212 138 34 Medical
2018 3216 124 34 officers
2169 3218 35 33 of
2221 3220 55 33 the
2307 3222 147 44 Bendigo

1698 3256 152 44 Hospital
1869 3267 30 24 to
1917 3259 82 35 have
2017 3262 50 33 his
2084 3270 119 34 tongue
2214 3269 165 39 removed,
2389 3270 64 34 like

1698 3303 147 40 splendid
1862 3307 118 32 results
1997 3308 82 34 have
2090 3312 144 32 attained
2243 3313 142 45 through
2398 3316 55 34 the

1697 3359 197 35 application
1911 3356 31 31 of
1957 3354 54 35 the
2029 3356 177 47 Eucalypti
2223 3360 147 38 Extract.

1721 3408 156 47 Gmder
1917 3414 82 42 and
2049 3415 115 46 Son's
2212 3419 220 59 Eucalvpti

1978 3467 181 47 Extract.

1737 3516 99 33 From
1860 3518 55 33 the
1940 3519 136 35 Cluneal
2100 3524 136 40 Record,
2261 3527 35 32 of
2314 3528 138 42 August,

1697 3561 104 39 lbol).
1876 3567 146 41 burgical
2060 3568 103 37 Clinic
2208 3572 35 33 of
2286 3574 168 36 Prolessor

1699 3609 31 30 M
1737 3609 4 51 -
1750 3619 121 32 ni:yre,
1910 3613 128 40 College
2076 3617 35 31 of
2150 3618 194 42 Physicians
2389 3624 63 31 and

1698 3654 172 43 Surgeons,
1886 3657 45 34 St.
1947 3659 99 36 Louis
2051 3663 190 36 —Scirrhus
2253 3666 35 34 of
2295 3667 117 36 Breast
2414 3690 39 3 —

1696 3702 154 35 Excision
1864 3714 6 23 :
1889 3706 176 45 Eucalypti
2079 3710 138 36 Extract
2233 3715 174 43 employed
2419 3730 34 21 as

1695 3759 108 29 spray,
1834 3751 63 30 and
1928 3752 156 43 dressing.
2130 3757 102 39 Eight
2260 3759 80 37 days
2372 3763 81 30 after

1695 3805 168 30 opcuiuon
1881 3795 180 38 Professors
2078 3800 108 36 Bauer
2201 3803 64 34 and
2285 3805 165 46 M'lntyre

1694 3847 74 25 note
1782 3841 10 31 1
1836 3842 54 32 the
1934 3845 166 43 following
2143 3850 235 34 condition:—
2401 3855 50 32 No

1694 3885 156 42 swelling,
1867 3888 76 34 heat
1959 3901 35 22 or
2010 3892 240 43 discoloration,
2267 3909 79 23 near
2367 3911 36 22 or
2419 3902 33 32 in

1695 3933 53 32 the
1771 3935 131 39 wound,
1926 3937 106 34 which
2057 3940 59 34 has
2131 3943 114 33 united
2267 3946 83 42 fully
2365 3957 6 29 ;
2396 3949 54 32 the

1693 3980 125 42 patient
1833 3981 136 36 allowed
1985 3990 32 27 to
2033 3988 113 33 attend
2158 3994 31 29 to
2202 3989 58 34 her
2269 3991 182 38 household

1694 4026 105 33 duties
1816 4029 105 39 again.

1717 4071 156 46 Sander
1921 4076 83 42 and
2046 4078 115 47 Son's
2208 4081 221 54 Eucalypti

1972 4128 183 50 Extract.

1735 4189 149 44 (Clinical
1914 4191 136 42 Record,
2084 4196 88 46 Sept.
2205 4201 246 44 1880).—The

1691 4236 174 35 American
1900 4240 139 34 medical
2076 4247 181 40 profession
2295 4261 84 29 uses,
2417 4254 34 31 in

1691 4284 204 41 gonorrhoea,
1920 4298 34 20 as
1971 4299 41 21 an
2035 4290 168 43 injection,
2222 4307 42 21 an
2287 4297 163 34 emulsion

1692 4330 34 30 of
1752 4340 60 21 one
1837 4341 103 23 ounce
1963 4344 77 31 gum
2067 4337 129 42 Arabic,
2224 4341 34 33 in
2285 4344 40 31 30
2353 4355 36 21 or
2410 4346 40 31 40

1692 4386 118 22 ounces
1826 4376 36 32 of
1874 4382 110 34 water,
2001 4382 129 40 applied
2147 4385 73 32 four
2236 4389 96 32 times
2350 4391 100 42 daily.

1694 4420 98 41 Eight
1816 4422 95 41 drops
1934 4423 96 41 given
2048 4427 170 44 inwardly,
2243 4443 80 24 once
2349 4434 100 45 daily,

1694 4473 149 35 prevents
1860 4469 183 43 effectually
2060 4478 261 34 contamination
2340 4483 36 31 of
2396 4483 54 32 the

1693 4511 96 33 blood
1804 4513 34 32 in
1855 4515 67 31 foul
1940 4516 134 35 disease.

1898 4607 23 33 C
1945 4608 28 33 A
1998 4610 27 33 U
2051 4612 25 32 T
2100 4613 145 36 lON.

1716 4661 155 46 Sander
1921 4667 80 42 and
2045 4668 114 47 Son's
2208 4674 221 59 Eucalypti

1971 4719 198 58 .Extract,

1735 4768 59 42 (St.
1819 4770 87 33 Lous
1930 4772 137 35 Clinical
2083 4777 136 40 Record,
2244 4781 75 34 Jan.
2347 4785 103 34 1882).

1736 4815 141 40 Hazaid,
1904 4818 88 33 M.D.
2018 4821 75 34 Prof
2127 4824 36 33 of
2183 4826 182 43 Pathology
2389 4833 64 32 and

1692 4861 151 33 Diseases
1867 4864 35 31 of
1921 4864 54 33 the
2002 4867 103 39 Mind,
2138 4879 119 27 states:
2285 4875 60 34 We
2370 4877 83 34 have

1692 4908 172 33 examined
1886 4910 68 34 halt
1976 4923 18 22 a
2011 4914 101 35 dozen
2131 4920 183 41 specimens
2330 4923 35 33 of
2385 4925 44 33 Eu-

1692 4954 120 42 calypti
1824 4956 145 34 Extract.
2001 4962 152 34 Sander's
2165 4969 208 41 preparation
2388 4983 65 22 was

1693 5000 54 32 the
1792 5002 76 42 only
1912 5015 59 23 one
2010 5007 108 35 which
2163 5016 214 41 corresponds
2420 5022 32 30 to

1692 5047 157 32 scientific
1867 5054 88 28 tests.

1734 5093 67 31 Our
1827 5097 209 40 preparation
2066 5100 27 33 is
2123 5102 54 34 the
2209 5106 79 43 only
2315 5108 139 43 existing

1694 5138 129 34 volatile
1847 5148 135 35 extract,
2007 5147 64 32 free
2088 5149 35 32 of
2142 5150 42 33 all
2209 5153 147 34 resinous
2380 5168 53 30 par-

1693 5186 100 31 ticles.
1846 5188 54 32 All
1936 5191 95 32 other
2067 5198 225 40 preparations
2330 5202 35 31 of
2399 5203 53 33 the

1693 5231 215 44 Eucalyptus,
1935 5247 42 21 no
2004 5246 119 26 matter
2155 5254 105 22 wnere
2287 5249 144 33 manufac-

1695 5277 105 38 tuied,
1825 5290 54 21 are
1896 5281 108 39 crude,
2022 5286 147 34 resinous
2193 5290 71 38 oils,
2288 5291 165 45 irritating

1693 5323 66 32 and
1785 5323 177 46 blistering,
1987 5330 110 33 rather
2113 5337 134 39 causing
2267 5337 163 36 inflamma-

1695 5375 65 25 tion
1786 5370 81 32 than
1891 5374 132 41 staying
2045 5382 34 33 it,
2098 5379 64 31 and
2187 5370 118 44 of'real
2332 5384 121 44 danger

1693 5417 23 29 it
1741 5417 190 44 errcnously
1956 5421 129 43 applied
2107 5426 33 31 in
2166 5427 108 34 throat
2299 5430 152 41 diseases,

1695 5461 54 32 &c.

1737 5508 48 33 No
1815 5508 116 36 bottles
1954 5515 141 37 genuine
2118 5527 111 36 except
2253 5523 92 34 those
2372 5526 80 33 with

1693 5553 101 33 labels
1821 5555 135 43 bearing
1982 5572 58 21 our
2067 5563 167 40 signature
2267 5570 64 32 and
2363 5574 90 31 trade

1694 5600 104 39 mark,
1829 5604 65 30 and
1919 5607 133 32 secured
2077 5612 126 32 outside
2228 5616 76 31 with
2330 5629 18 20 a
2375 5619 78 42 pink

1697 5657 142 32 wrapper
1878 5650 64 32 and
1979 5663 99 27 green
2123 5657 96 40 band,
2266 5662 54 34 the
2358 5664 96 34 latter

1696 5694 131 40 bear,ng
1844 5705 60 22 our
1921 5697 137 34 location
2077 5703 62 31 and
2158 5704 176 42 signature.

1735 5738 184 38 Directions
1936 5750 46 26 lor
1999 5757 55 23 use
2071 5748 79 35 with
2168 5753 78 33 each
2265 5755 111 35 bottle.

1716 5831 285 38 SANDER
2052 5840 136 36 AND
2240 5846 192 40 SONS'

1889 5881 194 46 Sandhurst,
2101 5887 154 39 Victoria.

1749 5971 137 36 DaN
1912 5974 74 35 CA
2010 5978 28 33 N
2107 5981 153 38 M<LE
2285 5988 81 37 AN
2385 6018 6 14 ,

1899 6034 117 41 Agent,
2032 6038 214 41 Greymouth.

2592 259 98 35 TILE
2718 259 163 37 STAMP
2910 263 102 45 ACT,
3043 266 63 35 187
3183 259 76 49 i

2559 376 481 40 AUTlOX.—Transferors
3057 383 91 36 andr
3160 399 62 23 ans

2600 428 52 37 fer
2672 433 70 34 tees
2762 432 34 35 in
2813 432 78 47 gold
2914 432 136 48 mining
3062 436 163 39 and)ther

2487 482 200 49 compaviies
2719 484 69 37 and
2822 485 165 38 societies
3019 499 58 25 are
3108 492 118 37 vvrned

2651 539 189 44 executing
2870 553 63 22 anv
2977 541 197 38 instrumeit
3193 545 37 35 of

2486 590 70 35 sale
2576 602 38 23 or
2636 590 152 39 transfer
2810 605 116 24 uriie>s
2945 593 173 39 thenauio
3134 611 15 23 <;
3170 597 57 40 the

2490 650 187 37 purchaser
2713 659 37 20 or
2787 651 199 33 transferee
3027 649 29 34 is
3090 652 137 36 iuse-ted

2488 694 133 36 therein
2660 703 35 28 at
2733 711 39 22 or
2805 694 118 47 I;ef«'re
2959 699 60 38 the
3057 712 169 29 exenlmu

2488 752 143 35 t'n'ient,
2656 762 18 22 a
2696 752 185 34 maximum
2917 755 143 42 penalty
3081 763 33 27 of
3151 760 77 33 fcLO'J

2490 814 104 21 M'l'.f'
2643 814 67 25 seel
2722 818 53 22 ion
2825 807 72 41 [();],
2944 808 101 45 being
3083 809 143 38 incmred

2488 863 6 21 t
2518 866 126 32 nMc!;y.
2697 858 79 45 Any
2793 860 83 33 Mich
2893 869 226 36 instrument,
3137 876 73 24 nitre-

2487 919 95 25 over,
2603 920 35 18 so
2657 906 119 42 signed
2799 923 27 20 is
2857 915 94 30 absoi
2962 922 30 23 ui
3003 913 28 32 el
3041 926 16 21 v
3080 916 74 32 voiil
3176 917 52 35 ,nd

2490 958 225 46 inopera!ive,
2748 962 67 35 and
2845 962 81 37 does
2956 973 61 26 not
3038 966 116 37 divest
3190 969 41 36 he

2490 1018 62 25 trai
2572 1016 110 28 strror
2702 1016 33 30 ot
2772 1014 50 33 his
2841 1016 147 33 interest
3008 1018 150 43 therein,
3177 1023 53 33 aid

2490 1061 40 36 he
2551 1061 147 51 tciliains
2719 1065 103 37 liable
2844 1068 145 35 thereon
3010 1083 36 22 as
3068 1070 26 35 if
3122 1072 39 35 he
3182 1074 49 38 hid

2491 1126 102 22 never
2614 1115 163 48 disposed
2799 1122 31 30 of
2867 1119 58 35 the
2946 1134 104 23 same.
3120 1123 33 36 It
3188 1128 45 34 fie

2490 1172 195 29 transferor
2719 1170 77 34 boa
2831 1172 153 35 licensed
3013 1174 221 42 sharebrofor

2492 1217 48 33 his
2563 1218 127 36 license
2726 1220 27 36 is
2787 1222 164 37 forfeited
2984 1240 43 21 on
3049 1228 185 40 convictiui

2490 1273 62 31 ami
2577 1271 188 38 thereafter
2797 1275 40 34 he
2857 1276 27 34 is
2914 1279 219 47 disqualified
3165 1282 75 40 fron

2490 1324 118 41 acting
2639 1337 37 20 as
2711 1338 17 21 a
2751 1327 126 34 broker
2896 1341 38 21 or
2966 1334 87 32 from
3092 1333 121 48 having
3226 1351 16 22 a

2493 1373 89 36 fresh
2606 1373 129 40 license
2749 1376 115 39 issued
2886 1387 35 28 to
2939 1381 79 38 him.

2587 1505 298 42 POSTAGE
2936 1514 222 40 KATES.

2715 1653 107 26 TOWN
2851 1656 173 27 LETTERS.

2537 1689 18 38 1
2568 1691 101 38 osted
2702 1699 36 32 at
2766 1709 68 34 any
2867 1697 84 38 Post
2986 1701 108 37 Office
3132 1705 121 38 within

2491 1752 58 36 the
2568 1754 124 50 colony
2713 1757 52 36 for
2785 1758 154 52 delivery
2956 1767 35 31 at
3011 1776 38 23 or
3062 1764 88 38 from
3167 1768 84 37 such

2493 1816 83 37 Post
2598 1820 109 38 Office
2730 1835 54 22 :—•

2493 1886 68 37 Not
2580 1891 190 46 exceeding
2790 1892 72 37 half
2880 1908 42 22 an
2943 1909 112 25 ounce
3120 1930 36 8 ...
3214 1903 40 35 Id

2495 1941 197 49 Exceeding
2711 1943 74 37 half
2800 1959 42 23 an
2863 1961 123 33 ounce,
3017 1952 63 37 but
3099 1960 62 29 not

2536 1997 192 42 exceeding
2747 2011 67 23 one
2834 2013 113 24 ounce
3121 2037 35 6 ...
3212 2009 43 35 2d

2496 2046 63 35 hit
2577 2060 106 36 every
2706 2049 68 36 half
2794 2064 113 24 ounce
2926 2067 81 24 over
3026 2069 66 24 one
3123 2089 35 7 ...
3215 2062 42 34 Id

2686 2128 174 29 COUNTRY
2879 2133 176 31 LETTERS.

2542 2169 124 37 Posted
2688 2180 35 26 at
2742 2186 66 33 any
2841 2181 79 38 post
2937 2176 99 39 office
3057 2181 120 36 within
3198 2182 59 38 the

2492 2233 121 46 colony
2653 2237 52 32 for
2742 2235 158 48 delivery
2932 2244 36 30 at
3000 2253 38 22 or
3071 2243 89 35 from
3193 2258 65 35 any

2492 2295 101 37 other
2608 2303 76 41 post
2700 2297 98 38 office
2820 2300 121 39 within
2963 2302 59 38 the
3040 2308 125 48 colony

2497 2364 68 35 Not
2585 2366 193 47 exceeding
2797 2367 75 37 half
2887 2383 43 23 an
2951 2385 113 25 ounce
3124 2407 31 8 ...
3214 2378 41 38 2d

2497 2418 196 48 Exceeding
2713 2420 73 37 half
2801 2436 43 21 an
2865 2437 124 34 ounce,
3009 2429 62 35 but
3102 2436 62 29 not

2537 2473 191 48 exceeding
2744 2486 66 25 ouo
2829 2487 114 27 ounce
3123 2514 35 7 ...
3212 2485 45 36 4d

2495 2523 65 34 tor
2595 2539 103 32 every
2728 2526 72 37 half
2836 2541 113 25 ouiace
2979 2545 85 23 over
3099 2548 66 24 one

2538 2590 113 25 ounce
2745 2611 35 8 ...
2935 2615 36 8 ...
3213 2592 44 36 2d

2642 2671 238 29 AUSTRALIAN
2907 2676 197 29 COLONIES.

2496 2731 69 36 Not
2584 2735 192 48 exceeding
2797 2737 74 37 half
2894 2752 43 23 an
2958 2753 112 27 ounce
3123 2777 36 8 ...
3212 2748 45 38 2d

2497 2786 194 48 Exceeding
2710 2789 76 36 half
2812 2805 44 21 an
2876 2806 123 32 ounce,
3020 2796 64 36 but
3102 2805 63 29 not

2537 2841 191 45 exceeding
2748 2853 66 25 one
2834 2855 112 28 ounce
3122 2882 35 7 ...
3212 2853 46 39 4d

2495 2890 65 36 For
2594 2906 101 36 every
2728 2893 75 39 half
2836 2910 111 25 ounce
2984 2913 82 25 ever
3098 2916 66 25 one

2537 2959 114 25 ounce
2744 2979 37 8 ...
2932 2982 38 9 ...
3121 2988 35 8 ...
3211 2961 46 35 2d

2517 3036 171 27 ENGLAND
2715 3039 76 25 AND
2818 3041 169 28 FOREIGN
3005 3045 223 32 COUNTRIES.

2702 3113 68 36 Per
2789 3116 93 35 Half
2911 3117 138 39 Ounce.

2496 3161 128 38 United
2652 3164 187 49 Kingdom,
2874 3169 52 36 via
2956 3173 68 34 Sau
3052 3172 89 38 Fran-

2538 3229 91 23 cisco
2648 3218 68 36 and
2744 3222 89 34 Suez
3121 3252 39 10 ...
3214 3232 45 37 (]d

2497 3269 127 36 United
2663 3271 117 38 States
2816 3273 38 36 of
2894 3274 175 49 America,
3111 3281 54 37 via

2537 3323 68 35 San
2629 3323 191 40 Francisco
3123 3365 37 8 #i>
3215 3338 44 39 gd

2492 3375 181 40 Sandwich
2693 3379 153 48 Islands,
2876 3382 53 38 via
2963 3383 70 39 San
3051 3386 90 40 Fran-

2493 3483 25 16 „
2537 3443 28 23 c,
2572 3446 11 19 *
2591 3445 11 21 c
2603 3445 27 54 ;°
2815 3488 5 5 .
2854 3488 6 6 .
3214 3447 45 38 6d

2493 3485 178 36 Canadian
2716 3486 225 51 Dominions,
2984 3493 55 37 via
3095 3494 70 40 San

2539 3537 193 38 Francisco
2934 3575 35 8 ...
3123 3580 35 8 ><t

2495 3589 128 37 British
2647 3591 188 40 Columbia
2933 3629 36 7 ...
3123 3634 35 7 t>i
3224 3608 13 34 ]
3246 3622 13 21 8

2493 3642 101 37 West
2615 3643 121 40 Indies
2931 3683 35 7 ...
3120 3688 34 7 t>>

2492 3695 151 47 Mexico,
2663 3699 53 36 via
2732 3700 69 37 San
2822 3702 196 42 Fraaeisc©
3120 3742 37 7 ...
3221 3716 38 34 U

2491 3750 144 32 Central
2661 3752 164 37 America
3120 3792 36 7 <#<

2490 3801 109 43 South
2620 3801 175 49 America,
2813 3805 54 39 via
2883 3806 68 40 San
2969 3809 191 44 Francisco
3221 3822 38 35 la

2745 3885 261 33 NEWSPAPERS.

2493 3939 126 38 Posted
2655 3955 19 22 a
2723 3956 68 32 any
2823 3946 100 38 office
2956 3950 123 39 within
3107 3954 61 38 the

2533 3994 124 49 colony
2680 4003 54 30 for
2752 3998 156 52 delivery
2928 4008 37 32 at
2992 4003 59 39 the
3070 4020 95 27 same

2533 4046 99 36 office
2932 4085 36 7 _.

2492 4096 126 38 Posted
2651 4109 36 26 at
2718 4113 69 38 any
2819 4102 99 41 office
2951 4106 124 42 within
3102 4111 63 40 the

2533 4153 124 46 colony
2679 4154 53 35 for
2752 4156 154 49 delivery
2926 4166 37 29 at
2977 4174 68 36 any
3062 4165 105 38 other

2534 4202 97 40 office
2652 4206 119 39 within
2793 4208 59 39 the
2870 4212 129 49 colony
3124 4252 36 7 ...
3214 4224 45 37 id

2490 4257 205 38 Australian
2713 4261 168 39 Colonies

2493 4308 129 38 United
2645 4311 184 47 Kingdom
3215 4329 42 36 2d

2676 4392 67 36 Aia
2763 4395 68 34 San
2860 4396 210 42 Francisco.

2489 4450 133 39 United
2646 4454 118 38 States
2784 4459 34 35 of
2836 4459 169 42 America
3124 4501 35 7 ...
3216 4473 42 36 id

2489 4505 183 36 Sandwich
2695 4508 138 37 Islands
3216 4527 39 35 jd

2490 4558 177 36 Canadian
2689 4560 214 42 Dominions
3123 4605 6 7 t
3214 4579 43 35 2d

2495 4609 128 36 British
2647 4612 187 41 Columbia
3214 4631 39 33 oj

2495 4662 97 35 West
2612 4663 123 39 Indies
3212 4685 40 21 9-1

2490 4713 143 37 Mexico

2490 4767 144 36 Central
2656 4770 163 40 America
3213 4789 42 36 ->d

2490 4819 111 37 South
2623 4823 186 41 Amerrica
3211 4842 44 35 2d

2723 4905 103 29 BOOK
2851 4911 168 30 PACKETS

2495 4965 124 37 Posted
2651 4972 36 30 at
2716 4983 68 36 any
2815 4975 98 36 office
2947 4981 123 34 within
3104 4983 61 36 the

2535 5019 125 49 colony
2681 5021 54 36 for
2753 5024 155 48 delivery
2928 5037 35 29 at
2983 5031 60 37 the
3057 5047 107 34 same,

2537 5072 120 36 within
2695 5075 61 35 the
2792 5078 137 49 colony,
2966 5083 60 36 the
3071 5087 70 37 Aus-

2536 5125 126 36 tralian
2685 5127 165 50 -oloHies,
2869 5147 38 22 or
2937 5135 61 39 the
3029 5136 135 43 United

2540 5177 179 40 Kingdom
2820 5215 35 8 ...
2960 5191 15 35 \
2984 5204 37 22 oz
3124 5226 34 7 _
3213 5200 42 34 ld

2584 5231 54 35 1)0
2819 5267 36 8 ...
2956 5244 64 35 2oz
3211 5252 20 26 9
3236 5254 19 33 d

2585 5281 54 74 ]»°
2959 5294 60 43 ilb
3121 5331 35 7 ...
3209 5304 46 35 4d

2495 5385 22 22 P
2673 5389 46 18 M-
2744 5390 5 7 .
2820 5374 36 7 -
2963 5348 56 36 llb
3121 5384 32 6 -
3209 5357 43 35 Sd

2495 5392 110 42 livery
2640 5392 194 39 additional
2864 5400 132 44 pound,
3014 5416 39 22 or
3074 5404 72 39 frac-

2536 5439 110 38 tional
2664 5451 78 40 part
2762 5451 33 31 ot
2815 5461 20 23 a
2856 5454 121 42 pouud
3123 5490 34 8 ...
3214 5463 43 36 Sd

2690 5524 68 38 Via
2777 5527 68 38 San
2867 5529 204 46 Francisco.

2494 5593 130 38 Lr.ited
2662 5599 130 45 States,
2824 5617 104 37 every
2966 5609 60 43 |lb
3125 5646 34 6 ...
3213 5619 44 35 4d

2491 5649 180 37 Sandwich
2697 5652 134 40 islands
3212 5672 41 24 ±\

2493 5703 5 9 1
2506 5698 10 13 >
2601 5702 19 18 j.
2790 5693 3 27 .
2829 5693 4 27 .
3121 5698 35 8 •••

2492 5715 10 18 v
2521 5713 146 26 anaqian
2693 5710 209 39 Dominions
3214 5724 43 36 (jj

2494 5751 128 39 British
2648 5760 187 40 Columbia
3212 5778 42 28 m

2495 5804 101 37 West
2615 5807 125 41 Indies
3236 5790 19 58 ?
