2540 4010
1218 46 99 31 THE

45 107 468 130 NEW
619 102 874 132 ZEALAND
1600 105 868 134 GAZETTE

1226 265 100 31 AND

785 494 214 38 PUBLISHED
1043 494 133 36 EVERY
1221 493 260 37 WEDNESDAY
1528 494 207 37 MORNING.

76 616 65 29 No.
164 614 92 38 362.]

598 612 112 31 PORT
731 611 252 37 NICHOLSON,
1000 609 265 31 WEDNESDAY
1290 609 213 36 MORNING,
1526 610 250 31 SEPTEMBER
1799 612 49 34 18,
1879 614 88 29 1844,

2272 611 95 40 [Vol.
2388 613 39 30 V.

111 703 154 27 Positively
292 705 46 20 the
362 704 61 21 first
448 703 88 21 vessel

149 735 65 22 FOR
228 735 134 22 LONDON
377 735 122 22 DIRECT,

189 771 91 38 rpHE
291 772 27 22 A.
331 774 27 25 1.,
370 771 35 23 for
416 773 24 19 12
455 778 70 20 years,
541 769 81 28 frigate

36 806 150 52 /fljglSk
248 825 131 21 BELLA
400 825 162 25 MARINA,

34 853 152 31 gHKggBHg
202 851 100 23 Thomas
311 851 134 26 Ashbridge,
462 849 160 27 Commander,

202 878 95 21 burthen
308 885 24 15 as
346 885 40 20 per
401 878 91 26 register
507 878 42 20 564
565 881 57 21 tons,

34 912 79 20 copper
128 905 104 22 fastened
249 904 44 22 and
311 905 73 26 newly
402 903 115 28 coppered,
529 903 53 26 only
594 910 29 14 on

34 932 40 21 her
84 931 59 22 third
155 938 94 20 voyage,
261 931 45 21 and
316 931 20 21 is
346 938 42 14 one
399 931 26 21 of
438 931 37 21 the
485 931 78 21 fastest
572 929 52 22 sail-

34 959 37 26 ing
87 957 61 28 ships
163 958 73 22 afloat.
274 958 53 22 Two
343 957 69 22 thirds
423 957 25 22 of
457 957 40 22 her
507 964 68 19 cargo
586 963 38 15 are

35 984 98 27 actually
143 983 104 28 engaged
257 983 45 23 and
311 991 49 15 now
370 985 67 26 going
449 990 28 16 on
487 984 77 26 board,
576 983 49 21 and

34 1011 39 21 she
84 1011 45 21 will
138 1013 61 19 meet
207 1010 55 22 with
272 1011 68 27 quick
349 1010 114 27 despatch.
503 1011 44 21 She
563 1010 41 22 has
611 1017 13 14 a

34 1037 41 22 full
86 1044 66 20 poop,
163 1037 53 21 with
227 1041 58 18 most
296 1037 113 23 excellent
419 1037 207 23 accommodations

34 1065 34 21 for
77 1070 14 15 a
101 1063 89 23 limited
203 1064 97 22 number
314 1064 27 22 of
360 1071 137 21 passengers.
536 1063 90 22 Carries

34 1098 28 14 an
72 1090 149 27 experienced
232 1091 105 26 Surgeon.

58 1124 45 21 For
116 1123 86 27 freight
220 1131 25 14 or
263 1131 93 20 passage
376 1124 63 27 early
455 1123 132 29 application
605 1124 21 21 is

34 1150 119 28 requested
166 1154 23 18 to
204 1151 29 21 be
249 1150 67 23 made
331 1154 22 18 to
374 1150 92 28 Captain
485 1150 138 27 Ashbridge,

35 1183 23 16 or
68 1181 23 18 to

353 1203 125 23 Ridgways
494 1211 46 15 and
556 1204 42 21 Co.

64 1229 143 28 Wellington,
218 1230 56 27 July
284 1232 34 25 16,
329 1232 62 20 1844.

163 1281 55 21 For
228 1281 151 21 Auckland
398 1281 93 21 direct.

188 1317 93 22 rfIHE
305 1317 46 22 fine
374 1317 45 22 fast
437 1317 79 26 sailing
539 1317 86 28 barque

52 1341 116 32 JBSB^
195 1339 29 27 X
329 1345 193 25 RAYMOND,

259 1373 7 17 *
268 1377 45 19 ons>
355 1378 14 15 U
370 1378 15 21 2
386 1378 16 14 n
421 1371 92 27 M'Kay,
532 1375 92 18 master.

34 1392 147 38 rnirf*T^^M
230 1397 53 21 Will
294 1397 26 21 be
332 1397 134 28 despatched
473 1399 24 20 in
508 1399 68 21 about
584 1401 38 19 ten

35 1419 140 31 tiSB&B&r
202 1423 56 28 days
274 1424 58 22 from
350 1425 59 21 date.
440 1425 42 21 For
499 1424 84 27 freight
600 1432 24 14 or

35 1460 88 20 passage
134 1451 68 28 apply
212 1455 23 18 to

250 1477 134 26 Ridgways,
396 1478 114 26 Hickson,
522 1479 21 21 &
553 1477 41 22 Co.

59 1505 136 26 Consignees
206 1512 37 15 are
253 1505 117 26 requested
381 1509 21 17 to
412 1512 49 18 pass
471 1505 58 21 their
537 1505 85 21 entries

35 1536 20 19 at
64 1532 37 21 the
113 1533 92 21 Custom
216 1532 86 25 House,
314 1531 46 21 and
369 1531 56 22 send
436 1532 32 21 for
483 1531 59 23 their
551 1531 72 28 goods

35 1566 22 15 as
67 1558 59 27 early
137 1566 24 14 as
170 1559 105 26 possible.

60 1585 145 27 Wellington,
216 1585 133 27 September
358 1586 33 25 11,
404 1586 60 20 1844.

207 1637 44 20 TO
267 1636 182 21 WHALERS.

55 1674 59 26 Boyd
125 1674 71 24 Town,
210 1673 96 25 Two/old
315 1674 54 25 Bay,
381 1674 54 20 New
445 1674 67 21 South
525 1674 77 21 Wales.

38 1705 106 49 SHIPS
163 1712 42 15 can
221 1705 86 22 refiesh
322 1712 25 14 or
358 1705 51 22 refit
426 1709 23 18 at
459 1705 42 23 this
516 1706 109 21 Harbour

99 1733 46 21 free
162 1731 26 23 of
206 1732 29 21 all
252 1732 54 21 Port
327 1732 100 26 charges,
442 1733 105 26 pilotage,
574 1733 49 25 &c,

37 1759 41 21 and
96 1766 41 14 can
155 1759 77 21 obtain
252 1758 70 27 wood,
343 1762 75 23 water,
438 1759 59 21 fresh
516 1759 46 22 and
582 1759 43 21 salt

37 1785 125 28 provisions,
179 1785 136 27 vegetables,
335 1785 50 28 Bhip
400 1785 127 27 chandlery,
544 1789 78 22 stores,

38 1813 41 21 and
89 1812 59 27 slops
159 1811 26 23 of
196 1819 68 20 every
280 1811 56 23 kind
353 1811 43 23 and
407 1812 144 28 description;
579 1813 44 21 and

36 1839 19 21 if
70 1839 101 27 required
188 1838 38 22 the
245 1838 95 22 services
356 1839 27 21 of
396 1839 149 26 experienced
562 1839 62 27 ship-

38 1865 85 28 wrights
134 1865 45 22 and
187 1865 56 22 boat
257 1865 106 27 builders,
374 1872 62 21 upon
451 1865 38 23 the
499 1869 59 19 most
573 1873 51 15 rea-

36 1892 87 22 sonable
133 1895 78 19 terms.

87 1924 57 23 N.B.
175 1924 37 22 Oil
222 1931 27 15 or
257 1924 58 23 bone
330 1924 68 23 taken
407 1924 24 23 in
442 1924 123 28 exchange.

63 1956 145 27 Wellington,
219 1956 66 27 April
296 1958 20 25 9,
329 1958 62 20 1844.

38 2003 142 20 TVTOTICF.
196 2003 26 18 TS
239 2003 130 21 HEPEBY
385 2003 48 21 <^F
436 2004 7 9 7
447 2004 47 25 EN,
516 2004 49 21 that
584 2003 37 21 the

38 2025 38 25 jJN
123 2028 145 28 Partnership
287 2029 125 21 heretofore
433 2029 84 22 carried
537 2035 28 15 on
591 2029 32 27 by

36 2055 54 21 John
120 2054 116 28 Ridgway,
273 2054 84 28 Joseph
381 2055 116 27 Ridgway,
522 2055 101 22 Thomas

38 2081 109 28 Ridgway,
171 2081 97 22 William
289 2081 92 27 Guyton
397 2081 38 22 the
451 2089 109 20 younger,
577 2082 46 22 and

38 2109 82 25 George
141 2108 78 22 Butler
240 2109 64 27 E.irp,
327 2111 22 19 at
375 2108 138 27 Wellington
538 2110 25 20 in
584 2109 38 21 the

38 2135 75 26 colony
132 2135 25 21 of
174 2135 56 22 New
250 2134 108 26 Zealand,
375 2135 74 22 under
463 2135 38 23 the
516 2136 62 22 Firm
599 2136 27 21 of

39 2161 117 28 Ilidgways,
170 2162 101 26 Guyton,
283 2161 46 23 and
339 2162 66 27 Earp,
417 2162 40 22 has
469 2162 42 22 this
527 2165 96 24 twenty-

39 2189 86 21 seventh
135 2189 44 27 day
190 2189 26 21 of
226 2188 56 27 July
292 2189 92 26 instant,
396 2189 60 23 been
468 2189 117 27 dissolved,
598 2197 25 15 so

40 2217 29 21 fur
86 2223 23 14 as
126 2216 81 22 relates
225 2218 24 19 to
269 2215 37 23 the
323 2215 47 22 said
388 2216 96 22 Thomas
504 2217 117 26 Ridgway,

41 2242 91 22 William
152 2243 93 27 Guyton
269 2242 38 22 the
330 2250 110 19 younger,
464 2243 44 22 and
532 2244 91 26 George

42 2270 70 21 Butler
132 2269 65 28 Earp,
219 2269 47 22 and
284 2269 50 21 that
351 2269 23 22 in
390 2271 73 21 future
474 2270 37 22 the
520 2270 104 22 business

40 2296 36 21 will
95 2297 27 21 be
142 2296 84 22 carried
238 2303 29 15 on
282 2296 29 27 by
327 2296 38 22 the
376 2296 48 22 said
435 2296 59 22 John
506 2297 116 27 Ridgway,

42 2323 36 21 and
97 2323 85 28 Joseph
201 2323 116 26 Ridgway,
339 2323 45 21 and
402 2323 99 22 William
513 2324 110 27 Hickson,

42 2349 38 22 and
97 2350 98 22 Thomas
215 2350 62 22 John
298 2349 115 26 Lowndes,
439 2353 24 19 at
485 2351 139 27 Wellington

42 2377 108 25 aforesaid,
163 2377 70 22 under
244 2377 38 21 the
293 2376 60 23 Firm
370 2377 27 21 of
408 2376 126 29 Ridgways,.
551 2378 73 21 Hick-

43 2410 33 15 son
87 2403 43 23 and
142 2404 38 22 Co.
217 2404 59 22 That
287 2403 29 23 all
327 2403 71 22 Debts
412 2405 73 25 owing
494 2408 22 18 to
527 2405 38 21 the
576 2405 48 22 said

42 2431 37 21 late
91 2430 139 27 Partnership
242 2438 38 14 are
290 2434 22 18 to
323 2431 27 21 be
360 2431 104 21 received
475 2432 28 27 by
520 2431 38 22 the
574 2432 50 21 said

43 2457 89 22 William
145 2457 111 28 Hickson,
268 2457 74 22 whose
352 2458 85 26 receipt
447 2458 52 27 only
511 2459 42 21 will
565 2459 28 22 be
610 2466 14 13 a

42 2484 102 22 sufficient
154 2485 117 27 discharge
283 2485 32 21 for
327 2484 36 22 the
373 2491 62 15 same
445 2492 5 19 ;
466 2485 45 22 and
525 2485 50 22 that
594 2485 30 22 all

42 2518 80 21 persons
142 2514 22 18 to
185 2511 74 22 whom
280 2511 36 22 the
336 2511 48 21 said
408 2511 45 22 late
478 2512 146 27 Partnership

43 2539 68 20 stands
120 2537 115 27 indebted,
248 2545 37 14 are
295 2537 120 28 requested
429 2538 154 27 immediately
600 2543 24 18 to

44 2565 47 21 send
113 2565 22 21 in
155 2565 59 22 their
232 2568 107 19 accounts
359 2568 23 18 to
401 2564 39 22 the
458 2565 48 22 said
523 2566 101 22 William

44 2591 100 28 Hickson,
154 2592 25 21 in
190 2591 66 22 order
274 2591 48 22 that
338 2590 38 23 the
392 2598 62 15 same
470 2599 51 21 may
536 2593 29 21 be
585 2600 39 15 ex-

44 2618 80 22 amined
134 2619 43 21 and
188 2619 60 26 paid.
288 2619 33 22 As
341 2618 88 22 witness
441 2626 40 15 our
489 2619 78 27 hands,
581 2620 44 21 this

43 2645 181 28 twenty-seventh
233 2645 43 28 day
289 2645 24 22 of
320 2645 63 27 July,
395 2652 43 15 one
447 2646 109 23 thousand
563 2646 63 28 eight

44 2671 93 23 hundred
146 2673 45 22 and
200 2673 130 27 forty-four.

88 2704 62 23 John
164 2705 124 25 Ridgway,

88 2731 86 22 Joseph
189 2732 122 24 Ridgway,
388 2726 5 27 I
461 2732 35 27 By
525 2732 59 22 their

86 2758 96 22 Thomas
197 2758 123 26 Ridgway,
388 2763 5 30 J
463 2759 107 27 Attorney

89 2785 95 22 George
195 2785 97 22 Butler
302 2786 72 22 Earp.
379 2780 13 31 J
406 2785 97 23 William
514 2786 111 22 Hickson.

64 2817 92 24 Witness
166 2819 62 22 John
239 2819 70 28 King,
322 2819 106 28 solicitor,
440 2820 146 27 Wellington.

64 2845 89 22 Edward
163 2845 69 24 Allen
243 2847 150 27 Hargreaves,
405 2847 138 28 Bookeeper,
563 2846 63 23 Wel-

44 2871 82 28 tington.

67 2907 136 28 Wellington,
216 2908 55 28 July
280 2910 33 25 30,
326 2910 62 21 1844.

47 2953 132 48 NOTICE
195 2953 28 23 IS
238 2954 133 22 HEREBY
388 2954 109 27 GIVEN,
515 2953 49 23 that
585 2953 39 22 the

114 2980 72 22 notice
204 2981 25 22 of
240 2981 134 22 dissolution
389 2981 27 22 of
426 2981 39 22 the
482 2981 143 28 partnership

47 3005 71 23 carried
129 3014 27 15 on
167 3008 30 26 by
204 3007 62 23 John
278 3008 117 28 Ridgway,
407 3008 85 28 Joseph
503 3008 120 27 Ridgway,

48 3031 83 24 Thomas
137 3034 115 29 Ridgway,
261 3034 100 23 William
369 3036 99 28 Guyton,
480 3035 44 22 and
532 3036 92 26 George

47 3057 65 24 Butler
126 3061 65 27 Earp,
207 3062 75 22 under
299 3062 38 22 the
352 3062 51 22 firm
424 3063 26 21 of

48 3085 84 29 Guyton,
144 3088 45 22 and
294 3088 118 28 published
419 3089 26 22 in
454 3089 38 22 the
501 3091 53 20 New
570 3095 54 18 zea-

48 3113 39 21 land
97 3114 84 22 Gazette
189 3116 27 21 of
227 3115 39 22 the
276 3115 129 28 thirty-first
414 3116 45 28 day
468 3116 25 21 of
504 3116 63 28 July,
578 3124 46 15 was

48 3140 103 26 published
160 3142 96 23 without
265 3142 39 22 the
313 3142 134 28 knowledge
454 3150 26 15 or
489 3144 101 22 sanction
602 3144 26 21 of

50 3167 82 24 William
141 3170 98 27 Guyton,
252 3176 42 15 one
302 3169 27 22 of
340 3169 37 22 the
388 3170 49 22 said
447 3173 100 24 partners
554 3178 5 15 :
579 3170 46 23 and

48 3193 37 22 that
94 3195 27 22 all
135 3203 93 21 persons
236 3197 86 27 paying
337 3203 45 21 any
392 3196 65 23 debts
473 3196 42 23 due
525 3200 23 19 to
563 3197 58 22 such

48 3219 39 23 firm
95 3225 21 18 to
127 3230 43 21 any
181 3223 65 22 other
254 3230 83 19 person
350 3223 57 22 than
416 3224 40 21 the
465 3224 48 22 said
522 3224 102 23 William

50 3247 84 29 Guyton,
144 3250 92 23 without
252 3250 37 22 his
299 3257 90 21 express
404 3250 120 28 authority,
535 3251 45 22 will
596 3251 28 22 do

49 3280 17 15 to
75 3278 18 18 at
101 3276 55 23 their
166 3284 51 15 own
228 3277 52 26 risk,
290 3284 29 15 no
326 3284 81 25 person
416 3277 84 27 having
510 3278 57 23 beeu
577 3286 48 15 em-

48 3304 87 22 powered
145 3304 30 28 by
185 3303 50 22 him
243 3306 24 19 to
275 3311 89 15 receive
374 3311 46 20 any
430 3308 104 19 accounts
544 3313 30 14 on
586 3306 40 22 be-

51 3328 38 22 oalf
100 3331 23 20 of
134 3332 38 21 the
186 3330 51 23 firm
245 3338 7 19 ;
269 3330 45 23 and
328 3330 95 27 further,
433 3331 50 22 that
496 3339 30 14 no
541 3340 83 20 person

50 3358 31 19 out
87 3357 34 22 the
129 3358 48 22 said
188 3357 102 22 William
306 3357 91 27 Guyton
413 3357 41 23 has
470 3358 114 29 authority
601 3363 23 19 to

50 3388 39 20 agn
97 3384 32 22 for
143 3384 38 23 the
195 3384 52 23 firm
262 3384 27 22 of
324 3384 127 28 Ridgways,
468 3385 99 29 Guyton,
579 3387 46 22 and

128 3412 39 22 but
177 3412 55 28 only
239 3411 37 22 for
285 3410 64 23 those
365 3412 113 23 members
489 3414 24 21 of
525 3413 37 23 the
572 3414 52 22 firm

50 3442 22 21 oy
81 3435 67 26 whom
156 3439 56 22 such
222 3445 82 21 person
315 3438 19 22 is
343 3439 108 27 specially
461 3440 136 24 authorised.

68 3467 68 26 Dated
146 3471 43 23 this
198 3471 49 23 first
257 3470 45 29 day
313 3471 27 22 of
346 3471 97 28 August,
454 3473 61 21 1844.

441 3502 37 24 W.
489 3503 110 24 Guyton.

50 3527 88 29 Witness,
149 3529 28 23 R.
188 3529 85 24 Davies
289 3530 100 23 Hanson.

49 3575 77 51 THE
148 3580 81 22 Nelson
250 3581 120 22 Examiner
393 3581 45 22 and
458 3582 53 20 New
534 3582 97 21 Zealand

110 3606 109 22 Chronicle
235 3607 128 26 (published
372 3611 24 20 at
405 3608 103 28 Nelson,)
523 3608 21 22 is
562 3616 68 21 regu-

48 3630 45 29 larly
109 3636 140 20 transmitted
265 3638 24 18 to
304 3635 149 29 Wellington,
473 3635 44 23 and
532 3643 54 20 may
600 3636 29 24 be

50 3658 33 21 bad
92 3662 21 19 at
120 3660 38 22 the
167 3661 66 22 office
242 3662 27 21 of
279 3661 45 22 this
332 3669 78 21 paper.

69 3689 41 24 The
118 3693 78 21 Nelson
205 3694 118 20 Examiner
338 3694 46 22 will
392 3694 30 23 be
431 3694 71 24 found
511 3701 30 16 an
553 3695 77 22 excel-

49 3714 39 24 lent
93 3719 96 24 medium
198 3720 37 23 for
243 3720 143 24 advertisers.

69 3748 70 25 Terms
148 3751 34 23 for
191 3751 38 23 the
240 3759 75 21 paper,
325 3755 38 20 ten
372 3753 103 28 shillings
488 3761 39 20 per
536 3756 94 26 quarter

50 3776 79 25 payable
137 3779 24 22 in
169 3779 112 24 advance.

70 3805 75 27 Orders
166 3810 35 24 for
219 3810 40 24 the
281 3817 70 23 paper
373 3812 47 23 and
442 3812 188 24 advertisements

50 3836 89 23 received
148 3840 22 19 at
179 3837 39 24 the
228 3838 74 23 Office
312 3838 27 23 of
350 3838 45 23 this
403 3847 77 19 paper.

56 3882 73 41 JUST
143 3888 135 29 OPENED,
286 3889 45 24 and
343 3897 29 15 on
383 3890 52 23 Sale
445 3894 25 19 at
478 3890 38 24 the
527 3892 73 23 Office
614 3899 12 17 o

72 3935 13 11 v
92 3915 33 31 Jr
126 3921 18 15 13
153 3915 18 22 P
171 3923 14 14 a
185 3923 48 18 Per.
242 3916 41 23 in*
294 3916 80 25 stands
384 3920 25 19 ot
419 3924 91 17 Tanoug
518 3925 66 17 tiz.

214 3943 79 29 Office,,
304 3944 128 24 December
442 3944 21 28 7,
474 3946 60 23 1843.

692 705 39 21 To
756 704 184 27 Agricultural
964 701 160 23 Labourers'
1150 703 56 20 and

896 731 99 21 others.

655 763 119 50 LAND
798 764 39 22 OF
858 764 58 21 THE
938 762 74 23 BEST
1033 761 150 27 QUALITY,
1199 762 39 21 ad-

729 791 90 27 joining
829 794 23 17 to
862 790 31 22 the
904 790 93 22 Porirua
1004 788 70 27 Road,
1085 791 23 18 to
1118 788 28 21 be
1156 788 48 22 sold
1214 790 24 21 in

655 818 65 21 small
732 817 134 27 allotments,
878 824 18 14 or
906 816 129 26 exchanged
1045 815 35 21 for
1091 815 85 22 labour.

685 844 115 26 Likewise,
823 843 43 22 five
884 849 58 22 acr^s
960 842 24 21 of
1005 842 52 21 land
1075 848 55 15 near
1148 846 23 17 to
1191 842 46 21 Mr.

656 870 174 26 Molesworth's,
842 870 23 21 in
876 869 30 22 the
924 868 59 23 Hutt
1000 868 90 27 district,
1108 872 22 17 to
1146 868 28 22 be
1190 868 49 22 sold

656 896 78 28 cheap.

875 922 69 28 Apply
958 926 22 17 to
1048 941 13 13 %

974 949 26 22 E.
1017 949 123 26 C*etiiam,
1157 948 54 28 Esq.

1094 975 144 27 Wellington.

685 1005 132 26 September
823 1005 22 25 2,
858 1004 53 23 18-14.

657 1053 95 21 House
763 1054 30 18 to
804 1053 34 19 be
850 1052 56 20 sold
918 1057 30 15 or
957 1051 48 25 let,
1016 1051 67 21 with
1091 1056 34 15 an
1138 1056 60 15 acre
1211 1049 30 21 of

694 1079 108 21 cleared
812 1079 75 24 land,
897 1084 36 15 on
944 1079 44 20 the
1002 1077 97 22 Karori
1112 1077 88 21 Road.

658 1112 69 48 TO
748 1112 40 21 BE
807 1111 80 22 SOLD
899 1112 42 21 OR
961 1111 65 27 LET,
1042 1110 53 23 with
1109 1110 129 22 immediate

733 1138 133 27 possession,
887 1145 9 15 a
914 1138 107 22 desirable
1038 1136 118 23 residence
1178 1144 61 15 com-

657 1164 109 28 manding
791 1165 134 27 picturesque
941 1165 43 22 and
1004 1164 107 23 beautiful
1136 1170 101 20 scenery,

657 1191 81 22 situate
755 1199 29 14 on
804 1192 38 21 the
859 1192 47 21 East
924 1191 67 26 bank,
1014 1190 44 23 and
1078 1193 23 18 at
1118 1189 40 23 the
1177 1197 63 14 com-

657 1221 143 19 mencement
810 1218 27 22 of
847 1218 124 23 tha-Karori
981 1217 70 23 Road.
1081 1216 47 23 The
1139 1216 100 28 drawing

657 1252 64 15 room
737 1252 114 15 measures
868 1245 46 22 18ft.
925 1244 113 22 Bin.xl6ft.
1050 1244 43 21 Bin.
1110 1244 45 21 and
1164 1244 20 21 is
1197 1244 41 21 9ft.

657 1272 63 26 high,
740 1272 63 21 there
819 1272 19 21 is
849 1272 44 21 also
905 1279 13 14 a
927 1271 58 27 good
1003 1270 76 26 dining
1089 1277 71 20 room,
1176 1270 63 21 three

658 1298 43 23 bed
711 1305 82 20 rooms,
805 1306 13 13 a
828 1298 92 26 kitchen,
933 1297 45 22 and
988 1297 78 22 fenced
1077 1297 34 21 off
1119 1296 64 28 yard,
1200 1297 38 21 the

657 1324 72 23 whole
736 1325 77 22 stands
820 1332 28 14 on
856 1332 28 14 an
891 1332 45 14 acre
944 1324 24 21 of
975 1323 53 22 land
1033 1323 101 27 recently
1142 1323 95 28 cleared,

657 1352 47 22 and
713 1352 37 21 the
761 1351 55 22 land
825 1352 19 21 is
854 1352 23 21 in
887 1358 10 15 a
904 1351 25 22 fit
939 1354 54 18 state
1004 1350 33 21 for
1047 1351 116 26 cropping.

1007 1376 72 28 Apply
1089 1380 22 18 to

940 1404 50 23 Mr.
1005 1404 150 26 Wakefield,

978 1430 66 27 Upon
1051 1430 38 21 the
1096 1430 115 28 premises.

685 1458 145 27 Wellington,
843 1458 82 26 August
934 1458 33 26 27,
981 1458 59 21 1844.

896 1507 102 20 KTotice.

657 1540 150 50 NOTICE
829 1540 28 23 IS
878 1539 122 23 HEREBY
1021 1538 99 23 GIVEN
1140 1540 51 22 that
1210 1547 30 14 on

740 1567 46 22 and
803 1567 56 22 after
875 1567 31 22 the
923 1566 103 22 fifteenth
1040 1566 43 27 day
1099 1567 25 22 of
1141 1567 97 27 August,

656 1598 61 23 next,
729 1601 14 15 a
753 1594 82 26 charge
845 1595 26 21 of
883 1593 131 28 twenty-flve
1030 1592 101 28 shillings
1141 1601 38 19 per
1196 1593 43 27 trip

656 1621 46 22 will
717 1621 27 22 be
764 1621 66 22 made
846 1621 34 22 for
896 1620 50 23 each
962 1620 27 21 of
1006 1619 36 22 the
1063 1620 57 22 New
1138 1620 102 22 Zealand

658 1648 136 27 Company's
802 1648 61 26 large
868 1648 63 26 boats,
944 1646 115 28 employed
1068 1647 23 21 in
1099 1646 142 28 discharging

657 1682 25 14 or
689 1675 92 27 loading
788 1675 81 22 vessels
878 1674 21 22 in
907 1674 37 22 the
955 1674 53 21 Port
1016 1674 24 21 of
1047 1673 55 22 New
1111 1674 127 27 Plymouth.

657 1701 48 22 The
726 1702 64 21 boats
809 1701 45 23 will
875 1707 57 21 cany
948 1700 68 22 about
1035 1699 43 23 five
1099 1704 49 19 tons
1171 1701 55 22 each
1233 1709 5 18 ;

657 1735 29 14 an
711 1728 150 28 experienced
884 1731 116 19 steersman
1024 1727 45 22 and
1093 1735 13 14 a
1129 1728 111 21 sufficient

657 1762 58 15 crew
731 1755 45 22 will
791 1755 28 22 be
834 1754 109 28 provided,
955 1755 39 20 but
1010 1753 35 22 the
1064 1754 115 28 Company
1196 1755 44 21 will

656 1782 22 21 in
688 1789 30 14 no
733 1789 51 14 case
794 1782 27 21 be
838 1782 129 21 answerable
978 1781 35 22 for
1028 1788 41 20 any
1080 1781 94 27 damage
1191 1781 48 22 that

656 1816 54 20 may
720 1815 82 15 accrue
812 1812 23 19 to
845 1815 62 19 cargo
916 1815 25 14 or
950 1808 106 26 baggage.

683 1835 55 22 This
753 1835 75 22 notice
845 1835 52 22 does
908 1839 40 17 not
960 1835 64 27 apply
1040 1838 21 18 to
1077 1835 82 22 vessels
1174 1834 66 22 char-

656 1862 64 22 tered
736 1862 29 27 by
782 1862 38 22 the
837 1862 56 21 New
903 1862 95 21 Zealand
1016 1862 120 27 Company,
1150 1869 24 14 or
1191 1862 49 21 des-

656 1889 99 27 patched
770 1889 58 22 from
845 1888 95 27 England
955 1888 70 22 under
1039 1888 28 22 its
1078 1889 103 22 sanction
1196 1888 44 22 and

655 1916 138 27 regulations
799 1923 6 19 ;
823 1915 38 22 the
871 1923 124 19 passengers
1005 1915 42 22 and
1063 1923 66 19 cargo
1139 1916 28 21 of
1183 1915 57 22 such

656 1943 85 21 vessels
756 1942 45 23 will
817 1942 30 22 be
862 1942 75 22 landed
958 1949 23 15 as
997 1946 23 18 at
1037 1945 90 25 present

655 1969 89 27 charge.

951 1995 21 22 J.
991 1995 27 22 T.
1033 1995 149 25 W-cE-Esr,

656 2021 56 22 New
729 2021 102 22 Zealand
848 2021 127 27 Company's
986 2020 108 23 Resident
1110 2022 78 26 Agent
1205 2020 35 23 for

856 2048 52 21 New
917 2047 125 27 Plymouth.

683 2075 56 22 New
751 2074 127 28 Plymouth,
891 2075 48 26 July
949 2076 33 25 20,
999 2075 59 22 1844.

843 2132 35 21 W.
896 2132 27 22 M.
939 2132 107 26 SMITH,

655 2166 58 15 LATE
724 2166 234 15 SURVEYOR-GENERAL
968 2166 28 14 TO
1007 2166 45 15 THE
1068 2166 51 14 NEW
1134 2166 106 15 ZEALAND

894 2193 108 19 COMPANY,

682 2213 144 26 Surveyor,
842 2213 205 27 Draughtsman,
1063 2213 56 21 and
1132 2213 79 21 Land

902 2241 95 26 Agent.

655 2266 180 27 Tinakori-road,
847 2266 93 27 January
955 2268 19 24 4,
987 2268 62 21 1843.

857 2318 72 20 Land
940 2319 29 19 to
983 2318 57 21 Let.

658 2349 172 51 SECTIONS
846 2349 62 22 No's.
920 2351 28 21 24
957 2350 43 21 and
1010 2351 27 20 25
1051 2349 23 23 in
1087 2349 76 28 Ohiro,
1181 2356 61 15 com-

723 2376 78 27 monly
812 2376 73 22 called
896 2376 76 27 Happy
988 2376 87 27 Valley.

684 2404 90 21 Section
784 2403 44 22 No.
838 2405 27 20 23
875 2404 24 21 in
908 2403 33 22 the
953 2403 94 22 Makara
1056 2403 88 28 Valley.

683 2431 74 21 These
768 2431 102 21 Sections
879 2430 39 22 will
928 2430 29 22 be
966 2434 38 18 cut
1012 2437 31 20 up
1051 2430 48 22 into
1111 2430 44 22 lots
1165 2433 23 19 to
1198 2429 45 23 suit

656 2457 95 22 settlers.
781 2457 43 22 For
832 2457 65 28 plans
907 2457 38 22 and
955 2457 130 28 particulars
1094 2457 68 28 apply
1172 2460 23 18 to

978 2489 35 22 W.
1030 2489 32 22 M.
1079 2490 83 26 Smith,

1094 2517 120 27 Surveyor.

658 2549 83 22 Offices
751 2549 25 23 in
786 2551 87 24 cottage
883 2548 63 28 lately
957 2547 107 29 occupied
1073 2548 31 28 by
1115 2548 45 22 Mr.
1172 2547 71 23 Waitt

856 2576 103 22 Tinakori
971 2576 71 22 Road.

684 2603 147 27 Wellington,
844 2603 54 27 July
908 2603 28 27 15,
947 2604 62 21 1844.

898 2657 34 20 To
947 2657 57 21 Let.

659 2690 51 49 A
725 2689 93 23 TOWN
833 2689 86 26 ACRE,
930 2689 44 22 No.
985 2690 48 27 644,
1045 2696 28 15 on
1089 2688 38 23 the
1137 2688 106 23 Tinakori

739 2716 74 24 Road,
824 2716 95 22 between
927 2716 38 22 the
976 2723 50 15 acre
1041 2723 59 21 upon
1111 2715 74 23 which
1204 2723 39 19 my

658 2743 71 22 house
737 2743 20 22 is
772 2743 98 22 situated
880 2743 41 22 and
936 2744 44 22 Mr.
993 2744 91 22 Levin's
1099 2743 79 27 house,
1197 2742 46 23 and

659 2777 29 16 on
698 2770 39 23 the
747 2777 61 15 same
818 2770 47 23 side
876 2770 26 21 of
913 2770 32 22 the
963 2770 61 23 road.

873 2797 36 22 W.
921 2798 33 21 M.
969 2798 83 24 Smjth.
1066 2798 122 26 Surveyor,

1019 2824 108 23 Tinakori
1140 2823 75 24 Road.

686 2850 146 28 Wellington,
844 2850 53 28 July
908 2852 26 26 15,
946 2852 61 22 1844.

830 2900 78 21 Meat
924 2900 147 27 Company.

658 2932 94 51 THE
771 2932 234 28 UNDERSIGNED,
1023 2933 85 27 having
1125 2934 60 22 been
1205 2940 38 21 ap-

732 2960 93 28 pointed
840 2960 104 27 Manager
954 2960 26 22 of
993 2960 37 22 the
1044 2960 64 22 Meat
1117 2961 126 27 Company,

657 2988 54 27 begs
721 2990 23 19 to
755 2994 118 16 announce
884 2987 43 21 that
940 2994 14 14 a
964 2986 88 28 regular
1059 2987 80 28 supply
1147 2988 27 22 of
1184 2988 59 26 beef,

657 3018 96 23 mutton,
774 3014 46 22 and
836 3014 58 28 pork
910 3021 47 20 may
977 3015 81 26 always
1075 3014 28 22 be
1124 3014 119 28 depended

657 3049 61 20 upon
730 3045 24 19 at
764 3041 44 23 this
819 3041 168 22 establishment.

684 3069 33 22 As
742 3069 44 21 this
810 3069 114 27 Company
940 3074 107 25 purposes
1064 3067 80 28 selling
1164 3071 24 19 at
1205 3068 38 22 the

656 3096 79 22 lowest
743 3095 73 28 prices
827 3099 23 18 at
864 3094 68 23 which
941 3098 19 18 it
974 3094 18 22 is
1000 3094 71 22 found
1080 3095 38 22 the
1128 3098 62 19 meat
1204 3102 39 16 can

656 3123 29 22 be
695 3122 109 28 afforded,
816 3122 38 22 the
864 3121 145 28 undeisigned
1018 3121 19 22 is
1051 3121 52 28 only
1113 3121 130 23 authorized

657 3153 23 19 to
690 3150 51 27 give
748 3157 55 20 very
809 3148 88 23 limited
906 3149 72 26 credit,
985 3148 46 22 and
1039 3148 38 22 has
1083 3149 58 22 bean
1149 3149 94 22 ordered

657 3180 23 18 to
696 3181 50 23 stop
762 3176 31 22 all
807 3179 106 19 accounts
924 3175 71 23 which
1010 3182 37 15 are
1061 3179 42 19 not
1116 3176 54 27 paid
1184 3184 59 21 upon

658 3203 104 23 demand.

685 3237 49 22 The
743 3236 103 23 business
857 3236 25 22 of
891 3236 34 22 the
933 3236 114 28 Company
1056 3236 19 22 is
1085 3236 86 23 carried
1181 3245 31 15 on
1221 3238 22 22 in

658 3264 59 22 their
732 3271 50 15 new
797 3263 110 27 building,
919 3263 84 22 erected
1019 3263 101 22 between
1141 3264 102 23 France's

659 3290 69 23 Hotel
748 3290 44 23 and
811 3290 39 22 the
869 3290 56 22 head
939 3290 26 22 of
979 3290 38 23 the
1033 3290 56 28 Bay,
1106 3290 45 23 and
1167 3291 76 29 nearly

657 3318 101 29 opposite
769 3321 24 19 to
803 3318 46 22 Mr.
860 3317 78 28 Lyon's
949 3318 70 21 Store.

929 3351 41 21 W.
981 3350 102 27 Flyger,
1100 3351 120 28 Manager.

685 3377 133 24 November
829 3378 34 25 23,
875 3378 57 22 1842.

876 3424 160 26 Stationery.

662 3458 73 50 ON
750 3457 90 28 SALE,
857 3457 42 23 AT
913 3457 70 23 THIS
999 3457 142 23 OFFICE

727 3485 116 27 Foolscap,
854 3485 85 22 various
949 3484 112 28 qualities,

689 3513 75 26 Large
773 3512 63 22 thick
845 3515 59 25 post,
915 3519 57 16 wove
983 3511 45 23 and
1037 3511 53 29 laid,

689 3539 60 23 Thin
758 3542 58 23 post,
948 3538 67 29 ditto,

689 3566 57 22 Fine
757 3566 60 22 Bath
827 3568 57 25 post,
895 3565 42 28 gilt,

690 3593 161 28 Antiquarian,
857 3593 106 28 imperial,
971 3592 71 29 royal,
1051 3593 45 23 and
1105 3593 65 28 demy
1180 3593 63 23 draw-

662 3621 40 26 ing
710 3627 79 22 paper,

691 3647 73 25 Quills
774 3647 46 22 and
830 3653 63 21 pens,

691 3674 73 23 Small
772 3673 63 23 hand
844 3673 47 23 and
900 3673 50 28 shop
958 3680 77 22 paper,

690 3701 75 28 Royal
778 3701 72 26 hand,
861 3700 77 22 double
953 3701 62 22 Hand
1030 3701 83 27 brown,
1125 3701 46 24 and
1187 3701 56 29 royal

663 3729 79 23 brown
751 3727 119 29 wrapping
878 3734 72 22 paper,

690 3755 45 22 Ink
746 3755 47 22 and
802 3755 41 22 ink
851 3756 105 26 powders,

690 3782 74 23 Black
773 3781 52 22 lead
835 3781 92 28 pencils,

689 3809 101 27 Ledgers
800 3809 47 22 and
856 3811 92 20 account
957 3809 78 27 books,
1046 3809 91 24 various
1145 3809 66 29 sizes,

690 3837 107 27 Message
807 3835 75 28 cards,

690 3863 113 24 Coloured
812 3870 89 21 papers,

690 3892 74 26 Sugar
773 3897 88 21 papers,

689 3918 61 23 Note
760 3923 89 23 papers,

689 3944 68 26 India
767 3944 90 28 rubber,
868 3943 74 29 bottle,
953 3943 44 24 and
1005 3947 87 26 patent,
1236 3944 7 13 ll
1242 3956 2 3 -

1367 701 107 27 Cigars!
1491 702 119 27 Cigars!!
1632 702 132 27 Cigars!!!

1269 732 181 49 SUPERIOR
1467 734 149 22 MANILLA
1632 733 122 27 CIGARS,
1775 733 43 22 No.
1837 734 21 20 4.

1335 758 33 22 To
1379 759 28 22 be
1416 759 47 22 had
1472 763 23 18 at
1505 760 106 22 Barrett's
1623 760 77 22 Hotel.

1301 785 143 28 Wellington,
1456 787 59 25 Sept.
1529 788 32 25 10,
1574 788 60 20 1844.

1611 838 89 20 Office.

1271 868 44 24 T?
1322 867 119 23 DWARD
1458 868 62 22 ROE
1531 869 54 26 begs
1592 868 143 28 respectfully
1745 871 22 19 to
1778 867 80 23 inform

1269 890 49 26 l
1339 890 3 26 4
1351 895 37 21 the
1399 895 75 27 public
1483 895 56 26 that,
1550 896 38 21 the
1597 894 173 29 proprietorship
1782 895 24 21 of
1814 894 44 22 this

1268 920 171 23 establishment
1448 921 84 28 having
1542 922 57 21 been
1618 921 70 28 lately
1704 921 107 27 changed,
1829 921 28 21 he

1268 947 20 21 is
1296 947 122 23 instructed
1430 949 28 26 by
1477 949 37 21 the
1535 952 90 23 present
1642 948 123 28 proprietor
1784 951 22 18 to
1822 954 36 15 re-

1268 977 66 23 quest
1353 974 49 22 thai
1423 975 31 21 all
1477 979 106 18 accounts
1606 975 44 22 due
1675 979 23 17 to
1719 975 19 21 it
1756 981 52 20 may
1829 975 28 21 be

1268 1000 132 27 discharged
1420 1008 24 15 as
1465 1002 60 27 early
1543 1010 24 14 as
1585 1001 104 28 possible,
1707 1001 44 21 and
1767 1004 22 18 to
1804 1000 54 22 inti-

1269 1030 60 18 mate
1351 1028 50 21 that
1418 1027 24 23 in
1461 1029 74 21 future
1553 1036 29 14 no
1597 1028 87 22 further
1701 1027 67 22 credit
1780 1034 41 15 can
1830 1027 28 21 be

1251 1067 3 13 ;
1268 1053 75 27 given.

1297 1087 132 27 September
1438 1090 20 24 3,
1471 1090 60 21 1844.

1406 1138 43 20 Oil
1466 1138 55 20 and
1541 1138 180 21 Whalebone.

1251 1171 3 32 j
1270 1171 45 20 nn
1320 1168 44 24 HE
1383 1171 151 27 undersigned
1554 1171 46 21 will
1618 1171 68 21 make
1704 1171 110 21 advances
1828 1177 30 15 on

1252 1197 2 21 !
1276 1192 31 26 JL
1347 1196 37 22 Oil
1399 1197 47 23 and
1462 1198 145 26 Whalebone,
1619 1198 38 21 the
1667 1197 82 22 former
1758 1200 23 18 to
1797 1197 28 21 be
1834 1197 24 21 in

1266 1224 56 25 good
1331 1225 60 19 casks
1400 1224 25 22 Ht
1439 1225 34 21 for
1487 1225 121 28 shipment,
1627 1224 122 27 consigned
1764 1224 33 22 for
1813 1224 45 22 sale

1268 1254 24 18 to
1303 1251 59 21 their
1371 1251 70 22 house
1451 1252 23 21 in
1484 1252 113 27 England.

1477 1283 134 28 RIDGWAYS,
1627 1283 115 26 HICKSON,
1758 1283 20 21 &
1793 1283 37 21 Co.

1298 1314 145 28 Wellington,
1456 1315 89 27 August
1554 1316 20 26 5,
1586 1316 61 21 1844.

1410 1365 53 24 Oil,
1478 1366 85 23 Bone,
1574 1366 56 19 and
1644 1365 77 20 Flax.

1270 1397 94 22 mHE
1378 1398 233 22 UNDERSIGNED
1627 1398 18 22 is
1659 1405 13 14 a
1683 1399 49 19 cask
1743 1398 117 26 purchaser

1266 1419 41 27 IJL
1332 1425 25 21 of
1369 1424 45 27 Oil,
1425 1425 70 26 Bone,
1507 1425 47 21 and
1564 1425 63 26 Flax,
1639 1425 24 21 fit
1672 1425 36 21 for
1717 1425 112 26 shipment
1836 1428 22 17 to

1264 1470 3 15 (
1270 1451 112 27 England,
1393 1451 45 22 and
1456 1452 44 21 will
1510 1451 66 22 make
1591 1452 112 22 advances
1714 1459 27 15 on
1757 1452 101 26 consign-

1269 1483 74 17 ments
1353 1482 23 18 to
1387 1478 34 22 his
1431 1479 86 26 Agents
1526 1479 24 21 in
1565 1478 102 22 London.

1598 1505 34 22 M.
1647 1505 27 22 E.
1694 1505 110 23 Murnin.

1298 1537 145 28 Wellington,
1454 1537 56 28 July
1519 1539 35 26 30,
1566 1538 61 21 1844.

1254 1589 2 20 i
1367 1592 54 21 For
1435 1592 71 25 Sale,
1520 1592 38 25 by
1573 1592 52 21 late
1641 1592 124 25 arrivals,

1254 1620 5 32 |f
1411 1625 57 22 Irish
1479 1625 54 21 beef
1538 1625 24 21 in
1572 1625 85 27 tierces,

1270 1646 40 28 XT
1345 1652 111 27 Crockery
1466 1652 47 22 and
1521 1652 153 22 earthenware
1690 1652 25 22 in
1726 1652 78 22 tierces
1814 1652 45 22 and

1270 1683 81 22 crates,

1297 1705 60 28 Rod,
1369 1706 47 27 bar,
1429 1705 45 23 and
1482 1705 64 23 sheet
1556 1706 58 27 iron,
1625 1705 50 23 best
1683 1705 94 28 quality,

1297 1733 93 22 Bottled
1401 1733 71 26 fruits,
1482 1733 93 28 pickles,
1585 1733 146 26 cranberries,

1297 1760 132 22 Stockholm
1440 1759 47 22 and
1496 1760 51 21 coal
1555 1763 42 23 tar,

1297 1786 91 27 British,
1401 1787 84 26 Dutch,
1497 1787 44 21 and
1552 1787 89 26 Europe
1651 1793 63 20 rope,

1297 1813 74 28 Ship's
1381 1820 133 21 compasses,
1524 1815 99 20 assorted
1632 1813 118 27 furniture,

1298 1840 118 23 Williams'
1427 1840 100 26 superior
1538 1840 114 27 blacking,

1297 1867 146 26 Rutherford,
1454 1867 83 27 Drury,
1549 1868 21 21 &
1581 1867 58 22 Co.'s
1649 1867 77 26 wines,
1739 1866 121 27 consisting

1270 1894 24 22 of
1312 1895 60 26 Port,
1393 1894 90 27 Sherry,
1504 1893 47 23 and
1571 1894 104 22 Madeira
1693 1895 25 21 in
1738 1894 63 22 wood
1815 1894 45 22 and

1268 1921 79 26 bottle,

1295 1947 113 24 Teneriffe
1418 1947 24 22 in
1453 1951 90 24 quarter
1552 1947 72 23 casks.

1257 1998 16 14 i-.
1595 1987 84 21 Wattt
1692 1995 46 13 ant>
1747 1987 84 21 Tyskk-

1298 2013 90 26 August
1397 2014 21 25 6,
1430 2013 61 21 1844.

1273 2061 215 50 HUMPBACK
1504 2062 55 22 OIL
1573 2062 35 21 for
1618 2062 45 23 sale
1674 2062 24 23 in
1708 2062 120 28 quantities
1839 2063 26 22 of

1361 2090 26 20 10
1397 2088 87 28 gallons
1493 2095 26 16 or
1532 2090 111 26 upwards.

1599 2121 83 23 Waitt
1694 2130 46 14 and
1750 2122 85 22 Tyser.

1301 2149 89 26 August
1399 2150 21 25 6,
1432 2149 61 21 1844.

1451 2200 78 20 Land
1544 2201 29 20 to
1590 2201 94 19 Lease.

1276 2230 122 50 TOWN
1413 2238 47 16 and
1475 2231 148 23 COUNTRY
1638 2231 105 23 LANDS
1755 2232 40 22 TO
1806 2231 59 23 LET

1350 2265 30 14 on
1392 2258 168 27 advantageous
1569 2262 69 19 terms
1647 2259 23 21 in
1682 2259 30 21 all
1722 2262 61 24 parts
1794 2259 25 21 of
1826 2259 38 21 the

1275 2285 136 28 Company's
1421 2285 146 22 settlements.

1259 2315 2 13 1
1510 2313 115 21 Clifford
1641 2320 46 14 and
1703 2312 134 22 Vavasour.

1260 2339 1 22 I
1301 2337 146 28 Wellington,
1460 2339 64 27 April
1533 2340 35 26 24,
1580 2340 61 21 1844.

1424 2389 39 21 To
1479 2389 34 21 be
1527 2390 53 20 Let
1594 2396 30 15 or
1639 2390 75 25 Sold,

1275 2423 50 48 A
1337 2422 88 23 GOOD
1435 2423 132 22 substantial
1574 2423 209 22 weather-boarded
1792 2424 71 26 Store,

1341 2450 96 22 situated
1446 2450 23 21 in
1480 2450 38 22 the
1529 2457 69 21 upper
1608 2455 51 22 part
1671 2451 26 21 of
1707 2450 156 22 Willis-street.

1274 2476 48 23 The
1333 2483 62 16 same
1404 2484 52 20 may
1466 2477 29 22 be
1505 2485 56 19 very
1572 2478 70 26 easily
1651 2477 121 22 converted
1788 2478 49 21 into
1852 2485 13 14 a

1275 2503 195 27 dwelling-house.
1500 2504 43 21 For
1558 2504 140 27 particulars,
1714 2504 66 28 apply
1790 2508 23 17 at
1826 2504 39 22 the

1275 2531 76 22 Stores
1360 2530 27 22 of
1393 2530 74 23 Levin
1482 2531 21 21 &
1518 2531 47 26 Co.,
1578 2530 111 23 Lambton
1701 2532 72 25 Quay.

1514 2577 40 21 To
1570 2577 57 21 Let.

1277 2608 73 49 ON
1363 2608 39 21 the
1419 2608 131 22 Manawatu
1566 2608 74 27 River,
1659 2612 95 24 country
1770 2608 96 23 sections

1342 2635 62 21 No's.
1421 2636 25 21 13
1463 2635 46 22 and
1520 2637 33 25 16,
1568 2635 85 22 known
1662 2636 31 27 by
1709 2636 37 22 the
1761 2643 66 15 name
1845 2636 25 21 of

1275 2662 31 22 Te
1318 2662 62 22 Kare
1392 2662 68 22 Kare.
1491 2662 43 21 For
1545 2662 130 28 particulars
1686 2663 68 27 apply
1762 2666 23 19 to

1501 2694 35 22 W.
1550 2694 35 22 M.
1599 2695 82 21 Smith.
1694 2695 117 26 Surveyor,

1650 2721 108 23 Tinakori
1768 2722 72 22 Road.

1303 2753 148 27 Wellington,
1463 2752 55 29 July
1528 2753 34 27 15,
1574 2754 61 21 1844.

1508 2812 41 20 On
1565 2812 70 23 Sale,

1277 2843 93 50 THE
1400 2842 73 23 NEW
1498 2842 155 22 ZEALAND
1681 2842 187 27 PORTFOLIO,

1352 2869 127 23 conducted
1498 2869 29 28 by
1547 2869 33 23 H.
1596 2870 22 22 S.
1637 2870 124 27 Chapman,
1782 2870 37 26 (of
1830 2870 39 22 the

1276 2897 88 23 Middle
1372 2896 111 28 Temple,)
1496 2897 218 22 Barrister-at-Law.

1302 2930 46 21 No.
1361 2930 19 21 I.
1411 2929 23 21 A
1449 2929 78 21 Letter
1542 2931 23 18 to
1585 2928 37 22 the
1639 2929 72 27 Right
1728 2929 62 22 Hon.
1810 2929 60 22 Lord

1275 2956 100 28 Stanley,
1395 2956 119 27 Secretary
1534 2956 26 21 of
1576 2956 61 21 State
1645 2982 6 5 _
1657 2956 36 21 for
1712 2955 37 22 the
1769 2956 101 22 Colonial

1275 2984 159 26 Department,
1468 2982 35 22 On
1511 2982 38 23 the
1555 2982 192 23 Administration
1754 2984 25 21 of
1783 2983 87 22 Justice

1276 3012 22 21 in
1309 3010 57 23 New

1302 3042 47 22 No.
1362 3042 33 22 II.
1427 3042 77 21 Letter
1519 3044 22 19 to
1557 3040 62 23 John
1635 3042 60 21 Abel
1711 3042 79 27 Smith,
1808 3042 61 27 Esq.,

1277 3069 70 28 M.P.,
1427 3068 38 22 the
1472 3068 147 27 Advantages
1627 3068 72 22 which
1707 3069 73 22 would
1790 3076 80 15 accrue

1275 3100 23 19 to
1309 3096 97 27 English
1416 3095 127 28 Capitalists
1552 3095 59 21 from
1622 3095 38 22 the
1671 3096 169 22 establishment
1848 3097 26 21 of

1277 3132 14 14 a
1298 3125 61 20 Loan
1370 3124 104 25 Company
1484 3122 35 22 for
1527 3123 54 20 New
1590 3123 101 26 Zealand,
1703 3122 85 23 similar
1800 3126 23 18 to
1833 3123 37 22 the

1277 3150 130 24 Australian
1417 3149 67 23 Trust

1303 3183 46 22 No.
1360 3181 47 23 111.
1462 3181 38 22 An
1512 3180 99 22 Address
1622 3183 22 19 to
1656 3181 37 21 the
1703 3180 58 23 New
1771 3181 101 22 Zealand

1278 3210 67 23 Land
1354 3208 140 28 Proprietors
1504 3207 100 23 resident
1616 3207 25 22 in
1650 3207 39 23 the
1699 3207 86 23 United
1801 3207 72 28 King-

1278 3238 59 26 dom,
1350 3243 30 15 on
1395 3235 87 22 several
1497 3238 93 19 matters
1601 3235 26 22 of
1633 3235 139 28 importance
1782 3238 22 19 to
1816 3235 58 22 their

1304 3298 46 22 No.
1367 3297 43 23 IV.
1468 3296 38 22 On
1525 3296 39 22 the
1585 3295 116 23 Financial
1721 3295 113 23 condition
1851 3296 26 21 of

1278 3326 57 22 New
1482 3323 32 28 by
1523 3323 93 23 Charles
1625 3323 76 27 Terry,
1715 3322 59 29 Esq.,
1784 3323 89 26 F.R.S.,

1280 3353 82 22 F.S.A.

1305 3384 47 23 No.
1367 3383 30 23 V.
1428 3384 21 21 1.
1502 3382 161 22 Observations
1688 3389 30 14 on
1743 3381 131 27 facilitating

1279 3410 145 29 Emigration
1447 3412 23 19 to
1494 3409 57 22 New
1576 3409 109 27 Zealand,
1704 3409 32 27 by
1755 3416 77 14 means
1853 3409 24 21 of

1266 3443 2 19 i
1281 3439 118 22 Moderate
1421 3437 99 27 Charges
1535 3437 35 21 for
1590 3436 68 22 Chief
1674 3436 45 21 and
1735 3435 139 22 Fore-Cabin

1445 3464 29 22 In
1484 3471 13 14 a
1508 3463 78 22 Letter
1596 3466 23 19 to
1630 3463 85 27 Joseph
1726 3463 83 26 Somes,
1822 3462 53 27 Esq.

1281 3494 41 22 &c.
1333 3493 41 22 &c.
1405 3491 35 28 By
1451 3490 31 23 H.
1494 3490 23 23 S.
1529 3490 125 28 Chapman.

1308 3527 21 21 2.
1371 3525 24 21 A
1405 3524 78 22 Letter
1492 3530 30 14 on
1533 3522 106 28 Banking
1649 3522 25 22 in
1683 3521 58 23 New
1752 3520 108 23 Zealand.
1863 3517 15 13 *'

1282 3553 35 28 By
1327 3551 89 23 Arthur
1426 3550 27 22 T.
1464 3549 112 28 Holroyd,
1587 3550 54 27 Esq.

1308 3584 49 23 No.
1371 3583 43 22 VI.
1469 3582 161 22 Observations
1644 3588 30 14 on
1684 3580 38 22 the
1734 3579 144 28 Advantages

1283 3611 25 22 of
1320 3619 16 14 a
1353 3609 188 29 Representative
1556 3608 123 27 Assembly
1693 3607 38 22 for
1750 3607 56 22 New
1821 3607 57 22 Zea-

1310 3669 103 24 General
1423 3668 50 24 title
1482 3668 47 22 and
1538 3666 153 24 introduction
1702 3670 24 19 to
1734 3666 39 23 the
1784 3666 81 23 Series.

1476 3707 71 17 PRICE
1564 3707 122 15 SIXPENCE.

1449 3763 80 22 Meat
1562 3762 152 27 Company.

1519 3796 128 23 BUTTER

1286 3831 161 53 ALWAYS
1461 3838 30 16 on
1501 3830 71 28 band,
1588 3830 46 23 and
1649 3832 24 20 to
1686 3829 30 23 b
1731 3829 52 27 had,
1795 3829 83 23 whole-

1366 3859 46 24 sale
1432 3858 43 22 and
1495 3857 72 27 retail,
1588 3860 23 19 at
1630 3856 40 23 the
1692 3856 81 23 lowest
1791 3857 87 21 market

1285 3887 68 29 price,
1370 3894 13 16 a
1400 3886 63 27 large
1483 3884 81 29 supply
1580 3884 26 22 of
1620 3884 38 22 the
1673 3883 129 23 celebrated
1816 3884 62 21 Cow-

1286 3918 90 25 pasture
1386 3913 47 23 and
1440 3911 121 25 Terawitte
1574 3911 72 28 Dairy
1656 3911 87 23 Butter.

1562 3945 37 24 W,
1613 3945 106 26 Flyoer,
1735 3944 116 27 Manager.

1894 701 72 48 ON
1982 702 78 21 SALE
2073 705 23 18 at
2106 702 37 22 the
2153 702 137 24 Warehouse
2302 703 25 22 of
2339 703 37 23 the
2390 703 91 23 Under-

1972 728 91 26 signed:

1920 760 90 22 Bottled
2020 761 34 21 ale
2066 761 41 22 and
2118 764 82 25 porter.

1920 786 59 27 Port,
1992 787 83 28 sherry,
2087 788 74 27 claret,
2177 789 45 21 and
2230 789 145 22 Maraschino
2388 789 58 22 wine
2456 789 23 22 in

1892 813 78 26 bottle,

1918 839 80 23 Scotch
2008 841 54 21 malt
2072 840 98 28 whiskey
2179 841 24 21 in
2214 844 91 25 quarter
2315 842 72 27 casks,

1918 866 90 27 Cognac
2024 867 85 27 brandy
2125 868 23 21 in
2167 872 90 23 quarter
2274 869 65 21 casks
2353 869 44 22 and
2411 867 67 27 hogs-

1890 891 78 28 heads,

1919 919 93 21 Geneva
2020 919 24 21 in
2054 920 78 27 bottle,

1918 945 52 22 Van
1981 945 115 23 Dieman's
2106 947 64 22 Land
2179 947 63 27 flour,
2255 947 48 23 first
2309 947 87 29 quality

1918 973 104 21 Oatmeal
2031 973 24 21 in
2066 973 69 27 casks,

1918 998 75 22 Prime
2004 999 58 22 Irish
2071 999 62 27 pork,

1918 1025 124 23 Preserved
2052 1029 69 19 meats
2131 1026 44 22 and
2185 1034 74 20 soups,

1918 1051 107 23 Cheshire
2035 1052 45 22 and
2091 1053 70 26 Leigh
2170 1053 89 27 cheese,
2269 1053 25 22 in
2304 1053 51 23 lead
2365 1060 63 16 case*

1918 1077 76 23 Prime
2005 1078 57 22 Irish
2071 1079 81 25 butter,

1919 1104 98 22 Refined
2026 1112 72 20 sugar,
2108 1105 24 21 in
2144 1107 48 21 101b
2201 1105 84 26 loaves,

1918 1131 47 21 Tea
1974 1131 24 21 in
2009 1131 130 23 half-chests
2149 1132 44 22 and
2203 1136 61 23 catty
2274 1133 77 27 boxes,

1920 1157 104 22 Genuine
2036 1158 128 22 Havannab
2174 1166 84 19 cegars,

1919 1184 134 22 Lancashire
2064 1185 70 27 hams,

1918 1211 95 27 English
2036 1211 102 28 cordage,
2158 1211 136 28 whalelines,
2314 1211 101 27 marline,
2436 1211 46 23 and

1890 1244 121 21 spunyarn,
2028 1238 40 22 &c.

1918 1265 145 26 Tuipentine,
2073 1265 74 28 white,
2158 1265 75 27 black,
2245 1265 45 22 and
2301 1272 68 20 green
2380 1265 70 27 paint,

1920 1291 45 21 Bar
1974 1291 43 21 and
2026 1292 40 21 rod
2076 1292 55 26 iron,
2143 1293 97 21 assorted
2249 1293 65 26 sizes,

1921 1318 122 21 Yorkshire
2055 1319 44 21 tool
2108 1318 66 22 faced
2184 1319 62 26 flags,

1919 1344 80 21 Welch
2009 1345 73 26 slates,
2092 1345 87 21 various
2189 1346 64 25 sizes,

1919 1370 51 22 Fire
1980 1371 74 21 bricks
2065 1371 43 22 and
2118 1375 95 23 cement,

1919 1397 157 23 Earthenware
2086 1398 43 21 and
2139 1398 134 27 glass-ware,

1920 1424 52 21 Iron
1983 1424 65 27 nails,
2058 1425 87 21 various
2154 1429 64 22 sorts,

1919 1450 120 26 Tin-ware,
2050 1451 104 27 assorted,

1919 1476 53 22 Iron
1981 1478 98 26 hurdles,

1920 1504 97 27 Ranges,
2028 1509 79 22 stoves,
2118 1504 45 22 and
2173 1505 103 27 chimney
2286 1505 81 27 pieces,

1923 1531 52 21 Iron
1985 1538 86 20 pumps,
2083 1532 81 27 piping,
2175 1532 45 22 and
2231 1532 97 27 fenders,

1919 1557 93 22 Printed
2023 1558 110 27 druggets,

1920 1585 50 20 11-4
1980 1584 113 27 Blankets,
2104 1584 99 22 assorted
2213 1584 95 27 colours,

1920 1611 36 21 7-8
1967 1612 107 21 Assorted
2084 1612 70 26 prints
2164 1612 43 21 and
2218 1611 133 22 mousseline
2361 1610 28 23 de
2399 1611 79 27 lames,

1920 1637 86 22 Glazed
2016 1638 108 22 furniture
2135 1639 78 26 prints,

1918 1665 29 21 36
1956 1664 83 22 Inches
2047 1672 55 20 grey
2112 1664 126 28 domestics,

1918 1692 40 20 4-4
1968 1691 91 21 Printed
2071 1692 120 27 carpeting,

1920 1718 80 21 Cotton
2011 1718 45 22 and
2066 1719 95 21 worsted
2168 1718 79 28 plaids,
2258 1721 76 19 cotton
2344 1718 82 23 checks
2436 1718 45 22 and

1875 1764 2 2 ,
1892 1748 93 18 tartans.

1876 1773 1 16 I
1921 1771 79 22 Stored
2011 1772 79 22 Welch
2100 1772 91 26 flannel,

1919 1799 38 20 6-4
1968 1798 115 22 Merinoes
2093 1798 42 22 and
2146 1799 95 21 Orleans
2248 1798 68 22 cloth.

1920 1825 75 21 Broad
2019 1825 68 27 cloth,
2113 1826 55 27 pilot
2190 1826 68 26 cloth,
2285 1826 124 26 cassimere,
2435 1825 45 22 and

1893 1855 93 18 trowser
1995 1852 69 27 stuffs,

1920 1878 45 22 Sail
1975 1886 83 14 canvas
2069 1879 45 21 and
2124 1879 72 27 twine,

1921 1906 108 26 Christy's
2039 1906 80 21 beaver
2128 1906 46 21 and
2183 1905 43 22 silk
2235 1904 59 28 hats,

1920 1932 69 22 Sacks
2000 1933 94 21 suitable
2103 1933 34 21 for
2147 1932 65 22 flour.

2081 1966 133 27 Ridgways,
2227 1966 115 27 Hickson,
2355 1967 43 22 and
2411 1968 40 21 Co.

1920 1997 144 27 Wellington,
2076 1997 89 27 August
2174 2000 33 24 20,
2220 2000 61 20 1844.

1892 2050 42 20 On
1955 2049 71 25 Sale,
2050 2052 28 19 at
2097 2051 45 20 the
2165 2050 92 22 Stores
2273 2051 31 20 of
2324 2052 45 20 the
2384 2052 101 20 under-

1949 2076 107 26 signed,
2078 2082 35 15 ex
2171 2078 105 21 Nelson
2325 2078 55 21 and
2405 2079 78 20 other

1949 2102 56 21 late
2021 2103 121 22 arrivals.

1894 2136 117 49 VERY
2035 2138 97 27 superior
2149 2141 51 23 port
2219 2137 43 23 aud
2284 2138 77 28 sherry
2376 2139 69 21 wines
2461 2139 24 22 in

1975 2164 63 22 wood
2049 2164 44 21 and
2102 2164 76 27 bottle,

1925 2190 144 27 Champagne
2078 2191 23 21 in
2113 2198 41 15 one
2165 2191 43 22 and
2218 2191 63 22 three
2293 2191 71 22 dozen
2374 2199 68 20 cases,

1925 2217 90 22 Bottled
2025 2217 34 22 ale
2069 2218 45 22 and
2131 2222 60 18 stout
2207 2219 23 21 in
2248 2218 63 23 three
2327 2219 71 22 dozen
2414 2219 71 27 casks,

1896 2243 46 23 also
1952 2244 24 22 in
1986 2244 73 27 hhds.,

1926 2271 93 22 Geneva
2027 2272 23 21 in
2059 2279 66 19 cases,
2137 2271 104 28 splendid
2251 2271 81 23 Scotch
2341 2272 106 28 whiskey,

1925 2297 56 22 Fine
1992 2297 38 23 old
2038 2301 54 24 torn,
2102 2299 113 27 sparkling
2225 2299 43 22 aud
2278 2299 46 22 still
2332 2299 66 22 Hock
2408 2300 77 27 wines,

1926 2324 79 22 Mixed
2015 2325 85 26 pickles
2109 2325 44 22 and
2163 2332 84 21 sauces,

1925 2351 90 22 Bottled
2024 2352 70 26 fruits,
2105 2353 115 26 raspberry
2231 2353 46 21 and
2288 2353 63 21 other
2356 2353 68 28 jams,

1926 2378 60 22 Loaf
1993 2378 85 27 cheese,
2090 2379 70 26 prime
2171 2379 59 22 Cork
2240 2380 81 27 butter,

1926 2405 114 22 Wiltshire
2048 2405 70 22 bacon
2126 2405 23 22 in
2156 2412 70 21 cases,

1925 2431 113 28 Currants,
2048 2432 85 27 raisins,
2143 2433 45 21 and
2197 2433 49 27 figs,
2257 2433 101 27 tobacco,

1925 2459 123 28 Pouchong
2057 2459 45 22 and
2111 2459 71 26 hyson
2193 2464 36 17 tea
2237 2461 25 21 in
2271 2461 77 26 boxes,

1925 2486 77 25 Sperm
2013 2486 43 22 and
2067 2486 73 22 mould
2151 2486 98 28 candles,

1926 2513 79 21 Gents.
2017 2513 135 28 Wellington
2167 2513 64 22 boots
2249 2513 45 22 and
2309 2513 65 23 shoes
2389 2513 23 23 in
2426 2516 64 26 great

1896 2539 93 27 variety,

1928 2567 89 21 Ladies'
2027 2566 82 27 lasting
2123 2566 64 23 shoes
2198 2567 45 22 and
2253 2567 99 28 slippers,

1926 2595 13 20 6
1953 2593 62 22 bales
2026 2601 87 20 canvas,
2125 2593 55 22 Nos.
2192 2595 10 20 1
2214 2596 24 19 to
2248 2596 20 25 6,

1926 2620 57 22 Blue
1994 2620 61 23 cloth
2064 2627 58 20 caps,
2130 2620 99 28 japaned
2238 2621 59 22 lawn
2307 2621 51 22 hats
2369 2622 20 21 &
2400 2628 86 20 covers,

1927 2647 77 22 Gents,
2016 2647 109 28 superfine
2133 2651 64 23 great
2206 2651 69 24 coats,

1928 2675 42 21 Do.
1999 2675 72 21 tweed
2081 2674 44 21 and
2133 2674 105 27 shooting
2247 2678 67 23 coats,

1928 2701 42 22 Do.
2001 2701 116 22 velveteen
2146 2701 44 22 and
2220 2702 113 21 buckskin
2361 2706 61 19 coats
2445 2702 48 23 and

1900 2732 110 22 trowers,
2022 2728 42 21 and
2076 2735 12 14 a
2097 2732 63 23 great
2171 2728 85 28 variety
2266 2729 26 21 of
2306 2728 64 23 other
2384 2729 108 27 clothing,

1929 2755 49 22 Red
1987 2755 44 22 and
2041 2755 51 22 blue
2102 2755 73 26 shirts,
2182 2755 59 22 duck
2248 2755 75 22 frocks
2330 2756 45 22 and
2384 2759 109 23 trowsers,

1928 2781 94 22 Flannel
2034 2781 99 27 drawers,
2147 2782 96 28 monkey
2250 2782 96 28 jackets,

1929 2808 81 23 Scotch
2021 2808 100 28 bonnets,
2132 2808 70 23 calico
2213 2810 45 21 and
2267 2809 55 28 long
2332 2809 68 27 cloth,

1930 2836 114 26 Blankets,
2055 2836 78 21 Welch
2143 2836 91 26 flannel,
2245 2836 45 21 and
2304 2836 56 28 pilot
2370 2836 66 27 cloth,

1930 2862 59 22 Shoe
1999 2862 105 27 blacking
2118 2862 22 22 in
2151 2862 63 22 casks
2231 2862 25 23 of
2269 2863 51 22 four
2330 2862 80 29 dozen,
2420 2862 47 23 and
2481 2871 15 14 a

1901 2890 88 26 variety
1997 2890 27 21 of
2031 2889 64 22 other
2103 2889 76 27 goods.

2194 2920 33 22 W.
2243 2922 22 21 S.
2281 2921 104 27 Loxley,

2292 2948 80 23 Farish
2386 2949 81 23 Street.

1932 2980 146 27 Wellington,
2090 2980 130 27 September
2229 2981 21 26 4,
2263 2981 61 21 1844.

1932 3031 43 21 Ex
2015 3031 60 21 Star
2091 3031 30 21 of
2134 3031 88 21 China
2262 3031 56 21 and

1904 3067 170 50 SHINGLE,
2086 3067 184 27 weather-board,
2290 3067 68 28 clasp,
2381 3068 45 22 and
2441 3069 56 22 boat

1970 3094 64 27 nails,

1931 3121 107 27 Flooring
2048 3120 45 23 and
2103 3120 98 23 Joiners'
2211 3120 73 28 brads,

1932 3148 81 21 Wheat
2021 3148 66 27 mills,

1931 3174 67 22 Wine
2009 3174 44 22 and
2064 3174 95 22 tumbler
2170 3174 92 28 glasses,

1932 3201 131 22 Percussion
2071 3209 60 19 caps,

1933 3228 91 22 Lucifer
2034 3228 44 22 and
2087 3229 116 26 Congreve
2213 3229 108 27 matches,
2334 3229 106 24 "Bell's"

1935 3256 84 26 Cigars,
2031 3255 127 27 negrohead
2168 3256 99 27 tobacco,

1935 3282 52 22 Best
1999 3282 58 22 coku
2067 3289 100 20 convass,

1936 3308 144 28 Wellington,
2092 3308 115 28 Clarence,
2218 3310 46 22 and
2274 3310 100 24 Blucher
2383 3311 73 28 boots,

1935 3336 109 21 Whalers'
2055 3336 63 22 boots
2127 3336 43 22 and
2177 3336 73 28 shoes,

1936 3363 90 22 Ladies'
2036 3362 64 22 boots
2109 3363 45 21 and
2163 3363 73 28 shoes,

1935 3389 103 28 Saddles,
2049 3392 46 20 cart
2104 3390 45 22 and
2159 3390 91 23 bullock
2259 3391 99 28 harness,

1936 3416 89 29 Barley,
2034 3417 80 26 maize,
2125 3417 45 23 and
2179 3417 65 28 bran,

1937 3443 93 28 Cheese,
2041 3443 91 23 candles
2140 3444 24 22 in
2174 3446 50 22 251b
2234 3446 78 27 boxes,

1937 3471 58 28 Soap
2004 3474 55 19 mot.
2070 3471 44 22 and
2124 3471 42 23 col.
2177 3472 24 21 in
2210 3473 50 23 251b
2270 3473 70 21 boxes
2351 3472 45 22 and
2407 3473 10 22 1
2430 3475 58 24 cwt.,

1937 3498 71 27 Sugar
2024 3498 25 22 in
2062 3498 56 27 bags
2133 3499 60 22 from
2281 3503 23 19 to
2325 3501 10 21 1
2356 3503 56 23 cwt.,
2434 3499 69 28 (very-

1908 3525 119 27 superior.)

1938 3553 54 21 Best
2001 3551 65 28 flour,
2076 3553 24 21 in
2108 3552 55 28 bags
2172 3553 28 21 of
2210 3555 40 20 100
2260 3551 46 23 and
2318 3553 71 26 2001b,
2489 3550 31 32 '',

1938 3579 79 22 Porter
2033 3579 23 23 in
2064 3579 66 28 hhds,
2142 3579 34 23 ale
2186 3579 24 23 in
2220 3579 79 25 bottle,
2487 3576 3 17 '
2500 3576 11 6 *

1939 3606 101 29 Brandy,
2060 3606 46 23 and
2125 3606 25 22 B.
2170 3607 26 22 P.
2214 3612 59 21 rum,
2292 3605 25 23 in
2330 3605 66 24 hhds.
2413 3606 48 24 and
2468 3613 36 21 qr.

1909 3633 73 24 asks.

1940 3661 46 23 Gin
1994 3661 26 23 in
2029 3660 66 24 hhds.
2106 3659 45 24 and
2157 3667 69 20 cases,
2410 3660 8 24 ,*
2447 3673 4 4 -

1940 3688 105 27 Hosiery,
2057 3687 66 28 slops,
2133 3687 47 26 &c,
2400 3692 8 9 -
2422 3707 4 4 .

1939 3715 64 26 Rice,
2014 3715 49 26 salt,
2076 3717 44 24 tea,

1942 3742 64 23 Fruit
2015 3741 45 23 and
2069 3741 70 22 forest
2146 3744 65 25 trees,
2222 3742 49 26 &c,
2288 3741 41 23 &o.

2075 3772 75 28 Apply
2160 3776 23 18 to

2193 3805 109 23 Charles
2318 3804 89 29 Perxy,
2424 3812 25 15 or
2500 3811 4 12 <

2195 3831 114 24 WILLUM
2328 3831 177 25 FITZHBRBXRr.

1942 3864 143 27 Wellington,
2100 3863 132 29 September
2246 3865 22 24 3,
2279 3864 63 27 1644,

1913 3911 177 32 /CHARTER
2100 3911 178 29 PARTIE6,for
2287 3910 48 25 tale
2346 3918 23 17 at
2374 3915 39 20 the
2423 3912 89 22 Qantt*

1913 3940 43 22 Vv
1972 3939 80 23 Office.
