1870 3922
697 1602 118 19 Oxford
835 1602 59 19 and
914 1602 79 19 Dust
1013 1602 178 19 Observer.

697 1621 262 69 PUBLISHED
988 1621 203 69 WEEKLY.

709 1691 173 24 SATURDAY,
905 1690 113 22 January
1027 1691 64 24 28th,
1103 1690 61 20 1893.

702 1814 86 32 THE
806 1813 162 32 COMING
990 1811 198 34 GENEEAL

835 1860 216 31 ELECTION.

721 1959 64 29 The
800 1959 217 30 Conservative
1032 1959 90 28 Press
1147 1963 91 42 and^|

680 2001 53 29 the
762 1999 144 42 Squatter
940 1999 166 38 fraternity
1148 1988 90 41 andH

680 2042 81 30 their
774 2041 170 31 henchmen
959 2042 38 30 do
1018 2042 56 28 not
1101 2032 137 40 realizeß

680 2084 54 30 the
750 2084 137 40 growing
908 2083 14 29 f
924 2093 74 21 ayor
1011 2084 76 30 with
1109 2076 129 38 whichß

682 2126 54 29 the
751 2124 120 31 settlers
886 2125 31 29 of
927 2126 63 29 this
1011 2125 122 33 district.
1160 2114 78 41 areß

682 2166 133 40 viewing
837 2166 54 30 the
920 2166 210 31 Government
1157 2156 81 59 \^^k

682 2209 71 39 licy.
796 2208 57 29 It's
877 2218 150 29 generous
1056 2208 59 29 and
1126 2199 112 55 j^^R

684 2249 177 30 considered
873 2249 75 29 land
960 2240 278 55 bill/bes^^^^H

665 3688 3 9 ,
696 3666 131 32 enemies
842 3676 49 21 are
905 3669 119 40 patting
1040 3670 181 34 themselves

695 3707 76 30 with
786 3709 51 29 the
848 3709 69 30 idea
925 3710 132 34 that.our
1072 3713 148 33 influence

679 3749 41 36 .js
736 3749 164 31 Weakened
915 3751 133 41 thereby.
1091 3754 63 30 But
1183 3756 38 29 do

694 3794 56 30 p.ot
760 3791 44 29 let
815 3791 83 31 t'aem
911 3793 102 40 forget
1027 3794 52 30 the
1093 3796 50 29 old
1158 3806 62 21 saw

696 3834 17 14 •'
721 3832 31 32 A
764 3831 82 33 little
861 3824 279 43 leaveiTleaveneth
1169 3838 51 32 the

1301 149 98 32 whole
1579 153 59 30 Let
1661 153 86 32 them
1774 158 54 27 not

1301 190 100 40 forget
1411 192 68 32 how
1488 203 45 20 we
1545 195 150 42 exploded
1708 206 20 20 a
1736 196 91 30 bomb

1300 233 97 30 under
1424 234 52 30 the
1519 234 144 41 Squatter
1705 235 151 42 strong-^*

1300 273 73 30 hold
1387 275 33 30 of
1446 275 124 44 Ashley,
1603 279 62 29 and
1693 278 134 32 Richard

1299 314 154 32 Meredith
1476 317 55 30 has
1559 319 71 29 held
1671 320 53 30 the
1763 320 64 30 fort

1298 355 77 31 with
1388 357 98 31 honor
1499 360 34 28 to
1545 359 133 38 himself,
1694 361 62 30 and
1768 372 57 20 un-

1296 397 145 33 bounded
1465 400 188 32 satisfaction
1677 405 33 28 to
1737 402 87 32 those

1296 439 69 29 who
1379 440 108 39 placed
1495 441 65 31 him
1573 443 33 30 in
1620 443 169 32 command.

1337 480 65 30 Our
1416 481 114 32 former
1557 483 172 41 colleagues
1754 486 102 47 who^

1295 531 51 20 are
1361 532 68 21 now
1440 523 42 39 by
1496 524 58 31 law
1563 536 19 19 a
1589 527 123 39 portion
1726 527 36 30 of
1770 527 54 31 the

1295 561 133 41 Kaiapoi
1451 563 141 32 Political
1633 567 96 41 Camp
1771 579 52 20 are

1294 602 74 31 fast-
1379 604 144 42 embuing
1550 606 82 32 their
1655 618 74 24 new:
1743 619 73 21 com-
1816 623 6 10 1

1294 646 90 30 rades
1397 646 77 31 with
1486 647 81 31 their
1580 645 115 45 Ashley
1709 651 115 31 radical
1836 656 12 17 ■*

1294 686 173 40 principles,
1482 687 62 31 and
1557 690 54 29 the
1632 691 52 29 old
1703 691 119 31 Oxford

1295 736 87 30 camp
1396 728 123 40 though
1529 732 140 39 engaged
1677 733 33 27 in
1734 743 87 30 sepa^
1848 729 8 41 $

1294 769 67 28 rate
1383 769 87 30 fields
1497 781 52 19 are
1576 771 63 30 still
1660 773 106 31 united
1790 774 33 30 in

1294 806 89 31 heart
1398 809 60 29 and
1467 811 134 40 fighting
1610 813 50 29 for
1673 813 54 31 the
1738 824 82 21 same

1295 848 174 41 principles,
1499 852 62 29 and
1587 852 54 31 the
1679 856 143 30 eventual

1294 890 96 30 result
1402 890 65 31 will
1479 892 39 30 be
1531 893 54 30 the
1593 898 107 27 return
1714 896 33 30 of
1759 899 62 28 two

1294 930 109 32 liberal
1430 931 128 40 (radical
1583 934 27 31 if
1646 946 64 30 you
1750 938 72 40 like)

1294 973 150 31 members
1454 973 119 33 instead
1588 975 35 32 of
1632 987 65 22 one.

1335 1013 87 40 Now,
1435 1015 34 31 in
1481 1014 55 33 the
1559 1021 92 28 event
1678 1020 36 29 of
1736 1031 21 20 a
1773 1031 49 20 re-

1295 1058 207 38 presentative
1515 1058 93 42 being
1620 1061 141 40 required
1773 1063 50 31 for

1295 1098 74 30 each
1384 1110 35 19 or
1433 1099 98 31 either
1539 1101 32 30 of
1594 1101 54 32 the
1669 1104 155 30 constitu-

1295 1139 98 31 encies
1406 1141 120 36 named,
1538 1142 26 29 is
1578 1142 87 31 there
1680 1154 62 30 any
1766 1147 57 29 orie

1293 1180 35 31 in
1340 1190 56 22 our
1412 1191 69 22 own
1494 1181 233 42 neighborhood
1754 1186 99 34 who^.

1295 1221 104 40 might
1413 1224 90 29 stand
1516 1224 49 30 for
1591 1224 53 32 the
1672 1228 150 30 constitu-

1296 1273 77 30 ency
1395 1264 75 30 with
1491 1275 19 20 a
1536 1263 186 38 reasbrikble,
1737 1279 86 29 prps-
1851 1288 5 12 v

1296 1307 71 38 pect
1389 1304 35 30 of
1444 1307 143 30 success?
1629 1307 54 31 We
1705 1296 118 46 Relieve

1298 1346 84 30 there
1397 1357 52 20 are
1463 1346 117 34 several
1591 1350 175 38 gentlemen
1793 1352 35 30 of

1296 1387 103 31 whom
1411 1387 62 32 this
1486 1389 101 40 might
1610 1390 36 30 be
1674 1391 84 31 said,
1765 1394 60 29 but
1848 1423 8 8 ,

1296 1432 33 26 at
1341 1432 124 34 present
1479 1441 45 21 we
1538 1431 40 30 do
1592 1434 55 28 not
1656 1425 59 37 feel
1726 1433 91 41 justiv

1296 1470 61 30 fied
1394 1471 33 30 in
1463 1472 127 40 naming
1630 1474 95 36 them,
1764 1476 61 30 and

1295 1510 110 32 should
1432 1512 234 33 circumstances
1703 1516 120 39 require

1293 1552 26 30 it
1329 1563 46 20 we
1388 1554 79 29 have
1481 1564 40 20 no
1550 1555 95 30 doubt
1672 1555 70 31 that
1768 1557 53 31 the

1297 1593 103 32 choice
1414 1595 33 30 of
1459 1595 53 31 the
1526 1596 129 33 electors
1669 1597 64 32 will
1747 1599 37 31 be
1806 1609 19 21 a

1292 1636 154 40 judicious
1474 1648 75 22 one..
1582 1638 48 31 No
1658 1643 61 27 two
1755 1651 70 21 men

1296 1677 77 30 have
1387 1678 148 41 precisely
1545 1679 54 31 the
1612 1689 83 21 same
1719 1677 105 35 claims
1855 1695 2 8 «

1296 1728 41 20 on
1343 1719 55 30 the
1412 1724 127 37 support
1554 1721 34 29 of
1608 1721 53 31 the
1675 1722 128 32 electors
1815 1733 7 27 ;

1297 1770 57 21 one
1382 1771 72 19 man
1495 1762 64 30 will
1595 1763 39 29 be
1670 1768 154 36 strongest

1296 1802 101 30 where
1411 1803 129 30 another
1566 1803 27 31 is
1621 1803 86 32 weak
1717 1816 10 25 ;
1747 1806 76 40 poli-

1295 1843 111 31 ticians
1421 1854 51 20 are
1486 1846 55 28 not
1555 1845 42 31 all
1611 1851 66 26 cast
1704 1846 34 31 in
1765 1857 57 22 one

1295 1884 112 39 mould,
1437 1886 61 30 and
1526 1886 52 31 the
1605 1891 81 26 most
1719 1889 107 33 varied

1297 1926 222 38 qualifications
1546 1939 72 29 may
1648 1929 37 29 be
1726 1931 98 30 found

1287 1966 537 45 ■HB^B^AAAHHrtHß^^^^^an-

1783 2575 62 33 had

1320 2616 84 20 more
1423 2609 130 38 positive
1575 2613 113 32 claims.
1714 2615 131 43 Suppos-

1317 2646 54 40 ing
1385 2648 50 30 for
1446 2650 53 30 the
1521 2652 73 31 sake
1622 2655 35 28 of
1681 2662 163 35 argument

1315 2688 69 29 that
1408 2700 40 19 no
1477 2693 106 30 settler
1610 2695 81 32 from
1734 2709 110 33 ajoong

1315 2730 154 32 ourselves
1493 2744 82 21 came
1602 2737 145 39 forward,
1769 2751 75 30 pos-

1314 2771 120 41 sessing
1456 2773 42 30 all
1524 2775 54 30 the
1617 2780 222 38 qualifications

1315 2815 166 37 suggested
1489 2815 107 38 above,
1607 2818 26 30 it
1647 2822 102 31 would
1759 2834 78 21 sure-

1316 2853 32 40 lj
1364 2854 36 31 be
1415 2855 101 31 better
1529 2860 33 28 to
1576 2870 105 23 secure
1710 2864 51 31 the
1787 2867 56 29 ad-

1317 2900 131 34 vantage
1472 2899 38 29 of
1532 2900 93 41 being
1648 2907 195 37 represented

1315 2935 42 40 by
1372 2946 82 22 some
1464 2940 126 40 capable
1599 2954 71 21 man
1682 2946 82 32 from
1778 2953 63 29 out-

1315 2978 63 30 side
1393 2979 77 31 than
1482 2984 33 28 to
1536 2987 126 29 content
1689 2990 152 31 ourselves
1851 2995 5 22 *

1315 3020 75 30 with
1406 3032 18 20 a
1437 3021 80 33 local
1530 3034 72 22 man
1613 3027 35 32 of
1657 3028 185 35 insunicient

1314 3061 113 31 fitnoss.
1470 3064 56 31 We
1547 3077 51 20 are
1633 3070 84 39 quite
1742 3082 100 22 aware

1315 3102 34 30 of
1362 3103 53 30 the
1429 3107 220 44 unpopularity
1677 3113 33 29 of-

1566 3150 57 31 but
1650 3163 45 21 we
1722 3155 61 42 beg
1808 3160 33 27 to

1313 3187 88 38 point
1415 3193 53 25 out
1495 3191 70 29 that
1585 3193 63 30 this
1672 3196 105 42 happy
1797 3198 42 30 in-

1314 3226 137 33 dividual
1459 3229 27 31 is
1500 3241 19 19 a
1532 3232 144 41 frequent
1689 3236 100 32 factor
1807 3238 34 31 in

1314 3266 132 42 English
1474 3272 128 39 politics,
1630 3276 82 31 since
1723 3273 3 7 '
1754 3280 86 39 (with
1855 3305 1 8 ,

1314 3309 52 30 the
1381 3316 161 35 exception
1556 3316 33 29 of
1610 3323 116 36 county
1747 3331 92 20 mem-

1314 3350 80 40 bers)
1420 3357 240 41 comparatively
1686 3360 61 31 few
1769 3372 72 21 men

1312 3391 32 29 in
1354 3392 50 31 the
1418 3393 106 33 House
1549 3397 34 30 of
1607 3397 161 36 Commons
1794 3414 47 20 ac-

1313 3433 98 41 tually
1425 3438 99 31 reside
1537 3439 33 30 in
1584 3440 53 31 the
1662 3443 179 34 electorates

1312 3474 99 32 which
1426 3477 74 41 they
1523 3488 170 32 represent,
1712 3487 63 29 and
1794 3496 46 22 we

1314 3514 88 32 think
1416 3517 69 31 that
1499 3523 32 26 to
1546 3522 102 31 refuse
1662 3527 33 27 to
1709 3530 72 28 vote
1794 3528 47 31 for

1313 3565 61 31 any
1388 3568 72 20 man
1475 3560 67 30 who
1555 3561 54 32 did
1636 3569 55 26 not
1700 3591 3 4 .
1717 3567 122 41 happen
1851 3582 4 4 •

1311 3600 32 26 to
1358 3599 98 30 reside
1470 3601 33 29 in
1517 3602 53 29 the
1594 3603 122 33 district
1737 3609 102 31 which

1311 3636 39 30 he
1364 3638 113 31 wished
1486 3644 33 27 to
1547 3650 165 34 represent,
1735 3649 104 32 would

1309 3678 38 30 be
1359 3689 19 19 a
1391 3680 128 32 suicidal
1529 3685 148 39 rejection
1688 3689 33 29 of
1733 3701 20 20 a
1763 3702 75 31 very

1308 3719 110 31 honest
1432 3723 60 29 and
1507 3724 68 31 abJe
1590 3734 246 32 representative.

1308 3760 58 30 We
1374 3761 77 31 have
1465 3765 66 29 said
1540 3766 70 30 that
1625 3779 82 22 some
1721 3772 41 31 do
1781 3779 55 26 not

1306 3801 109 32 realize
1453 3803 70 32 how
1561 3808 127 42 quickly
1726 3812 109 34 liberal

1305 3842 164 43 principles
1484 3857 54 23 are.
1551 3848 92 43 being
1658 3857 177 42 permeated

11 16 83 32 ORB
136 16 90 34 AND
271 17 107 35 OUST
421 15 506 46 OBSEjRYEE.^ATITRDAY,
948 22 197 35 JANUARY
1167 23 50 38 28,
1239 24 91 34 1893.

680 831 51 31 All
745 832 99 31 Work
852 832 79 30 done
945 842 39 20 on
992 831 55 30 the
1056 828 153 33 Premises

804 879 61 29 and
887 877 197 41 guaranteed.

847 989 134 29 NOTICE.

679 1047 14 25 I
702 1047 57 25 wish
770 1049 25 23 to
806 1047 86 26 inform
904 1056 40 23 my
955 1046 91 26 Oxford
1057 1044 88 26 friends
1161 1043 48 25 and

679 1086 41 24 the
738 1086 92 32 general
850 1086 84 24 Public
951 1086 53 24 that
1023 1093 39 23 my
1086 1082 122 33 Rangiora

681 1124 105 25 business
797 1124 42 25 has
850 1124 119 25 increased
980 1127 25 21 to
1017 1123 58 25 such
1087 1131 30 15 an
1129 1122 80 24 extent

679 1165 53 23 that
743 1165 14 23 I
764 1164 59 25 shall
834 1166 28 22 be
873 1164 86 24 unable
967 1166 25 22 to
1001 1164 55 24 visit
1066 1162 91 25 Oxford
1164 1169 45 16 un-

679 1202 44 25 till'
728 1202 91 25 further
827 1203 84 24 notice.
978 1202 38 24 All
1039 1202 66 24 work
1115 1202 53 23 sent
1178 1200 31 31 by

680 1243 111 24 Griffiths
802 1242 66 30 Bro.,
882 1242 109 28 Carriers,
1003 1241 47 25 will
1058 1241 87 24 receive
1155 1247 53 24 pro-

678 1285 56 30 mpt
740 1282 125 25 attention.
878 1282 22 24 A
907 1282 66 31 large
981 1280 75 26 Stock
1064 1280 24 25 of
1096 1280 113 26 Watches

679 1321 47 25 and
743 1320 123 33 Jewellery
876 1329 32 17 on
919 1320 72 25 hand.

827 1366 67 25 GUS
912 1364 115 31 JONES,
1046 1364 128 31 Rangiora.

18 141 5 24 :
61 141 115 27 GREAT
194 143 234 27 UNRESERVED
440 144 87 26 SALE
546 145 43 25 OF

226 184 3 3 '
247 184 164 26 DRAPERY
423 205 8 7 ...

21 250 2 4 ■
52 247 26 17 ■"'.
101 250 24 15 ■■>■
158 223 68 45 '%J
315 243 31 16 AT
364 223 18 45 i.
425 245 72 24 ■•^.,./
567 242 28 27 ,:>

23 286 15 22 ■:
41 298 14 19 .
77 282 115 32 TOWN,
193 282 113 31 HALL,,
315 283 88 27 EAST
421 283 152 30 OXFORD,

37 328 1 3 ■
76 312 64 40 •''■■-.••.-:
160 318 115 35 ■.'■:V::\
303 336 42 21 m
382 344 3 2 ■
434 355 1 2 .
463 321 27 32 v.
510 346 10 7 ,
538 317 60 36 .:...'.

60 370 165 36 FRIDAY,
240 372 89 35 Am
353 371 237 41 SAT.Upi)AY,

111 418 48 24 3rd
177 426 48 16 and
242 419 50 23 4th
309 418 139 27 February,
468 419 72 24 1893.

124 482 5 10 ;
131 492 1 12 ;
134 481 11 13 y
163 478 41 25 .S£
240 480 97 31 'tf^'.'J'*:"
360 480 84 33 •'•.3J
470 493 4 7 <
475 489 2 3 :
479 480 33 26 '".
513 482 3 17 ;
522 482 42 25 ';"";
586 483 39 23 '/..■.

63 507 65 65 IN
145 507 44 24 the
205 507 134 32 Assigned^
345 506 89 26 Estate'
435 514 4 6 1
451 507 27 25 of
493 507 98 25 Messrs

138 540 143 25 MoKevett
294 542 19 22 &
325 541 54 28 Co.,
392 541 24 24 of
433 541 96 28 B.elfast
540 540 50 25 and

61 579 153 30 Melbourne,
232 581 80 24 Value

178 621 281 73 £L7,500

96 719 48 29 Six.
167 719 122 24 Hundred
299 719 67 29 ..and
394 720 69 30 Fifty,
489 718 101 26 Pounds

60 759 78 25 worth
151 758 26 26 of
186 758 82 26 which
280 759 63 24 have
355 758 62 25 been
429 758 163 32 apportioned

59 800 25 24 to
103 799 98 27 Oxford,
219 801 26 23 to
262 798 30 25 be
303 799 54 25 sold

141 848 165 26 WITHOUT
331 847 176 27 RESERVE.
532 844 2 26 :

60 935 53 26 The
125 935 84 26 Goods
221 944 40 17 are
273 936 33 25 all
317 936 71 29 New,
400 936 67 24 most
479 935 26 25 of
520 934 69 26 them

92 975 76 25 direct
185 976 194 31 consignments,
397 974 50 25 and
464 974 93 25 consist

141 1014 26 25 of
188 1014 43 24 the
258 1012 126 33 following
411 1014 64 23 lines
475 1028 34 3 —

59 1069 91 29 Calico,
181 1068 127 31 Sheeting,
339 1067 120 32 Shirting,
499 1066 89 31 Quilts,

90 1108 55 24 Bed
157 1108 97 29 Covers,
273 1106 101 30 Toilets,
392 1106 102 29 Towels,
512 1105 79 24 Blan-

91 1148 62 30 kets,
183 1148 78 30 Rugs,
291 1146 194 32 Counterpanes,
522 1145 67 24 Irish

91 1186 103 29 Linens,
214 1185 133 28 Damasks,
371 1184 121 32 Napkins,
517 1183 71 26 Cam-

91 1224 73 29 brics,
182 1223 170 31 Ready-Made
364 1222 125 31 Clothing,
508 1221 82 25 Linen

92 1265 91 27 Shirts,
218 1264 71 23 Piece
324 1263 91 28 Goods,
450 1262 70 25 West
565 1261 32 25 of

91 1302 118 32 England
218 1301 109 30 Tweeds,
340 1300 134 29 Worsteds,
493 1301 95 30 Serges,

91 1341 74 29 Irish,
176 1340 95 29 Freize,
282 1339 66 26 Lace
360 1338 126 30 Curtains,
499 1338 90 26 Ladies

91 1380 78 24 Dress
192 1379 91 28 Goods,
306 1378 94 28 Prints,
432 1377 156 29 Cashmeres,

92 1417 98 25 French
219 1416 93 30 Twills,
343 1416 64 31 Silk,
435 1415 153 30 Umbrellas,

92 1456 109 32 Cutlery,
237 1456 50 29 &c,
306 1456 51 28 &c,
379 1455 44 24 &c.

94 1533 57 26 Sale
169 1534 76 25 starts
262 1533 26 23 at
306 1533 14 22 2
350 1531 94 24 o'clock
473 1531 82 32 sharp.

191 1579 89 26 JOHN
298 1578 159 32 .INGRAM,

397 1617 158 26 Auctioneer,

147 1771 58 45 D.
212 1750 17 23 #
257 1769 239 54 ALLEN,

275 1834 88 24 LATE
583 1827 3 34 i

162 1875 139 32 JAMES
331 1874 153 36 ALLEN,

125 1921 399 39 BLACKSMITH,

106 1981 9 14 ♦
197 1974 89 29 East?
308 1973 144 29 Oxfokd.
485 1972 7 11 j
592 1962 11 20 *

94 2035 40 25 Mr
150 2035 33 25 D.
202 2035 72 25 Allen
291 2034 59 33 begs
375 2036 26 23 to
426 2034 115 24 intimate
564 2035 26 23 to

61 2076 42 25 the
120 2076 84 32 public
221 2076 26 24 of
258 2075 93 26 Oxford
362 2075 50 24 and
423 2074 167 31 surrounding

63 2115 97 24 district
183 2115 62 24 that
261 2114 33 24 he
321 2113 100 25 intends
449 2112 146 31 continuing

63 2154 43 24 the
123 2152 114 27 business
254 2151 27 25 of
303 2150 165 30 Blacksmith,
498 2150 95 30 carried

65 2202 33 18 on
113 2194 38 25 for
168 2201 27 18 so
212 2201 77 23 many
317 2200 70 25 years
414 2192 33 32 by
474 2192 41 25 his
543 2191 50 25 late

64 2234 88 29 father,
172 2234 49 24 and
238 2234 77 30 hopes
331 2233 33 31 by
381 2232 71 24 strict
468 2232 124 24 attention

65 2276 26 24 to
108 2274 115 24 business
240 2272 49 26 and
305 2272 126 25 moderate
448 2272 103 31 charges
569 2273 25 23 to

65 2315 83 24 insure
166 2314 43 25 the
226 2315 134 31 patronage
378 2312 26 26 of
430 2312 42 26 the
501 2310 132 28 OxforHH

65 2354 92 33 public.
576 2347 57 47 j^M

152 2480 136 44 FOR
331 2477 178 47 SALE.
584 2436 49 88 I

222 2613 257 33 PHAMPLBTS
583 2601 50 44 ■

171 2679 4 5 •
322 2675 31 16 BY

165 2710 72 25 REV
266 2710 24 26 J.
317 2710 182 28 HOSKINGS,
583 2691 50 46 H

307 2763 48 15 AND

198 2797 42 27 W.
258 2797 40 27 W.
310 2798 155 25 COLLINS.
585 2778 48 45 B

134 2851 33 26 At
185 2853 40 24 the
243 2852 74 26 Office
340 2853 24 24 of
381 2852 50 25 this
447 2852 85 32 Paper.
591 2842 42 35 H

258 2892 29 23 do
313 2893 43 22 not
526 2891 38 23 &c.
591 2883 42 47 Hj
