4320 6017
210 3959 67 32 Our
304 3958 135 33 Colonial
470 3959 184 34 Parliament
686 3961 55 32 has
775 3973 72 22 once

210 4012 83 21 more
308 4002 164 31 assembled
486 4002 31 32 in
541 4003 184 43 Wellington
738 4006 45 32 for
797 4006 51 33 the

210 4046 142 42 despatch
380 4046 32 33 of
436 4046 144 40 business,
610 4049 59 32 and
696 4049 67 33 that
797 4053 49 31 too

210 4091 96 31 under
320 4090 228 33 circumstances
562 4093 98 31 which
682 4094 93 31 afford
797 4095 51 32 the

211 4134 129 42 promise
355 4134 32 32 of
398 4144 18 22 a
430 4134 159 33 successful
609 4136 122 33 session.
784 4138 64 33 The

212 4178 180 33 Ministerial
418 4190 196 29 programme,
639 4192 31 20 as
694 4182 154 32 embodied

211 4222 32 31 in
255 4221 51 32 the
318 4221 105 41 speech
433 4222 72 31 with
515 4222 107 38 which,
633 4223 31 31 in
671 4225 177 33 accordance

212 4265 72 33 with
312 4265 218 34 time-honored
556 4270 125 36 custom,
707 4268 56 33 His
787 4269 40 33 Ex-

212 4310 132 41 cellency
378 4310 52 32 the
467 4321 143 30 governor
647 4314 112 40 opened
798 4314 50 33 the

213 4355 123 36 session,
352 4353 24 32 is
390 4365 33 21 so
437 4354 104 43 simple
557 4366 31 22 as
611 4357 108 33 almost
740 4361 30 29 to
790 4359 43 31 dis-

213 4409 65 23 arm
300 4399 184 42 opposition;
505 4403 59 39 yet,
585 4401 105 43 simple
712 4413 33 22 as
766 4402 24 35 it
811 4403 35 39 is,

212 4444 25 31 it
264 4444 151 31 embraces
448 4444 144 33 elements
626 4448 32 31 of
688 4448 73 31 vital
794 4449 36 31 im-

213 4491 140 39 portance
367 4491 32 30 to
412 4487 60 34 this
486 4488 70 43 long
569 4490 153 41 neglected
731 4493 117 41 portion

214 4533 32 31 of
266 4532 53 32 the
343 4531 122 43 Colony,
518 4535 118 41 Setting
659 4540 52 28 out
734 4536 72 33 with
831 4548 17 21 a

214 4576 55 33 few
283 4575 102 43 kindly
399 4576 201 36 observations
620 4580 156 42 regarding
798 4582 50 33 the

214 4620 173 41 impending
414 4621 178 34 celebration
616 4624 32 32 of
667 4624 50 33 the
740 4625 109 42 jubilee

214 4665 33 31 of
268 4664 63 32 Her
359 4664 127 43 Majesty
510 4666 50 32 the
582 4668 267 44 Queen—perhaps

214 4708 52 32 the
280 4710 79 30 most
373 4708 214 41 distinguished
601 4711 163 33 individual
785 4724 48 30 pre-

215 4751 98 41 sently
346 4761 39 22 on
419 4751 60 32 this
509 4752 204 42 planet—The
745 4757 104 40 speech

214 4795 115 42 rapidly
359 4806 101 31 passes
489 4796 32 33 hi
550 4798 105 32 review
685 4801 51 31 the
769 4813 82 21 more

214 4842 102 29 recent
349 4839 220 42 developments
604 4843 31 31 of
668 4843 51 32 the
757 4845 95 32 Maori

216 4883 103 41 people
330 4882 32 33 in
372 4882 51 34 the
435 4887 42 39 (to
489 4884 94 40 them)
594 4887 161 33 somewhat
766 4889 86 32 novel

216 4927 153 31 character
383 4928 32 30 of
437 4927 157 39 Colonists,
619 4929 138 43 dwelling
780 4932 71 31 with

211 4970 66 43 just
291 4970 139 42 approval
444 4983 80 30 upon
538 4972 50 34 the
599 4973 94 35 desire
703 4976 150 33 exhibited

216 5014 39 42 by
282 5015 51 31 the
359 5016 119 40 leading
504 5017 91 32 chiefs
623 5019 33 30 of
679 5019 50 32 the
757 5021 95 31 North

216 5058 103 32 Island
347 5058 109 43 (where
486 5059 92 33 chiefs
605 5071 49 23 are
685 5062 108 34 almost
821 5075 32 21 as

214 5101 140 42 plentiful
368 5112 33 22 as
414 5102 205 40 blackberries,
635 5105 58 31 and
715 5110 53 28 not
790 5107 66 32 half

218 5157 33 20 as
275 5145 96 33 useful
385 5151 31 28 to
439 5146 169 44 humanity)
634 5152 30 31 to
678 5161 34 22 co
734 5155 117 38 operate

218 5190 31 32 in
264 5190 50 32 the
338 5201 134 31 progress
487 5192 32 33 of
540 5193 103 34 Public
666 5195 105 33 Works
794 5197 58 32 and

218 5234 51 32 the
283 5234 170 33 settlement
475 5236 32 32 of
527 5237 51 32 the
592 5237 95 34 Land.
729 5241 25 30 A
780 5241 75 31 brief

216 5278 148 31 reference
380 5282 29 28 to
424 5279 50 31 the
489 5281 158 32 continued
661 5283 148 33 existence
824 5286 31 31 of

218 5321 187 34 commercial
419 5323 168 42 depression
602 5325 92 34 closes
719 5328 71 33 with
813 5339 38 22 an

218 5367 169 40 expression
401 5368 32 31 of
454 5369 120 40 opinion
590 5371 84 41 (with
698 5372 96 32 which
809 5384 42 21 we

218 5410 74 42 fully
320 5411 190 42 sympathise,
539 5413 143 43 although
710 5426 43 22 we
776 5416 76 42 hope

218 5455 100 32 rather
333 5455 73 33 than
421 5460 103 37 expect
537 5457 23 33 it
583 5469 68 31 may
669 5459 36 32 be
720 5465 44 35 so)
787 5462 66 31 that

218 5500 50 32 the
282 5500 169 42 depression
470 5504 81 30 must
571 5503 129 43 speedily
721 5504 77 42 yield
822 5507 31 31 to

218 5545 51 33 the
284 5545 162 33 additional
465 5546 191 42 expenditure
670 5552 48 38 yet
732 5552 30 30 to
787 5550 66 32 take

218 5590 82 39 place
310 5600 37 20 on
359 5589 99 40 public
469 5591 88 35 work,
569 5592 58 29 and
639 5595 29 28 to
680 5593 50 30 the
740 5594 113 30 further

217 5632 182 42 opening-up
413 5633 31 32 of
455 5633 51 32 the
520 5633 85 32 lands
620 5634 31 32 of
659 5635 50 32 the
731 5635 120 44 Colony.

217 5678 83 31 After
325 5688 17 21 a
366 5677 120 41 passing
509 5678 58 31 and
592 5679 193 40 appreciative
809 5693 28 20 re-

216 5721 115 33 ference
359 5724 31 30 to
416 5721 51 33 the
494 5722 108 33 Indian
630 5724 58 32 and
719 5724 134 37 Colonial

217 5766 176 32 Exhibition
407 5767 30 31 in
453 5767 135 37 London,
604 5768 49 31 the
668 5770 104 39 speech
788 5781 48 29 pro-

216 5810 85 31 ceeds
316 5813 30 28 to
360 5810 64 40 give
435 5810 183 31 Parliament
633 5822 37 19 an
696 5823 155 22 assurance

216 5853 66 35 that
298 5853 202 35 Government
514 5853 59 35 will
588 5855 154 43 anxiously
755 5857 96 33 watch

881 207 50 31 the
946 208 99 39 public
1069 212 200 38 expenditure,
1295 214 58 30 and
1374 214 66 31 that
1464 214 50 31 the

881 250 131 34 finances
1023 252 32 33 of
1073 254 50 32 the
1137 257 124 41 country
1275 267 48 21 are
1336 256 30 33 in
1381 267 17 22 a
1421 259 93 31 sound

881 296 160 32 condition.
1084 299 62 31 The
1161 311 65 19 new
1240 301 71 31 mail
1326 304 132 29 contract
1477 303 38 40 by

881 347 63 33 way
956 339 32 32 of
1010 340 61 32 San
1095 341 166 40 Francisco,
1282 344 31 32 in
1338 344 106 39 which,
1470 346 44 32 for

881 382 50 32 the
946 383 64 32 first
1025 385 71 32 time
1100 393 6 12 4
1122 387 50 30 the
1196 388 101 31 Union
1313 389 101 31 Steam
1441 391 74 39 Ship

882 425 152 44 Company
1048 428 67 33 take
1130 440 17 21 a
1161 430 127 42 position
1311 432 75 33 alike
1402 433 113 43 worthy

881 471 32 31 of
934 471 177 34 themselves
1134 476 58 30 and
1216 476 158 33 creditable
1389 480 30 29 to
1443 479 72 30 New

882 514 140 38 Zealand,
1054 517 108 32 affords
1189 521 109 30 matter
1325 520 44 31 for
1396 530 18 21 a
1441 520 76 32 brief

880 559 176 39 paragraph,
1071 561 59 29 and
1143 561 52 31 the
1213 561 166 41 remaining
1401 563 114 31 clauses

880 600 33 32 of
936 600 51 33 the
1011 601 106 42 speech
1139 603 66 33 deal
1229 605 72 32 with
1325 606 51 32 the
1401 607 113 32 clauses

880 644 96 31 which
991 655 50 21 are
1061 647 89 40 likely
1164 650 30 28 to
1219 658 110 30 engage
1344 649 51 31 the
1419 652 79 28 atten-

880 686 62 34 tion
957 687 32 33 of
1000 688 50 33 the
1065 694 124 37 country
1203 690 59 33 and
1281 692 32 32 of
1332 692 183 33 Parliament

880 731 31 30 in
938 732 50 30 the
1014 743 100 20 course
1140 734 31 30 of
1195 735 50 30 the
1274 736 121 31 session.
1452 738 62 31 The

880 774 89 32 much
983 777 92 30 vexed
1089 777 135 40 question
1240 779 31 30 of
1282 779 50 31 the
1347 780 116 32 finance
1487 782 30 31 of

880 818 75 33 local
969 819 109 38 bodies,
1094 821 58 31 and
1167 821 49 33 the
1231 833 111 30 powers
1357 826 31 29 to
1402 824 35 32 be
1446 835 51 22 con-

880 863 94 31 ferred
995 875 38 20 on
1057 865 73 30 such
1151 865 108 36 bodies,
1286 878 49 19 are
1356 870 30 28 to
1407 868 35 30 be
1464 869 50 30 the

880 905 113 43 subject
1008 907 31 31 of
1051 916 17 21 a
1082 907 71 39 bill;
1176 908 58 31 and
1249 908 50 33 the
1312 909 202 34 Government

880 962 117 31 express
1012 952 77 33 their
1102 953 140 41 approval
1257 955 31 32 of
1300 955 40 31 all
1351 955 50 33 the
1411 967 103 21 means

880 996 98 35 taken,
995 1007 32 20 or
1041 999 30 29 to
1085 996 35 32 be
1136 998 133 39 adopted,
1285 998 45 31 for
1341 999 174 41 developing

881 1039 49 32 the
945 1039 105 39 mines,
1062 1040 104 32 forests
1181 1041 59 32 and
1253 1041 133 33 fisheries
1411 1043 31 31 of
1464 1043 50 32 the

880 1087 133 39 country.
1076 1084 40 33 So
1149 1085 45 32 far
1221 1096 32 22 as
1287 1097 141 22 concerns
1462 1099 53 21 our

880 1129 116 32 readers
1007 1129 176 42 personally,
1196 1129 50 34 the
1255 1134 72 29 next
1337 1132 176 42 paragraph,

880 1173 127 39 relating
1021 1184 31 20 as
1066 1174 24 30 it
1104 1175 68 30 does
1186 1179 31 26 to
1231 1175 120 39 railway
1365 1179 132 28 construc-

880 1215 63 32 tion
958 1225 38 22 on
1019 1216 61 32 this
1104 1216 61 33 side
1188 1217 31 32 of
1239 1216 51 33 the
1313 1217 111 39 Island,
1450 1221 48 30 out-

880 1261 110 42 weighs
1003 1261 32 33 in
1059 1262 181 41 importance
1264 1263 40 31 all
1328 1263 50 33 the
1402 1267 61 29 rest
1487 1264 30 33 of

881 1305 49 32 the
942 1306 105 39 speech
1059 1317 5 26 ;
1082 1307 57 30 and
1150 1307 24 31 it
1184 1307 92 38 ought
1288 1310 29 29 to
1329 1307 34 31 be
1373 1318 125 21 re-assur-

880 1348 51 41 ing
945 1351 30 29 to
989 1348 51 33 the
1054 1351 78 30 most
1146 1350 134 32 faithless
1290 1350 58 31 and
1358 1350 157 33 weakneed

881 1392 119 32 brother
1021 1396 137 37 amongst
1180 1405 34 19 us
1229 1397 30 28 to
1273 1395 86 30 know
1374 1395 65 31 that
1464 1396 50 30 the

881 1439 221 39 arrangements
1117 1437 121 33 effected
1249 1438 44 33 for
1304 1438 50 33 the
1365 1441 132 30 construc-

880 1481 62 32 tion
957 1482 32 31 of
1010 1482 50 31 the
1075 1482 75 31 East
1165 1483 58 31 and
1245 1484 82 31 West
1343 1484 88 31 Coast
1456 1485 59 30 and

880 1525 110 30 Nelson
1002 1525 132 39 Eailway
1143 1536 48 20 are
1203 1526 153 39 complete,
1364 1527 151 38 requiring

881 1566 69 44 only
964 1567 50 33 the
1029 1567 106 33 formal
1146 1569 135 33 sanction
1292 1569 32 33 of
1332 1569 183 33 Parliament

879 1612 32 32 in
925 1613 104 39 regard
1043 1616 30 29 to
1093 1624 17 20 a
1134 1614 55 31 few
1212 1617 124 28 matters
1360 1615 33 30 of
1413 1615 100 30 detail.

880 1656 108 41 Papers
1000 1666 49 23 are
1064 1658 30 31 to
1108 1656 35 33 be
1158 1658 155 40 presented
1337 1658 121 32 relative
1483 1660 31 31 to

880 1700 49 31 the
933 1701 95 31 South
1054 1701 57 31 Sea
1137 1701 117 31 Islands
1281 1702 102 41 (about
1406 1703 107 36 which,

879 1754 42 22 we
936 1743 95 39 think,
1056 1754 17 22 a
1087 1747 83 39 great
1192 1744 65 34 deal
1282 1748 48 30 too
1344 1745 91 33 much
1459 1746 54 32 has

878 1788 74 32 been
980 1789 117 32 written
1122 1790 58 31 and
1208 1790 63 31 said
1298 1790 130 40 already)
1457 1791 58 31 and

878 1831 221 32 Consolidation
1127 1833 75 31 Bills
1229 1844 49 21 are
1305 1833 147 40 promised
1477 1844 38 21 on

878 1875 111 30 several
1019 1875 137 40 subjects.
1220 1876 63 31 The
1316 1877 99 40 parcel
1449 1880 66 37 post

878 1920 108 38 system
998 1918 24 31 is
1037 1920 31 30 to
1081 1918 35 32 be
1128 1918 181 38 introduced,
1320 1920 59 31 and
1391 1920 125 32 another

877 1962 85 31 effort
989 1962 32 31 of
1044 1962 167 40 legislation
1239 1963 25 31 is
1286 1964 173 31 threatened
1483 1964 32 31 in

876 2005 176 32 connection
1095 2006 72 31 with
1211 2006 67 33 that
1321 2007 192 33 unfortunate

877 2049 137 42 bantling
1028 2050 31 32 of
1071 2049 58 33 last
1140 2051 121 38 session,
1276 2051 51 33 the
1343 2052 170 32 Charitable

877 2094 56 32 Aid
947 2094 58 32 and
1020 2094 153 43 Hospitals
1192 2096 65 32 Act.
1311 2096 81 33 Such
1414 2096 24 33 is
1463 2097 51 33 the

876 2150 196 30 programme.
1115 2141 28 31 It
1157 2141 26 31 is
1196 2144 53 28 not
1263 2153 69 29 very
1353 2143 159 36 extensive,

876 2183 54 31 but
949 2183 26 31 is
998 2185 49 40 yet
1074 2183 73 33 wide
1175 2185 118 41 enongh
1320 2187 31 31 to
1379 2185 134 33 embrace

876 2230 108 30 matter
999 2229 32 32 of
1048 2228 72 33 vital
1142 2229 123 33 interest
1287 2233 31 30 to
1341 2231 50 32 the
1417 2232 94 31 State.

877 2272 63 32 The
954 2272 117 41 portion
1095 2273 127 41 relating
1236 2276 30 30 to
1290 2274 121 41 railway
1435 2284 57 23 com-

876 2317 216 38 munnication,
1109 2317 32 33 in
1155 2319 170 40 particular,
1348 2319 61 32 will
1420 2320 93 32 excite

876 2360 51 32 the
936 2360 120 32 keenest
1068 2362 57 31 and
1134 2364 78 30 most
1223 2362 158 42 absorbing
1391 2363 122 32 interest

876 2415 39 22 on
929 2405 51 32 the
995 2407 66 39 part
1076 2406 32 32 of
1129 2417 54 22 our
1196 2407 117 32 readers
1337 2407 59 32 and
1411 2407 32 33 of
1461 2408 52 32 the

876 2449 103 41 people
993 2449 32 33 of
1036 2449 51 33 the
1102 2450 89 32 Coast
1204 2451 32 31 in
1250 2451 129 41 general.
1435 2452 78 32 That

876 2493 123 32 interest
1026 2494 23 32 it
1076 2494 61 32 will
1163 2494 37 32 be
1227 2506 53 21 our
1307 2496 145 32 endeavor
1483 2499 30 29 to

875 2538 108 42 gratify
997 2540 31 31 to
1042 2538 51 33 the
1108 2538 54 33 full
1176 2538 39 43 by
1225 2540 100 41 giving
1339 2540 172 33 exhaustive

876 2583 59 31 and
949 2583 121 31 reliable
1084 2583 175 40 particulars
1275 2585 31 31 of
1314 2585 50 31 the
1377 2585 135 40 question

876 2635 33 21 as
933 2626 23 31 it
971 2627 154 31 continues
1150 2630 30 28 to
1195 2627 120 41 develop
1336 2628 82 32 itself
1437 2628 76 32 from

876 2668 72 34 time
963 2672 30 31 to
1007 2670 82 33 time.
1142 2670 63 34 The
1219 2682 187 31 programme
1430 2672 83 33 looks

876 2714 120 33 feasible
1009 2715 59 32 and
1076 2715 134 32 business
1221 2717 76 37 like;
1314 2718 58 30 and
1386 2718 23 30 it
1421 2718 92 39 ought

876 2760 32 30 to
931 2758 36 32 be
994 2761 62 30 met
1080 2759 72 31 with
1176 2760 120 41 general
1320 2762 139 40 approval
1485 2761 32 33 of

876 2802 193 33 Parliament.
1122 2804 69 32 Into
1205 2804 50 32 the
1280 2806 104 31 details
1407 2806 32 31 of
1459 2806 51 32 the

876 2857 150 22 measures
1040 2848 143 40 proposed
1192 2851 31 29 to
1233 2848 36 32 be
1279 2849 61 31 laid
1350 2849 98 32 before
1460 2850 51 31 the

877 2890 112 37 House,
1024 2901 43 21 we
1096 2891 32 31 of
1151 2901 103 22 course
1281 2896 109 28 cannot
1418 2895 92 35 enter,

879 2933 76 32 until
982 2933 85 33 those
1094 2945 150 22 measures
1267 2935 76 33 have
1370 2936 75 32 been
1469 2936 29 32 in-

878 2977 149 37 troduced,
1040 2978 58 30 and
1109 2977 51 32 the
1165 2978 68 31 bills
1240 2978 168 33 circulated.
1451 2980 63 31 The

878 3021 119 40 general
1011 3021 157 41 principles
1179 3033 80 30 upon
1273 3023 97 32 which
1384 3023 70 41 they
1465 3034 49 22 are

878 3064 99 38 based,
992 3064 144 39 however,
1153 3075 106 32 appear
1274 3068 30 31 to
1328 3067 82 41 place
1431 3067 83 33 them

878 3108 115 42 beyond
1007 3109 168 42 unfriendly
1193 3111 150 37 criticism,
1355 3123 73 20 even
1439 3123 75 20 were

878 3163 44 22 we
948 3152 135 43 disposed
1109 3155 31 31 to
1168 3154 88 43 adopt
1283 3155 66 33 that
1376 3155 85 33 mode
1486 3156 31 33 of

878 3198 119 40 dealing
1010 3198 72 32 with
1097 3209 17 21 a
1130 3199 202 33 Government
1352 3201 97 31 which
1471 3213 44 19 we

878 3241 111 31 believe
1004 3244 30 28 to
1058 3241 35 31 be
1105 3242 50 30 the
1166 3242 65 31 first
1242 3245 30 29 to
1282 3243 113 31 exhibit
1404 3254 17 20 a
1431 3254 84 21 sense

879 3284 32 34 of
922 3284 50 34 the
987 3285 89 33 needs
1101 3286 58 32 and
1183 3286 95 42 rights
1303 3288 31 33 of
1355 3288 51 33 the
1431 3288 83 33 West

880 3329 97 38 Coast,
993 3331 58 30 and
1071 3340 17 21 a
1102 3331 93 31 desire
1219 3334 31 29 to
1271 3331 184 42 incorporate
1480 3343 35 21 us

879 3373 71 32 with
965 3385 52 21 our
1031 3374 96 33 fellow
1136 3375 140 33 colonists
1288 3387 38 22 on
1337 3377 51 32 the
1398 3380 117 29 eastern

879 3418 150 31 seaboard.

912 3512 58 29 The
981 3522 65 18 men
1059 3514 144 35 employed
1234 3523 19 18 n
1266 3515 46 28 the
1326 3516 55 35 Tyr
1402 3516 114 28 Connell

879 3559 45 20 are
936 3550 110 36 stoping
1058 3556 48 22 out
1116 3552 104 27 similar
1230 3558 78 23 stone
1319 3555 27 26 to
1359 3553 62 28 last.
1457 3555 59 26 The

879 3588 90 28 leader
987 3589 24 27 is
1035 3588 115 37 keeping
1174 3590 119 28 uniform
1319 3592 28 27 in
1373 3592 64 34 size,
1462 3593 54 27 and

879 3626 123 30 contains
1014 3627 70 36 good
1097 3628 76 29 show
1185 3628 30 30 of
1225 3629 71 34 gold.

913 3674 119 34 Driving
1051 3676 30 27 in
1102 3675 51 28 No.
1176 3677 16 27 6
1214 3676 71 29 level
1307 3677 29 28 in
1350 3677 46 29 the
1417 3678 100 36 Alpine

878 3712 43 29 for
933 3713 80 29 north
1023 3712 80 30 block
1115 3713 51 29 has
1178 3723 62 20 now
1250 3715 96 37 passed
1359 3715 47 30 the
1416 3725 99 28 survey

879 3753 78 37 point
969 3753 33 28 15
1023 3752 63 36 feet,
1108 3752 56 30 and
1184 3753 47 30 the
1251 3764 134 26 manager
1406 3755 111 30 decided

879 3791 29 27 in
933 3791 47 29 the
1004 3791 77 36 early
1101 3795 61 33 part
1191 3791 29 29 of
1225 3792 47 28 the
1293 3793 76 28 week
1382 3801 28 20 to
1423 3799 94 22 return

879 3830 36 28 80
933 3828 54 31 feet
1009 3829 55 29 and
1086 3839 73 20 cross
1179 3833 46 27 cut
1244 3834 28 26 at
1291 3840 16 20 a
1329 3833 77 36 point
1427 3833 90 29 where

881 3878 54 26 pug
947 3879 56 17 was
1017 3869 133 36 showing.
1189 3870 83 27 Stone
1282 3871 23 26 is
1315 3873 108 33 coming
1433 3873 84 34 freely

877 3906 74 29 from
964 3906 46 28 the
1023 3906 77 28 other
1112 3906 122 36 portions
1248 3907 30 27 of
1295 3908 45 27 the
1354 3908 84 28 mine.
1482 3910 36 27 At

881 3944 46 29 the
940 3944 106 37 battery
1060 3945 45 28 the
1119 3945 78 28 usual
1210 3945 105 36 weekly
1328 3956 125 27 scraping
1462 3957 57 19 was

881 3988 49 22 not
941 3992 70 24 gone
1028 3983 119 32 through
1168 3985 154 35 yesterday,
1345 3985 50 28 but
1408 3986 55 27 will
1486 3987 32 26 be

881 4020 122 29 deferred
1016 4021 72 28 until
1102 4021 172 37 Wednesday
1291 4027 73 28 next,
1378 4023 81 29 when
1472 4024 47 29 the

882 4059 127 37 monthly
1028 4060 125 34 cleaning
1174 4070 37 28 up
1232 4061 76 28 takes
1330 4062 85 36 place.
1461 4064 58 28 The

882 4102 122 24 contract
1016 4098 41 28 for
1070 4098 119 34 clearing
1202 4100 54 26 and
1276 4100 128 35 levelling
1422 4102 97 35 tailing

882 4135 49 29 site
944 4136 24 28 is
980 4145 62 20 now
1056 4136 160 38 completed,
1231 4138 53 28 and
1294 4137 46 30 the
1352 4143 167 26 contractors

882 4175 40 27 for
934 4175 47 28 the
995 4175 70 28 head
1077 4185 61 19 race
1160 4187 44 18 are
1218 4177 113 36 making
1351 4180 71 33 good
1435 4180 68 27 head-

881 4221 70 25 way.

918 4260 44 36 Up
975 4265 27 23 to
1016 4259 46 29 the
1075 4260 53 29 end
1143 4260 30 29 of
1183 4260 52 29 last
1255 4261 97 30 month
1373 4262 46 30 the
1438 4264 79 36 Lyell

882 4298 86 28 Creek
981 4299 66 28 Low
1061 4299 81 29 Level
1163 4300 107 28 Tunnel
1290 4301 55 28 had
1368 4303 121 28 attained
1503 4314 16 18 a

882 4336 122 30 distance
1027 4338 29 28 of
1074 4339 66 27 1501
1161 4338 62 34 feet,
1247 4339 102 35 having
1362 4341 94 28 driveu
1478 4343 41 28 for

882 4375 61 29 that
966 4376 97 28 month
1086 4387 16 17 a
1122 4376 122 31 distance
1262 4380 27 26 of
1310 4380 32 27 57
1362 4379 61 30 feet.
1460 4381 58 29 The

882 4420 116 33 country
1022 4416 85 37 lately
1131 4416 49 30 has
1210 4418 95 29 shown
1332 4420 184 29 considerable

882 4455 115 36 change,
1023 4464 59 19 now
1108 4455 82 37 being
1213 4457 28 27 in
1272 4458 169 38 moderately
1465 4461 54 28 soft

883 4493 75 29 slate.
1007 4494 28 29 It
1056 4495 23 28 is
1102 4495 128 36 expected
1256 4496 59 29 that
1339 4497 46 29 the
1410 4504 109 31 present

883 4536 175 30 contractors,
1081 4533 62 28 who
1156 4533 70 29 have
1245 4535 82 29 about
1349 4537 50 27 100
1418 4537 53 28 feet
1490 4541 27 25 to

883 4570 85 35 drive,
992 4572 55 29 will
1074 4572 134 37 complete
1238 4573 72 30 their
1334 4575 183 39 undertaking

883 4609 83 29 about
980 4610 44 28 the
1035 4611 53 27 end
1102 4612 29 26 of
1141 4611 81 27 June.

918 4667 58 28 The
997 4667 122 30 Manuka
1133 4669 62 28 Flat
1216 4669 70 28 Gold
1310 4670 108 37 Mining
1437 4671 60 29 Com-

884 4707 96 33 pany's
993 4707 96 26 tunnel
1103 4707 22 26 is
1139 4716 61 19 now
1212 4708 28 26 in
1254 4707 120 28 between
1391 4709 59 27 four
1462 4711 55 27 and

884 4744 53 26 live
967 4743 125 28 hundred
1122 4745 61 27 feet.
1232 4745 87 28 There
1348 4746 24 28 is
1402 4756 16 19 a
1448 4747 69 29 little

885 4780 105 38 change
1015 4782 28 28 in
1070 4782 45 28 the
1146 4786 115 33 country
1289 4784 73 29 since
1393 4794 50 19 our
1466 4787 53 28 last

885 4824 108 31 report;
1029 4820 126 28 boulders
1185 4821 28 27 in
1244 4823 46 26 the
1316 4824 93 33 gravel
1439 4824 81 35 being

885 4857 98 36 larger,
1005 4857 55 28 and
1082 4867 15 18 a
1115 4862 107 32 greater
1240 4860 127 35 quantity
1389 4861 29 28 of
1439 4861 78 29 black

887 4895 76 28 sand.
1000 4896 57 27 The
1080 4897 92 31 gravel
1185 4897 50 28 has
1248 4903 49 22 not
1315 4899 100 35 dipped
1436 4902 83 26 much

886 4933 73 28 since
981 4933 116 35 striking
1118 4934 21 27 it
1151 4933 28 29 in
1201 4935 44 28 the
1264 4937 75 33 roof;
1361 4938 158 29 sometimes

886 4972 22 28 it
920 4971 90 30 shows
1031 4973 76 28 three
1127 4973 63 34 feet,
1211 4974 54 29 and
1280 4977 155 28 sometimes
1454 4979 65 35 only

887 5020 61 23 one,
970 5011 54 28 and
1045 5012 23 26 is
1080 5012 82 36 going
1174 5013 29 27 in
1222 5014 46 27 the
1292 5023 75 18 same
1388 5016 82 33 grade
1491 5026 29 17 as

887 5048 45 28 the
963 5049 104 28 tunnel.
1113 5050 176 36 Prospecting
1313 5051 50 28 has
1395 5057 49 23 not
1473 5060 46 28 yet

887 5087 83 27 found
992 5097 55 26 any
1068 5088 72 35 gold,
1162 5088 57 33 but,
1242 5098 30 18 as
1294 5089 45 28 the
1360 5095 116 32 country
1497 5093 23 26 is

887 5124 144 34 changing,
1044 5126 22 27 it
1078 5125 23 28 is
1122 5125 83 37 likely
1218 5130 27 24 to
1263 5127 33 27 be
1317 5132 58 24 met
1386 5129 65 27 with
1467 5139 54 26 any

885 5162 63 37 day.
984 5163 123 38 Judging
1127 5164 36 37 by
1183 5165 46 29 the
1251 5175 50 28 ups
1323 5167 54 28 and
1390 5167 28 28 de
1425 5175 60 21 wn;
1492 5170 29 26 in

890 5203 46 28 the
956 5203 128 28 bed-rock
1098 5204 74 28 there
1186 5211 102 22 cannot
1307 5205 32 28 be
1360 5216 56 26 any
1438 5208 83 27 doubt

886 5241 60 28 that
968 5241 46 28 the
1035 5252 63 17 men
1119 5252 45 17 are
1188 5252 62 18 now
1275 5254 35 17 on
1334 5254 16 17 a
1373 5245 73 27 river
1469 5245 50 28 bed

886 5280 156 33 formation,
1056 5280 54 27 and
1124 5280 46 28 the
1189 5281 121 28 distance
1331 5290 61 19 now
1413 5283 106 35 pierced

887 5317 74 30 show
986 5318 61 29 that
1065 5317 67 38 they
1152 5327 45 20 are
1221 5319 61 28 well
1306 5320 30 28 in
1360 5320 88 29 under
1472 5321 47 30 the

887 5357 70 27 Flat.
995 5358 28 27 It
1040 5358 23 26 is
1082 5357 62 28 well
1162 5357 100 28 known
1282 5358 59 29 that
1360 5360 66 36 deep
1445 5360 75 29 leads

886 5404 36 18 on
936 5395 45 36 big
992 5395 62 27 flats
1067 5404 78 27 carry
1158 5395 46 28 the
1224 5396 63 35 gold
1306 5406 95 19 nearer
1423 5401 27 25 to
1472 5399 47 29 the

887 5438 91 24 centre
1004 5433 68 29 than
1098 5443 34 19 on
1158 5433 46 29 the
1230 5435 74 36 edge,
1331 5436 54 28 and
1415 5437 23 28 if
1465 5438 54 29 this

887 5471 96 37 theory
1006 5482 96 27 proves
1125 5476 102 25 correct
1250 5474 65 36 they
1336 5475 69 28 have
1419 5486 16 18 a
1456 5476 64 37 long

887 5509 123 30 distance
1028 5513 47 35 yet
1094 5516 27 23 to
1134 5511 75 29 drive
1223 5511 89 31 before
1325 5514 115 39 striking
1452 5526 49 28 any-

888 5549 79 38 thing
993 5549 89 38 payab
1095 5560 22 19 e.
1166 5551 58 28 The
1254 5552 65 29 rock
1348 5563 62 19 now
1440 5555 80 37 being

888 5588 108 27 worked
1011 5589 22 26 is
1046 5589 36 26 all
1095 5588 117 36 blasting
1233 5591 115 33 ground,
1371 5593 63 32 and,
1457 5603 46 18 con-

888 5624 121 37 sidering
1021 5626 61 28 that
1094 5626 66 35 only
1173 5631 53 24 two
1238 5636 61 20 men
1312 5638 43 19 are
1366 5631 153 37 employed,

887 5664 69 35 good
969 5664 132 37 headway
1114 5666 22 26 is
1149 5664 79 38 being
1242 5667 87 28 made.

921 5711 58 29 The
1015 5711 95 30 Buller
1142 5712 108 38 County
1286 5714 111 30 Council
1434 5716 85 30 iuvite

887 5751 108 28 tenders
1011 5752 28 27 in
1052 5751 56 28 this
1127 5751 71 29 issue
1212 5754 39 27 for
1272 5754 116 28 sections
1400 5756 13 26 1
1428 5756 54 27 and
1504 5758 15 25 2

886 5789 31 27 of
926 5789 46 27 the
990 5790 143 34 Specimen
1155 5791 84 26 Creek
1259 5792 74 29 road,
1356 5793 163 32 Mokihinui,

887 5826 52 28 and
953 5828 40 27 for
1006 5828 191 28 maintenance
1210 5828 29 28 of
1251 5828 44 29 the
1312 5828 134 40 Westport
1465 5831 52 28 and

887 5865 160 29 Charleston
1056 5866 74 28 road.

1585 217 57 27 The
1656 218 123 28 accident
1792 223 27 24 to
1838 219 46 28 the
1907 220 102 28 Nelson
2030 221 83 27 coach
2135 222 53 28 last

1552 254 136 39 Saturday
1701 255 48 30 has
1761 256 67 30 been
1851 258 188 38 considerably
2061 269 109 27 exagger-

1552 294 60 28 ated
1625 294 37 36 by
1675 305 74 17 some
1768 296 30 27 of
1817 305 49 19 our
1888 298 237 35 contemporaries,
2140 299 46 27 the

1552 332 132 37 principal
1714 333 213 30 inconvenience
1958 335 90 29 which
2067 336 119 30 resulted

1551 381 55 19 was
1618 371 80 37 delay
1711 371 29 29 in
1752 373 153 31 the'mails,
1919 374 54 28 and
1994 384 17 18 a
2031 376 52 27 few
2104 376 82 35 slight

1551 411 137 26 scratches
1712 411 140 27 sustained
1890 411 35 35 by
1949 420 177 27 passengers;
2157 414 29 28 in

1551 447 63 32 fact,
1627 448 66 29 with
1705 448 105 30 drivers
1830 448 53 31 like
1905 449 46 30 the
1970 450 149 30 Newmans
2131 453 55 29 and

1552 487 75 28 Mick
1644 487 102 34 Coster,
1758 488 124 35 together
1901 489 66 28 with
1989 491 149 28 excellence
2159 491 29 29 of

1551 524 46 28 the
1609 525 94 28 horses
1724 526 76 31 used,
1813 526 123 29 accident
1956 527 22 28 is
1999 527 116 29 reduced
2128 533 28 24 to
2169 540 17 17 a

1551 571 15 17 a
1579 563 149 27 minimum
1738 571 35 19 on
1786 563 56 28 this
1854 564 62 28 line.

1586 609 104 30 Should
1719 611 135 28 sufficient
1889 617 229 31 encouragement
2152 614 33 29 be

1551 646 99 29 offered
1664 648 21 27 it
1698 648 23 27 is
1732 648 130 28 intended
1876 654 27 23 to
1929 649 64 28 hold
2006 659 36 18 an
2061 655 125 24 amateur

1551 686 214 29 entertainment
1784 686 111 38 shortly,
1910 687 41 29 for
1971 688 46 29 the
2031 698 115 28 purpose
2159 690 29 29 of

1551 724 101 33 raising
1674 725 82 27 funds
1768 725 42 27 for
1831 726 147 35 supplying
1999 728 79 34 Lyell
2090 728 66 27 with
2170 740 16 17 a

1551 761 65 28 hose
1638 762 40 28 for
1698 762 48 28 fire
1767 771 138 28 purposes.
1943 764 58 29 The
2019 766 132 28 reservoir
2163 767 22 27 is

1551 809 62 18 now
1636 800 161 37 completed,
1823 801 53 28 and
1907 802 120 28 remains
2059 813 108 28 perman-

1551 839 76 35 ently
1640 839 58 33 full,
1720 840 147 36 supplying
1888 851 16 17 a
1925 841 124 36 splendid
2062 852 124 26 pressure

1552 876 30 25 of
1598 881 93 27 water,
1713 877 56 26 and
1790 878 47 26 the
1858 879 171 26 inhabitants
2047 881 56 25 will
2122 881 64 35 only

1551 912 69 29 have
1645 913 166 30 themselves
1831 919 29 24 to
1881 914 91 31 blame
1992 915 98 31 should
2104 926 15 21 a
2138 918 48 30 fire

1551 962 88 28 sweep
1653 954 45 29 the
1711 955 87 28 entire
1811 955 137 37 township
1961 957 41 28 for
2013 957 46 28 the
2072 962 75 25 want
2159 959 29 28 of

1551 992 136 27 sufficient
1708 992 65 28 hose
1797 994 156 34 appliances
1966 998 27 24 to
2012 995 85 28 check
2114 996 22 27 it
2158 1002 28 22 at

1551 1028 46 29 the
1610 1032 77 26 start.

1585 1076 58 29 The
1657 1079 109 28 Annual
1778 1079 145 35 Licensing
1936 1079 122 37 Meeting
2078 1082 41 28 for
2139 1082 47 29 the

1551 1115 105 29 district
1688 1117 29 28 of
1751 1118 86 34 Lyell,
1871 1119 54 29 will
1956 1119 63 28 take
2048 1121 75 33 place
2159 1125 28 25 at

1551 1155 46 27 the
1623 1156 84 28 Court
1731 1157 105 33 House,
1867 1158 87 34 Lyell,
1980 1168 35 18 on
2040 1159 145 36 Thursday

1550 1197 73 28 next,
1637 1194 47 26 3rd
1698 1194 81 33 June,
1792 1199 28 22 at
1834 1195 45 27 the
1894 1195 71 27 hour
1977 1196 29 26 of
2022 1197 32 26 12
2073 1197 112 32 o'clock,

1551 1239 81 20 noon.

1586 1279 57 28 The
1668 1280 96 28 tender
1789 1281 30 28 of
1840 1281 27 28 J.
1895 1281 116 32 Devine,
2038 1284 81 32 £390,
2147 1284 40 28 for

1551 1319 103 25 section
1669 1320 24 29 5,
1707 1318 54 27 and
1779 1319 60 27 that
1853 1319 30 27 of
1901 1321 32 26 G.
1958 1321 125 35 Clapton,
2105 1310 81 44 i*s2o,

1552 1354 40 29 for
1605 1356 101 27 section
1725 1356 150 35 6—Rough
1898 1357 53 28 and
1973 1357 214 30 Tumble-Kan.-

1552 1394 241 28 mearoad—have
1808 1396 65 26 been
1888 1397 136 34 accepted.

1585 1440 106 30 Letters
1705 1441 29 29 of
1752 1442 207 30 naturalisation
1981 1443 69 29 have
2062 1444 70 30 been
2152 1446 23 28 is-

1551 1480 66 27 sued
1631 1484 27 24 to
1668 1481 121 27 Antonio
1799 1481 120 35 Bonetti,
1929 1482 113 28 Charles
2053 1484 134 28 Williams

1552 1518 187 31 Groenewold,
1754 1519 54 26 and
1821 1519 112 27 Charles
1946 1520 186 33 Christenson,
2151 1523 36 26 all

1551 1554 119 35 residing
1684 1557 28 26 at
1730 1555 87 36 Lyell.

1587 1603 50 28 We
1660 1604 85 28 direct
1767 1604 133 28 attention
1923 1608 27 26 to
1977 1606 47 29 the
2047 1607 140 36 following

1552 1650 60 19 new
1625 1642 139 36 W'jstport
1776 1642 123 28 business
1916 1644 102 28 notices
2036 1648 149 36 appearing

1552 1689 35 19 on
1618 1680 74 29 third
1723 1690 67 27 page
1827 1682 28 27 in
1888 1682 55 29 this
1972 1684 215 36 impression:—

1552 1717 121 28 Thomas
1687 1719 78 27 Field
1779 1719 54 28 and
1853 1719 57 32 Co.,
1924 1720 206 38 ironmongers;
2152 1724 32 27 F.

1552 1756 43 29 W.
1609 1756 173 36 Hagedorn's
1801 1758 133 30 furniture
1954 1761 176 36 warehouse;
2151 1763 32 29 G.

1552 1796 149 35 Ferguson,
1724 1796 127 36 tailoring
1872 1799 153 35 emporium
2038 1808 6 24 ;
2064 1801 121 29 Thomas

1552 1833 113 30 Lawrie,
1696 1833 133 36 importer
1858 1835 30 27 of
1923 1836 159 35 hardware;
2121 1839 66 28 Miss

1552 1870 144 35 Kennedy,
1738 1871 140 34 milliner;
1926 1874 33 27 A.
2003 1875 180 36 Richardson,

1552 1908 133 34 chemist;
1716 1909 30 27 P.
1778 1909 89 38 Kelly,
1890 1912 176 36 engineering
2095 1914 75 30 black-

1551 1947 85 28 smith
1651 1956 6 25 ;
1688 1947 55 29 and
1772 1949 43 28 W.
1846 1949 56 28 and
1932 1950 28 29 J.
1992 1951 108 36 Harris,
2131 1963 56 19 saw

1551 1985 83 27 mills.

1584 2032 155 30 Alteration
1769 2034 28 28 in
1829 2035 129 30 Cilmer's
1977 2036 210 33 advertisement

1551 2072 101 36 setting
1681 2076 48 24 out
1753 2073 169 30 dimensions
1951 2076 31 28 of
2003 2077 105 28 theatre
2132 2079 55 28 will

1550 2120 102 29 appear
1681 2111 29 29 in
1740 2116 64 26 next
1833 2114 82 30 issue.
1970 2115 58 30 The
2064 2116 123 32 Princess

1550 2151 127 33 Theatre,
1691 2152 148 35 Westport,
1851 2154 25 26 is
1888 2163 15 18 a
1925 2154 152 30 handsome
2098 2157 73 28 build-

1550 2188 47 34 ing
1619 2189 57 28 70ft
1696 2198 18 19 x
1736 2190 55 29 30ft
1812 2191 98 35 iuside,
1932 2193 159 39 containing
2112 2198 74 34 stage

1550 2227 57 29 30ft
1620 2238 16 18 x
1649 2229 65 32 21ft,
1727 2230 65 27 with
1806 2232 132 34 complete
1951 2236 54 24 sets
2025 2233 31 28 of
2074 2244 113 27 scenery

1550 2265 53 28 and
1616 2266 73 36 large
1702 2267 124 37 dressing
1846 2278 100 19 rooms.
1984 2270 57 29 The
2054 2271 94 38 height
2161 2272 29 28 of

1549 2304 77 29 walls
1638 2305 23 29 is
1674 2306 64 33 20ft,
1752 2307 54 28 and
1827 2307 47 30 the
1895 2318 78 20 room
1992 2310 25 29 is
2036 2311 112 37 capable
2161 2312 29 28 of

1550 2344 106 34 seating
1669 2345 51 27 600
1737 2346 105 35 people.

1584 2391 59 29 The
1656 2391 176 31 substitution
1846 2393 29 29 of
1893 2404 61 20 new
1976 2396 211 32 advertisement

1549 2430 43 28 for
1606 2431 27 27 S.
1648 2431 109 34 Bolton,
1771 2441 181 28 nurseryman
1966 2435 54 28 and
2034 2437 153 35 seedsman,

1551 2468 111 34 Nelson,
1684 2479 77 20 came
1783 2474 28 25 to
1831 2471 75 29 hand
1931 2476 45 25 too
2006 2474 54 29 late
2082 2475 42 29 for
2147 2476 26 28 in-

1550 2508 101 27 sertion
1665 2507 28 28 in
1707 2509 54 28 this
1779 2510 82 32 issue,
1876 2511 49 28 but
1945 2511 56 29 will
2022 2514 104 29 receive
2147 2519 26 24 at-

1550 2547 105 27 tention
1674 2556 29 19 m
1728 2552 73 26 next.
1838 2549 58 28 The
1917 2549 150 31 advertiser
2086 2553 24 27 is
2128 2563 43 27 pre-

1550 2585 82 35 pared
1646 2591 27 22 to
1686 2587 97 35 supply
1797 2597 54 25 any
1865 2589 127 36 quantity
2004 2591 30 26 of
2050 2590 66 30 fruit
2128 2592 56 28 and

1549 2622 140 35 flowering
1709 2628 80 28 trees,
1811 2626 106 33 shrubs,
1935 2627 104 35 quicks,
2063 2629 54 34 &c,
2133 2630 55 28 and

1549 2671 81 28 every
1651 2661 164 39 description
1835 2664 30 29 of
1884 2666 139 37 vegetable
2036 2667 56 30 and
2113 2667 72 32 farm

1550 2701 85 28 seeds.

1584 2747 110 37 Among
1717 2749 47 29 the
1794 2751 141 36 proposals
1966 2753 80 29 made
2076 2754 37 37 by
2144 2755 45 29 Mr

1550 2786 126 29 Larnach
1701 2790 42 27 ior
1766 2789 47 29 the
1836 2790 100 29 benefit
1957 2791 32 29 of
2007 2792 46 29 the
2079 2794 107 37 mining

1550 2825 124 37 industry
1688 2827 55 28 will
1763 2827 34 28 be
1810 2838 52 18 one
1875 2829 41 28 for
1937 2829 47 30 the
2006 2831 141 29 reduction
2160 2836 27 26 ot

1550 2863 47 28 the
1610 2864 39 27 fee
1662 2864 42 28 for
1717 2866 112 27 miner's
1842 2867 87 34 rights
1938 2867 71 28 from
2023 2869 46 28 the
2078 2876 109 30 present

1550 2906 57 23 rate
1628 2902 30 28 of
1675 2903 37 28 £1
1737 2908 28 23 to
1778 2904 53 28 five
1845 2905 135 36 shillings,
1999 2907 55 27 and
2072 2909 116 28 another

1550 2939 141 29 reduction
1705 2940 28 28 in
1747 2941 46 28 the
1806 2946 61 24 rent
1879 2951 49 28 per
1940 2953 62 19 acre
2020 2944 42 29 for
2080 2947 110 32 mining*

1551 2977 86 28 leases
1651 2982 26 23 to
1692 2982 45 25 ten
1760 2979 126 36 shillings
1900 2990 49 27 per
1970 2991 104 21 annum
2087 2983 43 29 for
2141 2984 46 29 the

1550 3015 59 29 first
1635 3016 76 29 three
1741 3027 88 27 years,
1858 3019 95 29 fifteen
1984 3021 127 35 shillings
2140 3033 48 26 per

1551 3063 104 19 annum
1669 3055 41 27 for
1723 3056 45 27 the
1788 3061 64 24 next
1865 3061 54 25 two
1932 3068 88 27 years,
2041 3061 54 28 and
2108 3062 65 28 after-

1552 3093 86 28 wards
1652 3096 104 35 twenty
1769 3095 126 36 shillings
1907 3107 30 18 as
1951 3102 28 25 at
1989 3104 116 31 present.
2145 3101 44 28 Mr

1551 3132 127 27 Larnach
1702 3134 22 26 is
1746 3134 57 28 also
1825 3135 88 28 stated
1940 3140 28 24 to
1993 3137 32 28 be
2043 3139 146 37 preparing

1550 3173 54 26 two
1628 3181 60 19 new
1712 3172 69 29 Bills
1805 3173 117 37 relating
1947 3181 28 24 to
1993 3177 116 36 mining,
2135 3189 52 19 one

1552 3210 115 27 entitled
1689 3211 46 27 the
1759 3213 108 33 Mining
1884 3214 165 36 Companies
2070 3217 65 32 Bill,
2159 3222 28 23 to

1552 3247 121 27 remodel
1703 3248 47 28 the
1775 3248 66 29 laws
1872 3250 117 38 relating
2018 3255 28 26 to
2079 3254 109 38 Mining

1552 3286 174 36 Companies.
1764 3288 28 28 It
1806 3288 124 38 provides
1942 3291 42 29 for
2002 3292 47 29 the
2067 3293 105 37 publica-

1553 3324 59 28 tion
1637 3325 30 28 of
1688 3326 47 28 the
1760 3327 114 29 balance
1903 3329 90 29 sheets
2022 3331 29 29 in
2082 3332 67 28 such
2173 3342 16 19 a

1554 3372 116 20 manner
1690 3374 30 19 as
1734 3368 29 25 to
1776 3366 75 36 place
1864 3367 46 28 the
1921 3368 118 36 position
2061 3370 30 28 of
2108 3370 59 30 Com-

1553 3402 94 34 panies
1668 3403 28 26 in
1719 3413 16 18 a
1747 3404 101 27 clearer
1860 3405 70 36 light
1948 3407 69 28 than
2039 3407 150 30 heretofore

1553 3438 90 30 before
1665 3441 136 29 investors
1818 3442 54 29 and
1894 3445 200 30 shareholders.
2131 3447 58 29 The

1554 3478 99 28 second
1677 3479 56 28 Bill
1756 3480 24 28 is
1803 3481 59 28 said
1888 3485 29 24 to
1940 3483 33 27 be
2004 3494 53 18 one
2081 3485 109 36 dealing

1554 3516 153 36 separately
1731 3518 66 27 with
1823 3519 60 27 eoal
1907 3520 112 34 miners,
2045 3522 53 27 and
2128 3532 45 27 pro-

1553 3553 76 28 vides
1641 3555 41 27 for
1694 3555 47 27 the
1754 3557 127 36 granting
1893 3557 30 27 of
1932 3558 87 29 leases
2032 3560 54 28 and
2099 3560 88 29 better

1553 3592 166 35 regulations
1741 3593 41 28 for
1795 3594 46 28 the
1863 3595 125 37 working
2009 3597 56 29 and
2084 3598 90 38 inspec-

1554 3630 58 29 tion
1625 3631 30 28 of
1663 3631 60 28 coal
1735 3632 98 28 mines.

1555 3719 175 30 CENTRAL
1748 3720 155 30 BULLER
1922 3721 110 32 NEWS
2059 3723 130 33 NOTES.

1617 3808 84 36 (from
1720 3815 56 21 our
1795 3816 62 20 own
1875 3812 254 36 correspondent.)

1838 3862 80 27 Fern
1937 3863 84 32 Flat,
2035 3864 67 36 May
2114 3867 42 27 25.

1588 3911 44 28 No
1646 3910 117 37 apology
1775 3912 89 28 would
1886 3911 33 29 be
1940 3913 126 37 required
2084 3925 70 19 were
2176 3916 15 29 T

1555 3953 28 25 to
1595 3949 63 29 take
1672 3950 152 29 somewhat
1836 3951 134 29 extended
1987 3954 89 27 notice
2098 3954 31 28 of
2145 3955 46 29 the

1555 3987 121 28 weather
1691 3988 153 36 prevailing
1863 3989 29 27 in
1913 3989 77 29 these
2011 3995 84 32 parts,
2119 3992 72 29 since

1555 4026 46 29 the
1614 4036 167 27 appearance
1794 4026 30 29 of
1834 4037 48 27 my
1895 4027 52 30 last
1959 4031 231 30 communication

1555 4066 29 27 in
1614 4065 48 29 the
1687 4066 94 28 Lyell
1811 4067 98 28 Times.
1957 4068 58 29 But
2044 4079 63 19 now
2131 4071 60 29 that

1555 4103 93 36 things
1661 4104 70 26 have
1743 4105 127 27 resumed
1883 4105 72 28 their
1967 4108 107 27 wonted
2088 4114 102 31 aspect,

1555 4141 117 38 perhaps
1679 4141 45 30 the
1731 4142 52 29 less
1792 4143 58 29 said
1856 4143 47 31 the
1913 4144 95 30 better.
2039 4146 12 29 1
2060 4146 131 39 formerly

1556 4181 83 34 spoke
1651 4181 31 27 of
1691 4182 122 27 Johnnie
1821 4184 82 26 Frost
1909 4184 29 26 in
1948 4184 53 28 this
2011 4186 179 34 connection;

1555 4217 49 28 but
1616 4218 15 27 I
1644 4228 46 17 am
1703 4219 30 26 of
1743 4219 113 36 opinion
1868 4219 62 29 that
1943 4221 117 30 General
2085 4222 106 38 Uproar

1555 4266 56 19 was
1624 4257 29 28 in
1667 4256 74 29 chief
1751 4258 148 29 command
1912 4259 99 39 during
2029 4261 47 29 the
2098 4266 93 26 recent

1555 4305 91 19 severe
1654 4296 76 36 spell.
1768 4297 60 28 The
1836 4297 134 30 elements
1978 4309 45 19 are
2035 4309 67 21 once
2111 4311 80 26 again

1555 4344 35 18 on
1604 4334 72 28 their
1688 4335 69 34 good
1772 4334 156 36 behaviour,
1943 4337 32 29 be
1993 4338 47 29 the
2062 4339 62 29 boss
2147 4341 44 27 Mi-

1555 4374 80 28 Frost
1648 4383 29 19 or
1691 4374 44 28 Mr
1748 4374 124 38 Uproar;
1891 4375 56 29 and
1959 4376 80 31 while
2052 4377 60 31 that
2125 4388 47 20 con-

1555 4412 89 30 tinues
1657 4413 37 29 let
1707 4423 32 19 us
1752 4414 31 29 be
1797 4424 30 18 as
1849 4414 127 30 thankful
1997 4427 30 18 as
2048 4428 40 19 we
2109 4428 75 26 may,

1554 4452 50 28 lest
1618 4462 16 18 a
1646 4462 85 18 worse
1741 4452 79 36 thiug
1830 4453 69 28 befal
1910 4463 40 19 us.
1989 4455 110 38 Steady,
2110 4457 78 35 solid,

1554 4490 70 37 good
1647 4492 120 28 weather
1787 4497 101 24 cannot
1909 4494 161 36 reasonably
2092 4496 32 28 be
2144 4506 29 19 ex-

1554 4530 96 36 pected
1663 4534 29 24 at
1704 4530 177 33 mid-winter,
1895 4531 54 29 and
1997 4533 112 29 Blessed
2121 4534 23 28 is
2154 4534 34 28 he

1555 4568 61 29 that
1633 4569 142 36 expecteth
1795 4569 79 33 little,
1895 4570 41 29 for
1957 4571 86 38 verily
2062 4572 36 30 he
2120 4572 71 30 shall

1554 4611 49 24 not
1614 4607 34 28 be

1590 4646 24 28 It
1640 4646 46 28 the
1710 4653 94 23 recent
1824 4646 72 30 flood
1921 4648 50 29 has
1994 4648 120 38 brought
2138 4660 51 18 one

1554 4685 80 34 thing
1656 4695 75 18 more
1752 4685 66 29 tLan
1837 4687 116 27 another
1973 4688 87 28 under
2081 4689 109 35 general

1554 4723 144 31 attention,
1724 4723 21 27 it
1771 4723 23 28 is
1818 4724 47 27 the
1888 4725 174 34 lamentable,
2089 4726 25 28 if
2140 4730 49 24 not

1554 4761 145 37 positively
1720 4761 242 37 dangerous—and
1984 4764 132 38 certainly
2137 4764 38 30 dis-

1555 4800 143 28 creditable
1701 4805 103 24 —state
1824 4802 29 27 of
1863 4802 47 27 the
1929 4803 77 27 main
2025 4804 164 28 coach-road

1555 4838 112 35 passing
1696 4838 120 36 through
1849 4839 55 28 this
1934 4840 106 29 district
2069 4841 121 29 between

1555 4876 80 35 Lyell
1656 4877 54 27 and
1732 4877 112 29 Nelson.
1881 4878 27 28 It
1928 4879 22 27 is
1970 4879 46 28 the
2039 4879 104 37 subject
2162 4879 30 29 of

1556 4914 150 35 complaint
1726 4914 37 35 by
1785 4925 134 25 everyone
1938 4916 64 28 who
2020 4919 120 34 requires
2161 4921 29 25 to

1556 4954 118 26 traverse
1696 4953 30 34 it,
1748 4952 54 29 and
1824 4956 74 26 must
1917 4953 31 30 be
1962 4964 16 19 a
1992 4956 101 37 special
2106 4959 84 27 terror

1555 4994 29 25 to
1608 4990 111 37 heavily
1743 4991 80 28 laden
1848 5002 138 27 waggons,
2013 4995 55 27 and
2091 4998 28 24 to
2143 4996 47 27 the

1556 5027 67 28 mail
1646 5029 115 28 coaches
1778 5030 91 27 which
1888 5033 73 26 meet
1980 5033 55 27 and
2047 5036 55 24 rest
2114 5041 60 19 over-

1556 5065 80 36 night
1656 5071 30 23 at
1707 5067 55 28 this
1783 5069 77 34 point
1874 5068 76 29 three
1973 5070 81 27 times
2075 5070 114 28 a-week.

1556 5104 58 26 The
1638 5104 130 36 roadway
1791 5106 24 27 is
1835 5106 88 34 done;
1943 5107 65 33 and,
2032 5108 108 28 instead
2164 5108 29 28 of

1556 5140 80 36 being
1656 5142 203 30 macadamised
1872 5154 87 24 anew,
1980 5145 46 30 the
2049 5146 75 29 holes
2145 5155 44 20 are

1556 5181 103 36 merely
1684 5182 118 28 mended
1826 5183 63 29 here
1915 5184 54 28 and
1992 5185 73 29 there
2089 5186 30 28 in
2143 5186 46 28 the

1557 5219 145 29 discretion
1733 5222 29 27 of
1789 5222 46 28 the
1867 5227 161 29 contractor,
2059 5224 55 28 and
2143 5233 31 27 ap-

1556 5258 127 35 parently
1703 5259 100 29 almost
1824 5260 116 28 without
1964 5262 168 35 supervision
2154 5271 36 19 on

1556 5295 46 28 the
1628 5301 61 31 part
1713 5297 30 27 of
1765 5297 45 28 the
1835 5298 109 37 County
1973 5299 122 28 Council.
2131 5299 58 28 The

1555 5334 66 29 road
1642 5335 57 28 also
1720 5336 23 27 is
1767 5337 136 36 peppered
1927 5347 64 18 over
2015 5338 67 29 with
2107 5339 82 28 small

1556 5376 100 31 stones,
1670 5374 90 28 which
1781 5375 35 27 lie
1837 5375 74 28 loose
1929 5375 29 28 in
1978 5375 37 28 all
2034 5377 154 34 directions,

1556 5411 55 29 and
1632 5412 85 28 afford
1740 5422 16 19 a
1777 5414 104 27 certain
1899 5414 241 37 stumbling-block
2162 5421 27 24 to

1555 5460 65 19 man
1643 5452 54 27 and
1717 5451 76 29 beast
1813 5452 80 28 alike.
1929 5452 29 29 It
1978 5453 23 28 is
2021 5454 166 36 impossible,

1555 5489 70 29 from
1639 5490 47 28 the
1698 5494 97 25 nature
1808 5491 30 28 of
1849 5490 46 30 the
1914 5495 124 33 country,
2062 5497 26 24 to
2110 5492 80 29 avoid

1556 5528 145 38 sidelings;
1730 5528 48 30 but
1802 5529 63 29 who
1889 5529 72 29 shall
1985 5540 49 27 say
2058 5531 60 29 that
2143 5532 46 29 the

1555 5567 83 28 lower
1661 5577 31 19 or
1711 5568 72 28 river
1808 5568 57 27 side
1892 5569 159 33 (heretofore
2073 5571 116 35 entirely

1555 5605 135 28 unfenced
1703 5605 54 27 and
1770 5606 187 34 unprotected)
1968 5605 64 28 does
2044 5610 48 24 not
2104 5607 86 28 afford

1556 5652 16 19 a
1584 5641 67 35 high
1665 5643 136 35 premium
1821 5648 28 23 to
1869 5643 114 34 serious,
2005 5644 24 28 if
2046 5648 49 25 not
2114 5646 75 34 fatal,

1555 5680 146 29 accidents.
1738 5681 34 27 In
1803 5681 47 28 the
1881 5681 58 28 first
1969 5682 87 36 place,
2081 5693 29 18 as
2134 5694 55 26 you

1555 5718 91 35 know,
1673 5719 44 29 Mr
1741 5719 106 35 Editor,
1872 5719 46 29 the
1944 5720 66 29 road
2034 5721 23 28 is
2082 5731 35 20 an
2145 5722 30 29 ab-

1556 5758 95 35 surdly
1672 5768 105 18 narrow
1802 5768 51 18 one
1865 5767 6 24 ;
1897 5759 55 27 and
1976 5769 29 19 so
2027 5761 21 27 it
2069 5761 121 35 happens

1557 5795 59 27 that
1640 5796 23 25 if
1686 5800 53 22 two
1764 5795 118 27 vehicles
1906 5805 45 17 are
1976 5801 28 22 to
2029 5806 62 27 pass
2121 5799 68 27 each

1557 5832 78 29 other
1657 5836 29 25 at
1705 5842 55 27 any
1773 5833 29 28 of
1822 5833 77 28 those
1912 5833 137 38 sidelings,
2065 5836 45 28 the
2123 5845 50 20 non-

1559 5880 160 21 occurrence
1738 5871 30 30 of
1783 5872 138 30 accidents
1943 5874 89 29 would
2045 5874 31 30 be
2089 5875 99 30 almost

2223 232 16 17 a
2262 222 120 27 miracle.
2419 225 62 27 And
2505 235 51 19 one
2580 228 133 32 shudders
2740 236 27 27 to
2791 242 48 21 con-

2224 261 130 36 template
2374 261 46 30 the
2446 273 197 29 consequences
2664 270 30 28 of
2715 281 36 19 an
2775 277 80 32 upset

2224 300 39 32 (as
2275 299 29 27 of
2313 309 16 18 a
2340 300 96 28 loaded
2450 304 92 32 coach,
2561 307 119 35 carriage
2693 318 31 19 or
2746 312 107 34 wagon)

2223 336 79 30 down
2315 346 16 20 a
2344 338 78 29 sheer
2435 341 131 37 precipice
2579 343 36 34 of,
2632 345 28 29 in
2673 355 85 30 many
2770 358 84 25 cases,

2221 374 140 30 hundreds
2382 378 30 27 of
2428 379 61 28 feet.
2527 381 57 28 The
2605 390 108 29 present
2737 390 70 26 state
2828 389 30 27 of

2220 414 46 27 the
2295 414 66 28 road
2396 414 108 39 implies
2542 423 214 37 unquestioning
2791 435 48 20 con-

2221 452 105 30 fidence
2339 453 29 29 in
2380 453 47 31 the
2440 456 101 37 perfect
2554 460 150 31 steadiness
2721 464 31 28 of
2761 464 94 30 horses

2221 492 85 28 under
2318 493 38 27 all
2370 493 211 32 circumstances
2593 507 7 24 ;
2619 501 149 29 steadiness
2789 504 66 35 only

2220 533 28 24 to
2260 529 33 28 be
2317 530 136 33 obtained,
2476 543 30 17 as
2528 534 15 26 I
2561 534 113 35 believe,
2696 538 36 35 by
2751 540 60 28 first
2828 541 30 27 of

2222 566 36 28 all
2271 566 127 38 shooting
2410 568 46 29 the
2469 578 66 28 poor
2547 573 118 30 animals
2678 574 78 31 dead.
2792 578 62 29 And

2222 605 72 29 what
2318 606 30 28 of
2369 607 47 28 the
2440 617 67 27 very
2530 611 85 36 likely
2638 613 47 28 fall
2715 617 27 25 of
2766 618 88 32 earth,

2221 646 91 24 stones
2335 652 31 18 or
2386 647 80 31 trees,
2487 647 80 28 while
2594 650 94 28 saddle
2707 651 95 30 horses
2825 663 31 19 or

2222 680 117 30 vehicles
2353 691 44 20 are
2406 684 115 36 passing
2531 686 13 29 ?
2581 687 55 30 Are
2649 689 67 38 they
2728 695 49 25 not
2790 702 64 27 very

2223 719 82 35 likely
2319 724 27 23 to
2359 720 32 28 be
2405 722 136 34 projected
2560 724 201 40 incontinently
2775 730 79 29 down

2222 756 45 29 the
2289 758 130 36 yawning
2431 760 90 36 abyss,
2540 763 54 27 and
2607 766 29 26 to
2649 764 32 29 be
2700 767 96 36 picked
2817 778 38 28 up

2222 804 27 19 in
2262 804 97 27 pieces,
2382 797 24 28 if
2415 802 30 25 at
2456 799 58 29 all?
2552 801 102 39 Sidney
2676 804 91 30 Smith
2789 816 66 19 once

2223 834 142 29 remarked
2388 835 62 30 that
2472 840 168 34 preventible
2669 843 115 38 railway
2812 855 27 19 ac-

2222 872 104 26 cidents
2339 874 88 26 would
2448 877 129 26 continue
2598 882 28 23 to
2648 880 63 27 take
2725 882 76 35 place
2815 883 40 27 till

2223 908 44 29 the
2292 908 112 40 railway
2429 917 141 31 magnates
2594 915 84 32 killed
2709 929 16 20 a
2750 919 105 40 bishop.

2223 949 41 36 By
2289 951 91 36 parity
2406 952 30 28 of
2456 955 154 37 reasoning,
2647 968 51 19 one
2728 969 66 26 may
2824 961 31 27 be

2223 987 138 35 pardoned
2382 989 42 28 for
2445 992 97 35 saying
2554 994 61 27 that
2636 995 56 28 this
2712 999 143 35 unseemly

2222 1027 69 26 state
2315 1026 30 28 of
2366 1026 101 35 things,
2490 1033 163 36 amounting
2674 1037 28 25 to
2723 1045 16 18 a
2763 1035 92 37 public

2223 1062 119 37 scandal,
2370 1065 24 29 is
2417 1071 50 25 not
2495 1068 84 39 likely
2603 1075 28 25 to
2661 1082 77 21 cease
2767 1075 43 29 till
2839 1085 16 20 a

2223 1102 109 37 County
2362 1104 151 36 chairman,
2538 1118 30 18 or
2592 1110 137 37 engineer,
2753 1113 63 30 falls
2840 1124 17 19 a

2222 1141 93 29 victim
2328 1145 28 26 to
2369 1143 47 30 the
2429 1155 75 25 gross
2518 1147 54 29 and
2585 1150 147 30 continued
2750 1153 106 35 neglect

2222 1180 29 25 of
2272 1189 35 17 an
2332 1182 113 27 obvious
2466 1184 68 34 duty
2554 1195 35 17 on
2607 1187 48 27 the
2674 1192 61 31 part
2760 1190 31 26 of
2810 1190 46 28 the

2223 1215 68 38 legal
2304 1217 156 31 custodians
2481 1223 29 27 of
2527 1222 47 29 the
2596 1223 75 30 road.
2708 1227 97 38 Surely
2824 1227 29 31 in

2224 1256 52 28 this
2297 1256 115 35 district,
2433 1259 92 30 where
2546 1262 99 29 timber
2656 1265 23 28 is
2691 1268 29 26 to
2739 1265 33 30 be
2793 1276 45 27 pro-

2222 1295 80 27 cured
2323 1305 35 18 on
2372 1296 46 28 the
2431 1302 60 31 spot
2514 1300 41 26 for
2568 1300 46 28 the
2638 1302 96 36 simple
2753 1305 103 32 felling,

2222 1340 16 18 a
2261 1335 74 26 stout
2359 1333 188 31 three-barred
2570 1337 76 30 fence
2667 1340 87 35 ought
2775 1345 28 26 to
2822 1342 33 30 be

2222 1370 103 27 erected
2346 1371 36 28 all
2403 1373 81 34 along
2504 1375 47 28 the
2570 1376 75 34 road,
2658 1378 55 29 and
2734 1380 64 28 thus
2820 1390 34 19 an

2222 1408 52 28 end
2298 1408 32 28 be
2354 1413 58 33 put,
2438 1420 66 21 once
2529 1413 54 28 and
2605 1415 40 29 for
2662 1425 73 26 ever,
2756 1420 28 28 to
2808 1418 47 31 the

2224 1447 223 32 man-and-horse
2472 1455 58 34 trap
2553 1463 60 19 now
2639 1455 55 29 laid
2717 1456 37 30 all
2774 1458 81 35 along

2222 1485 47 28 the
2298 1487 75 28 road.
2427 1489 29 28 It
2485 1491 90 28 would
2613 1493 34 29 be
2685 1495 89 29 worth
2808 1496 48 29 the

2223 1523 136 28 Council's
2383 1526 82 28 while
2488 1530 56 31 too,
2569 1533 28 24 to
2622 1531 52 27 call
2694 1533 109 28 tenders
2826 1533 29 28 in

2224 1560 87 30 future
2347 1562 42 30 for
2426 1563 37 30 all
2502 1566 71 30 their
2615 1569 89 30 works
2741 1571 29 29 in
2810 1571 46 32 the

2224 1601 174 38 Canterbury
2423 1604 92 29 Times
2536 1607 55 28 and
2614 1609 88 35 Otago
2728 1611 127 28 Witness.

2223 1639 148 30 Hundreds
2402 1643 29 26 of
2458 1644 107 35 pounds
2601 1646 91 30 would
2728 1648 65 31 thus
2824 1649 31 30 be

2222 1679 132 35 annually
2366 1681 91 28 saved.

2257 1716 89 29 While
2359 1728 36 18 on
2408 1719 55 28 this
2475 1719 113 38 snbjest,
2602 1722 15 28 I
2631 1724 91 29 would
2732 1726 125 29 mention

2224 1754 45 30 the
2282 1754 92 36 bridge
2387 1761 29 25 at
2429 1758 44 29 Mr
2490 1759 132 31 Russell's
2642 1761 87 36 place,
2753 1774 17 19 a
2789 1765 69 29 little

2223 1794 105 36 beyond
2342 1796 45 28 Mr
2399 1797 94 28 Alfred
2507 1798 115 30 Smith's
2635 1801 87 29 Hotel
2732 1803 73 28 here.
2842 1804 15 28 I

2224 1832 97 28 visited
2333 1834 21 26 it
2367 1843 36 18 on
2415 1834 52 28 last
2480 1836 145 37 Thursday
2635 1839 142 30 afternoon
2792 1841 34 35 (it
2834 1842 24 27 is

2223 1879 34 18 on
2282 1870 46 28 the
2351 1871 82 28 coach
2455 1873 76 36 road)
2543 1875 65 27 'and
2630 1884 57 20 saw
2706 1877 48 29 the
2774 1882 85 25 water

2222 1908 96 28 within
2342 1918 16 19 a
2382 1909 52 29 few
2457 1911 94 29 inches
2575 1913 31 28 of
2625 1914 48 29 the
2693 1918 49 34 top
2762 1916 32 29 of
2811 1916 48 30 the

2224 1947 159 33 hand-rails,
2396 1949 36 28 its
2445 1951 106 27 normal
2565 1951 96 36 height
2679 1952 82 38 being
2780 1964 77 20 some

2224 1986 31 26 10
2269 1994 30 19 or
2312 1987 33 26 12
2356 1986 54 27 feet
2423 1987 88 28 under
2530 1988 46 29 the
2597 1989 150 40 road-way.
2792 1993 65 36 Any

2222 2032 50 21 one
2287 2025 156 36 possessing
2453 2035 68 20 even
2543 2027 47 30 the
2610 2034 74 25 most
2705 2031 154 37 superficial

2224 2062 156 37 knowledge
2393 2064 31 27 of
2433 2065 66 28 road
2519 2066 178 38 engineering
2717 2073 75 26 must
2813 2071 30 29 ob-

2222 2111 76 20 serve
2312 2107 28 24 at
2352 2112 16 19 a
2380 2102 106 38 glance,
2500 2104 61 31 that
2570 2105 37 39 by
2616 2108 104 37 merely
2733 2111 126 38 carrying

2222 2142 47 27 the
2281 2143 136 27 road-line
2429 2153 16 17 a
2457 2144 53 27 few
2532 2146 83 34 yards
2629 2156 39 27 up
2686 2148 47 29 the
2753 2149 52 28 hill
2823 2159 36 19 on

2222 2178 66 30 both
2309 2180 71 29 sides
2394 2181 30 29 of
2432 2181 47 29 the
2500 2182 89 36 creek,
2612 2184 54 29 and
2684 2185 137 40 throwing
2843 2197 16 21 a

2223 2228 60 20 new
2297 2219 92 35 bridge
2401 2231 65 19 over
2477 2220 22 30 it
2511 2222 87 33 there,
2621 2224 38 29 all
2680 2225 105 37 danger
2805 2228 54 28 and

2222 2257 212 29 inconvenience
2448 2260 71 27 from
2532 2260 87 30 floods
2631 2263 90 29 would
2733 2264 33 29 be
2779 2267 29 27 at
2824 2274 35 21 an

2223 2297 60 29 end.
2320 2296 67 30 This
2401 2297 58 31 also
2481 2303 89 26 wants
2589 2300 161 33 immediate
2771 2307 74 27 atten-

2223 2336 65 26 tion.

2256 2373 58 28 The
2328 2373 117 37 Queen's
2457 2374 130 40 birthday
2598 2378 99 37 passed
2709 2378 65 32 here
2791 2380 68 31 with

2222 2412 69 28 little
2306 2422 31 19 or
2349 2423 36 18 no
2398 2414 99 34 notice,
2511 2416 132 36 although
2657 2418 33 28 of
2705 2428 95 21 course
2819 2431 40 19 we

2223 2460 45 19 are
2281 2451 37 28 all
2330 2451 75 37 loyal
2423 2453 112 28 citizens
2557 2455 55 28 and
2631 2456 132 38 cordially
2783 2460 76 28 unite

2222 2490 27 26 in
2281 2491 117 34 wishing
2427 2492 60 27 Her
2516 2492 89 37 Royal
2638 2495 55 28 and
2726 2496 133 38 Imperial

2224 2528 118 37 Majesty
2387 2529 66 37 long
2474 2533 29 25 to
2514 2532 77 33 reign
2613 2542 65 20 over
2697 2542 50 28 us;
2765 2535 94 38 happy

2222 2568 55 27 and
2474 2569 24 28 A
2511 2570 56 28 ball
2575 2575 29 24 at
2612 2572 150 37 Hampden
2773 2575 69 36 (Mur-

2222 2605 104 36 chison)
2349 2607 134 27 attracted
2495 2617 17 18 a
2524 2608 51 29 few
2595 2610 32 27 of
2635 2610 48 28 the
2702 2612 72 28 Fern
2797 2613 62 28 Flat

2222 2643 85 36 youth
2322 2643 32 28 of
2372 2643 66 30 both
2461 2654 94 27 sexes;
2575 2647 55 29 and
2642 2658 94 28 young
2754 2651 105 38 people,

2222 2692 40 19 we
2276 2683 35 28 all
2330 2683 90 34 know,
2443 2694 83 20 never
2547 2686 47 29 fail
2616 2691 28 25 to
2665 2689 83 37 enjoy
2770 2691 72 28 them-

2222 2721 87 28 selves
2322 2722 65 27 with
2407 2723 67 28 each
2496 2725 93 28 others
2610 2726 103 38 society
2735 2728 56 30 and
2813 2730 46 28 the

2222 2768 82 29 mazy
2318 2759 97 30 dance.

2341 2845 194 34 REEFTON
2563 2848 176 34 LETTER.

2293 2935 85 36 (from
2391 2944 56 21 our
2459 2944 62 21 own
2535 2942 253 35 correspondent.)

2503 3038 185 38 Wednesday,
2702 3041 67 37 May
2782 3043 42 27 26.

2256 3074 37 30 At
2305 3074 55 30 this
2382 3085 95 20 season
2493 3077 30 28 of
2541 3077 46 30 the
2608 3088 68 26 year
2689 3079 60 38 fogs
2760 3079 30 30 in
2811 3079 48 31 the

2223 3114 162 35 Inangahua
2406 3116 99 35 Valley
2528 3116 71 28 have
2612 3126 17 19 a
2650 3118 160 37 propensity
2831 3123 28 24 to

2223 3152 78 29 settle
2321 3152 89 35 down,
2423 3152 56 30 and
2499 3153 84 40 damp
2602 3155 55 30 and
2678 3155 66 31 chill
2766 3166 77 30 every-

2223 3191 72 36 body
2307 3193 54 27 and
2375 3193 172 36 everything,
2560 3204 36 18 on
2617 3195 71 36 days
2700 3196 62 28 that
2773 3206 46 19 are
2829 3198 29 26 in

2222 3230 97 34 reality
2340 3229 92 36 bright
2455 3230 55 28 and
2535 3240 99 27 sunny.
2683 3232 58 28 The
2764 3233 96 29 robust

2223 3267 98 30 citizen
2352 3267 95 38 taking
2474 3278 17 20 a
2519 3269 206 31 constitutional
2748 3280 38 29 up
2812 3271 48 32 the

2223 3307 69 37 Ajax
2308 3307 60 28 Hill
2380 3307 36 28 all
2429 3311 29 25 at
2470 3317 67 20 once
2554 3318 123 29 emerges
2688 3310 69 29 from
2776 3311 84 29 dense

2223 3346 67 27 mist
2301 3346 58 27 iuto
2371 3346 120 37 glorious
2503 3346 143 31 sunshine.
2681 3348 86 31 From
2782 3359 77 20 some

2223 3385 79 35 point
2323 3384 30 28 of
2368 3391 118 30 vantage
2500 3385 43 28 his
2563 3394 50 28 eye
2634 3395 80 20 scans
2726 3387 48 29 the
2795 3388 64 29 wild

2225 3424 92 26 extent
2329 3421 30 29 of
2377 3422 90 36 valley
2487 3422 75 30 filled
2582 3423 67 29 with
2662 3424 83 30 white
2766 3435 95 28 vapor,

2225 3460 55 28 and
2292 3460 29 28 iu
2342 3460 36 29 its
2398 3460 120 30 uniform
2539 3461 71 30 level
2627 3462 164 38 resembling
2813 3465 48 29 the

2224 3502 99 24 waters
2344 3499 31 27 of
2384 3508 17 18 a
2420 3499 61 27 lake
2493 3500 148 35 extending
2660 3504 29 24 to
2704 3502 47 28 the
2771 3502 89 37 slopes

2225 3535 31 28 of
2271 3535 47 29 the
2332 3545 98 27 ranges
2443 3545 36 20 on
2491 3537 87 29 either
2590 3537 84 29 hand.
2719 3539 45 29 He
2784 3540 33 33 is,
2831 3550 30 18 as

2225 3574 23 27 it
2260 3582 70 19 were
2351 3573 86 28 above
2451 3574 47 29 the
2517 3574 94 29 clouds
2631 3575 67 29 with
2721 3577 48 29 the
2789 3579 73 27 clear

2226 3610 51 38 sky
2289 3611 55 29 and
2356 3611 92 37 bright
2460 3620 52 21 sun
2524 3612 85 30 above
2622 3613 69 35 him,
2703 3615 92 30 whilst
2813 3615 48 30 the

2225 3650 87 36 living
2331 3650 87 28 world
2436 3651 24 28 is
2472 3650 66 30 shut
2557 3655 49 25 out
2624 3652 71 29 from
2707 3653 45 29 his
2770 3655 92 35 sight;

2227 3688 102 28 sounds
2352 3688 127 29 however
2490 3689 81 29 reach
2592 3690 70 34 him,
2674 3691 48 29 the
2742 3692 121 29 familiar

2225 3728 80 28 tones
2318 3727 30 29 of
2366 3736 17 20 a
2396 3727 53 29 bell
2469 3735 31 21 or
2521 3737 80 29 gong,
2624 3728 124 32 softened
2760 3730 37 39 by
2815 3731 48 31 the

2227 3766 122 30 distance
2371 3767 124 35 together
2516 3768 66 28 with
2605 3778 17 19 a
2643 3769 63 29 void
2719 3770 35 28 he
2775 3770 24 29 is
2818 3780 29 19 ex-

2228 3805 156 36 periencing
2396 3805 30 28 in
2446 3805 47 28 the
2514 3806 94 37 region
2619 3806 32 30 of
2666 3807 48 29 the
2735 3808 127 30 stomach

2226 3843 109 29 remind
2347 3843 57 29 him
2417 3843 47 29 the
2486 3843 97 30 dinner
2594 3845 72 29 hour
2677 3845 51 31 has
2745 3848 117 34 arrived,

2227 3881 54 27 and
2295 3881 101 36 hastily
2406 3881 126 36 deciding
2543 3882 23 27 it
2577 3892 71 19 were
2660 3883 89 29 better
2761 3888 28 25 to
2805 3885 57 28 lose

2227 3918 47 29 the
2296 3928 52 19 sun
2370 3919 67 29 than
2449 3919 44 28 his
2512 3920 97 29 dinner
2629 3923 35 27 he
2684 3921 77 31 dives
2782 3923 80 37 again

2226 3958 59 28 into
2298 3958 46 28 the
2356 3959 74 27 mist.
2467 3958 64 29 Just
2543 3959 67 28 such
2620 3970 17 18 a
2645 3961 46 35 fog
2700 3961 56 28 had
2765 3963 97 28 settled

2227 3995 81 29 down
2332 4005 36 19 on
2386 3995 122 36 Monday
2529 3998 103 37 resting
2653 4007 31 19 as
2700 3998 23 30 it
2736 4008 70 21 were
2827 4010 37 20 on

2227 4034 46 29 the
2296 4038 60 35 tops
2378 4035 29 29 of
2429 4035 47 29 the
2500 4034 109 37 houses,
2630 4036 56 31 and
2706 4038 121 38 forming
2847 4050 17 19 a

2227 4083 104 28 canopy
2359 4074 118 28 beneath
2502 4075 92 29 which
2623 4085 52 19 our
2699 4076 165 31 Volunteers

2227 4111 130 29 marched
2380 4112 68 29 with
2467 4113 111 29 martial
2601 4113 78 30 tread
2700 4117 29 27 to
2753 4114 47 30 the
2822 4125 27 21 re-

2227 4151 121 29 creation
2360 4151 114 37 ground.
2523 4151 88 31 There
2633 4157 42 25 tor
2688 4163 16 19 a
2716 4153 72 30 brief
2807 4155 59 29 half

2227 4189 71 27 hour
2323 4189 67 35 they
2419 4189 133 33 wheeled,
2581 4192 197 32 manouvered,
2808 4194 55 27 and

2227 4225 84 30 burnt
2323 4226 118 37 powder,
2454 4226 82 30 when
2549 4227 59 30 God
2623 4228 70 30 Save
2706 4228 48 31 the
2771 4229 93 37 Queen

2227 4264 71 30 from
2311 4265 48 29 the
2371 4264 73 30 band
2460 4267 163 29 announced
2642 4268 67 37 they
2721 4277 71 20 were
2810 4270 40 29 dis-

2225 4304 111 33 missed,
2356 4304 55 28 and
2423 4304 47 29 the
2491 4304 58 30 foot
2568 4305 56 30 ball
2644 4310 75 26 team
2741 4308 66 29 took
2826 4318 38 28 up

2226 4342 47 28 the
2286 4343 127 36 running.
2451 4342 58 29 The
2521 4344 90 37 public
2624 4346 153 29 assembled
2790 4356 71 20 were

2226 4381 150 30 somewhat
2389 4381 190 39 disappointed
2593 4386 30 28 at
2634 4384 47 30 the
2695 4384 130 31 briefness
2836 4386 30 31 of

2226 4421 46 28 the
2286 4430 110 28 parape,
2408 4421 50 29 but
2477 4422 70 36 good
2559 4422 185 39 humouredly
2762 4426 102 28 waited

2226 4459 55 29 and
2305 4459 99 30 looked
2428 4468 35 21 on
2484 4463 30 26 at
2534 4461 55 31 the?
2605 4461 57 31 foot
2683 4462 55 30 ball
2759 4464 104 35 match,

2225 4499 91 28 which
2329 4508 56 19 was
2407 4499 159 36 sroceeding
2585 4501 115 37 merrily
2712 4502 81 29 when
2816 4504 47 28 the

2225 4535 49 30 fire
2287 4536 54 29 bell
2360 4545 72 28 rung
2452 4540 66 32 out;
2537 4541 29 26 at
2587 4537 46 31 the
2645 4538 61 31 first
2717 4542 48 37 tap
2787 4541 76 31 there

2226 4585 55 19 was
2293 4585 35 18 an
2342 4575 113 29 anxious
2477 4581 159 26 movement
2654 4578 29 29 in
2697 4579 47 29 the
2763 4581 99 35 crowd,

2225 4615 30 27 in
2279 4614 117 28 another
2419 4619 126 25 moment
2568 4616 38 29 all
2632 4625 71 21 were
2730 4618 134 39 hurrying

2225 4662 88 27 away,
2338 4652 56 28 and
2416 4662 17 19 a
2453 4662 62 20 race
2535 4656 29 27 to
2587 4657 75 28 town
2681 4655 37 38 by
2744 4657 118 38 players,

2226 4691 164 31 volunteers,
2415 4692 55 27 and
2491 4692 145 30 onlookers
2655 4702 68 21 soon
2743 4697 120 36 emptied

2225 4728 47 28 the
2281 4727 132 38 paddock,
2423 4729 55 28 and
2487 4729 48 29 the
2543 4730 93 30 match
2646 4741 56 20 was
2710 4732 152 38 adjourned

2224 4766 60 29 sine
2296 4766 54 30 die.
2396 4767 80 38 Upon
2488 4769 130 37 reaching
2630 4770 110 32 Central
2759 4773 86 30 Broad-

2225 4815 61 26 way
2298 4807 47 27 the
2357 4807 63 28 roof
2434 4810 28 25 ot
2482 4807 162 30 Jacobson's
2656 4810 94 34 Hotel,
2771 4812 92 29 which

2225 4843 56 28 had
2291 4843 102 37 caught
2404 4843 58 35 fire,
2475 4854 56 20 was
2543 4845 82 38 being
2636 4849 129 36 operated
2777 4859 36 20 on
2825 4850 38 39 by

2225 4891 16 19 a
2254 4885 94 33 strong
2356 4882 41 36 jet
2406 4883 70 28 from
2490 4883 47 29 the
2549 4894 124 27 pressure
2685 4887 78 36 pipes
2773 4889 89 29 which

2225 4919 69 28 blew
2307 4920 47 28 the
2367 4920 121 37 shingles
2500 4921 72 29 from
2583 4922 47 29 the
2643 4925 61 28 roof
2711 4929 46 24 ten
2767 4926 54 29 feet
2832 4928 27 28 in

2224 4957 47 30 the
2284 4957 50 36 air,
2356 4958 55 30 and
2422 4959 108 39 rcpidly
2555 4960 169 33 diminished
2737 4965 37 30 all
2793 4965 71 31 fears

2225 4997 30 27 of
2272 4997 120 36 danger;
2412 4998 117 28 another
2544 5000 41 35 jet
2598 5000 55 29 had
2674 5002 70 29 been
2766 5004 44 28 led
2822 5006 27 27 in-

2225 5034 57 28 side
2295 5034 46 29 the
2354 5035 125 36 building
2490 5037 55 28 and
2558 5037 48 29 the
2622 5038 97 39 deluge
2732 5050 69 20 soon
2820 5047 43 25 set

2224 5072 37 28 all
2274 5071 98 30 doubts
2385 5077 28 24 at
2425 5077 65 25 rest.

2259 5111 35 26 In
2303 5111 47 28 the
2360 5112 117 36 evening
2486 5113 29 27 in
2525 5112 88 30 honor
2622 5114 31 29 of
2659 5114 50 30 her
2717 5117 141 37 Majestys'

2224 5148 128 37 birthday
2365 5149 46 30 the
2425 5149 165 38 Inangahua
2603 5152 85 31 Rifles
2700 5154 64 30 held
2777 5166 17 20 a
2806 5157 55 30 ball

2224 5192 29 24 at
2265 5187 47 29 the
2335 5188 164 30 Oddfellows
2512 5191 77 29 Hall.
2632 5193 68 29 This
2712 5194 82 36 being
2814 5197 47 29 the

2223 5226 61 28 first
2295 5226 149 29 Volunteer
2456 5228 63 28 Ball
2531 5238 64 19 ever
2607 5230 63 29 held
2683 5232 29 27 in
2732 5233 126 36 Reefton,

2223 5264 55 28 and
2291 5262 47 30 the
2350 5274 80 18 cause
2444 5265 81 37 being
2546 5276 65 27 very
2624 5269 124 36 popular,
2761 5272 22 27 it
2804 5281 56 19 was

2224 5301 62 29 well
2298 5302 129 28 attended
2437 5302 37 38 by
2484 5303 46 29 the
2540 5305 137 30 members
2687 5309 30 28 of
2728 5308 45 30 the
2784 5320 77 28 corps

2224 5340 55 29 and
2300 5340 71 30 their
2390 5342 112 34 friends,
2523 5344 54 28 and
2596 5354 17 19 a
2632 5354 67 28 very
2718 5348 142 36 enjoyable

2224 5379 80 36 night
2316 5389 56 18 was
2385 5384 88 32 spent.
2517 5382 25 26 A
2554 5382 48 28 red
2613 5390 63 22 coat
2688 5384 50 29 has
2759 5386 102 38 always

2225 5427 35 19 an
2279 5417 146 30 attraction
2448 5418 42 29 foe
2511 5419 99 31 female
2630 5420 154 39 loveliness,
2805 5426 56 29 and

2224 5466 48 26 my
2284 5456 109 38 parting
2404 5457 188 30 recollections
2602 5460 108 29 remind
2723 5471 45 21 me
2790 5464 70 35 thai,

2251 5494 100 38 Bright
2363 5495 46 29 the
2422 5495 89 39 lamps
2524 5496 86 31 shone
2622 5499 55 29 o'er
2688 5499 51 30 iair
2751 5510 109 23 women

2223 5534 54 30 and
2303 5534 81 29 brave
2517 5536 112 38 circling
2653 5538 29 28 in
2706 5539 47 30 the
2778 5551 81 28 mizy

2223 5574 81 26 waltz
2319 5577 27 23 to
2360 5573 46 27 the
2418 5574 99 27 strains
2530 5584 25 22 o;
2568 5575 47 28 the
2627 5576 70 27 Blue
2710 5578 126 28 Danube.

2258 5610 65 28 Part
2335 5610 30 28 of
2383 5610 47 28 the
2452 5611 161 38 machinery
2634 5615 147 29 connected
2792 5617 65 29 with

2222 5648 47 29 the
2291 5648 96 28 Pelton
2406 5648 100 30 wheels
2526 5650 42 28 for
2590 5650 46 30 the
2659 5652 198 38 Keep-it-Dark

2223 5687 49 28 has
2284 5686 116 30 arrived.
2448 5688 36 28 At
2496 5688 47 28 the
2555 5689 53 28 end
2620 5690 31 28 of
2670 5690 46 30 the
2729 5694 98 28 month
2841 5704 16 19 a

2223 5729 129 34 stoppage
2365 5725 56 30 will
2434 5725 32 30 be
2477 5727 90 34 made,
2580 5727 47 30 the
2644 5734 109 32 present
2770 5732 87 30 wheel

2222 5764 83 29 taken
2326 5765 70 28 from
2417 5765 36 27 its
2472 5766 129 35 position,
2622 5767 29 28 in
2664 5768 89 28 which
2766 5770 21 27 it
2806 5770 51 29 has

2222 5801 68 28 done
2311 5801 65 34 long
2389 5801 54 28 and
2464 5803 88 26 useful
2574 5805 109 31 service,
2696 5806 55 28 and
2763 5806 32 29 be
2817 5817 26 19 re-

2221 5840 94 37 placed
2328 5840 35 37 by
2375 5840 45 29 the
2433 5849 59 20 new
2505 5840 110 30 wheels.
2651 5842 65 31 Two
2730 5844 31 29 of
2778 5845 77 30 them

2222 5888 45 21 are
2279 5882 28 26 to
2324 5879 32 30 be
2370 5878 108 30 utilised
2498 5879 42 30 for
2553 5880 107 38 driving
2674 5882 44 29 the
2738 5883 115 38 battery,

2891 230 56 29 and
2959 240 17 19 a
2989 231 75 29 third
3075 233 29 28 in
3117 233 46 30 the
3181 243 75 21 same
3270 235 138 39 wheel-pit
3420 237 55 29 will
3497 237 31 29 1)3

2891 269 67 29 used
2988 270 41 29 for
3059 271 46 29 the
3136 282 177 28 compressor.
3368 276 58 28 The
3462 277 67 27 time

2891 317 143 28 necessary
3049 312 27 25 to
3097 310 34 27 do
3144 310 35 28 all
3202 311 55 29 this
3270 313 74 28 work
3357 317 23 25 is
3401 314 128 37 expected

2890 349 28 26 to
2944 346 99 30 extend
3064 351 28 26 to
3114 349 75 30 three
3210 351 90 30 weeks
3325 362 30 19 or
3374 362 16 19 a
3412 353 116 34 month;

2890 395 75 18 some
2981 386 64 27 rock
3058 389 158 27 excavation
3234 390 81 33 being
3336 400 144 26 necessary
3501 397 28 22 to

2890 421 82 31 make
2995 432 78 21 room
3096 424 43 30 for
3165 426 47 30 the
3237 436 170 30 compressor
3433 428 96 31 wheel.

2890 463 58 28 The
2973 463 143 29 Auckland
3141 465 63 29 firm
3230 467 60 28 that
3315 468 137 29 furnishes
3478 469 48 28 the

2890 501 160 37 machinery
3075 503 23 28 is
3122 504 117 34 sending
3261 515 17 18 a
3301 515 64 19 man
3390 507 88 28 round
3499 511 28 24 to

2889 538 76 35 place
2979 540 21 26 it
3013 539 28 26 in
3052 541 125 34 position.
3223 543 87 27 There
3331 544 24 27 is
3367 553 36 18 no
3423 544 105 35 change

2890 579 28 25 to
2930 579 91 35 report
3033 576 29 30 in
3081 576 47 31 the
3148 588 168 28 appearance
3329 581 31 30 of
3376 581 46 30 the
3444 583 84 34 mine,

2890 614 47 28 the
2949 619 77 25 stone
3046 618 185 35 maintaining
3252 620 35 27 its
3301 621 78 26 usual
3401 630 125 25 average.

2890 651 89 29 There
3009 652 55 28 will
3089 652 127 31 however
3239 655 33 29 be
3301 666 17 19 a
3341 658 134 28 cessation
3501 658 28 28 of

2891 689 74 29 work
2986 691 30 29 in
3040 692 47 28 the
3106 698 91 31 stopes
3216 696 72 28 until
3307 695 47 29 the
3376 696 108 37 battery
3506 698 23 27 is

2891 729 79 34 again
2984 730 28 27 in
3025 731 83 36 going
3119 731 87 28 order.

2925 766 77 29 After
3025 768 47 28 the
3097 774 85 23 water
3205 779 57 20 was
3286 771 90 29 bailed
3404 776 48 25 out
3479 772 47 29 the

2892 803 129 31 directors
3033 806 30 28 of
3073 805 47 30 the
3135 807 46 28 Nil
3193 808 211 38 Desperandum
3416 811 112 29 decided

2892 842 68 28 after
2972 844 151 36 inspection
3144 850 29 24 to
3185 856 81 26 carry
3287 849 47 27 the
3357 849 74 28 shaft
3449 850 80 27 down

2892 880 125 35 straight,
3042 883 22 26 it
3087 881 23 27 is
3132 891 62 20 now
3217 884 72 28 sunk
3305 885 100 37 chiefly
3425 895 36 20 on
3481 886 48 29 the

2893 917 109 36 incline,
3015 919 55 31 and
3090 919 42 31 for
3144 920 61 32 that
3224 931 117 30 purpose
3363 923 70 32 have
3454 924 38 31 let
3513 935 16 20 a

2892 963 123 24 contract
3026 959 41 28 for
3085 960 111 35 sinking
3212 962 73 28 shaft
3305 965 51 27 120
3367 964 64 33 feet,
3451 968 65 25 start-

2893 1004 48 26 ing
2952 999 29 25 at
3001 997 34 28 75
3047 997 54 28 feet
3116 997 86 29 below
3221 999 47 28 the
3280 1000 80 29 brace
3372 1002 91 28 where
3484 1002 45 29 the

2894 1033 121 30 underlie
3039 1044 182 28 commences,
3245 1037 55 29 and
3324 1039 131 30 chamber
3475 1040 54 29 and

2894 1072 76 29 drive
2982 1077 28 26 to
3023 1079 114 25 connect
3150 1075 66 29 with
3230 1077 46 29 the
3285 1077 54 29 low
3349 1079 77 27 level.
3463 1080 66 28 This

2895 1111 82 34 work,
2990 1112 105 39 though
3109 1115 114 37 causing
3234 1125 16 20 a
3272 1116 80 37 delay
3365 1117 27 29 of
3410 1117 76 29 three
3499 1127 30 20 or

2893 1150 60 28 four
2974 1152 123 33 months,
3111 1161 57 20 was
3188 1153 201 37 indispensable
3402 1160 28 24 to
3450 1157 79 28 make

2894 1188 21 26 it
2927 1196 16 18 a
2955 1188 70 34 good
3038 1188 122 35 working
3172 1190 81 32 shaft,
3266 1192 55 27 and
3335 1192 46 28 the
3392 1201 137 30 company

2894 1224 54 31 will
2960 1225 106 39 greatly
3078 1225 101 33 benefit
3191 1227 37 39 by
3241 1228 46 31 the
3299 1230 57 36 job.

2927 1265 34 28 In
2977 1265 51 28 No.
3041 1267 18 26 2
3071 1266 198 36 Keep-it-Dark
3282 1267 110 36 sinking
3402 1267 50 30 has
3460 1268 69 30 been

2892 1301 200 35 discontinued,
3116 1303 54 28 and
3195 1305 47 28 the
3270 1306 76 27 main
3367 1307 98 27 tunnel
3486 1317 29 17 ex-

2893 1340 98 27 tended
3013 1344 29 25 to
3054 1340 47 29 the
3121 1341 82 30 north
3226 1352 37 19 on
3276 1342 48 30 the
3344 1343 57 29 line
3414 1343 30 30 of
3461 1345 66 28 reef-

2894 1378 131 28 Boulders
3041 1378 56 28 and
3109 1388 107 20 narrow
3238 1382 77 27 veins
3327 1382 31 27 of
3367 1386 96 32 quartz
3485 1393 44 18 are

2894 1419 55 25 met
2969 1416 78 36 with,
3069 1416 89 31 which
3181 1428 47 21 are
3248 1428 77 21 more
3337 1430 33 20 or
3377 1421 55 30 less
3455 1421 60 38 gold-

2892 1454 122 35 bearing.

2926 1494 58 28 The
3005 1497 108 25 returns
3134 1496 71 28 from
3217 1496 48 29 the
3277 1497 95 29 Venus
3390 1507 47 19 are
3454 1498 31 28 of
3494 1508 37 18 an

2892 1531 184 36 encouraging
3088 1535 107 30 nature,
3207 1534 169 37 warranting
3388 1534 48 30 the
3447 1535 86 29 belief

2893 1567 67 36 that,
2983 1578 29 21 as
3036 1569 47 31 the
3104 1569 80 32 block
3209 1570 126 33 becomes
3358 1573 106 31 further
3484 1585 30 19 ex-

2893 1608 103 36 plored,
3017 1609 48 28 the
3086 1613 77 25 stone
3176 1611 57 28 will
3252 1612 125 35 improve
3389 1613 30 27 in
3440 1614 91 28 value.

2893 1645 58 30 The
2965 1649 91 35 stopes
3068 1646 64 31 look
3144 1648 162 38 promising,
3319 1649 56 30 and
3393 1650 47 31 the
3460 1651 71 30 level

2892 1686 24 26 is
2937 1686 56 27 still
3014 1685 82 36 being
3117 1687 144 34 extended,
3283 1690 127 36 carrying
3433 1699 16 18 a
3468 1691 50 28 fair-

2894 1721 75 30 sized
2981 1723 64 33 reef,
3059 1727 28 26 to
3102 1723 47 30 the
3162 1725 91 29 south.

2928 1761 58 30 The
3003 1767 109 25 returns
3129 1762 73 30 from
3224 1764 46 30 the
3289 1765 160 36 Inglewood
3471 1767 44 29 bat-

2894 1802 69 33 tery,
2976 1801 106 36 though
3095 1804 49 25 not
3156 1802 76 36 quite
3244 1812 38 27 up
3294 1808 28 24 to
3335 1806 196 34 expectations,

2894 1846 62 19 now
2969 1838 76 28 show
3054 1839 72 34 good
3135 1839 75 34 signs
3218 1841 31 26 of
3257 1841 211 35 improvement,
3478 1842 55 28 and

2894 1874 47 28 the
2964 1876 100 36 supply
3084 1875 31 29 of
3131 1881 79 24 stone
3231 1877 25 28 is
3280 1879 111 35 coming
3415 1879 118 29 forward

2894 1912 94 37 freely.
3024 1913 25 29 A
3070 1917 125 26 contract
3213 1914 44 30 for
3273 1915 54 30 low
3344 1916 71 29 level
3437 1918 96 29 tunnel

2894 1950 51 29 has
2953 1951 59 37 just
3033 1951 70 29 been
3123 1952 37 29 let
3174 1955 28 26 to
3223 1962 17 19 a
3251 1957 82 33 party
3345 1955 31 28 of
3384 1964 66 19 men
3462 1955 71 30 from

2897 1988 146 37 Westport.
3079 1990 59 28 The
3158 1990 124 30 distance
3303 1995 29 25 to
3344 1992 34 29 be
3401 1992 98 30 driven
3510 1995 23 28 is

2896 2027 69 29 1350
2976 2027 63 35 feet,
3052 2028 56 30 and
3120 2028 47 30 the
3180 2029 75 39 price
3267 2029 64 41 27/6
3343 2031 67 31 with
3423 2032 109 35 timber,

2895 2065 64 37 22/6
2972 2067 127 29 without.

2932 2105 87 31 South
3038 2107 37 35 of,
3096 2107 57 31 and
3170 2107 143 40 adjoining
3332 2109 48 31 the
3401 2110 105 37 Venus,
3518 2121 17 21 a

2894 2145 83 33 lease,
3002 2146 102 29 known
3127 2156 31 19 as
3191 2148 47 28 the
3264 2149 89 36 Royal
3383 2149 70 34 Oak,
3483 2150 51 29 has

2894 2182 86 39 lately
3003 2183 69 31 been
3092 2185 106 38 pegged
3210 2185 46 31 off.
3292 2187 28 29 It
3338 2187 78 31 takes
3436 2189 30 29 in
3487 2188 47 31 the

2896 2222 76 38 slope
2993 2225 31 27 of
3042 2224 48 29 the
3110 2225 50 28 hill
3180 2225 72 29 from
3272 2226 114 37 Murray
3407 2228 87 28 Creek
3506 2233 28 24 to

2894 2260 49 29 the
2967 2260 143 39 boundary
3139 2263 31 29 of
3197 2263 48 30 the
3275 2264 104 36 Venus,
3404 2265 56 30 and
3484 2266 51 29 has

2895 2309 17 20 a
2924 2299 184 31 well-defined
3130 2302 76 30 track
3224 2304 118 36 exposed
3360 2314 37 19 on
3409 2305 48 29 the
3475 2305 57 29 line

2895 2338 32 28 of
2934 2338 49 29 the
2995 2339 95 29 Venus
3101 2341 80 34 reefs,
3193 2350 37 19 an
3249 2342 139 29 extention
3402 2343 31 29 of
3441 2343 92 29 which

2894 2375 56 30 will
2969 2375 33 31 be
3024 2378 101 38 sought
3136 2378 52 30 for.
3223 2380 26 29 A
3266 2389 139 30 company
3423 2382 25 29 is
3468 2391 64 21 now

2894 2416 30 27 in
2953 2425 110 27 process
3087 2419 30 27 of
3137 2419 183 36 registration,
3350 2421 129 35 previous
3503 2425 28 25 to

2895 2456 193 35 commencing
3101 2457 88 29 active
3202 2459 156 35 operations
3380 2462 29 26 to
3421 2463 54 26 test
3487 2459 47 30 the

2895 2493 115 33 ground.
3059 2494 59 29 The
3142 2496 82 35 Fiery
3250 2496 133 30 intended
3406 2500 29 26 to
3464 2502 69 25 start

2895 2531 130 38 crushing
3047 2533 104 37 to-day.
3188 2534 58 30 The
3272 2535 134 31 excellent
3424 2540 110 26 returns

2894 2570 71 28 from
2978 2570 49 29 the
3038 2571 55 30 last
3104 2572 133 38 crushing
3254 2583 46 19 are
3317 2575 128 35 expected
3459 2579 28 25 to
3501 2575 33 29 be

2895 2612 30 24 at
2937 2608 69 28 least
3026 2610 135 35 equalled,
3184 2611 54 27 and
3256 2612 48 27 the
3322 2621 169 27 appearance
3507 2613 29 28 of

2895 2645 47 29 the
2955 2650 101 34 stopes,
3073 2648 56 29 and
3148 2650 54 28 size
3222 2650 29 29 of
3262 2649 48 30 the
3329 2650 66 35 reef,
3412 2650 120 31 indicate

2896 2685 60 29 that
2977 2686 48 28 the
3045 2688 100 36 supply
3167 2688 43 29 for
3231 2689 47 29 the
3296 2689 109 38 battery
3424 2691 57 28 will
3501 2690 34 29 be

2896 2724 104 34 readily
3012 2726 181 28 maintained.

2930 2763 59 29 The
3003 2763 113 30 Reform
3128 2764 51 30 has
3191 2765 70 30 been
3278 2766 130 37 crushing
3419 2777 18 20 a
3449 2767 85 36 week,

2894 2801 51 29 but
2957 2811 31 19 as
2997 2811 37 20 no
3046 2804 201 38 copper-plates
3259 2815 45 19 are
3317 2806 67 29 used
3401 2806 48 30 the
3460 2806 74 37 yield

2894 2841 24 27 is
2943 2846 49 23 not
3016 2850 31 19 so
3071 2842 87 37 easily
3186 2844 181 28 ascertained.
3414 2845 120 29 Electric

2895 2877 88 37 plates
2995 2888 47 19 are
3054 2879 123 35 ordered,
3199 2881 29 28 in
3249 2881 48 30 the
3318 2884 151 27 meantime
3487 2883 47 29 the

2895 2916 131 35 crushing
3038 2917 23 28 is
3073 2919 164 35 proceeding
3243 2921 68 28 with
3322 2920 212 31 blanket-tables

2894 2953 85 36 only;
2996 2954 48 28 the
3056 2959 89 25 surest
3156 2965 110 27 process
3277 2957 102 28 known
3392 2958 81 28 when
3484 2959 47 28 the

2895 2992 99 37 supply
3015 2992 31 29 of
3064 2992 79 30 clean
3166 2996 86 27 water
3275 2994 25 30 is
3324 2999 137 31 constant,
3483 2996 49 30 but

2895 3031 133 36 entailing
3040 3031 42 28 far
3094 3041 76 19 more
3183 3039 78 23 extra
3273 3034 89 28 work.

2930 3068 59 30 The
3007 3069 198 31 Just-in-Time
3217 3071 72 30 have
3306 3083 19 19 a
3343 3072 75 37 large
3436 3073 60 30 reef
3504 3073 30 30 in

2894 3108 80 33 view,
2994 3107 58 34 but,
3075 3109 82 36 being
3169 3110 114 28 blocked
3305 3120 38 27 up
3365 3111 68 28 with
3445 3116 88 30 stone,

2895 3145 55 30 and
2963 3155 37 21 no
3012 3155 77 22 more
3101 3156 78 21 room
3193 3148 41 30 for
3251 3149 126 38 stacking
3388 3149 146 36 available,

2896 3185 67 36 they
2986 3195 47 20 are
3057 3187 148 37 extending
3227 3189 78 28 main
3328 3190 70 28 level
3428 3192 30 26 to
3482 3190 48 28 the

2896 3222 93 27 north.

2931 3259 118 39 Reports
3070 3260 70 31 from
3165 3262 47 31 the
3224 3263 78 31 Lone
3321 3263 63 31 Star
3401 3264 130 31 continue

2896 3298 80 35 good.
3013 3300 132 38 Splendid
3156 3303 154 37 specimens
3322 3313 46 20 are
3379 3307 30 25 to
3421 3304 35 29 be
3465 3314 65 19 seen

2895 3337 68 29 from
2983 3340 31 32 it,
3036 3339 56 29 and
3112 3340 48 29 the
3181 3341 112 37 opinion
3317 3342 31 29 of
3368 3342 78 30 those
3469 3342 62 30 who

2895 3375 72 30 have
2991 3378 98 33 visited
3113 3378 49 30 the
3186 3380 50 28 site
3259 3380 24 28 is
3305 3380 63 30 that
3390 3390 17 19 a
3430 3381 101 29 second

2895 3414 140 31 Welcome
3059 3415 24 30 is
3104 3415 83 39 being
3209 3418 105 37 opened
3334 3427 38 30 up
3394 3418 30 29 in
3448 3419 67 29 Boat-

2896 3454 100 29 man's.
3388 3457 109 29 Thady.

3000 3539 122 31 NOTES
3140 3542 107 30 FROM
3266 3543 160 29 NELSON.

2968 3633 84 37 (from
3064 3643 58 21 our
3132 3644 63 22 own
3207 3639 252 36 correspondent.)

3150 3712 142 30 Political.

2933 3758 44 30 Sir
2989 3759 92 30 Julius
3099 3759 89 39 Vogel
3200 3761 51 30 has
3270 3762 135 30 delivered
3423 3763 115 31 himself

2898 3797 31 29 of
2947 3798 44 28 his
3009 3797 103 38 budget
3123 3799 55 28 and
3190 3799 35 29 he
3243 3799 50 30 has
3314 3810 18 20 a
3351 3801 181 39 surplus—on

2898 3845 94 28 paper.
3027 3837 46 29 He
3086 3837 23 29 is
3121 3837 59 31 also
3199 3847 66 29 very
3286 3838 123 38 hopeful,
3428 3841 64 35 and,
3504 3852 31 19 as

2898 3874 89 33 usual,
3005 3874 52 29 has
3078 3884 17 19 a
3116 3875 41 29 lot
3177 3876 31 28 of
3225 3878 138 35 projected
3382 3878 90 29 works
3493 3883 42 25 set

2898 3911 82 29 down
2992 3911 41 30 for
3045 3911 46 31 the
3103 3912 77 31 West
3198 3913 175 32 Coast—also
3391 3925 36 20 on
3439 3926 94 28 paper.

2899 3950 90 29 There
3008 3951 52 29 has
3072 3951 69 29 been
3152 3961 30 19 so
3195 3953 84 29 much
3298 3954 78 29 work
3396 3956 139 35 promised

2899 3987 88 35 there,
3010 3989 68 29 with
3102 3998 17 20 a
3141 3989 70 29 view
3241 3991 31 28 of
3293 3991 164 39 developing
3485 3994 47 29 the

2900 4026 117 30 mineral
3036 4037 138 21 resources
3193 4029 32 29 of
3232 4029 47 30 the
3297 4030 115 36 district,
3435 4032 100 38 during

2899 4065 48 29 the
2971 4069 63 34 past
3053 4070 105 34 twenty
3178 4077 89 27 years,
3291 4069 63 30 that
3372 4079 53 20 one
3443 4071 92 29 would

2900 4103 81 29 think
2993 4104 48 28 the
3053 4105 67 28 stale
3137 4114 81 28 game
3231 4106 31 29 of
3275 4108 196 38 ornamenting
3486 4109 48 30 the

2900 4142 141 30 estimates
3060 4143 67 30 with
3149 4144 85 38 bogus
3253 4149 78 27 votes
3354 4156 58 21 was
3434 4148 99 38 played

2900 4185 66 28 out;
2986 4182 50 27 but
3058 4182 23 28 it
3104 4191 90 19 seems
3217 4186 29 25 to
3269 4184 33 28 be
3326 4193 52 19 one
3403 4186 31 27 of
3454 4186 79 29 those

2900 4220 116 27 matters
3041 4218 31 30 of
3089 4219 89 30 virtue
3201 4220 90 30 which
3313 4226 102 26 cannot
3436 4222 33 31 be
3490 4223 30 30 de-

2901 4257 95 36 parted
3008 4257 71 29 from
3091 4257 30 29 in
3140 4259 178 31 Parliament.
3353 4261 147 37 However,
3512 4264 23 29 it

2900 4295 24 29 is
2936 4297 192 36 encouraging,
3142 4297 55 29 and
3209 4298 91 30 shows
3312 4299 62 30 that
3387 4300 77 30 there
3476 4302 24 29 is
3518 4312 17 19 a

2900 4333 70 29 wish
2989 4342 38 21 on
3044 4335 47 28 the
3104 4339 62 33 part
3177 4337 31 28 of
3217 4337 48 29 the
3286 4339 128 37 ministry
3426 4344 29 26 to
3467 4340 70 39 keep

2902 4372 45 30 the
2966 4372 78 31 West
3062 4373 82 32 Coast
3164 4376 103 30 miners
3286 4377 31 30 in
3337 4378 69 38 good
3426 4379 110 38 humor,

2900 4412 24 28 if
2932 4412 66 38 only
3010 4412 36 38 by
3058 4414 68 29 such
3139 4424 63 28 sops
3214 4426 31 19 as
3256 4417 65 29 this.
3357 4419 137 34 Anyhow,
3507 4430 30 18 so

2900 4450 51 35 far,
2963 4451 47 29 the
3024 4451 127 40 ministry
3162 4453 70 31 have
3245 4455 56 30 had
3312 4456 94 36 things
3418 4457 38 30 all
3465 4457 72 31 their

2901 4499 62 20 own
2985 4499 72 29 way,
3077 4492 55 28 and
3144 4493 77 29 there
3233 4494 24 29 is
3278 4504 37 19 no
3335 4497 160 35 indication,
3508 4501 30 26 at

2900 4532 117 35 present,
3029 4529 32 30 of
3070 4530 137 40 anything
3218 4532 85 40 lively
3314 4535 111 38 coming
3436 4535 48 32 off.

3151 4618 141 38 Sporting,

2934 4663 59 30 The
3005 4663 119 36 Queen's
3135 4664 130 39 birthday
3275 4677 75 20 races
3358 4678 72 20 were
3440 4670 96 37 poorly

2899 4702 145 34 attended;
3075 4702 49 29 but
3147 4704 79 29 those
3250 4705 63 30 who
3337 4706 98 29 visited
3458 4708 78 29 them

2899 4738 56 30 had
2967 4749 18 19 a
2995 4739 143 32 first-class
3150 4741 79 38 day's
3240 4747 85 35 sport,
3335 4744 56 29 and
3400 4745 133 31 beautiful

2899 4778 129 31 weather.
3063 4780 80 30 After
3159 4782 37 29 all
3214 4782 47 30 the
3282 4783 58 30 fuss
3352 4785 81 28 made
3453 4785 83 30 about

2899 4818 47 28 the
2966 4818 106 37 alleged
3084 4820 133 28 collusion
3229 4821 123 28 between
3369 4822 49 29 the
3435 4823 82 29 handi-

2899 4865 101 28 capper
3011 4856 56 30 and
3080 4857 45 29 Mr
3136 4858 32 28 T.
3181 4858 107 38 Harley
3305 4860 22 28 it
3339 4859 46 30 did
3402 4864 51 26 not
3470 4862 64 29 look

2899 4903 66 27 very
2978 4895 85 28 much
3075 4905 30 18 as
3116 4896 25 28 if
3150 4896 77 29 there
3240 4907 56 19 was
3309 4907 17 19 a
3344 4898 130 29 chuck-in
3493 4900 41 28 for

2900 4931 62 30 that
2973 4935 179 35 sportsman's
3164 4935 92 35 cattle,
3269 4945 30 20 as
3311 4938 49 28 not
3372 4945 53 20 one
3443 4937 31 29 of
3489 4937 44 30 his

2900 4971 95 30 horses
3013 4981 52 20 ran
3085 4974 59 28 into
3165 4983 17 20 a
3202 4975 87 36 place.
3325 4975 15 28 I
3361 4975 91 29 notice
3472 4976 63 30 that

2899 5009 44 28 his
2956 5010 63 27 stud
3032 5010 24 28 is
3067 5011 154 29 advertised
3238 5013 42 28 for
3292 5013 56 28 sale
3359 5021 7 26 ;
3384 5013 48 28 the
3444 5018 72 32 sport-

2898 5048 49 33 ing
2972 5047 103 29 brewer
3096 5049 111 28 intends
3232 5054 29 25 to
3284 5051 81 28 retire
3389 5051 71 28 from
3485 5052 48 29 the

2898 5084 64 28 turf.
3000 5085 14 27 I
3037 5085 115 37 daresay
3172 5087 63 29 that
3245 5088 75 28 what
3341 5088 124 29 between
3484 5090 49 28 the

2899 5131 115 28 expense
3042 5124 31 28 of
3099 5123 119 40 keeping
3254 5126 95 30 horses
3374 5127 59 37 just
3461 5128 70 36 good

2899 5162 107 37 enough
3030 5166 29 25 to
3079 5162 57 30 lose
3156 5173 103 29 money
3282 5175 46 24 on,
3348 5166 55 28 and
3426 5167 107 36 getting

2898 5199 100 30 hauled
3011 5210 66 19 over
3088 5201 47 29 the
3147 5203 74 29 coals
3233 5204 58 29 into
3308 5204 47 29 the
3372 5204 125 38 bargain,
3508 5206 24 29 is

2894 5238 59 36 just
2965 5248 17 17 a
2995 5238 70 28 trifle
3085 5240 213 36 disheartening,
3317 5242 55 28 and
3385 5243 15 27 I
3424 5252 46 19 am
3483 5248 49 24 not

2898 5278 29 25 at
2949 5275 37 29 all
3010 5277 138 36 surprised
3171 5283 29 24 at
3230 5279 43 29 his
3302 5279 127 37 deciding
3457 5290 74 28 upon

2897 5313 93 37 giving
3002 5323 37 29 up
3052 5324 30 20 so
3095 5315 121 39 slippery
3226 5327 36 20 an
3275 5322 183 26 amusement.

2931 5352 59 28 The
3028 5354 82 28 Hunt
3139 5355 70 29 Club
3246 5357 179 28 commenced
3460 5357 71 29 their

2897 5392 121 27 season's
3040 5393 155 36 operations
3209 5393 52 29 last
3280 5394 147 38 Saturday,
3446 5396 55 28 and
3514 5397 15 28 I

2896 5427 169 31 understand
3088 5431 70 34 that,
3183 5432 75 30 what
3284 5434 65 28 with
3381 5434 103 37 having
3513 5446 17 18 a

2896 5467 69 37 pack
2978 5467 31 28 of
3018 5468 117 35 hounds,
3148 5471 56 28 and
3216 5481 75 19 some
3303 5471 79 30 other
3393 5472 119 39 improve-

2897 5509 99 32 ments,
3018 5507 62 30 that
3100 5508 66 39 they
3187 5510 56 29 will
3261 5511 132 38 probably
3414 5512 84 39 shape
3512 5523 15 19 a

2895 5544 70 29 little
2986 5555 77 20 more
3085 5547 54 29 like
3151 5553 155 32 sportsmen
3324 5551 68 27 than
3405 5551 65 36 they
3483 5552 46 28 did

2894 5582 54 28 last
2967 5592 75 26 year.
3077 5585 75 36 Very
3171 5587 71 34 good
3260 5592 76 31 sport
3357 5597 52 19 can
3430 5589 33 28 be
3483 5595 48 30 got

2894 5618 120 39 through
3034 5620 48 30 the
3102 5632 104 28 agency
3226 5624 31 29 of
3273 5634 16 19 a
3310 5625 68 36 drag
3398 5625 79 30 hunt.
3514 5628 15 27 I

2893 5658 127 29 recollect
3031 5669 53 19 one
3097 5670 65 27 very
3174 5664 168 34 unexpected
3353 5665 102 37 ending
3467 5671 28 23 to
3513 5676 16 18 a

2894 5695 71 30 hunt
2988 5696 30 30 in
3041 5707 17 19 a
3085 5704 116 33 country
3230 5701 76 37 place
3336 5701 82 31 down
3447 5704 80 29 south

2893 5744 77 19 once.
3006 5736 59 29 The
3085 5738 134 30 residents
3239 5740 105 29 invited
3362 5742 47 28 the
3421 5743 89 29 Christ-

2892 5773 102 27 church
3009 5773 151 30 huntsman
3173 5780 29 23 to
3214 5777 80 33 bring
3306 5778 44 28 his
3367 5780 69 35 pack
3451 5789 35 26 up
3499 5785 28 23 to

2892 5809 72 29 their
2985 5810 107 35 village,
3115 5812 54 28 and
3192 5813 34 28 he
3239 5814 46 28 did
3304 5824 39 24 so,
3362 5817 54 28 and
3435 5827 18 19 a
3472 5818 55 28 line

2892 5847 31 29 of
2932 5852 115 34 country
3061 5859 54 19 was
3129 5852 116 28 selected
3261 5855 41 27 for
3320 5854 46 30 the
3385 5865 61 20 run.
3482 5858 44 28 An

2892 5887 148 34 Irishman,
3065 5890 100 28 named
3191 5892 74 28 Mick
3294 5893 145 35 O'Hagan,
3469 5887 67 41 was'

3570 238 146 39 employed
3731 244 27 25 to
3771 250 51 19 run
3842 240 46 30 the
3902 247 85 24 scent.
4025 244 74 30 Mick
4115 247 91 30 hailed

3567 280 70 26 from
3659 278 173 35 Waterford;
3853 281 54 27 and
3927 290 82 27 every
4026 293 64 18 man
4111 286 13 26 I
4143 295 64 20 ever

3567 317 79 27 knew
3660 317 71 27 from
3745 317 60 29 that
3825 318 109 38 Comity
3948 312 117 38 claimed
4084 327 27 24 to
4129 324 33 28 be
4175 325 27 28 in

3568 365 76 19 some
3658 366 60 27 way
3737 358 150 28 connected
3901 357 65 31 with
3986 358 47 31 the
4052 362 152 30 celebrated

3569 395 122 35 Marquis
3729 395 30 27 of
3793 395 173 36 Waterford;
4004 399 88 29 either
4127 411 30 18 as
4188 411 17 20 a

3567 432 120 34 relative,
3720 442 16 20 a
3767 443 105 27 groom,
3904 445 30 19 or
3964 445 16 21 a
4011 435 86 32 stable
4128 439 73 39 help.

3569 472 72 27 Mick
3654 473 118 27 claimed
3786 478 27 23 to
3837 474 69 28 have
3925 474 68 29 been
4014 487 35 17 on
4072 478 45 28 the
4130 485 72 24 most

3565 511 126 27 intimate
3705 514 85 24 terms
3804 511 66 29 with
3885 512 61 29 that
3967 514 93 35 prince
4073 517 30 26 of
4113 517 73 28 black-

3565 547 110 36 guards,
3700 548 54 26 and
3779 551 198 36 consequently
4003 553 135 28 reckoned
4168 556 34 28 he

3565 595 56 19 was
3642 595 36 19 an
3692 586 140 38 authority
3845 598 34 18 on
3894 588 37 29 all
3950 595 115 24 matters
4083 595 102 33 pertain-

3565 626 47 32 ing
3633 628 28 23 to
3685 625 107 26 hounds
3806 627 55 25 and
3882 627 129 34 hunting,
4031 638 30 18 so
4080 631 23 26 it
4124 640 77 19 came

3565 661 83 30 about
3661 661 61 30 that
3737 662 33 29 lie
3783 663 177 31 volunteered
3983 666 42 29 his
4045 669 115 29 services
4173 677 28 22 to

3565 701 67 36 drag
3645 710 15 18 a
3674 701 62 28 shin
3750 702 29 27 of
3790 703 62 27 beef
3866 703 120 29 flavored
4006 707 67 27 with
4093 709 109 27 aniseed

3566 748 65 19 over
3644 739 46 28 the
3710 739 117 29 selected
3849 742 115 35 ground.
4002 743 75 29 Mick
4099 748 104 27 started

3565 777 84 28 about
3663 786 35 19 an
3712 778 70 27 hour
3795 778 90 29 before
3896 780 47 29 the
3954 781 151 30 huntsman
4115 785 87 28 threw

3566 815 45 33 off,
3633 816 65 33 and,
3720 826 30 18 as
3772 817 35 28 he
3829 817 56 29 had
3906 829 77 19 some
3997 821 59 28 stiff
4071 823 91 29 fences
4175 830 28 22 to

3565 859 45 28 get
3623 854 87 27 threw
3724 864 36 18 on
3773 855 65 30 foot,
3852 856 35 27 he
3911 857 55 27 had
3979 863 49 23 not
4040 861 65 33 long
4116 866 48 30 got
4174 866 30 23 to

3567 891 45 28 the
3637 891 53 28 end
3711 891 31 29 of
3762 892 44 28 his
3823 893 119 39 journey
3962 895 81 30 when
4067 884 140 54 the°dogs

3565 929 65 31 took
3651 940 37 28 up
3710 931 48 30 the
3779 934 130 37 running.
3945 935 59 30 The
4026 938 54 29 end
4104 939 31 29 of
4156 941 48 28 the

3565 978 52 19 run
3642 979 56 18 was
3718 971 72 28 close
3814 972 37 35 by
3868 973 48 27 the
3938 975 99 36 village
4057 978 64 34 pub,
4147 979 57 26 and

3567 1006 75 29 Mick
3655 1011 73 25 went
3740 1009 29 28 in
3783 1009 87 35 there,
3884 1011 66 28 with
3965 1012 46 30 the
4032 1013 62 30 skin
4114 1019 30 25 at
4160 1015 45 29 his

3567 1046 82 34 heels,
3673 1046 42 29 for
3736 1057 16 19 a
3766 1048 69 37 pint.
3872 1049 46 30 He
3940 1051 55 29 had
4016 1056 49 32 got
4084 1055 120 34 through

3566 1094 60 23 one,
3654 1086 54 27 and
3734 1096 55 19 was
3811 1088 59 36 just
3892 1089 85 30 about
4001 1091 62 29 half
4083 1094 121 37 through

3567 1124 123 33 another,
3705 1125 80 29 when
3800 1127 45 28 the
3859 1127 80 37 pack,
3952 1132 122 36 running
4097 1138 59 24 true
4167 1119 38 43 °to

3566 1162 46 27 the
3642 1167 86 27 scent,
3759 1175 70 17 were
3859 1176 75 25 upon
3974 1169 68 32 him,
4073 1172 55 25 and
4158 1172 53 27 the

3567 1198 109 38 hungry
3689 1200 92 29 brutes
3795 1204 90 28 would
3905 1209 48 24 not
3974 1205 71 30 have
4058 1206 68 31 been
4139 1207 66 39 long

3566 1237 29 26 in
3618 1239 113 35 making
3753 1251 15 17 a
3788 1244 71 28 meal
3882 1244 32 28 of
3931 1245 59 29 him
4010 1246 55 29 had
4084 1251 49 26 not
4157 1249 47 28 the

3567 1275 159 33 huntsman,
3743 1277 80 37 whip,
3845 1284 55 23 and
3919 1285 93 25 others
4030 1287 106 26 arrived
4149 1288 57 27 and

3567 1313 126 35 whipped
3718 1315 77 27 them
3820 1317 45 27 off.
3903 1318 75 28 Mick
4005 1320 54 28 had
4089 1322 38 28 all
4157 1324 47 28 tho

3566 1349 72 29 blow
3662 1350 83 31 taken
3770 1359 48 23 out
3842 1355 31 28 of
3899 1356 60 29 him
3990 1357 36 36 by
4056 1360 55 28 this
4134 1361 72 29 little

3567 1390 190 37 contretemps,
3778 1392 55 28 and
3852 1393 91 39 rarely
3964 1396 119 31 referred
4108 1402 27 26 to
4157 1399 47 29 tho

3569 1427 122 38 Marquis
3704 1430 168 31 afterwards.

3789 1508 192 30 Commercial.

3602 1549 59 31 The
3675 1551 155 39 depression
3844 1557 100 30 caused
3964 1557 33 39 by
4017 1559 47 31 the
4086 1560 120 40 collapse

3567 1590 30 27 of
3608 1590 45 29 the
3667 1592 153 38 Champion
3833 1597 85 33 mine,
3945 1599 47 28 the
4012 1600 53 28 low
4085 1602 74 34 price
4181 1604 29 26 of

3567 1627 79 37 hops,
3667 1630 55 28 and
3736 1632 47 28 the
3795 1635 110 31 general
3927 1635 128 31 duleness
4074 1639 31 28 of
4114 1639 88 35 trade,

3568 1666 50 28 has
3640 1667 54 29 had
3715 1670 46 28 the
3774 1672 79 29 effect
3865 1674 31 27 of
3905 1677 114 33 causing
4041 1687 76 18 more
4136 1679 69 27 than

3567 1714 52 19 one
3633 1705 86 30 house
3732 1712 27 24 to
3772 1710 84 28 invite
3869 1711 71 30 their
3953 1715 130 28 creditors
4096 1719 29 25 to
4138 1717 68 28 hear

3568 1752 15 19 a
3597 1743 53 30 tale
3673 1745 30 29 of
3720 1756 67 20 woe.
3824 1750 88 30 These
3934 1754 145 28 re-unions
4099 1765 46 19 are
4157 1761 51 24 not

3567 1791 67 27 very
3647 1784 120 29 cheerful
3781 1790 108 32 parties,
3903 1791 56 27 and
3979 1794 159 27 sometimes
4158 1795 47 27 tho

3568 1820 147 29 vindictive
3740 1825 116 28 creditor
3879 1827 67 28 feels
3968 1830 86 28 called
4076 1840 74 27 upon
4176 1837 30 23 to

3568 1865 110 28 express
3696 1860 43 28 his
3758 1861 232 38 disappointment
4005 1868 30 27 of
4052 1868 47 28 the
4119 1870 86 28 credit

3569 1901 111 28 system.
3718 1898 73 28 Such
3818 1910 16 18 a
3855 1911 61 19 case
3936 1903 144 38 happened
4102 1917 17 18 a
4132 1908 77 28 week

3569 1941 31 19 or
3621 1937 54 25 two
3696 1945 52 26 ago
3769 1938 73 30 here.
3879 1941 29 28 It
3925 1952 56 19 was
3999 1945 157 35 something
4178 1947 31 28 in

3569 1971 55 27 this
3637 1981 115 27 way:—

3604 2032 79 30 THE
3703 2035 204 33 BANKRUPT
3918 2042 253 33 BOOTMAKER!

3570 2084 86 31 Webb
3669 2096 56 21 was
3737 2088 155 43 bankrupt;
3917 2094 85 32 Webb
4022 2096 55 31 had
4090 2099 116 30 cracked

3604 2135 37 27 up
3652 2135 7 24 ;
3674 2131 104 35 twenty
3787 2133 156 29 tradesmen
3951 2140 73 24 went
4033 2138 76 35 quite
4117 2139 88 32 rabid,

3639 2164 56 29 For
3706 2166 47 29 the
3765 2169 94 37 eighty
3869 2173 107 36 pounds
3985 2175 54 28 odd
4052 2175 87 30 Webb
4152 2177 57 29 had

3673 2215 80 26 gone,
3767 2209 54 28 and
3833 2210 65 29 filed
3911 2212 44 29 his
3968 2214 128 29 schedule
4108 2216 51 28 for.

3570 2241 88 29 There
3670 2252 71 20 were
3759 2246 106 36 bakers,
3879 2249 76 29 there
3976 2260 70 19 were
4068 2253 139 35 butchers,

3604 2280 58 30 also
3675 2281 120 40 drapers,
3809 2286 63 30 who
3884 2288 48 29 felt
3946 2289 115 30 crabbed
4073 2300 8 26 ;

3638 2321 56 28 But
3708 2322 45 28 the
3766 2323 200 38 bandy-legged
3985 2338 94 26 grocer
4091 2340 57 19 was
4160 2332 49 27 the

3671 2360 127 30 maddest
3809 2363 30 28 of
3848 2363 46 30 the
3908 2367 91 29 score!

3571 2419 71 29 That
3666 2429 67 28 poor
3758 2423 184 39 Muggycomb
3965 2428 46 28 the
4033 2429 48 29 the
4106 2430 103 39 saintly

3604 2458 99 30 should
3717 2460 31 29 be
3762 2462 38 29 let
3812 2463 30 28 in
3855 2464 37 36 by
3904 2475 16 18 a
3933 2466 118 35 cobbler,

3641 2497 65 29 Was
3718 2503 46 25 too
3778 2502 83 27 much
3876 2503 41 28 for
3929 2504 141 31 Christian
4083 2507 126 38 feelings,

3674 2546 69 20 even
3756 2538 29 29 in
3798 2549 16 19 a
3831 2540 168 33 Methodist!

3572 2573 54 29 For
3638 2574 34 28 he
3685 2576 23 28 is
3722 2586 15 18 a
3750 2578 79 35 pious
3842 2580 136 35 huckster,
3992 2583 56 28 and
4069 2585 35 28 he
4124 2595 87 18 never

3605 2611 77 29 takes
3694 2622 17 18 a
3729 2615 132 36 nobbier;

3638 2650 64 29 And
3724 2651 35 30 he
3779 2663 93 27 never,
3894 2656 99 39 hardly
4014 2669 72 26 ever,
4099 2672 56 19 was
4172 2662 38 38 by

3674 2691 128 38 Templar
3814 2695 78 29 sister
3905 2696 100 30 kissed.

3572 2749 36 29 So
3621 2752 66 28 with
3700 2752 132 38 plaintive
3851 2757 40 28 air
3913 2758 35 29 he
3970 2763 168 34 questioned,
4154 2764 57 29 this

3604 2790 138 31 insolvent
3755 2794 107 30 cobbler
3874 2797 140 38 quaking:

3666 2830 84 30 What
3758 2836 150 33 protection
3917 2836 122 30 business
4047 2849 63 19 men
4116 2841 93 28 would

3676 2870 68 33 'ave,
3757 2870 24 28 if
3789 2872 67 28 such
3870 2883 16 18 a
3898 2874 67 29 snob
3978 2885 30 18 as
4026 2877 44 33 he,

3571 2904 66 29 Was
3649 2907 113 28 allowed
3776 2912 28 25 to
3818 2910 52 29 live
3884 2912 55 28 hon
3953 2914 95 35 credit,
4061 2916 55 28 and
4135 2916 72 29 from

3604 2943 157 30 hnnctuous
3774 2947 86 29 saints
3873 2949 32 28 be
3920 2951 94 36 taking

3639 2981 92 30 Goods
3750 2984 91 29 which
3861 2989 162 35 providence
4044 2991 55 29 had
4124 2993 82 34 given

3671 3020 46 29 for
3727 3027 29 23 to
3768 3024 76 28 stock
3858 3025 44 28 his

3569 3079 76 30 Thus
3657 3082 84 36 spake
3761 3084 112 38 Muggy,
3886 3088 53 28 and
3960 3090 178 38 vindictively
4157 3094 50 27 the

3603 3119 92 29 others
3707 3121 135 37 followed,
3855 3126 132 38 scolding,

3637 3158 55 30 For
3704 3160 46 30 the
3763 3163 188 32 merchandise
3970 3167 61 30 that
4049 3168 87 31 better
4148 3171 56 28 had

3670 3201 142 26 remained
3830 3211 73 26 upon
3917 3205 71 27 their
4000 3206 116 33 shelves,

3567 3232 90 29 While
3680 3235 47 29 the
3748 3238 120 37 assignee
3889 3244 43 25 sat
3953 3243 120 36 smiling,
4095 3245 42 29 for
4160 3245 46 30 his

3602 3271 138 41 bankrupt
3752 3275 59 30 files
3824 3288 69 20 were
3906 3279 113 36 holding

3635 3312 122 30 Records
3776 3315 31 28 of
3824 3316 46 29 the
3890 3319 78 35 pious
3989 3320 103 38 Muggy
4110 3323 92 29 which

3670 3352 79 29 could
3762 3362 106 22 answer
3878 3356 42 29 for
3932 3358 174 31 themselves.

3565 3410 64 34 Yes,
3642 3412 97 29 indeed
3751 3413 7 28 !
3778 3413 34 30 he
3825 3415 23 28 is
3866 3425 17 20 a
3902 3418 70 33 good
3985 3427 76 27 man,
4074 3420 80 30 when
4167 3422 35 29 ho

3600 3448 79 30 holds
3689 3451 73 31 forth
3777 3459 28 23 at
3818 3463 15 19 a
3846 3455 132 38 meeting,

3635 3489 64 27 And
3719 3491 67 27 such
3806 3497 83 24 sweet
3910 3494 94 29 advice
4025 3496 35 29 he
4079 3498 75 35 gives
4172 3507 34 20 us

3670 3526 41 28 for
3723 3530 27 25 to
3764 3527 61 29 lead
3837 3539 32 19 us
3882 3540 36 19 on
3930 3532 46 28 the
3988 3543 62 27 way

3569 3563 131 29 Towards
3713 3565 47 29 the
3770 3566 91 37 happy
3872 3569 98 32 golden
3979 3571 100 35 future,
4085 3573 119 29 whither

3603 3601 37 29 all
3652 3601 47 30 the
3712 3604 86 29 saints
3811 3615 45 19 are
3869 3606 128 39 fleeting;

3638 3641 58 28 One
3717 3643 90 28 would
3831 3644 99 37 hardly
3948 3648 82 28 think
4042 3649 56 28 this
4110 3660 97 25 grocer

3673 3679 56 28 still
3740 3679 56 30 had
3808 3681 143 32 dividends
3964 3689 29 25 to
4004 3688 71 35 pay!

3571 3739 35 31 So
3617 3740 22 29 it
3650 3740 21 30 it
3684 3741 33 36 is,
3729 3743 56 29 and
3798 3744 54 29 will
3864 3745 32 30 be
3910 3756 72 26 ever,
3995 3758 16 19 a
4032 3751 95 35 puzzle
4148 3752 58 28 and

3603 3780 110 34 enigma

3637 3818 73 30 How
3723 3829 16 19 a
3752 3820 139 32 Christian
3901 3833 94 27 grocer
4010 3826 75 30 often
4104 3827 37 38 by
4162 3829 46 30 hii

3671 3860 150 35 preaching
3833 3870 51 18 can
3904 3867 47 30 get
3962 3864 41 27 off

3568 3893 81 29 From
3663 3895 47 28 the
3729 3901 132 32 payment
3883 3900 30 28 of
3931 3900 43 30 his
3992 3901 87 37 debts,
4092 3906 54 27 and
4159 3909 50 33 yet

3602 3942 85 20 never
3698 3933 71 31 have
3781 3946 16 19 a
3810 3938 100 35 stigma

3638 3971 65 29 Cast
3715 3982 75 27 upon
3811 3975 42 28 his
3874 3977 71 35 good
3956 3977 160 38 intentions,
4129 3990 32 20 or
4171 3981 36 30 be

3672 4010 104 38 subject
3787 4015 29 28 to
3828 4023 17 20 a
3856 4015 75 30 scoff.

4052 4058 119 30 Korari.

3587 4124 222 36 (Continuation
3821 4129 36 38 of
3870 4130 91 35 News,
3974 4142 42 19 see
4028 4134 51 29 4th
4089 4135 101 37 Page.)

1457 72 117 42 THE
1631 76 184 42 LYKLL
1870 77 188 47 TIMES,
2114 77 306 51 SATURDAY,
2477 80 114 42 MAY
2647 95 57 39 29,
2764 86 102 41 1886.

327 192 235 33 Government
585 193 150 32 Notices.

237 400 135 32 GOLD
413 402 193 31 MINING
657 402 169 33 LEASE

405 444 255 35 CANCELLED.

411 533 96 32 Mines
520 533 205 41 Department.

353 575 190 42 Wellington,
559 576 54 32 6th
627 576 79 42 May,
721 578 85 31 1886.

217 627 52 80 IT
291 627 25 31 is
337 627 109 41 hereby
467 628 122 32 notified
616 629 66 32 that
706 629 56 32 His
786 630 40 31 Ex-

284 669 129 44 cellency
436 670 50 33 the
511 671 152 32 Governor
689 671 55 33 has
772 672 74 33 been

214 713 118 42 pleased
373 718 31 29 to
416 729 5 7 •
437 726 168 29 pronounce
649 716 51 32 the
740 717 87 31 under-

214 758 171 32 mentioned
409 758 77 32 Gold
514 759 116 41 Mining
656 760 94 32 Lease
778 771 50 21 can-

214 801 101 37 celled,
345 802 58 32 and
430 802 65 33 that
519 802 50 33 the
590 804 114 40 ground
727 803 26 32 is
780 815 66 20 now

213 856 76 29 open
317 845 45 34 for
388 846 178 41 application
594 858 31 21 as
653 847 24 32 if
701 858 39 21 no
768 847 77 34 lease

213 889 34 29 of
271 889 50 30 the
349 889 62 30 said
438 891 114 38 ground
577 891 61 30 had
672 901 66 21 ever
771 891 75 31 been

213 930 117 44 applied
341 931 44 35 for
398 941 48 25 :

292 985 56 33 No.
365 988 85 31 1379.
492 988 48 30 \V.
566 988 135 41 Goodyer
724 990 59 30 and
807 990 37 31 E.

371 1029 123 34 Dellow.
538 1030 118 34 Section
675 1033 57 37 81;
754 1032 92 33 Block

371 1073 96 40 XIII;
500 1074 96 43 Lyell.
639 1077 37 32 16
714 1087 80 23 acres
828 1079 18 30 2

371 1119 96 33 roods.

400 1171 163 33 KOBEKT
588 1173 140 38 STOUT,

433 1215 59 31 For
507 1215 136 33 Minister
656 1216 32 32 of
700 1217 106 32 Mines.

382 1301 118 31 Public
526 1303 150 32 Notices.

362 1382 338 34 NOTIFICATION.

470 1604 111 21 MESSRS.

214 1641 414 57 HALLbNSTEIN
681 1645 161 56 BROS.

230 1721 96 28 Desire
340 1726 27 23 to
381 1722 101 28 inform
496 1723 47 27 the
556 1723 132 29 residents
701 1724 32 28 of
748 1724 80 37 Lyell

281 1759 54 30 and
348 1760 185 39 surrounding
545 1761 118 31 districts
682 1762 60 30 that
760 1773 16 19 a

247 1816 226 29 RETAIL
566 1818 243 30 BRANCH

470 1876 34 21 OF
522 1876 56 20 THE

348 1913 113 38 NEW
484 1914 223 40 ZEALAND

211 1975 308 78 Clothing
548 1978 297 77 Factory

447 2074 59 21 HAN
527 2074 81 23 BEEN

209 2115 142 56 Opened
368 2116 38 41 in
432 2116 89 42 New
547 2116 191 55 Buildings
757 2132 86 27 near

275 2172 148 53 Empire
448 2173 118 49 Hotel,
594 2173 180 54 Westport.

334 2282 45 30 All
404 2283 92 30 Goods
518 2288 29 25 at
571 2284 118 39 Factory
708 2284 99 30 Prices.

209 2384 45 30 All
268 2385 108 30 Gooods
388 2394 45 21 are
449 2385 112 30 Marked
579 2385 30 31 in
630 2385 78 31 Plain
729 2387 113 37 Figures

510 2425 40 29 for

488 2472 135 39 CASH
671 2472 171 40 ONLY!

212 2554 63 37 Any
288 2554 93 30 article
401 2555 161 37 purchased,
576 2556 54 29 and
643 2559 49 26 not
705 2558 137 37 approved

210 2594 37 31 of,
272 2593 55 29 will
352 2594 32 28 be
409 2594 158 36 exchanged
590 2596 67 28 with
689 2596 47 28 the
766 2606 77 19 same

209 2636 131 31 courtesy
353 2632 65 28 with
433 2632 88 28 which
534 2637 21 23 it
567 2642 57 19 was
642 2633 67 33 sold,
722 2643 32 18 or
765 2634 23 28 if
797 2634 30 29 de-

272 2669 71 30 sired
355 2670 47 30 the
414 2679 101 29 money
528 2671 55 29 will
597 2671 32 30 be
642 2672 137 30 returned.

210 2707 61 30 The
284 2718 108 20 success
404 2711 91 28 which
509 2710 51 29 has
572 2711 129 29 attended
713 2711 47 29 the
776 2712 68 30 New

246 2747 120 29 Zealand
392 2748 130 35 Clothing
546 2749 141 37 Factory's
718 2750 91 29 Retail

279 2786 142 30 Branches
445 2788 28 28 in
504 2787 140 35 Dunedin,
672 2787 87 31 Christ-

315 2825 113 34 church,
454 2826 176 37 Wellington,
651 2827 70 30 Auck-

348 2864 75 31 land,
437 2864 54 29 and
509 2865 80 28 other
609 2868 97 32 towns,

378 2902 75 29 leads
459 2902 47 30 the
512 2904 165 36 proprietors

419 2945 28 24 to
460 2939 103 31 believe
576 2940 61 30 that

447 2979 77 28 there
530 2979 83 28 exists

523 3026 16 19 a

211 3063 252 40 Praiseworthy
474 3064 111 33 desire
596 3073 46 23 on
651 3064 59 33 the
722 3068 78 36 part
811 3067 38 32 of

260 3098 60 34 the
331 3099 117 40 public
460 3101 37 32 to
509 3104 190 35 encourage
712 3105 86 31 New

343 3135 152 33 Zealand
517 3137 201 34 Industries.

213 3179 157 38 Especially
383 3180 90 32 where
487 3182 123 38 superior
621 3184 166 35 advantages
800 3195 45 20 are

248 3219 110 31 offered,
372 3220 55 28 and
445 3231 69 25 your
526 3227 112 31 support
651 3225 23 26 is
686 3225 125 27 solicited

317 3266 34 18 on
366 3257 54 28 this
438 3258 216 36 understanding
667 3261 74 36 only.

303 3305 37 32 T.
359 3306 438 44 BLENNERHASSETT,

411 3351 132 38 Manager
555 3353 139 38 Westport
707 3355 120 29 Branch.

211 3445 157 30 Wholesale
383 3446 96 29 Stocks
492 3450 27 26 to
533 3448 82 29 select
628 3450 70 28 from
709 3450 28 28 in
751 3450 37 28 all
795 3459 51 20 our

210 3483 152 31 Branches.
399 3485 85 29 NOW
503 3487 111 34 OPEN,
639 3488 54 29 and
713 3488 47 30 the
780 3490 65 36 only

355 3523 113 28 address
480 3525 29 27 in
523 3525 140 37 Westport
674 3527 24 27 is

207 3581 88 39 New
303 3582 181 49 Buildings
493 3596 85 27 near
587 3585 142 48 Empire
739 3586 106 39 Hotel

3740 4207 120 33 Public
3878 4211 153 34 Notices.

3570 4280 78 30 THE
3680 4283 193 32 NATIONAL
3902 4287 106 31 BANK
4037 4290 49 30 OF
4116 4292 91 31 NEW

3691 4336 189 38 ZEALAND,
3904 4341 180 32 LIMITED.

3571 4431 121 57 rpHIS
3706 4434 105 29 BANK
3816 4437 57 28 will
3878 4437 34 29 be
3919 4438 156 32 OPENED
4089 4445 28 26 to
4127 4443 80 30 BUY

3660 4486 102 29 GOLD
3782 4489 56 28 and
3857 4490 193 32 TRANSACT
4069 4495 139 30 General

3570 4537 176 32 BANKING
3775 4540 189 34 BUSINESS
3996 4549 29 26 at
4058 4547 81 38 Lyell
4170 4560 38 20 on

3571 4593 208 37 SATURDAY,
3799 4597 49 29 sth
3869 4598 55 37 day
3944 4599 31 29 of
3994 4600 110 36 JUNE,
4119 4604 90 29 tinder

3570 4645 47 30 the
3648 4647 100 38 eharge
3778 4649 32 29 of
3836 4651 48 29 the
3915 4652 119 31 Reefton
4064 4655 143 38 Manager,

3570 4697 24 28 I.
3613 4698 100 30 Lewis.

3866 4741 45 31 W.
3930 4743 172 38 DYMOCK,

4018 4794 153 36 Inspector.

3599 4997 169 33 BULLER
3792 5000 164 35 COUNTY
3984 5005 190 35 COUNCIL.

3567 5128 261 38 mENDERS
3863 5145 49 24 are
3952 5137 176 37 INVITED
4162 5143 44 33 for

3573 5169 28 42 J-
3650 5188 198 37 SECTIONS
3878 5196 15 29 1
3923 5197 59 31 and
4020 5200 28 36 2,
4083 5200 122 40 ROAD,

3567 5246 210 34 SPECIMEN
3797 5250 149 41 CREEK,
3965 5255 241 43 MOKIHINUI,

3565 5313 32 23 as
3611 5315 52 31 per
3688 5306 92 33 Plans
3794 5309 59 32 and
3876 5310 224 43 Specifications
4125 5320 31 30 to
4170 5318 36 33 be

3564 5372 70 21 seen
3663 5366 30 29 at
3721 5364 49 33 Mr
3804 5367 33 32 C.
3874 5369 108 39 Corr's,
4013 5373 192 41 Seatonville,

3564 5421 59 32 and
3639 5421 117 45 County
3771 5425 100 40 Office,
3888 5428 162 44 Westport.

3605 5540 193 34 TENDERS
3830 5545 129 33 CLOSE
3984 5558 39 22 on
4051 5550 128 34 THURS-

3564 5595 93 39 DAY,
3672 5598 55 30 3rd
3741 5599 118 39 JUNE,
3877 5603 86 37 ISB6,
3977 5607 30 29 at
4018 5604 52 34 the
4084 5606 120 45 Comity

3565 5653 100 38 Office,
3682 5655 160 42 Westport,
3859 5662 31 29 at
3905 5661 17 30 2
3938 5662 120 39 o'clock,
4074 5676 73 29 p.m.

3702 5723 173 36 EUGENE
3899 5729 182 40 O'CONOR,

3855 5784 118 42 County
3987 5787 174 34 Chairman.

3825 5839 59 34 For
3899 5841 137 36 Minister
4051 5846 32 32 of
4093 5846 108 34 Mines.

3599 5892 160 42 Westport,
3777 5897 73 32 20th
3865 5898 79 40 May,
3963 5902 86 31 1886.
