4210 5975
98 200 171 32 STORIES
284 200 51 32 OF
346 200 166 32 FAMOUS
527 199 201 33 AUTHORS.

137 305 62 32 The
214 305 58 32 late
288 304 113 32 Joshua
415 305 36 31 B.
477 304 180 42 Lippincott,
680 304 50 32 the

97 350 160 42 publisher,
285 349 150 41 delighted
472 352 30 29 to
530 349 52 32 tell
616 350 32 31 of
679 349 51 32 the

97 395 196 40 peculiarities
318 394 31 32 of
367 394 50 31 the
438 394 123 31 authors
581 394 38 31 he
634 394 93 31 knew.

97 439 47 31 He
172 439 84 31 knew
284 448 17 21 a
328 440 82 38 great
437 448 100 30 many,
567 437 58 31 and
650 448 80 20 some

95 494 75 21 were
195 485 118 37 strange
334 481 120 33 fellows.
529 481 118 32 Bulwer
671 492 59 21 was

94 538 69 30 very
191 527 146 32 exclusive
365 526 58 32 and
692 526 37 31 he

95 571 73 33 said.
306 570 108 41 always
428 572 90 30 wrote
533 574 30 27 to
577 580 48 21 me
636 569 32 32 in
679 569 50 32 the

95 616 81 32 third
198 626 115 29 person,
381 614 79 32 Lord
487 614 137 41 Lytton's
651 624 78 21 com-

94 660 142 40 pliments
279 662 31 28 to
350 658 49 31 Mr
442 658 180 41 Lippincott,

95 703 98 34 When
247 703 63 33 The
324 702 151 33 Parisians
526 712 60 23 was
610 701 119 40 coming

95 750 52 29 out
180 749 32 29 in
245 747 186 34 Blackwood,
473 747 15 29 I
523 746 108 31 offered
664 746 64 29 him

98 790 133 41 $25,000
257 790 45 33 for
329 789 51 34 the
407 788 146 34 exclusive
586 787 81 43 right
702 788 32 33 of

96 835 172 42 publishing
295 836 24 31 it
344 835 33 32 in
403 835 76 32 book
501 835 86 36 form,
613 834 53 31 but
692 833 38 32 he

96 879 133 33 declined
243 879 80 32 what
337 879 16 32 I
367 878 128 42 thought
509 888 18 22 a
540 888 69 31 very
628 876 103 34 liberal

98 924 81 37 offer,
205 923 103 43 saying
330 922 38 34 he
383 923 86 33 could
489 924 48 40 get
558 921 83 33 twice
665 921 67 33 that

99 971 132 28 amount.
273 968 98 31 When
385 968 16 30 I
414 968 105 30 visited
542 966 64 31 him
630 969 31 28 at
684 966 48 31 his

97 1011 80 37 villa,
203 1020 72 22 near
298 1009 139 38 Fulham,
459 1009 38 33 he
520 1008 132 33 received
683 1018 49 22 me

99 1055 71 33 with
198 1054 143 42 exquisite
368 1056 145 40 courtesy,
542 1053 45 33 for
613 1052 119 33 Bulwer

100 1110 60 22 was
174 1098 108 44 always
297 1110 17 21 a
334 1098 110 43 perfect
463 1097 180 43 gentleman.
685 1096 48 34 He

101 1147 89 29 wrote
204 1144 32 31 in
250 1154 18 21 a
281 1143 63 32 rich
359 1143 133 32 Oriental
505 1142 138 40 morning
652 1141 80 37 robe,

101 1188 73 32 with
187 1187 90 33 books
298 1187 32 33 of
346 1187 158 36 reference,
524 1185 208 41 manuscripts,

102 1233 60 37 &c,
177 1231 108 42 always
299 1230 207 42 conveniently
519 1231 32 31 at
563 1229 91 33 hand.

316 1286 60 22 was
403 1274 51 34 the
483 1276 79 32 most
591 1273 143 34 eccentric

102 1331 72 19 man
197 1321 16 29 I
236 1330 67 20 ever
316 1319 207 35 knew—rude,
548 1318 104 39 rough,
676 1318 59 30 and

102 1362 99 34 brutal
215 1362 178 33 sometimes.
435 1361 17 33 I
471 1371 89 23 never
581 1360 78 33 shall
678 1359 42 34 for-

103 1410 50 38 get
166 1406 51 32 the
231 1406 64 31 first
309 1406 72 31 time
395 1406 15 31 I
424 1415 60 21 saw
496 1405 75 31 him.
612 1404 16 32 I
642 1404 94 32 called

104 1455 31 29 at
148 1450 47 34 his
219 1450 115 34 modest
354 1450 89 34 home
462 1449 33 34 in
509 1448 119 43 Cheyne
652 1448 82 39 Bow,

104 1498 31 29 at
160 1495 133 36 Chelsea,
318 1495 68 36 and,
415 1494 88 40 being
524 1493 126 32 ushered
673 1493 63 31 into

105 1538 80 33 what
199 1549 60 22 was
272 1537 93 34 called
380 1548 18 22 a
410 1537 120 43 library,
552 1537 16 33 I
581 1537 92 33 found
685 1536 52 34 the

104 1584 189 42 philosopher
320 1582 148 34 stretched
495 1585 31 30 at
552 1582 55 32 full
633 1572 117 51 length'

105 1639 80 32 upon
206 1639 38 21 an
266 1627 49 34 old
334 1638 64 31 rug,
422 1626 136 42 smoking
578 1636 18 22 a
609 1625 52 34 red
674 1625 65 43 clay

105 1674 76 38 pipe,
197 1672 72 32 with
283 1683 18 19 a
315 1674 75 29 stem
405 1681 17 21 a
435 1671 72 40 yard
520 1671 80 39 long.
642 1670 76 32 With-

107 1718 51 27 out
172 1715 102 39 rising,
288 1714 39 30 he
341 1713 120 40 pointed
480 1714 31 30 to
532 1723 17 19 a
574 1712 82 31 chair
680 1712 58 30 and

107 1758 89 32 asked
209 1768 48 22 me
271 1756 132 33 whether
416 1756 16 32 I
445 1755 97 33 would
555 1754 75 33 have
645 1766 17 21 a
672 1755 67 42 pipe

107 1803 58 31 and
193 1813 17 20 a
236 1801 79 41 glass
337 1801 32 32 of
388 1800 138 41 whiskey.
568 1801 15 30 I
607 1799 132 33 declined

106 1845 82 36 both,
203 1845 178 39 whereupon
395 1843 51 32 the
460 1853 69 30 sage
549 1843 79 31 cried
642 1845 52 30 out
708 1843 31 30 in

107 1899 17 20 a
151 1888 72 41 deep
252 1886 108 34 Scotch
386 1886 100 33 voice:
555 1885 110 33 What!
701 1896 38 21 an

107 1932 167 38 American,
289 1930 59 34 and
361 1930 84 34 don't
459 1929 86 34 drink
559 1940 33 23 or
612 1928 101 35 smoke
726 1931 14 30 ?

106 1977 88 40 Why,
220 1986 81 27 man,
326 1985 58 31 you
407 1985 49 21 are
480 1977 53 29 not
546 1977 66 29 true
636 1976 30 30 to
689 1973 51 33 the

106 2019 189 41 productions
309 2018 32 32 of
351 2028 73 31 your
437 2019 134 39 country.
612 2017 17 31 I
639 2017 101 31 smoke

108 2062 158 35 American
278 2061 122 36 tobacco
414 2060 59 35 and
485 2059 88 36 drink
582 2059 159 36 American

107 2109 141 41 whiskey.
288 2109 67 32 You
381 2119 50 21 are
458 2118 18 21 a
497 2107 178 40 publisher?
714 2107 27 32 A

108 2152 59 32 bad
193 2151 92 38 trade,
314 2151 50 32 sir.
405 2149 99 34 Books
530 2159 50 23 are
614 2159 18 23 a
658 2151 83 40 great

109 2197 67 34 evil.
218 2196 63 34 The
315 2196 57 42 day
404 2194 61 35 will
498 2205 83 23 come
610 2194 87 33 when
725 2205 17 22 a

110 2242 98 32 writer
249 2241 32 33 of
318 2239 92 34 books
443 2239 61 33 will
535 2239 37 33 be
615 2238 127 43 heartily

108 2286 142 33 ashamed
276 2285 32 34 of
330 2285 49 33 his
404 2284 145 34 business.
577 2283 104 38 .Some
711 2283 31 33 of

109 2330 52 31 the
177 2329 157 32 American
347 2328 167 40 publishers
538 2326 107 33 should
663 2326 81 32 hoist

111 2384 18 21 a
141 2372 87 34 black
251 2372 60 41 flag
333 2382 68 23 over
424 2370 78 33 their
522 2370 99 43 shops,
645 2370 100 43 piracy

109 2417 90 41 being
212 2417 77 32 their
302 2415 81 34 chief
393 2415 155 33 business.'

185 2469 63 33 One
499 2467 159 33 continued
697 2467 49 32 Mr

113 2513 181 42 Lippincott,
401 2522 60 22 was
495 2511 104 42 sitting
631 2511 33 33 in
696 2521 51 32 my
758 2502 1 53 1

114 2558 93 37 office,
235 2557 86 32 when
346 2566 17 22 a
389 2556 84 38 bluff,
501 2556 114 42 hearty,
643 2544 116 44 broad-'

116 2601 184 37 shouldered,
324 2600 148 33 red-faced
494 2611 72 21 man
589 2600 114 32 walked
715 2600 33 31 in

116 2645 72 31 with
215 2645 80 41 quite
323 2654 18 21 a
370 2643 122 38 bluster,
527 2643 68 37 and,
622 2643 126 32 without

116 2688 191 42 announcing
320 2687 47 33 his
380 2698 98 28 name,
504 2687 63 33 said
579 2687 39 33 he
632 2687 117 33 wanted

117 2744 48 21 me
179 2735 31 30 to
223 2732 119 41 publish
366 2742 18 21 a
396 2732 77 31 book
492 2731 38 32 he
551 2732 61 31 had
632 2731 117 32 written

118 2776 90 34 about
222 2775 145 33 America.
408 2775 16 33 I
438 2774 89 34 asked
539 2774 64 34 him
626 2775 66 33 who
711 2774 38 34 he

118 2831 70 26 was,
202 2821 67 31 how
282 2821 71 39 long
365 2819 39 31 he
417 2819 61 31 had
497 2819 75 32 been
595 2819 81 38 here,
692 2820 59 30 and

118 2864 81 33 what
212 2864 38 33 he
264 2863 85 33 knew
362 2862 90 34 about
466 2862 50 33 the
527 2865 134 41 country.
703 2862 48 33 He

118 2909 63 33 said
201 2908 39 33 he
263 2918 60 23 was
344 2908 143 41 Anthony
507 2907 156 42 Trollope;
684 2908 67 32 that

118 2953 39 32 he
170 2951 61 33 had
243 2952 76 32 been
332 2952 32 31 in
379 2952 136 32 America
525 2951 45 32 six
578 2951 105 38 weeks,
693 2951 60 32 and

119 2996 143 32 travelled
288 2995 96 33 North
408 2996 60 31 and
491 2996 93 36 West,
607 2995 59 31 and
692 3005 60 23 was

120 3038 142 41 prepared
285 3040 31 29 to
343 3038 65 40 give
434 3037 48 31 his
508 3037 189 40 impressions
724 3037 32 32 of

123 3081 145 40 America,
288 3080 54 35 her
356 3080 103 45 people
480 3081 58 34 and
557 3080 195 36 institutions.

123 3128 16 32 I
153 3128 62 32 told
237 3127 64 32 him
323 3128 16 31 I
360 3127 97 33 would
470 3127 119 41 publish
609 3127 47 32 his
677 3127 77 33 book

123 3172 59 33 and
209 3171 86 34 allow
320 3171 64 34 him
411 3182 18 23 a
448 3171 115 44 royalty
586 3171 32 35 of
640 3173 36 32 10
702 3183 53 31 per

122 3219 78 30 cent,
215 3227 39 21 on
268 3217 38 31 its
321 3217 84 31 sales.
447 3217 48 31 He
509 3217 105 41 agreed
628 3219 31 31 to
682 3217 70 32 this.

122 3262 15 32 I
152 3261 114 33 divided
277 3261 51 33 the
340 3261 109 33 edition
459 3261 72 32 with
541 3261 50 33 the
605 3261 148 41 Harpers;

123 3306 72 31 each
218 3304 92 33 house
334 3305 118 41 putting
471 3304 38 33 its
529 3315 88 22 name
641 3315 39 22 on
703 3304 52 33 the

123 3349 98 42 copies
234 3349 64 33 sold
318 3348 38 43 by
377 3348 83 34 each.
501 3348 98 34 When
619 3348 136 43 Trollope

123 3394 91 31 heard
228 3393 66 31 that
308 3393 130 41 Harpers
452 3404 87 22 name
549 3403 60 22 was
618 3393 137 33 attached

124 3440 31 30 to
169 3437 50 32 the
233 3436 76 33 book
321 3436 39 33 he
374 3436 128 43 thought
512 3436 67 34 that
589 3448 81 22 some
680 3437 76 33 trick

123 3482 61 32 had
207 3482 74 32 been
304 3481 104 42 played
435 3492 80 31 upon
532 3481 75 39 him,
629 3482 58 32 and
707 3482 32 33 de-

124 3525 135 32 nounced
283 3536 35 21 us
339 3525 73 33 both
433 3536 32 21 as
488 3525 119 42 pirates,
632 3525 122 42 saying:

126 3575 7 13 *
146 3570 24 30 A
186 3569 105 40 plague
305 3579 79 30 upon
398 3568 71 32 both
483 3579 73 31 your
569 3569 128 32 houses.'

165 3625 129 35 Dickens
314 3636 60 23 was
388 3636 17 23 a
417 3626 133 42 precious
574 3626 83 39 snob,
672 3626 54 35 but
740 3638 18 22 a

123 3671 84 40 jolly,
250 3670 218 40 good-hearted,
512 3670 98 40 genial
649 3671 106 30 fellow.

126 3713 57 34 His
213 3712 178 35 marvellous
422 3723 114 25 success
565 3713 32 35 in
627 3713 51 35 the
708 3713 32 35 be-

127 3759 125 41 ginning
272 3759 120 32 dazzled
412 3759 59 31 and
484 3759 91 32 dazed
598 3759 74 38 him,
697 3760 60 31 and

127 3802 38 34 he
306 3802 47 33 his
516 3802 48 34 He
590 3802 60 33 had
676 3814 82 23 more

127 3847 112 32 animal
263 3847 98 42 spirits
383 3847 74 32 than
480 3857 58 33 any
557 3858 72 22 man
652 3847 16 33 I
692 3858 68 23 ever

127 3891 94 39 knew,
246 3891 54 33 but
313 3891 16 33 I
342 3891 87 33 think
442 3892 90 32 much
546 3892 33 33 of
595 3892 48 33 his
667 3892 75 33 sensi-

127 3936 85 41 bility
225 3945 60 23 was
299 3935 160 32 sentiment
472 3937 102 39 gotten
596 3946 40 31 up
650 3936 45 33 for
708 3935 51 34 the

128 3979 145 33 occasion.
313 3979 48 32 He
385 3990 60 21 saw
468 3979 66 32 that
557 3980 121 32 sadness
702 3980 59 32 and

130 4033 108 22 sorrow
260 4022 69 33 took
351 4022 31 32 in
403 4022 48 32 his
473 4022 141 42 writings,
641 4023 59 33 and
722 4023 38 33 he

130 4067 85 32 made
230 4077 17 22 a
259 4066 118 42 regular
390 4066 135 33 business
539 4067 32 33 of
581 4067 33 38 it,
629 4067 130 39 became,

129 4110 32 33 in
175 4110 92 38 short,
282 4121 18 22 a
313 4110 191 41 professional
526 4110 234 43 heart-wringer.

131 4154 63 32 The
208 4153 65 32 first
294 4154 71 32 time
379 4153 38 33 he
440 4155 104 31 visited
565 4155 136 33 America
723 4155 39 33 he

130 4207 61 23 was
213 4208 70 32 very
295 4197 116 43 foppish
424 4197 32 33 in
469 4197 48 34 his
540 4198 91 39 dress,
654 4209 76 23 wore
745 4209 17 23 a

130 4242 151 40 profusion
302 4242 33 33 of
355 4242 180 38 neckcloths,
563 4243 72 32 with
662 4243 101 42 showy

128 4284 159 43 jewellery,
313 4286 59 37 &c,
396 4296 70 28 was,
480 4285 32 33 in
535 4285 69 39 fact,
626 4287 81 33 what
720 4298 43 22 we

132 4339 67 22 now
232 4329 58 32 call
322 4339 18 22 a
372 4329 86 33 dude.
512 4330 58 32 His
605 4330 67 33 hair
704 4342 59 22 was

132 4372 179 42 elaborately
333 4373 152 41 arranged,
511 4374 59 31 and
582 4374 39 32 he
642 4385 77 22 wore
741 4374 24 33 it

133 4427 70 31 very
225 4416 81 42 long.
348 4416 40 33 As
410 4416 39 34 he
471 4427 78 31 grew
572 4418 90 38 older,
684 4418 60 34 how-

134 4471 76 25 ever,
225 4459 38 33 he
277 4462 50 38 got
341 4471 68 21 over
419 4460 83 32 these
512 4461 137 41 youthful
659 4462 104 38 follies,

135 4503 59 31 and
207 4503 52 32 the
271 4503 59 31 last
343 4503 72 33 time
428 4503 39 33 he
481 4514 60 22 was
553 4504 71 33 here
647 4505 38 33 he
706 4516 59 22 was

134 4546 109 30 almost
276 4545 124 41 entirely
432 4546 134 40 changed
605 4546 77 32 from
714 4548 51 31 the

135 4587 129 32 Dickens
291 4586 33 33 of
348 4597 17 22 a
391 4589 119 40 quarter
537 4588 33 33 of
593 4599 18 22 a
643 4591 123 41 century

134 4630 109 39 before,
268 4630 66 34 who
347 4630 61 33 had
420 4631 75 33 been
518 4633 114 33 treated
652 4633 33 32 in
705 4633 62 33 this

135 4677 125 38 country
273 4674 59 32 like
346 4684 17 21 a
376 4674 110 40 prince,
502 4676 58 30 and
581 4678 79 30 went
678 4677 89 31 home

136 4717 59 33 and
209 4716 111 34 abused
332 4726 36 23 us
381 4716 58 34 like
454 4726 17 24 a
485 4717 183 35 fishwoman.

175 4774 173 41 Thackeray
386 4785 60 21 was
472 4785 18 22 a
525 4785 71 32 very
634 4776 135 33 different

137 4828 71 21 man
222 4818 76 31 from
312 4817 138 32 Dickens.
492 4818 95 33 There
608 4829 60 22 was
681 4821 69 31 noth-

137 4860 52 43 ing
203 4861 32 33 of
245 4860 51 34 the
310 4860 49 42 fop
373 4871 34 22 or
419 4860 51 34 the
484 4861 74 33 snob
582 4861 90 34 about
694 4862 74 34 him.

139 4905 47 32 He
200 4915 60 22 was
274 4915 18 21 a
305 4905 180 41 gentleman,
501 4906 58 31 and
572 4906 97 33 would
682 4918 89 21 never

137 4948 77 34 have
240 4948 75 34 been
342 4948 95 44 guilty
470 4948 32 35 of
532 4950 153 43 accepting
718 4962 54 23 our

138 4993 173 40 hospitality
334 4993 59 30 and
415 4993 74 31 then
508 4993 144 40 laughing
673 4997 30 28 at
725 5005 45 20 us.

139 5035 48 33 He
201 5035 59 32 had
274 5045 17 22 a
304 5034 75 33 hard
392 5035 72 33 time
479 5035 32 33 of
521 5035 23 33 it
558 5035 31 33 in
607 5035 48 34 his
668 5036 102 43 youth,

139 5080 101 32 unlike
261 5080 139 37 Dickens,
415 5080 67 32 who
502 5091 109 31 sprang
630 5081 64 32 into
716 5082 36 31 im-

140 5124 128 31 mediate
281 5123 282 42 popularity—from
572 5134 17 21 a
603 5134 171 32 newspaper

139 5169 131 38 reporter
283 5166 164 41 becoming,
469 5167 107 32 almost
590 5169 31 31 at
641 5178 18 21 a
679 5168 94 41 single

141 5209 109 40 bound,
274 5210 51 34 the
345 5212 79 32 most
443 5211 160 33 successful
625 5211 99 35 writer
746 5211 31 35 of

141 5256 47 31 his
217 5266 63 30 age.
322 5255 172 42 Thackeray
520 5267 60 21 was
606 5257 103 41 nearly
736 5259 38 30 40

142 5298 98 33 before
254 5298 38 33 he
306 5299 101 32 scored
420 5298 47 33 his
480 5299 66 32 first
564 5301 83 39 great
661 5310 114 23 success

141 5343 32 32 in
188 5343 50 32 the
252 5342 87 34 novel
352 5342 32 33 of
401 5343 111 40 Vanity
532 5343 80 33 Fair.
654 5343 47 33 He
715 5355 60 21 was

142 5397 89 23 never
245 5397 33 23 so
290 5385 124 43 popular
435 5397 33 21 as
487 5386 139 39 Dickens,
651 5387 55 33 but
729 5387 47 33 his

142 5432 133 40 writings
289 5431 60 32 will
364 5430 109 32 outlive
487 5431 85 32 those
586 5432 32 31 of
628 5432 47 31 his
689 5432 84 31 rival.

144 5475 96 34 There
261 5475 26 33 is
310 5474 93 43 really
426 5485 81 23 more
530 5474 32 34 in
585 5475 101 40 them;
708 5475 71 44 they

144 5531 49 22 are
207 5531 18 21 a
238 5531 82 21 more
333 5520 62 32 real
408 5519 114 42 picture
536 5520 33 32 of
588 5520 52 32 the
663 5531 54 31 age
739 5520 39 33 he

143 5564 140 33 intended
297 5566 31 32 to
341 5566 161 41 represent.

183 5623 172 43 Thackeray
387 5634 60 22 was
480 5622 71 34 fond
591 5621 33 35 of
653 5634 18 22 a
704 5623 75 42 good

143 5667 114 37 dinner,
274 5668 58 30 and
346 5667 123 41 enjoyed
489 5667 52 31 the
565 5667 131 40 terrapin
720 5667 59 31 and

142 5711 197 34 canvas-back
361 5711 92 33 ducks
476 5710 97 33 which
595 5710 50 34 the
670 5710 90 33 Chesa-

142 5757 91 43 peake
257 5757 129 43 supplies
410 5768 32 22 so
464 5755 179 44 bountifully
670 5759 31 31 to
725 5767 54 22 our

141 5802 125 31 market.
309 5802 46 31 He
379 5812 60 20 was
453 5812 81 20 more
559 5804 30 28 at
612 5801 90 31 home
716 5802 31 29 at
761 5809 18 22 a

142 5846 80 42 quite
238 5845 89 35 social
341 5845 156 43 gathering
512 5844 73 33 than
609 5848 30 29 at
663 5855 17 22 a
694 5846 83 41 great

757 199 99 40 public
871 199 113 31 dinner.
1027 197 47 32 He
1095 197 72 31 used
1187 199 30 29 to
1240 196 86 41 enjoy
1340 195 50 32 the

759 243 147 40 Saturday
919 242 102 40 nights
1035 244 30 28 at
1079 241 51 32 the
1153 241 130 40 Century
1304 239 85 37 Club,

758 286 71 33 New
856 286 89 38 York,
974 286 96 32 where
1094 285 38 32 he
1160 294 71 23 once
1259 285 61 30 met
1347 282 44 33 Dr

758 330 94 38 Kane,
882 341 71 21 soon
981 330 75 32 after
1079 329 51 32 the
1151 329 89 32 latter
1263 327 61 32 had
1346 338 30 21 re-

758 375 106 32 turned
891 375 76 32 from
995 385 54 22 one
1077 374 31 33 of
1131 374 48 32 his
1205 383 126 31 voyages
1361 374 30 30 to

758 420 50 31 the
842 420 96 31 North
972 420 81 31 Pole.
1105 418 64 32 The
1195 418 101 31 doctor
1330 416 62 32 told

758 463 171 40 Thackeray
950 462 67 33 how
1040 462 38 32 he
1102 462 60 32 had
1176 472 69 21 seen
1266 471 17 21 a
1304 460 87 32 sailor

757 507 122 41 reading
908 507 168 31 Pendennis
1106 507 39 41 by
1171 506 52 32 the
1256 505 77 42 light
1364 504 30 32 of

758 561 16 20 a
808 551 133 32 train-oil
974 551 81 41 lamp
1088 550 129 32 beneath
1254 559 17 22 a
1304 548 89 33 Polar

819 686 347 35 MISCELLANEOUS
1188 686 137 34 ITEMS.

796 794 126 33 London
937 795 136 39 supports
1088 795 37 32 67
1139 791 154 43 hospitals.

797 839 93 37 Paris,
922 838 33 32 in
982 838 41 31 all
1049 838 38 31 its
1114 837 135 32 business
1277 837 114 35 streets,

758 882 88 33 melts
860 882 51 32 the
925 893 82 21 snow
1021 881 71 33 with
1107 880 57 33 salt
1179 880 59 32 and
1249 890 109 31 sweeps
1369 879 24 31 it

758 927 63 33 into
835 926 51 34 the
901 936 114 23 sewers.

799 972 63 30 The
904 971 132 30 German
1087 969 203 31 Government
1338 968 55 29 has

759 1013 121 34 ordered
894 1015 108 36 30,000
1016 1011 109 33 swords
1139 1011 45 32 for
1198 1010 51 33 the
1260 1020 93 32 army.

800 1058 96 33 Seven
916 1058 132 32 German
1072 1055 135 43 generals
1230 1055 61 31 will
1315 1066 58 20 com-

759 1103 77 42 plete
850 1102 79 33 their
942 1102 108 33 fiftieth
1061 1111 69 33 year
1141 1101 32 32 of
1181 1100 94 33 active
1286 1099 109 33 service

760 1148 107 40 during
883 1149 85 29 1886.

800 1190 71 33 New
885 1190 80 32 York
979 1189 59 43 city
1051 1189 26 32 is
1091 1187 132 43 growing
1246 1189 31 30 at
1301 1197 17 21 a
1339 1188 42 30 tre-

760 1235 144 32 mendous
918 1237 74 30 rate.
1035 1234 82 32 More
1127 1244 66 21 new
1203 1232 108 32 houses
1321 1242 76 21 were

760 1279 148 42 projected
922 1279 107 40 during
1042 1279 51 31 the
1107 1278 58 32 last
1179 1277 82 33 three
1276 1276 122 33 months

760 1323 75 31 than
850 1333 66 21 ever
929 1323 98 31 before
1041 1323 32 29 in
1087 1323 50 29 the
1151 1321 113 40 history
1282 1321 31 30 of
1332 1320 67 30 that

761 1366 68 42 city.

800 1410 59 33 For
872 1409 112 42 having
996 1408 110 33 robbed
1120 1418 17 21 a
1158 1407 91 42 priest
1273 1406 59 31 and
1355 1416 28 21 re-

763 1454 89 34 sisted
869 1454 51 34 the
944 1454 103 41 police,
1071 1464 17 22 a
1111 1453 132 40 military
1266 1450 132 33 tribunal

762 1500 33 30 in
808 1498 108 32 Kussia
929 1498 55 31 has
997 1497 184 33 condemned
1190 1496 84 31 three
1285 1494 112 32 Jewish

763 1542 141 43 brigands
918 1544 31 31 to
963 1542 99 38 death,
1078 1541 59 32 and
1151 1539 157 34 sentenced
1317 1538 83 33 three

765 1588 100 33 others
879 1591 31 29 to
923 1588 103 31 fifteen
1040 1596 83 32 years
1141 1585 238 40 imprisonment.

804 1631 104 34 Canon
923 1631 107 33 Farrar
1043 1630 56 33 has
1121 1629 76 33 done
1221 1639 33 23 so
1277 1627 67 33 well
1367 1626 33 32 in

765 1676 137 31 America
923 1676 67 29 that
1013 1675 39 30 he
1073 1674 55 30 has
1153 1684 80 20 some
1257 1671 144 40 thoughts

766 1718 31 31 of
808 1718 89 40 going
911 1728 39 21 on
971 1727 17 20 a
1011 1716 147 40 lecturing
1181 1718 67 28 tour
1271 1716 32 29 to
1327 1714 55 30 Aus-

766 1761 97 33 tralia.
906 1761 47 32 An
968 1759 158 33 American
1136 1768 90 32 paper
1236 1756 89 43 vilely
1336 1765 66 33 says

765 1806 38 31 he
837 1805 60 31 will
931 1805 90 40 likely
1054 1814 38 31 go
1119 1804 108 30 Farrar
1254 1801 59 31 and
1340 1801 62 31 fare

765 1859 103 20 worse.

806 1893 25 30 A
845 1892 84 31 labor
942 1891 122 36 bureau,
1080 1889 94 32 under
1193 1888 52 32 the
1269 1886 133 42 auspices

767 1935 31 34 of
809 1936 51 32 the
874 1935 141 42 Imperial
1030 1933 211 37 Government,
1256 1931 55 32 has
1325 1931 75 32 been

767 1980 112 40 opened
892 1980 32 30 in
948 1979 126 31 London
1096 1980 31 29 to
1151 1977 49 31 aid
1222 1976 32 30 in
1278 1975 125 39 sending

766 2026 31 29 to
817 2023 52 31 the
893 2022 137 31 Colonies
1054 2030 82 22 some
1158 2019 32 32 of
1210 2019 52 31 the
1286 2017 118 41 surplus

767 2066 132 45 working
930 2064 174 47 population
1137 2063 32 36 of
1200 2062 51 36 the
1284 2060 121 37 Mother

768 2114 142 38 Country.

807 2155 48 33 An
888 2152 129 44 English
1049 2161 92 35 paper
1173 2161 67 33 says
1277 2149 67 34 that
1386 2159 18 22 a

768 2200 128 33 married
910 2199 103 42 couple
1026 2202 91 29 wrote
1130 2199 32 32 to
1183 2197 52 32 the
1259 2196 148 40 Coventry

769 2245 168 33 Guardians
955 2243 128 42 wishing
1105 2244 32 31 to
1162 2241 88 42 adopt
1273 2250 18 22 a
1313 2239 74 33 work-

769 2290 93 32 house
875 2289 107 36 infant,
997 2288 60 31 and
1070 2286 52 32 the
1141 2285 169 33 Guardians
1331 2295 76 20 were

770 2332 129 41 speedily
932 2330 125 42 deluged
1089 2329 73 32 with
1195 2328 102 31 letters
1331 2327 76 31 from

770 2386 122 32 persons
905 2375 127 40 wishing
1045 2376 32 30 to
1090 2373 115 40 dispose
1216 2372 32 33 of
1255 2370 111 33 babies.

811 2420 39 32 At
864 2429 18 23 a
894 2419 78 41 baby
986 2419 82 31 show
1080 2417 33 32 in
1126 2416 95 37 Paris,
1247 2426 39 21 an
1310 2415 98 31 infant

771 2474 60 21 was
845 2462 150 33 exhibited
1016 2462 83 31 three
1123 2460 60 32 and
1206 2459 97 32 a-half
1324 2469 84 31 years

773 2508 58 38 old,
845 2507 75 33 born
933 2516 72 23 near
1018 2506 123 41 Dieppe,
1156 2504 98 33 which
1277 2502 132 42 weighed

773 2552 91 38 861b.,
892 2551 59 33 and
977 2560 61 23 was
1065 2552 18 30 3
1110 2549 59 33 feet
1191 2550 38 30 10
1250 2547 103 32 inches
1377 2546 32 31 in

772 2596 115 41 height.
948 2595 47 32 He
1028 2594 26 32 is
1086 2593 152 41 possessed
1271 2592 32 32 of
1327 2594 84 37 great

774 2639 145 41 strength,
935 2638 59 31 and
1006 2637 143 42 promises
1172 2638 31 29 to
1226 2636 37 31 be
1287 2645 17 21 a
1328 2634 83 41 giant

777 2683 58 34 like
867 2683 48 33 his
948 2681 200 43 grandfather,
1183 2678 144 42 although
1364 2678 47 32 his

774 2728 97 32 father
884 2728 26 31 is
923 2727 33 33 of
970 2726 101 32 rather
1094 2725 59 32 less
1174 2724 75 32 than
1273 2723 138 40 ordinary

776 2774 122 30 stature.

815 2815 159 41 Alongside
988 2814 51 31 the
1053 2813 83 31 main
1150 2812 117 41 Mersey
1277 2810 106 33 tunnel
1395 2821 17 20 a

777 2859 120 34 smaller
910 2869 66 27 one,
991 2867 89 23 seven
1094 2857 58 32 feet
1165 2856 32 32 in
1211 2855 153 37 diameter,
1387 2854 25 32 is

777 2904 122 33 carried.
954 2902 72 33 This
1053 2901 91 34 exists
1172 2901 91 41 solely
1289 2899 46 33 for
1361 2899 52 32 the

777 2948 69 33 sake
861 2948 31 33 of
902 2946 177 41 ventilating
1092 2946 52 31 the
1158 2945 96 40 larger
1268 2954 66 26 one,
1355 2942 59 32 and

778 2994 51 30 out
844 2992 32 32 of
886 2993 24 29 it
923 2991 51 31 the
990 2990 43 31 air
1047 2989 24 32 is
1093 2988 108 32 sucked
1224 2988 39 40 by
1286 2987 126 32 exhaust

777 3035 67 31 fans
857 3033 73 32 with
944 3033 73 31 such
1030 3032 78 31 force
1122 3031 66 31 that
1202 3031 24 30 it
1240 3030 25 30 is
1279 3029 64 31 said
1362 3029 52 30 the

778 3076 96 37 whole
906 3076 77 45 body
1016 3075 33 36 of
1078 3075 52 34 the
1164 3073 187 44 atmosphere
1388 3071 25 35 is

779 3123 134 42 changed
927 3134 85 29 every
1026 3132 89 22 seven
1128 3121 140 31 minutes.

818 3168 48 34 Mr
880 3167 92 35 Ward
985 3166 140 39 Beecher,
1145 3165 76 39 who,
1237 3164 24 34 it
1275 3174 134 32 appears,

779 3214 55 31 has
861 3213 75 32 been
962 3211 134 43 pestered
1122 3210 39 42 by
1183 3209 104 43 people
1310 3211 31 29 to
1366 3210 49 39 get

779 3258 84 32 them
877 3256 156 33 situations
1047 3255 33 32 in
1103 3255 51 32 the
1178 3254 113 33 United
1316 3254 100 31 States

780 3302 84 41 Navy
890 3300 91 38 Yard,
1008 3299 55 32 has
1087 3298 136 33 declared
1245 3297 68 32 that

779 3344 169 43 reputation
974 3344 45 33 for
1040 3342 148 34 influence
1212 3342 25 32 is
1262 3353 17 21 a

781 3389 72 32 This
866 3388 146 42 profound
1024 3388 181 40 knowledge,
1220 3386 24 31 it
1259 3385 107 32 should
1379 3384 37 32 be

781 3433 149 38 observed,
954 3432 119 38 arrives,
1097 3442 33 21 as
1154 3442 18 21 a
1195 3430 74 38 rule,
1294 3432 31 30 to
1347 3440 71 21 men

781 3478 71 42 only
871 3476 88 34 when
982 3476 72 42 they
1076 3476 76 32 have
1176 3476 51 40 got
1249 3473 104 43 nearly
1377 3473 41 32 all

781 3522 71 41 they
865 3523 81 30 want
958 3520 45 33 for
1017 3520 188 32 themselves.

821 3565 26 31 A
861 3564 229 40 correspondent
1104 3573 66 31 says
1193 3562 39 31 he
1256 3563 78 30 went
1355 3561 64 30 into

783 3619 17 23 a
832 3607 198 36 bootmaker's
1064 3606 74 44 shop
1172 3616 39 24 on
1244 3605 53 34 the
1333 3603 85 35 Paris

782 3654 181 31 Boulevards
977 3654 31 29 to
1022 3652 148 38 complain
1184 3651 33 31 of
1227 3651 51 29 the
1303 3650 58 30 bad
1384 3650 36 29 fit

783 3695 32 35 of
826 3705 18 24 a
857 3694 65 44 pair
935 3694 32 35 of
977 3693 95 41 boots,
1087 3692 88 35 when
1195 3692 51 34 the
1270 3690 151 44 following

783 3741 135 41 dialogue
929 3740 111 32 ensued
1133 3739 83 31 Look
1226 3739 70 31 here
1310 3750 6 26 ;
1337 3738 84 31 these

783 3784 85 35 boots
882 3795 50 22 are
946 3783 90 43 doing
1049 3793 39 23 an
1101 3782 99 43 injury
1214 3784 31 32 to
1258 3793 52 31 my

817 3829 80 32 Take
913 3828 84 33 them
1021 3828 49 38 off,
1094 3827 109 42 please,
1229 3826 59 32 and
1308 3826 43 32 let
1374 3837 48 20 me

785 3885 47 22 see
846 3873 114 38 them,'*
1003 3871 86 33 Then
1102 3871 52 33 the
1169 3870 85 34 artist
1273 3870 71 33 took
1366 3880 55 23 one

784 3918 80 36 boot,
887 3917 69 37 and,
980 3917 132 37 knitting
1134 3915 49 32 his
1205 3915 106 36 brows,
1337 3914 83 31 said:

817 3962 30 33 It
860 3961 25 33 is
899 3964 54 30 not
966 3960 51 33 the
1031 3960 86 33 boots
1130 3958 98 34 which
1246 3958 77 33 have
1347 3958 76 32 done

786 4016 57 30 you
857 4015 59 31 any
938 4004 105 37 harm;
1064 4004 25 31 it
1102 4003 26 31 is
1151 4012 74 32 your
1245 4002 60 31 feet
1325 4001 98 32 which

785 4049 76 33 have
875 4047 88 44 spoilt
977 4047 51 33 the

826 4093 26 33 A
866 4092 120 42 general
1000 4091 76 41 fight
1086 4091 70 33 took
1165 4089 84 43 place
1259 4099 18 23 a
1287 4089 56 33 few
1353 4089 71 42 days

787 4147 55 31 ago
866 4139 31 30 at
920 4136 45 33 St.
991 4135 103 37 Denis,
1119 4134 125 37 France,
1270 4143 109 29 among
1404 4143 17 21 a

787 4179 127 33 number
927 4179 33 33 of
970 4178 111 33 Italian
1100 4177 162 34 workmen.
1313 4176 111 32 Knives

787 4235 76 23 were
876 4224 103 32 drawn
992 4223 60 33 and
1064 4223 93 41 freely
1169 4222 82 37 used,
1276 4221 73 33 with
1371 4220 52 33 the

788 4268 94 33 result
908 4268 67 32 that
1002 4277 56 22 one
1085 4266 33 33 of
1138 4265 52 33 the
1213 4264 128 34 number
1364 4274 59 22 was

788 4311 157 34 murdered
967 4311 59 32 and
1047 4321 82 22 some
1151 4309 99 33 others
1271 4308 153 33 wounded.

789 4356 72 33 Two
871 4356 32 33 of
913 4355 52 33 the
978 4365 71 22 men
1061 4355 77 31 have
1151 4353 76 33 been
1244 4353 140 32 arrested.

829 4400 155 33 President
998 4397 159 35 Cleveland
1174 4397 102 33 denies
1299 4397 67 32 that
1387 4395 39 34 he

789 4444 56 32 has
887 4444 52 32 the
979 4442 179 33 marvellous
1201 4452 134 30 memory
1377 4440 47 32 his

791 4486 146 33 flatterers
950 4485 76 33 have
1045 4485 133 33 ascribed
1200 4487 31 30 to
1254 4484 75 33 him.
1379 4483 48 33 He

791 4540 66 30 says
882 4530 49 30 his
953 4539 135 30 memory
1113 4529 26 30 is
1162 4538 70 30 very
1252 4527 173 40 capricious,

791 4572 81 32 often
885 4571 149 41 retaining
1047 4570 113 41 trifling
1181 4570 105 32 details
1310 4569 100 42 regard-

791 4615 52 42 ing
856 4626 81 23 some
951 4614 179 35 cross-roads
1144 4613 173 43 post-office,
1340 4613 88 34 while

791 4659 108 40 letting
925 4659 57 40 slip
1004 4661 125 30 matters
1156 4658 32 32 of
1209 4658 52 32 the
1284 4658 66 31 first
1372 4658 36 31 im-

793 4703 150 40 portance.

833 4745 64 33 The
911 4755 55 31 ups
980 4744 59 33 and
1052 4745 101 33 downs
1174 4744 33 33 of
1224 4743 136 35 Colonial
1379 4743 50 34 life

795 4799 75 21 were
884 4788 186 40 exemplified
1082 4788 33 31 in
1125 4788 51 32 the
1187 4799 66 20 case
1264 4788 32 31 of
1304 4788 126 40 Captain

796 4831 107 37 Steele,
919 4841 18 21 a
951 4831 132 32 Colonist
1097 4831 32 32 of
1136 4830 102 42 nearly
1249 4830 78 43 sixty
1336 4833 92 40 years'

795 4874 149 42 standing,
959 4874 67 34 who
1039 4875 67 32 died
1120 4877 31 30 at
1164 4875 72 32 Port
1259 4875 171 41 Macquarie

795 4919 132 41 recently
939 4919 32 31 in
986 4928 17 22 a
1017 4920 75 31 state
1106 4917 33 34 of
1156 4918 183 33 destitution.
1391 4919 40 32 At

796 4974 56 21 one
866 4962 72 33 time
951 4962 39 33 he
1003 4973 61 22 was
1078 4973 55 22 one
1148 4962 31 33 of
1195 4962 50 33 the
1268 4962 165 33 wealthiest

797 5007 147 39 squatters
954 5006 32 30 in
1000 5006 72 31 New
1087 5005 96 32 South
1197 5005 110 32 Wales.

838 5047 125 36 Senator
1121 5049 119 38 Brown,
1255 5049 32 33 of
1295 5049 136 42 Georgia,

798 5093 25 31 is
850 5093 63 31 said
939 5095 31 31 to
996 5093 76 31 have
1099 5093 51 31 the
1183 5095 78 30 most
1288 5094 145 40 complete

798 5135 156 32 collection
981 5135 32 32 of
1036 5146 170 30 newspaper
1233 5136 144 42 clippings
1401 5137 32 32 in

800 5179 207 42 Washington,
1035 5179 42 32 all
1098 5180 128 41 relating
1249 5183 31 30 to
1303 5181 130 33 himself.

800 5224 48 33 He
864 5224 129 42 depends
1015 5235 81 31 upon
1118 5223 47 33 his
1189 5225 65 33 wife
1278 5227 31 32 to
1331 5226 104 41 gather

801 5268 83 32 them
897 5268 46 32 for
955 5268 74 32 him.
1082 5268 61 32 She
1156 5268 88 40 keeps
1261 5271 59 30 two
1339 5280 80 30 scrap-

800 5310 101 39 books,
916 5322 56 22 one
986 5311 45 32 for
1043 5310 52 33 the
1109 5311 75 41 good
1198 5311 101 42 things
1310 5313 59 31 and
1379 5324 56 21 one

801 5355 45 33 for
859 5355 51 32 the
923 5355 59 32 bad
995 5355 102 42 things
1110 5355 67 32 that
1191 5366 49 22 are
1259 5356 63 32 said
1346 5357 90 32 about

802 5399 54 33 her
869 5399 148 33 husband.

842 5443 37 32 In
903 5443 101 32 Persia
1017 5442 52 33 the
1092 5442 166 42 possession
1273 5444 32 32 of
1325 5454 56 23 one
1405 5454 33 23 or

803 5498 81 23 more
894 5487 94 34 slaves
998 5487 26 33 is
1034 5487 51 34 the
1097 5487 65 42 sign
1174 5488 31 33 of
1207 5489 227 42 respectability.

835 5531 47 33 He
896 5534 81 30 must
990 5531 36 33 be
1039 5532 180 41 respectable
1233 5542 7 29 ;
1260 5533 39 31 he
1318 5543 80 22 owns
1421 5543 17 21 a

936 5576 26 32 is
976 5576 64 32 said
1062 5575 32 33 in
1117 5576 109 33 Persia.
1280 5576 103 33 Slaves
1405 5576 33 33 in

805 5620 66 33 that
885 5623 124 38 country
1023 5632 49 21 are
1085 5620 141 33 luxuries.
1278 5621 115 41 Except
1407 5622 31 31 in

804 5664 52 31 the
870 5664 241 31 establishments
1125 5664 33 31 of
1168 5665 51 30 the
1233 5665 137 40 wealthy,
1386 5667 52 29 not

804 5719 82 22 more
899 5707 75 33 than
998 5718 56 22 one
1078 5717 32 23 or
1133 5710 58 30 two
1214 5719 152 31 negresses
1390 5719 48 22 are

805 5753 85 42 kept;
913 5753 59 33 and
998 5752 51 33 the
1073 5753 166 41 possession
1266 5752 32 34 of
1319 5764 17 21 a
1360 5752 78 34 male

805 5798 79 31 slave
898 5807 103 20 means
1015 5797 51 30 the
1081 5807 80 20 same
1176 5797 87 40 thing
1272 5807 32 20 as
1315 5797 124 42 keeping

804 5853 18 21 a
835 5842 204 32 man-servant
1052 5840 31 33 in
1097 5839 150 41 England.

1219 63 117 38 THE
1390 62 184 39 LYELL
1626 62 184 46 TIMES,
1866 61 303 46 SATURDAY,
2226 60 115 40 MAY
2396 73 58 37 29,
2512 63 104 40 1886.

3452 5723 113 30 Printed
3579 5724 55 29 and
3648 5725 148 37 published
3813 5726 37 38 by
3866 5728 48 29 the
3928 5731 162 35 proprietor,

3486 5763 107 27 Walter
3604 5764 96 31 Atkin,
3714 5771 29 21 at
3756 5766 48 26 the
3819 5766 163 36 Registered
4006 5770 84 28 Office

3487 5800 79 30 olthe

3487 5841 112 38 County
3613 5842 30 28 of
3651 5842 106 35 Buller,
3766 5843 109 36 Colony
3888 5846 29 28 of
3926 5845 23 30 N
3955 5847 40 28 .Z.

1493 187 174 40 Westport
1683 189 303 32 Advertisements.

1420 266 334 56 GILMER'S
1808 267 240 59 HOTEL

1660 371 156 26 WESTPORT,

1446 440 144 39 Corner
1618 439 41 39 of
1686 441 240 39 Palmerston
1951 441 75 39 and

1538 495 212 40 Wakefield
1777 496 158 47 Streets,

1424 591 277 56 CONVENIENT
1722 591 29 25 to
1769 591 47 25 the
1830 591 153 34 Telegraph
1997 591 52 25 and

1511 627 65 27 Post
1590 627 107 32 Offices,
1711 627 55 27 and
1778 627 96 35 nearly
1888 627 122 36 opposite
2023 630 28 24 to

1421 663 33 30 he
1468 664 77 29 R.M.
1560 665 86 28 Court
1660 664 55 29 and
1734 665 82 28 H.M.
1831 665 138 29 Customs.

1423 771 179 41 Gilmer's
1623 771 176 41 Masonic
1823 772 130 50 Hotel,

1938 836 69 20 NELS

1423 865 179 39 Gilmer's
1628 865 131 49 Hotel,

1874 929 135 20 GREYMOU'

1425 959 177 37 Gilmer's
1622 959 123 50 Royal
1764 959 85 38 Oak
1870 960 129 44 Hotel,

1861 1019 192 21 WELLINGTON.

1458 1127 78 28 Good
1557 1128 238 28 accommodation
1813 1128 42 28 for
1875 1128 180 28 Commercial

1424 1165 160 32 Travellers,
1597 1166 67 28 with
1677 1166 105 36 sample
1795 1175 92 19 rooms
1899 1165 140 38 provided.

1458 1204 25 28 A
1507 1204 87 37 Night
1618 1204 96 28 Porter
1738 1204 103 37 always
1865 1213 36 20 on
1925 1204 48 29 the
1996 1213 45 28 pre-

1424 1243 92 28 mises.

1460 1281 127 34 Booking
1606 1281 84 29 Office
1709 1281 41 29 for
1762 1281 46 29 the
1821 1281 169 33 Charleston,
2003 1281 36 29 Ad-

1427 1319 111 33 dison's,
1553 1320 115 26 Reefton
1681 1319 54 26 and
1754 1319 80 35 Lyell
1846 1319 131 27 Coaches.

1462 1357 77 29 Good
1552 1357 127 36 stabling,
1693 1357 68 28 with
1774 1356 77 37 eight
1870 1356 80 29 horse
1971 1356 86 34 stalls,

1427 1396 128 28 attached
1567 1398 28 26 to
1609 1396 46 28 the
1668 1396 141 36 premises.

1634 1453 121 32 JOHN
1774 1452 190 39 GILMER,

1861 1497 164 35 Proprietor.

2155 188 146 31 Reefton
2328 188 293 32 Advertisements

2194 269 55 38 W.
2290 268 304 49 HINDMAESH,

2129 391 273 35 HAREBROKER,
2428 392 180 33 MINING,
2632 392 78 28 AND

2169 469 167 41 General
2361 469 261 41 Commission

2329 563 137 53 Agent,

2113 694 289 48 BROADWAY,
2430 695 246 48 REEFTON,

2202 803 141 37 (Opposite
2361 802 137 32 So.ithern
2512 804 81 29 Cross

2345 860 103 36 Hotel.)

2082 945 340 58 Dawson's
2487 946 223 72 Hotel,

2149 1059 8 8 •
2178 1048 224 36 BROADWAY,
2429 1049 187 30 REEFTON.

2173 1201 85 29 house
2272 1206 102 24 cannot
2387 1201 31 30 be
2432 1203 146 34 surpassed
2598 1202 31 29 in
2649 1203 68 28 New

2084 1239 129 30 Zealand.

2086 1340 175 54 Booking
2295 1343 121 41 Office
2451 1343 58 41 for
2542 1343 176 41 Mitchell

2134 1395 77 40 and
2255 1397 233 54 Campbell's
2545 1399 123 53 Royal

2185 1450 96 41 Mail
2310 1455 99 37 Line
2430 1455 42 38 of
2498 1455 98 51 Grey-

2107 1505 17 20 #
2238 1507 133 41 mouth
2387 1507 188 42 Coaches.

2122 1641 67 28 This
2201 1640 87 29 Hotel
2300 1639 24 29 is
2326 1639 19 13 v
2345 1639 63 29 well
2428 1639 103 30 known
2551 1639 170 37 throughout
2732 1631 2 45 I

2090 1679 67 26 New
2170 1678 120 27 Zealand
2302 1678 43 26 for
2362 1677 37 27 its
2417 1677 236 28 accommodation
2667 1678 55 26 and

2089 1715 181 28 convenience
2282 1714 42 29 for
2341 1714 112 29 tourists
2472 1713 56 29 and
2547 1713 175 30 commercial

2089 1752 150 31 travellers.

2286 1799 125 39 JOHN
2432 1799 212 47 DAWSON,

2523 1853 165 36 Proprietor.

2251 1936 310 34 STEVENSON'S

2096 1998 365 62 M'Ghaffin's
2497 1997 227 76 Hotel,

2196 2104 224 33 BROADWAY,
2439 2104 188 27 REEFTON.

2097 2236 121 62 THIS
2232 2235 181 39 Magnificent
2423 2234 87 32 Hotel
2521 2234 58 32 will
2599 2234 33 32 be
2644 2234 87 32 found

2184 2276 103 37 replete
2300 2276 68 28 with

2190 2347 93 22 EVEEY
2301 2347 127 21 COMFORT
2445 2347 57 21 AND
2519 2346 118 22 MODERN

2310 2386 207 20 CONVENIENCE.

2131 2494 132 34 Tourists,
2289 2493 177 30 commercial
2494 2492 153 34 travellers,
2677 2492 56 29 and

2098 2533 92 28 others
2199 2533 56 28 will
2268 2532 65 29 here
2345 2532 58 28 find
2417 2540 83 28 every
2512 2530 138 31 attention
2659 2539 54 21 com-

2098 2572 82 29 bined
2192 2571 68 30 with
2274 2571 83 30 home
2369 2570 139 31 comforts.

2100 2683 156 40 Booking
2274 2683 107 33 Office
2392 2683 54 31 for
2456 2683 173 31 Newman
2639 2681 95 33 Bros'

2126 2728 109 41 Royal
2248 2728 88 32 Mail
2347 2728 86 32 Line
2446 2726 40 33 of
2493 2727 134 32 Nelson
2639 2727 71 31 and

2242 2774 174 39 Westport
2429 2773 164 33 Coaches.

2100 2864 4 49 .
2161 2864 161 44 JAMES
2367 2864 306 49 STEVENSON,

2326 2928 182 20 PROPRIETOR.

1428 1582 103 59 Y?.
1618 1580 440 63 gTRUTHEBS

1572 1677 89 30 HAS
1677 1677 65 30 ON
1762 1677 151 30 SALE—

1475 2447 320 38 PALMERSTON
1840 2447 192 47 STREET,

1649 2510 214 29 WESTPORT.

1473 2595 291 58 Thomas
1791 2594 244 71 James,

1569 2707 265 47 SADDLER,
1864 2704 80 49 &c,
1967 2707 7 6 *

1440 2792 220 31 TMPORTER
1677 2801 57 19 and
1759 2791 315 30 MANUFACTURER

1740 2852 34 20 OF

1441 2904 60 38 All
1533 2902 254 52 descriptions
1806 2900 41 40 of
1874 2901 197 51 Saddlery,

1492 2967 183 46 Harness,
1695 2966 111 50 Long
1817 2964 76 39 and
1912 2964 115 40 Short

1541 3027 203 52 Leggings,
1816 3025 159 54 Plough,

1590 3094 31 38 &
1640 3092 108 39 Back
1774 3091 153 48 Chains,

1639 3155 158 49 Traces,
1814 3157 65 39 &c.

1444 3288 115 37 Repairs
1571 3287 102 37 Neatly
1686 3286 55 28 and
1760 3286 147 38 Promptly
1927 3284 150 30 Executed.

1445 3401 176 38 Up-country
1633 3400 93 29 orders
1744 3399 141 38 promptly
1898 3398 130 31 attended
2041 3401 38 27 to.

1446 3515 50 28 ON
1516 3514 206 29 SALE—Steel
1752 3514 137 33 Polished,
1920 3513 55 28 and
2006 3513 75 29 Solid

1516 3553 89 27 Silver
1632 3553 71 32 Bits,
1735 3552 131 35 Stirrups,
1898 3552 56 26 and
1985 3551 96 36 Spurs,

1515 3590 103 39 Riding
1640 3590 124 35 Saddles,
1786 3589 74 29 Pack
1882 3589 124 35 Saddles,
2027 3589 54 29 and

1515 3630 99 35 Whips
1628 3630 30 28 of
1671 3631 37 26 all
1721 3629 188 36 descriptions.

2104 3003 250 62 Oity
2377 3000 361 52 Hotel

2133 3084 290 48 BROADWAY,
2453 3083 251 42 REEFTON.

2194 3257 54 28 and
2268 3257 48 28 the
2335 3256 92 36 public
2445 3254 142 37 generally
2605 3255 59 27 will
2681 3254 57 27 find

2105 3294 54 29 this
2171 3294 176 29 well-known
2366 3292 86 29 Hotel
2469 3292 80 29 fitted
2566 3291 70 30 with
2656 3300 83 29 eyery

2105 3334 113 29 modern
2231 3334 184 29 convenience
2424 3331 57 30 and
2491 3330 195 39 requirement.

2154 3447 87 41 The
2273 3448 257 51 Proprietress
2560 3445 32 40 is
2616 3445 103 40 deter-

2109 3502 126 39 mined
2262 3508 40 33 to
2321 3515 110 38 spare
2450 3513 49 26 no
2518 3513 165 38 expense
2701 3500 39 39 in

2109 3556 153 51 making
2279 3555 77 39 this
2377 3555 118 38 Hotel
2514 3553 227 54 thoroughly

2109 3610 111 52 equal
2238 3617 40 33 to
2296 3609 50 41 all
2364 3609 288 52 requirements.

2109 3740 92 35 Local,
2220 3740 126 29 Colonial
2370 3740 55 29 and
2449 3739 92 30 Home
2565 3747 99 28 papers
2687 3738 54 29 and

2229 3778 163 38 periodicals
2404 3778 138 38 regularly
2553 3777 74 31 filed.

2276 3835 152 43 ALICE
2453 3833 239 51 NEVILLE,

2550 3898 191 35 Proprietress.

1482 3858 91 55 J.
1637 3858 415 65 OORR,

1662 3968 210 35 IMPOETEE,

1794 4061 129 39 WINE,
1949 4060 130 32 SPIRII

1551 4222 199 41 Provision
1769 4221 218 41 Merchant.

1493 4424 320 39 PALMERSTON
1855 4423 194 48 STREET,

1664 4518 217 24 WESTPORT.

1575 4760 157 38 PETER
1760 4758 213 47 MULVAY,

1504 4847 201 35 (LUMBER,
1736 4846 238 36 TINSMITH,
2003 4845 87 30 AND

1631 4886 222 34 GASFITTER,
1867 4886 55 29 and

1538 4971 475 45 COPPERWORKER,

1493 5086 214 37 Palmerston
1734 5085 122 47 Street,
1876 5085 186 46 Westport,

1579 5190 140 39 (Opposite
1733 5190 129 30 Gilmer's
1873 5190 106 38 Hotel.)

1465 5342 94 36 Every
1575 5340 181 36 description
1771 5341 34 31 of
1827 5341 179 32 Holloware.
2021 5341 49 31 Tin-

1503 5385 116 33 smiths'
1636 5385 113 39 Goods,
1764 5385 56 31 and
1841 5385 216 43 Ironmongery

1661 5429 72 39 kept
1754 5430 31 30 in
1806 5429 95 31 stock*

1594 5565 25 29 A
1631 5566 88 36 Large
1733 5565 200 38 Consignment
1945 5565 31 30 of

1509 5631 186 41 STOVES
1721 5632 103 38 AND
1858 5632 200 41 RANGES

1673 5720 62 22 NOW
1752 5720 34 21 TO
1805 5720 87 22 HAND.

1651 5845 44 29 All
1714 5845 85 29 Work
1813 5846 181 28 Guaranteed.

2907 191 119 30 Public
3043 191 151 31 Notices.

2871 270 129 40 JOHN
3044 269 189 51 MUNKO,

2796 402 179 29 ENERAL
3005 402 247 30 MERCHANT
3281 403 91 29 AND
3376 414 48 28 the

2953 480 208 35 IMPORTER,
3372 456 3 62 l
3376 456 50 62 J£

2840 596 242 40 Palmerston
3135 597 139 48 Street,

2953 720 216 25 WESTPORT.

2790 817 244 32 JOHNSTON
3062 817 28 32 &
3114 817 216 32 WATKINS

2959 892 107 29 CIVIL
3083 892 80 30 AND

2830 968 144 29 INING

3117 969 262 33 NGINEERS,

2932 1054 181 21 AUTHORISED
3133 1054 58 21 AND

2747 1098 280 41 LICENSED
3053 1098 328 41 SURVEYORS
3392 1104 42 28 «ke

2746 1190 132 37 Working
2902 1190 85 29 Plans
3007 1190 56 29 and
3087 1189 108 30 Details
3219 1189 31 30 of
3273 1189 109 38 Miinng

2779 1230 165 36 Machinery
2956 1228 134 39 prepared
3099 1228 55 29 and
3161 1228 47 30 the
3216 1228 133 30 Erection
3390 1226 44 19 3en

2832 1269 108 36 Mining
2954 1268 162 38 Machinery
3128 1267 168 38 supervised.
3391 1266 14 18 e
3407 1265 27 19 **

2746 1345 119 37 Surveys
2877 1344 44 30 for
2930 1344 111 37 Mining
3049 1343 166 39 Companies
3224 1343 160 31 contracted
3391 1341 24 19 ai
3415 1341 7 49 j
3422 1341 14 19 e

2746 1385 39 28 for
2799 1384 35 37 by
2847 1384 46 29 the
2905 1393 75 28 year.
3017 1384 121 36 Surveys
3147 1383 82 30 made
3238 1383 88 29 under
3335 1383 48 29 the
3390 1373 34 25 ,ld
3427 1387 8 5 '

2918 1422 81 31 Land
3011 1422 129 32 Transfer
3148 1423 62 30 Act.

3401 1458 36 18 an

2994 1500 138 31 Address:
3398 1486 41 29 ief

2747 1540 168 36 Beoadwat,
2935 1540 153 36 Reefton;
3114 1548 57 22 and
3196 1539 188 32 Commercial
3394 1535 30 20 ex

2950 1580 111 34 Hotel,
3080 1580 97 28 Lyell
3395 1574 32 20 ue
3429 1587 8 21 :

3395 1605 43 28 vel

2782 1656 292 28 N.B.—lnstructions
3086 1657 51 27 left
3148 1660 30 25 at
3189 1656 92 27 Times
3290 1656 94 33 Office,
3396 1666 28 34 p

2749 1693 89 33 iyell,
2850 1693 57 28 will
2918 1693 106 28 receive
3031 1693 161 28 immediate
3204 1693 147 29 attention.
3397 1684 3 42 I

2879 1775 383 60 Newmans

2953 1980 50 29 OF
3020 1978 179 31 COACHES

2788 2077 254 30 Thrice-Weekly
3065 2077 125 30 Sebvice
3210 2077 146 28 Between
3413 2070 4 37 •
3431 2070 15 20 a

2842 2123 105 34 Lyell,
2961 2123 134 28 Reefton
3107 2130 58 22 and
3177 2123 129 29 Nelson.
3403 2109 25 42 L

2756 2218 92 30 Leave
2869 2218 84 38 Lyell
2968 2218 45 30 for
3029 2218 107 31 Nelson
3151 2227 85 30 every
3257 2217 136 39 Tuesday,
3417 2223 31 20 as

2758 2267 147 36 Thursday
2912 2267 56 29 and
2978 2267 150 36 Saturday,
3138 2271 30 25 at
3177 2269 64 27 2.30
3249 2277 79 26 p.m.,
3339 2267 56 28 and
3416 2263 13 46 J
3431 2263 15 19 e

2757 2314 82 36 Lyell
2851 2314 42 28 for
2905 2314 140 36 Westport
3057 2313 57 29 and
3126 2314 129 33 Eeetton,
3274 2322 37 20 on
3325 2313 69 29 Sun-
3421 2338 26 19 w

2758 2361 65 37 day,
2835 2361 178 37 Wednesday
3025 2360 56 30 and
3095 2361 113 37 Friday,
3216 2364 30 26 at
3257 2361 63 29 9.30
3330 2370 64 19 a.m.
3418 2370 28 26 to

3419 2405 29 29 be

2759 2448 168 35 Passengers
2952 2446 103 30 booked
3086 2447 44 29 for
3158 2446 153 38 Hampden
3341 2447 56 29 and
3424 2449 24 23 rt

2880 2494 81 30 other
2972 2495 195 29 intermediate
3179 2493 104 37 places.
3423 2492 25 19 as

3423 2522 25 24 He

2933 2572 133 29 Booking
3086 2572 140 29 Offices:

2762 2629 140 38 Westport

2762 2678 119 28 Reefton

2763 2725 106 29 Nelson

3166 2628 134 31 Gilmer's
3312 2628 86 29 Hotel

3125 2676 178 30 Stevenson's
3314 2677 84 29 Hotel

3177 2725 126 29 Masonic
3315 2724 83 29 Hotel

2798 2819 46 30 All
2855 2819 108 39 parcels
2975 2822 77 26 mnst
3063 2819 34 29 be
3111 2819 125 38 prepaid,
3254 2819 144 29 otherwise

2897 2867 69 39 they
2977 2867 57 31 will
3046 2867 34 30 be
3091 2867 51 30 left
3153 2866 115 31 behind.

3088 2923 40 28 H.
3147 2923 186 34 NEWMAN,

3198 2961 160 36 Proprietor

2829 3051 150 31 LADIES'
2998 3049 50 33 OB
3066 3049 274 32 GENTLEMEN'S

2769 3104 300 66 gADDLE
3136 3104 263 62 JJACKS,

2900 3197 94 38 (Quiet
3005 3197 57 30 and
3074 3197 199 32 Well-broken)

2767 3262 74 27 FOR
2853 3261 98 28 HIRE
2964 3261 51 27 BY
3027 3261 80 27 THE
3121 3260 281 29 UNDERSIGNED

2886 3312 43 30 At
2946 3312 170 30 Inangahua
3133 3312 152 31 Junction.

2801 3415 116 29 Horse's
2929 3416 61 28 sent
3002 3416 37 35 Jto
3052 3413 80 37 Lyell
3144 3416 29 27 at
3192 3422 17 21 a
3220 3415 151 28 moment's

3034 3452 102 31 notice.

2769 3539 199 48 Courtney's
2975 3539 303 38 Accommodation
3286 3539 119 38 House

2768 3597 115 39 Having
2907 3596 85 40 lately
3012 3596 71 32 been
3104 3596 193 38 considerably
3316 3596 90 31 added

2769 3640 29 24 to
2818 3637 56 26 and
2892 3637 154 35 improved,
3059 3637 24 26 is
3102 3646 63 17 now
3177 3645 52 18 one
3241 3636 32 27 of
3286 3636 49 27 the
3346 3636 60 27 best

2769 3672 150 40 appointed
2930 3672 56 31 and
2998 3676 73 27 most
3083 3671 178 32 comfortable
3280 3672 126 31 roadside

2880 3714 111 29 house's
3004 3724 37 19 on
3052 3714 48 29 the
3112 3714 79 29 West
3203 3714 92 28 Coast.

2786 3828 243 34 FRANCIS
3079 3827 313 42 COURTNEY,

2997 3897 192 27 Proprietor.

2115 4010 145 65 The
2297 4010 366 79 Hampden
2706 4010 467 78 Co-operative
3217 4010 191 63 Store

2411 4134 362 77 Company,
2810 4134 319 64 Limited.

2118 4422 114 60 THE
2245 4421 86 31 above
2340 4422 146 38 Company
2493 4422 24 30 is
2529 4431 63 21 now
2602 4421 150 38 supplying
2762 4422 49 29 the
2823 4422 142 38 following
2980 4421 86 38 goods
3075 4425 28 27 at
3114 4431 17 21 a
3143 4422 85 37 slight
3239 4423 124 29 advance
3375 4433 36 19 on

2592 4461 149 23 NELSON
2756 4460 135 24 PRTf/RS
2899 4468 43 16 !_

2323 4806 39 29 Of
2370 4806 61 31 first
2443 4807 71 30 class
2526 4808 116 37 quality.
2677 4808 26 29 A
2714 4809 89 38 Large
2816 4809 56 29 and
2884 4809 103 29 Varied
2998 4809 176 29 Assortment
3186 4808 31 29 of

2122 4912 203 56 Crockery,
2361 4912 173 43 Earthen
2562 4913 77 43 and
2670 4914 230 51 Glassware,
2935 4915 282 54 Ironmongery,
3245 4914 81 50 &c.,
3347 4914 64 41 &c.

2126 5129 125 39 Men's
2284 5127 77 40 and
2397 5127 115 52 Boys'
2549 5125 274 53 Kaipoi-made
2871 5126 206 53 Clothing;
3124 5127 114 48 Hats,
3276 5126 138 48 Shirts,

2223 5181 359 51 Under-Flannels;
2635 5181 176 41 Drawers
2846 5181 73 41 and
2954 5181 146 51 Moles;
3142 5181 175 51 Tweeds,

2321 5237 177 52 Hosiery,
2520 5236 210 48 Blankets;
2759 5237 164 46 Calicos,
2946 5237 140 47 Prints,
3109 5239 92 38 Flan-

2533 5290 93 48 nels,
2648 5291 79 48 &c,
2749 5291 65 38 &c.
2867 5289 144 40 Also—

2286 5367 156 51 Wheat,
2489 5367 110 49 Oats,
2644 5367 117 49 Bran,
2795 5366 119 42 Chaff
2935 5367 76 42 and
3043 5368 195 42 Potatoes.

2160 5588 98 32 Orders
2270 5585 197 40 accompanied
2484 5585 38 38 by
2535 5585 65 30 cash
2613 5583 176 32 remittances
2807 5585 163 38 punctually
2988 5585 132 31 attended
3132 5589 39 33 to,
3184 5586 56 31 and
3258 5586 86 39 goods
3362 5586 44 31 des-

2125 5628 117 39 patched
2255 5631 29 25 at
2296 5637 16 19 a
2324 5630 140 25 moments
2476 5626 100 27 notice.

2161 5703 83 31 Local
2261 5701 129 41 produce,
2409 5700 142 38 including
2569 5699 105 37 Hides,
2695 5698 94 36 Skins,
2815 5697 95 38 Wool,
2930 5697 127 37 Butter,
3071 5699 57 35 &c,
3141 5698 56 36 &c,
3215 5696 155 41 purchased
3382 5696 41 32 for

2127 5745 82 29 Cash.

3005 5795 34 29 R.
3061 5794 131 36 M'NEE,
3211 5794 109 30 Lessee.

2162 5840 170 32 Murchison,
2347 5837 64 31 15tli
2425 5837 84 34 June,
2524 5837 77 29 1885.

3467 183 145 36 employed
3627 187 28 23 to
3668 193 50 17 run
3738 183 47 28 the
3798 187 85 24 scent.
3922 184 74 28 Mick
4012 184 91 28 hailed

3465 222 69 27 from
3556 220 172 35 Waterford;
3749 221 54 28 and
3823 229 82 29 every
3922 231 64 19 man
4007 223 14 27 I
4040 233 64 18 ever

3464 260 79 28 knew
3557 261 71 28 from
3642 260 59 30 that
3721 261 110 37 County
3843 261 118 29 claimed
3980 266 27 24 to
4026 262 33 28 be
4072 262 27 28 in

3465 309 76 19 pome
3555 309 60 27 way
3634 301 149 28 connected
3797 299 65 30 with
3882 299 47 31 the
3948 301 153 30 celebrated

3467 339 121 37 Marquis
3626 339 30 28 of
3690 339 172 36 Waterford;
3900 341 88 29 either
4024 351 30 19 as
4085 351 17 19 a

3466 378 119 32 relative,
3618 388 15 18 a
3664 388 105 26 groom,
3800 390 30 18 or
3860 390 16 19 a
3907 378 86 31 stable
4024 379 74 39 help.

3468 417 71 27 Mick
3553 417 116 28 claimed
3682 423 28 22 to
3733 419 69 28 have
3821 418 68 29 been
3910 430 36 18 on
3968 421 46 28 the
4026 424 74 25 most

3464 456 125 28 intimate
3603 459 84 25 terms
3701 457 65 28 with
3781 458 61 29 that
3864 459 92 37 prince
3969 459 30 28 of
4009 459 74 28 black-

3463 494 109 37 guards,
3598 496 54 27 and
3676 497 197 37 consequently
3899 498 136 28 reckoned
4065 499 35 28 he

3464 543 56 19 was
3541 543 34 18 an
3590 534 139 37 authority
3742 545 34 18 on
3791 535 37 29 all
3847 541 114 24 matters
3979 537 104 37 pertain-

3464 573 47 34 ing
3532 576 28 24 to
3583 573 107 28 hounds
3703 574 55 28 and
3779 574 127 35 hunting,
3927 586 30 18 so
3977 577 22 27 it
4021 586 77 18 came

3465 611 82 27 about
3560 611 61 27 that
3635 612 33 26 he
3681 612 176 29 volunteered
3879 614 42 28 his
3942 616 115 26 services
4070 621 29 20 to

3466 648 65 37 drag
3544 658 15 18 a
3573 649 61 28 shin
3648 649 30 28 of
3688 650 61 28 beef
3764 650 119 31 flavored
3903 652 67 30 with
3990 652 111 30 aniseed

3466 698 64 18 over
3542 688 47 28 the
3610 689 115 28 selected
3747 692 114 33 ground.
3899 693 75 27 Mick
3997 693 104 27 started

3466 725 82 27 about
3562 735 35 17 an
3611 726 70 27 hour
3694 727 88 27 before
3794 729 47 27 the
3852 729 150 28 huntsman
4013 731 88 26 threw

3467 762 44 34 off,
3534 764 63 33 and,
3619 774 30 19 as
3671 764 35 29 he
3728 765 56 30 had
3805 777 75 20 some
3894 768 60 29 stiff
3969 769 90 29 fences
4073 774 29 24 to

3466 807 45 30 get
3523 803 87 27 threw
3624 812 35 19 on
3672 804 65 31 foot,
3751 805 35 28 he
3809 806 55 28 had
3877 812 49 23 not
3938 809 65 33 long
4014 811 47 32 got
4073 811 30 24 to

3469 840 44 30 the
3537 841 54 28 end
3612 842 30 28 of
3662 842 44 29 his
3722 844 118 37 journey
3861 845 80 29 when
3965 846 48 29 the
4038 846 68 36 dogs

3467 879 65 29 took
3553 889 36 27 up
3611 880 47 29 the
3679 882 129 38 running.
3845 884 57 28 The
3924 885 54 28 end
4003 885 30 29 of
4055 885 48 28 the

3467 927 52 19 run
3544 927 56 19 was
3619 919 71 29 close
3714 920 36 36 by
3769 922 46 28 the
3838 923 98 35 village
3955 925 65 34 pub,
4047 924 56 28 and

3469 955 75 28 Mick
3557 959 72 24 went
3642 957 29 26 in
3685 958 85 32 there,
3784 959 66 27 with
3865 960 46 28 the
3930 961 63 27 skin
4014 965 29 24 at
4060 961 44 27 his

3469 993 83 34 heels,
3575 993 42 29 for
3638 1004 16 19 a
3668 995 67 37 pint.
3774 997 45 29 He
3840 997 55 29 had
3916 1003 48 32 got
3984 999 119 34 through

3469 1042 60 22 one,
3556 1033 54 27 and
3636 1044 54 17 was
3713 1035 57 37 just
3794 1037 83 28 about
3901 1039 61 27 half
3983 1039 121 35 through

3471 1071 122 34 another,
3608 1072 80 29 when
3702 1074 45 29 the
3762 1075 78 37 pack,
3854 1078 120 35 running
3998 1083 58 23 true
4077 1082 29 24 to

3470 1110 46 27 the
3546 1114 85 29 scent,
3662 1122 70 18 were
3762 1123 73 26 upon
3875 1115 68 33 him,
3974 1117 55 27 and
4059 1116 53 28 the

3471 1147 109 36 hungry
3593 1148 91 29 brutes
3699 1152 89 27 would
3808 1157 47 23 not
3876 1153 71 28 have
3960 1153 68 29 been
4042 1153 64 37 long

3471 1185 28 25 in
3523 1185 112 36 making
3657 1197 15 17 a
3692 1189 71 28 meal
3786 1190 31 28 of
3834 1190 58 29 him
3913 1192 54 27 had
3986 1195 49 25 not
4059 1192 47 28 the

3473 1221 158 33 huntsman,
3648 1223 79 38 whip,
3749 1229 55 25 and
3823 1230 92 26 others
3933 1231 105 27 arrived
4052 1232 55 27 and

3473 1260 125 36 whipped
3622 1262 77 28 them
3724 1264 45 27 off.
3807 1265 75 28 Mick
3909 1266 54 28 had
3993 1269 36 26 all
4059 1268 47 28 the

3472 1298 72 27 blow
3568 1298 82 28 taken
3675 1305 48 22 out
3746 1301 31 28 of
3803 1302 60 27 him
3893 1303 36 36 by
3958 1305 56 27 this
4038 1305 70 28 little

3473 1337 189 36 contretemps,
3683 1338 54 29 and
3757 1340 90 37 rarely
3869 1342 118 29 referred
4012 1348 26 25 to
4060 1344 47 28 the

3476 1374 121 36 Marquis
3610 1376 167 29 afterwards.

3695 1456 191 28 Commercial.

3509 1498 58 31 The
3581 1500 155 38 depression
3749 1504 100 30 caused
3868 1505 34 37 by
3922 1505 47 30 the
3991 1507 118 38 collapse

3474 1538 30 29 of
3515 1539 45 28 the
3574 1540 153 38 Champion
3739 1543 85 35 mine,
3850 1545 47 29 the
3917 1546 52 28 low
3990 1548 74 35 price
4086 1549 29 26 of

3475 1577 78 37 hops,
3574 1579 55 28 and
3643 1580 46 29 the
3702 1583 110 31 general
3834 1583 126 30 duleness
3979 1585 30 28 of
4020 1585 87 34 trade,

3476 1616 49 28 has
3548 1617 53 29 had
3622 1619 46 28 the
3682 1620 78 29 effect
3772 1622 30 27 of
3812 1625 113 32 causing
3947 1634 75 18 more
4041 1625 69 27 than

3476 1663 51 18 one
3541 1655 85 27 house
3640 1661 27 23 to
3680 1658 83 26 invite
3776 1660 71 26 their
3859 1661 130 27 creditors
4003 1665 28 23 to
4043 1662 69 26 hear

3476 1700 16 17 a
3505 1691 53 27 tale
3581 1693 30 26 of
3629 1702 66 18 woe.
3732 1695 88 28 These
3842 1698 144 26 re-unions
4005 1707 46 19 are
4064 1702 50 24 not

3476 1738 66 28 very
3556 1729 120 30 cheerful
3689 1734 108 35 parties,
3810 1734 56 29 and
3887 1736 158 29 sometimes
4064 1736 47 30 tho

3478 1768 146 29 vindictive
3649 1772 116 27 creditor
3787 1773 67 28 feels
3876 1774 86 28 called
3983 1784 74 27 upon
4082 1780 30 22 to

3478 1814 109 27 express
3605 1806 43 29 his
3667 1807 232 38 disappointment
3913 1813 29 26 of
3960 1812 47 28 the
4026 1813 86 28 credit

3478 1849 112 28 system.
3628 1844 73 29 Such
3727 1856 16 18 a
3765 1856 60 19 case
3845 1848 144 38 happened
4010 1860 16 18 a
4040 1851 76 27 week

3478 1889 32 19 or
3531 1884 53 25 two
3607 1891 50 27 ago
3679 1883 73 30 here.
3788 1886 29 29 It
3834 1896 56 21 was
3908 1889 156 37 something
4085 1889 31 28 in

3480 1919 55 28 this
3547 1929 115 26 way:—

3515 1980 78 28 THE
3613 1981 204 31 BANKRUPT
3829 1986 251 29 BOOTMAKER!

3481 2031 87 32 Webb
3580 2042 56 22 was
3648 2034 155 43 bankrupt;
3828 2038 83 32 Webb
3932 2040 54 30 had
4000 2041 115 30 cracked

3516 2084 37 25 up
3565 2083 6 23 ;
3586 2079 102 33 twenty
3699 2079 154 27 tradesmen
3861 2085 73 22 went
3944 2082 75 33 quite
4028 2082 87 30 rabid,

3551 2110 56 29 For
3619 2112 45 29 the
3677 2114 93 36 eighty
3781 2116 106 36 pounds
3896 2117 53 28 odd
3963 2117 86 29 Webb
4063 2118 56 28 had

3586 2160 79 27 gone,
3679 2152 55 30 and
3745 2154 65 29 filed
3822 2155 44 29 his
3879 2156 128 30 schedule
4019 2157 50 29 for.

3483 2188 88 29 There
3584 2199 70 19 were
3672 2191 105 35 bakers,
3790 2194 76 28 there
3888 2204 70 18 were
3979 2196 139 34 butchers,

3518 2227 57 29 also
3588 2227 120 40 drapers,
3721 2231 63 30 who
3796 2232 47 30 felt
3857 2233 116 29 crabbed
3985 2243 8 26 ;

3552 2267 55 28 But
3621 2269 45 26 the
3679 2269 199 36 bandy-legged
3897 2282 94 25 grocer
4002 2282 58 18 was
4073 2274 48 26 tho

3586 2305 126 29 maddest
3722 2307 30 28 of
3762 2307 46 28 the
3821 2310 90 27 score!

3486 2364 70 28 That
3580 2375 67 26 poor
3673 2367 182 37 Muggycomb
3878 2370 46 27 the
3946 2371 48 28 the
4019 2371 104 37 saintly

3520 2402 97 30 should
3631 2404 32 29 be
3676 2405 39 29 let
3727 2406 29 28 in
3769 2407 36 36 by
3818 2417 17 19 a
3847 2408 117 34 cobbler,

3556 2442 65 28 Was
3633 2447 46 24 too
3692 2445 83 27 much
3791 2446 40 27 for
3843 2446 141 30 Christian
3997 2447 126 37 feelings,

3589 2490 68 19 even
3671 2482 28 28 in
3713 2492 15 18 a
3745 2484 168 29 Methodist!

3488 2518 54 29 For
3552 2518 36 29 he
3600 2520 24 28 is
3636 2528 17 20 a
3664 2521 80 36 pious
3756 2522 138 35 huckster,
3906 2523 57 29 and
3984 2524 35 30 he
4038 2533 88 20 never

3521 2556 77 31 takes
3609 2568 17 19 a
3643 2559 133 30 nobbier:

3430 2601 109 60 THE
3551 2600 183 35 undersigned
3756 2600 104 30 having
3876 2598 110 28 entered
4007 2598 58 27 into
4118 2597 8 28 I

3518 2638 153 39 possession
3684 2637 32 29 of
3734 2637 57 29 tbis
3803 2636 175 29 well-known
3992 2636 74 28 hotel

3426 2670 125 46 jbusiness
3563 2678 99 28 wishes
3680 2682 29 23 to
3729 2677 101 27 inform
3852 2676 41 27 his
3917 2685 148 17 numerous

3428 2716 103 28 friends
3543 2716 56 28 and
3611 2716 47 27 the
3670 2714 146 35 travelling
3824 2714 92 37 public
3927 2714 138 35 generally

3429 2756 61 28 that
3502 2759 35 25 he
3549 2754 110 29 intends
3671 2758 28 24 to
3711 2762 79 28 spare
3802 2763 36 17 no
3855 2753 80 27 effort
3946 2762 29 18 in
3987 2751 80 29 order

3429 2801 28 20 to
3469 2793 82 27 make
3563 2793 56 27 this
3631 2792 72 27 hotel
3717 2792 102 35 replete
3831 2790 68 29 with
3911 2800 84 26 every
4005 2799 46 19 con-

3429 2832 130 28 venience
3571 2830 55 29 and
3640 2833 133 34 comport.

3429 2983 74 31 Ales,
3520 2983 92 28 Wines
3625 2982 59 27 and
3696 2982 105 35 Spirits
3814 2982 35 35 of
3864 2982 69 26 Best
3953 2982 117 26 Brands

3638 3019 66 38 only
3722 3018 137 39 supplied.

3586 3099 124 38 JOHN
3736 3095 255 49 M'SHERRY,

3851 3165 183 19 PROPRIETOR.

3431 3241 212 42 US'BUY
3673 3242 148 38 PURE
3850 3238 216 40 DRUGS!

3520 3361 63 41 W.
3610 3360 36 41 J.
3676 3360 56 40 M.
3763 3360 227 47 HANSBY,

3435 3423 198 35 riAMILY
3661 3422 83 33 AND
3774 3421 296 34 DISPENSING

3435 3455 30 51 J}
3654 3467 196 37 CHEMIST,

3585 3535 164 25 BROADWAY,
3776 3535 142 20 REEFTON.

3433 3582 86 31 Eleve
3531 3581 33 31 de
3577 3581 141 31 Vlmtitut
3729 3581 40 31 St.
3778 3581 137 31 Francois
3927 3580 115 35 Xavkr,
4053 3589 19 22 a

3584 3623 118 33 Bruges,
3716 3622 29 26 la
3755 3621 166 35 Belguique.

3527 3670 40 32 M.
3586 3671 31 30 P.
3637 3670 28 32 S.
3685 3670 36 31 N.
3740 3670 41 36 Z.,
3838 3670 39 31 M.
3896 3670 32 31 P.
3947 3670 30 31 C.

3435 3768 109 30 Twelve
3555 3769 89 36 years'
3659 3769 128 29 assistant
3800 3770 28 27 to
3840 3768 54 29 Dr.
3908 3767 125 35 Morice,
4046 3767 32 30 of

3667 3807 180 37 Greyinouth.

3470 3884 171 36 Physicians'
3662 3884 197 37 Prescriptions
3883 3884 56 27 and
3962 3884 111 36 Family

3436 3924 130 36 Receipes
3578 3923 154 37 accurately
3741 3922 191 38 compounded
3944 3922 68 29 with
4026 3922 49 29 the

3436 3962 148 28 PUREST
3603 3962 137 28 DRUGS.

3490 4048 177 22 SPECTACLES
3687 4049 35 20 TO
3743 4049 64 20 SUIT
3831 4048 55 20 ALL
3906 4047 113 22 SIGHTS.

3471 4120 91 28 Toilet
3592 4119 162 38 Requisites,
3779 4119 169 36 Perfumery,
3973 4120 102 28 Patent

3439 4158 150 30 Medicines
3602 4158 55 28 and
3669 4158 154 37 Druggists'
3838 4157 141 35 Sundries,
3993 4158 46 29 &c.

3514 4235 109 31 Teeth
3639 4235 195 38 Extracted,
3852 4235 70 40 &c,
3941 4235 58 31 &c.

3441 4310 115 31 IS'All
3565 4309 92 36 Drugs
3668 4308 184 33 Guaranteed,
3862 4308 55 30 and
3928 4312 28 26 at
3969 4309 108 37 greatly

3580 4347 186 29 REDUCED
3785 4346 148 30 PRICES.

3443 4645 150 61 JOB
3614 4645 466 62 PKINTING-

3490 4903 120 51 Every
3635 4903 210 55 description
3871 4905 162 40 executed

3680 5011 55 34 AT
3760 5012 86 33 THE

3445 5124 311 61 LYELL
3794 5125 286 65 TIMES

3512 5284 187 42 CLIFF
3751 5285 265 51 STEEET,

3697 5409 149 31 LYELL.
