2550 4060
1545 1687 95 23 DIED.

1911 140 115 30 shillings,
2037 140 64 25 often
2112 140 77 23 rather
2201 140 94 26 chooses
2307 147 21 20 to
2340 145 45 25 lose
2394 150 17 23 it
2428 154 19 24 th

1912 181 44 15 run
1974 173 39 23 the
2027 172 50 24 risk
2095 174 28 22 of
2141 173 69 30 being
2227 174 97 25 mulcted
2346 179 23 23 of
2382 181 55 29 three

1911 207 52 22 four
1980 205 76 31 pound
2081 213 113 23 expences
2213 209 22 20 to
2251 214 88 20 recover
2361 213 35 24 the
2414 199 54 45 sam/

1912 238 120 31 Trusting,
2045 238 47 29 Sir,
2104 239 52 23 that
2166 244 104 26 amongst
2279 241 61 26 other
2354 244 53 27 local
2424 259 30 19 ma
2455 241 13 37 t'

1913 276 47 19 ters
1972 271 46 24 this
2027 272 21 23 is
2060 280 14 14 a
2085 271 90 31 subject
2185 279 45 23 you
2248 273 47 24 will
2311 282 39 19 not
2366 279 43 27 lose
2424 287 44 21 siok

1913 304 31 29 of,

2049 336 15 27 I
2080 339 95 27 remain,

2150 370 86 25 Your's
2246 375 146 35 respectfully,

1949 435 31 7 «,
1994 435 15 7 „
2110 436 23 6 ~
2324 408 121 34 Colonist.

1949 435 147 29 Wellington,
2110 436 59 25 Dec.
2181 439 40 25 28,
2234 440 71 23 1843.

2052 495 122 25 TOWN
2208 496 142 25 ROADS.

1335 1745 40 24 On
1401 1743 109 32 Tuesday
1528 1744 53 29 last,
1602 1745 38 24 the
1662 1745 57 24 26th
1750 1745 135 30 December,

1301 1779 134 28 Frederick,
1457 1785 41 17 son
1516 1778 26 24 of
1556 1779 50 23 Mr.
1618 1779 73 23 Amos
1705 1779 103 31 .Sparks,
1820 1779 66 25 shoe-

1301 1812 86 28 maker,
1408 1812 45 24 late
1478 1811 26 23 of
1528 1811 141 29 Cranbrook,
1696 1812 74 29 Kent,
1793 1821 49 16 now
1864 1814 25 23 of

1301 1845 141 31 Wellington
1453 1854 7 20 ;
1479 1844 57 32 aged
1550 1847 31 22 13
1594 1846 99 23 months.

1333 1879 35 24 At
1380 1879 34 24 Te
1426 1879 57 27 Aro,
1501 1886 30 15 on
1540 1879 39 23 the
1592 1879 59 24 28th
1667 1880 94 27 iustant,
1775 1879 57 31 aged
1843 1882 42 26 29,

1301 1912 82 29 Sarah,
1391 1912 39 24 the
1440 1912 49 24 wife
1497 1912 24 22 of
1533 1912 70 24 Peter
1616 1912 84 28 Hume,
1715 1913 57 23 after
1784 1921 13 15 a
1809 1920 76 16 severe

1301 1945 44 25 and
1357 1945 127 32 protracted
1494 1945 80 24 illness
1585 1945 27 25 of
1620 1945 67 26 about
1699 1945 64 26 three
1775 1953 76 26 years.

1323 2008 192 25 WESLEYAN
1535 2008 142 24 SUNDAY
1695 2009 167 24 SCHOOLS.

1336 2067 40 24 On
1387 2066 108 32 Tuesday
1506 2066 52 28 last,
1571 2066 38 23 the
1617 2066 101 24 children
1730 2066 125 32 belonging
1863 2072 22 18 to

1303 2100 37 24 the
1351 2099 123 32 Wesleyan
1494 2099 94 31 Sunday
1601 2099 90 29 School,
1705 2099 35 24 Te
1759 2101 57 28 Aro,
1830 2108 56 16 were

1302 2133 136 29 assembled,
1451 2133 42 25 and
1507 2133 88 24 walked
1607 2133 67 30 along
1685 2133 39 23 the
1736 2133 70 24 beach
1818 2141 25 15 as
1853 2134 34 23 far

1302 2174 25 16 as
1340 2166 124 25 Thorndon
1477 2166 61 24 Flat.
1575 2166 66 31 They
1653 2174 57 15 were
1729 2166 66 24 made
1813 2167 74 32 happy

1302 2205 24 18 at
1333 2199 38 25 the
1379 2200 73 24 house
1460 2200 24 22 of
1493 2199 38 23 the
1539 2199 201 31 Superintendent,
1749 2200 52 23 with
1811 2200 75 32 plum-

1301 2233 103 32 pudding
1415 2233 45 24 and
1470 2232 65 26 other
1544 2233 128 24 Christmas
1679 2233 75 28 cheer,
1762 2233 75 24 which
1849 2234 37 23 the

1302 2268 85 29 bounty
1395 2266 27 25 of
1430 2265 85 26 friends
1527 2265 45 24 had
1584 2266 93 24 enabled
1685 2266 39 24 the
1737 2266 115 25 Teachers
1865 2272 22 18 to

1301 2300 101 31 provide.
1438 2300 68 25 After
1521 2300 81 23 dinner
1620 2300 53 31 they
1689 2308 60 15 were
1767 2300 120 24 addressed

1301 2334 31 30 by
1340 2333 38 24 the
1389 2334 62 26 Rev.
1463 2333 94 24 Samuel
1569 2333 112 29 Ironside,
1690 2333 101 24 resident
1803 2334 84 23 Minis-

1301 2371 43 21 ter.
1381 2367 68 32 They
1460 2374 57 17 were
1529 2366 64 24 there
1608 2367 78 32 joined
1705 2367 29 30 by
1747 2367 38 23 the
1796 2367 91 23 Branch

1302 2400 83 25 School
1397 2402 60 23 from
1468 2400 94 25 Wade's
1582 2406 66 23 town,
1662 2400 45 24 and
1724 2401 56 23 both
1791 2400 96 25 Schools

1302 2441 62 17 came
1385 2433 70 30 back,
1468 2433 24 25 in
1503 2433 73 29 order,
1589 2438 23 20 to
1634 2434 47 24 Mr.
1694 2433 95 25 Wade's
1809 2434 78 24 Store-

1301 2475 83 19 rooms,
1396 2468 75 23 where
1482 2467 51 23 Tea
1543 2475 48 16 was
1602 2467 107 31 provided
1722 2468 71 23 them.

1334 2500 51 25 The
1414 2500 86 25 service
1522 2501 23 23 in
1570 2501 39 23 the
1632 2501 99 31 evening
1752 2508 45 16 was
1827 2508 60 17 more

1301 2534 147 32 numerously
1460 2534 106 23 attended
1587 2534 54 23 than
1662 2542 45 23 any
1717 2535 107 31 previous
1845 2543 42 15 one

1300 2568 24 23 in
1334 2567 39 25 the
1383 2568 78 31 place;
1475 2567 44 23 and
1531 2567 39 23 the
1582 2574 53 24 very
1647 2567 122 24 cerditable
1783 2569 104 23 examin-

1300 2601 62 24 ation
1384 2601 27 24 of
1436 2601 39 24 the
1503 2600 110 29 children,
1639 2601 103 30 together
1762 2602 55 23 with
1848 2602 38 23 the

1301 2634 107 32 speeches
1420 2635 27 23 of
1460 2634 86 23 friends
1559 2634 143 24 contributed
1721 2639 22 18 to
1756 2634 37 24 the
1806 2634 80 32 enjoy-

1300 2672 63 20 ment
1375 2668 25 25 of
1415 2667 40 26 the
1472 2667 110 24 numbers
1599 2668 134 23 assembled.
1770 2667 26 24 It
1805 2675 45 16 was
1862 2676 25 15 as

1300 2701 104 32 pleasant
1416 2709 30 17 an
1458 2701 97 31 exening
1566 2708 28 16 as
1601 2708 34 16 we
1646 2700 57 26 have
1712 2709 55 16 seen
1778 2701 35 24 for
1823 2709 63 16 some

1301 2735 63 24 time.
1366 2747 30 5 —
1397 2732 222 36 [Communicated.']

1334 2791 31 25 In
1373 2792 115 24 reference
1500 2795 22 19 to
1534 2791 25 23 A
1571 2791 157 24 Resident's
1740 2791 66 24 letter
1817 2791 70 25 about

1300 2825 38 25 the
1350 2830 59 19 state
1421 2825 26 24 of
1461 2824 39 24 the
1519 2825 56 24 road
1586 2829 23 19 at
1630 2823 115 25 Lambton
1766 2825 76 30 Quay,
1855 2833 32 16 we

1300 2858 75 25 would
1386 2863 58 20 state
1456 2857 49 24 that
1523 2857 166 25 three-fourths
1703 2858 25 23 of
1738 2857 38 25 the
1787 2866 100 23 expense

1300 2893 26 24 of
1334 2893 130 30 improving
1474 2891 77 24 Willis
1564 2892 77 23 Street
1651 2891 42 24 has
1705 2891 58 24 been
1776 2892 73 23 raised
1857 2892 29 31 by

1300 2926 160 32 subscription.
1496 2924 44 24 We
1561 2924 86 25 believe
1665 2933 14 15 a
1696 2925 91 31 portion
1808 2925 26 23 of
1848 2926 38 23 the

1300 2960 92 24 balance
1405 2959 27 24 of
1447 2958 37 24 the
1498 2959 148 32 Corporation
1658 2958 57 24 fund
1728 2958 41 24 has
1781 2959 56 23 been
1849 2967 37 16 re-

1300 2993 80 25 served
1388 2994 37 22 for
1434 2992 38 24 the
1479 2992 165 31 improvement
1652 2992 25 23 of
1684 2991 117 25 Lambton
1811 2992 76 31 Quay,

1300 3027 44 24 and
1361 3027 51 23 that
1429 3026 21 24 if
1465 3027 140 30 proprietors
1626 3025 43 24 and
1688 3025 114 24 residents
1823 3025 63 25 there

1299 3060 74 25 would
1385 3060 44 24 add
1441 3064 22 19 to
1481 3059 39 24 the
1538 3064 94 19 amount
1650 3063 22 20 to
1694 3059 39 23 the
1751 3064 79 19 extent
1849 3060 38 24 the

1301 3094 75 24 Willis
1387 3094 77 24 Street
1475 3093 142 24 subscribers
1629 3093 57 23 have
1699 3097 23 18 to
1742 3091 59 25 their
1811 3098 74 26 grant,

1299 3128 116 24 Lambton
1427 3127 69 31 Quay
1508 3126 69 25 could
1588 3127 28 23 be
1635 3126 67 24 made
1722 3125 30 24 all
1775 3126 48 24 that
1842 3127 45 23 will

1298 3161 28 24 be
1336 3168 123 22 necessary
1471 3161 34 23 for
1522 3168 64 16 some
1603 3168 74 22 years.
1714 3159 66 24 With
1798 3164 89 27 respect

1298 3199 22 20 to
1337 3194 77 31 riding
1430 3194 88 31 rapidly
1529 3198 53 27 past
1598 3193 115 24 Lambton
1734 3192 76 31 Quay,
1830 3194 18 23 it
1864 3194 22 22 is

1296 3228 72 25 found
1387 3235 128 23 necessary,
1528 3227 60 24 from
1606 3227 38 23 the
1664 3230 60 20 state
1741 3227 26 22 of
1782 3226 39 23 the
1832 3227 54 23 road

1297 3262 72 28 there,
1380 3260 68 26 when
1467 3261 38 23 the
1525 3260 73 24 riders
1609 3260 57 24 have
1686 3260 108 24 tiresome
1805 3259 79 25 horses

1298 3296 23 23 to
1333 3295 114 24 controul.

1399 3348 117 25 COURT
1534 3348 46 24 OF
1597 3347 176 26 REQUEST.

1917 550 29 20 To
1954 550 38 20 the
2003 549 77 21 Editor
2089 550 28 25 cf
2127 551 36 19 the
2191 551 53 19 New
2253 552 90 22 Zealand
2352 556 75 21 Gautt*
2460 567 11 10 j

2069 577 127 26 Wellington
2437 568 34 19 and

1949 612 87 28 Sir,—
2037 610 113 32 Through
2168 610 38 25 the
2223 612 97 25 medium
2337 616 23 24 of
2375 626 12 23 yOUry
2389 628 35 18 oUr
2439 633 20 16 ca
2460 640 9 7 .
2486 614 2 7 '

1917 644 82 28 lumns,
2012 643 13 25 I
2036 643 76 24 would
2124 644 44 31 beg
2185 645 63 23 leave
2267 650 23 19 to
2309 648 52 24 offer
2371 659 12 16 a
2397 654 35 26 few
2441 666 19 16 re
2460 640 9 39 l

1917 677 77 24 marks
2005 685 28 16 on
2044 676 40 25 the
2094 682 93 26 present
2198 682 59 19 state
2271 680 25 23 of
2304 680 46 24 that
2360 691 44 23 part
2413 690 21 23 of
2441 690 29 25 the

1917 711 69 23 beach
2009 718 27 16 on
2067 709 115 25 Lambton
2211 711 77 30 Quay,
2318 714 90 28 between
2432 723 31 22 Mr

1917 744 120 23 Jackson's
2058 748 61 19 store
2141 744 42 23 and
2203 744 104 26 Asher's.
2342 747 73 35 Really
2425 756 24 24 tis
2460 767 10 15 a

1917 777 110 24 shameful
2038 776 92 31 neglect
2148 784 29 16 on
2196 777 38 24 the
2255 784 49 25 part
2315 781 24 23 of
2352 782 34 25 the
2401 794 70 22 powers

1917 810 47 24 that
1974 810 37 30 be,
2023 810 49 23 that
2084 817 26 16 so
2121 811 139 30 respectable
2272 821 14 14 a
2303 820 49 24 part
2363 817 21 23 of
2393 826 34 17 our
2437 822 34 29 city

1917 843 80 25 should
2008 844 28 23 be
2048 843 53 24 thus
2114 844 124 31 neglected,
2251 853 26 15 as
2288 854 54 17 even
2352 856 37 18 not
2398 856 19 20 to
2427 854 44 27 hare

1917 885 11 16 a
1940 877 56 24 road
2008 877 47 24 that
2067 885 14 14 a
2093 882 49 18 cart
2153 884 41 17 can
2204 885 54 23 pass
2268 880 90 24 without
2367 887 104 29 grazibgor

1917 909 116 25 otherwise
2056 909 123 32 damaging
2201 911 38 23 the
2263 911 69 26 fronts
2359 917 22 22 of
2399 921 73 30 peoples

1917 943 91 24 houses.
2043 943 21 29 I,
2084 951 26 15 as
2131 951 29 15 an
2178 944 129 31 individual,
2325 947 52 25 have
2394 953 77 27 suffered

1917 978 57 22 from
1987 977 41 23 teis
2039 976 89 31 species
2141 976 24 24 of
2179 984 134 25 annoyance,
2328 981 26 30 by
2366 983 73 34 having
2451 995 21 17 no

1917 1010 46 23 less
1975 1009 54 24 than
2047 1009 51 24 four
2116 1017 70 23 panes
2207 1011 25 23 of
2249 1012 60 29 glass
2320 1014 79 26 broken
2411 1019 20 23 in
2444 1027 29 23 my

1917 1043 56 31 shop
1996 1042 94 24 window
2113 1047 24 19 at
2160 1043 104 25 different
2286 1047 84 29 periods
2391 1050 26 31 by
2436 1058 38 20 cart

1917 1075 87 30 vheels,
2026 1075 38 24 the
2087 1080 62 19 carts
2171 1076 68 32 being
2262 1078 73 26 driven
2353 1082 71 26 within
2442 1094 32 16 one

1917 1110 52 22 inch
1990 1110 23 22 of
2029 1117 39 22 my
2086 1110 94 23 window
2199 1110 60 31 daily
2270 1121 6 19 ;
2300 1113 42 24 and
2361 1123 50 18 even
2430 1125 43 24 now,

1917 1143 66 23 when
1994 1142 36 24 the
2043 1142 46 23 tide
2101 1144 20 21 is
2135 1148 45 18 out.
2217 1144 12 23 I
2242 1144 79 26 should
2338 1155 84 24 suggest
2439 1151 36 25 that

1917 1176 65 24 those
1993 1183 51 16 men
2057 1176 50 23 who
2120 1184 37 16 are
2175 1177 117 32 employed
2309 1181 23 22 in
2349 1181 120 33 beautifying

1917 1216 39 17 not
1968 1209 90 31 making
2070 1209 39 24 the
2130 1211 53 23 road
2194 1212 23 22 in
2236 1211 74 25 Willis
2329 1214 77 30 Street,
2417 1219 58 24 would

1917 1244 27 22 be
1956 1243 67 23 much
2034 1242 75 24 better
2124 1244 119 31 employed
2253 1252 57 17 were
2323 1247 49 31 they
2383 1250 93 33 widening

1917 1278 23 22 in
1952 1285 13 15 a
1985 1280 134 27 permanent
2138 1285 92 16 manner
2248 1278 45 24 this
2309 1282 118 28 prominent
2437 1290 40 25 part

1917 1310 25 24 of
1949 1310 38 23 the
1999 1314 67 19 town.
2105 1310 26 23 If
2139 1311 62 23 there
2212 1311 71 32 really
2294 1320 36 16 are
2342 1322 27 15 no
2380 1315 96 26 function-

1917 1344 59 23 aries
1994 1343 73 24 whose
2090 1344 106 30 province
2215 1344 18 23 it
2253 1345 20 23 is
2294 1350 20 19 to
2336 1355 35 16 see
2389 1352 22 20 to
2430 1351 46 24 such

1917 1381 100 24 matters,
2037 1376 13 24 I
2069 1382 95 25 suggest
2183 1377 49 25 that
2254 1386 13 15 a
2287 1380 142 32 subscription
2448 1382 29 31 (as

1917 1411 64 23 there
1999 1417 73 16 seems
2093 1416 23 17 to
2128 1412 59 22 exist
2199 1419 28 16 no
2248 1419 72 23 power
2331 1418 21 19 to
2363 1414 47 31 levy
2419 1416 59 33 rates)

1917 1444 27 23 be
1956 1443 73 23 raised
2041 1444 35 22 for
2089 1444 39 22 the
2143 1452 105 23 purpose,
2261 1453 24 16 as
2302 1447 18 23 it
2337 1448 20 22 is
2373 1453 36 18 not
2425 1454 19 19 to
2457 1450 21 24 be

1917 1477 107 31 expected
2032 1477 89 31 private
2133 1477 135 24 individuals
2278 1487 36 16 can
2325 1480 27 23 be
2360 1482 119 32 continually

1917 1510 129 32 employing
2061 1510 117 24 labourers
2190 1515 22 19 to
2223 1513 68 30 patch
2305 1521 30 23 up
2347 1513 54 25 their
2412 1516 66 28 fronts,

1917 1543 73 24 which
2008 1543 38 24 the
2066 1551 41 16 sea
2124 1544 73 23 alnost
2215 1553 25 15 as
2258 1553 54 16 soon
2333 1548 80 24 washes
2428 1557 51 22 away

1917 1578 75 30 again.
2039 1576 13 24 I
2074 1577 74 24 would
2167 1578 49 23 also
2237 1579 77 24 advert
2336 1584 22 19 to
2376 1581 103 25 horsemen

1917 1611 75 30 riding
2000 1611 112 31 furiously
2123 1611 67 31 along
2205 1612 57 23 such
2274 1621 12 15 a
2296 1613 68 31 place,
2376 1616 41 22 and
2425 1615 54 24 think

1917 1644 38 23 the
1968 1644 131 23 authorities
2112 1644 79 24 should
2203 1645 55 23 look
2270 1651 21 19 to
2304 1647 53 23 such
2368 1656 5 20 ;
2392 1649 22 22 in
2425 1648 54 30 Eng-

1917 1677 62 29 land,
1991 1678 83 30 parties
2086 1677 73 24 would
2170 1678 26 23 be
2209 1678 68 25 taken
2286 1680 99 31 custody,
2397 1682 19 23 if
2423 1682 58 23 found

1917 1711 76 30 riding
2003 1718 29 16 on
2044 1710 39 24 the
2096 1711 48 23 foot
2153 1711 63 32 path,
2229 1713 45 23 and
2284 1713 68 24 fined.

2132 1745 12 23 I
2157 1746 93 29 remain,
2264 1746 43 28 Sir,
2321 1747 42 24 &c.

2283 1779 20 24 A
2321 1780 133 25 Resident.

1950 1811 148 32 Wellington,
2112 1812 128 24 December
2251 1815 40 27 26,
2307 1815 70 23 1843.

2199 1850 21 11 ♦

1950 1875 126 21 Farther
2087 1880 173 17 particulars
2272 1882 159 17 concerning
2439 1884 42 16 the

1982 1913 50 16 the
2050 1913 65 16 late
2135 1913 173 18 melancholy
2326 1915 56 17 loss
2394 1917 29 16 of
2435 1917 47 16 life

1983 1946 30 16 AT
2025 1946 53 16 THE
2091 1947 90 15 MOUTH
2194 1948 30 15 OF
2238 1948 50 16 THE
2302 1941 163 26 WaIRARAPA.

1949 1978 40 24 On
1997 1978 145 31 Wednesday
2150 1978 37 24 the
2198 1979 59 23 20th
2268 1980 62 27 inst.,
2343 1979 38 25 the
2394 1981 87 24 Maorie*

1914 2012 97 30 brought
2031 2012 145 23 information
2197 2017 22 18 to
2239 2012 46 24 Mr.
2300 2012 91 25 Wade's
2403 2014 79 30 fishery,

1915 2045 50 23 that
1975 2044 36 24 the
2029 2044 78 24 bodies
2119 2046 26 22 of
2159 2045 37 23 the
2209 2051 42 17 two
2267 2046 71 23 Maori
2353 2047 82 30 Chiefs,
2448 2048 34 24 had

1914 2078 59 23 been
1984 2078 81 32 picked
2076 2086 32 24 up
2121 2079 42 22 and
2176 2079 112 31 conveyed
2304 2083 22 20 to
2339 2080 37 23 the
2386 2081 51 31 pah,
2448 2082 35 23 and

1915 2112 39 22 the
1965 2112 98 24 remains
2075 2112 24 24 of
2109 2112 38 23 the
2159 2112 66 23 white
2237 2113 78 30 people
2326 2112 45 25 had
2382 2115 45 23 also
2437 2115 46 23 beeu

1915 2145 90 23 washed
2023 2145 89 28 ashore,
2126 2145 44 23 and
2181 2153 58 15 were
2258 2145 63 31 lying
2338 2148 91 24 strewed
2439 2155 44 16 over

1916 2178 38 23 the
1966 2178 69 23 beach
2044 2187 6 20 ;
2065 2178 42 23 but
2119 2178 37 23 the
2167 2179 87 23 natives
2264 2179 116 25 demurred
2389 2181 94 24 interfer-

1916 2212 41 30 ing
1968 2212 52 23 with
2038 2212 39 22 the
2097 2212 74 28 latter,
2184 2212 59 23 until
2262 2213 50 31 they
2330 2221 57 16 were
2404 2216 80 23 assured

1917 2245 25 23 of
1956 2249 107 27 payment
2074 2245 36 23 for
2125 2245 58 23 their
2194 2246 96 23 trouble.
2326 2247 47 25 Mr.
2387 2248 54 28 Bell,
2453 2248 31 24 the

1916 2286 107 24 manager
2036 2278 26 24 of
2070 2278 39 24 the
2121 2279 83 31 fishery
2214 2287 29 15 on
2255 2280 111 32 receiving
2373 2282 44 23 this
2427 2282 56 23 intel-

1916 2312 95 31 ligence,
2029 2312 155 31 immediately
2196 2313 108 30 arranged
2323 2315 52 23 with
2396 2316 35 23 the
2443 2314 41 24 Na-

1917 2347 58 22 tives
1993 2346 34 23 for
2047 2345 86 31 having
2149 2345 39 24 the
2200 2346 77 24 bodies
2295 2347 96 32 brought
2409 2356 28 24 up
2448 2348 35 23 and

1916 2380 99 23 interred
2028 2379 22 23 in
2063 2379 39 23 the
2114 2380 74 23 native
2201 2380 56 31 bury
2260 2381 143 30 ing-ground,
2415 2381 68 33 pledg-

1916 2413 41 31 ing
1966 2413 93 23 himself
2069 2417 22 18 to
2101 2420 38 17 see
2151 2413 50 24 that
2211 2413 54 31 they
2274 2421 56 16 were
2338 2414 146 32 compensated

1916 2446 35 23 for
1972 2446 57 23 their
2043 2446 88 24 trouble
2143 2454 29 16 on
2193 2446 46 24 this
2251 2448 110 29 occasion,
2373 2456 24 16 as
2409 2447 46 25 well
2464 2456 21 14 as

1917 2479 35 24 for
1965 2480 105 30 rescuing
2089 2479 39 24 the
2138 2487 82 24 person
2233 2480 57 24 from
2305 2480 37 25 the
2352 2482 59 24 boat.
2444 2481 40 24 Mr.

1917 2512 52 24 Bell
1976 2520 44 16 was
2032 2513 93 23 hurried
2136 2514 47 23 into
2192 2513 45 23 this
2247 2520 154 25 arrangement
2411 2520 22 18 to
2441 2522 43 24 pre-

1917 2550 53 20 vent
1989 2547 37 22 the
2048 2547 80 23 bodies
2143 2546 82 32 falling
2237 2556 13 15 a
2268 2555 54 25 prey
2334 2553 22 18 to
2368 2549 36 23 the
2422 2548 63 24 native

1916 2580 66 32 dogs,
1992 2579 44 24 and
2047 2580 59 24 from
2120 2580 34 24 his
2164 2580 103 31 inability
2277 2586 21 18 to
2309 2582 103 24 interfere
2422 2581 22 24 in
2454 2581 32 23 the

1916 2617 83 20 matter
2015 2613 102 28 himself,
2131 2614 74 31 owing
2223 2619 23 18 to
2266 2614 36 24 the
2314 2615 93 26 absence
2418 2615 22 24 of
2455 2614 32 23 his

1916 2651 74 26 party.
2027 2647 156 31 Accordingly
2195 2647 38 24 the
2252 2647 112 33 following
2384 2649 101 30 morning,

1915 2681 46 23 five
1973 2687 24 16 or
2014 2681 37 22 six
2073 2679 102 26 Maories
2195 2681 122 32 proceeded
2336 2687 21 19 to
2377 2682 38 25 the
2432 2682 54 31 place

1917 2714 73 23 where
2013 2713 38 24 the
2074 2714 80 24 bodies
2176 2715 46 30 lay,
2243 2723 13 15 a
2274 2715 99 25 distance
2394 2715 23 25 of
2435 2714 53 31 eight

1917 2748 66 23 miles
1994 2747 57 24 from
2070 2747 40 24 the
2128 2747 92 32 fishery,
2241 2748 43 25 and
2304 2750 104 23 returned
2425 2753 20 19 to
2455 2748 33 24 the

1917 2781 46 30 pah
1981 2781 22 23 in
2023 2781 37 23 the
2073 2781 118 24 afternoon
2210 2781 54 25 with
2279 2782 38 25 the
2334 2783 82 28 bodies,
2432 2781 56 25 when

1918 2814 48 23 Mr.
1995 2814 60 28 Bell,
2085 2815 159 31 accompanied
2267 2816 28 30 by
2322 2816 48 24 Mr.
2397 2814 93 28 Russell,

1917 2848 103 31 repaired
2032 2852 23 19 to
2064 2847 39 24 the
2124 2848 44 32 pah
2180 2849 45 23 and
2245 2850 128 24 committed
2393 2850 57 24 them
2468 2853 20 18 to
2500 2867 4 5 ,

1917 2880 39 25 the
1968 2888 76 23 grave.
2082 2881 51 24 The
2142 2882 87 29 bodies,
2241 2881 66 32 (with
2324 2883 37 24 the
2380 2882 107 30 exception

1917 2915 26 23 of
1959 2914 101 24 Thomas
2073 2914 91 30 Howel,
2185 2924 13 16 a
2215 2917 75 23 native
2309 2917 26 23 of
2350 2917 56 23 New
2423 2914 64 29 York,

1917 2947 45 24 and
1974 2948 36 23 the
2020 2952 42 19 two
2073 2948 124 32 Maories,)
2211 2957 59 16 were
2281 2958 25 15 so
2319 2948 122 26 mutulated
2451 2947 37 25 and

1917 2981 91 24 defaced
2018 2989 25 16 as
2056 2987 23 17 to
2091 2982 63 24 leave
2163 2990 29 16 no
2204 2987 61 19 trace
2276 2988 23 18 to
2309 2982 134 33 distinguish
2453 2988 35 17 one

1916 3015 59 24 from
1996 3015 103 24 another.
2146 3016 24 23 It
2188 3017 20 22 is
2224 3016 41 24 but
2282 3016 42 24 due
2343 3021 22 19 to
2378 3017 46 24 Mr.
2437 3014 51 28 Bell,

1917 3048 50 24 that
1978 3049 38 23 the
2027 3049 78 32 public
2116 3049 81 24 should
2208 3049 29 24 be
2248 3049 64 25 made
2331 3058 72 16 aware
2420 3049 24 23 of
2457 3048 31 24 the

1916 3086 64 28 great
1990 3082 108 32 personal
2113 3082 86 25 trouble
2211 3084 29 23 he
2258 3083 40 24 has
2309 3088 46 26 put
2369 3082 91 25 himself
2470 3085 19 19 to

1915 3117 24 22 in
1949 3115 45 25 this
2003 3116 41 24 sad
2055 3116 75 24 affair.
2177 3116 157 31 Immediately
2344 3124 30 16 on
2386 3115 103 30 receiving

1915 3149 39 24 the
1966 3154 96 19 account
2081 3149 26 24 of
2123 3149 36 24 the
2177 3149 109 29 accident,
2308 3149 30 23 he
2348 3150 41 23 left
2399 3150 36 23 his
2446 3155 41 16 em-

1914 3182 117 32 ployment
2048 3183 24 23 in
2091 3182 57 24 Port
2166 3182 133 27 Nicholson,
2316 3183 45 23 and
2371 3180 117 33 proceeded

1914 3216 23 23 in
1948 3224 14 15 a
1973 3215 126 24 whaleboat
2115 3220 22 19 to
2156 3215 133 31 Wairarapa
2289 3227 32 4 —
2323 3223 14 14 a
2356 3222 95 24 passage
2469 3218 19 19 at

1914 3248 31 24 all
1957 3249 65 24 times
2032 3248 105 24 attended
2146 3248 53 23 with
2212 3248 152 24 considerable
2376 3249 112 30 danger—
2497 3269 1 10 ,

1914 3282 45 23 and
1980 3281 106 24 returned
2110 3281 37 23 the
2169 3285 56 18 next
2243 3281 43 30 day
2302 3281 54 24 with
2378 3282 39 25 the
2427 3280 60 25 saved

1913 3322 53 16 man
1975 3323 5 19 ;
2002 3314 82 28 where,
2104 3314 57 23 after
2173 3314 37 22 the
2225 3319 85 19 utmost
2324 3315 117 31 difficulty,
2453 3315 35 23 but

1913 3352 40 19 not
1963 3347 74 24 before
2050 3347 149 31 guranteeing
2217 3353 115 25 payment,
2353 3349 29 24 he
2398 3355 38 26 got
2453 3347 33 24 his

1913 3380 80 30 charge
2020 3380 150 31 comfortably
2196 3380 89 32 lodged.
2339 3382 51 24 The
2418 3380 68 33 public

1913 3413 74 31 surely
2003 3418 84 19 cannot
2101 3413 69 24 suffer
2185 3415 58 23 such
2260 3416 163 31 praiseworthy
2439 3421 45 18 coo*

1913 3446 52 24 duct
1983 3451 23 19 to
2032 3454 55 23 pass
2107 3448 154 29 unrewarded,
2282 3449 45 23 and
2343 3449 45 24 will
2408 3447 77 29 readily

1913 3479 123 24 undertake
2059 3480 39 24 the
2121 3482 154 30 performance
2298 3483 26 24 of
2350 3483 47 24 Mr.
2422 3479 62 26 Bell's

1913 3514 96 30 promise
2022 3519 23 19 to
2053 3514 40 23 the
2106 3514 110 31 Maories,
2229 3516 44 23 and
2284 3516 50 24 that
2344 3521 37 19 too
2399 3514 85 26 without

1913 3546 70 32 delay,
2003 3555 26 16 as
2049 3547 55 31 they
2123 3548 56 24 have
2197 3549 93 32 already
2298 3548 121 33 expressed
2429 3550 55 29 great

1913 3580 175 25 dissatisfaction
2107 3581 53 24 with
2179 3582 50 24 Mr.
2249 3583 58 29 Bell,
2324 3583 35 25 for
2376 3581 108 28 returning

1913 3615 63 31 again
1988 3615 96 24 without
2095 3614 38 25 the
2150 3622 60 17 tjtu.
2212 3629 34 4 —
2248 3615 183 25 Communicated.

1913 3683 140 24 COUNTY
2086 3683 125 27 COURT,
2248 3683 231 25 WELLINGTON.

2050 3729 150 23 December
2220 3730 38 27 19,
2278 3730 72 22 1843.

1910 3766 84 31 Before
2015 3767 50 25 His
2086 3768 83 24 Honor
2188 3768 34 24 E.
2243 3767 27 26 8.
2290 3766 121 31 Halsvell,
2429 3764 52 30 Esq.

1942 3826 33 24 At
1986 3834 30 17 an
2027 3827 63 31 early
2101 3827 58 24 hour
2178 3827 39 24 the
2238 3827 70 24 Court
2326 3834 44 16 was
2391 3821 91 29 crowded

1910 3860 54 23 both
1982 3860 55 24 with
2058 3860 96 24 Natives
2175 3861 45 23 and
2242 3860 102 29 Settlers,
2357 3859 91 24 anxious
2464 3860 18 20 to

1910 3894 89 23 witness
2023 3893 40 24 the
2086 3894 52 23 trial
2161 3894 33 28 of.
2206 3894 23 24 E
2251 3893 81 30 Wahu,
2356 3893 37 23 the
2410 3889 72 25 Native

1910 3926 67 25 Chief
1988 3927 69 24 about
2075 3927 73 24 whom
2168 3935 25 16 so
2213 3927 68 24 much
2300 3926 133 25 excitement
2448 3921 34 23 has

1910 3959 58 25 been
1980 3960 42 24 felt
2031 3960 31 29 by
2076 3960 40 24 the
2126 3959 111 25 Maories.

132 1362 167 22 SHIPPING
317 1362 276 24 INTELLIGENCE.

290 1421 142 19 ARRIVED.

324 1447 77 21 None.

310 1498 116 20 SAILED.

98 1523 116 23 December
233 1525 33 24 27,
287 1525 104 21 schooner
414 1525 109 28 Induttry,
545 1527 26 20 24
602 1528 55 24 tons,

68 1551 85 27 Wylde,
163 1551 34 21 for
208 1551 115 28 Wyderop.

99 1579 116 21 December
225 1581 34 24 28,
269 1579 79 27 barque
360 1581 108 25 Glenarm,
481 1581 43 21 297
532 1583 59 24 tons,
602 1582 55 27 Guy,

68 1607 34 19 for
113 1606 99 22 London.

293 1658 35 19 IN
343 1658 86 22 PORT.

97 1684 52 26 Brig
158 1685 50 25 Bee,
226 1684 39 21 134
276 1689 56 21 tons,
351 1685 32 21 Le
394 1685 81 22 Grand.
504 1687 78 27 Agent,
602 1687 55 27 Cap-

67 1711 54 21 tain.

96 1739 53 26 Ship
158 1739 120 26 Mandarin,
291 1740 40 20 650
346 1743 57 24 tons,
415 1740 77 24 Smith.
522 1744 90 25 Agents,

67 1766 28 21 B.
106 1767 92 25 Rhodes,
209 1767 42 20 and
261 1766 39 21 Co.

94 1794 54 26 Brig
166 1795 99 24 Gannett,
275 1795 43 20 322
332 1797 56 23 tons,
404 1795 94 22 Nicholl.
527 1797 71 21 Waitt
618 1797 39 21 and

67 1821 75 27 Tyser,
152 1822 88 25 Agents.

96 1849 52 26 Brig
169 1850 92 20 William
282 1850 92 25 Stoveld,
396 1851 41 20 186
456 1854 57 22 tons,
539 1852 118 21 Davidson.

67 1877 79 26 Eagar,
155 1877 78 26 Agent.

95 1905 109 20 Schooner
212 1905 122 26 Richmond,
354 1906 27 19 23
392 1908 57 23 tons,
464 1906 86 21 Brown.
579 1907 78 25 Agent,

68 1932 101 27 Captain.

96 1959 123 26 Brigantine
228 1960 122 25 Wanderer,
359 1960 41 21 130
406 1964 56 22 tons,
470 1962 79 21 Burnt.
569 1962 88 27 Agents,,

67 1986 86 21 Samuel
162 1988 43 20 and
212 1987 89 25 Joseph.

95 2013 110 22 Schooner
213 2014 86 21 Falcon.

96 2041 109 22 Schooner
223 2042 61 26 Lady
304 2042 75 26 Leigh,
402 2043 40 21 109
463 2045 56 23 tons,
545 2044 112 21 Cuthbert.

67 2068 69 22 Waitt
145 2069 41 20 and
196 2068 73 28 Tyser,
280 2070 90 26 Agents.

95 2096 123 26 Brigantine
235 2097 52 21 Star
303 2098 28 24 of
351 2098 73 24 China,
445 2098 41 21 112
506 2101 59 22 tons,
586 2099 71 21 Ward.

67 2123 140 26 Fitiherbert,
217 2124 77 26 Agent.

96 2150 108 22 Schooner
217 2152 72 26 Mana,
306 2153 26 21 27
347 2156 57 21 tons,
421 2152 84 28 Swany.
535 2153 68 21 Waitt
617 2154 40 21 and

67 2178 74 27 Tyser,
152 2179 88 27 Agents.

92 2206 111 21 Schooner
212 2207 112 21 Sutannah
334 2209 56 20 Ann.

94 2234 75 21 Cutter
178 2235 76 25 Leven,
263 2236 27 20 24
308 2238 57 22 tons,
377 2235 102 27 Heniley.
512 2236 85 22 Samuel
618 2237 39 20 and

67 2261 88 25 Joseph,
166 2262 88 24 Agents.

64 2303 89 1 New
182 2303 206 1 Zealand
417 2302 206 2 Gazette

107 2383 66 19 AND
187 2383 218 19 WELLINGTON
425 2383 189 19 SPECTATOR.

156 2440 131 27 Saturday,
304 2442 131 23 December
449 2444 34 26 30,
501 2444 62 21 1843.

100 2496 53 26 The
169 2496 104 25 remarks
285 2504 32 16 we
329 2496 57 24 have
407 2496 70 24 heard
488 2496 72 32 lately
571 2498 24 23 in
616 2498 42 24 ob-

63 2530 88 32 jection
171 2534 24 20 to
212 2529 39 24 the
268 2534 135 20 statements
414 2537 35 17 we
465 2530 59 24 have
544 2531 67 24 made
633 2533 25 23 in

64 2563 83 25 favour
167 2564 33 23 of'
209 2563 96 32 settling
316 2563 39 24 the
374 2562 86 26 Scotch
477 2563 90 31 Colony
578 2564 24 24 in
621 2564 38 25 the

65 2596 125 34 Wyderop,
202 2604 39 16 are
259 2597 52 24 that
329 2597 54 31 they
394 2604 59 17 were
473 2597 25 24 in
519 2597 40 23 the
580 2606 79 24 wrong

66 2634 62 26 tone,
141 2630 55 31 they
205 2637 58 18 were
275 2630 150 32 apologetical
438 2631 91 24 instead
539 2631 28 23 of
580 2632 78 23 evinc-

64 2664 43 30 ing
127 2663 41 24 the
186 2671 84 26 proper
290 2664 132 24 confidence
443 2665 25 22 in
491 2663 40 24 the
543 2683 3 8 ,
552 2665 105 24 absolute

66 2698 138 31 superiority
223 2697 24 24 of
265 2696 118 33 Wyderop
402 2697 37 24 for
458 2698 38 23 the
515 2705 101 24 purpose
633 2700 25 22 in

63 2731 116 33 question.
216 2730 87 25 Others
325 2731 47 23 still
395 2730 83 32 object,
501 2731 25 23 in
548 2731 108 32 allowing

65 2764 52 26 that
127 2764 90 24 district
228 2769 23 19 to
262 2764 29 24 be
423 2765 32 30 by
465 2772 14 16 a
496 2771 51 16 new
560 2764 96 32 Colony,

64 2797 52 24 that
134 2797 107 32 injustice
261 2797 75 25 would
353 2797 29 24 be
401 2797 59 24 done
480 2802 25 18 to
517 2797 47 24 this
578 2799 80 24 settle-

63 2834 76 22 ment.

100 2863 52 25 The
167 2872 48 16 one
228 2868 69 29 party
310 2864 103 24 consider
425 2863 50 25 that
494 2863 65 25 there
571 2872 42 16 can
628 2865 29 24 be

61 2903 36 22 Tfo
107 2896 71 25 doubt
190 2896 25 25 of
223 2897 38 24 the
272 2897 117 32 Wyderop
400 2897 70 31 being
480 2896 40 25 the
538 2904 55 25 very
606 2898 52 24 best

61 2929 70 36 'place
139 2930 37 24 for
196 2929 39 25 the
252 2929 85 25 Scotch
357 2929 131 25 settlement
505 2934 24 20 to
549 2930 55 24 take
616 2931 41 24 ad-

64 2968 100 26 vantage
181 2963 39 28 of;
238 2963 67 24 while
323 2962 39 24 the
382 2963 65 24 other
463 2968 68 26 party
552 2965 105 24 consider

66 2996 55 31 they
133 2996 57 24 have
207 3004 30 16 no
248 2996 62 31 right
322 3001 23 19 to
362 2996 30 24 be
411 2995 106 25 intruded
534 3004 60 24 upon
609 3006 28 15 us
647 3008 7 19 ;

66 3029 50 24 that
128 3029 37 24 the
176 3029 115 32 Wyderop
304 3028 81 25 should
403 3028 29 25 be
451 3030 106 23 reserved
569 3030 35 23 for
615 3031 41 24 the

66 3063 86 32 special
162 3070 40 17 use
214 3063 25 23 of
251 3063 40 23 the
308 3063 51 23 first
371 3062 45 24 and
432 3063 112 31 principal
557 3063 97 33 Colony,

63 3096 40 25 the
116 3096 97 25 Settlers
224 3097 23 23 in
259 3096 74 24 which
350 3096 18 23 it
379 3096 20 23 is
411 3096 94 24 deemed
518 3096 54 29 will,
590 3102 24 20 at
625 3105 30 17 no

62 3129 88 25 distant
158 3130 60 29 date,
230 3129 112 32 purchase
353 3129 39 23 the
402 3128 67 24 lands
477 3129 63 24 there
549 3130 36 23 for
593 3130 61 25 their

65 3171 50 16 own
134 3164 132 31 advantage,
278 3168 24 19 at
322 3171 14 15 a
354 3162 114 24 sufficient
486 3163 63 31 price
569 3163 36 24 for
616 3163 39 26 the

65 3197 128 32 Company.

98 3231 44 24 We
160 3230 143 32 approached
324 3230 37 23 the
381 3229 96 31 subject,
499 3236 34 17 we
555 3230 99 30 confess,

63 3264 55 24 with
139 3265 127 28 diffidence,
277 3264 36 24 for
333 3270 34 16 we
386 3263 56 23 wish
462 3262 39 24 the
513 3270 50 16 new
572 3263 82 24 settle-

63 3303 63 19 ment
138 3303 22 18 to
172 3298 58 24 have
249 3297 39 24 the
307 3304 55 24 very
373 3296 52 23 best
432 3298 55 29 'spot
499 3301 23 18 at
533 3295 60 24 their
604 3296 49 24 dis-
661 3289 2 37 ]

63 3331 72 31 posal,
148 3332 42 24 and
202 3330 75 25 feared
291 3330 49 24 that
359 3337 33 17 we
404 3329 73 31 might
489 3329 29 23 be
536 3329 117 25 animated

64 3363 30 31 by
105 3372 42 17 our
157 3364 58 25 local
235 3366 103 23 interest.
374 3363 48 27 But
442 3369 31 18 we
492 3363 162 31 acknowledge

64 3404 42 17 we.
109 3397 57 25 have
172 3405 73 19 .never
254 3398 43 24 felt
305 3397 49 24 that
360 3397 65 23 there
434 3404 46 16 was
489 3399 42 21 not
539 3396 115 25 sufficient

64 3437 63 18 room
139 3430 54 25 both
215 3431 34 24 for
266 3431 117 24 ourselves
401 3430 44 23 and
461 3429 38 25 the
512 3437 50 16 new
573 3430 80 23 settle-

63 3468 65 19 ment
139 3468 23 18 at
173 3463 122 33 Wyderap.

98 3496 69 23 Since
179 3504 32 19 we.
223 3495 45 26 last
279 3503 69 18 wrote
360 3505 28 16 on
397 3496 38 24 the
447 3496 97 32 subject,
555 3504 33 15 we
593 3496 60 25 have

64 3536 55 16 seen
133 3537 14 15 a
158 3536 53 25 very
222 3530 128 31 intelligent
367 3530 89 25 Native,
462 3530 62 24 from
541 3530 52 24 that
604 3531 47 23 dis-

64 3562 61 25 trict.
172 3562 40 24 He
233 3567 70 20 states
324 3563 59 29 that,
392 3564 44 23 few
459 3563 97 25 Natives
576 3564 76 24 reside

64 3595 72 29 there,
149 3595 44 23 and
205 3596 48 23 that
265 3596 52 31 they
329 3604 38 16 are
380 3597 38 23 the
428 3597 141 32 proprietors
578 3597 26 23 of
614 3597 38 23 the

64 3629 43 24 soil
119 3629 44 24 and
174 3636 38 15 are
224 3634 60 18 most
296 3630 95 23 anxious
404 3630 49 23 that
465 3631 38 23 the
515 3630 68 24 white
593 3637 56 25 peo-

62 3662 39 33 ple
120 3662 82 24 should
213 3662 59 23 form
294 3669 12 16 a
317 3662 130 24 settlement
465 3663 74 30 there,
551 3663 98 27 without

64 3696 70 31 being
145 3693 90 37 subject
252 3700 23 18 to
284 3700 56 26 'any
352 3695 110 25 demand.'
492 3696 30 24 In
531 3697 48 24 fact
600 3697 50 24 that

63 3729 45 25 ihV
120 3730 66 24 lands
204 3728 64 26 there
279 3735 39 15 are
329 3733 24 17 at
373 3736 41 15 our
433 3728 107 35 disposal,
553 3731 97 24 because

61 3762 40 25 the
114 3759 98 28 Natives'
225 3770 39 15 are
274 3761 60 31 fully
345 3760 57 24 alive
414 3766 23 19 to
449 3763 38 23 the
505 3763 61 31 good
576 3764 74 25 which

61 3802 64 19 must
143 3794 137 32 necessarily
292 3801 70 17 ensue
382 3799 23 18 to
417 3794 62 24 them
491 3795 59 25 from
561 3797 86 32 having

62 3829 58 24 such
129 3829 165 30 a.comirtunity
305 3828 25 23 in
347 3826 60 25 their
427 3828 129 25 immediate
567 3830 81 32 neigh-

61 3862 130 25 bourhood.'
223 3861 51 25 The
284 3860 55 25 lake
349 3860 43 24 has
402 3859 57 25 been
473 3862 82 28 stated,
567 3862 30 31 by
609 3864 39 24 the

61 3902 67 24 party
139 3897 23 23 in
174 3896 114 32 question,
296 3902 25 16 as
333 3893 79 24 within
424 3902 15 14 a
448 3893 43 24 few
500 3894 68 24 miles
576 3896 24 23 of
609 3896 40 25 the

59 3929 167 30 •ea^and.that
237 3928 39 24 the
296 3928 60 24 river
367 3926 75 25 which
452 3926 65 24 flows
528 3928 48 23 into
590 3928 26 29 it,
628 3930 20 22 is

54 3961 126 33 :nsvjjsble
197 3962 35 28 far
252 3962 65 31 hrge
333 3958 73 31 boats,
419 3959 35 25 for
470 3959 60 26 from
551 3959 60 33 forty
625 3966 22 19 to

1450 3430 130 25 Wellington
1591 3430 137 25 Spectator.'*

1298 3406 29 20 To
1337 3405 35 20 the
1380 3404 79 21 Editor
1468 3403 27 24 of
1500 3403 35 20 the
1573 3403 52 20 New
1635 3402 94 20 Zealand
1740 3401 87 21 Gazette
1839 3401 43 21 and

1310 3465 2 9 '
1329 3466 54 28 Sir,
1384 3477 35 6 —
1421 3465 68 24 Some
1500 3464 64 31 eight
1576 3471 25 16 or
1616 3463 53 23 nine
1685 3462 94 24 months
1797 3470 50 23 ago,
1867 3462 14 23 I

1294 3500 46 24 had
1351 3498 70 25 much
1432 3497 113 33 pleaaure,
1556 3504 26 16 as
1592 3505 12 15 a
1613 3495 137 29 tradesman,
1757 3496 25 22 in
1792 3495 89 24 attend-

1295 3534 65 30 ing^
1369 3531 79 32 public
1465 3530 102 30 meeting
1587 3535 22 17 at
1627 3529 113 23 Barrett's
1759 3526 80 31 Hotel,
1857 3533 26 19 at

1375 3572 45 17 our
1427 3565 44 23 late
1479 3563 70 24 much
1555 3561 106 32 repected
1670 3561 86 31 Mayor
1767 3561 112 31 precided.

1294 3599 38 25 Its
1341 3598 88 32 objects
1441 3604 45 16 was
1496 3601 23 19 to
1531 3595 55 25 take
1597 3596 47 22 into
1655 3594 168 25 consideration
1841 3596 39 24 the

1294 3630 26 27 ill
1336 3632 79 25 effects
1432 3629 41 25 felt
1491 3629 30 31 by
1539 3636 96 24 persons
1653 3628 24 24 of
1700 3636 42 15 our
1766 3629 114 29 situation,

1293 3665 57 33 (and
1362 3665 39 25 the
1412 3663 76 33 public
1498 3661 130 32 generally)
1646 3662 60 23 from
1725 3662 39 24 the
1786 3667 60 19 want
1857 3663 26 23 of

1294 3709 13 15 a
1319 3700 71 24 Court
1402 3698 36 25 for
1448 3697 38 23 the
1497 3703 108 23 recovery
1617 3695 25 24 of
1656 3695 69 24 small
1737 3695 75 31 debts,
1823 3697 57 23 such

1293 3742 26 16 as
1331 3740 32 17 we
1373 3731 59 25 have
1444 3730 23 23 in
1479 3729 38 24 the
1528 3728 96 25 Mother
1634 3728 112 32 Country,
1758 3729 75 25 where
1842 3730 39 24 the

1293 3765 107 27 Plaintiff
1408 3765 35 24 for
1455 3764 36 23 2s.
1502 3763 40 24 6d.
1562 3761 67 26 could
1646 3770 106 16 summon
1771 3763 39 24 the
1829 3763 50 24 De-

1293 3801 91 24 fendant
1393 3798 77 24 before
1480 3804 13 16 a
1503 3796 180 24 Commissioner
1693 3800 23 20 to
1733 3804 87 16 answer
1840 3797 39 23 the

1293 3834 82 30 charge
1395 3831 27 24 of
1447 3830 60 23 debt.
1555 3830 117 30 Amongst
1695 3829 65 24 other
1785 3835 94 19 matters

1293 3865 123 26 connected
1427 3862 55 25 with
1493 3863 46 25 this
1550 3862 136 30 settlement,
1700 3863 47 23 this
1757 3864 21 23 is
1788 3869 39 19 not
1840 3864 38 24 the

1291 3901 59 24 least
1361 3899 50 24 that
1422 3895 82 27 should
1515 3897 29 23 be
1553 3896 107 32 agitated,
1672 3904 26 17 as
1722 3896 39 25 the
1781 3902 59 19 want
1855 3897 26 23 of

1290 3933 57 26 auch
1366 3933 21 24 is
1406 3930 101 32 severely
1528 3930 43 24 felt
1588 3935 105 26 amongst
1714 3930 163 33 tradespeople,

1290 3965 49 26 who
1352 3966 20 25 if
1390 3974 13 16 a
1416 3964 120 26 dishonest'
1543 3968 65 26 party
1622 3970 58 17 owes
1691 3963 49 24 him
1761 3966 29 21 15
1809 3971 25 16 or
1847 3965 31 23 16

705 1752 3 3 .
722 1731 51 25 The
787 1731 108 24 Glenarm
907 1732 72 23 sailed
990 1740 30 15 on
1034 1732 122 32 Thursday
1168 1734 106 32 morning

687 1765 35 24 for
734 1765 106 28 London,
854 1765 52 23 with
919 1773 14 15 a
941 1765 42 23 full
994 1773 66 23 cargo
1073 1766 25 24 of
1114 1766 30 24 oil
1152 1767 45 23 and
1206 1767 65 25 bone.

687 1798 46 23 She
752 1806 46 16 was
820 1798 110 31 preceded
950 1798 31 31 by
1004 1798 39 24 the
1059 1798 90 25 Nelson
1170 1800 45 23 and
1236 1801 38 24 the

694 1830 102 25 Victoria
809 1832 71 22 direct
891 1837 23 18 to
927 1831 105 30 London,
1046 1833 43 23 and
1107 1832 31 32 by
1156 1833 39 23 the
1214 1833 60 32 Tyne

687 1865 84 31 calling
782 1870 24 18 at
818 1865 58 23 Port
890 1865 88 31 Phillip
996 1865 34 24 for
1052 1866 64 23 wool.
1161 1866 52 24 The
1231 1872 41 19 two

686 1898 50 24 first
755 1898 84 24 named
859 1905 56 17 were
938 1898 80 24 loaded
1038 1899 52 23 with
1102 1899 39 30 oil,
1156 1900 46 24 and
1212 1901 61 24 filled

688 1939 29 23 up
730 1931 53 24 with
794 1932 50 23 flax
854 1931 44 24 and
917 1932 74 23 native
1009 1932 84 24 woods.
1141 1932 51 25 The
1214 1933 66 32 Tyne

687 1964 43 24 had
743 1964 39 24 her
793 1965 59 23 dead
863 1964 82 31 weight
962 1966 25 22 of
1002 1965 32 23 oil
1045 1965 44 24 and
1101 1967 76 23 native
1188 1966 84 27 woods.

688 1997 51 24 The
751 1997 87 31 Tyrian
849 1997 45 24 will
907 1997 43 24 sail
960 1999 25 22 in
996 2006 15 15 a
1021 1999 42 22 few
1076 1999 66 29 days'
1152 1999 36 24 for
1208 2000 64 23 Lon-

687 2030 54 29 don,
752 2030 55 24 with
820 2039 13 14 a
844 2030 42 24 full
897 2038 69 23 cargo
977 2031 26 23 of
1018 2032 31 22 oil
1064 2032 46 22 and
1121 2032 73 29 bone,;
1196 2045 33 5 —
1230 2033 43 23 and

689 2064 37 23 the
748 2063 100 24 Gannett
867 2063 45 24 will
933 2063 52 24 take
1006 2066 23 22 in
1040 2065 114 24 furniture
1166 2066 62 23 wood
1239 2066 35 24 for

687 2096 56 25 dead
755 2096 91 31 weight,
859 2097 43 23 and
914 2098 96 31 proceed
1023 2103 22 18 to
1058 2098 138 29 Newcastle,
1218 2099 55 24 New

689 2130 73 24 South
775 2130 87 29 Wales,
875 2130 34 24 for
920 2130 60 31 light
988 2131 92 31 freight.
1125 2131 51 24 The
1194 2139 78 18 season

687 2164 45 23 will
745 2163 109 32 probably
865 2164 29 23 be
904 2164 76 23 closed
989 2164 55 24 with
1055 2164 38 24 the
1114 2166 120 30 departure
1253 2166 24 24 of

689 2197 37 24 the
738 2196 129 32 Indemnity
879 2197 35 23 for
926 2196 97 25 London
1035 2207 6 19 ;
1065 2198 87 30 though
1173 2206 33 16 we
1217 2199 57 32 hope

689 2230 113 24 sufficient
822 2230 39 29 oil,
879 2230 55 30 flax,
955 2230 70 30 wood,
1050 2232 43 22 and
1113 2231 58 24 bark
1190 2232 45 24 will
1246 2233 28 25 be

688 2263 153 30 forthcoming
857 2268 22 19 to
896 2263 52 24 load
968 2265 95 24 another
1084 2265 80 24 vessel.
1213 2265 22 24 It
1255 2268 19 23 is

689 2298 84 22 certain
795 2296 50 24 that
861 2296 46 24 five
926 2297 85 24 vessels
1032 2297 45 24 will
1096 2298 43 24 sail
1159 2298 56 24 with
1234 2298 38 26 the

688 2330 97 31 produce
804 2330 26 23 of
851 2329 45 24 this
919 2338 81 16 season
1021 2331 73 24 direct
1112 2332 35 23 for
1167 2331 106 31 London,

689 2364 43 23 and
743 2369 43 18 two
805 2363 119 32 indirectly
932 2373 6 19 ;
959 2364 52 28 and,
1035 2365 109 30 possibly,
1161 2373 31 15 an
1211 2366 63 31 eight

688 2397 71 24 direct
769 2402 24 18 to
802 2396 117 31 England.
954 2396 37 24 Of
1006 2397 31 24 all
1058 2398 38 23 the
1117 2406 94 24 cargoes
1230 2407 43 18 ex-

687 2430 79 31 ported
777 2439 3 4 -
788 2430 47 24 this
855 2437 89 21 season,
966 2437 59 17 none
1052 2431 45 23 will
1116 2439 96 24 surpass
1235 2432 39 25 the

688 2471 65 24 cargo
765 2463 26 24 of
806 2463 38 24 the
859 2462 129 32 Indemnity
1008 2465 25 22 in
1051 2465 96 23 interest
1165 2465 46 24 and
1230 2467 43 24 im-

687 2501 106 27 portance
806 2501 22 19 to
842 2495 44 25 this
897 2496 138 24 settlement.
1081 2497 48 24 She
1150 2498 45 24 will
1207 2507 65 24 carry

688 2538 27 16 an
728 2529 104 25 assorted
844 2537 67 23 cargo
923 2529 26 24 of
964 2530 30 24 all
1006 2530 151 32 descriptions
1169 2532 26 23 of
1202 2533 72 31 goods

687 2571 33 16 we
732 2571 37 16 are
787 2562 73 33 likely
877 2567 40 27 yet
934 2562 80 25 awhile
1035 2569 21 18 to
1077 2564 29 24 be
1124 2566 110 31 exported
1249 2571 23 19 to

687 2596 102 32 Europe,
798 2595 81 25 metals
887 2595 53 33 only
951 2597 118 31 excepted.

720 2630 51 24 The
781 2637 82 16 season
873 2630 37 23 for
921 2630 101 31 whaling
1037 2630 42 24 has
1099 2630 81 33 hardly
1197 2632 77 24 closed

686 2663 76 25 before
780 2670 34 17 we
832 2662 47 25 find
900 2670 42 16 our
960 2665 155 31 enterprizing
1134 2667 140 31 community

687 2697 122 31 arranging
828 2696 35 24 for
879 2696 39 24 the
935 2696 108 25 business
1062 2698 25 24 of
1103 2698 95 24 another
1210 2707 62 23 year.

687 2730 69 25 From
767 2737 160 24 appearances,
941 2738 33 16 we
986 2736 81 26 expect
1086 2739 67 23 every
1176 2732 98 32 whaling

686 2764 82 24 station
779 2763 102 24 between
893 2762 102 33 Poverty
1006 2763 51 32 Bay
1069 2765 46 23 and
1127 2765 37 24 the
1186 2766 86 24 South-

686 2797 60 24 ward
757 2797 47 23 will
812 2796 30 24 be
853 2795 65 25 fitted
926 2801 41 19 out
987 2797 29 31 by
1035 2797 38 25 the
1092 2798 136 25 Merchants
1249 2800 26 24 of

686 2830 56 25 Port
762 2829 136 29 Nicholson;
900 2842 34 5 —
934 2830 54 29 and,
1009 2830 55 25 with
1089 2832 110 24 tolerable
1220 2841 52 17 suc-

686 2871 55 22 cess,
771 2863 60 24 from
851 2870 14 16 a
884 2862 73 25 dozen
977 2868 22 19 to
1022 2864 78 24 fifteen
1126 2866 85 24 vessels
1227 2867 46 24 will

684 2896 62 25 leave
775 2904 43 16 our
843 2895 102 25 harbour
972 2897 35 24 for
1034 2897 109 32 England
1180 2900 26 23 in
1234 2900 38 24 the

684 2934 56 20 next
752 2937 90 17 season.
889 2929 113 32 Literally
1023 2938 41 16 our
1075 2933 63 22 main
1150 2932 122 26 drawback

684 2964 20 23 is
716 2963 37 25 the
766 2964 135 31 supineness
914 2964 27 23 of
955 2971 42 16 our
1007 2964 88 24 friends
1110 2966 26 23 in
1153 2966 117 32 England.

685 2997 50 24 The
753 2996 54 31 only
823 2996 122 24 drawback
966 3001 22 20 to
1007 2998 106 32 entering
1131 2999 56 24 with
1200 3001 72 24 confi-

684 3030 69 25 dence
770 3030 50 24 into
842 3029 101 32 whaling
964 3037 173 25 arrangements
1158 3033 37 23 for
1216 3039 56 19 next

684 3072 60 23 year,
757 3065 19 22 is
789 3063 39 24 the
840 3063 70 24 doubt
921 3071 27 17 as
959 3068 22 20 to
992 3063 38 26 the
1042 3065 67 24 effect
1127 3074 63 23 upon
1209 3067 62 31 price

684 3098 24 23 of
722 3097 38 24 the
771 3097 59 24 New
841 3096 81 25 Tariff.
966 3097 74 24 Folks
1051 3098 25 23 in
1088 3098 109 31 England
1209 3109 61 15 com-

683 3131 61 31 plain
756 3130 70 25 about
844 3130 39 24 the
902 3131 173 31 impe'rfectness
1094 3133 26 22 of
1134 3139 136 26 correspon-

684 3164 68 24 dence
767 3164 60 23 from
846 3171 41 16 our
905 3164 50 24 side
976 3164 26 23 of
1024 3164 37 24 the
1073 3170 77 20 water.
1198 3167 48 24 Not
1257 3176 14 16 a

682 3197 73 29 letter,
776 3196 121 33 possessed
917 3197 26 23 of
964 3206 15 15 a
997 3198 96 31 particle
1108 3199 26 23 of
1149 3207 121 26 necessary

683 3231 144 24 information
858 3237 30 17 on
924 3230 45 24 this
998 3231 76 24 useful
1103 3232 97 32 subject,
1228 3234 41 24 has

682 3263 56 25 been
771 3262 105 25 received
910 3263 31 25 in/
973 3263 46 25 this
1057 3269 52 27 part
1151 3266 27 24 of
1212 3267 57 24 New

683 3296 100 25 Zealand
813 3296 56 24 from
898 3296 110 32 England
1009 3310 33 4 —
1042 3298 99 31 nothing
1169 3307 42 17 can
1240 3300 28 26 be

682 3338 61 16 more
774 3335 89 26 scanty,
887 3330 97 32 nothing
1005 3338 64 16 more
1096 3332 89 24 useless
1214 3333 54 26 than

682 3364 38 23 the
730 3364 147 23 information
889 3363 73 24 which
981 3364 42 23 has
1042 3364 100 25 hitherto
1162 3366 58 24 been
1231 3375 37 17 re-

682 3397 75 23 ceived
768 3396 55 24 here
834 3397 130 31 respecting
981 3397 40 24 the
1040 3403 106 26 prospect
1165 3399 36 24 for
1212 3400 56 25 New

681 3429 100 25 Zealand
802 3434 92 26 exports
917 3430 24 23 in
962 3429 118 33 England.
1126 3431 44 25 We
1193 3434 75 24 would

681 3468 94 27 suggest
786 3470 14 16 a
811 3462 45 24 few
870 3463 118 31 questions
1006 3464 19 23 it
1043 3463 74 25 would
1129 3464 28 24 be
1169 3467 51 23 well
1231 3467 36 24 for

681 3503 41 17 our
732 3496 88 24 friends
838 3496 24 23 in
881 3496 108 31 England
1007 3502 24 19 to
1052 3497 65 24 write
1134 3505 64 25 upon
1209 3500 59 24 from

680 3530 54 23 time
753 3533 25 20 to
798 3530 63 23 time.
897 3529 71 25 What
988 3530 43 24 has
1049 3530 91 33 usually
1152 3532 59 25 been
1228 3533 39 25 the

680 3563 66 24 stocJc
769 3563 26 24 of
817 3562 31 29 ojl
871 3562 45 24 and
936 3563 58 24 bone
1013 3563 25 23 in
1058 3563 117 32 England,
1200 3574 67 25 every

679 3596 79 24 month
769 3596 25 23 in
806 3595 39 24 the
861 3603 63 23 year,
938 3596 35 24 for
992 3597 88 23 several
1092 3604 67 26 years
1168 3599 11 23 ?
1197 3599 70 26 What

679 3629 41 25 has
747 3629 61 24 been
838 3629 39 23 the
912 3629 106 31 monthly
1046 3629 99 33 delivery
1173 3632 64 25 there
1254 3635 11 23 ?
1274 3651 2 3 -

679 3663 69 24 What
765 3663 43 23 has
828 3662 58 24 been
906 3661 39 24 the
962 3662 106 32 monthly
1086 3664 100 33 supply?
1204 3666 63 33 Why

678 3697 41 25 has
726 3718 3 12 f
729 3696 88 27 oil.and
828 3695 59 24 bone
898 3695 117 24 advanced
1023 3696 11 23 ?
1053 3696 70 25 What
1133 3698 47 24 will
1187 3698 27 25 be
1226 3700 38 24 the

677 3730 109 33 probable
795 3729 69 24 effect
875 3728 26 24 of
915 3728 40 24 the
968 3729 121 24 alteration
1101 3730 26 24 of
1141 3731 40 24 the
1193 3732 78 26 Tariff,

678 3773 28 15 on
719 3763 90 33 prices?
827 3762 57 24 Will
894 3761 103 32 English
1007 3763 86 31 fishing
1112 3763 29 24 be
1154 3766 113 24 extended

678 3811 22 4 —
700 3798 29 23 rif
745 3806 34 20 so,
792 3802 26 18 to.
828 3796 60 24 what
908 3800 79 19 extent
996 3796 11 22 ?
1026 3796 55 24 Will
1100 3797 19 23 it
1140 3797 28 25 be
1180 3799 85 25 dimin-

677 3831 63 25 ished
741 3843 33 5 —
775 3831 21 24 if
818 3837 24 16 so
862 3834 22 19 to
904 3829 60 24 what
981 3830 99 23 extent?
1099 3829 57 26 Will
1176 3832 89 33 foreign

675 3865 86 31 fishing
786 3864 28 24 be
835 3862 119 29 extended,
977 3862 46 24 and
1041 3867 24 19 to
1087 3863 59 23 what
1167 3867 97 23 extent?

675 3898 71 28 .What
752 3897 120 24 .countries
884 3904 38 15 are
931 3895 71 31 likely
1014 3901 21 18 to
1046 3896 56 23 send
1116 3897 30 23 oil
1155 3898 44 24 and
1205 3898 59 26 bone

676 3930 27 24 to'
717 3930 116 31 England,
847 3930 45 24 and
911 3934 23 18 to
952 3928 62 24 what
1035 3934 80 20 extent
1124 3930 14 27 I,
1154 3930 52 25 Has
1221 3932 42 25 the

676 3963 96 25 demand
793 3964 35 23 for
851 3963 29 24 oil
901 3963 46 24 and
966 3962 60 24 bone
1044 3963 128 31 increased,
1185 3965 43 24 and
1241 3971 23 20 to

575 57 97 45 myt
696 57 118 42 igtta
842 55 210 41 ZcalattD
1067 54 320 47 Oraiettranti
1415 52 301 46 WttUinQton
1742 47 257 52 Spectator,

1299 141 59 24 what
1369 146 86 24 extent,
1467 141 45 24 and
1533 141 60 22 what
1613 147 38 16 are
1662 139 39 24 the
1717 147 82 16 causes
1807 140 11 23 ?
1836 140 48 24 Are

1297 174 55 31 they
1363 174 72 31 likely
1446 179 23 19 to
1482 177 35 19 art
1536 172 166 33 permanently,
1714 180 26 16 or
1760 172 54 31 only
1825 178 58 18 tem-

1298 207 107 31 porarily,
1423 222 6 6 v
1441 206 72 25 What
1523 213 40 16 are
1578 207 40 22 the
1629 205 92 31 general
1733 210 117 26 prospects
1862 207 26 22 of

1300 240 62 24 trade
1373 241 24 23 in
1409 240 94 31 Europe
1513 239 9 24 ?
1540 239 50 24 Are
1611 238 54 31 th.y
1677 238 25 24 of
1714 246 31 16 an
1757 239 129 31 improving

1300 273 115 23 character
1425 273 10 24 ?
1460 273 46 23 Let
1517 271 63 24 these
1592 272 117 30 questions
1715 271 30 24 be
1757 271 128 32 frequently

1299 305 38 24 the
1356 306 61 23 basis
1437 306 26 24 of
1478 305 210 29 communications,
1700 304 45 24 and
1764 304 39 24 the
1823 312 61 16 mer-

1300 338 80 24 chants
1404 338 55 24 here
1477 344 53 24 may
1551 337 97 31 proceed
1669 337 52 23 with
1744 337 139 24 confidence.

1300 370 46 25 Let
1355 370 59 25 facts
1425 371 29 24 be
1466 370 119 24 furnished
1586 382 34 4 —
1620 370 30 23 all
1662 369 38 24 the
1712 370 59 24 facts
1783 370 49 24 that
1844 378 41 16 can

1298 403 29 25 be
1340 403 104 33 supplied
1456 402 44 26 and
1507 403 111 31 .opinions
1627 403 107 31 carefully
1743 403 71 24 based
1825 411 59 24 upon

1300 437 63 24 these
1375 437 57 24 facts
1433 450 34 4 —
1468 436 44 25 and
1523 438 19 21 it
1553 436 46 23 will
1618 436 27 23 be
1657 443 53 16 seen
1722 441 23 18 to
1759 437 126 24 contribute

1300 470 144 31 enormously
1467 476 23 18 to
1516 476 42 16 our
1585 476 115 25 progress.
1752 468 45 24 We
1820 470 66 24 could

1300 507 94 27 suggest
1406 512 13 16 a
1429 504 55 23 host
1503 502 25 23 of
1542 502 118 31 questions
1679 502 75 23 which
1765 502 83 25 should
1858 503 28 24 be

1300 537 115 23 answered
1425 535 130 33 respecting
1564 536 56 27 flax,
1633 535 64 28 wool,
1714 535 67 29 bark,
1794 543 91 24 copper,

1300 569 52 29 &c,
1380 569 53 29 &c,
1459 570 41 22 but
1527 575 33 18 we
1586 568 67 25 think
1673 575 32 16 we
1726 568 58 24 have
1814 570 72 23 stated

1301 602 89 31 enough
1411 607 23 19 to
1457 602 61 23 show
1540 602 61 24 what
1618 602 20 23 is
1661 601 94 25 needed.
1800 601 26 24 If
1846 610 40 16 our

1300 643 97 23 purpose
1408 636 29 23 be
1449 639 40 20 not
1500 635 174 32 accomplished,
1688 642 32 15 we
1734 635 58 23 shall
1805 635 81 24 almost

1301 668 27 24 be
1340 668 95 24 induced
1458 674 23 18 to
1502 675 94 25 prepare
1615 668 44 23 and
1676 669 64 30 print
1760 675 14 16 a
1793 668 58 24 form
1864 669 24 23 of

1301 701 77 24 letters
1392 706 21 19 to
1435 702 29 23 be
1485 702 88 23 written
1591 701 58 24 from
1670 701 108 30 England
1799 706 24 19 to
1842 701 44 24 this

1301 735 87 32 colony,
1401 734 45 24 and
1458 734 78 24 entitle
1548 735 63 23 them
1648 734 104 24 skeleton
1761 734 80 24 letters
1852 736 34 22 for

1301 767 37 24 the
1350 768 68 30 guide
1429 769 46 23 and
1487 775 40 16 use
1539 768 24 23 of
1573 767 99 31 English
1684 768 130 23 merchants
1825 769 59 23 trad-

1301 802 39 30 ing
1351 802 53 24 with
1424 802 39 24 the
1475 800 89 32 rapidly
1576 802 73 30 rising
1669 801 44 23 and
1729 805 61 20 most
1801 802 83 31 impor-

1301 838 48 21 tant
1361 835 24 24 of
1400 835 41 24 her
1453 834 123 32 Majesty's
1592 835 143 31 possessions

1496 899 195 24 STAVES.

1334 955 43 24 We
1395 955 101 25 referred
1513 962 63 17 some
1595 957 54 22 time
1668 957 62 23 since
1750 962 23 19 to
1791 957 39 25 the
1841 958 44 24 im-

1301 993 106 26 portance
1427 990 28 22 of
1472 988 106 30 bringing
1596 993 23 18 to
1632 988 37 24 the
1685 993 45 20 test
1742 990 100 25 whether
1855 999 31 16 we

1300 1021 57 24 have
1373 1021 63 24 wood
1447 1021 65 24 fitted
1522 1021 35 23 for
1568 1026 84 24 staves,
1665 1022 42 23 and
1726 1028 22 18 to
1761 1023 59 24 what
1832 1032 53 23 pur-

1301 1062 74 24 poses,
1388 1055 20 23 if
1417 1053 83 29 suited,
1512 1054 54 31 they
1578 1062 52 23 may
1639 1054 28 24 be
1677 1056 99 30 applied.
1813 1057 35 23 Of
1857 1058 29 23 all

1300 1096 110 24 purposes
1433 1089 39 22 the
1491 1092 60 19 most
1568 1087 123 31 important
1702 1090 20 23 is
1743 1089 38 24 the
1793 1090 94 32 making

1301 1122 26 22 of
1346 1122 31 22 oil
1397 1121 77 24 casks.
1509 1120 43 23 We
1571 1129 38 15 are
1629 1122 73 31 happy
1722 1127 23 19 to
1766 1123 55 23 hear
1839 1124 48 24 that

1301 1160 75 18 staves
1395 1162 39 16 are
1455 1153 68 31 being
1545 1153 56 31 split
1623 1160 22 18 to
1665 1155 26 23 be
1709 1155 58 24 tried
1789 1156 35 24 for
1843 1157 43 24 this

1300 1195 106 24 purpose.
1443 1188 24 24 A
1479 1187 87 30 portion
1580 1188 45 22 will
1636 1188 29 23 be
1677 1189 92 24 worked
1780 1197 30 24 up
1825 1190 60 29 here,

1301 1222 44 23 and
1368 1221 94 24 another
1484 1221 89 30 portion
1596 1221 44 24 will
1664 1221 26 24 be
1714 1227 59 25 sent,
1797 1223 29 31 by
1849 1224 37 24 the

1300 1254 135 31 Indemnity,
1458 1259 23 19 to
1505 1253 115 24 Gordon's
1642 1255 26 23 of
1675 1278 4 4 .
1688 1255 107 30 London,
1820 1262 22 18 to
1859 1257 27 23 be

1301 1288 73 23 tested
1395 1289 31 30 by
1446 1287 70 24 them.
1552 1287 59 23 This
1630 1289 21 22 is
1668 1296 25 16 as
1711 1290 19 22 it
1750 1289 83 24 should
1850 1290 35 23 be.

1301 1321 58 23 This
1376 1322 21 22 is
1418 1321 61 31 right
1488 1330 7 19 ;
1514 1320 34 23 for
1568 1321 31 23 oil
1620 1320 75 30 casks,
1707 1322 65 24 fitted
1785 1328 23 18 to
1823 1331 63 24 carry

1301 1354 31 24 oil
1348 1355 60 24 from
1426 1355 46 22 this
1483 1359 22 18 to
1526 1353 116 31 England,
1656 1355 43 24 will
1719 1356 168 24 henceforward

1300 1388 28 23 be
1340 1395 43 16 one
1395 1388 25 23 of
1436 1395 42 17 our
1495 1392 60 19 most
1573 1388 123 31 important
1712 1395 82 18 wants.
1830 1390 26 24 If
1870 1391 17 23 it

1301 1421 80 24 should
1390 1429 70 23 prove
1472 1420 48 24 that
1529 1428 33 16 we
1575 1429 42 15 can
1628 1421 67 25 make
1705 1423 32 22 oil
1748 1423 68 23 casks
1829 1423 57 24 from

1301 1463 41 15 our
1349 1455 76 23 native
1432 1454 83 28 woods,
1524 1462 14 15 a
1545 1462 124 23 cooperage
1678 1456 46 24 will
1731 1456 29 23 be
1769 1464 43 15 one
1820 1456 25 24 of
1849 1457 37 23 the

1301 1488 49 24 best
1363 1488 129 24 businesses
1502 1488 25 22 in
1538 1487 56 24 Port
1604 1488 135 25 Nicholson.
1776 1489 44 24 We
1830 1490 56 23 have

1300 1526 65 27 great
1385 1520 71 33 hopes
1477 1520 56 30 that,
1546 1529 37 16 ere
1604 1521 61 32 long,
1678 1530 32 15 we
1732 1522 59 24 shall
1806 1523 30 23 be
1847 1524 39 23 ad-

1301 1555 110 31 vertising
1455 1553 50 26 The
1522 1555 53 23 best
1587 1554 57 24 New
1661 1555 101 24 Zealand
1774 1556 30 23 oil
1816 1557 70 29 butts,

1301 1588 125 24 warranted
1438 1589 27 23 fit
1482 1592 23 19 to
1523 1596 66 23 carry
1601 1588 29 24 oil
1644 1593 21 18 to
1677 1589 104 32 Europe,
1795 1595 22 18 at
1828 1590 58 24 from

1300 1622 61 31 forty
1373 1626 22 19 to
1406 1621 53 32 fifty
1470 1620 105 32 shillings
1587 1630 40 23 per

684 145 62 30 sixty
756 144 65 23 miles
838 144 70 23 above
929 144 38 23 the
987 142 60 24 lake.
1085 142 52 24 The
1155 142 75 23 banks
1249 142 23 28 pi

685 177 55 23 both
756 177 53 24 lake
821 177 46 23 and
877 176 59 23 river
954 183 38 16 are
1012 175 105 24 declared
1135 180 24 19 to
1170 175 27 23 be
1210 174 62 24 alike

685 210 117 28 available,
814 209 55 31 only
880 208 49 24 that
949 208 39 23 the
1000 208 79 24 shores
1090 207 26 24 of
1132 207 39 24 the
1187 208 84 23 former

684 242 58 24 have
753 250 14 16 a
777 242 156 24 continuation
941 241 26 23 of
976 248 65 24 grass
1049 240 55 24 land
1111 245 23 18 to
1143 240 39 24 the
1192 245 79 19 waters

686 274 64 32 edge,
762 274 67 24 while
848 274 39 23 the
900 274 79 23 shores
993 274 26 23 of
1036 273 40 24 the
1086 274 69 23 latter
1172 280 39 16 are
1223 273 47 24 fur-

686 308 81 22 nished
777 308 56 22 with
844 307 132 23 abundance
988 306 25 24 of
1022 306 113 24 excellent
1145 305 73 24 wood.

721 341 23 23 It
755 342 19 21 is
786 340 92 23 evident
886 340 21 23 if
914 339 39 24 the
961 347 50 16 new
1018 339 130 24 settlement
1156 339 20 22 is
1185 338 87 25 formed

686 374 23 22 in
731 373 37 24 the
786 373 91 23 Middle
894 372 87 29 Island,
995 372 49 23 that
1065 372 38 24 the
1121 371 98 24 Settlers
1231 379 41 16 can

686 406 53 31 only
750 405 54 24 look
823 411 23 18 to
858 405 123 32 supplying
999 405 137 24 themselves
1154 404 43 24 and
1214 405 58 23 their

687 447 49 15 own
753 444 60 19 town
824 438 56 24 with
899 438 67 24 stock
987 438 44 23 and
1051 437 148 32 agricultural
1219 445 52 24 pro-

686 471 55 24 duce
751 481 6 19 ;
770 471 67 24 while
846 473 21 22 if
874 471 87 24 formed
968 471 25 23 in
1004 479 41 15 our
1053 471 130 23 immediate
1190 471 81 30 neigh-

686 505 123 29 bourhood,
822 504 55 32 they
887 504 46 24 will
944 508 41 19 not
1001 504 55 31 only
1065 503 58 24 have
1135 503 39 24 the
1186 503 82 24 former

686 538 134 30 advantage,
832 538 41 23 but
880 537 46 24 will
937 537 58 24 have
1006 545 15 15 a
1030 537 69 24 much
1108 541 97 26 greater,
1218 544 54 23 sup-

686 570 79 32 plying
776 570 26 24 of
814 571 58 24 Port
884 570 136 29 Nicholson,
1032 578 14 15 a
1058 569 130 24 settlement
1200 569 72 24 which

686 605 20 21 is
728 605 22 22 in
769 604 30 23 its
810 603 79 24 fourth
911 610 55 25 year
985 603 25 23 of
1030 603 31 23 its
1082 604 125 27 existence,
1226 602 44 24 and

686 637 73 23 which
779 636 42 24 has
839 636 94 24 secured
950 636 40 23 the
1011 640 89 26 greater
1118 640 52 27 part
1191 635 25 24 of
1234 636 38 23 the

687 669 105 32 whaling,
806 669 45 25 and
863 669 38 24 the
912 675 61 17 most
985 669 102 23 valuable
1099 669 91 31 portion
1199 669 25 23 of
1233 669 39 23 the

686 708 62 18 coast
767 703 73 23 trade.
876 702 106 24 Another
1001 701 167 24 consideration
1187 702 20 23 is
1225 702 49 23 that

686 736 69 31 being
766 736 62 23 close
849 740 23 19 to
889 736 47 23 this
955 740 52 27 port
1026 736 53 30 they
1092 735 75 26 would
1183 739 24 21 at
1219 742 54 16 once

686 769 57 23 have
755 769 30 24 all
797 769 59 24 their
866 774 71 18 wants
946 769 105 31 supplied
1061 774 23 18 at
1094 777 13 14 a
1115 768 92 24 smaller
1217 772 55 25 cost,

687 802 54 24 than
752 803 19 23 if
789 803 55 30 they
855 802 81 24 settled
957 807 23 18 at
997 810 63 16 some
1080 802 96 23 isolated
1192 801 64 32 place
1264 810 6 20 ;

688 835 58 24 their
762 836 83 31 capital
857 835 73 24 would
948 835 96 31 thereby
1061 835 82 24 be-out
1162 835 45 24 laid
1220 835 53 23 with

687 874 88 25 greater
792 869 133 32 advantage,
938 869 45 23 and
994 869 66 23 when
1076 868 111 32 prepared
1198 873 23 18 to
1233 875 40 16 ex-

687 908 51 26 port
756 903 89 24 instead
857 902 25 24 of
899 903 86 29 having
995 907 24 18 to
1040 901 29 24 do
1090 909 34 20 so,
1134 901 54 31 they
1201 900 73 24 would

687 936 46 22 find
745 943 14 15 a
777 936 64 31 large
861 936 45 23 and
924 935 130 31 increasing
1071 934 91 24 market
1173 934 61 23 close
1251 938 23 18 at

687 968 59 23 hand
756 977 6 19 ;
776 976 14 16 a
799 967 92 25 market
902 968 25 23 of
936 976 14 15 a
959 972 80 19 nature
1053 975 24 15 so
1090 966 126 30 extending
1225 967 49 23 that

687 1002 19 22 it
722 1001 74 31 might
807 1008 108 16 consume
928 1000 31 23 all
978 1000 38 24 the
1027 1000 99 31 produce
1139 999 37 24 the
1190 999 83 24 Scotch

687 1033 89 24 settlers
788 1041 52 23 may
853 1034 29 23 be
893 1033 50 24 able
962 1038 23 18 to
997 1032 82 31 supply
1091 1032 35 23 for
1138 1040 55 23 very
1204 1038 68 25 many

687 1074 65 23 years
762 1071 22 19 to
795 1074 73 16 come.

721 1099 50 24 The
783 1099 118 31 Principal
913 1099 86 31 Agent,
1012 1100 23 22 in
1048 1099 85 31 having
1145 1103 22 19 to
1180 1097 70 25 select
1261 1106 14 16 a

687 1133 42 23 site
741 1133 35 24 for
786 1132 40 25 the
845 1140 48 15 new
912 1132 139 29 settlement,
1063 1132 42 24 has
1126 1140 14 15 a
1159 1136 61 19 most
1230 1139 43 16 un-

686 1165 102 33 pleasant
814 1166 56 31 duty
891 1165 102 32 imposed
1013 1172 61 25 upon
1094 1165 57 28 him,
1172 1165 45 23 and
1242 1172 32 16 we

689 1199 70 24 would
771 1200 47 23 fain
838 1198 60 32 hope
909 1199 49 23 that
977 1198 38 24 the
1032 1198 73 24 vessel
1117 1198 33 30 by
1160 1198 75 23 which
1246 1197 28 24 he

687 1232 45 24 will
750 1233 87 23 receive
856 1231 129 33 dispatches
1006 1239 28 15 on
1056 1231 38 24 the
1110 1231 98 32 subject,
1228 1231 46 23 will

687 1273 85 24 convey
783 1270 23 19 to
828 1273 42 16 our
890 1266 79 23 shores
990 1265 103 31 deputies
1113 1264 127 24 instructed
1251 1268 22 19 to

687 1298 87 24 discuss
786 1299 54 23 with
861 1299 47 23 him
929 1299 40 23 the
988 1299 52 23 best
1051 1297 65 32 place
1127 1298 35 23 for
1174 1297 39 23 the
1225 1305 49 16 new

687 1332 137 29 settlement,
837 1331 45 24 and
901 1339 33 16 we
954 1331 45 24 feel
1018 1331 114 24 confident
1154 1330 48 24 that
1220 1331 53 24 then

686 1365 115 32 Wyderop
821 1365 46 23 will
886 1365 29 23 be
935 1364 107 29 selected,
1055 1364 120 32 especially
1196 1372 25 15 as
1240 1372 32 16 we

687 1398 138 25 understand
837 1406 61 16 some
911 1397 25 24 of
946 1398 38 23 the
991 1397 112 33 principal
1111 1397 90 24 settlers
1211 1405 61 16 come

687 1432 53 24 with
752 1432 36 24 the
800 1433 58 23 view
870 1432 25 23 of
910 1431 108 31 devoting
1029 1431 138 24 themselves
1179 1435 23 19 to
1213 1431 60 31 agri-

688 1466 86 23 culture
794 1465 46 24 and
861 1464 73 25 stock.
981 1464 25 24 If
1032 1464 38 24 the
1093 1464 132 24 settlement
1246 1464 27 23 be

687 1499 86 24 formed
785 1499 55 23 with
859 1498 49 24 that
919 1499 64 27 view,
996 1498 38 23 the
1047 1502 59 18 town
1126 1498 23 23 in
1165 1498 39 23 the
1216 1494 55 35 'Wy-

687 1532 68 32 derop
767 1532 75 24 would
854 1532 27 23 be
892 1532 24 23 in
938 1531 57 24 New
1016 1531 101 24 Zealand
1129 1531 61 23 what
1201 1530 71 25 Mait-

687 1565 53 25 land
751 1566 20 23 is
790 1566 25 23 in
834 1565 57 24 New
912 1564 75 24 South
1006 1564 87 29 Wales,
1106 1564 84 24 second
1213 1565 59 32 only,

688 1600 43 23 and
743 1598 49 25 that
803 1604 24 19 to
839 1598 38 24 the
888 1598 112 32 principal
1011 1605 40 16 sea
1061 1602 52 26 port
1125 1598 23 23 in
1162 1598 38 25 the
1211 1598 61 25 colo-

687 1640 37 23 ny.
992 1633 5 7 '

833 1684 143 24 EXPORT
994 1684 128 24 TRADE.

71 150 106 26 Money
200 149 28 21 to
251 147 75 21 tend
353 151 38 16 on
414 146 76 27 good
512 144 144 21 Heritable

296 172 131 26 Security.

82 213 42 27 JP
131 212 98 26 KAA
242 210 165 28 STEELING,
414 210 35 23 for
459 212 27 21 12
495 217 25 16 or
528 212 26 21 18
560 209 96 23 months.

73 229 156 33 3QO\J\j
283 237 76 29 Apply
367 241 23 19 to

419 263 35 22 W.
470 264 22 22 S.
507 264 104 25 LoXLEY,

487 290 80 23 Parish
576 290 80 25 Street.

99 318 127 24 December
233 319 34 25 30,
278 319 61 21 1843.

93 363 119 28 Eligible
226 363 133 22 Freehold
372 362 133 27 Building
519 361 124 23 Ground.

73 396 68 50 TO
172 396 39 23 BE
238 396 80 23 SOLD
350 396 41 23 BY
414 395 141 24 PRIVATE
584 394 74 23 CON-

134 423 108 23 TRACT.
252 423 92 23 —Two
367 422 128 23 allotments
518 422 28 22 of
566 424 50 26 part
635 421 26 22 of

71 450 71 23 Town
152 450 60 22 Acre
222 451 46 25 128,
280 450 56 21 each
349 450 84 25 having
449 450 28 21 30
492 449 46 22 feet
545 448 110 27 frontage,

71 476 46 23 and
126 476 121 27 extending
261 478 28 20 60
303 476 46 22 feet
364 476 24 21 in
405 475 75 29 depth,
492 475 97 23 situated
605 475 23 20 in
644 481 14 14 a

71 506 68 19 street
146 502 89 29 leading
244 503 58 22 from
313 502 192 28 Ingestrie-Btreet.

99 534 75 28 Apply
193 537 23 19 to
238 534 91 22 Messrs.
346 534 89 22 Brewer
456 533 46 22 and
521 533 135 25 Blathwayt,

73 560 157 26 Willis-street,
240 567 26 15 or
275 561 90 23 Messrs.
378 560 101 28 Holroyd
489 560 46 22 and
545 560 66 26 Hart,
625 560 32 21 Te

73 587 53 23 Aro.

98 618 126 22 December
232 620 34 24 30,
278 619 60 22 1843.

89 664 156 26 Important
259 664 55 21 and
328 664 119 26 Eligible
462 664 180 21 Investment.

71 697 70 49 TO
152 697 39 22 BIS
202 697 79 21 SOLD
292 704 28 15 by
334 697 139 22 PRIVATE
484 696 172 27 CONTRACT,

133 723 24 23 in
173 730 154 22 consequence
344 724 27 21 of
381 723 38 22 the
436 727 91 24 present
535 723 124 28 proprietor

309 750 93 27 retiring
409 758 5 19 ;

139 784 47 14 THE
195 784 118 15 VALUABLE
327 784 134 15 LEASEHOLD
477 784 112 15 PREMISES

96 802 55 23 held
162 807 24 17 at
195 810 13 15 a
223 803 42 22 low
275 803 89 26 ground
381 807 55 24 rent,
448 804 135 27 comprising
593 803 39 23 the

265 836 75 23 SHIP
354 836 107 23 HOTEL

70 864 24 22 in
115 863 193 27 Manners-street,
327 863 145 27 Wellington,
488 864 51 23 well
555 863 102 27 situated,

70 890 47 22 and
125 890 24 22 in
160 897 66 21 every
234 894 88 24 respect
336 890 93 22 suitable
445 890 36 22 for
496 890 163 27 commanding

71 923 13 15 a
93 916 107 23 first-rate
209 916 100 23 business
317 924 6 19 ;
339 917 38 22 the
392 917 117 27 adjoining
518 918 107 26 premises
635 918 24 21 in

71 942 38 24 the
117 944 130 27 occupation
257 943 25 22 of
294 944 44 22 Mr.
350 943 82 22 Murcn
447 944 46 22 and
503 944 45 22 Mr.
562 944 95 26 Minine,

71 969 76 23 sublet
157 974 22 17 to
196 970 59 21 them
270 973 23 18 at
307 970 88 26 ground
410 974 62 17 rents
478 978 6 19 ;
499 974 46 17 two
560 974 99 23 cottages

125 996 111 26 attached,
248 995 43 23 and
300 996 37 21 the
348 996 103 27 spacious
461 996 44 22 and
515 996 91 27 elegant

284 1029 156 27 THEATRE,

70 1056 102 26 recently
182 1055 86 23 erected
278 1059 23 18 at
308 1059 65 23 great
385 1063 100 20 expence
494 1056 25 22 in
531 1056 36 22 the
576 1063 51 16 rear
637 1057 25 22 of

70 1082 38 22 the
119 1082 75 22 Hotel.

98 1110 16 20 A
120 1115 15 15 n
146 1109 149 28 enterprizing
311 1109 111 27 capitalist
438 1109 74 21 would
523 1108 48 23 find
580 1110 24 21 in
615 1110 44 22 this

55 1151 1 4 .
69 1139 105 23 property
184 1143 28 14 an
229 1137 142 30 opportunity
382 1137 34 20 for
431 1136 136 22 investment
585 1137 74 28 rarely

69 1165 24 18 to
102 1161 28 22 be
139 1165 47 18 met
194 1162 60 27 with,
265 1162 44 22 and
327 1163 72 21 which
409 1166 59 19 must
477 1170 68 20 prove
557 1170 12 14 a
579 1170 79 16 source

70 1188 26 22 of
107 1189 80 21 wealth
198 1193 22 18 to
231 1188 37 22 the
282 1190 129 26 purchaser.

98 1215 95 23 Further
207 1216 131 28 particulars
353 1223 52 20 may
416 1216 28 21 be
462 1216 107 22 obtained
579 1224 29 14 on
619 1224 40 21 ap-

70 1240 105 25 plication
187 1246 22 18 to
219 1242 46 22 Mr.
275 1242 82 22 Fuller,
370 1250 29 14 on
414 1242 38 22 the
468 1244 114 26 premises,
594 1251 25 15 or
637 1248 22 17 to

70 1267 94 23 Messrs.
175 1268 102 28 Holroyd
287 1270 46 21 and
344 1270 67 27 Hart,
421 1269 117 28 solicitors,
549 1270 32 22 Te
592 1271 55 22 Aro.

96 1301 126 24 December
231 1303 34 26 30,
277 1304 61 21 1843.
