2550 4060
1934 3582 40 17 The
1985 3582 49 17 New
2044 3582 101 19 Zeaxakd
2154 3584 137 17 GAaETM-and
2302 3581 133 20 WEiaiM&rbH
2445 3582 48 17 Snt-

1913 3608 66 12 tator
1983 3603 16 17 is
2005 3603 99 22 published
2110 3609 55 17 every
2171 3605 115 21 Wednesday
2295 3605 37 17 and
2342 3604 92 21 Saturday.
2454 3602 39 18 Sub-

1912 3624 63 22 joined
1981 3629 30 12 are
2016 3625 34 16 the
2053 3627 69 16 terms:
2123 3634 24 4 —

1934 3644 303 23 PRiCß'o*3HSfP4.»ii>--Fpr(iy
2242 3643 88 24 shillings
2334 3649 31 18 per
2374 3648 73 16 sunurn,
2456 3647 37 18 p»jr-

1914 3665 40 20 able
1961 3667 20 17 in
1987 3667 81 17 advance
2073 3673 4 15 ;
2088 3672 21 13 or
2115 3667 87 21 sixpence
2206 3667 97 21 for-single
2313 3667 91 18 numbers.

1913 3703 3 4 .
1935 3685 158 20 AOvertiienJehts
2097 3686 41 19 <tfn
2143 3688 35 17 not
2182 3692 67 18 appear
2258 3689 21 16 In
2288 3688 33 17 the
2330 3687 78 20 ensuing
2413 3686 75 18 ,rrtittil>M

1914 3709 17 18 if
1939 3709 84 18 received
2028 3709 49 19 later
2081 3710 47 17 than
2140 3710 20 18 10
2165 3705 75 26 q'ctock,
2247 3714 51 15 a.m.,
2303 3713 25 13 on
2334 3708 30 18 the
2370 3707 92 21 rnomingr
2465 3706 28 17 Jw-

1914 3731 43 16 for*'
1966 3730 120 21 publication.
2107 3730 158 19 Advertisements
2279 3730 38 17 will
2326 3730 22 17 be
2358 3728 95 18 continued
2458 3726 33 18 and

1914 3751 80 21 charged
2003 3751 50 17 until
2061 3751 168 20 counter-ordered;
2240 3751 48 19 stfch
2292 3750 53 18 otter
2350 3747 77 20 mu'itle
2433 3747 60 18 lerftto

1914 3773 33 17 the
1955 3773 56 18 Office
2023 3773 37 16 two
2078 3773 44 21 days
2141 3773 61 17 before
2212 3772 119 22 publication,
2342 3771 35 17 and
2383 3770 52 17 must
2443 3770 20 16 be
2472 3771 20 13 n

1912 3794 82 21 Vriting.
2017 3793 159 18 Advertisements
2188 3793 83 17 received
2289 3792 52 23 after
2357 3792 21 17 10
2392 3789 65 19 o'clock
2470 3792 22 13 on

1914 3814 86 22 Tuesday
2010 3815 38 17 and
2059 3814 67 22 Friday
2135 3814 95 21 mornings
2237 3813 42 18 -will
2289 3814 22 17 be
2316 3812 82 21 'ohixgsd
2404 3810 53 18 twtoe
2464 3809 29 17 the

1905 3836 2 7 1
1914 3836 55 17 usu&l
1974 3832 54 21 r&ics*

1935 3857 32 17 All
1973 3855 68 21 orders,
2051 3856 160 19 advertisements,
2221 3855 37 18 and
2267 3851 161 22 conUrltifetaftfohi
2438 3852 18 16 to
2465 3850 28 17 ttt

1915 3878 72 19 Editor,
1991 3882 31 13 are
2027 3877 99 21 requested
2131 3878 21 16 to
2157 3878 24 17 b*
2185 3876 103 21 addressed;
2290 3875 20 17 to
2315 3873 104 20 thifOfflee.

1915 3899 77 17 Printed
2003 3899 39 17 and
2054 3898 98 21 published
2168 3902 56 17 every
2240 3896 112 20 Wednesday
2368 3893 35 19 itod
2413 3891 80 19 Saturday

1922 3919 6 4 ■
1936 3920 91 20 morning;
2040 3920 24 20 by
2081 3919 87 18 SfcMtfiu
2179 3918 92 19 »**!*.*■,
2286 3917 25 17 »f
2321 3916 31 21 tip
2367 3913 53 19 Office
2436 3913 19 17 of
2465 3912 28 16 the

1934 3951 47 28 St«.
1990 3951 158 29 Mknaett-sfaSe't,
2152 3951 122 29 %llln|tfoni
2284 3956 45 19 VdH
2336 3954 106 24 .tfftboTson,
2456 3953 37 17 Ktw

1937 3983 85 18 Zealand.

710 3666 58 24 This
788 3667 20 23 is
826 3665 39 25 the
886 3665 92 32 Society
1002 3669 23 19 to
1049 3666 137 31 correspond
1208 3667 55 24 with

676 3700 75 25 which
760 3707 33 16 we
804 3699 59 24 have
877 3699 77 24 before
965 3695 73 35 urged
1049 3698 39 25 the
1105 3700 158 33 appointment

676 3735 25 23 of
714 3742 15 16 a
748 3733 136 25 committee.
920 3732 63 24 That
1003 3731 39 25 the
1062 3732 115 24 members
1196 3733 25 24 of
1244 3734 19 25 it

675 3775 38 17 are
731 3768 24 24 in
768 3771 90 20 earnest
877 3767 19 23 is
917 3765 68 29 clear,
1006 3765 50 24 that
1073 3765 56 31 they
1148 3772 61 19 want
1226 3765 37 27 for

675 3801 146 25 information
841 3805 24 19 to
874 3799 69 32 guide
964 3798 59 25 their
1040 3798 159 33 proceedings,
1216 3792 47 33 will

675 3835 29 24 be
713 3834 38 25 the
762 3833 58 24 fault
831 3833 25 26 of
872 3833 38 24 Che
922 3832 116 25 colonists.

712 2948 99 25 Extract
827 2947 27 25 of
868 2956 14 15 a
898 2947 67 24 letter
983 2949 102 24 received
1105 2948 40 24 via
1164 2949 101 32 Sydney,

678 2981 51 25 date
741 2982 59 24 June
812 2983 42 28 26,
868 2983 73 28 1843,
953 2982 127 31 Ramsgate
1089 2990 7 16 :
1098 2994 34 5 —

705 3022 62 22 With
774 3022 75 27 regard
856 3024 23 19 to
889 3022 36 21 the
931 3022 53 21 New
993 3022 93 21 Zealand
1094 3022 94 28 Society,
1196 3022 10 22 I
1213 3023 52 22 have

678 3050 38 21 not
734 3051 59 21 since
802 3057 36 19 my
853 3050 43 21 last
904 3050 53 21 been
972 3050 47 20 able
1028 3052 24 18 to
1067 3056 28 20 go
1104 3050 69 25 there,
1189 3051 77 27 having

677 3077 54 22 been
748 3078 62 21 down
819 3078 58 24 here,
893 3077 39 21 but
945 3084 41 14 can
1002 3078 47 26 give
1058 3084 43 20 you
1116 3078 38 20 the
1163 3078 63 22 heads
1243 3080 25 21 of

677 3112 65 15 news.
770 3106 46 20 The
826 3106 85 27 Society
920 3106 19 20 is
948 3112 51 14 now
1007 3105 105 27 regularly
1121 3105 80 21 formed
1214 3108 51 20 with

677 3134 36 20 the
722 3134 54 21 Earl
784 3134 24 20 of
810 3133 85 26 ..Devon
904 3133 34 21 for
953 3133 30 21 its
995 3133 113 25 chairman,
1125 3133 43 20 and
1178 3140 13 14 a
1207 3140 57 16 com-

677 3162 73 21 mittee
760 3162 25 20 of
797 3161 26 21 20
832 3168 6 17 ;
854 3160 44 22 Mr.
908 3160 96 27 Bridges,
1016 3161 46 20 Sec.
1091 3161 61 26 They
1157 3161 52 21 have
1217 3165 48 19 sent

677 3190 134 27 deputations
820 3191 24 18 to
854 3189 144 26 congratulate
1008 3188 62 27 Capt.
1082 3187 93 28 Fitzroy,
1185 3196 29 14 on
1230 3191 34 20 his

677 3218 159 26 appointment;
865 3218 22 19 to
907 3217 43 21 Mr.
972 3216 26 21 C.
1018 3216 80 24 Buller,
1117 3216 69 26 M.P.,
1212 3218 51 21 with

677 3245 76 21 thanks
762 3244 35 21 for
811 3244 34 21 his
861 3245 75 26 speech
953 3250 30 14 on
994 3243 148 22 Colonization
1150 3251 7 16 ;
1181 3251 13 14 a
1202 3245 63 22 letter

677 3276 20 19 tc
704 3291 3 7 ,
717 3273 44 21 Mr.
779 3272 116 27 Chapman,
916 3276 22 17 to
957 3271 146 27 congratulate
1121 3272 48 23 him.
1183 3278 29 15 on
1230 3274 34 21 bis

676 3301 147 27 appointment
831 3300 27 20 of
867 3299 69 27 Judge
949 3300 24 20 of
989 3299 37 21 the
1044 3299 101 26 Supreme
1159 3298 67 23 Court
1242 3304 23 18 at

677 3326 128 28 Wellington
812 3334 7 18 ;
834 3333 13 14 a
856 3326 108 22 memorial
977 3329 24 18 to
1015 3326 37 21 the
1065 3326 52 22 Post
1131 3325 66 24 Office
1212 3329 52 21 with

677 3356 78 26 regard'
763 3354 23 23 tio
796 3354 37 21 the
846 3356 56 20 rates
911 3355 25 21 of
947 3355 88 27 postage
1049 3354 42 21 and
1104 3361 61 14 more
1181 3356 83 26 regular

676 3384 146 21 transmission
839 3382 26 21 of
882 3384 81 23 letters,
979 3382 70 21 which
1065 3382 40 21 last
1124 3382 81 26 subject
1221 3385 43 20 will

676 3417 59 15 come
744 3410 73 21 before
826 3410 58 21 them
898 3410 60 26 again
967 3411 55 20 next
1035 3409 141 27 Wednesday.
1204 3411 60 27 They

675 3439 53 21 have
746 3438 50 25 also,
807 3438 111 27 presented
936 3438 103 27 petitions
1049 3439 22 18 to
1082 3438 37 20 the
1135 3437 86 23 Houses
1241 3439 25 21 of

676 3465 68 23 Lords
760 3465 42 21 and
811 3465 114 21 Commons
939 3465 84 27 against
1030 3464 83 21 further
1129 3469 134 23 exportation

676 3493 24 21 of
711 3490 53 30 boys
773 3493 55 20 from
842 3493 36 20 the
892 3493 84 20 convict
990 3491 160 22 establishment
1159 3497 24 16 at
1196 3493 66 22 Park-

675 3522 69 23 burst,
759 3523 25 18 to
800 3519 112 22 Auckland
927 3526 25 14 or
969 3526 42 19 any
1026 3519 61 21 other
1102 3521 49 26 part
1167 3521 26 20 off
1211 3521 52 21 New

676 3548 100 25 Zealand,
800 3552 23 16 as
845 3547 20 21 it
882 3552 46 16 -was
950 3547 109 26 expressly
1084 3548 128 25 guaranteed
1235 3550 28 25 by

676 3576 143 22 Government
835 3575 47 21 that
891 3575 18 21 it
925 3575 76 21 should
1011 3577 39 18 not
1065 3575 27 20 be
1101 3575 62 21 made
1171 3582 14 15 a
1200 3578 63 25 penal

676 3604 126 21 settlement.
831 3603 46 20 The
893 3603 85 26 Society
995 3603 38 20 has
1052 3603 65 24 taken
1139 3607 124 22 permanent

676 3632 59 21 office
744 3633 23 19 at
776 3631 27 21 36
813 3628 44 23 Old
866 3630 153 22 Broad-street.

62 143 44 27 the
113 143 73 34 feoi^se
196 143 28 24 o£
229 137 9 8 %
236 141 38 24 tht
287 141 83 26 Native
381 141 80 26 Maria
469 149 8 21 ;
495 141 25 24 it
524 141 20 22 is
556 144 41 22 not
607 140 40 24 the

64 183 65 18 same
149 176 72 24 house
242 173 75 25 where
338 173 39 25 the
398 174 106 28 prisoner
524 172 43 24 has
588 172 59 25 been

63 207 100 36 Hying.;,
172 206 37 30 (he
220 207 48 24 box
285 214 45 16 was
347 205 70 26 taken
427 210 25 23 to
466 205 101 26 Maria**
574 205 73 25 house

64 249 30 21 on
105 239 38 31 tHe
160 239 45 32 day
217 239 40 27 the
267 240 103 31 prisoner
386 247 47 17 was
452 239 70 25 taken
532 239 49 24 into
593 246 54 17 cus-

62 273 69 33 tody;
156 271 40 29 the
212 272 47 25 box
280 280 47 16 was
344 273 24 23 in
386 269 107 27 Maria's,
501 271 71 25 house
583 280 7 21 ;
593 290 4 2 .
607 271 40 31 ..he

64 304 94 36 ptjiudin
176 305 97 32 Maria's
290 304 31 25 bo
322 313 26 16 115
350 313 16 18 ?
380 305 85 32 during
484 305 39 24 the
543 304 43 32 day
586 322 13 12 r
605 304 42 25 but

63 338 59 33 slefit
131 340 25 23 in
177 338 104 32 Philips-h
287 337 70 25 ouse
363 346 12 23 ;•
390 336 13 26 I
415 337 29 25 do
456 342 45 20 not
508 337 67 24 know
586 337 61 27 what

61 372 40 25 the
111 372 54 30 box,
169 371 134 30 contained;
323 370 13 25 I
348 370 38 25 did
397 376 43 19 not
447 379 30 23 go
496 376 22 19 to
530 370 39 24 the
581 370 47 24 box
637 379 8 20 ;

62 402 13 32 |
87 412 48 17 saw
145 405 39 23 the
206 411 51 17 uosD
268 403 87 37 opened
374 405 24 23 in
415 404 84 24 Davis'
511 403 80 30 house,
604 403 43 24 but

61 442 41 20 not
112 438 63 24 since
186 438 18 23 it
221 435 42 26 Has
273 437 59 24 been
344 437 106 24 removed
461 447 7 20 ;
488 437 13 24 I
514 443 46 17 saw
570 437 20 24 it
600 436 46 25 last

104 470 101 25 October
223 478 27 16 or
269 470 138 31 November,
419 470 44 26 but
476 474 41 20 not
536 477 76 24 open;
632 469 13 24 I

61 511 47 17 saw
118 504 19 24 it
147 508 25 19 at
182 504 38 25 the
231 500 55 27 time
296 503 40 27 the
346 503 104 32 prisoner
458 511 48 16 was
518 502 72 24 taken
598 503 47 23 into

61 536 103 32 cuatody.

93 564 79 30 Maria;
172 581 32 6 —
205 569 13 24 I
228 569 46 24 live
287 574 24 19 at
322 569 97 32 Pipitea,
428 569 45 24 and
485 576 38 18 am
534 576 14 17 a
559 568 86 24 church

59 604 28 23 c*
100 602 109 32 England
226 602 141 32 Missionary
379 603 85 24 Native
475 612 7 20 ;
503 602 14 24 I
527 601 68 24 know
607 601 39 24 the

58 643 119 21 prisoner;
189 635 28 24 he
228 635 62 25 lived
301 640 24 20 at
336 636 107 31 Pipitea;
459 635 87 26 Ikiiow
557 634 90 32 Philip,

57 669 32 25 he
96 670 23 24 is
131 668 38 24 the
181 668 182 24 brother-in-law
383 669 26 23 of
423 668 40 24 the
477 668 102 32 prisoner
588 676 12 20 ;.
615 668 31 24 he

58 703 43 23 has
111 710 59 22 gone
183 706 21 20 to
216 702 91 31 Cloudy
318 701 49 32 Bay
377 710 6 21 ;
399 701 29 24 he
440 702 43 23 left
494 701 38 25 his
541 701 47 26 box
598 701 47 24 and

58 743 64 17 some
134 735 76 31 things
223 736 24 23 in
257 736 20 22 it
285 744 7 20 ;
312 736 19 22 it
341 743 46 17 was
398 734 42 24 left
450 735 29 23 in-
486 742 39 24 my
536 734 80 30 house,
631 734 14 24 I

54 776 55 17 was.
115 772 24 19 to
149 767 53 25 take
214 776 54 15 care
277 769 27 25 of
318 768 61 24 them
389 776 7 21 ;
416 768 14 23 I
442 768 70 24 know
523 767 63 24 there
598 775 47 16 was

57 809 70 17 some-
132 801 70 24 calico
213 802 24 23 in'
249 802 25 28 it,
282 810 15 16 a
304 802 115 24 waistcoat
426 802 47 23 and
480 800 64 26 other
551 800 79 31 things
637 810 5 20 ;

57 830 39 33 {he
108 835 114 24 waistcoat
233 835 21 24 is
265 835 48 24 like
333 835 38 24 the
391 842 43 17 one
447 834 115 32 produced
572 843 11 20 y
599 834 46 24 this

56 869 21 23 is
89 868 39 24 the
146 868 115 24 waistcoat
271 877 7 20 ;
297 869 39 23 the
354 868 169 24 handkerchief
536 868 28 23 in-
572 867 73 25 Court

57 901 15 28 X
84 909 47 16 saw
151 901 65 24 three
236 901 93 29 months
338 910 50 22 ago,
401 903 24 22 in
445 910 39 24 ray
496 902 78 28 house,
586 901 29 24 in
632 909 13 15 a

54 934 52 25 box
115 935 26 24 of
156 934 113 32 Philip*;
286 934 13 24 I
311 943 45 16 saw
367 935 47 24 this
424 934 68 32 night
503 941 66 23 gown
581 934 64 24 three

55 967 94 25 months
162 975 41 23 ago
213 976 7 20 ;
235 967 13 25 I
260 968 86 24 believe
357 975 25 16 as
393 972 24 19 to
428 967 41 25 the
481 967 65 25 other
558 966 86 31 things,

56 1001 43 24 but
110 1001 65 24 these
186 1000 16 25 I
212 1008 44 16 can
275 1001 71 31 speak
366 1005 22 18 to
399 998 124 33 positively
533 1007 6 21 ;
559 1006 30 16 no
602 1006 43 17 one

58 1038 64 28 stops
135 1035 22 23 in
177 1033 37 24 the
234 1033 74 27 house;
318 1032 23 25 in
359 1033 41 23 the
417 1033 45 31 day;
471 1034 65 27 time,
548 1032 54 31 they
615 1032 30 24 all

56 1075 31 27 go
108 1073 22 18 to
151 1066 38 24 the
209 1066 144 24 cultivations
362 1075 7 19 ;
388 1065 38 24 the
444 1066 74 24 house
539 1072 45 17 was
605 1069 40 20 not

54 1097 88 27 TocUed
149 1108 7 21 ;
177 1099 37 25 the
224 1099 47 24 box
283 1099 82 32 always
386 1106 44 16 was
443 1098 82 25 locked
536 1107 6 20 ;
562 1097 13 25 I
588 1098 57 31 kept

56 1131 40 26 fli'e
107 1130 45 34 key
162 1141 7 21 ;
188 1130 14 26 I
212 1140 70 16 never
296 1133 59 24 .took
374 1132 38 25 the
424 1132 80 32 things
517 1136 47 24 out,
576 1131 41 24 but
630 1131 14 24 I

54 1158 59 32 feye
117 1181 6 16 f
125 1169 56 21 #eert
191 1165 62 25 them
264 1166 24 24 in
310 1166 37 24 the
364 1164 46 25 box
431 1165 66 24 when
515 1165 84 31 opened
614 1164 31 31 by

56 1192 80 39 l^hiltp
147 1209 6 19 ;
171 1199 15 24 I
205 1199 58 24 have
282 1204 40 19 not
340 1207 53 16 seen
414 1196 66 27 these
492 1198 83 30 things,
582 1199 63 23 since

57 1224 80 41 Pl'iirp
148 1237 59 19 went
217 1240 72 23 away.

89 1265 38 33 By
139 1265 38 25 the
194 1266 58 31 Jury
252 1279 33 4 —
287 1266 76 32 Philip
385 1265 40 24 left
444 1263 71 26 about
533 1264 64 24 three
617 1272 28 17 or

54 1300 55 24 four
117 1300 94 24 -months
221 1308 52 22 ago.

92 1333 59 25 This
163 1333 75 25 closed
248 1333 41 24 the
301 1341 58 16 case.
369 1357 3 4 .
524 1356 1 4 ,

89 1365 54 27 The
150 1366 86 25 Crown
248 1365 137 26 Prosecutor
396 1366 56 26 then
470 1364 122 26 addressed
606 1364 39 26 the

57 1400 65 32 Jury,
141 1400 45 25 and
203 1400 49 25 Mr.
267 1400 62 25 Ross
341 1399 104 27 followed
456 1404 24 20 at
490 1403 65 29 great
564 1398 81 32 length

58 1442 29 17 on
98 1431 81 31 benalf
186 1433 26 25 of
219 1431 39 27 the
270 1434 111 31 prisoner.

92 1466 83 26 Before
189 1467 39 25 the
245 1466 93 25 learned
355 1466 73 32 Judge
441 1465 105 26 summed
564 1472 39 26 up,
614 1463 31 27 he

56 1500 113 33 iitnplored
180 1501 36 25 the
228 1500 58 32 Jury
297 1505 24 20 to
332 1500 91 24 dismiss
432 1500 60 24 from
503 1499 61 25 their
570 1499 75 24 minds

57 1539 42 20 not
109 1534 54 32 only
181 1542 43 24 any
235 1534 67 32 th>ng
322 1533 71 25 which
412 1541 54 24 may
476 1533 58 24 have
549 1532 96 24 reached

57 1567 61 28 their
129 1576 52 16 ears
186 1568 130 31 respecting
328 1567 37 25 the
373 1568 106 31 prisoner
485 1567 26 24 in
522 1566 123 31 particular

57 1599 54 28 with
123 1600 115 26 reference
250 1606 23 19 to
285 1600 65 25 other
361 1601 103 31 charges,
475 1599 42 25 but
528 1599 47 24 also
588 1607 26 16 as
624 1604 21 19 to

57 1642 46 25 spy
109 1639 94 21 matters
214 1635 24 23 in
245 1634 84 34 regard
336 1639 21 19 to
368 1634 39 24 the
416 1633 98 29 Natives,
520 1632 124 32 generally.

57 1667 39 26 No
107 1665 72 33 donbjt
189 1668 38 26 the
245 1665 80 37 public
342 1667 70 29 mind,
430 1667 58 24 both
504 1666 85 24 Native
602 1666 43 24 and

57 1701 132 36 European,
209 1708 47 17 was
275 1708 57 24 very
349 1700 123 29 unsettled,
491 1701 42 23 but
551 1699 29 23 he
600 1707 45 16 was

56 1737 64 58 Suite
140 1743 61 23 sure,
213 1734 59 25 from
284 1734 39 24 the
341 1733 116 26 character
470 1732 45 26 and
530 1737 115 27 respecta-

73 1771 50 31 ility
136 1770 25 24 of
169 1767 38 27 the
218 1767 90 30 Jurors,
377 1767 54 32 they
439 1766 77 25 would
525 1766 51 31 give
585 1766 60 24 their

57 1804 112 25 attention
181 1807 21 20 to
214 1802 40 24 the
274 1801 106 25 evidence
392 1809 25 16 as
436 1800 30 25 he
478 1799 82 26 should
571 1799 38 31 lay
628 1800 17 23 it

57 1838 77 23 before
152 1837 69 28 them,
238 1835 46 25 and
304 1839 77 21 return
402 1834 61 24 their
480 1833 87 26 verdict
583 1840 62 25 upon

59 1871 49 24 that
125 1870 62 31 only,
208 1868 84 32 always
312 1868 171 30 remembering'
498 1866 38 25 the
556 1867 89 24 solemn

59 1904 124 32 obligation
202 1903 54 35 they
268 1902 44 24 had
331 1901 67 25 taken
417 1905 25 20 to
453 1901 52 24 Well
524 1900 46 24 arid
581 1900 64 31 truly

58 1943 45 26 try,
115 1937 45 24 and
171 1945 14 17 a
192 1938 54 23 true
256 1936 87 24 verdict
353 1936 61 31 give.
451 1934 25 25 It
487 1941 45 17 was
543 1941 28 16 no
579 1934 66 23 small

57 1970 141 26 satisfaction
217 1974 24 19 to
261 1969 50 25 him
330 1973 22 19 to
372 1968 69 24 know
458 1969 51 23 that
525 1967 63 23 there
599 1974 46 16 was

58 2009 43 19 ofte
113 2003 20 25 if
140 2008 41 19 not
192 2008 43 19 two
247 2001 26 25 of
289 2001 38 25 tHe
344 2001 131 32 gentlemen
487 2000 27 25 of
531 2000 38 23 the
588 2000 57 32 Jury

57 2037 51 24 who
127 2044 59 17 were
203 2035 86 32 closely
302 2034 122 25 connected
435 2034 56 24 with
503 2033 38 23 the
562 2033 83 24 Native

57 2070 147 33 population;
230 2076 43 17 one
291 2069 25 23 in
335 2068 123 32 particular
477 2068 29 23 he
518 2066 65 24 knew
602 2066 43 25 had

58 2103 97 26 married
168 2112 14 15 a
192 2103 85 25 Native
288 2109 93 22 womeu,
393 2101 44 25 and
450 2108 46 17 was
508 2100 69 23 found
590 2100 55 24 here

56 2138 32 31 by
100 2137 43 25 the
149 2136 51 25 first
220 2135 98 24 Settlers
329 2143 5 16 :
352 2136 18 23 it
383 2141 44 17 was
440 2133 151 31 satisfactory,
604 2133 41 24 be-

57 2179 68 16 cause
137 2171 40 24 the
193 2169 57 32 Jury
263 2168 45 24 had
319 2169 57 24 been
387 2168 77 24 drawn
477 2176 26 16 as
515 2167 73 28 usual,
601 2168 44 23 and

58 2205 55 24 with
123 2212 30 16 no
174 2202 123 33 partibular
310 2202 53 23 view
363 2214 34 5 —
397 2202 19 23 it
427 2209 48 17 was
488 2209 13 16 a
513 2201 75 31 happy
600 2201 45 24 cir-

58 2243 130 18 cumstance
199 2237 56 23 both
266 2236 36 24 for
313 2235 38 25 the
371 2235 78 25 Maori
461 2235 46 25 and
527 2234 39 24 the
577 2234 68 24 white

57 2277 61 19 race.

92 2305 48 24 His
165 2304 81 25 Honor
268 2303 54 25 then
346 2308 57 19 went
426 2311 54 16 over
505 2302 39 24 the
572 2301 74 24 whole

58 2339 115 29 evidence,
183 2338 154 30 commenting
346 2340 62 28 upon
417 2337 18 24 it
447 2345 26 16 as
483 2337 18 24 it
511 2335 55 24 bore
573 2335 74 24 either

59 2373 90 32 against
167 2380 24 15 or
212 2371 35 24 for
265 2370 39 24 the
324 2371 111 31 prisoner.
473 2369 29 25 In
516 2368 131 25 conclusion

57 2406 30 24 he
108 2405 57 30 said,
184 2404 130 32 gentlemen
334 2405 24 23 of
375 2404 39 24 the
432 2404 67 31 Jury,
513 2402 45 24 this
569 2402 21 23 is
609 2402 38 24 the

59 2436 116 31 evidence,
186 2437 44 25 and
241 2434 22 28 if
276 2445 47 24 you
341 2445 37 17 are
398 2437 25 24 of
442 2437 93 32 opinion
546 2435 51 24 that
608 2436 39 24 the

60 2473 107 24 evidence
179 2472 24 23 of
212 2471 38 24 the
262 2470 84 25 Native
358 2471 106 29 Pomare,
478 2470 22 25 E
514 2469 74 29 Tako,
602 2469 45 24 and

61 2506 76 25 Maria
157 2510 25 19 at
202 2504 31 25 all
256 2503 85 25 shakes
362 2504 39 24 the
421 2505 125 29 testimony
567 2503 25 24 of
609 2502 38 26 the

59 2538 145 34 piosecutrix
204 2550 34 5 —
238 2538 51 24 who
308 2544 82 17 swears
402 2542 22 19 to
445 2537 40 25 the
501 2536 98 32 identity
616 2536 31 32 by

58 2573 88 28 marks,
159 2573 25 23 of
199 2571 74 25 which
285 2579 45 24 you
342 2578 37 18 are
390 2571 49 24 also
454 2571 94 32 judges,
567 2571 25 23 of
609 2569 38 25 the

58 2606 108 25 evidence
188 2606 24 23 of
232 2605 39 24 the
294 2609 43 20 two
360 2604 137 30 constables,
517 2603 38 24 the
572 2604 76 24 father

59 2639 94 33 Boysen
174 2647 24 16 as
217 2640 24 23 to
260 2639 39 24 the
318 2638 152 32 night-dress,
482 2637 123 32 supported
617 2637 30 32 by

57 2673 51 25 that
128 2674 26 24 of
172 2673 38 25 the
229 2672 60 25 little
310 2672 43 32 girl
368 2672 93 24 Turner
482 2670 45 26 and
546 2670 38 25 the
605 2679 41 16 sod

59 2708 94 31 Boysen
165 2716 25 15 as
202 2711 22 20 to
236 2706 39 25 the
293 2705 167 25 handkerchief
460 2718 32 5 —
493 2706 12 24 I
519 2712 48 24 say,
577 2705 23 23 if
609 2704 38 24 the

59 2741 108 25 evidence
179 2741 24 23 of
212 2740 39 24 the
262 2740 97 24 Natives
370 2738 86 25 shakes
469 2746 57 25 your
536 2738 73 24 belief
625 2738 24 23 in

57 2773 42 26 tfie
110 2776 116 25 fitnesses
237 2774 36 23 for
285 2773 39 24 the
339 2773 155 31 prosecution,
515 2771 44 24 and
576 2771 73 23 raises

61 2806 44 35 ijjy
116 2805 72 27 doubt
203 2808 25 23 in
248 2813 58 25 your
323 2806 82 30 minds,
426 2814 47 23 you
484 2804 47 25 will
546 2805 52 31 give
612 2804 37 26 the

54 2839 92 28 -oenefit
174 2839 23 26 of
223 2840 67 24 those
318 2839 81 25 doubts
422 2844 24 19 to
470 2839 38 24 the
536 2839 111 31 prisoner.

61 2871 56 32 But,
151 2873 139 32 gentlemen',
333 2880 43 24 yon
417 2877 65 20 must
523 2871 126 24 remember

61 2906 40 27 the
124 2905 66 26 oaths
217 2914 46 24 you
291 2906 57 25 have
372 2905 80 30 taken,
478 2906 65 24 these
567 2904 83 24 doubts

61 2945 63 21 tnust
143 2940 29 26 be
183 2940 96 24 rational
296 2940 46 25 and
357 2939 52 24 well
429 2938 108 25 fouuded.
581 2938 67 24 Your

61 2973 78 26 niinds
148 2978 64 20 must
221 2978 42 19 not
279 2973 30 24 be
320 2971 80 26 moved
417 2972 32 31 by
461 2980 45 24 any
518 2971 98 32 feelings
628 2971 24 24 of

61 3008 123 35 sympathy
194 3005 25 25 oir
240 3006 119 24 otherwise
368 3014 6 21 ;
396 3006 66 24 there
475 3006 19 23 is
515 3004 37 25 the
569 3004 47 25 fact
628 3004 24 25 of

61 3041 162 28 boncealment,
236 3039 49 25 and
290 3048 45 23 you
346 3039 47 25 will
403 3039 94 24 remark
509 3038 140 32 gentlemen,

57 3074 54 26 that
127 3074 111 33 although
258 3073 88 24 several
366 3072 91 25 articles
468 3080 40 17 are
525 3071 89 33 spoken
627 3077 22 19 to

59 3106 35 34 fly
104 3109 39 24 the
155 3105 105 32 Nitives,
273 3107 55 31 they
339 3106 27 24 do
384 3111 40 19 uot
435 3114 43 24 say
490 3113 44 24 any
546 3105 66 31 thing
624 3114 25 16 as

59 3138 25 29 ko
96 3142 38 26 the
147 3149 63 25 cape.
247 3140 52 24 The
311 3140 61 24 dress
390 3147 46 24 you
448 3144 63 20 must
523 3138 126 25 remember

59 3173 44 27 has
113 3180 41 19 not
165 3173 58 26 been
240 3173 78 30 found,
331 3174 39 23 but
390 3173 47 24 this
450 3180 55 25 cape
518 3171 72 25 which
602 3180 47 16 was

60 3206 122 28 bbncfealed
193 3209 30 30 by
235 3207 39 25 the
285 3208 111 32 prisoner,
408 3207 20 23 is
440 3206 122 33 positively
574 3213 74 17 sworn

58 3239 8 39 V
66 3239 17 39 6;
101 3243 31 31 by
141 3243 41 23 the
193 3240 150 33 prbsecutHs,
355 3241 39 24 the
412 3240 59 24 little
546 3239 101 29 Turner,

61 3277 45 24 and
123 3277 46 25 iaift
181 3276 24 24 of
220 3274 31 25 all
262 3274 31 33 by
305 3275 39 24 the
360 3272 195 26 mantua-maker.
592 3272 25 25 It
628 3274 19 23 is

61 3316 50 18 true
123 3310 51 23 that
184 3309 38 24 the
238 3308 93 25 learned
344 3306 101 27 Counsel
456 3308 37 23 for
502 3306 41 24 the
555 3306 92 24 defence

57 3341 46 26 fcas
115 3342 155 26 endeavoured
288 3347 24 19 to
330 3342 69 28 show,
413 3341 50 24 that
474 3341 64 24 there
554 3347 55 24 may
619 3340 28 24 be

58 3376 133 28 mote,stuff
197 3377 24 22 of
231 3375 39 24 the
282 3382 62 17 same
353 3375 56 24 kiud
419 3374 45 24 and
476 3378 90 28 pattern
574 3374 26 23 in
609 3373 38 24 the

62 3410 97 31 Colony,
181 3410 42 23 and
244 3410 46 23 this
311 3417 51 24 may
384 3413 40 19 not
448 3408 84 30 belong
552 3411 22 19 to
598 3406 50 25 that

61 3442 74 24 which
143 3449 45 18 was
198 3447 38 19 cut
243 3443 35 24 off
286 3442 38 24 the
332 3444 63 30 piece
403 3442 35 23 for
446 3438 39 27 the
494 3441 151 33 prosecutrix.

62 3476 136 24 Gentleman
211 3476 39 23 the
263 3477 103 30 prisoner
376 3477 21 22 is
409 3476 20 22 is
448 3483 58 23 your
518 3473 75 25 hands
603 3474 44 23 and

60 3516 47 22 yon
118 3509 45 23 will
176 3510 26 22 be
221 3509 92 31 pleaeed
325 3514 21 19 to
358 3509 106 24 consider
482 3515 57 25 your
550 3507 96 24 verdict*

96 3541 51 25 The
168 3542 55 31 Jury
235 3542 116 24 consulted
361 3551 13 15 a
385 3542 66 24 short
468 3543 56 23 time
536 3541 43 24 and
592 3540 55 25 then

59 3576 123 30 requested
201 3575 63 24 leave
283 3581 24 18 to
325 3577 75 23 retire.
443 3576 41 24 An
504 3575 77 24 officer
601 3582 46 16 was

62 3611 74 21 swotn
155 3617 26 14 as
196 3609 67 23 usual
284 3613 23 19 to
328 3610 57 31 keep
396 3610 64 24 them
473 3610 61 23 close
551 3607 96 25 Without

62 3646 68 24 meat,
144 3641 74 30 drink;
230 3641 50 30 fire,
292 3643 44 24 &c.
370 3643 69 24 After
461 3643 54 31 they
526 3641 45 24 had
588 3641 58 24 been

61 3679 42 25 put
113 3682 30 16 an
155 3674 55 23 hour
216 3675 79 27 jana\a,
300 3676 55 30 half,
365 3676 37 26 the
412 3676 75 32 Judge
499 3680 52 21 sent
561 3675 37 25 for
609 3675 38 24 the

62 3707 112 30 foreman,
186 3706 44 25 and
245 3707 49 25 told
429 3711 20 22 if
467 3709 64 26 there
543 3716 46 18 was
601 3716 44 24 any

62 3742 65 32 point
144 3746 61 27 upon
218 3739 78 28 -which
311 3740 55 32 they
383 3743 106 30 required
496 3758 3 4 •
508 3750 45 23 any
564 3742 82 24 assist-

61 3781 56 18 ance
139 3782 26 17 or
185 3773 152 33 explanation,
357 3774 28 25 he
403 3782 47 17 was
471 3775 68 31 ready
551 3780 22 19 to
593 3777 53 30 give

62 3808 63 27 them
137 3808 31 24 aH
180 3808 37 23 the
228 3806 54 32 help
290 3806 28 30 ,in
324 3805 41 31 ,hi«
375 3814 88 20 power*

97 3841 52 26 The
167 3841 56 31 Jury
228 3840 75 31 .again
303 3854 5 13 :
321 3839 93 30 retired,
424 3841 46 23 and
489 3840 57 25 after
557 3849 14 16 a
583 3841 64 25 short

62 3876 55 24 time
129 3875 55 32 they
194 3873 110 28 returned
318 3873 47 23 into
377 3873 81 24 Court.
495 3873 70 31 Upon
576 3875 70 31 being

61 3907 75 26 called
146 3914 54 20 over
217 3907 33 32 by
261 3906 39 26 the
316 3905 72 28 Clerk
400 3906 26 24 of
443 3905 40 25 the
503 3906 101 24 Court—
604 3907 43 25 -the

62 3942 103 26 foreman
176 3940 48 25 atfid
235 3940 55 31 they
301 3939 45 24 had
356 3939 84 31 agreed
451 3944 24 19 to
487 3939 57 29 their,
551 3940 95 25 verdict.

64 3973 80 33 ftrilty
155 3975 25 26 of
189 3973 83 32 selling
279 3973 41 24 the
329 3972 269 33 pocket-handkerchief,
607 3973 42 25 but

702 3907 60 27 .The
770 3912 77 27 troops
859 3907 24 23 in
895 3906 62 24 Cork
974 3913 40 17 are
1024 3913 51 17 now
1082 3905 111 33 supplied
1209 3906 54 25 with

676 3941 38 24 the
732 3948 52 17 war
797 3940 150 32 complement
965 3939 27 24 of
1018 3939 160 30 ammunition;,
1202 3940 61 30 sixty

677 3973 83 25 rounds
772 3981 40 22 per
823 3980 61 18 man.

583 50 99 48 Wty
707 51 118 43 Wfcto
851 51 71 42 a*
922 52 137 40 alattfi
1085 52 105 46 mm
1190 58 22 39 t
1213 53 62 40 &*
1298 53 92 39 ***&
1416 51 301 47 apettfoi#tai!
1741 49 257 49 $y*stat*ir*

1501 1528 169 24 POSTAGE.

675 139 54 31 they
739 139 40 24 did
789 144 40 20 not
835 140 50 29 find;
894 148 48 24 any,
950 140 108 25 evidence
1066 141 26 23 of
1102 141 39 23 the
1152 140 107 32 robbery.

709 172 48 25 His
769 172 82 24 Honor
863 173 48 24 said
912 185 33 5 —
945 172 55 32 they
1018 177 64 20 must
1098 181 42 23 say
1160 173 106 25 whether

676 205 37 24 the
725 207 104 31 prisoner
840 213 46 17 was
897 205 74 32 guilty
983 214 26 16 or
1025 210 41 20 not
1085 207 76 30 guilty
1182 205 25 25 of
1223 207 37 23 the

675 239 69 24 crime
754 238 37 25 for
804 238 75 25 which
897 239 29 23 he
943 246 47 17 was
1011 238 108 25 indicted.
1165 238 27 25 If
1207 239 53 32 they

675 271 70 25 found
765 271 51 30 thaf
832 271 39 25 the
889 273 104 30 prisoner
1011 271 45 25 had
1066 272 75 24 stolen
1152 271 54 32 only
1218 279 42 17 one

675 303 79 25 article
822 305 26 24 in
860 305 37 24 the
908 304 136 25 indictment
1054 306 18 23 it
1084 313 47 16 was
1152 305 91 31 enough
1251 314 7 20 ;

675 337 44 24 and
736 342 78 20 recent
831 339 130 30 possession
983 337 28 25 of
1035 345 15 17 a
1070 338 75 24 stolen
1172 339 87 28 article,

675 370 94 25 without
802 370 163 32 satisfactorily*
988 372 140 30 accounting
1155 370 37 25 for
1221 371 38 24 the

675 403 95 31 custody
779 404 25 23 of
818 404 26 29 it,
857 411 45 17 was
913 404 138 31 presumtive
1063 403 108 25 evidence
1190 411 26 17 as
1237 409 22 19 to

675 436 38 25 the
723 437 60 30 guilt
794 437 25 24 of
833 437 40 24 the
880 442 75 27 party.

708 469 48 25 Mr.
769 469 67 26 Boss
847 470 54 24 here
912 470 142 32 interrupted
1065 470 38 24 the
1114 470 83 31 Judge,
1216 470 43 24 and

675 503 82 24 said—
757 503 29 24 he
797 503 88 24 trusted
896 503 36 24 his
944 503 83 24 Honor
1038 503 74 24 would
1124 507 41 20 not
1179 507 46 28 put
1241 504 18 24 it

675 541 22 20 to
708 536 39 24 the
758 536 65 31 Jury,
835 536 49 24 that
902 541 79 19 recent
997 537 130 31 possession
1145 536 28 24 of
1186 536 73 24 stolen

674 569 92 24 articles
778 576 45 17 was
831 570 68 31 proof
916 570 23 23 of
955 570 68 30 guilt.

707 601 51 25 The
771 602 73 32 Judge
856 603 48 23 said
915 602 30 24 he
955 602 73 32 spoke
1039 602 26 24 of
1077 602 106 24 evidence
1195 603 63 31 only.

707 635 51 24 The
781 635 74 32 Judge
876 636 140 23 resumed—
1016 635 45 24 and
1083 636 113 24 informed
1221 637 38 24 the

673 668 68 31 Jury,
758 668 54 31 they
834 674 62 19 must
915 669 130 23 reconsider
1074 669 60 24 their
1162 668 96 26 verdict.

674 701 67 31 They
752 703 67 30 again
840 702 91 29 retired,
950 702 45 25 and
1014 703 58 23 after
1090 702 70 33 being
1180 703 79 24 absent

673 735 95 24 another
786 736 65 29 hour,
871 736 107 24 returned
1002 736 48 23 into
1072 736 73 24 Court
1168 736 55 24 with
1246 744 14 16 a

673 768 87 24 verdict
772 769 26 23 of
811 769 82 31 guilty.

707 801 71 32 Upon
789 802 38 24 the
840 802 71 24 Clerk
922 803 25 23 of
956 802 39 24 the
1003 802 82 29 Court,
1096 802 99 32 through
1207 802 51 25 Mr.

674 835 93 29 Clarke,
779 835 136 33 demanding
925 835 24 24 of
956 836 39 23 the
1001 837 106 30 prisoner
1115 836 51 32 why
1175 836 84 32 judge-

673 873 63 19 ment
747 869 82 24 should
841 874 40 20 not
891 869 29 24 be
931 870 82 31 passed
1025 877 61 24 upon
1098 870 47 24 him
1165 869 94 24 accord-

675 903 39 29 ing
724 906 22 19 to
757 902 50 29 law,

707 934 51 25 The
769 936 103 31 prisoner
887 936 74 23 stated
981 936 49 23 that
1049 936 38 23 the
1105 935 78 32 things
1202 943 59 16 were

674 972 39 20 not
735 968 44 24 the'
796 973 107 27 property
924 969 26 23 of
977 976 45 23 any
1045 968 67 24 white
1133 976 62 21 man,
1219 968 42 24 but

673 1000 111 31 belonged
796 1005 23 20 to
831 1001 37 24 his
885 1002 67 23 sister
963 1010 7 20 ;
993 1001 45 24 and
1058 1009 24 15 as
1102 1005 23 19 to
1148 1000 113 32 anything

674 1033 72 25 which
765 1033 65 25 could
849 1034 28 24 be
895 1033 58 25 done
972 1038 24 19 to
1013 1034 49 24 him
1080 1042 59 20 now,
1162 1033 29 25 be
1215 1042 46 16 was

675 1066 135 25 indifferent.
848 1066 39 25 He
898 1066 43 24 had
953 1067 58 23 been
1024 1066 113 32 degraded
1148 1067 31 31 by
1192 1067 70 32 being

673 1099 135 25 handcuffed
819 1099 46 25 and
876 1099 56 33 kept
943 1101 24 22 in
978 1100 60 31 gaol,
1051 1100 47 24 and
1109 1100 40 24 did
1159 1105 41 20 not
1209 1108 52 17 care

674 1134 34 25 for
719 1133 119 31 anything.

708 1166 50 24 The
769 1167 93 26 learned
873 1167 73 31 Judge
958 1166 51 24 said
1025 1166 29 24 he
1075 1167 111 32 perfectly
1206 1174 55 18 con-

674 1200 79 26 curred
776 1200 24 24 in
828 1200 40 25 the
895 1200 95 29 verdict,
1013 1200 46 25 and
1077 1200 123 25 sentenced
1223 1200 38 25 the

673 1233 104 32 prisoner
788 1237 23 21 to
832 1239 44 19 two
892 1233 93 25 months
1003 1234 183 31 imprisonment,
1207 1234 54 24 with

673 1266 57 25 bard
742 1266 80 25 labour
833 1267 26 24 in
870 1266 37 25 the
918 1267 53 31 gaol
983 1267 26 24 of
1023 1267 153 31 Wellington.

707 1299 59 25 This
778 1305 105 19 sentence
894 1308 46 16 was
951 1299 105 25 received
1064 1301 32 31 by
1105 1300 57 24 loud
1177 1301 82 24 hisses.

674 1333 51 25 The
736 1333 76 32 Judge
823 1334 101 24 directed
938 1333 41 25 the
997 1334 80 24 Usher
1098 1338 24 20 to
1142 1334 62 24 close
1224 1334 37 24 the

674 1367 55 24 door
750 1367 26 24 of
799 1367 39 24 the
860 1367 72 24 Court
950 1367 92 29 House,
1061 1367 44 24 and
1118 1367 94 24 ordered
1224 1367 37 25 the

675 1400 137 25 Constables
821 1405 23 20 to
856 1400 54 25 take
929 1400 49 25 into
998 1400 96 32 custody
1112 1409 46 23 any
1177 1408 84 24 person

675 1435 134 30 expressing
821 1433 72 25 either
904 1433 149 33 approbation
1065 1442 26 17 or
1112 1434 149 32 disapproba-

675 1468 56 23 tion.

711 1501 72 32 Upon
799 1501 95 32 hearing
910 1501 40 25 the
969 1505 115 25 sentence,
1103 1501 40 25 the
1159 1502 103 32 prisoner

674 1534 79 32 loudly
766 1534 141 32 complained
918 1535 27 24 of
953 1534 39 25 the
1011 1534 148 32 degradation
1178 1535 26 24 of
1217 1536 44 23 im-

674 1569 150 31 prisonment,
835 1569 44 24 and
890 1568 122 32 requested
1028 1573 61 20 most
1106 1569 115 30 earnestly
1239 1573 23 19 to

675 1602 28 23 be
721 1601 73 25 killed
814 1602 56 24 with
890 1609 13 17 a
924 1602 138 25 tomahawk.
1110 1602 52 24 The
1185 1603 77 24 native

675 1635 90 24 Perutu
781 1635 45 25 had
844 1640 52 20 sent
911 1644 14 15 a
943 1643 104 24 message
1067 1639 24 20 to
1101 1635 39 25 the
1152 1635 75 32 Judge
1240 1640 21 20 to

675 1668 45 25 this
731 1668 69 25 effect;
809 1673 24 20 at
844 1669 37 24 the
892 1669 46 24 last
949 1670 82 30 sitting
1042 1669 26 24 of
1082 1668 40 25 the
1136 1668 73 25 Court
1226 1670 35 24 for

675 1710 163 23 appearances.

708 1735 51 24 The
771 1736 52 24 trial
831 1735 74 25 lasted
917 1740 37 20 ten
966 1736 71 24 hours
1038 1748 33 5 —
1071 1736 44 23 and
1127 1735 38 25 the
1174 1736 87 33 Bishop

675 1769 115 25 remained
801 1769 25 23 in
838 1769 72 24 Court
923 1769 37 25 the
972 1769 73 24 whole
1056 1770 63 24 time.

709 1802 23 24 It
743 1810 45 16 was
800 1810 51 16 now
861 1802 71 25 found
941 1803 49 24 that
1001 1803 39 24 the
1051 1803 96 24 Natives
1160 1807 99 21 contem-

673 1835 77 33 plated
761 1844 14 16 a
785 1844 88 17 rescue.
909 1836 78 24 Those
1007 1836 51 24 who
1077 1837 44 23 had
1134 1837 127 24 assembled

675 1875 22 18 at
710 1869 90 29 Petoni,
812 1877 59 17 were
891 1870 139 24 understood
1052 1875 21 19 to
1094 1870 59 24 have
1165 1871 95 24 reached

675 1903 46 24 Kai
734 1903 82 24 Warra
836 1903 90 24 Warra.
963 1904 45 23 Dr.
1028 1903 80 24 Evans
1130 1903 55 25 rode
1195 1903 65 26 down

675 1942 22 19 to
710 1936 69 30 them,
791 1937 46 24 and
847 1937 91 24 advised
950 1937 62 24 them
1025 1941 23 20 to
1059 1938 75 28 retire,
1148 1938 42 23 but
1207 1938 54 31 they

675 1970 114 24 advanced
807 1975 23 18 to
851 1971 90 31 Pipitea
960 1970 60 24 Pah.
1058 1971 46 23 Mr.
1119 1971 86 24 Clarke
1218 1973 43 22 and
1269 1974 2 22 i

674 2002 44 25 Dr.
731 2002 140 32 Fitzgerald,
883 2003 38 24 the
941 2004 76 23 Maori
1034 2003 85 29 doctor,
1134 2004 58 23 tried
1204 2005 57 23 their

675 2036 119 30 influence,
807 2037 41 23 but
866 2037 52 30 they
931 2044 58 16 were
1009 2037 54 24 both
1082 2038 83 23 turned
1183 2042 39 19 out
1240 2038 24 23 of

675 2070 38 23 the
726 2070 58 24 Pah.
820 2070 24 24 A
856 2070 66 24 small
934 2070 59 31 body
1005 2070 26 24 of
1040 2071 38 23 the
1091 2071 100 31 military
1202 2079 60 15 were

675 2103 28 24 all
723 2103 44 31 day
788 2103 59 25 close
869 2105 23 22 in
910 2103 38 24 the
969 2102 188 33 neighbourhood
1176 2104 24 24 of
1225 2105 38 23 the

675 2136 80 30 Court,
770 2136 39 25 but
822 2141 39 20 out
873 2136 24 25 of
913 2137 61 31 sight
985 2146 5 20 ;
1011 2138 41 23 but
1064 2146 25 15 as
1101 2147 14 14 a
1126 2145 80 17 rescue
1217 2138 45 24 had

675 2171 56 23 been
744 2170 141 29 threatened,
897 2171 24 23 in
941 2178 54 16 case
1006 2171 38 23 the
1063 2172 104 30 prisoner
1179 2171 82 24 should

675 2204 28 24 be
723 2204 124 29 convicted,
861 2212 13 16 a
884 2204 127 31 sergeant's
1033 2205 72 30 guard
1125 2206 27 22 of
1167 2210 95 27 twenty-

675 2237 42 25 five
737 2246 53 16 men
809 2245 59 17 were
886 2237 107 25 marched
1013 2243 46 24 out,
1082 2239 44 23 and
1148 2239 22 24 E
1186 2239 77 24 Wahu

675 2271 78 32 placed
765 2271 101 24 between
878 2276 44 19 two
931 2271 135 30 constables,
1076 2277 41 18 not
1125 2272 138 24 handcuffed

674 2305 41 23 but
726 2304 142 24 surrounded
884 2305 31 31 by
927 2305 103 29 soldiers,
1043 2313 45 16 was
1107 2306 110 24 marched
1232 2306 35 23 off

675 2342 22 19 to
710 2338 38 24 the
759 2338 60 31 gaol.
856 2338 75 24 When
952 2338 39 24 the
1011 2339 94 23 Natives
1125 2340 23 23 in
1162 2340 38 23 the
1212 2339 51 25 Pah

675 2379 45 16 saw
732 2371 54 30 this,
798 2372 53 30 they
865 2371 91 24 allowed
976 2372 38 23 the
1033 2372 87 32 Bishop
1134 2377 22 20 to
1169 2373 94 24 address

675 2404 62 25 them
746 2414 7 20 ;
773 2405 64 24 there
848 2413 58 16 were
918 2405 70 24 about
1009 2406 63 24 three
1083 2406 114 24 hundred.
1233 2407 30 24 In

675 2439 39 24 the
737 2439 107 31 morning
863 2439 52 31 they
936 2439 57 24 fired
1014 2439 33 24 off
1068 2439 59 24 their
1151 2440 112 30 muskets,

677 2472 73 24 which
770 2472 54 31 they
842 2472 43 24 had
908 2472 55 32 kept
983 2472 80 24 loaded
1082 2473 29 23 all
1134 2474 73 31 night,
1219 2474 45 24 and

676 2506 63 31 quiet
750 2513 74 16 seems
836 2506 109 24 restored.

708 2539 94 31 During
810 2539 38 24 the
866 2539 59 30 trial,
938 2539 48 25 Mr.
1002 2539 73 25 Roots
1096 2541 123 32 attempted
1241 2544 22 21 to

675 2572 92 25 address
779 2573 39 24 the
837 2573 87 30 Bench,
936 2573 44 24 and
1001 2574 74 23 stated
1095 2573 29 24 he
1145 2573 45 25 had
1209 2582 55 17 seen

676 2606 48 24 Mr.
746 2606 94 30 Clarke,
851 2606 103 25 followed
972 2607 33 32 by
1016 2615 14 16 a
1052 2607 84 29 Maori,
1148 2608 82 31 taking
1248 2616 15 16 a

675 2640 84 24 bundle
772 2641 25 24 of
811 2641 77 31 things
900 2645 39 20 out
950 2641 27 24 of
992 2640 39 25 the
1044 2640 59 25 Pah.

709 2674 44 24 We
765 2675 54 23 hear
831 2674 49 24 that
898 2674 109 25 Moturoa
1025 2674 45 24 and
1089 2674 38 24 his
1139 2675 51 23 wife
1202 2680 61 20 went

676 2716 38 23 up,
727 2708 125 29 uninvited,
865 2707 45 25 and
920 2708 68 24 dined
1009 2707 54 24 with
1084 2707 39 24 the
1143 2708 76 32 Judge
1232 2717 32 16 on

678 2742 129 24 Christmas
819 2742 62 31 Day.

711 2775 51 23 The
781 2780 78 27 report
875 2775 26 24 of
916 2775 37 23 the
975 2776 93 30 sittings
1088 2775 26 24 of
1131 2775 73 25 Court
1219 2775 45 25 will

677 2808 28 23 be
714 2808 123 23 continued
845 2809 24 22 in
881 2816 42 15 our
934 2812 58 19 next
1000 2809 104 22 number.

745 2881 78 24 NEW
847 2881 165 24 ZEALAND
1037 2881 157 24 SOCIETY.

1317 1582 35 23 To
1367 1583 164 25 Subscribers,
1548 1589 79 15 other
1642 1582 147 22 Newspaper
1809 1580 74 21 Esta-

1291 1616 155 21 blishments,
1458 1617 46 15 and
1519 1610 162 21 Commanders
1698 1616 28 14 of
1742 1608 111 22 Vessels.
1856 1618 28 4 —

1291 1637 29 22 In
1329 1644 44 17 our.
1380 1644 69 21 paper
1459 1637 26 21 of
1496 1635 134 28 September
1644 1637 36 24 30,
1691 1643 33 15 we
1734 1633 101 24 insetted
1846 1633 36 23 the

1291 1663 66 23 latest
1366 1664 140 26 regulations
1515 1663 70 22 about
1594 1663 104 26 Postage.
1727 1662 45 23 For
1781 1661 39 23 the
1830 1668 53 15 con-

1291 1691 108 22 venience
1416 1691 27 22 of
1461 1698 40 14 our
1518 1689 132 24 mercantile
1667 1689 93 26 friends,
1776 1696 33 15 we
1825 1687 57 23 have

1291 1718 88 27 printed
1390 1717 63 23 them
1467 1724 62 20 upon
1544 1724 13 14 a
1573 1716 53 22 half
1637 1717 64 21 sheet
1714 1717 27 21 of
1752 1722 76 26 paper,
1839 1715 44 22 and

1290 1745 53 28 they
1350 1752 42 15 can
1401 1752 53 15 now
1462 1745 28 22 be
1500 1743 160 27 conveniently
1665 1743 78 28 posted
1752 1743 24 22 in
1783 1749 30 16 an
1819 1741 63 23 office

1291 1772 35 22 for
1334 1772 92 26 general
1435 1771 124 23 reference.

1319 1799 41 22 We
1371 1802 85 19 cannot
1466 1798 114 22 ourselves
1589 1797 79 28 gather
1679 1797 57 23 from
1747 1797 39 22 the
1795 1796 87 26 regula-

1291 1825 59 23 tions
1360 1826 37 21 the
1407 1830 93 24 postage
1512 1825 133 27 chargeable
1656 1832 61 21 upon
1735 1823 99 23 colonial
1844 1830 39 21 pa-

1290 1861 50 24 pers
1350 1853 78 27 posted
1446 1856 24 19 at
1486 1852 147 27 Wellington,
1645 1852 41 22 but
1702 1859 32 15 we
1749 1851 60 22 have
1825 1851 57 21 been

1290 1880 114 23 informed
1413 1880 50 22 that
1472 1879 38 22 the
1520 1886 50 15 sum
1582 1879 133 27 chargeable
1724 1879 20 21 is
1755 1886 44 15 one
1807 1884 75 21 penny

1291 1915 38 19 per
1339 1914 75 21 paper.
1444 1907 55 22 This
1507 1907 20 21 is
1536 1914 14 13 a
1559 1906 76 27 heavy
1644 1909 46 24 tax,
1701 1905 46 23 and
1757 1905 83 22 indeed
1849 1912 33 15 we

1291 1939 89 23 suspect
1388 1935 38 21 the
1436 1934 137 27 regulations
1584 1933 46 22 will
1643 1933 29 22 be
1687 1933 71 22 found
1766 1932 116 29 generally

1291 1964 22 19 to
1323 1962 56 21 bear
1389 1962 100 26 severely
1500 1967 60 21 upon
1571 1961 40 20 the
1622 1959 113 23 colonists.

1319 1988 49 22 One
1378 1995 75 21 penny
1469 1987 55 22 each
1541 1987 45 22 will
1602 1990 92 19 amount
1710 1990 23 18 to
1750 1985 63 28 eight
1829 1984 53 23 shil-

1291 2015 57 27 lings
1358 2014 44 22 and
1413 2014 62 28 eight
1482 2021 70 21 pence
1569 2021 42 20 per
1626 2020 84 15 annum
1721 2020 61 20 upon
1794 2019 40 15 our
1842 2019 39 20 pa-

1291 2050 46 20 per.
1366 2042 54 22 This
1430 2049 50 15 sum
1495 2049 33 14 we
1543 2041 59 22 shall
1618 2041 27 21 be
1660 2041 89 26 obliged
1766 2044 23 17 to
1800 2039 81 27 charge

1291 2068 114 29 quarterly
1414 2069 25 21 in
1456 2068 99 22 advance
1571 2068 36 21 for
1615 2075 79 20 papers
1710 2067 96 22 ordered
1820 2069 24 19 to
1853 2067 28 22 be

1291 2100 49 18 sent
1349 2100 39 18 out
1397 2096 25 22 of
1429 2096 39 21 the
1477 2095 87 27 colony,
1571 2094 32 28 by
1610 2102 92 20 persons
1710 2094 101 22 resident
1819 2093 61 22 here.

1292 2124 63 21 More
1366 2123 54 22 than
1437 2130 42 14 one
1495 2129 54 20 year
1562 2122 65 21 since
1637 2129 33 14 we
1685 2120 135 23 announced
1834 2120 48 22 that

1291 2158 33 15 we
1333 2150 75 23 would
1417 2154 41 18 not
1468 2149 78 28 supply
1558 2156 79 20 papers
1654 2152 23 18 to
1691 2148 83 28 parties
1784 2147 98 28 residing

1292 2181 39 19 out
1348 2178 26 21 of
1385 2177 38 22 the
1439 2176 86 27 colony,
1536 2176 78 21 unless
1630 2176 55 22 such
1700 2175 137 23 subscribers
1847 2181 35 14 ar-

1291 2204 87 28 ranged
1386 2204 35 22 for
1436 2204 38 22 the
1489 2206 109 25 payment
1612 2202 35 23 for
1660 2202 62 23 them
1738 2201 97 27 through
1852 2208 29 15 an

1291 2235 68 24 agent
1367 2232 61 22 here.
1459 2230 60 28 Only
1528 2234 43 18 two
1581 2230 87 27 foreign
1678 2230 137 22 subscribers
1825 2228 57 22 have

1292 2258 112 23 attended'
1407 2262 24 19 to
1442 2258 44 22 this
1496 2257 82 27 notice,
1591 2257 46 22 and
1647 2257 37 22 the
1698 2257 75 26 heavy
1783 2262 99 20 expence

1291 2286 27 22 of
1327 2289 93 25 postage
1430 2289 24 18 to
1463 2284 73 23 which
1546 2291 34 15 we
1595 2284 58 22 shall
1661 2284 29 22 be
1701 2284 99 27 subject/
1806 2282 76 22 makes

1291 2314 19 21 it
1319 2313 127 27 absolutely
1456 2318 118 21 necessary
1583 2311 38 22 for
1630 2319 26 14 us
1664 2318 49 15 now
1728 2314 24 19 to
1767 2317 65 19 carry
1843 2317 40 14 our

1291 2340 75 22 notice
1374 2340 47 22 into
1432 2340 72 22 effect.
1525 2338 28 23 In
1563 2338 76 23 future
1647 2338 91 27 English
1745 2337 137 22 subscribers

1292 2368 50 22 who
1359 2367 58 22 have
1433 2369 41 20 not
1487 2366 54 28 paid
1551 2366 60 22 their
1627 2365 160 27 subscriptions
1805 2364 23 21 in
1846 2371 36 14 ac-

1292 2394 110 23 cordance
1428 2394 54 22 with
1505 2400 40 15 our
1562 2393 84 27 notice,
1667 2392 45 22 and
1735 2391 52 23 who
1811 2390 71 23 desire

1292 2425 23 19 to
1343 2422 59 22 have
1426 2428 43 14 our
1493 2422 87 19 Gazette
1604 2422 60 19 must
1693 2419 66 28 apply
1788 2421 24 19 to
1844 2425 39 14 our

1292 2448 98 23 London
1413 2448 84 27 Agent,
1523 2448 44 22 Mr.
1594 2446 95 27 Bowler,
1719 2450 24 18 at
1766 2445 38 22 the
1828 2444 55 23 New

1292 2475 102 23 Zealand
1411 2475 135 28 Company's
1564 2474 80 26 Office,
1656 2472 103 28 London,
1776 2477 23 18 to
1809 2471 73 23 whom

1292 2510 33 15 we
1340 2502 58 22 have
1415 2502 60 22 been
1484 2501 138 27 forwarding
1637 2501 35 21 for
1686 2507 62 15 some
1765 2500 53 21 time
1834 2502 50 23 past

1292 2529 45 23 and
1346 2532 23 19 to
1379 2529 73 22 whom
1460 2536 33 15 we
1503 2528 57 22 shall
1577 2528 105 22 continue
1693 2531 22 18 to
1726 2525 97 24 forward
1834 2525 50 28 fifty

1292 2557 75 31 copies
1385 2556 26 22 of
1430 2556 40 21 the
1491 2557 94 20 Gazette.
1624 2555 48 22 The
1691 2554 54 27 only
1764 2554 119 21 difference

1294 2583 44 23 will
1346 2584 30 21 be
1386 2582 51 27 this,
1447 2583 51 22 that
1505 2582 128 22 heretofore
1643 2589 32 14 we
1691 2581 59 22 have
1762 2583 51 19 sent
1823 2579 59 24 them

1293 2611 97 27 through
1400 2609 39 23 the
1449 2613 56 24 post,
1517 2609 45 23 and
1576 2616 53 15 now
1640 2616 32 14 we
1689 2611 59 19 must
1758 2606 55 23 send
1822 2606 60 22 them

1292 2639 30 27 by
1331 2639 86 28 private
1427 2637 150 27 opportunity,
1586 2644 25 14 as
1620 2636 18 22 it
1647 2643 53 19 may
1707 2635 62 26 offer,
1778 2634 26 22 of
1813 2633 70 22 which

1293 2667 38 21 the
1341 2665 94 27 Postage
1447 2663 148 28 Regulations
1604 2662 82 28 permit
1694 2670 6 19 ;
1710 2662 54 26 they
1774 2659 45 24 will
1830 2667 53 15 con-

1293 2691 118 29 sequently
1421 2694 40 19 not
1470 2691 28 22 be
1508 2687 108 26 obtained
1625 2696 24 16 so
1658 2688 136 28 frequently.

1321 2721 34 21 As
1361 2726 33 14 we
1404 2717 59 23 shall
1472 2717 57 23 have
1538 2721 22 18 to
1569 2724 47 21 pay
1623 2720 92 24 postage
1726 2723 29 15 on
1766 2716 30 21 all
1806 2721 78 22 papers

1294 2753 32 16 we
1343 2745 56 23 send
1414 2749 25 18 to
1454 2752 25 15 or
1492 2745 88 22 receive
1595 2743 58 23 from
1674 2743 38 23 the
1727 2742 108 26 colonies,
1852 2749 32 14 we

1294 2776 60 21 must
1363 2772 90 23 decline
1463 2771 38 23 the
1510 2775 90 24 greater
1615 2773 50 26 part
1679 2770 26 22 of
1716 2778 42 14 our
1767 2768 117 28 exchange

1294 2808 85 21 papers,
1390 2807 26 15 as
1425 2799 39 22 the
1474 2803 39 18 tax
1522 2798 76 23 would
1607 2797 40 23 fall
1656 2804 54 21 very
1717 2797 101 27 severely
1824 2803 60 20 upon

1294 2836 42 15 our
1350 2827 66 23 small
1434 2825 177 24 establishment.
1648 2824 75 22 Those
1743 2823 50 23 who
1813 2829 70 20 cease,

1294 2855 58 22 after
1361 2854 44 22 this
1414 2857 23 19 to
1446 2853 87 23 receive
1543 2859 42 16 our
1589 2859 76 22 paper,
1672 2851 46 22 will
1726 2851 76 28 please
1811 2849 74 22 there-

1294 2883 47 22 fore
1350 2884 24 20 to
1384 2880 140 23 understand
1533 2887 42 15 our
1584 2886 80 16 reason
1674 2885 25 15 as
1708 2885 51 15 now
1768 2878 76 27 given.

1322 2913 41 23 We
1378 2914 57 22 have
1451 2913 56 22 been
1524 2912 24 23 in
1567 2912 40 22 the
1625 2911 64 22 habit
1703 2910 25 23 of
1747 2910 79 28 giving
1846 2916 40 15 our

1293 2949 69 21 paper
1376 2944 22 19 to
1417 2940 39 22 the
1470 2943 94 19 masters
1581 2939 27 22 of
1620 2938 29 23 all
1665 2938 61 28 ships
1740 2938 24 21 in
1778 2936 105 23 harbour.

1293 2968 55 23 This
1357 2968 41 22 has
1407 2968 59 22 been
1475 2975 14 14 a
1498 2966 92 23 heavier
1607 2969 39 19 tax
1661 2965 54 22 than
1731 2971 69 21 many
1811 2963 74 22 would

1294 3003 102 21 suppose,
1407 2994 47 23 and
1463 2994 38 22 the
1511 2997 39 19 tax
1557 2994 43 22 has
1610 2994 58 21 been
1686 2992 37 22 the
1733 2999 61 15 more
1811 2990 41 22 felt
1861 2998 25 13 as

1293 3023 38 22 the
1341 3025 94 19 masters
1453 3022 25 22 of
1488 3021 62 28 ships
1566 3021 59 22 have
1640 3019 73 27 rarely
1723 3017 127 26 forwarded
1859 3025 27 14 us

1292 3054 81 24 paper*
1381 3050 23 21 in
1414 3053 86 23 return,
1512 3055 24 15 or
1546 3047 100 23 afforded
1660 3054 27 15 us
1701 3044 145 24 information
1863 3044 24 22 of

1294 3084 45 21 any
1348 3076 144 28 description.
1520 3076 33 22 To
1562 3074 58 23 such
1630 3073 157 24 commanders
1797 3079 24 16 as
1830 3071 56 23 send

1293 3112 27 14 us
1327 3111 89 23 papers,
1426 3111 27 14 or
1461 3103 82 22 render
1557 3110 28 14 us
1601 3102 73 22 useful
1689 3099 153 27 information,
1853 3106 32 15 we

1292 3130 59 24 shall
1351 3138 2 4 1
1360 3133 28 20 be
1397 3130 76 28 happy
1482 3130 45 22 still
1536 3133 22 19 to
1568 3130 53 27 give
1632 3128 37 23 the
1681 3129 101 25 Gazette;
1797 3126 42 23 but
1847 3126 38 21 the

1293 3159 74 26 heavy
1378 3163 95 22 expense
1482 3157 26 22 of
1515 3160 92 25 postage
1612 3159 23 19 to
1641 3156 74 22 which
1725 3162 34 15 we
1768 3152 59 25 shall
1836 3159 50 16 now

1293 3186 29 22 be
1331 3185 106 28 exposedi
1449 3184 77 23 makes
1534 3185 18 21 it
1560 3189 120 21 necessary
1690 3182 35 22 for
1771 3185 23 19 to
1804 3186 82 17 econo-

1292 3213 57 23 mise
1360 3212 30 23 all
1404 3211 39 23 the
1459 3218 76 16 means
1549 3211 24 22 in
1589 3218 42 14 our
1645 3217 81 24 power.
1755 3209 42 22 We
1813 3207 73 27 there-

1292 3240 48 22 fore
1356 3246 118 16 announce
1489 3238 51 23 that
1553 3236 173 24 henceforward
1740 3236 45 22 this
1800 3236 86 22 custom

1292 3266 141 22 terminates.
1461 3267 4 10 '

1294 3334 219 26 WHOLESALE
1542 3333 128 25 PRICES
1704 3329 174 27 CURRENT.

1289 139 124 25 Country
1426 137 127 23 Sections
1571 138 49 22 for
1638 135 61 25 Sate
1722 144 37 16 on
1777 137 101 23 Xiibera

1491 169 6 8 *
1533 160 104 26 iVxms.

1290 189 166 52 SEVERAL
1489 190 103 23 Sections
1620 189 26 24 of
1676 192 102 27 Country
1806 189 72 28 Land,

1353 216 93 29 already
1455 217 82 23 chosen
1545 217 26 23 in
1580 217 42 23 the
1633 217 94 23 Porirua
1741 217 97 26 diitriot,-
1846 216 35 22 for

1289 243 58 27 Sale,
1358 251 75 15 terms
1443 251 105 15 liberal.
1578 244 77 29 Apply
1664 249 26 17 to

1385 275 24 22 F.
1423 275 31 22 A.
1468 276 172 27 Moleiworth,
1657 276 188 28 Murphy-street,
1855 282 26 14 or

1316 318 6 8 ■-
1385 306 34 23 W.
1434 307 32 23 V.-
1478 308 111 27 Brewer*
1597 308 197 22 Manners-stfeet.

1516 358 53 22 For
1584 359 71 25 Sale,

1290 386 92 28 fihHE
1397 386 145 29 dOTTAGE
1557 393 97 22 situated
1663 394 24 21 in
1705 393 101 23 Oriental
1823 392 57 28 Bay,

1296 416 30 26 JL
1364 418 47 23 arid
1423 419 70 28 lately
1501 419 109 28 occupied
1625 420 30 26 by
1664 421 39 21 the
1720 419 159 27 undersigned.

1287 445 24 23 A
1325 445 54 28 long
1396 445 62 23 le^ase
1475 445 26 23 of
1517 445 38 22 the
1569 447 86 21 section
1671 454 58 20 upon
1750 446 73 23 which
1843 445 38 22 the

1289 471 69 23 house
1367 472 77 22 stands
1454 473 44 21 will
1507 473 28 22 be
1543 473 106 27 granted.

1315 499 70 24 Town
1393 498 57 23 land
1459 499 44 22 will
1512 500 28 22 be
1548 499 70 23 taken
1627 500 25 22 in
1661 499 124 28 exchange.

1317 524 43 24 For
1368 525 86 23 further
1461 525 138 29 particulars,
1611 527 67 27 apply
1687 529 23 19 to

1611 560 98 23 George
1724 560 90 26 Duppa,
1830 567 24 14 or

1611 586 36 22 W.
1663 586 30 23 V.
1708 585 105 24 Brewer

1290 626 91 53 THE
1404 631 80 20 Nelson
1506 631 120 21 Examiner
1648 631 43 20 and
1712 631 54 20 New
1788 630 95 21 Zealand

1362 656 113 22 Chronicle
1490 657 129 30 (published
1628 661 23 18 at
1660 657 103 28 Nelson,)
1778 657 21 22 is
1816 663 66 21 regu-

1287 683 58 28 larly
1364 685 141 21 transmitted
1520 688 23 18 to
1559 684 148 27 Wellington,
1726 684 47 22 and
1787 690 53 20 may
1853 684 28 20 be

1287 710 45 22 had
1342 713 24 19 at
1374 710 39 23 the
1423 711 64 22 office
1496 711 27 21 of
1533 711 45 21 this
1586 718 77 25 paper.

1315 737 50 23 The
1373 739 80 20 Nelson
1461 739 117 21 Examiner
1594 738 46 22 will
1648 738 28 22 be
1686 737 71 23 found
1767 744 29 15 an
1807 736 75 23 excel-

1288 764 48 22 lent
1344 765 101 23 medium
1455 765 35 22 for
1500 765 140 22 advertisers.

1314 797 79 22 Terms
1402 797 37 22 for
1447 797 37 22 the
1494 804 75 21 paper,
1580 800 38 19 ten
1627 795 101 29 shillings
1743 804 39 20 per
1792 798 90 26 quarter

1287 824 95 28 payable
1390 824 26 22 in
1425 824 109 22 advance.

1316 856 83 22 Orders'
1421 856 35 22 for
1475 856 38 22 the
1535 863 70 21 paper
1627 855 45 23 and
1695 855 187 23 advertisements

1288 882 104 22 received
1401 885 23 19 at
1434 883 38 22 the
1482 882 71 23 Office
1564 883 28 22 of
1604 883 43 22 this
1656 889 78 21 paper.

1452 926 77 23 Meat
1562 928 153 26 Company.

1520 957 144 26 CHEESE.'

1291 983 92 27 rtiHE
1398 986 91 24 MEAT
1508 987 157 23 COMPANY
1685 991 92 23 expects
1797 986 85 27 ihortly

1297 1009 29 28 -L
1365 1017 24 19 to
1398 1014 88 22 receive
1495 1014 90 27 regular
1590 1014 98 28 supplies
1694 1014 26 22 of
1727 1014 87 23 Cheese
1825 1012 56 23 from

1290 1041 37 22 the
1339 1041 143 29 Cowpasture
1492 1042 45 21 and
1546 1041 122 22 Terawitte
1674 1041 99 22 Dairieß.

1563 1074 37 23 W.
1616 1075 103 27 Flyger,
1734 1075 119 26 Manager.

1318 1101 133 28 September
1458 1103 35 26 29,
1505 1103 61 21 1843.

1464 1148 77 21 Meat
1555 1148 152 27 Company.

1289 1181 188 52 WANTED,
1493 1190 13 14 a
1514 1182 72 22 vessel
1597 1183 26 21 of
1635 1183 69 21 about
1713 1184 29 20 30
1751 1185 58 22 tons,
1821 1183 23 19 to
1854 1180 28 22 be

1386 1209 56 27 kept
1458 1209 128 28 constantly
1602 1209 118 28 employed
1734 1209 24 21 in
1776 1207 106 28 bringing

1289 1237 57 27 pigs,
1357 1241 24 18 at
1390 1244 14 15 a
1413 1237 62 22 fixed
1483 1237 60 26 price
1553 1244 41 21 per
1604 1237 83 28 pound,
1694 1236 59 22 from
1764 1235 38 22 the
1813 1239 67 22 coast,

1289 1265 35 21 for
1333 1263 46 23 this
1389 1263 178 23 establishment.
1890 1259 2 32 |

1562 1296 40 22 W.
1617 1296 103 26 Flyger,
1734 1296 119 26 Manager.

1318 1324 131 28 September
1458 1326 34 24 29,
1505 1323 61 23 1843.

1292 1370 177 24 /CHARTER
1477 1369 177 26 PAPvTIES.for
1663 1368 45 23 sale
1720 1373 67 17 attne
1796 1367 87 21 Gazette

1292 1400 42 20 \S
1349 1397 79 22 Office.
1890 1397 2 22 I

1291 1440 128 50 PLANS
1443 1440 27 21 of
1490 1439 37 22 the
1550 1440 72 22 Town
1641 1439 27 22 of
1685 1439 169 22 Wellington.

1364 1466 57 23 Plan
1443 1466 27 22 of
1477 1466 37 23 the
1526 1466 109 23 Harbour
1644 1466 25 22 of
1684 1466 55 21 Port
1755 1464 127 23 Nicholson
