3444 4439
363 417 3001 38 THE

363 455 1200 46 OXFORD
1763 455 1601 46 OBSERVER

363 501 1501 46 CIRCULATING
2000 501 1364 46 THROUGHOUT

363 547 938 46 NORTH
1488 547 1876 46 CANTERBURY

1688 662 223 32 Established
1950 666 37 28 IS
1991 666 38 29 B9

79 850 141 30 Volumn
250 846 56 32 IX.
349 844 100 32 NEW
475 842 153 35 SERIES,.

1196 835 108 31 EAST
1349 835 184 36 OXFORD,
1578 836 246 39 SATURDAY,
1867 838 240 33 NOVEMBER
2151 844 48 29 20.
2245 845 89 31 1897.

2967 855 141 32 Price—
3110 856 86 32 ONE
3218 856 152 32 PENNY.

2511 987 209 65 JOHN
2779 995 83 76 JH.
2928 995 296 68 600KE,

2511 1085 116 47 THE
2662 1089 272 51 PEQPLI'g
2964 1095 268 56 CHIHIST,

2422 1182 137 44 178]
2602 1185 231 37 Cashel
2880 1189 231 46 Street,
3179 1194 132 33 ISO.

2832 1262 51 31 the
2897 1264 39 31 A.
2960 1264 43 39 I.)
3344 1281 4 3 ■

2466 1327 631 51 OHRISTOHUR
3113 1338 143 42 OS.

2398 1496 103 29 Allow
2523 1508 49 19 me
2594 1503 33 25 to
2650 1500 115 30 submit
2786 1504 33 26 to
2834 1512 79 27 your
2928 1505 225 30 consideration
3170 1507 52 29 the
3237 1507 162 39 following

2314 1543 203 42 Specialities,
2542 1548 42 30 all
2606 1549 33 30 of
2660 1550 103 30 which
2784 1551 95 41 being
2902 1564 51 29 ray
2968 1565 68 19 own
3053 1558 241 39 compounding,
3309 1559 16 29 I
3342 1568 56 20 can

2315 1598 192 41 confidently
2530 1603 203 35 recommend,
2755 1603 118 41 having
2887 1608 208 39 successfully
3127 1611 75 28 used
3233 1610 85 29 them
3350 1611 46 29 for

2314 1659 84 21 some
2420 1662 70 28 yeai
2488 1662 7 7 i
2497 1662 13 19 s
2522 1664 8 17 :
2533 1670 41 4 —

2450 1708 13 19 I
2478 1715 35 14 am
2528 1710 146 27 exceedingly
2688 1712 125 21 successful
2826 1713 26 20 id
2867 1720 39 20 my
2914 1715 110 20 remedies
3034 1715 35 21 for
3086 1716 64 21 these
3161 1718 141 25 complaints,
3316 1719 86 21 haTe*

2424 1747 64 24 lar^e
2498 1748 96 20 number
2608 1749 25 19 of
2646 1750 159 21 testimonials.

2319 1790 86 28 NEW
2423 1792 152 28 REMEDY
2594 1794 72 27 FOR
2684 1794 105 28 LIVER
2800 1796 238 29 COMPLAINTS
3048 1799 58 28 t§&
3118 1801 234 29 INDIGESTION
3352 1803 49 26 I:--

2453 1830 56 21 This
2519 1832 41 20 has
2571 1832 58 21 been
2638 1834 52 19 well
2698 1834 77 21 tested
2784 1836 46 19 and
2839 1837 86 25 proved
2935 1837 81 27 highly
3026 1839 152 28 satisfactory.

2316 1874 169 29 GOLDEN
2507 1877 126 29 GROSS
2656 1881 238 28 NEURALGIA
2912 1885 183 28 MIXTURE
3110 1895 26 17 :-

2427 1921 36 26 By
2473 1922 73 21 which
2560 1923 40 22 the
2610 1925 54 26 pain
2674 1926 20 20 is
2704 1927 75 24 cured,
2791 1935 50 14 ease
2852 1929 113 24 obtained,
2981 1931 31 25 by
3021 1938 14 13 a
3044 1931 44 21 few
3098 1932 70 20 doses.

2315 1968 171 28 Bronchitis
2499 1972 60 24 and
2570 1972 129 25 Asthma
2711 1983 4 16 :
2718 1989 33 3 —

2428 2014 112 22 Relieved
2556 2017 46 20 and
2616 2017 91 26 rapidly
2722 2019 71 20 cured
2805 2019 32 26 by
2850 2026 38 20 my
2903 2020 87 21 Acacia
3004 2027 111 15 mixture.
3355 2024 7 4 '
3360 2038 2 7 :

2316 2057 223 27 CHILDREN'S
2556 2060 203 29 WHOOPING
2775 2064 131 27 COUGH
2913 2077 28 3 —

2304 2114 3 4 .
2427 2097 126 21 FoiMvhich
2572 2097 15 20 I-
2593 2098 59 21 have
2666 2100 40 20 the
2720 2100 52 21 best
2785 2102 99 21 mixture
2897 2102 25 21 m
2937 2103 169 27 Chrisfcchurch,
3120 2105 62 27 gives
3193 2106 84 27 speedy
3290 2107 80 22 relief/

2318 2145 290 30 DIARRHCEA-AND
2636 2151 226 28 DYSENTERY
2917 2154 28 26 m
2965 2156 116 36 Infants
3099 2158 57 26 and
3173 2159 145 28 Adults-

2379 2210 2 2 .
2391 2202 16 11 ;■•
2450 2186 12 20 I
2476 2192 43 15 can
2533 2187 53 28 give
2600 2195 14 13 a
2629 2188 47 20 safe
2690 2189 47 20 and
2750 2191 84 26 speedy
2848 2199 53 14 cure
2915 2194 38 25 by^
2961 2201 15 14 a
2990 2194 44 21 few
3048 2195 72 21 doses.

2316 2230 77 25 Sore
2412 2232 100 26 Heads
2529 2235 25 24 &
2573 2236 106 31 Legs—
3023 2251 5 3 .
3128 2234 6 4 '
3373 2253 3 3 .

2424 2269 74 21 Cured
2509 2271 31 27 by
2549 2278 30 14 an
2589 2274 119 25 agreeable
2718 2275 46 20 and
2773 2276 105 26 pleasant
2892 2279 146 26 application,
3053 2281 48 22 also
3111 2283 97 22 relieves
3217 2292 63 20 pam,

2318 2316 154 29 Influenza
2480 2332 27 3 —

2424 2357 73 21 Cured
2506 2358 35 20 for
2551 2361 29 19 2s.
2596 2361 36 20 Gd.
2643 2361 123 22 Hundreds
2780 2370 43 15 can
2836 2365 82 27 testify
2933 2366 24 20 to
2980 2368 41 21 the
3032 2370 58 25 good
3102 2371 91 27 quality
3202 2373 25 20 of
3235 2373 48 21 this

2316 2408 189 32 Superlative
2530 2412 130 27 Mixture
2672 2414 47 27 for
2736 2416 59 27 Bad
2808 2417 126 34 Coughs
2944 2432 28 4 —

2426 2448 84 28 Brings
2525 2456 64 22 away
2603 2452 100 27 phlegm,
2719 2454 73 27 allays
2805 2456 134 27 irritations,
2954 2459 46 20 and
3017 2457 101 31 quickly'
3126 2469 72 16 cures.

2318 2491 116 27 Eureka
2444 2505 28 4 —

2426 2532 20 18 A
2460 2538 52 13 sure
2527 2539 53 14 cure
2594 2535 36 19 for
2643 2535 33 19 all
2689 2536 68 20 kinds
2772 2537 24 20 of
2809 2538 52 20 skin
2874 2538 136 23 irritation.-

2316 2573 183 25 CHIIiDHEX'S
2514 2579 148 22 TASTLESS
2677 2580 157 22 TEETHING
2850 2582 143 23 POWDERS
2998 2598 29 3 —

2426 2629 48 21 The
2492 2630 55 20 best,
2558 2631 24 20 m
2597 2632 150 27 Canterbury,
2761 2639 14 14 a
2789 2634 55 21 trial
2857 2635 47 20 will
2923 2633 78 29 prove'
3007 2632 26 25 it!
3053 2638 82 27 highly
3151 2641 171 21 recommended
3335 2636 42 33 by'

2464 2668 97 21 medical
2576 2676 60 14 men.

2444 2739 614 40 CONSULTATIONS
3078 2747 204 35 FREE,

2332 2810 288 29 PRESCRIPTIONS
2635 2814 214 27 CAREFULLY
2865 2819 76 24 AND
2961 2820 211 26 CORRECTLY
3181 2823 214 26 DISPENSED-

2612 2982 125 45 Just
2768 2983 321 47 Purchased

2317 3076 29 29 a
2369 3074 267 34 wholesale
2661 3078 389 35 wakehousemans
3073 3084 161 30 entire
3260 3085 138 34 stock

2503 3137 210 36 ,-'"'■
2815 3147 40 22 OF

2321 3198 331 88 Black:
2676 3202 82 81 &.
2800 3202 296 117 Navy
3141 3203 257 91 Blue

2298 3377 3 3 .
2350 3356 4 39 ;
2537 3352 175 31 DOUBLE
2743 3353 147 32 WIDTH
2912 3356 81 30 ALL
3016 3357 123 31 WOOL

2585 3529 6 9 ■t
3079 3538 2 1 .

2347 3584 240 50 Reduced
2608 3587 130 43 from
2771 3586 65 44 2s.
2867 3588 54 42 to
2951 3586 51 44 Is
3035 3586 71 44 6d.
3127 3601 91 42 per
3232 3591 136 56 yard.

2734 3677 244 42 ALSO

2494 3752 88 44 750
2607 3751 205 43 YARDS
2836 3749 75 46 OF
2936 3751 287 45 GENUINE
3245 3794 2 2 .

2643 4000 101 54 6d.
2781 4016 114 55 per
2920 4002 161 69 yard

2318 4099 63 30 this
2394 4098 25 31 is
2435 4098 52 30 the
2502 4097 84 40 good
2601 4097 48 30 old
2666 4097 91 30 make
2773 4097 34 31 of
2818 4098 105 31 brown
2941 4097 136 39 holland,
3100 4097 15 29 I
3131 4097 79 31 have
3224 4097 174 40 purch.iscd

2417 4149 47 32 ,all
2479 4148 35 32 of
2526 4149 60 30 this
2602 4148 170 42 particular
2787 4149 61 30 lire
2864 4153 32 25 at
2912 4151 121 39 present
3049 4148 32 30 m
3099 4148 51 30 the
3165 4149 131 31 market.

2337 4281 72 32 R.
2447 4281 78 31 K.
2564 4278 314 42 PARISH,
2944 4278 155 33 £2a,st
3122 4277 257 38 Oxford,

1691 970 6 65 f
1740 981 185 46 JOHN-
1949 984 270 49 INGRAM;

1691 1029 2 40 i

1727 1085 496 37 AUCTIONEER,

1711 1283 161 39 LICENSED
1905 1283 84 37 LAND
2015 1283 136 38 BROKER,
2176 1283 72 38 VAL-

1711 1336 122 44 UATOR,
1869 1335 137 44 ESTATE,
2050 1336 198 45 INSURANCE,

1691 1381 41 47 i&
1750 1387 149 39 GENERAL
1911 1387 212 39 COMMISSION
2132 1387 115 38 AGENT-

1711 1457 2 2 •
1742 1442 76 28 Agent
1831 1442 40 26 fjy
1883 1441 37 23 the
1942 1441 122 23 National
2086 1441 132 23 Insurance

1923 1484 120 29 Company

1860 1518 30 27 of
1897 1517 60 21 New
1981 1517 119 21 Zealand.

1732 1547 174 32 OXFORD
1924 1548 26 31 &
1976 1548 253 31 SHEFFIELD.

1849 1635 5 3 .
1964 1628 35 17 -gs

1691 1728 4 32 I
1709 1724 153 29 Fortnightly
1883 1725 106 24 Auction
2012 1725 71 25 Sales
2099 1725 58 24 held
2178 1725 25 23 m
2217 1725 34 24 the

1691 1764 5 31 :j
1711 1758 96 24 Market
1831 1759 89 27 Yards,
1947 1758 103 31 Oxford,
2077 1758 68 28 irery
2169 1760 82 22 second

1692 1782 4 40 j
1712 1790 134 30 Thursday.
1882 1791 112 27 Monthly
2015 1791 71 24 Sales
2098 1791 56 24 held
2170 1794 24 20 at
2215 1791 36 24 the

1693 1823 3 31 J
1710 1824 100 23 Market
1841 1825 89 27 Yards,
1961 1824 124 30 Sheffield.
2156 1824 95 25 Privvte

1691 1858 5 26 }
1711 1856 104 25 Auction
1829 1857 71 25 Sales
1912 1858 150 24 undertaken
2085 1858 25 24 m
2135 1865 46 22 any
2192 1861 59 29 part

1691 1886 6 29 il
1711 1893 29 24 of
1748 1891 36 22 the
1796 1896 106 24 country.
1938 1892 120 31 Property
2068 1891 91 31 Bought
2185 1892 60 24 Solil

1693 1936 3 22 j
1711 1932 27 14 or
1750 1925 50 27 Let,
1822 1926 49 22 and
1888 1925 139 24 Valuations
2045 1933 54 15 cure
2101 1926 62 27 fully
2178 1929 73 19 made.

1691 1958 5 28 ';
1711 1958 71 23 Jjtnd
1794 1958 23 23 B
1818 1958 70 32 -night
1900 1959 74 23 under
1992 1958 39 24 the
2055 1959 119 29 Transfer
2197 1960 54 22 Act.

1693 1988 5 29 \
1713 1991 136 28 Transfers,
1864 1992 94 27 Leases,
1972 1993 49 22 and
2046 1992 72 23 deeds
2135 1993 30 27 of
2179 1993 48 23 Mo:
2235 1995 16 19 t-

1693 2020 90 36 \,gages
1794 2025 84 24 drawn
1899 2033 38 24 up.
1972 2025 88 29 Money
2080 2026 104 23 invested
2204 2026 47 23 and

1691 2057 6 36 ij
1712 2057 108 23 obtained
1834 2064 40 24 for
1894 2059 89 23 Clients
1994 2066 30 14 on
2047 2059 138 28 Mortgage;
2212 2059 39 22 In-

1690 2095 2 13 ~>
1740 2098 99 16 surance
1850 2091 92 29 cji'rcfe'd
1954 2098 30 15 on
1997 2091 131 29 Buildings
2141 2092 31 27 of
2179 2098 46 22 any
2246 2115 3 2 .

1780 2124 143 31 description
1937 2132 31 15 an
1978 2125 7 21 I
2002 2124 61 23 their
2071 2127 114 21 contents.

1691 2252 1 9 !
1816 2256 1 2 ■

1690 2280 2 18 r

1693 2393 16 44 ■:
2091 2436 2 9 ..
2148 2369 31 73 .'..'

1741 2539 48 21 The
1925 2540 71 20 fahiid
2005 2546 38 15 are
2062 2540 36 21 for
2108 2540 46 21 salo
2164 2540 31 26 by
2205 2540 46 26 pri-

1695 2580 5 29 {
1714 2579 52 19 vats
1777 2579 82 25 treaty.
1891 2579 63 23 1,000
1971 2584 62 15 acres
2043 2579 26 20 at
2085 2578 105 21 Sheffeld
2201 2579 50 20 with

1690 2618 2 9 1
1713 2616 63 27 large
1786 2616 114 26 Dwelling
1909 2617 46 20 and
1965 2623 118 20 necessary
2099 2617 68 20 Farm
2177 2616 74 21 Build-

1740 2661 26 20 gs
1777 2654 31 21 all
1818 2654 80 22 fenced
1908 2654 47 21 and
1965 2654 41 21 sub
2017 2654 99 22 divided.

1741 2755 41 18 3GO
1801 2760 63 14 acres
1884 2754 56 19 with
1954 2753 58 26 geod
2029 2753 118 26 buildings
2158 2753 46 20 and
2223 2754 28 20 all

1695 2787 3 17 '
1713 2792 82 21 fenced
1814 2792 46 21 and
1881 2792 139 21 subdivided.
2061 2791 40 22 178
2120 2798 62 14 acres
2196 2792 55 27 good

1690 2828 2 18 '
1713 2830 151 27 agricultural
1876 2830 71 21 Land.

1690 2912 2 17 )
1724 2919 2 13 ;

1741 2949 39 22 796
1791 2955 61 14 acres
1863 2949 59 27 good
1935 2949 96 27 grazing
2040 2949 56 20 land
2115 2949 82 20 fenced
2206 2949 45 20 and

1713 2987 142 22 subdivided.

1740 3105 27 20 GO
1778 3111 62 15 acres
1851 3105 55 20 with
1916 3105 64 26 large
1990 3105 120 27 Dwelling.

1690 3185 2 16 )

1695 3204 3 20 I
1796 3209 1 2 ■
1826 3206 3 5 '

1695 3227 3 36 I
1788 3255 3 1 •

1697 3295 26 17 I:
1895 3303 2 1 ■
1970 3315 2 1 .

1690 3707 2 44 :
1738 3723 169 45 JOHN
1959 3723 255 45 INGRAM

1690 3817 2 41 !
1813 3821 307 34 OXFOED-

1695 3950 5 29 -1

1716 4086 156 31 WATCH
1933 4081 70 40 ~V
2065 4090 26 29 &
2119 4088 132 31 CLOCK

1690 4241 2 58 I
1811 4254 336 36 FITTED

1690 4312 2 37 I
1704 4311 2 11 :
1966 4314 25 19 at

1757 4356 131 31 Parish*
1890 4369 15 18 it
1910 4386 5 10 %
1958 4356 83 35 East
2067 4356 143 45 Oxford,
2238 4370 5 6 -

1167 975 240 20 EXTRAORDINA.Y
1436 975 219 21 OPPORTUNITY.

1139 1002 83 20 FUUM
1232 1002 61 19 THE
1302 1001 137 21 FACTORY
1451 1002 89 20 DIREC
1549 1002 10 19 C
1570 1002 36 19 TO
1618 1002 61 20 THE

1330 1027 118 22 CUSTOM
1452 1028 22 21 E.
1486 1045 4 5 .

1142 1055 67 53 OOR
1220 1055 110 26 Company
1354 1055 19 19 is
1387 1055 77 25 selling
1484 1056 66 20 direst
1596 1057 22 19 to
1648 1057 36 20 the

1184 1083 114 23 customer,
1315 1082 50 19 thus
1378 1083 114 25 procuiiug
1504 1085 34 18 for
1550 1083 35 20 the
1595 1083 66 21 latter
1672 1091 12 13 a

1142 1109 76 20 double
1238 1115 111 17 economy,
1369 1109 92 23 namely,
1483 1110 36 17 the
1535 1110 64 24 profit
1610 1111 22 17 of
1648 1111 36 18 the

1142 1134 113 22 wholesale
1266 1134 76 25 dealer,
1361 1134 42 19 and
1416 1134 35 21 the
1469 1141 58 14 more
1537 1136 147 19 considerable

1142 1170 38 14 .)ne
1183 1177 7 16 t
1191 1162 22 20 of
1223 1162 37 20 the
1271 1162 61 19 retail
1344 1162 77 22 dealer,
1446 1163 129 24 amounting
1587 1165 21 17 to
1629 1163 55 20 from

1142 1197 29 15 os.
1201 1189 39 21 o£
1244 1191 23 19 10
1278 1194 55 20 upon
1344 1195 13 14 a
1368 1188 69 28 single
1444 1189 76 21 watch.
1536 1189 72 21 Retail
1618 1189 66 21 watch

1142 1212 83 26 defers
1236 1217 43 19 ami
1297 1216 112 26 jev/ellers,
1421 1217 84 25 usually
1520 1217 79 26 selling
1619 1217 38 21 but
1673 1224 11 14 a

1143 1247 37 18 few
1194 1244 92 19 wnlchcs
1296 1243 65 25 daily,
1377 1249 36 14 ate
1432 1244 71 19 forced
1523 1245 22 19 <o
1571 1244 61 20 make
1657 1251 27 13 an

1142 1271 165 25 extraordinaiy
1322 1269 63 26 profit
1396 1276 57 18 upon
1474 1271 52 19 each
1541 1276 40 14 one
1595 1271 48 20 sold
1662 1272 22 18 m

1142 1297 64 22 order
1218 1299 21 18 to
1250 1297 75 26 defray
1335 1302 110 20 expences.

1232 1325 158 20 manufacture
1398 1330 25 13 as
1434 1330 44 14 onr
1492 1325 121 27 speciality
1632 1326 52 26 only

1143 1352 97 25 sterling
1253 1353 70 21 silver
1331 1358 26 14 or
1376 1351 53 26 gold
1437 1353 157 21 stemwinders
1624 1354 60 26 (key-

1143 1381 33 19 lss
1190 1379 99 21 watches.

1171 1405 47 20 The
1229 1407 85 26 keyless
1330 1405 137 21 ■niechanisni
1476 1406 22 19 of
1513 1407 94 20 watches
1615 1408 19 19 is
1644 1414 40 14 one

1144 1435 21 19 of
1180 1432 38 21 tbe
1227 1435 57 19 most
1295 1434 121 25 importarfc
1427 1433 42 19 nnd
1481 1433 71 21 useful
1561 1435 123 21 inventions

1145 1462 21 19 of
1183 1461 90 20 modern
1293 1461 75 19 times,
1396 1460 87 20 instead
1497 1461 23 19 or'
1535 1461 112 26 iuinbling
1664 1462 20 19 m

1145 1488 60 20 one's
1215 1487 91 26 paclcets
1323 1490 21 16 to
1354 1487 46 20 find
1417 1487 40 20 the
1474 1487 48 25 key,
1540 1487 69 20 which
1624 1488 60 20 when

1147 1514 66 19 found
1228 1514 18 19 is
1261 1515 58 18 most
1333 1514 83 25 always
1426 1513 60 21 filled
1497 1515 53 18 with
1561 1515 123 19 du-t.-this

1145 1541 21 19 of
1176 1547 78 15 course
1264 1540 64 26 beinj
1326 1546 5 5 1
1347 1540 129 21 transfeiiel
1490 1541 24 19 to
1530 1541 40 20 tbe
1584 1541 72 21 watch
1659 1553 25 3 —

1145 1575 42 15 one
1199 1570 39 19 has
1248 1569 42 20 hub
1298 1569 25 19 to
1334 1567 55 21 turn
1399 1574 10 13 a
1421 1567 96 22 knurled
1528 1569 81 20 button
1619 1569 65 21 fitted

1145 1598 23 19 to
1178 1597 40 20 the
1232 1596 103 27 pendant
1352 1596 31 24 (or
1394 1595 67 28 ring\
1472 1595 53 21 thus
1535 1596 102 27 winding
1647 1597 37 20 tbe

1147 1624 70 20 watch
1237 1624 46 20 and
1312 1623 131 26 regulating
1463 1623 38 20 the
1518 1623 73 21 hands
1604 1624 31 25 by
1646 1624 38 20 the

1146 1658 62 14 same
1217 1657 66 14 mean
1286 1656 8 8 3
1297 1666 5 5 .

1173 1679 47 20 Our
1229 1678 99 21 watches
1347 1685 38 14 are
1395 1680 142 25 everywhere
1556 1678 128 26 recognised

1145 1706 24 20 to
1180 1706 28 20 be
1227 1705 40 20 the
1281 1706 52 20 bosb
1349 1706 24 19 m
1392 1706 41 20 the
1443 1706 95 23 market,
1553 1706 131 26 surpassing

1145 1733 33 20 all
1187 1733 78 20 others
1276 1733 30 26 by
1325 1733 39 20 the
1375 1734 113 25 precision
1498 1733 25 20 of
1540 1732 63 21 their
1611 1739 73 14 move-

1147 1761 75 20 ments
1241 1767 24 14 as
1285 1760 51 21 well
1345 1767 26 14 as
1389 1761 32 25 by
1439 1761 61 21 tneir
1514 1763 112 23 accuracy'
1642 1761 42 20 and

1148 1788 130 26 cheapness.

1175 1814 47 20 Our
1231 1814 94 26 factory,
1339 1814 60 20 since
1409 1814 30 20 its
1446 1814 137 21 foundation,
1591 1814 26 19 m
1627 1815 57 23 1532,

1148 1842 41 20 has
1199 1842 96 26 aquired
1304 1848 14 13 a
1330 1842 140 20 world-wida
1480 1841 142 27 reputation,
1639 1842 45 20 and

1147 1870 108 21 obtained
1264 1870 40 21 the
1316 1870 92 26 highest
1418 1870 88 20 awards
1524 1869 58 20 from
1597 1869 32 20 all
1648 1869 36 21 the

1147 1898 127 19 iniijortant
1288 1898 153 19 Exhibitions.
1470 1898 35 19 No
1519 1897 75 20 watch
1613 1897 71 20 leaves

1147 1932 42 13 our
1202 1925 89 25 factory
1304 1925 96 20 without
1417 1925 86 25 haring
1512 1924 56 20 been
1578 1924 106 26 carefully

1147 1952 120 20 examined
1281 1951 45 21 and
1343 1951 100 25 verified,
1457 1952 55 20 thus
1531 1951 70 27 being
1619 1951 65 27 ready

1147 1980 36 20 for
1192 1980 132 20 immediate
1337 1986 43 13 u<e.
1410 1980 64 20 Eaoh
1483 1985 42 15 one
1535 1979 20 20 is
1570 1980 43 25 put
1622 1985 32 20 up
1665 1979 19 20 m

1149 2014 28 13 an
1187 2007 92 26 elegant
1289 2007 121 20 silk-lined
1420 2014 56 18 case,
1494 2006 46 21 and
1554 2013 130 20 accompan-

1150 2035 35 20 ied
1194 2035 29 25 by
1235 2041 15 13 a
1258 2035 115 25 warranty
1381 2034 36 20 for
1426 2035 65 20 three
1502 2040 70 20 years.

1175 2062 48 19 The
1229 2062 73 25 buyer
1310 2068 53 19 may
1370 2058 75 22 return
1457 2068 39 19 anj
1496 2068 6 7 r
1509 2063 22 17 of
1541 2068 41 13 our
1592 2061 92 20 watches

1150 2089 79 20 within
1239 2090 35 19 six
1293 2089 90 20 mouths
1398 2089 82 20 should
1498 2089 42 20 tlio
1558 2088 73 21 latter
1648 2090 36 18 not

1149 2116 71 20 afford
1230 2115 47 21 him
1287 2116 40 20 the
1337 2117 60 19 most
1524 2115 150 21 satisfaction.

1176 2143 39 21 All
1224 2143 92 21 articles
1327 2143 50 21 sold
1396 2150 39 13 are
1445 2143 113 21 delivered
1575 2144 50 25 fost
1634 2143 50 24 free,

1149 2171 45 21 and
1204 2171 103 21 Customs
1321 2171 58 26 duty
1388 2171 56 26 paid
1458 2173 25 19 to
1493 2178 46 19 any
1554 2172 54 25 part
1617 2171 24 20 of
1651 2171 33 21 the

1149 2199 76 23 woi'ld,
1241 2199 54 20 thus
1307 2199 96 20 without
1422 2199 46 20 tbe.
1472 2199 116 26 slightest'
1592 2202 2 3 '
1597 2199 87 21 'trouble

1150 2233 25 13 or
1183 2226 119 25 formality
1310 2227 24 19 to
1344 2225 41 21 the
1394 2226 113 20 receiver.-.

1176 2252 39 21 All
1229 2254 87 25 repairs
1335 2252 85 27 during
1438 2253 41 20 the
1498 2252 66 21 three
1583 2258 65 20 years
1667 2252 17 20 of

1150 2281 125 25 guarantee
1295 2287 38 13 are
1352 2280 112 21 executed
1479 2280 180 26 gratituitously,
1674 2279 10 20 ii

1151 2308 38 20 the
1208 2308 75 20 watch
1305 2308 29 20 be
1352 2308 125 20 forwarded
1495 2308 24 20 to
1538 2313 42 14 our
1597 2307 87 20 London

1150 2336 68 19 office.

1150 2363 48 19 The
1222 2362 117 26 following
1357 2368 39 13 are
1420 2361 54 20 eavh
1497 2361 75 27 prices
1592 2361 92 21 without

1134 2393 4 21 /
1150 2390 112 20 discount.

1625 2417 19 20 £
1673 2423 11 14 s.

1177 2444 27 21 A.
1216 2442 162 26 Stem-winder,
1387 2442 177 28 sterlingsilver,
1571 2442 49 21 hall

1232 2471 99 23 marked,
1345 2471 104 26 jewelled
1458 2471 25 20 m
1493 2471 12 20 G
1515 2471 95 23 actions,

1231 2498 85 26 ciystal
1323 2499 62 26 glass
1395 2505 14 13 a
1418 2498 81 26 strong
1505 2498 46 21 and
1556 2498 52 20 dur-

1231 2526 51 19 able-
1296 2526 75 19 wiitch.
1665 2527 19 18 12

1150 2553 54 21 A.A.
1215 2552 48 21 The
1283 2559 62 14 sauie
1363 2553 58 20 with,
1449 2552 82 21 double
1553 2552 70 21 silver

1235 2586 49 14 casa
1299 2580 121 27 (Hunter),
1439 2580 117 27 elegantly
1573 2585 37 15 on-

1218 2607 87 28 graved
1452 2611 5 4 '
1663 2609 21 19 IS

1189 2635 88 21 B.Gtold
1287 2635 160 25 stem-winder,
1458 2635 47 21 hal
1521 2634 99 25 marked,

1234 2664 78 24 fctroug
1323 2663 88 25 keyless
1420 2664 80 23 actiou,
1511 2662 104 27 jow-ellecl

1232 2689 24 21 m
1263 2692 6 18 1
1274 2691 12 19 3
1291 2690 94 24 actions,
1395 2691 53 19 with
1458 2691 54 26 gold
1521 2697 26 13 or
1554 2689 56 21 steel

1232 2717 82 24 hands,
1327 2717 66 21 small
1408 2719 82 20 second
1509 2718 52 23 dial,
1571 2723 39 14 en-

1134 2759 4 10 ,
1234 2745 85 25 graved
1333 2745 24 20 m
1376 2745 114 21 beautiful
1510 2745 98 25 designs,
1617 2756 3 2 •

1232 2772 82 27 engine
1324 2772 83 20 turned
1416 2778 25 15 or
1450 2773 62 26 plain
1522 2772 89 27 polish-
1619 2776 6 2 -

1232 2800 35 24 ed,
1291 2800 55 20 with
1365 2806 137 21 monogram,
1526 2799 83 24 initial,

1232 2834 59 13 arms
1302 2827 29 20 &c
1624 2828 12 19 2
1677 2827 7 19 C

1153 2852 51 20 8.8.
1225 2853 45 21 The
1289 2860 60 15 same
1377 2861 24 14 as
1418 2854 25 25 B,
1466 2855 51 20 with
1535 2856 74 23 strong

1232 2881 135 24 doibegold
1382 2887 55 19 case,
1457 2889 29 13 an
1503 2882 105 21 excellent

1232 2908 42 20 and
1288 2914 47 19 very
1345 2909 84 24 elegant
1440 2909 133 26 timekeeper.
1587 2926 21 4 ...
1622 2910 11 20 8
1665 2910 19 20 10

1178 2934 23 20 O.
1212 2934 67 21 Roxal
1288 2934 156 28 ehionojL'rcph,
1461 2938 22 19 18
1493 2939 59 18 carat
1557 2937 52 26 gold

1233 2966 57 17 most
1315 2963 98 26 superior
1434 2965 80 24 keyless
1538 2970 70 14 move-,

1232 2994 66 20 m^nt,
1324 2992 21 17 of
1370 2990 36 21 ihe
1430 2994 58 18 most
1507 2994 101 18 accurate

1232 3018 167 23 woikmanslup,
1420 3020 43 18 and
1482 3025 40 12 one
1532 3020 22 17 of
1573 3019 36 19 the

1233 3042 45 22 best
1291 3051 55 14 wear
1356 3045 99 24 resisting
1467 3045 90 20 waiches
1571 3061 22 5 ...
1622 3047 14 19 -i

1152 3069 45 21 C.C.
1210 3070 45 20 The
1269 3079 60 13 sams
1340 3072 68 20 waieh
1420 3072 51 20 with
1482 3072 75 21 double
1565 3072 43 20 ani

1234 3100 59 19 extra
1303 3100 75 23 strong
1389 3105 53 19 cave,
1455 3101 94 20 IS-carat
1557 3100 51 24 gold

1232 3126 100 20 aitii=li'"a
1333 3126 4 12 l
1343 3133 21 19 iy
1381 3128 110 23 engraved,
1517 3128 92 23 engine-

1232 3154 77 19 turned
1320 3159 23 14 or
1364 3153 57 25 plain
1437 3154 103 25 polished;
1556 3154 52 20 with

1233 3186 145 18 monograms,
1394 3180 87 23 initiuls.
1493 3181 35 20 Sec.
1570 3197 22 5 ...
1623 3183 12 20 G
1664 3183 20 19 10

1178 3208 25 19 D.
1227 3208 102 26 Impiiial
1341 3208 100 19 calendar
1451 3209 155 23 chronometer,

1234 3235 96 20 IS-cuat
1354 3234 55 24 gold,
1433 3235 126 26 indicating'
1569 3235 40 21 'the

1232 3262 47 24 day,
1293 3262 34 19 the
1338 3262 64 21 wjok,
1415 3262 35 20 tbe
1460 3262 83 26 month,
1561 3263 45 19 and

1142 3283 2 35 j
1232 3289 48 20 da*e
1299 3289 22 19 of
1331 3289 84 24 nr>ntb,
1425 3288 100 27 jcwcilel
1538 3291 22 19 m
1572 3291 34 19 13-

1142 3319 3 21 --|
1233 3317 91 23 ac'ionp,
1344 3316 49 20 with
1404 3310 32 33 aj
1447 3317 35 19 the
1492 3317 65 20 la'est
1567 3317 41 20 im-

1233 3345 146 24 provements
1403 3345 45 19 and
1471 3344 137 23 inventions,

1233 3377 42 14 one
1286 3371 23 20 of
1318 3371 40 21 the
1368 3371 51 20 best
1428 3371 109 21 nndiuo-t
1547 3379 61 18 niagr

1232 3399 94 20 nificent
1330 3398 99 21 watches
1436 3405 68 14 manu
1507 3401 6 7 r
1514 3400 84 20 ac;ture.
1603 3399 6 20 I

1233 3425 55 21 such
1299 3430 24 15 as
1340 3430 38 16 are
1387 3431 70 15 never
1467 3425 49 21 sold
1525 3433 1 1 ■
1535 3425 29 26 by
1576 3432 32 14 re-

1234 3452 42 20 tail
1286 3451 87 21 dealers
1382 3452 36 20 for
1427 3451 44 21 less
1481 3452 57 20 than
1624 3454 26 19 10
1677 3454 7 19 0

1178 3481 38 19 All
1225 3486 41 14 our
1276 3479 97 21 watches
1383 3486 38 14 ar3
1430 3480 172 20 mauu'actured
1611 3480 25 21 m
1646 3482 38 20 two

1151 3508 105 21 different
1265 3508 65 23 size-,
1343 3507 63 26 large
1417 3507 45 21 and
1471 3507 67 21 small
1550 3507 45 25 (for
1604 3509 80 25 gentle-

1153 3542 50 14 men,
1222 3535 47 21 and
1291 3535 77 24 ladies,
1375 3536 7 24 )
1406 3535 97 21 without
1526 3535 122 22 difference
1667 3536 17 21 oi

1151 3564 67 25 price.
1392 3580 12 5 ..

1180 3590 43 20 Old
1234 3589 104 24 watches,
1353 3589 37 19 old
1401 3589 54 26 gold
1464 3589 45 20 and
1528 3590 69 19 silwr
1608 3590 45 20 will
1663 3591 21 20 be

1154 3618 66 20 taken
1229 3617 24 20 m
1263 3617 109 26 payment
1382 3617 24 19 at
1416 3616 40 20 the
1466 3617 93 26 highest
1573 3617 74 21 value:
1672 3619 12 19 ii

1153 3644 126 21 forwarded
1288 3644 31 25 by
1328 3644 76 25 pii'cel
1413 3644 54 25 post
1476 3645 24 19 to
1510 3651 42 13 our
1562 3644 100 22 address.

1156 3681 3 2 ■
1180 3672 155 21 Remittances
1355 3677 53 19 may
1431 3670 28 21 be
1483 3671 67 20 made,
1568 3672 73 21 either
1661 3674 23 24 by

1154 3700 77 20 Postal
1241 3698 78 24 Order,
1331 3698 98 25 Cheque,
1439 3698 66 19 Bank
1515 3696 64 23 notes'
1587 3701 97 25 (postage

1154 3728 84 25 stamps
1248 3726 36 20 for
1295 3725 66 20 small
1368 3726 120 25 amounts,)
1505 3725 25 20 of
1539 3731 45 21 any
1589 3730 95 24 country,

1153 3756 24 19 m
1185 3753 127 27 registered
1320 3753 68 19 letter.

1180 3782 23 18 It
1213 3784 19 16 is
1243 3787 40 12 oir
1293 3780 45 19 aim
1347 3780 25 17 to
1383 3779 46 25 give
1439 3780 40 18 the
1497 3780 87 19 utmost
1592 3782 92 22 possible

1154 3807 140 21 satisfaction
1303 3807 12 19 t
1320 3813 8 13 i
1339 3812 40 12 cur
1389 3805 83 24 client--,
1496 3806 106 27 knowing
1611 3807 47 20 this
1667 3810 17 18 to

1155 3836 25 19 ba
1191 3835 39 20 the
1241 3834 51 21 best
1301 3839 15 14 a
1324 3833 148 20 iv«.-itiseaient
1481 3833 35 20 for
1530 3836 41 17 orir
1580 3835 104 24 product?,

1154 3863 45 20 and
1208 3862 31 21 all
1248 3861 49 20 who
1309 3861 57 20 have
1379 3866 55 13 oneo
1449 3860 95 21 entered
1561 3861 49 20 into
1627 3862 57 21 busi-

1156 3897 48 14 ness
1214 3889 113 21 relations'
1334 3887 55 20 with
1410 3893 26 14 us
1453 3888 75 27 gladly
1549 3890 135 20 recommend

1156 3925 24 14 us
1190 3921 24 17 to
1225 3923 4 14 i
1234 3917 49 20 heir
1292 3915 88 22 friends
1390 3915 46 21 and
1445 3916 108 26 acquaint
1557 3923 69 17 jrues.

1209 3945 17 18 A
1231 3944 27 20 dd
1263 3950 4 13 i
1272 3950 37 14 ess
1319 3943 35 20 for
1363 3942 81 21 letters
1452 3943 46 21 and
1507 3944 58 20 ord<v
1570 3951 11 13 s
1589 3961 5 3 .

1168 3971 96 21 MORSE
1276 3969 261 22 MANUFACTURING
1547 3970 137 23 COMPANY

1318 3999 19 23 7,
1351 3997 28 20 ed
1389 3996 55 22 Lion
1456 3997 75 25 Court,

1134 4029 2 16 J
1400 4025 93 21 London
1502 4025 52 21 E.C.

1180 4222 164 25 (g§i°Wanted,
1359 4224 98 24 atony,
1472 4224 24 20 m
1507 4230 68 19 ever/
1594 4224 90 26 ljjality,

1134 4263 4 6 .
1152 4256 30 15 an
1192 4250 122 25 intelligent
1333 4256 78 22 persoi
1430 4255 20 16 to
1461 4253 36 18 aci
1516 4257 24 14 as
1558 4257 40 14 on*
1618 4254 66 22 Agent.

1152 4278 36 19 No
1198 4283 26 20 sp
1231 4278 50 19 ic'al
1290 4278 116 24 kncwledg
1411 4284 6 13 j
1428 4284 15 13 r<
1451 4279 62 25 quite
1521 4279 13 23 •,
1544 4284 15 14 a
1575 4281 14 15 d.
1597 4278 87 21 w.thoul

1152 4304 126 26 interfering
1301 4304 55 21 with
1370 4307 95 23 .present
1486 4304 135 27 occupation.
1657 4305 27 21 Ad

1153 4331 111 21 excellent
1280 4331 136 28 occupation
1433 4331 37 23 for
1479 4338 14 15 a
1511 4339 34 20 caj
1554 4332 50 22 able
1614 4338 70 22 young

1154 4365 53 15 man
1216 4365 25 15 or
1249 4359 60 26 lady.

677 989 74 49 ;H.
779 986 226 47 LA'MIBT
1024 986 45 44 G

733 1089 250 43 Saddler

807 1174 105 34 AND

606 1230 262 49 HtEHESS
907 1226 202 49 HIEIB

750 1306 66 26 Near
836 1303 142 34 Saleyards.

600 1468 111 31 Orders
728 1468 60 29 and
818 1466 118 38 repairs
973 1463 156 41 promptly

600 1510 55 28 and
670 1508 105 39 neatly
790 1506 150 30 executed
967 1510 32 23 at
1025 1505 104 29 lowest

816 1555 92 22 rates.

691 1631 144 31 HOESE
860 1628 168 33 COVERS

617 1715 88 29 made
721 1720 32 24 to
768 1715 91 29 order
875 1713 61 31 and
962 1711 149 40 repaired.

640 1787 20 20 A
669 1786 64 22 stock
743 1786 21 21 of
774 1786 67 20 horse
851 1784 123 21 medicines
984 1789 29 15 on
1023 1783 68 24 hand,

665 1838 164 23 SOLOMON'S
855 1837 147 22 SOLUTION
1029 1837 37 21 &c.

600 1975 52 44 G.
675 1971 70 46 W.
769 1971 42 45 J.
834 1969 295 47 PARSONS

619 2074 315 46 MOHUIBNTAI.
950 2072 164 43 MASON,

664 2150 3 3 '
680 2148 60 25 Begs
749 2147 25 20 to
785 2150 115 15 announce
910 2144 54 20 that
973 2143 29 20 he
1012 2142 42 20 has

630 2201 146 27 removed
785 2203 30 22 to
827 2200 38 25 56
875 2198 60 25 and
945 2199 39 24 58
996 2197 108 24 MAN-

691 2259 187 28 CHESTER
890 2258 156 26 STREET

717 2330 124 32 (Opposite
862 2329 63 24 Scot.
938 2326 82 32 Bros.)

601 2400 78 29 Every
703 2397 141 30 description
867 2397 27 28 of
914 2393 158 25 monumental
1090 2400 39 16 ana

616 2458 89 24 marble
719 2458 63 23 work
794 2456 102 25 excuied
915 2459 25 20 at
953 2455 78 24 lowest
1050 2457 70 20 rates.

735 2524 128 31 Telephone
884 2524 47 26 No.
948 2522 55 22 GB2.

735 2599 93 30 Oxford
839 2597 78 33 A(/bnt

792 2664 31 23 11.
841 2663 35 23 H.
895 2660 143 26 PARISH.

611 2916 106 45 ZINC,
744 2915 86 45 TIE,
858 2914 93 39 AHD
982 2912 142 40 SHEET

681 2999 135 38 STEEL
832 2996 219 39 WQEKEFw.

620 3083 80 38 HIGH
720 3081 136 39 STREET.
878 3081 82 37 EAST
976 3079 137 38 OXFORD.

600 3175 40 24 All
651 3174 82 24 Kinds
745 3175 30 29 of
782 3173 90 31 Pumps
883 3173 79 23 Fixed
971 3171 50 24 and
1032 3171 97 31 Repair-

705 3240 28 22 ed
745 3242 27 20 at
785 3238 35 24 the
834 3237 99 25 shortest
946 3237 82 25 notice,

625 3369 70 45 W.
729 3369 66 45 H.
829 3366 281 47 ALFORD.

1083 3545 11 19 9

601 3592 146 22 WORKING
757 3590 34 22 JE
796 3590 106 21 WELLE
907 3590 24 25 3,
947 3589 144 20 OPTICIAN
1103 3589 26 20 &c-

632 3653 208 33 --..MajLssL
874 3650 221 39 street,

615 3826 93 30 Jewel
714 3825 51 40 lry
782 3825 32 30 of
829 3835 93 30 every
937 3822 188 40 description

637 3890 88 29 made
743 3893 30 26 (o
788 3888 101 35 order,
912 3887 117 30 altered
1045 3886 60 30 and

795 3947 149 40 repaired.

603 4033 102 50 Pipes
721 4030 170 40 mounted
903 4029 70 40 and
982 4029 147 50 repaired

604 4101 59 38 Old
679 4099 81 39 Gold
776 4098 70 39 and
862 4099 110 38 silver
986 4097 143 49 bought.

687 4168 136 34 Spectacles
841 4171 21 20 io
880 4168 46 23 suit
945 4167 36 23 all
998 4166 77 33 sights

599 4242 2 24 \
601 4250 78 30 Agent
682 4249 46 30 for
739 4248 100 23 Adams
849 4247 59 24 Star
926 4246 70 30 Cycle
1011 4244 118 34 Company

665 4303 76 34 W.
769 4300 51 33 H.
852 4298 226 33 ALFORD

762 4356 77 28 East
855 4354 128 30 Oxford.

170 61 21 14 03

169 77 21 18 H

169 96 21 12 t-t

107 108 38 26 Eh
169 108 21 22 P

107 135 38 23 ta
169 131 21 13 M

107 160 81 21 OR

107 184 39 21 D
167 181 21 19 «
244 181 18 20 fi

105 229 39 33 k*
167 223 21 39 £
222 223 40 34 .-2

106 283 38 20 t_>
167 284 20 14 M
207 283 55 16 (M-O

105 306 39 26 1-3
167 301 20 32 3
242 315 20 19 H

166 395 21 18 o

103 426 17 3 _
134 417 15 8 ■»
166 415 19 15 U
241 416 20 13 CO

103 462 83 18 wo
204 462 19 14 w
240 457 20 23 a

103 482 38 20 O
164 482 20 17 c
240 482 21 26 2

120 530 21 6 _.
239 509 21 20 s

163 549 21 44 3
239 556 20 37 _:

101 604 39 25 |__J
162 609 21 14 BO
239 603 19 17 <

100 659 38 27 pq
162 655 20 39 I

172 1419 269 47 NOTICE.

69 1521 116 45 JOB
200 1517 351 47 PRINTING.
592 1524 2 13 ;

12 1612 10 2 '"
56 1611 115 44 JOB
199 1606 370 51 PjaiNTIMG!

101 1687 172 33 OXFORD
307 1684 226 33 OBSERVER

129 1761 162 39 Machine
327 1758 169 49 Printing
496 1768 4 12 1

220 1806 179 39 WORKS.

87 1856 101 24 ■JUL-ILV
205 1853 147 29 STREET,
382 1850 150 27 OXFORD.

151 1922 88 24 FTXE
256 1918 184 26 PRINTING.

67 1964 41 38 In
121 1972 73 40 any
209 1960 154 49 Variety
380 1969 34 29 or
435 1957 113 49 Style.

104 2010 218 49 ffltemoffi&l
375 2007 150 49 Cards.

44 2103 38 40 m
97 2113 83 30 new
195 2101 70 40 and
281 2101 123 39 chaste
425 2098 154 51 designs.

276 2166 62 39 per
362 2154 71 39 doz.

128 2202 207 41 Statement
354 2200 128 46 Heads,

129 2263 78 39 Ball
222 2262 258 50 Programmes,

129 2311 151 42 Posters,
307 2307 198 45 Handbills,

130 2367 189 46 Billheads,
348 2366 162 49 Cheques,

129 2428 122 39 Letter
268 2425 69 40 and
351 2425 88 38 Hote
454 2423 127 45 Heads,

131 2484 183 45 Circulars,
341 2482 136 44 Meaus,

80 2543 222 50 Catalogues,
329 2540 56 38 4c.
405 2539 57 38 4c.
489 2538 61 39 4c*

88 2605 77 30 New
183 2602 93 39 slyles
292 2602 31 28 m
340 2599 130 40 visiting
484 2599 61 29 and

186 2660 138 30 business
347 2658 99 29 cards.

45 2720 72 39 The
129 2717 139 40 newest
294 2716 117 49 styles
426 2714 38 38 m
479 2714 108 50 types

124 2774 69 42 and
220 2771 283 43 ORJTAMEHTS.

141 3833 82 38 mat
262 3823 241 47 HfjEseMa

592 4043 2 20 i

89 4098 191 47 Frsmls.
303 4110 71 47 pt
408 4097 147 47 &mm.

287 4175 42 21 AT

72 4365 186 35 hast
