3490 4623
48 188 43 23 the
113 185 52 25 real
188 184 83 30 ruling
294 183 65 24 class
371 189 79 17 seems
463 182 25 24 to
512 181 29 23 be
554 187 27 17 as

44 228 68 24 felind
125 231 25 21 to
172 228 42 23 the
226 226 91 31 danger
329 233 27 17 as
380 224 92 25 stuffed
484 224 60 24 owls
555 224 26 23 m

44 282 22 15 aj.
72 272 66 31 glass
149 279 64 16 case,
226 270 105 24 because
355 268 33 25 its
402 267 125 26 members
540 274 43 17 are

44 315 146 33 apparently
202 314 122 33 grubbing
336 321 31 17 on
385 314 42 24 the
447 311 80 30 earth,
545 312 36 24 in-

44 362 54 23 tent
110 368 31 16 on
156 360 42 23 the
210 367 47 16 one
270 358 79 31 object
361 357 27 25 of
398 356 103 32 stuffing
514 355 66 26 their

44 411 63 16 own:
112 404 101 29 pockets
225 402 61 24 with
296 409 65 16 more
373 400 49 25 and
440 408 62 17 even
514 407 68 17 more

45 447 100 24 dollars

72 578 71 23 THE
162 576 80 25 NEW
261 575 162 26 ZEALAND
443 573 101 26 GIRLS.

111 671 53 24 The
183 670 57 24 Now
260 668 111 26 Zealaud
388 667 60 32 girls

112 715 46 24 Are
171 714 42 25 the
226 715 65 23 most
301 713 113 31 precious
426 710 81 32 pearls

44 754 66 24 That
122 762 42 16 are
176 757 26 21 to
215 753 28 24 bo
260 752 75 25 found
348 751 131 31 anywhere
491 757 5 22 ;

111 798 48 23 Let
171 796 117 31 England
299 795 117 25 maintain

110 841 52 24 Her
181 839 108 26 beauties
308 839 55 23 who
381 837 77 32 reign,

43 884 79 24 With:
128 892 45 16 our
182 884 60 31 girls
255 883 58 31 they
334 884 91 21 cannot
435 887 113 23 compare

111 928 90 24 Whoso
221 935 56 23 eyes
296 926 71 24 shine
386 933 27 16 so
432 924 83 31 bright

112 971 69 24 With
195 969 139 33 sparkling
350 968 97 31 delight

43 1016 131 32 Ecnysing
193 1016 42 24 the
255 1015 82 31 bright
355 1017 65 22 stars
438 1013 78 24 above
529 1020 6 21 ;

110 1061 74 24 Their
195 1060 93 24 heart's
301 1058 46 24 full
359 1057 26 25 of
393 1057 43 32 joy

110 1104 114 25 Without
242 1103 58 24 base
318 1102 72 31 alloy.

42 1149 158 23 ifo'Ginblem
214 1148 25 23 of
249 1148 94 23 sincere
355 1148 64 23 love.

44 1192 67 25 Then
125 1194 53 30 give
191 1199 38 17 me
239 1190 154 26 Zeahndia's
404 1187 118 27 beautiful
533 1187 48 33 gi.il

109 1236 97 26 Perfect
218 1236 26 24 m
259 1236 112 24 nature's
384 1234 86 31 design
481 1241 6 21 ;

110 1281 66 24 Take
188 1288 54 15 care
254 1279 27 25 o*
292 1279 41 24 tho
345 1279 69 31 pearl

110 1324 54 25 The
177 1324 58 25 New
250 1322 112 25 Zealand
373 1322 47 32 girl

43 1368 89 24 Found
145 1368 57 31 only
216 1367 80 25 South
308 1366 27 25 of
345 1368 42 22 the
402 1366 70 24 Line.

113 1446 52 24 Her
177 1445 86 31 glance
276 1446 37 23 oft
325 1446 95 23 creates

112 1490 51 23 The
176 1491 124 28 strangest
312 1490 26 23 of
347 1490 72 27 fates,

44 1534 61 22 And-
112 1535 93 21 softens
218 1533 42 23 the
272 1533 102 23 hardest
386 1533 27 23 of
423 1533 83 23 hearts
517 1540 6 20 ;

111 1576 53 25 Her
176 1576 67 25 voice
255 1576 62 25 hath
330 1584 15 16 a
357 1576 82 25 oharm

112 1621 65 24 Thai,
190 1621 61 24 frees
262 1629 48 24 you
323 1621 60 25 from
398 1621 72 25 harm

44 1665 108 32 Tliongh
160 1665 73 32 cnpid
244 1674 54 23 may
308 1667 70 22 shoot
386 1667 60 23 with
455 1667 41 24 his
505 1667 76 30 darts;

112 1710 52 23 The
182 1709 63 31 harp
263 1709 75 24 chord
357 1709 26 25 of
398 1710 56 25 love

111 1754 59 31 May
189 1752 118 33 nhyfully
324 1761 75 24 prove

42 1798 29 22 1L
88 1799 93 23 tremor
204 1797 26 24 of
251 1797 97 25 fondest
371 1797 95 31 delight
477 1806 5 16 :

109 1841 54 23 The
181 1839 108 26 bosom's
307 1839 76 26 swell-
388 1842 49 23 test

112 1884 49 25 For
179 1884 70 25 those
267 1883 43 25 she
327 1884 70 25 loves
414 1884 56 25 b^st

43 1929 60 25 Will
117 1930 89 28 always
218 1936 74 24 prove
305 1930 25 24 to
343 1929 27 23 he
383 1929 75 32 right.

42 1984 71 24 Then
124 1984 55 31 give
192 1991 40 16 me
242 1982 157 25 Zealandia's
408 1983 119 25 beautiful
534 1984 48 32 girl

111 2027 95 25 Perfect
218 2026 23 25 m
256 2028 111 23 nature's
380 2027 84 32 design
476 2035 6 22 ;

111 2072 67 23 Take
191 2079 55 18 care
259 2072 25 24 of
296 2071 43 25 the
351 2073 70 29 pearl

92 2137 6 4 .
110 2116 53 25 The
176 2116 61 24 New
250 2116 107 24 Zealand
370 2116 56 32 girl,

44 2160 89 25 Found
146 2160 60 32 only
220 2160 80 25 South
312 2160 25 24 of
351 2160 38 24 the
401 2160 73 25 Line.

113 2228 75 23 Some
206 2234 57 16 men
282 2226 68 24 make
368 2234 15 15 a
400 2227 61 27 raid,

111 2270 21 23 A
150 2269 172 32 wife-seeking
340 2269 76 28 trade,
550 2288 2 5 ,

185 2313 26 25 of
227 2321 130 17 meannes.4
375 2313 50 25 and
442 2321 82 24 power
533 2322 5 22 ;

110 2358 96 25 Choose
224 2358 42 25 the
283 2359 55 23 true
355 2358 94 24 banner

110 2402 106 25 Disdain
233 2401 145 30 dishonour,

44 2448 45 22 Let
110 2448 80 22 virtue
207 2446 73 24 alone
298 2446 30 23 be
347 2447 41 24 the
406 2448 81 23 dower
498 2456 5 20 ;

111 2490 70 25 Then
199 2499 83 23 young
299 2491 125 24 manhood
442 2491 67 32 cling

111 2534 25 25 If
150 2542 50 25 you
216 2535 64 24 have
298 2535 100 31 inkling

44 2579 49 25 For
106 2587 103 22 woman,
214 2587 99 18 --more
322 2580 113 31 precious
446 2580 60 25 than
516 2580 66 33 gold;

112 2623 53 24 Her
182 2622 55 25 love
255 2623 50 25 will
324 2623 68 25 show
409 2623 68 25 forth

112 2667 52 24 The
184 2667 74 25 fruits
278 2667 27 24 of
323 2667 44 25 her
387 2667 88 29 worth,

45 2711 20 24 A
84 2710 104 26 comfort
206 2710 73 26 when
296 2719 49 23 you
363 2720 65 24 grow
446 2712 50 25 old.

44 2765 71 26 Then
124 2767 53 30 give
185 2774 40 17 me
233 2766 159 25 Zealandia's
400 2766 120 25 beautiful
529 2766 53 33 girl'

110 2810 96 23 Perfect
223 2810 26 23 m
268 2812 110 21 nature's
395 2811 94 30 design,

111 2852 65 26 Take
194 2861 56 17 care
268 2854 27 24 of
310 2856 43 22 the
371 2854 76 32 pearl,

110 2897 53 25 The
182 2897 57 25 New
259 2898 112 25 Zealand
388 2898 55 32 girl,

43 2940 88 25 Found
150 2942 92 32 only
245 2943 80 24 South
344 2942 27 25 of
387 2943 42 24 the
447 2943 58 25 line.

177 3002 122 25 HENRY
317 3003 138 25 CLARKE

44 3045 151 32 Aldington.

80 4031 69 24 THE
170 4031 115 26 MOTES
301 4033 99 24 THAT
411 4033 134 24 PEOPLE

177 4087 70 24 THE
269 4087 177 25 SUNBEAM.

79 4155 76 23 Tlvstf
168 4155 228 31 microorganisms
417 4156 63 23 exist
494 4155 24 24 m
538 4155 41 24 the

47 4195 154 31 atmosphere
224 4195 49 24 and
295 4196 25 23 m
344 4195 42 24 the
409 4198 83 21 water.
528 4195 51 24 Thp

45 4233 90 31 largest
156 4234 139 30 proportion
308 4231 25 26 m
358 4235 43 23 the
423 4234 156 32 atmosphere

46 4273 21 23 is
79 4271 91 25 formed
182 4272 26 23 m
222 4280 115 15 summer.
372 4272 31 23 In
419 4274 47 23 two
483 4271 96 32 gallons

47 4312 25 25 of-
79 4313 42 28 air,
132 4312 116 25 collected
260 4321 32 16 on
305 4313 41 31 top
358 4312 27 25 of
395 4312 124 32 buildings
533 4313 46 24 105

46 4361 63 18 were
120 4353 83 26 found.
255 4354 49 24 43.
320 4362 67 19 ..were
410 4354 77 25 fonnd
515 4353 27 24 m
566 4362 13 15 a

47 4393 94 24 similar
152 4393 112 31 quantity
278 4408 3 10 ;
284 4392 27 26 of
320 4393 38 27 air
380 4393 25 24 m
419 4401 14 16 a
451 4400 128 17 conserva-

45 4434 61 27 tory.
143 4431 85 27 1.v..3rd
241 4431 64 25 class
311 4431 115 33 .carriage
438 4431 75 29 of>-10
526 4438 53 23 per-

46 4480 65 20 sons,
130 4473 35 28 3,1
172 4473 31 23 20
211 4471 41 25 fell
264 4479 42 25 per
314 4471 96 25 minute
422 4478 34 18 on
468 4478 15 18 a
491 4478 88 25 square

44 4515 58 21 fno'.
137 4511 66 32 Fogs
214 4519 43 17 are
268 4510 90 26 caused
378 4511 32 32 by
434 4510 58 26 dust
513 4511 65 31 part-

40 4551 61 31 ies
113 4549 153 27 surrounded
278 4549 31 33 by
321 4551 90 31 watery
420 4549 98 32 envelop
518 4549 28 32 3.

682 183 393 31 CORRESPONDENCE

615 269 66 18 While
690 272 38 14 our
738 269 90 17 columns
843 272 35 14 arc
894 272 51 19 open
956 269 20 17 to
987 269 38 22 all,
1039 273 28 14 we
1077 269 25 18 do
1117 269 31 17 not

638 305 91 26 identify
748 305 102 19 ourselves
867 305 52 20 icith
936 305 95 26 opinions
1046 305 102 26 expressed

639 345 87 19 therein.

665 391 33 23 To
711 391 37 25 the
759 392 90 24 Editor
867 392 31 27 of
916 392 38 24 the
979 392 121 25 Observer.

699 473 68 21 ODD
794 473 68 21 AGE
889 473 177 21 PENSIONS.

612 540 112 28 Madam,

645 585 13 24 I
670 584 64 25 have
748 585 60 23 been
820 584 118 24 favoured
951 584 58 24 with
1023 592 15 16 a
1056 581 97 34 perusal

612 629 25 24 of
647 629 43 24 the
703 629 75 24 above
800 628 58 25 Act.
879 628 49 25 and
951 628 13 24 I
984 628 53 24 find
1063 628 20 24 it
1106 627 47 24 like

612 674 65 24 most
689 672 72 25 other
775 672 58 24 Acte
845 672 26 24 of
886 671 159 29 Parliament,
1072 671 47 24 full
1129 670 24 24 of

612 716 192 25 contradictions
818 715 49 25 and
879 715 155 29 absurdities,
1056 715 43 23 but
1112 714 40 24 the

612 766 65 19 most
689 761 92 24 absurd
802 761 82 24 clause
896 761 26 23 of
931 760 47 27 ihe
1001 759 44 30 lot,
1065 766 85 24 espec-

612 805 59 30 ially
681 804 72 24 when
773 803 113 25 fathered
907 803 31 32 by
950 813 13 14 a
976 803 98 24 Liberal
1087 802 63 25 Gov-

612 848 111 24 ernment
736 847 19 24 is
768 846 40 25 No
828 848 33 23 50
882 846 81 24 which
976 845 70 25 reads
1068 853 27 16 as
1107 844 43 24 fol-

612 891 66 24 lows.

699 942 45 24 any
771 934 134 31 pensioner
925 934 22 24 is
972 932 130 25 convicted
1124 931 25 24 of

612 978 176 28 drunkenness,
809 978 61 23 then
891 977 26 24 m
930 976 112 25 addition
1064 978 26 23 to
1102 983 47 23 any

612 1023 70 25 other
693 1022 102 31 penalty
807 1030 27 16 or
856 1021 163 32 punishment
1038 1020 111 32 imposed

612 1075 29 16 on
654 1066 61 29 him,
734 1065 43 24 the
790 1065 143 31 convicting
954 1065 76 24 Court
1042 1064 63 25 shall
1118 1063 31 32 by

612 1110 69 25 order
699 1109 82 25 forfeit
805 1111 44 22 not
873 1109 49 24 less
947 1109 62 24 than
1032 1116 47 17 one
1103 1115 46 16 nor

612 1162 67 17 mor.
691 1154 63 24 than
777 1154 70 24 three
868 1153 27 25 of
916 1153 43 25 the
972 1152 116 32 monthly
1110 1152 37 23 in-

612 1197 129 25 stalments
754 1196 88 32 falling
935 1199 60 21 next
1018 1195 64 25 after
1105 1194 44 25 the

612 1242 53 24 date
677 1241 26 24 of
714 1241 41 24 the
768 1240 151 25 conviction.

643 1285 62 25 Now
718 1285 102 24 Madam
834 1285 66 24 what
909 1284 59 25 does
982 1284 50 24 tnis
1051 1283 98 31 exactly

612 1336 72 18 mean
694 1330 11 23 ?
723 1329 71 24 when
807 1328 144 25 considered
962 1328 27 24 m
1001 1327 147 24 connection

612 1374 55 23 with
691 1373 73 31 equal
790 1372 99 31 justice,
909 1379 65 23 upon
1003 1371 82 24 which
1115 1378 34 16 we

613 1416 41 25 Hri
658 1415 88 26 tinkers
758 1415 103 31 pretend
874 1416 25 23 to
911 1414 69 32 pride
999 1413 132 26 ourselves.

646 1460 109 31 Suppose
768 1467 53 16 now
834 1459 55 24 that
902 1458 13 25 I
928 1466 41 17 am
982 1458 27 24 m
1020 1458 93 30 receipt
1124 1456 27 26 of

612 1512 13 16 a
637 1503 112 32 pension,
769 1503 49 23 and
839 1510 38 23 my
890 1502 81 24 friend
992 1502 61 24 with
1066 1501 83 24 whom

612 1548 11 22 I
635 1546 165 30 occasionally
820 1547 63 22 have
904 1554 15 14 a
937 1545 71 30 quiet
1032 1545 76 23 booze
1127 1544 22 23 is

612 1595 42 21 not
671 1589 126 32 receiving
813 1597 15 16 a
856 1588 106 32 pension
986 1587 49 25 and
1059 1587 94 24 should-

612 1644 34 16 we
654 1634 91 31 during
754 1643 14 15 a
774 1632 122 26 convivial
906 1640 87 17 season
1004 1631 28 25 be
1043 1630 107 32 brought

612 1679 80 24 before
704 1686 14 16 a
731 1677 23 25 J.
757 1677 38 29 P.,
814 1685 43 24 my
869 1676 81 24 friend
959 1677 41 30 get
1013 1675 35 24 off
1056 1675 58 24 with
1135 1683 15 15 a

612 1722 46 25 five
682 1721 105 31 shilling
818 1720 50 24 fine
892 1719 109 25 whereas
1031 1726 43 24 my
1102 1717 47 26 for-

612 1768 93 29 feiture,
724 1766 81 25 which
817 1766 22 24 is
851 1766 26 24 m
889 1765 87 32 reality
986 1773 15 16 a
1009 1764 49 25 fine
1069 1764 81 25 would

612 1814 103 22 amount
743 1814 26 22 to
788 1812 65 24 three
866 1811 96 30 pounds
975 1810 55 24 odd.

710 1871 13 24 I
741 1877 42 17 am
801 1871 45 23 &c,

854 1923 27 24 C.
900 1923 36 24 M.
955 1923 127 24 LUGAR.

612 2036 107 29 Madam,

644 2080 25 24 It
681 2088 57 23 may
749 2081 46 23 not
806 2080 30 24 hs
848 2079 128 32 generally
990 2079 91 25 known
1094 2079 56 24 that

612 2126 40 23 the
672 2125 70 31 plant
762 2123 91 25 known
877 2131 27 16 as
928 2123 42 25 the
1126 2122 26 25 of

613 2168 83 26 Wales
851 2168 22 24 is
894 2175 14 17 a
931 2167 64 31 good
1019 2167 72 31 thing
1113 2166 37 25 for

612 2212 144 31 preventing
767 2211 85 25 horses
865 2211 49 24 and
920 2210 76 26 cattle
1004 2210 63 25 from
1079 2210 72 31 being

612 2254 114 27 attacked
739 2255 29 31 by
792 2253 117 25 bot-flies.
957 2253 74 25 Make
1055 2259 33 19 an
1111 2253 38 25 in-

612 2298 81 25 fusion
705 2298 26 25 of
741 2298 42 25 the
804 2297 71 32 plant
887 2297 27 24 m
937 2297 43 24 hot
993 2298 82 27 water,
1100 2296 50 25 and

612 2342 72 33 apply
697 2342 43 24 the
752 2341 78 32 liquid
842 2343 26 23 to
878 2341 41 25 the
931 2340 64 26 neck
1004 2340 51 25 and
1067 2340 82 25 shoul-

612 2387 54 20 ders
678 2385 27 22 of
715 2386 41 21 the
768 2385 85 22 horse.

778 2459 14 21 I
810 2467 38 13 am
867 2459 35 21 &c

752 2530 47 23 Pro
818 2530 136 23 Commune
973 2529 100 24 Bnnum

613 2625 70 23 THE
705 2624 190 24 KLONDYKE
917 2624 222 24 GOLDFIELDS.

860 2691 27 23 of

806 2758 143 23 Concluded

646 2807 36 23 To
694 2808 42 29 get
749 2809 24 21 to
785 2807 130 30 Klondyke
923 2807 60 24 with
997 2807 108 30 supplies
1114 2807 35 24 for

611 2860 16 16 a
644 2859 66 24 ysar,
739 2851 21 24 it
788 2851 23 24 is
840 2850 132 25 estimated
999 2850 42 24 the
1069 2850 80 24 miner

612 2895 89 26 should
714 2895 62 25 have
789 2903 13 15 a
815 2895 92 32 capital
920 2895 26 25 of
968 2895 64 24 from
1044 2895 69 24 200
1126 2896 23 23 to

612 2941 80 23 ,250.
710 2939 51 25 Not
773 2947 32 16 an
818 2947 80 17 ounce
910 2939 27 24 of
948 2939 73 24 bread
1033 2947 28 16 or
1070 2939 78 24 bacon

611 2984 73 24 could
696 2983 49 25 last
758 2985 101 30 August
872 2983 28 24 be
912 2983 137 32 purchased
1063 2986 26 22 at
1101 2991 48 24 any

611 3028 27 25 of
649 3028 42 24 the
704 3028 99 31 trading
825 3029 69 30 posts
918 3036 31 16 on
974 3028 43 24 the
1040 3028 61 24 road
1124 3029 25 23 to

611 3072 137 25 Klondike.
785 3071 48 25 Yet
845 3071 139 24 thousands
996 3071 100 31 pressed
1118 3080 30 16 on

611 3115 106 26 without
728 3115 140 33 provisions
879 3116 53 24 into
945 3115 43 25 the
1008 3115 55 25 lone
1075 3115 73 24 north

610 3160 68 25 land.
713 3160 26 24 If
760 3168 58 23 may
842 3160 31 24 do
884 3161 46 23 not
953 3159 82 32 perish
1048 3159 26 24 of
1086 3161 62 23 star-

609 3205 93 28 vation,
722 3205 20 24 it
754 3204 52 24 will
820 3203 28 25 be
861 3212 14 16 a
888 3204 104 24 marvel.
1036 3203 79 24 There
1127 3202 21 24 is

609 3255 32 16 no
653 3255 73 23 game
739 3251 25 19 to
788 3245 30 25 be
831 3246 58 24 had.
926 3246 22 23 A
971 3245 47 25 few
1030 3245 118 25 lmodred

609 3292 94 24 natives
716 3290 124 25 maintain
860 3299 15 16 a
898 3290 105 25 difficult
1023 3290 125 25 existence

607 3336 26 23 ia
647 3334 136 25 thousands
796 3334 27 24 of
833 3341 88 23 square
933 3334 73 24 miles
1018 3334 26 24 of
1054 3334 94 24 desola-

609 3379 50 24 tion
673 3387 28 17 so
713 3381 109 22 extreme
836 3378 55 25 that
903 3386 15 16 a
938 3377 148 25 missionary
1099 3377 49 25 and

607 3424 40 24 his
660 3422 53 25 wife
725 3422 115 32 reported
863 3421 56 26 that
933 3421 59 32 they
1016 3421 73 25 could
1101 3423 45 23 not
1155 3429 2 3 '

607 3466 49 24 live
669 3465 113 32 together
795 3465 43 24 the
851 3465 69 31 eighs
932 3464 109 25 mouth's
1050 3465 97 27 winter,

609 3510 36 24 for
658 3509 43 25 the
724 3516 114 25 presence
851 3508 26 24 of
896 3509 49 23 two
967 3507 67 25 fresh
1047 3508 101 24 mouth..*

609 3557 24 22 to
645 3553 38 26 fill
696 3554 27 23 m
738 3561 47 24 any
810 3553 144 25 settlement
977 3551 81 25 would
1071 3551 77 25 entail

607 3598 103 24 famine.

642 3642 53 24 The
708 3642 54 25 best
785 3643 106 23 account
903 3641 12 23 I
939 3640 64 24 have
1015 3648 58 16 seen
1086 3649 25 15 as
1124 3643 24 21 to

610 3687 39 23 the
662 3685 83 25 actual
758 3685 141 25 conditions
920 3684 26 25 of
957 3684 42 24 life
1022 3683 25 25 m
1072 3684 75 24 Klon-
1155 3687 2 22 !

608 3729 72 30 dyke,
694 3736 49 17 was
755 3728 134 25 contained
901 3729 24 21 m
940 3734 15 16 a
967 3727 74 23 letter
1054 3728 93 22 written
1155 3739 2 9 i

609 3772 30 31 by
652 3780 15 16 a
679 3779 85 24 young
776 3779 80 16 miner
869 3771 26 24 of
905 3770 42 25 the
960 3778 75 15 name
1047 3770 25 24 of
1086 3770 62 24 Con-

609 3816 59 32 oily,
688 3819 25 21 to
727 3816 38 24 his
779 3817 98 30 parents
901 3814 26 24 m
940 3813 137 25 Nebraska.
1125 3813 24 24 It

610 3862 19 23 is
642 3860 84 29 d:ite,d
881 3858 66 32 City,
962 3857 91 25 Yukon
1066 3857 82 28 River,

611 3904 69 32 April
705 3904 24 28 4,
859 3903 48 23 and
931 3902 21 24 it
964 3901 22 26 b
1009 3910 28 15 so
1049 3901 100 24 natural

610 3948 49 24 and
671 3947 96 32 siiLpl',
787 3946 12 24 I
811 3948 73 30 quote
905 3945 20 24 it
949 3945 26 24 m
999 3944 31 25 its
1055 3945 92 24 entire-

611 3993 24 29 ty
647 3999 42 15 :-

643 4034 67 24 Dear
723 4031 99 26 Mother
834 4031 49 25 uncl
905 4031 101 24 Father.
1045 4033 34 22 At
1103 4032 53 27 last.

614 4075 10 23 [
638 4074 68 23 write
719 4080 48 24 you
780 4080 15 16 a
806 4072 46 24 few
865 4071 62 25 linos
941 4074 24 22 to
977 4072 32 24 lee
1019 4079 48 23 you
1079 4070 71 25 know

612 4116 79 23 where
713 4113 14 24 I
751 4122 40 15 am
828 4115 25 22 to
877 4112 43 24 the
945 4111 92 25 ''Land
1060 4111 26 25 of
1107 4112 43 24 the

613 4153 123 31 Midnight
750 4152 79 29 Sun.','
848 4151 13 24 I
873 4150 45 25 left
929 4150 107 29 Juneau,
1050 4149 98 28 Alaska,

611 4195 48 24 last
673 4195 94 26 winter,
786 4191 49 25 and
848 4199 50 16 was
915 4191 44 23 LOO
980 4190 61 31 days
1053 4190 98 31 coming

612 4237 23 19 to
649 4233 50 23 this
712 4232 66 31 place
800 4230 59 23 with
872 4230 48 22 five
932 4228 60 31 dogs
1013 4228 50 24 and
1077 4230 73 27 1,000

612 4271 94 32 pounds
718 4271 26 23 of
754 4271 70 30 grub.

644 4310 62 24 This
720 4310 19 24 is
752 4308 42 24 th-3
807 4307 55 25 host
874 4306 71 32 place
959 4305 23 24 m
1007 4304 43 25 the
1064 4304 85 28 wprU.

614 4350 87 31 Wages
714 4356 41 17 are
768 4346 95 26 lodols.
877 4353 43 24 per
932 4344 56 31 day.
1024 4344 13 24 I
1055 4344 64 24 have
1136 4351 15 16 a

612 4391 44 24 few
670 4388 124 27 thousand
807 4387 99 29 dollars,
925 4385 50 25 and
995 4384 83 26 would
1090 4384 60 26 send

612 4432 68 24 them
694 4434 25 21 to
742 4438 56 23 yo;i,
818 4429 45 23 but
888 4428 69 24 there
970 4427 21 24 is
1004 4435 33 16 no
1061 4425 92 32 wnyof

611 4470 74 31 doing
698 4477 35 16 so.

644 4508 54 24 The
710 4513 57 16 man
780 4505 56 24 who
859 4504 70 23 takes
941 4503 50 23 this
1014 4502 74 23 letter
1101 4502 49 23 will

611 4555 69 24 carry
691 4548 20 23 it
722 4546 25 25 m
768 4544 41 25 his
817 4543 91 33 -pocket
923 4544 80 25 l0Q0
1026 4543 79 29 miles,
1124 4546 25 21 to

1178 187 108 29 Juneau,
1300 187 101 26 Alaska.
1436 188 41 25 8.3
1497 190 78 23 starts
1597 187 118 33 to-night,

1179 226 35 24 for
1227 226 40 24 the
1279 227 71 23 outer
1362 227 83 23 world.

1213 266 109 29 Mother,
1340 266 59 32 gold
1426 266 27 25 m
1477 266 51 25 this
1548 268 70 30 place
1642 266 21 25 is
1684 273 33 17 no

1179 310 63 26 good
1277 305 61 31 grub
1349 305 20 24 is
1382 308 43 22 the
1437 305 79 31 thing.
1552 305 86 25 Bacon
1660 305 57 24 sells

1180 345 37 25 for
1230 346 77 25 2dols.
1321 354 43 24 per
1376 346 94 31 pound,
1485 346 50 24 and
1547 345 62 25 flour
1623 345 94 25 COdols.

1181 392 43 24 per
1236 385 66 24 sack.
1337 384 13 23 I
1363 385 47 23 will
1433 392 70 17 come
1526 385 75 24 home
1623 385 24 22 m
1670 386 48 21 two

1180 433 71 22 years
1272 425 61 24 with
1347 432 87 22 money
1449 430 24 18 to
1496 425 61 29 keep
1578 433 30 16 us
1620 425 35 24 all
1676 424 42 24 the

1182 465 48 22 rest
1242 463 27 24 of
1277 471 47 16 our
1335 462 68 29 lives,
1430 461 21 25 if
1461 461 12 25 I
1485 461 64 25 have
1570 470 43 22 my
1625 461 92 25 health.

1215 503 79 31 Eight
1306 503 103 24 months
1421 503 25 23 of
1459 503 41 23 the
1513 510 58 23 year
1583 501 20 25 it
1614 501 22 25 is
1659 501 59 25 dark

1183 548 32 23 up
1228 541 77 28 there,
1326 541 59 23 with
1398 541 58 30 only
1470 541 76 23 about
1570 540 54 24 four
1643 540 75 24 hours

1182 578 60 33 light
1256 578 61 26 each
1338 578 56 33 day.
1442 578 81 25 There
1535 579 21 24 is
1568 586 15 17 a
1595 585 58 25 grey
1665 578 53 24 twi-

1181 620 72 32 light,
1272 620 49 24 and
1334 621 42 23 the
1390 628 54 16 men
1457 620 67 24 work
1537 620 109 31 through
1657 619 60 29 that,

1182 658 44 24 but
1237 667 36 15 we
1286 660 67 23 often
1366 658 49 23 had
1428 663 23 18 to
1469 659 64 30 light
1547 658 42 24 the
1601 658 79 30 lamps
1694 660 24 22 at

1180 698 125 32 hali-past
1317 707 48 15 one
1376 706 28 16 or
1417 700 48 22 two
1484 701 27 21 m
1523 698 43 24 tho
1579 698 139 24 afternoon.

1182 737 44 25 We
1239 737 49 25 had
1307 736 33 25 oil
1363 737 87 31 lamps,
1470 738 43 23 but
1537 736 43 24 the
1604 735 114 32 majority

1180 785 45 13 use
1237 776 106 22 candles.

1179 923 158 59 LOCAL
1369 923 95 59 and
1496 923 222 59 GENERAL

1211 1036 44 24 Mr
1272 1035 30 25 F.
1322 1035 30 25 B.
1371 1035 80 25 Lane.
1488 1033 179 26 Watchmaker
1695 1032 25 25 of

1178 1081 134 31 Rangiora,
1331 1079 99 24 notifies
1467 1086 29 16 us
1526 1077 56 25 that
1617 1077 32 25 he
1667 1077 50 25 will

1178 1125 57 24 visit
1248 1123 93 25 Oxford
1352 1131 31 17 on
1397 1123 140 31 Thursday,
1563 1122 92 31 Friday
1669 1122 50 24 and

1178 1165 132 30 Saturday,
1345 1164 63 25 Nov.
1423 1165 39 27 25,
1476 1164 40 29 26,
1528 1163 48 25 and
1589 1164 41 23 27.
1678 1162 41 25 Mi-

1177 1209 70 24 Lane
1258 1208 51 25 will
1321 1216 71 23 carry
1411 1216 14 16 a
1437 1216 59 23 very
1517 1206 120 32 complete
1649 1204 69 26 stock

1176 1252 27 25 of
1208 1252 108 25 watches
1328 1252 50 25 and
1387 1251 132 32 jewellery,
1532 1250 26 25 of
1568 1249 151 33 guaranteed

1176 1291 104 32 quality,
1316 1291 132 31 including
1482 1290 94 25 several
1611 1290 66 24 lines
1695 1295 26 23 of

1178 1342 105 24 watches
1309 1341 52 32 just
1394 1344 25 20 to
1456 1339 77 28 hand,
1568 1339 152 31 comprising

1177 1382 186 27 Rotherham's,
1406 1380 164 28 Ehrhardt's,
1603 1380 116 24 Baume's

1178 1423 49 24 and
1245 1430 15 17 a
1277 1422 98 32 youth's
1404 1420 80 26 watch
1510 1420 28 25 m
1564 1420 63 26 solid
1646 1420 73 26 silver

1178 1475 77 21 cases,
1274 1475 14 16 a
1306 1465 96 26 marvel
1420 1465 27 25 of
1469 1465 148 31 cheapness.

1211 1510 105 30 Repairs
1328 1509 118 24 executed
1467 1508 26 24 m
1506 1516 15 16 a
1538 1508 181 25 workmanlike

1178 1556 105 15 manner
1295 1549 26 22 at
1339 1555 58 22 very
1415 1547 47 24 low
1474 1548 77 23 rates.

1212 1625 21 25 A
1251 1625 75 30 child,
1345 1623 134 32 belonging
1488 1626 26 22 to
1528 1622 40 26 Mr
1578 1622 32 26 G.
1625 1622 92 31 Smith,

1178 1669 99 31 Engine
1289 1668 89 29 driver,
1397 1667 72 26 West
1481 1667 101 28 Oxford,
1595 1667 122 24 accident-

1178 1713 24 31 ly
1214 1713 44 24 fell
1269 1712 71 25 down
1350 1712 42 24 the
1405 1710 57 26 well
1474 1719 33 16 on
1519 1711 118 31 Monday,
1669 1711 47 24 and

1178 1764 51 18 was
1248 1756 104 24 rescued
1369 1756 56 24 with
1444 1754 123 33 difficulty

1213 1842 127 25 Meeting.
1377 1842 51 22 The
1448 1841 102 23 Annual
1571 1841 112 30 Meeting
1695 1839 27 24 of

1178 1886 174 25 shareholders
1364 1886 26 23 m
1404 1885 42 25 the
1458 1884 78 25 Town
1556 1883 61 26 Hall
1630 1883 88 31 Comp-

1179 1939 46 22 any
1239 1930 50 24 will
1302 1930 30 24 be
1343 1930 57 24 held
1408 1931 41 27 _^t
1473 1930 43 23 the
1537 1928 66 24 East
1627 1928 93 24 Oxford

1179 1975 77 24 Town
1271 1973 60 25 Hall
1343 1982 33 16 on
1391 1973 64 25 Nov.
1469 1971 70 27 30th.

1211 2044 179 23 Influenza.
1397 2041 61 25 Now
1478 2041 51 24 this
1558 2041 121 31 epidemic
1698 2041 21 24 is

1178 2088 131 30 becoming
1319 2086 130 32 prevalent
1457 2094 37 17 we
1506 2085 114 32 strongly
1629 2093 90 17 recom-

1179 2131 72 25 mend
1264 2131 43 25 the
1319 2131 50 24 free
1382 2138 44 16 use
1439 2130 27 24 of
1477 2130 124 31 Platypus
1610 2129 85 25 Brand
1705 2137 14 17 o

1178 2176 155 31 Eucalyptus
1349 2175 124 24 Globulus
1502 2174 113 27 Extract,
1644 2175 75 23 taken

1179 2227 67 24 upon
1269 2227 90 23 sugar-
1371 2226 29 17 or
1419 2218 28 24 m
1470 2217 72 25 milk.
1578 2217 54 24 The
1655 2218 65 23 most

1178 2262 115 33 pleasant
1305 2269 53 24 way
1371 2262 25 24 to
1406 2260 57 26 talw
1475 2260 156 31 Eucalyptus
1654 2260 22 25 is
1695 2261 25 23 m

1178 2305 44 25 the
1255 2305 116 32 Platypus
1400 2304 87 25 Brand
1500 2304 43 25 'of
1566 2304 154 31 Eucalyptus

1178 2339 117 33 Jujubes.
1331 2338 70 32 They
1413 2346 42 17 are
1467 2338 25 24 m
1509 2337 62 26 such
1583 2345 16 17 a
1611 2337 109 31 portable

1179 2380 72 28 form,
1263 2379 116 32 pleasant
1391 2381 25 23 to
1429 2380 73 28 taste,
1521 2379 50 24 and
1589 2379 131 31 antiseptic

1179 2419 141 24 stimulant.

1212 2471 84 22 Local
1333 2470 101 23 Option.
1471 2469 39 24 Wj
1523 2471 26 22 at
1587 2469 22 24 is
1644 2469 77 24 Local

1180 2513 90 33 Option
1281 2513 10 25 ?
1310 2512 76 33 Why,
1416 2513 112 24 whether
1557 2519 49 25 you
1635 2520 31 24 go
1695 2515 26 22 to

1180 2558 179 26 Christchurch
1379 2557 48 25 and
1453 2565 49 24 pay
1514 2558 54 24 30s.
1589 2556 38 26 for
1637 2565 16 17 a
1671 2557 50 25 suit

1180 2603 26 24 of
1237 2602 107 32 Kaiapoi
1378 2602 91 25 Tweed
1503 2610 27 17 or
1559 2603 40 30 get
1622 2609 47 17 one
1695 2603 26 23 at

1180 2647 120 26 Parish's,
1321 2646 65 25 East
1409 2646 102 27 Oxford,
1530 2646 37 24 for
1590 2646 54 24 21s.

1213 2691 31 24 R.
1262 2690 33 24 H.
1308 2690 89 24 Parish
1410 2690 22 24 is
1444 2698 56 16 now
1513 2690 104 31 making
1639 2689 80 25 Men's

1182 2734 69 24 Suits
1263 2736 26 22 to
1302 2733 71 25 order
1385 2733 64 25 from
1464 2733 38 25 2
1515 2734 53 24 15s.

1212 2808 128 25 Lecture.
1378 2808 63 25 Miss
1455 2808 102 25 Garstin
1571 2808 51 26 will
1643 2808 77 32 speak

1178 2860 33 17 on
1379 2850 111 33 Healing
1524 2850 42 26 tho
1588 2851 85 25 Power
1696 2851 25 26 of

1179 2896 119 31 Thought
1318 2896 27 24 m
1366 2895 43 25 the
1422 2895 63 25 Curo
1497 2895 51 25 and
1567 2895 152 25 Production

1178 2940 27 25 of
1361 2947 33 17 on
1409 2939 103 32 Sunday
1536 2940 107 32 evening
1655 2939 63 26 Nov.

1178 2985 65 22 21st.

1255 3110 138 39 CYCLING
1419 3110 32 38 IN
1478 3110 160 44 ENGLAND.

1209 3244 54 22 The
1275 3245 70 28 great
1357 3245 96 20 contest
1466 3242 37 22 for
1515 3242 43 22 the
1572 3241 66 23 Gold
1651 3240 64 24 Vase

1176 3289 45 24 pm
1235 3289 31 22 up
1278 3280 38 24 for
1329 3280 158 31 competition
1507 3280 30 31 by
1551 3279 42 24 the
1614 3278 103 25 Cattiold

1177 3319 70 27 Club,
1266 3318 47 24 has
1332 3318 92 31 proved
1437 3326 13 17 a
1471 3317 166 31 conspicuous
1659 3324 52 17 suc-

1176 3365 60 20 cess,
1255 3357 50 23 and
1319 3357 41 24 the
1371 3356 85 28 result,
1471 3355 96 31 though
1582 3354 135 25 somewhat

1176 3397 157 31 unexpected,
1352 3405 51 17 was
1416 3405 14 18 a
1443 3397 108 25 brilliant
1574 3397 94 31 victory
1680 3395 37 24 for

1177 3438 28 22 A.
1219 3437 32 23 E.
1266 3436 115 24 Walters.

1211 3514 149 31 Something
1380 3514 26 24 of
1425 3521 15 16 a
1464 3513 64 24 boon
1552 3512 22 24 is
1599 3511 118 31 expected

1178 3553 93 31 shortly
1284 3553 26 23 m
1323 3552 72 25 chain
1400 3553 47 23 less
1470 3552 89 31 cycles,
1587 3549 86 25 driven
1688 3550 29 31 by

1178 3593 67 26 bevel
1259 3593 100 29 wheels,
1380 3594 43 23 but
1447 3591 116 28 repeated
1587 3591 50 24 and
1661 3599 56 16 con-

1176 3634 89 25 firmed
1289 3634 167 31 experiments
1476 3633 27 24 of
1522 3635 142 27 competent
1677 3640 40 15 en-

1177 3676 95 30 gineer*
1286 3675 64 23 have
1360 3673 140 31 invariably
1519 3672 101 31 pointed
1635 3675 24 21 to
1673 3673 44 23 the

1178 3722 67 15 same
1266 3713 86 28 result,
1371 3713 55 24 that
1450 3711 50 24 this
1522 3713 94 29 system
1628 3711 28 24 of
1677 3711 42 23 thu

1178 3751 171 26 transmission
1370 3751 26 24 of
1409 3758 78 24 power
1510 3750 22 24 is
1546 3750 49 24 less
1608 3749 108 25 efficient

1178 3792 61 23 than
1254 3790 39 24 the
1307 3798 41 16 use
1363 3789 26 23 of
1399 3797 14 15 a
1426 3789 81 23 chain.
1557 3788 54 24 The
1625 3791 95 25 es?ontt

1178 3829 45 26 ials
1236 3830 27 24 of
1274 3836 14 18 a
1307 3828 75 25 chain
1406 3835 50 21 are,
1477 3827 118 28 however,
1621 3827 54 24 that
1700 3827 19 24 it

1178 3870 89 25 should
1281 3870 29 24 be
1322 3868 142 31 accurately,
1474 3867 79 29 made,
1574 3868 143 31 practically

1180 3911 104 23 without
1308 3909 100 28 stretch,
1427 3908 50 24 and
1498 3908 90 24 should
1613 3916 45 16 run
1688 3916 31 17 on

1178 3948 184 28 chain-whael.s,
1399 3947 80 24 whose
1509 3947 69 23 taeth
1608 3955 39 15 nnj
1677 3955 40 15 ac-

1179 3984 171 35 curateiy'cut.
1400 3988 81 22 When
1494 3988 71 22 these
1577 3987 142 23 conditions

1178 4036 42 17 are
1232 4028 113 28 fulfilled,
1376 4026 51 25 and
1455 4027 50 24 the.
1517 4026 75 24 chain
1611 4026 21 24 is
1662 4026 59 31 kept

1179 4069 78 27 clean,
1271 4068 69 23 there
1352 4068 21 23 is
1386 4075 33 17 no
1430 4066 92 31 cogged
1536 4066 77 24 wheel
1628 4068 91 29 system

1179 4110 25 23 of
1214 4108 99 31 driving
1326 4108 81 24 which
1418 4108 22 24 is
1453 4108 33 24 its
1499 4108 119 30 superior.

1427 4146 13 13 *
1460 4146 14 13 #

1213 4181 20 23 A
1247 4179 54 31 silly
1314 4179 68 24 hoax
1394 4179 47 24 has
1465 4179 59 23 been
1538 4178 87 31 played
1639 4178 35 24 off
1689 4186 30 16 on

1181 4219 41 24 (he
1234 4217 100 25 French
1347 4217 87 32 racing
1446 4217 85 25 world.
1552 4217 54 24 Tho
1621 4217 98 23 French

1179 4259 119 27 nnwteur,
1326 4258 160 29 Fonscarme,
1518 4258 81 23 issued
1613 4264 15 17 a
1651 4257 68 23 chal-

1180 4299 71 31 hnge
1265 4301 25 22 to
1303 4299 43 24 the
1369 4297 178 32 Englishman,
1574 4296 32 26 E.
1628 4296 91 31 Gould,

1180 4342 25 22 to
1218 4348 30 22 go
1261 4348 57 16 over
1331 4342 24 22 to
1375 4338 97 25 Francs
1485 4337 48 25 and
1554 4345 56 17 race
1622 4336 99 33 againsfc

1179 4378 63 25 him.
1279 4378 20 24 A
1323 4377 81 30 loiter,
1424 4376 149 33 purporting
1597 4378 25 23 to
1646 4376 28 24 be
1687 4384 32 17 an

1172 4422 1 2 '
1180 4423 146 28 Acceptance
1338 4419 62 24 from
1416 4417 91 30 Gould,
1524 4425 54 17 .was
1600 4416 119 29 received,

1180 4458 48 24 a>-d
1240 4466 13 15 a
1277 4457 145 31 deputation
1436 4456 100 24 awaited
1562 4456 43 24 the
1629 4455 91 24 arrival

1180 4497 26 25 of
1218 4497 39 25 the
1280 4497 74 25 train.
1391 4496 39 24 No
1454 4496 65 24 Goul
1529 4496 7 23 1
1562 4495 89 25 luimeil
1675 4503 43 23 up.

1181 4536 55 25 The
1249 4535 79 25 letter,
1336 4541 48 17 was
1397 4532 132 35 produced,
1543 4533 47 25 and
1614 4540 51 19 was
1677 4532 45 26 otv

1747 186 94 34 viously
1854 195 15 16 a
1880 186 74 31 hoax,
1973 196 26 16 as
2010 187 20 25 it
2043 196 50 17 was
2105 188 110 26 couched
2228 189 25 25 m
2267 197 15 17 a

1746 226 104 25 mixture
1863 226 27 24 of
1900 226 226 33 Frency-English,
2140 228 62 24 such
2211 237 27 16 as
2250 237 33 17 no

1745 265 84 23 native
1842 265 72 24 could
1927 269 110 22 concoct,
2062 267 50 23 and
2125 273 50 17 was
2202 274 82 17 cram-

1747 302 57 25 med
1817 302 61 25 with
1890 311 89 17 errors.
2016 303 83 25 Gould
2119 305 104 24 himself
2234 305 51 24 had

1747 350 76 16 never
1835 342 124 31 accepted,
1978 350 47 17 nor
2048 343 115 24 intended
2177 345 31 27 to,
2235 344 50 24 and

1747 380 43 25 the
1801 383 156 28 perpetrator
1970 381 28 25 of
2018 381 42 25 the
2074 381 66 25 hoax
2152 383 46 23 has
2226 382 57 32 mly

1747 423 45 29 put
1804 430 13 14 a
1830 421 36 24 lot
1879 421 24 24 of
1914 421 86 31 people
2013 423 25 23 to
2051 430 13 16 a
2075 422 56 24 deal
2144 422 26 25 of
2180 422 103 29 trouble,

1747 463 49 24 and
1810 465 71 22 made
1893 465 26 23 at
1932 463 53 25 best-
2008 472 14 15 a
2035 472 58 23 very
2116 465 78 24 feeble
2213 465 65 30 joke.

1749 504 68 31 They
1830 505 67 23 want
1910 506 25 23 to
1960 504 60 24 blow
2045 505 51 24 him
2120 512 33 24 up
2177 513 57 18 over
2257 507 28 24 m

1750 545 79 25 Paris.

2011 605 13 13 *

1782 626 33 24 At
1827 634 14 16 a
1853 626 61 31 busy
1927 634 86 17 oorner
2025 627 26 22 m
2065 626 80 24 South
2169 627 115 28 London,

1748 667 81 24 where
1841 667 70 24 three
1923 667 73 24 roads
2015 668 73 27 meet,
2107 675 15 16 a
2134 667 77 30 youth
2235 675 51 16 was

1749 707 108 29 recently
1869 705 83 31 riding
1964 713 14 16 a
1991 704 90 32 bicycle
2091 706 25 22 at
2125 712 31 16 an
2167 704 119 25 admitted

1748 746 74 30 speed
1835 746 27 24 of
1881 747 41 22 ten
1937 746 69 24 miles
2029 753 30 16 an
2072 745 71 29 hour,
2170 745 70 24 when
2254 745 32 24 he

1748 792 70 16 came
1830 784 54 24 into
1897 784 111 24 collision
2021 783 61 25 with
2095 792 15 16 a
2123 785 99 23 servant
2241 783 45 31 girl

1747 822 57 24 who
1817 822 120 31 suddenly
1950 821 103 32 stepped
2064 822 26 24 m
2107 822 41 24 the
2157 830 61 23 way.
2232 821 53 25 The

1747 860 47 31 girl
1806 860 49 28 fell,
1870 860 49 24 and
1943 860 176 31 subsequently
2143 860 55 24 died
2215 861 68 23 from

1747 900 43 24 the
1811 900 102 31 injuries
1926 900 45 24 she
1994 900 119 28 received,
2137 899 50 24 and
2198 899 25 23 m
2237 900 48 23 due

1747 946 84 16 course
1844 938 42 24 the
1899 938 86 31 cyclist
1998 945 48 16 was
2068 937 108 31 brought
2199 936 85 25 b?fore

1748 977 41 24 the
1801 977 153 31 magistrate.
1991 976 52 24 The
2067 976 89 30 charge
2168 975 26 25 of
2215 983 68 16 man-

1747 1017 130 32 slaughter
1890 1025 50 16 was
1952 1016 140 30 dismissed,
2112 1016 46 25 but
2182 1016 29 25 he
2234 1023 52 17 was

1746 1056 67 25 fined
1825 1058 64 29 torty
1903 1055 115 31 shillings
2032 1055 37 24 for
2079 1055 94 24 furious
2186 1055 99 31 driving

1748 1103 26 16 as
1796 1095 44 24 the
1853 1095 143 31 magistrate
2008 1093 57 25 held
2090 1093 57 24 that
2161 1095 41 23 ten
2215 1093 70 24 miles

1747 1142 31 15 an
1790 1133 66 24 hour
1872 1134 26 23 m
1912 1132 61 25 such
1984 1140 15 17 a
2011 1133 68 31 place
2092 1133 20 23 is
2126 1134 39 22 too
2177 1133 58 24 fast.

1782 1276 54 24 The
1848 1275 67 25 dre?s
1938 1275 27 25 of
1975 1283 30 17 an
2027 1274 92 31 elderly
2148 1274 56 24 wife
2224 1274 28 24 of
2272 1281 14 17 a

1747 1315 103 24 London
1875 1314 157 24 mercantile
2056 1315 123 29 magnate,
2206 1312 80 31 newly

1749 1356 61 28 rich,
1830 1355 54 24 who
1895 1363 51 16 was
1970 1354 131 31 presented
2125 1356 26 22 at
2164 1362 14 16 a
2201 1355 85 23 recent

1748 1396 209 31 Drawing-room,
1993 1397 53 22 cost
2084 1396 76 27 3,000
2182 1394 104 31 guineas

1749 1434 68 33 (says
1829 1434 42 25 the.
1880 1434 104 31 English
1993 1434 145 24 Illustrated
2147 1432 138 33 Magazine)

1748 1474 48 24 ai.d
1820 1473 48 25 will
1881 1480 75 17 never
1978 1472 30 25 be
2031 1480 66 16 worn
2120 1472 74 31 again
2207 1472 25 23 m
2245 1470 42 25 the

1748 1514 62 24 form
1822 1513 27 24 m
1863 1512 79 24 which
1957 1514 41 23 the
2011 1512 115 24 Princess
2146 1519 52 17 aaw
2210 1511 28 25 it.
2274 1511 13 24 I

1748 1559 42 17 am
1803 1553 42 23 not
1858 1559 65 20 fiurp,
1942 1550 64 25 from
2017 1550 67 25 what
2097 1550 14 24 I
2123 1550 72 24 know
2207 1550 27 23 of
2245 1549 42 24 the

1748 1589 66 32 lady,
1833 1589 56 24 that
1900 1588 44 25 she
1967 1587 79 25 would
2059 1589 102 23 consent
2185 1589 25 22 to
2223 1587 64 25 have

1747 1629 21 24 it
1780 1627 167 32 re-arranged.
1984 1627 20 24 A
2025 1627 124 24 thousand
2170 1634 14 17 a
2196 1634 58 24 year
2265 1627 22 24 is

1749 1669 31 23 by
1791 1676 34 16 no
1837 1676 88 16 means
1937 1676 30 16 ao
1992 1668 106 24 unusual
2111 1668 69 24 dress
2204 1667 83 25 allow-

1748 1717 61 16 ance
1821 1711 25 22 to
1859 1709 43 24 the
1914 1707 135 32 daughters
2061 1708 27 23 of
2097 1708 41 24 the
2151 1708 62 24 rich.
2234 1708 53 24 One

1748 1749 58 31 lady
1818 1748 110 32 recently
1953 1747 130 32 expressed
2106 1747 45 24 her
2173 1747 115 33 inability

1749 1790 26 23 to
1785 1787 69 25 dress
1867 1786 113 32 properly
1992 1786 79 25 under
2084 1787 99 28 3,000
2195 1794 15 16 a
2220 1794 66 23 year,

1748 1827 49 24 and
1810 1826 43 24 she
1865 1825 114 26 declared
1989 1825 71 24 when
2072 1824 70 26 sable
2155 1825 57 25 tails
2227 1832 60 17 were

1748 1865 143 25 introduced
1914 1872 28 17 as
1954 1872 28 16 an
2005 1863 85 25 article
2102 1864 28 25 of
2151 1864 68 25 dress
2233 1864 54 25 that

1747 1905 43 25 she
1802 1904 81 26 would
1902 1903 92 32 require
2019 1903 72 25 600
2111 1911 69 16 more
2203 1904 84 24 unless

1749 1946 44 24 she
1805 1953 64 16 were
1882 1949 25 20 to
1916 1952 32 23 go
1968 1945 56 23 into
2036 1944 93 31 society
2144 1944 64 24 unfit
2220 1945 25 23 to
2257 1944 30 24 be

1749 1992 58 17 seen
1817 1985 5 23 !
1842 1984 30 24 In
1897 1983 43 25 the
1963 1985 91 22 matter
2077 1982 26 25 of
2123 1982 80 29 shoes,
2222 1991 55 16 mos

1749 2023 76 26 ladies
1850 2022 49 25 will
1923 2023 60 23 have
2006 2021 98 25 noticed
2128 2021 56 24 that
2206 2021 27 23 iv
2246 2022 42 23 the

1750 2065 128 22 trousseau
1891 2060 26 26 of
1927 2060 114 24 Princess
2064 2059 78 25 Maud
2161 2067 57 17 over
2239 2061 48 23 100

1748 2103 67 31 pairs
1827 2109 63 17 were
1902 2101 125 31 provided.
2054 2100 62 25 This
2127 2100 107 25 number
2245 2101 43 24 ha?

1750 2145 58 23 been
1829 2142 91 32 largely
1933 2141 121 25 exceeded
2077 2141 31 31 by
2121 2149 77 24 many
2211 2149 74 16 mem-

1750 2184 54 23 bers
1816 2182 27 24 of
1853 2182 43 24 the
1909 2182 161 29 extravagent
2082 2180 81 25 circle.
2211 2178 24 25 J'f
2247 2182 41 23 the

1750 2220 90 25 author
1868 2220 26 24 of
2239 2218 51 25 had

1750 2258 91 24 known
1862 2257 142 31 something
2015 2257 25 23 of
2059 2258 41 21 the
2112 2259 178 28 extravagenee

1750 2298 27 24 of
1795 2297 169 26 millionaires,
1982 2297 66 23 from
2067 2297 42 23 tho
2123 2298 131 29 supplying
2265 2297 27 24 of

1750 2337 67 23 their
1828 2343 51 16 own
1893 2335 118 25 comforts
2024 2337 25 22 to
2059 2334 43 24 the
2115 2334 117 32 tailoring
2240 2334 49 25 and

1751 2375 110 33 valeting
1872 2376 27 24 of
1921 2375 63 25 their
2002 2376 41 30 pet
2066 2375 69 31 dogs,
2159 2382 16 17 a
2192 2377 98 29 greater

1750 2417 105 32 impulse
1867 2415 81 26 would
1966 2415 64 24 have
2042 2415 61 24 been
2115 2415 73 32 given
2201 2417 24 22 to
2246 2415 43 25 the

1750 2457 109 25 advance
1877 2455 27 26 of
1926 2454 131 25 Socialism
2077 2455 27 24 m
2128 2454 43 25 the
2194 2454 95 25 United

1750 2496 134 31 Kingdom.

2011 2547 14 12 #

1785 2563 32 24 In
1838 2561 76 32 Italy,
1933 2561 25 26 of
1976 2570 15 16 a
2014 2561 64 25 total
2100 2560 146 33 population
2268 2569 14 15 o

1751 2605 92 28 81,000
1855 2603 109 24 millions
1989 2604 55 30 only
2072 2603 131 28 1,250,000
2224 2603 64 24 went

1750 2646 26 23 to
1788 2644 43 25 the
1844 2644 62 29 polls
1918 2644 26 23 m
1957 2643 44 24 the
2014 2643 114 24 ejection.
2148 2642 54 25 The
2214 2650 72 16 num-

1750 2683 42 25 ber
1804 2683 26 24 of
1839 2683 72 24 adult
1935 2683 73 24 males
2026 2681 22 25 is
2072 2688 57 18 over
2152 2681 136 28 7,000,000

1750 2725 44 23 but
1806 2723 27 24 of
1844 2723 70 24 these
1927 2723 133 28 8,900,000
2073 2729 41 16 are
2127 2721 161 25 disfranchis-

1749 2762 28 25 ed
1798 2761 107 25 because
1928 2760 25 24 of
1963 2760 55 24 lack
2037 2759 27 25 of
2082 2760 136 27 education,
2238 2759 50 24 and

1749 2801 134 28 2,000,000
1895 2799 75 25 failed
1982 2801 24 22 to
2019 2798 104 32 register
2135 2798 49 24 and
2201 2797 86 32 nearly

1749 2840 103 22 another
1864 2838 97 24 million
1975 2837 74 23 failed
2062 2840 25 20 to
2104 2845 90 22 appear
2206 2840 26 20 at
2245 2836 42 24 the

1748 2878 73 31 polls.
1858 2877 79 25 Thus,
1956 2876 61 24 with
2027 2876 142 31 ignorance,
2183 2874 103 32 apathy,

1749 2916 127 32 stupidity,
1906 2915 50 25 and
1979 2914 165 28 indifference,
2175 2914 64 32 Italy
2267 2914 20 24 is

1748 2954 71 25 ruled
1832 2954 30 32 by
1875 2963 15 16 a
1903 2962 56 23 very
1979 2954 73 25 small
2076 2953 118 32 minority
2207 2953 27 25 of
2254 2955 34 23 its

1748 2997 90 23 voters.
1877 2995 107 25 Ghtrion.

1781 3120 195 26 SCRIPTURE
2000 3120 179 25 TEACHING
2193 3122 59 23 RE-

1748 3172 158 25 GARDINQ
1921 3172 71 25 THE
2005 3172 69 25 USE
2085 3172 74 25 AND
2169 3172 116 26 ABUSE

1775 3223 44 24 OP
1830 3223 250 24 INTOXICATING
2098 3222 160 30 LIQUOUS.

1843 3289 56 24 ihat
1922 3288 47 30 day
1993 3289 56 30 sing
2062 3296 29 16 \e
2112 3293 62 19 unto
2197 3289 55 28 har,
2272 3297 14 17 a

1746 3327 118 30 vineyard
1877 3326 25 25 of
1920 3326 43 25 reel
1977 3326 71 29 wine,
2068 3326 12 24 I
2101 3326 42 25 the
2166 3327 68 24 Lord
2255 3327 32 25 do

1746 3365 60 31 keep
1900 3365 84 24 Isaiah
1998 3365 83 27 xxvi.,
2096 3366 23 27 2,
2134 3367 22 23 ;J.

1863 3414 79 19 come,
1957 3405 47 29 buy
2019 3405 61 25 wine
2091 3405 48 25 and
2153 3405 61 25 milk
2224 3406 61 25 with

1746 3449 44 22 out
1802 3455 89 23 money
1901 3447 47 24 ami
1960 3446 105 25 without
2201 3447 85 24 Isaiuh

1746 3483 42 28 lv.,
1804 3485 21 23 1.

1779 3524 48 24 Lst
1840 3531 30 17 us
1883 3524 62 23 walk
1958 3524 120 31 honestly,
2092 3532 27 16 as
2132 3524 27 24 iv
2172 3525 43 24 the
2227 3524 57 31 clay,

1746 3567 45 20 not
1819 3563 26 24 m
1868 3562 122 32 rewlling
2012 3563 49 23 ard
2085 3562 200 26 drunkenness/

1746 3604 110 23 Romans
1870 3603 76 27 xviii.,
1962 3605 38 22 10.

1883 3644 63 24 wine
1959 3644 50 23 and
2032 3651 59 17 corn
2103 3643 64 25 have
2192 3644 13 24 I
2230 3652 54 16 sus-

1748 3682 82 24 tained
1957 3682 64 24 Crea.
2034 3682 86 28 xxvii.,
2134 3684 41 22 '67.

1901 3722 77 23 which
2009 3722 115 24 cheareth
2156 3722 56 24 God
2237 3724 50 23 avd

1859 3758 99 30 Judges,
1966 3758 42 28 ix.,
2023 3760 39 23 18.

1844 3799 62 24 fea.-t
1918 3799 21 24 is
1953 3799 72 24 made
2046 3800 38 23 for
2095 3799 123 31 laughter,
2239 3800 48 24 Hnd

1747 3839 64 25 wine
1823 3839 103 24 maketh
1936 3840 106 30 merry.'"
2080 3838 159 27 Ecclesustos
2252 3849 33 19 x.,

1750 3881 38 24 19.

1877 3921 87 29 strong
1976 3919 73 25 drink
2063 3922 61 23 unto
2133 3920 54 25 him
2201 3922 54 24 that
2268 3922 19 24 is

1748 3959 71 31 ready
1835 3960 25 23 to
1884 3959 89 30 perish,
1992 3959 46 23 and
2052 3959 63 24 wine
2141 3962 60 22 unto
2215 3960 73 25 those

1748 3997 56 23 who
1816 4004 41 15 are
1870 3998 25 21 of
1917 3997 78 31 heavy
2021 4000 88 20 hearts.
2161 3999 48 22 Let
2236 3999 50 22 him

1748 4035 80 30 drink,
1847 4035 49 25 and
1908 4036 79 30 forget
2000 4036 38 25 lm
2050 4040 112 29 poverty,
2188 4038 49 23 and
2251 4046 36 16 re-

1749 4075 110 24 member
1878 4075 40 24 his
1931 4077 92 29 misery
2045 4084 32 16 ao
2227 4077 60 24 Pro-

1749 4113 71 25 verbs
1833 4113 66 25 xxxi.
1905 4132 5 9 v
1924 4116 23 27 G,
1962 4116 23 22 7.

1885 4153 66 25 little
1973 4155 79 28 foxes,
2080 4154 55 24 that
2159 4155 62 30 spoil
2246 4155 42 25 the

1748 4194 76 28 vines,
1838 4195 37 24 for
1887 4203 44 17 our
1944 4195 69 24 vines
2027 4197 60 22 have
2102 4195 86 23 tender
2199 4203 89 24 grapes

1798 4235 68 31 Song
1878 4235 27 25 of
1916 4235 128 29 Solomon,
2059 4235 50 29 vii..
2126 4237 39 22 12.

1781 4272 75 32 Why,
1875 4273 20 24 it
1908 4280 56 23 may
1976 4272 30 25 be
2027 4272 84 28 asked,
2130 4273 42 25 did
2196 4274 91 29 Christ,

1749 4316 52 25 who
1814 4317 48 24 had
1874 4316 62 24 been
1959 4317 26 23 m
2007 4317 42 23 the
2072 4317 71 24 habit
2166 4317 27 24 of
2212 4318 75 30 using

1748 4362 64 24 wine
1835 4361 155 31 throughout
2009 4362 40 23 his
2062 4361 51 29 Itfe,
2137 4363 80 23 refuse
2229 4362 20 24 it
2261 4363 26 23 at

1748 4407 41 23 tli3
1802 4413 57 24 very
1884 4407 113 23 moment
2010 4405 26 25 of
2058 4405 31 25 all
2112 4406 83 24 others
2216 4405 72 25 when

1748 4450 49 24 His
1809 4450 143 24 exbaustsi
1967 4449 129 30 onditip'n
2117 4449 83 26 would
2224 4449 64 26 hav6

1749 4494 68 24 made
1830 4494 19 23 it
1862 4501 67 16 accer
1936 4493 66 24 table
2012 4494 11 23 ?
2036 4493 41 24 He
2089 4500 51 17 was
2152 4500 15 17 a
2179 4493 40 24 He
2236 4500 51 17 was

1748 4546 14 16 a
1774 4536 69 32 High
1856 4536 87 29 Priest,
1953 4537 47 24 anJ
2014 4536 89 31 priests
2117 4543 63 18 were
2193 4535 80 26 forbid
2282 4554 7 5 .

2317 187 46 25 den
2385 188 26 24 to
2423 187 56 25 take
2491 187 64 25 wine
2568 187 72 25 when
2664 186 104 31 offering
2780 185 74 25 sacri-

2317 231 69 24 fices.

2351 271 41 31 Up
2406 276 23 19 to
2453 272 43 25 the
2510 280 54 24 very
2576 272 51 25 last
2650 272 47 31 day
2711 272 25 23 of
2749 271 40 24 his
2812 270 42 25 life

2319 315 90 29 Moses,
2421 315 75 31 spoke
2508 315 27 24 of
2545 315 43 25 the
2600 315 55 25 vine
2665 314 49 25 and
2723 314 43 25 the
2778 314 76 24 'wine'

2319 368 26 16 as
2358 367 15 17 a
2386 358 60 26 boon
2461 360 49 23 and
2522 367 14 17 a
2551 360 114 30 blessing.

2359 507 121 29 NEWS
2496 506 52 30 OF
2566 506 87 30 THE
2676 505 133 31 WEEK.

2352 610 121 31 Burglars
2486 610 85 24 v/sitecl
2586 610 42 24 the
2640 609 117 32 premises
2779 608 27 26 of
2816 609 39 25 Mr

2319 653 101 29 Batkiu,
2439 654 126 25 Lumbton
2590 654 77 31 Quay,
2694 654 159 31 Wellington,

2319 705 32 16 on
2364 697 156 32 Wednesday
2532 698 81 31 night.
2649 698 70 31 They
2740 697 76 24 broke
2827 698 27 23 m

2319 742 26 23 at
2357 742 40 23 the
2409 741 69 28 buck,
2497 742 45 23 but
2554 742 27 23 m
2593 742 83 31 trying
2688 744 26 22 to
2733 744 69 22 enter
2814 742 41 23 the

2319 786 59 31 shop
2392 793 61 17 were
2462 785 76 25 foiled
2550 786 31 31 by
2594 794 14 16 a
2620 786 142 24 steel-lined
2786 785 67 30 door,

2319 829 50 23 and
2380 831 67 22 went
2459 829 34 24 off
2514 832 26 22 to
2552 829 130 25 Hannah's
2704 831 57 23 boot
2779 838 74 16 ware-

2318 872 86 28 house,
2423 881 12 14 a
2448 873 44 24 few
2504 873 74 30 yards
2592 880 76 24 away.
2705 873 79 24 There
2795 873 60 31 they

2319 916 72 24 made
2403 916 36 24 off
2448 916 59 24 with
2532 924 15 16 a
2569 921 51 20 cart
2644 916 56 24 load
2720 917 27 23 of
2768 916 69 25 boots
2848 924 5 20 ;

2319 966 92 23 several
2435 965 75 24 boxes
2523 964 46 25 full
2593 972 62 17 were
2667 964 67 32 piled
2757 972 33 24 up
2803 966 26 23 at
2842 973 11 15 a

2319 1008 91 25 broken
2423 1008 114 28 window,
2556 1008 124 33 evidently
2693 1008 74 32 ready
2787 1011 26 22 to
2826 1008 29 25 be

2320 1052 72 24 taken
2405 1060 76 25 away,
2517 1052 54 25 The
2592 1052 94 25 thieves
2707 1057 66 19 must
2793 1052 63 25 have

2318 1095 50 25 had
2379 1105 13 14 a
2404 1098 54 22 cart
2469 1096 109 31 waiting,
2599 1096 43 25 but
2653 1104 64 18 were
2729 1096 125 25 disturbed

2319 1139 82 25 before
2424 1141 114 31 securing
2561 1141 34 24 all
2615 1140 43 25 the
2670 1141 103 31 piunder
2797 1140 58 31 they

2319 1183 118 26 intended
2449 1186 26 23 to
2488 1187 49 28 get.

2353 1226 14 25 I
2380 1226 151 25 understand
2543 1226 55 26 that
2621 1226 43 26 the
2686 1227 170 25 Government

2319 1271 141 31 recognises
2472 1271 42 25 the
2536 1271 94 33 futility
2653 1273 27 23 of
2700 1272 156 31 attempting

2319 1316 26 23 to
2368 1323 55 23 pass
2436 1323 15 16 a
2475 1316 118 31 Banking
2615 1316 52 24 Bill
2690 1316 50 25 this
2754 1316 101 29 session,

2319 1359 50 24 and
2390 1360 19 23 it
2432 1359 50 25 will
2507 1359 29 24 be
2559 1360 116 24 included
2699 1368 91 23 among
2813 1360 43 24 the

2319 1403 156 31 slaughtered
2488 1403 140 25 innocents.

2352 1447 54 25 The
2420 1447 48 32 boy
2482 1447 101 25 Charles
2597 1447 68 29 Best,
2679 1447 56 26 who
2747 1449 108 24 sustain-

2319 1491 29 25 ed
2361 1491 95 25 serious
2468 1490 101 32 injuries
2591 1492 27 24 m
2631 1492 43 24 the
2685 1499 112 24 runaway
2818 1501 37 16 ac-

2319 1535 83 24 cident
2414 1543 32 16 on
2466 1535 115 31 Tuesday
2602 1535 127 24 afternoon
2741 1543 61 16 near
2815 1536 41 24 the

2321 1578 60 24 Cam
2405 1577 101 32 Bridge,
2526 1578 116 31 Kaiapoi,
2673 1578 23 24 is
2718 1586 57 16 now
2797 1579 25 23 m
2842 1586 14 16 a

2320 1620 99 33 hopeful
2431 1621 133 25 condition.
2600 1621 54 25 The
2673 1622 103 25 medical
2799 1630 56 16 men

2320 1667 64 23 state
2397 1666 53 23 that
2463 1665 43 24 the
2517 1665 72 25 brain
2602 1665 68 25 itself
2681 1666 44 24 has
2736 1667 46 23 not
2794 1666 62 24 been

2321 1709 104 31 injured.

2354 1755 74 24 After
2439 1764 12 15 a
2465 1757 60 30 long
2548 1755 85 25 search
2646 1764 14 15 a
2682 1757 73 30 party
2778 1755 80 25 found

2320 1799 120 25 Pohlen's
2468 1807 52 24 gun
2549 1799 137 32 cunningly
2726 1800 130 24 concealed

2321 1844 78 23 under
2421 1843 40 25 his
2484 1844 79 24 house
2582 1851 33 17 on
2638 1843 64 25 Nov.
2726 1845 38 24 17.
2804 1843 54 25 The

2321 1885 90 25 second
2421 1885 80 26 barrel
2514 1894 53 17 was
2578 1885 88 25 loaded
2676 1885 48 25 and
2738 1885 94 32 capped

2400 2040 163 25 BRAVERY
2577 2040 44 24 OF
2642 2039 129 26 WOMEN.

2356 2128 24 24 Ifc
2392 2136 49 16 was
2453 2128 54 24 said
2526 2128 31 30 by
2577 2135 33 17 an
2622 2127 122 25 excellent
2763 2127 97 28 Divine,

2429 2167 97 31 though
2540 2175 76 22 many
2627 2166 149 25 discoveries
2797 2166 65 24 have

2324 2208 61 22 been
2404 2206 73 24 made
2497 2206 26 24 m
2542 2206 43 24 the
2604 2205 76 25 world
2698 2205 27 24 of
2742 2204 118 27 self-love,

2323 2244 71 25 there
2405 2244 22 25 is
2450 2250 40 26 yet
2503 2244 147 25 abundance
2669 2250 25 17 or
2719 2245 83 24 '"terra
2824 2243 36 24 in-

2451 2283 46 25 left
2516 2283 99 25 behibd.
2651 2283 25 26 Ifc
2695 2284 46 25 has
2764 2284 98 30 pleased

2323 2333 59 17 men
2395 2327 23 22 to
2440 2327 112 29 arrogate
2572 2327 24 22 to
2618 2324 148 25 themselves
2778 2323 82 31 nearly

2324 2363 42 25 the
2377 2363 81 25 whole
2479 2364 24 23 of
2515 2363 95 24 human
2631 2370 106 23 courage
2760 2361 48 25 and
2835 2368 25 19 to

2322 2402 87 32 regard
2421 2410 93 17 women
2527 2410 27 17 as
2566 2410 58 23 very
2636 2401 73 24 timid
2728 2401 50 24 and
2790 2408 49 17 cow
2849 2415 11 7 -

2323 2441 70 33 ardly
2415 2443 123 23 creatuies
2552 2441 73 24 when
2643 2440 133 32 compared
2799 2440 61 25 with

2323 2482 156 25 themselves.
2514 2481 61 26 Now
2588 2489 36 17 we
2634 2481 30 25 do
2676 2483 46 23 not
2731 2481 65 32 deny
2805 2481 56 25 that

2331 2532 57 17 ome
2399 2531 98 17 women
2521 2521 167 32 occasionally
2708 2519 65 25 have
2794 2520 67 25 little

2321 2562 156 26 affectations
2489 2560 81 25 which
2581 2560 55 32 give
2648 2568 16 16 a
2675 2559 84 25 colour
2772 2561 25 23 to
2810 2559 50 25 this

2321 2602 108 32 opinion.
2465 2600 80 25 These
2558 2607 42 18 are
2613 2599 84 25 scared
2709 2601 28 22 at
2749 2601 111 30 meetiDg

2321 2643 123 24 harmless
2466 2649 63 16 cows
2554 2641 48 23 and
2621 2648 69 19 even,
2718 2647 28 16 as
2763 2639 96 31 though

2321 2683 59 31 they
2392 2690 64 16 were
2467 2681 120 24 ferocious
2599 2680 73 24 bulls.
2707 2679 70 32 They
2786 2679 74 32 jump

2322 2725 23 22 m
2359 2725 80 22 terror
2450 2730 32 15 on
2496 2730 14 16 a
2531 2721 70 24 chair
2613 2723 25 22 at
2651 2720 43 25 the
2715 2720 69 32 sigat
2804 2719 26 25 of
2845 2728 13 16 a

2323 2769 89 17 mouse.
2448 2760 42 25 All
2502 2759 78 29 these,
2594 2759 122 28 however,
2730 2766 41 17 are
2781 2766 78 17 errors

2321 2801 26 24 of
2363 2799 139 28 education,
2518 2798 55 31 just
2590 2806 28 16 as
2637 2797 59 32 boys
2709 2805 42 17 are
2770 2796 89 32 taught

2321 2841 63 23 from
2410 2840 43 24 the
2470 2839 81 24 cradle
2569 2840 25 22 to
2618 2837 96 30 despise
2735 2837 62 30 girls
2821 2836 37 25 for

2321 2879 64 25 tbeir
2398 2876 123 33 supposed
2542 2877 67 23 want
2633 2874 27 26 of
2679 2876 110 30 bravery,
2809 2874 48 25 and

2321 2925 66 24 grow
2406 2919 25 22 to
2443 2915 127 25 manhood
2582 2914 105 25 without
2700 2914 84 30 seeing
2794 2913 64 24 their

2321 2956 114 25 mistake.
2443 2955 49 25 Yet
2501 2953 150 26 Mandeville
2660 2952 27 25 m
2697 2952 38 25 his
2747 2952 110 25 'Search'

2321 2995 52 24 into
2386 2994 43 25 the
2440 2993 95 25 Nature
2548 2992 26 25 of
2723 2999 69 16 avers
2803 2991 56 24 that

2429 3041 26 16 as
2473 3032 32 25 he
2517 3031 21 25 is
2550 3040 13 15 a
2582 3031 85 24 fearful
2682 3029 103 31 animal,
2805 3032 53 22 nat-

2321 3072 81 32 urally
2420 3076 44 19 not
2477 3071 136 31 rapacious,
2632 3069 67 25 loves
2717 3069 80 24 Peace
2809 3069 49 23 and

2322 3111 82 30 Quiet.
2441 3109 54 25 And
2512 3111 31 22 he
2561 3108 82 25 would
2661 3116 73 16 never
2752 3107 70 32 fight,
2841 3107 20 24 if

2321 3151 95 33 nobody
2446 3150 111 27 offended
2580 3150 61 27 him,
2660 3149 50 24 and
2731 3148 30 25 he
2787 3149 71 24 could

2320 3201 65 23 have
2398 3199 82 25 what...
2485 3199 30 25 he
2538 3198 77 31 fights
2636 3196 37 26 for
2696 3196 105 24 without

2322 3239 61 24 This
2394 3246 59 23 may
2476 3238 30 24 be
2518 3239 53 23 true
2584 3236 27 24 of
2622 3243 59 16 man
2693 3243 26 16 as
2733 3243 14 16 a
2747 3241 7 5 %
2760 3243 98 22 sav!ige.

2322 3277 49 25 But
2392 3276 149 26 civilization
2564 3278 68 29 gives
2653 3282 28 18 so
2705 3275 73 24 much
2802 3275 56 24 skill

2321 3316 62 25 and'
2396 3316 132 32 dissipates
2551 3323 27 17 so
2603 3322 74 22 many
2707 3321 79 17 errors
2810 3313 49 24 and

2321 3358 96 22 ttTiors,
2436 3354 56 25 that
2515 3362 58 16 men
2596 3354 62 23 have
2682 3353 80 23 learnt
2782 3354 26 21 to
2833 3353 27 22 lie

2320 3395 174 32 quarrelsome,
2519 3401 150 25 courageous
2693 3393 48 24 and
2764 3392 47 24 self
2823 3400 35 16 re-

2319 3435 72 25 liant.

2483 3575 203 26 GLEANINGS.

2534 3624 107 24 Clarion.

2354 3703 54 24 The
2421 3703 107 29 Qaepn's
2541 3702 65 31 daily
2614 3702 99 23 income
2722 3701 22 24 is
2755 3701 98 29 1,000

2321 3748 54 22 The
2388 3747 123 28 Emperor
2523 3747 27 22 of
2560 3746 128 29 Germauy
2698 3748 54 27 gets
2763 3746 98 26 2,000

2322 3796 14 16 a
2348 3789 56 31 day.
2441 3789 53 23 The
2507 3789 68 30 King
2587 3788 26 24 of
2624 3788 64 30 Italy
2702 3795 120 22 manages
2837 3788 23 22 to

2321 3833 64 24 i-xisfc
2397 3840 32 17 on
2445 3832 98 32 1,600
2555 3831 73 32 daily.
2665 3831 124 25 Austria's
2801 3830 59 24 Em-

2323 3885 70 23 peror
2405 3877 71 24 rakes
2489 3876 27 24 m
2528 3876 71 32 i-'very
2610 3876 47 32 day
2672 3876 105 29 2,500.
2808 3875 54 24 The

2323 3921 62 25 Czar
2397 3920 26 24 of
2433 3920 40 24 Ru
2476 3929 8 9 s
2488 3920 36 24 sia
2537 3928 87 23 scoops
2636 3921 25 23 m
2675 3920 42 24 the
2729 3928 64 23 snug
2806 3928 55 15 sum

2322 3965 27 24 of
2359 3965 99 28 G,OOO
2470 3972 73 23 every
2561 3967 103 28 twenty-
2677 3963 54 25 four
2742 3963 85 25 hours.

2358 4030 100 25 Almost
2470 4037 2 6 '
2487 4029 41 25 all-
2547 4029 42 25 the
2614 4029 94 32 private
2731 4028 131 32 telephone

2323 4075 146 29 companies
2483 4074 58 23 both
2565 4073 26 24 m
2606 4075 65 22 town
2685 4071 50 26 and
2757 4075 105 29 country

2323 4117 24 24 m
2362 4116 105 27 Sweden
2491 4116 63 25 have
2566 4118 61 23 been
2649 4116 106 33 brought
2777 4116 31 32 by
2820 4117 42 24 the

2325 4161 71 24 State
2409 4160 48 24 and
2470 4168 40 16 are
2523 4161 98 24 Avorked
2633 4161 79 23 under
2733 4169 15 16 a
2772 4161 91 31 special

2324 4204 172 26 Government
2509 4205 165 31 department,
2688 4205 49 23 and
2757 4205 49 24 this
2817 4204 47 24 has

2325 4248 88 32 proved
2427 4250 24 23 to
2463 4248 30 25 bo
2507 4257 12 16 &
2535 4256 105 17 success.

2588 4299 13 14 #

2358 4314 53 25 Tha
2752 4314 47 24 has
2822 4315 43 23 the

2324 4358 127 32 following
2463 4368 6 15 :
2549 4366 15 17 a
2576 4357 86 26 duke's
2687 4357 42 26 life
2742 4358 14 25 i.'
2773 4359 45 24 not
2830 4357 34 26 al-

2324 4410 66 25 ways
2403 4405 72 30 spent
2488 4410 32 17 on
2533 4410 14 17 a
2560 4402 44 24 bel
2618 4402 27 25 of
2664 4410 77 21 roses,
2761 4402 32 26 he
2811 4405 55 30 gets

2324 4447 72 24 slices
2408 4447 27 24 of
2456 4446 58 25 luck
2540 4447 111 31 through
2664 4447 75 32 being
2762 4456 15 15 a
2801 4447 65 26 duke

2326 4490 56 24 that
2395 4497 35 17 we
2443 4489 104 25 mortals
2559 4489 56 25 who
2627 4490 42 24 did
2680 4492 45 23 not
2737 4491 91 25 chooss
2841 4492 26 23 to

2328 4537 7 20 I
2345 4541 12 16 c
2369 4533 61 24 bom
2443 4532 76 25 dukes
2532 4535 65 22 must
2609 4534 71 23 miss,
2715 4529 25 29 it
2758 4543 54 15 now
2825 4543 42 23 ap-

2885 152 70 23 pears
2968 144 55 26 that
3047 147 33 23 nil
3104 147 192 27 Leicestershire
3308 151 20 24 is
3353 155 26 22 to
3393 156 28 21 be

2885 189 127 32 subjected
3024 191 24 24 to
3061 190 41 24 the
3114 192 126 32 muzzling
3252 194 69 25 order
3333 196 27 25 of
3377 196 43 25 the

2887 233 80 26 Board
2979 235 28 24 of
3017 235 166 32 Agriculture,
3196 238 60 24 Avith
3269 238 40 24 the
3332 248 85 24 excep-

2885 278 53 24 tion
2958 279 24 24 of
2994 279 100 25 Belvoir
3106 281 5 23 !
3130 280 57 24 You
3200 289 47 21 sop,
3266 281 20 25 it
3298 284 81 23 would
3390 284 31 25 be

2885 330 56 23 very
2952 323 126 31 annoying
3097 323 20 25 if
3132 323 71 31 Lady
3226 324 109 26 Victoria
3348 327 71 24 Man-

2886 374 54 17 ners
2953 368 72 25 could
3038 374 42 18 not
3094 368 56 25 lake
3174 368 45 25 her
3241 372 41 28 pot
3295 370 57 25 with
3376 370 45 26 her

2886 411 100 25 without
3010 412 92 32 having
3113 412 20 24 it
3150 413 122 29 muzzled,
3294 419 31 21 !or
3336 415 21 24 if
3377 415 44 25 th>.

2884 455 84 24 duke's
2992 455 61 30 dogs
3065 457 73 23 could
3160 460 44 22 not
3222 466 47 16 run
3292 459 57 24 free.
3396 459 25 25 It

2885 498 58 25 does
2954 505 44 18 not
3021 504 90 20 matter
3123 500 77 25 about
3220 501 42 25 the
3281 509 55 24 pecs
3355 501 27 26 of
3392 511 29 17 us

2885 551 20 26 Ay
2909 543 58 24 hose
2979 548 125 20 ancestors
3116 553 63 16 were
3191 545 80 25 either
3283 550 40 20 too
3332 546 89 25 honest

2885 594 26 16 or
2923 589 39 21 too
2975 587 113 25 indolent
3100 589 25 23 to
3161 589 65 29 well,
3236 590 47 24 call
3296 590 20 24 it
3326 598 95 24 convey

2917 631 59 25 land
2989 633 71 23 when
3080 633 20 24 it
3113 641 50 16 was
3176 635 25 23 to
3214 633 29 25 be
3266 635 49 24 had
3327 635 38 24 for
3377 635 43 26 the

2884 676 107 32 stealing
3002 684 27 16 or
3042 678 112 30 begging.

3146 735 14 13 #

2917 753 21 23 A
2951 753 110 25 German
3070 755 77 31 judge
3160 755 43 24 has
3215 755 96 24 written
3323 763 16 16 a
3360 756 61 24 book

2884 791 126 30 declaring
3039 793 55 24 that
3290 795 22 24 is
3335 796 83 31 sorely

3044 832 50 23 and
3116 833 84 30 giving
3228 841 28 16 as
3285 834 38 23 his
3353 835 66 23 chief

2884 876 87 15 reason
2984 869 37 22 fov
3032 869 41 23 his
3086 870 104 23 sensible
3203 872 143 23 conclusion
3360 877 14 8 li
3376 872 43 24 the

2884 906 157 24 indifference
3067 908 28 22 of
3103 908 43 23 the
3170 908 88 31 higher
3280 910 92 24 classes
3392 913 26 21 to

2885 943 42 24 the
2939 945 74 24 needs
3025 945 27 24 of
3062 946 42 23 the
3125 946 81 30 lower,
3225 948 43 22 the
3288 948 131 23 diminish-

2883 985 43 31 ing
2938 984 116 32 religious
3066 985 68 29 faith,
3154 986 42 25 the
3217 987 63 25 class
3304 988 114 24 animosi-

2885 1025 52 27 ties,
2957 1025 49 24 and
3019 1026 42 24 the
3081 1028 111 31 growing
3206 1027 107 25 burdens
3333 1028 85 31 placed

2884 1071 32 17 on
2929 1063 42 25 the

2918 1148 54 25 The
2984 1150 157 30 expenditure
3151 1151 28 24 of
3189 1153 40 23 the
3252 1160 72 17 seven
3348 1155 71 31 great

2884 1190 98 24 Powers
2995 1191 27 23 of
3031 1190 99 33 Europe
3143 1200 32 16 on
3189 1193 65 25 their
3265 1195 91 24 armies
3368 1196 51 24 and

2884 1230 84 24 navies
2981 1230 87 32 during
3087 1234 42 24 the
3142 1231 45 25 last
3210 1233 38 24 six
3271 1242 71 24 years
3366 1244 39 17 am

2884 1283 93 25 ounted
2998 1286 25 22 to
3047 1292 30 18 no
3097 1285 49 25 less
3169 1287 60 25 than
3253 1289 164 34 1,000,000,

2884 1327 57 24 000.

3077 1419 150 26 TRAMPS.

2919 1543 26 24 If
2965 1551 49 23 you
3026 1543 81 32 object
3127 1547 26 22 to
3175 1545 54 25 him
3242 1554 32 16 on
3294 1549 126 24 economic

2885 1584 109 29 grouuds
3005 1584 14 22 I
3042 1585 79 23 admit
3143 1586 56 23 that
3222 1586 30 23 he
3275 1587 22 23 is
3320 1597 12 13 a
3357 1596 62 16 non-

2885 1623 118 32 producer
3013 1631 6 22 ;
3038 1624 44 24 but
3094 1624 14 24 I
3119 1625 30 24 do
3170 1628 46 22 not
3228 1626 72 25 know
3323 1627 55 26 that
3391 1629 30 24 he

2886 1664 89 25 should
2986 1664 29 25 lo.
3012 1674 7 8 c
3024 1672 13 17 c
3050 1665 39 24 his
3112 1666 128 25 character
3258 1675 32 17 on
3314 1669 55 24 that
3382 1677 38 16 ac-

2887 1706 80 22 count.
3004 1703 98 32 Society
3115 1705 45 23 has
3172 1708 43 21 not
3235 1708 41 28 yet
3288 1707 133 25 advocated

2887 1742 142 31 production
3043 1750 27 16 as
3083 1751 12 15 a
3105 1743 118 32 principle
3233 1744 27 24 of
3264 1744 156 33 citizenship;

2886 1780 71 25 when
2970 1782 19 23 it
3001 1780 58 25 does
3081 1780 18 25 it
3120 1781 50 24 will
3195 1782 99 26 involve
3316 1791 15 16 a
3356 1791 65 17 rear-

2886 1822 148 29 rangement
3046 1820 78 24 which
3137 1820 51 25 will
3208 1822 142 31 practically
3363 1825 59 22 tnrn

2887 1857 89 31 society
2991 1858 87 29 upside
3089 1858 80 24 down.
3204 1859 71 25 Then
3288 1860 42 24 the
3339 1862 83 29 tramp

2890 1894 48 25 will
2950 1895 63 25 have
3035 1896 22 24 to
3071 1904 39 22 go,
3130 1895 44 26 but
3191 1896 32 25 he
3236 1896 50 25 will
3299 1905 31 25 go
3342 1898 27 24 m
3383 1898 39 25 the

2887 1943 121 25 company
3029 1936 27 25 of
3075 1943 75 25 many
3174 1937 83 26 whom
3278 1938 43 25 the
3346 1939 76 25 world

2887 1984 55 16 now
2955 1977 105 30 delights
3075 1985 23 16 co
3110 1977 104 25 honour.

2921 2049 139 32 Excluding
3084 2051 46 24 107
3154 2058 100 17 seamen
3275 2051 74 25 killed
3374 2053 48 23 and

2890 2087 46 25 190
2946 2088 106 31 injureu,
3066 2088 68 25 there
3144 2097 59 17 were
3214 2090 47 24 275
3271 2090 152 32 workpeople

2890 2128 73 24 killed
2984 2128 51 24 and
3057 2130 75 26 4,782
3144 2130 96 30 injured
3259 2131 27 23 m
3299 2131 124 25 accideuts

2890 2175 31 16 on
2934 2168 121 31 railways,
3075 2168 24 23 m
3120 2168 87 29 mines,
3226 2168 123 31 factories,
3374 2171 49 23 and

2890 2206 143 31 workshops
3045 2206 91 32 during
3148 2208 42 23 the
3202 2208 90 24 month
3312 2209 27 23 of
3349 2209 74 29 June,

2890 2254 27 17 as
2929 2246 115 31 officially
3056 2247 124 31 reported.

2916 2312 85 28 Queen
3010 2312 108 25 Victoria
3127 2313 47 24 lias
3183 2322 12 15 a
3205 2317 86 28 strong
3302 2314 123 31 objection

2890 2358 25 18 to
2927 2353 101 24 tobacco
3040 2352 90 31 smoke,
3151 2354 48 23 and
3220 2354 48 24 will
3290 2358 43 22 not
3351 2356 73 24 allow

2888 2392 116 32 smoking
3014 2401 26 16 m
3052 2401 49 24 any
3113 2401 82 17 rooms
3207 2394 59 25 used
3284 2396 30 31 by
3327 2397 50 28 her,
3395 2404 29 16 or

2888 2432 27 25 m
2925 2441 47 24 any
2983 2432 69 32 place
3061 2433 80 25 where
3151 2434 43 24 she
3203 2434 21 24 is
3235 2434 72 32 likely
3316 2438 25 22 to
3351 2438 73 23 smell

2889 2474 39 24 the
2939 2473 76 25 odour
3027 2474 27 24 of
3062 2475 28 23 it.
3125 2475 72 25 Even
3210 2476 43 24 the
3271 2476 52 26 late
3334 2477 90 25 Prince

2888 2512 107 25 Consort
3008 2513 108 24 ibrebore
3129 2517 26 21 to
3167 2515 85 23 smoke
3262 2516 27 22 m
3302 2516 44 22 her
3356 2524 67 23 pres-

2888 2558 66 17 ence.

2921 2630 54 25 The
2986 2630 127 32 following
3124 2631 91 32 figure?
3239 2635 126 29 represent
3378 2633 44 27 the

2888 2676 101 25 average
3018 2669 106 25 division
3147 2671 28 24 of
3200 2671 91 25 wealth
3314 2672 109 26 between

2887 2709 90 31 capital
3001 2709 49 25 and
3072 2709 89 26 labour
3183 2712 27 24 m
3235 2712 42 25 the
3299 2714 124 25 countries

2887 2749 98 30 named,
3003 2749 27 25 m
3042 2758 43 23 per
3096 2753 69 22 cents
3175 2759 6 16 :

2920 2788 116 31 Country.
3140 2789 104 32 Capital.
3313 2791 108 27 Labour,

2887 2826 64 33 Italy
3185 2830 30 22 51
3350 2832 32 22 49

2887 2865 105 23 Austria
3127 2868 101 21 ...,G3-4
3363 2871 60 22 36-6

2888 2902 161 25 Switzerlani
3170 2906 94 26 05-4....
3363 2908 60 24 34-6

2888 2943 74 32 Spain
3169 2946 58 24 G7-4
3363 2948 58 24 82-0

2887 2982 92 25 Russia
3160 2985 99 23 .08-8...
3363 2987 59 24 31-2

2888 3021 95 25 France
3091 3024 5 6 =
3094 3041 5 5 .
3170 3024 101 24 07-9....
3363 3026 59 25 32-1

2888 3060 124 31 Germany
3169 3063 90 23 71-0...
3363 3065 60 23 28-4

2889 3099 95 24 Britain
3004 3116 148 7 ............
3169 3100 67 26 73-2.
3363 3103 60 25 2G-8

2890 3137 113 31 Belgium
3170 3140 58 23 74-5
3364 3141 58 24 25-5

2888 3175 89 26 United
2977 3175 89 26 States
3169 3177 58 24 82-2
3365 3180 58 25 17-8

2921 3287 21 23 A
2956 3286 52 25 Fox
3020 3295 25 15 m
3057 3295 17 15 a
3090 3287 155 26 Newspaper
3266 3289 100 26 Office.
3401 3291 21 25 A

2888 3330 68 25 short
2969 3332 59 23 time
3041 3339 46 24 ago
3100 3339 14 17 a
3126 3332 42 25 fox
3180 3340 51 17 was
3243 3331 141 27 discovered
3396 3334 26 24 m

2890 3375 41 24 the
2944 3374 113 32 Printing
3072 3375 163 31 Department
3247 3378 27 23 of
3297 3377 42 24 the
3351 3379 70 23 Xeio-

2888 3418 74 25 ca&tle
2976 3419 123 24 Chronicle
3111 3419 75 25 office.
3233 3420 50 25 For
3306 3422 114 31 upwards

2888 3463 26 25 of
2925 3472 14 15 a
2953 3463 66 25 week
3039 3463 20 25 it
3071 3472 45 16 ran
3140 3464 75 25 about
3240 3465 41 25 the
3293 3465 77 32 place,
3395 3466 27 25 m

2888 3505 50 25 and
2950 3508 42 22 out;
3016 3513 93 24 among
3131 3507 41 25 tlis
3196 3508 151 30 machinery,
3378 3509 44 23 but

2889 3557 49 16 was
2951 3549 135 31 ultimately
3097 3549 92 32 caught
3198 3550 25 23 m
3234 3550 42 25 the
3286 3552 138 24 stoke-hole

2889 3593 27 25 of
2925 3601 46 17 one
2984 3593 26 25 of
3020 3594 40 24 the
3073 3594 95 24 boilers.
3190 3614 2 4 ,
3204 3594 24 24 It
3241 3595 89 24 turned
3342 3599 43 21 o'Jt
3398 3598 26 23 to

2891 3638 27 23 be
2932 3645 13 16 a
2958 3637 54 23 wiltl
3027 3636 51 25 fox.

2923 3679 20 23 A
2952 3677 144 24 Pamphlet.
3238 3678 151 32 Canterbury
3401 3681 25 23 to

3080 3722 71 31 being
3163 3730 32 16 an
3218 3726 105 22 account
3336 3724 27 23 of
3383 3724 41 25 life

2890 3766 48 21 and
2962 3766 30 21 ad
2997 3772 52 16 \en;
3055 3773 55 16 uves
3133 3774 32 15 on
3185 3766 144 30 Coolgartlie
3349 3768 73 23 Gold,

2890 3807 81 29 field?,
2990 3809 38 23 for
3039 3809 51 24 sale
3104 3810 26 23 at
3142 3808 70 25 offiea
3224 3809 28 25 of
3262 3810 51 23 this
3325 3817 82 24 paper.

2925 3858 51 24 The
2989 3857 118 25 Austrian
3128 3860 96 26 savant,
3243 3858 94 25 Rudolf
3356 3858 70 29 Fab,

2892 3911 140 17 announces
3046 3901 55 25 that
3113 3902 32 25 he
3156 3902 46 24 has
3214 3902 118 32 carefully
3344 3902 79 25 calcu-

2893 3946 62 25 lated
2969 3946 41 24 the
3034 3945 48 25 end
3095 3945 26 25 of
3142 3945 42 25 the
3196 3945 77 25 world
3285 3947 48 23 will
3357 3954 69 17 come

2892 3999 31 16 on
2937 3989 137 26 November
3087 3990 61 24 18th
3161 3991 72 29 1800,
3252 3992 26 22 at
3290 3990 59 24 nine
3363 3991 62 23 min-

2893 4036 54 21 utes
2960 4036 54 29 past
3027 4033 77 25 three.

2926 4077 53 25 The
2990 4076 56 25 first
3066 4077 173 30 coLsignment
3252 4078 24 22 of
3299 4076 127 29 Klondyke

2892 4121 58 32 gold
2964 4121 55 24 that
3041 4121 47 24 has
3111 4119 105 25 reached
3239 4119 60 25 New
3321 4118 66 26 York
3405 4119 22 25 is

2895 4166 155 31 pronounced
3073 4168 25 21 to
3110 4164 29 25 be
3152 4164 26 25 of
3199 4164 63 31 good
3275 4163 93 32 quality
3395 4163 31 31 by

2894 4210 40 24 the
2947 4209 171 25 Government
3140 4215 105 22 assayer,
3276 4208 48 23 and
3348 4207 79 24 worth

2883 4257 2 28 j
2894 4253 76 25 about
2981 4260 47 17 one
3040 4252 97 27 dollar..
3142 4260 33 16 an
3195 4259 78 17 ounce
3295 4251 48 24 loss
3366 4251 61 24 than

2895 4295 158 26 California!).

2930 4371 113 27 Shockitt
3053 4379 6 17 :
3196 4370 111 31 learning
3327 4368 42 26 the
3393 4368 35 25 bi-

2895 4413 66 33 cycle
2973 4412 98 33 require
3094 4419 49 25 any
3165 4411 142 32 particu'ar,
3321 4410 107 31 applica-

2897 4452 48 26 tion
3005 4451 125 25 Sorockitt
3139 4457 5 17 :
3233 4459 5 20 ;
3253 4456 63 17 none
3327 4448 24 23 m
3373 4457 54 23 par-

2897 4491 95 24 ticular.
3027 4490 91 24 Arnica
3140 4488 22 25 is
3173 4487 76 25 about
3269 4494 27 17 as
3316 4486 63 31 gooi
3402 4494 27 17 a3

2897 4528 144 32 anything.''

1093 39 175 32 OXFORD
1314 39 233 32 OBSERVER
1591 39 239 35 SATURDAY,
1854 39 243 32 NOVEMBER
2154 41 39 29 20
2241 39 88 33 1897.

90 3260 54 37 De
153 3264 71 33 nof
226 3261 52 38 6e
282 3262 222 43 persuaded
503 3266 44 36 fo

79 3309 151 35 m/yany
238 3302 314 42 offfie/mi/afiom.

79 3339 6 42 [
160 3342 123 32 A7S/S/
295 3349 48 26 Q/7
352 3340 140 41 f?aYff?Q

72 3668 150 54 \CriO//
228 3673 213 38 GRBlimi)
449 3675 105 38 TM&

84 3713 469 47 M&ofs/jZmanrfw&jfgsGmA

120 3787 197 43 experience
336 3797 65 27 as/?
418 3800 74 35 di/j

85 3823 456 41 La/vesfSa/Bm/:ifsfra7as/.
