3560 4630
1237 54 173 34 OXFORD
1435 58 225 33 OBbKKYIfiR
1698 59 240 35 SATURDAY,
1976 54 236 34 HOVEMNEB
2250 51 51 33 20,
2336 46 88 30 1897.

2962 4343 105 25 Printed
3074 4343 50 24 and
3133 4342 130 34 published
3272 4343 33 32 by
3317 4343 71 25 Axel
3398 4344 109 25 Eklunb
3532 4360 2 2 ■

2996 4386 40 26 for
3046 4386 87 25 Lauka
3148 4386 72 25 Anne
3231 4386 103 30 Parish,
3353 4389 27 23 at
3396 4388 46 24 her
3458 4387 47 25 Be-

2997 4430 108 33 gistered
3116 4430 116 33 Printing
3244 4430 78 26 Office
3340 4431 70 32 High
3424 4432 81 25 Street

2998 4474 64 25 East
3074 4473 94 26 Oxford
3190 4474 166 32 Canterbury.

3023 4529 131 23 Saturday
3173 4528 142 24 November
3332 4529 34 23 20
3394 4531 63 21 1897

2960 510 253 50 JOSEPH
3255 506 242 49 LOUGH.

3105 587 247 28 UNDERTAKER.

3073 635 109 29 EAST
3208 628 186 35 OXFORD.

2993 684 104 33 Having
3105 683 52 34 just
3165 681 125 34 imported
3299 680 63 25 from
3370 680 127 32 England,

2959 738 55 15 new
3038 729 117 31 Designs,
3191 734 53 17 new
3274 724 151 31 Trimmings
3449 724 48 23 and

2960 773 88 28 Robes,
3061 773 22 24 is
3093 770 118 33 prepared
3224 772 25 22 to
3259 769 107 24 conduct
3374 767 123 25 Funerals

2960 813 97 28 Adult?,
3077 815 25 22 at
3116 811 47 24 £5.
3178 811 49 23 and
3239 808 124 32 upwards,
3387 802 122 36 polished?
3508 800 15 20 5
3523 799 13 17 *

2959 856 80 28 coffin,
3064 855 49 25 and
3145 851 195 28 silvermounted
3363 851 136 24 Furniture

2961 900 75 24 From
3050 900 45 24 £8.
3115 897 131 32 according
3259 898 25 23 to
3308 895 116 31 Designs.
3460 893 38 24 No

2960 945 69 22 extra
3042 943 88 30 cli&rgc
3143 943 37 24 for
3193 941 97 25 Hearse
3314 946 27 17 or
3361 945 63 24 open
3441 937 56 24 Car-

2959 987 75 31 riage.

2992 1030 32 24 N.
3054 1030 31 24 B.
3115 1029 93 25 Coffins
3232 1028 58 30 kept
3313 1027 26 23 m
3370 1024 70 25 stock
3463 1023 36 26 for

2961 1076 91 29 urgent
3070 1080 77 18 cases.

3019 1202 428 50 EUCALYPTUS

3225 1276 14 14 «.
3315 1279 3 3 .

3024 1305 60 21 THE
3099 1305 73 20 BEST
3187 1303 88 21 HOME
3292 1301 95 22 I.EV.TI
3396 1301 49 21 IES

3076 1344 36 15 are
3127 1336 36 21 the
3173 1336 135 26 prepaiaion
3320 1334 25 22 of
3354 1334 35 20 ihe

2960 1374 171 23 TASMANIAN
3151 1373 144 21 EUCALY.PJ
3304 1373 34 20 US
3353 1371 48 21 OIL
3416 1371 76 20 COM3?

2989 1413 137 24 Universally
3137 1411 103 21 admitted
3251 1409 36 21 the
3297 1409 54 21 P.ES
3358 1411 5 17 11,I
3364 1410 5 7 1
3371 1424 4 8 ,
3388 1408 95 20 PURES
3490 1409 12 18 P

2961 1452 42 20 aad
3013 1453 58 18 most
3081 1449 94 21 effective
3186 1448 135 25 Eucalyptus
3345 1445 105 21 Globulus
3467 1444 35 22 Oil

2961 1482 32 21 for
3015 1480 171 24 INFLUENZA,
3208 1478 92 25 Cough?,
3322 1477 63 21 Colds
3411 1477 42 19 and
3471 1477 31 19 all

2961 1515 64 20 Chest
3043 1514 43 20 and
3095 1514 63 24 Lung
3175 1510 114 23 affections
3304 1509 76 27 speedy
3391 1509 58 20 u-lief
3460 1508 43 21 and

2961 1548 56 20 Cure
3035 1548 33 19 for
3084 1545 159 23 Eheumatism,
3264 1542 123 26 Neuralgia.
3403 1542 99 26 Sprains-

2960 1575 72 20 Burns
3053 1575 34 19 &c.

2987 1608 135 25 Eucalyptus
3264 1605 94 20 Extract
3367 1604 89 25 sprayed
3471 1604 32 19 in-

2961 1641 63 21 haled
3040 1640 43 21 and
3099 1639 64 21 taken
3173 1637 118 26 internally
3309 1637 33 19 for
3358 1636 36 20 the
3402 1658 1 2 .
3412 1635 88 27 Uhroat,

2961 1673 99 25 Catarrh,
3078 1672 60 25 Hay,
3163 1669 104 27 Typhoid
3285 1668 43 21 and
3344 1668 83 21 Scarlet
3438 1669 65 20 Fever

2963 1705 129 19 MEASLES
3104 1705 97 17 thenrost
3212 1703 137 22 satisfactory
3360 1703 143 22 pieventative

2961 1736 44 20 and
3019 1736 61 20 Cure.
3109 1736 56 19 Send
3179 1735 52 19 Post
3246 1733 56 21 Card
3313 1735 22 18 to
3346 1732 36 20 the
3392 1732 63 20 Office
3469 1732 33 20 for

2961 1768 96 21 Circular
3071 1767 121 25 describing
3212 1766 121 21 treatment.
3362 1764 140 26 Eucalyptus,

2961 1802 112 21 Ointment
3084 1802 35 20 the
3131 1802 69 25 Magic
3210 1801 80 21 Healer
3304 1800 21 20 of
3340 1800 70 22 Sores,
3425 1801 70 19 Burns

2962 1834 102 24 Wounds,
3081 1834 60 21 Boils
3160 1835 45 21 &c,
3229 1832 136 25 Euoilyplus
3385 1831 58 26 Soap
3459 1831 41 20 Fra

2961 1869 63 23 grant
3034 1867 43 20 and
3086 1866 126 25 refreshing.
3237 1865 133 24 Eucalyptus
3380 1863 89 26 Jujubes
3479 1870 24 13 or

2961 1898 103 21 Pastilles
3074 1899 33 20 for
3117 1898 36 21 the
3179 1898 81 20 Throat
3271 1896 43 21 and
3324 1896 63 20 Voice
3405 1902 28 14 an
3448 1896 54 20 anti-

2961 1931 67 25 septic
3038 1931 42 19 and
3092 1930 120 19 stimulant.

2961 1964 126 25 Veterinary
3104 1963 36 20 Oil
3150 1963 42 20 find
3203 1963 111 20 Ointment
3326 1961 32 21 for
3370 1961 35 20 the
3415 1961 85 21 ttables.

2989 1998 30 20 Be
3029 2003 48 15 sure
3087 2003 43 20 you
3141 1997 107 21 Purchase
3264 1996 38 21 the
3314 1995 104 25 Platypus
3436 1994 66 21 brand

2961 2030 51 25 only
3022 2030 22 20 of
3052 2030 29 20 all
3091 2030 114 24 Chemists,
3210 2030 89 20 Grocers
3306 2028 43 20 and
3356 2027 144 26 Storekeepers

2963 2062 42 21 and
3019 2063 23 20 at
3057 2062 36 21 the
3104 2062 64 21 Office
3178 2063 12 21 9
3200 2061 115 22 Cathedral
3325 2065 76 21 square
3411 2060 90 20 between

2962 2095 102 21 Morten's
3078 2095 113 25 Buildings
3199 2095 41 20 and
3253 2093 36 21 the
3299 2093 51 21 Post
3360 2092 70 21 Office.

3130 2129 88 21 Oxford
3229 2129 79 26 Agent

3017 2166 26 21 It.
3054 2166 29 21 H.
3099 2166 120 26 PAEISH,
3242 2165 77 21 EAST
3333 2164 119 22 OXFORD

3042 2204 144 26 Eucalyptus
3195 2204 38 21 Oil
3248 2203 30 27 1/-
3292 2210 41 20 per
3342 2204 78 21 bottle.

3054 2324 119 39 FRED
3215 2323 191 40 FULLER.

3153 2384 165 20 SOLICITOE.

3011 2432 125 23 Cathedral
3147 2433 14 20 S
3168 2439 73 21 juara,
3257 2432 184 22 Chkistchdrch

2959 2468 51 19 Nos.
3024 2467 14 19 5
3056 2467 43 19 and
3107 2467 35 23 10,
3161 2465 70 28 Firstl
3239 2466 70 24 Flocr,
3323 2465 98 21 Morten's
3430 2464 74 27 Build,]

3097 2495 55 23 inga,
3175 2495 50 18 neai
3234 2493 52 20 Post
3297 2493 68 26 Office.

3001 2571 188 55 Money
3219 2571 54 42 to
3311 2570 143 42 Lend

2961 2645 29 14 on
3000 2638 33 20 all
3041 2637 58 21 kind
3109 2636 24 21 of
3144 2636 115 26 Security,
3267 2637 26 19 at
3312 2636 56 20 Low
3382 2636 80 20 Rates
3480 2634 22 21 <&

2988 2683 107 21 Interest.
3126 2681 90 27 Special
3229 2681 79 21 Terms
3320 2680 33 22 for
3363 2680 111 21 Farmers.

2965 2838 29 71 g
3020 2831 482 78 MANNIND^gOIBPANY

3164 2922 140 23 LIMITED.

2994 2982 273 28 CHRISTCHURCH
3286 2980 187 26 BREWERY.

3198 3044 63 20 THE

3115 3085 114 31 -A.3L.
3248 3084 96 32 JES

3099 3126 131 21 BREWED
3241 3126 40 20 BY
3296 3125 72 21 THIS

3152 3222 84 21 FROM
3249 3222 64 21 THE

2960 3274 229 44 'CttOIC£BT
3205 3273 270 43 M>ltT«ttOf
3480 3270 34 39 fc

3079 3328 45 20 Are
3135 3326 176 28 acknowledged
3320 3328 25 20 to
3354 3327 29 20 be
3491 3319 26 12 ™

2961 3366 150 21 SUPERIOR
3121 3366 35 21 IN
3167 3366 138 23 QUALITY
3316 3366 38 21 TO
3361 3367 65 19 ANY
3433 3366 18 19 P
3472 3365 30 19 O-

3029 3406 103 21 DUCED
3146 3406 36 21 IN
3196 3406 75 21 NEW
3285 3406 150 21 ZEALAND.

2989 3445 111 27 Supplied
3105 3446 25 20 to
3133 3445 82 21 Hotels
3222 3444 47 22 and
3276 3445 94 21 Private
3376 3444 127 21 Customers

2960 3473 25 20 m
2994 3473 145 26 Hogsheads,
3150 3473 100 24 Barrels,
3262 3473 141 24 Kilderkins,
3413 3471 45 21 and
3469 3473 33 18 10-

2961 3500 90 27 --gallons
3062 3500 63 27 Kegs
3135 3500 61 27 only.

2963 3553 119 43 FALE
3105 3553 91 42 ALE
3220 3553 96 42 AND
3346 3552 156 43 EXTRA

3158 3605 136 43 STOUT

3049 3658 93 22 Bottled
3165 3659 25 20 m
3200 3659 86 25 Quarts
3296 3659 46 21 and
3351 3659 72 21 Pints.

3067 3977 216 29 Established
3308 3977 81 30 1862

3011 4042 126 30 FLOUE,
3149 4043 57 25 best
3216 4043 82 25 brand
3309 4042 61 33 only
3380 4042 69 33 kept.

2965 4095 145 30 SHARPS,
3147 4097 213 29 OATMEAL,
3395 4095 107 27 BEAN

3053 4151 296 30 CHICEENWHEAT,
3368 4153 44 25 &c.

2989 4206 40 20 AT
3058 4206 125 21 LOWEST
3213 4207 145 20 CURRENT
3394 4205 97 22 RATES

2410 173 47 45 J.
2479 171 49 45 T.
2546 172 196 45 Browjs
2733 184 12 16 t
2751 173 39 43 &
2813 176 99 40 Sun

2414 267 138 25 TIMBER
2566 268 20 23 &
2601 267 89 25 COAL
2707 265 189 26 LERCHANT

2559 332 200 25 IMPORTERS

2394 416 34 30 of
2439 414 163 31 TIMBKR
2624 416 60 29 and
2711 416 40 29 all
2782 415 92 30 kinds
2902 414 31 30 of

2413 501 219 31 BUILDTNG
2655 501 255 31 MATERIALS.

2601 571 116 31 Corner

2416 641 96 29 Tuam
2527 642 61 28 find
2605 641 147 31 Colombo
2779 643 128 29 Street?.

2476 717 356 38 CFRI.STCHURCH.

2442 872 44 55 S.
2594 873 306 51 SEYMOUR,

2593 940 138 27 DENTIST,

2433 985 41 21 21-5
2489 983 105 21 Colombo
2610 983 81 23 Street,
2715 982 168 21 Christchurch.

2563 1058 178 20 CHARGES:—

2460 1099 94 26 Filling,
2570 1100 20 19 5?
2601 1107 7 15 ;
2643 1099 134 21 Extraction
2787 1100 24 19 2s
2825 1098 37 21 6d.

2419 1164 97 21 Nitrous
2526 1163 61 20 Oxicl
2597 1163 46 21 Gas
2654 1164 170 21 Administered
2829 1163 36 20 for
2872 1163 58 20 Pain

2391 1204 46 21 loss
2448 1203 133 21 Extraction
2591 1202 24 22 of
2626 1204 78 21 Teeth.
2739 1204 45 21 Fee
2794 1203 36 22 for
2839 1202 91 22 Admin-

2394 1242 100 21 stration
2505 1248 31 13 os.

2417 1357 118 42 HELP
2551 1356 83 43 FOR
2650 1356 87 43 THE
2757 1356 150 42 WEAK.

2394 1465 179 25 YTERVOUS
2594 1465 71 23 AND
2683 1463 239 25 DEBILITATED

2395 1488 30 36 \S
2452 1499 64 29 who,
2529 1498 110 32 through,
2650 1498 67 32 folly,
2730 1498 48 24 and
2790 1498 132 31 ignorance

2393 1533 64 25 have
2470 1532 79 25 trifled
2561 1540 69 24 away
2643 1532 61 24 their
2716 1531 86 31 vigour
2823 1531 25 24 of
2858 1530 73 32 body,

2395 1566 77 29 mind,
2485 1566 50 24 and
2547 1565 134 29 manhood,
2695 1566 101 29 causing
2814 1564 116 24 exhaust-

2393 1600 44 32 ing
2454 1600 84 23 drains
2551 1606 65 24 upon
2629 1599 43 24 the
2694 1599 130 24 fountains
2845 1599 25 23 of
2881 1597 50 29 life,

2394 1634 63 24 Loss
2465 1633 26 24 of
2501 1633 100 31 Energy
2612 1632 48 24 and
2671 1632 128 31 Strength,
2812 1630 120 32 Timidity

2394 1666 165 25 Bashfulness
2657 1665 107 32 Society,
2789 1663 142 29 Headache,

2394 1700 135 28 Backache,
2550 1700 179 25 Nervousness,
2754 1697 136 23 Weakness
2908 1698 25 21 of

2396 1732 120 31 Memory,
2528 1731 111 24 Restless
2650 1731 81 30 Sleep,
2742 1731 116 25 Dreams,
2869 1729 64 25 Loss

2394 1766 75 25 Flesh
2483 1764 50 26 and
2544 1764 69 26 Vital
2634 1764 91 28 Powe--,
2750 1763 137 32 Eruptions
2899 1770 32 17 on

2395 1799 41 24 ihe
2446 1799 63 24 Face
2521 1799 50 24 atd
2583 1798 79 31 Body,
2676 1797 76 25 Want
2775 1798 27 23 of
2812 1797 120 31 Develop-

2393 1835 79 26 ment,
2493 1832 117 25 Varicose
2625 1831 84 28 Veins,
2732 1830 144 32 Incapacity
2895 1831 37 23 for

2393 1865 113 25 business
2519 1872 27 17 or
2556 1865 122 31 pleasure,
2691 1864 105 31 Urinary
2806 1863 125 29 Diseases,

2394 1899 49 24 and
2462 1899 35 24 all
2519 1898 44 24 the
2587 1898 84 24 effects
2693 1896 101 32 leading
2817 1902 24 19 to
2865 1896 65 32 eariy

2394 1932 83 30 decay,
2502 1932 107 30 perhaps
2631 1930 182 31 Consumption
2839 1938 28 15 or
2890 1930 31 22 In

2393 1965 91 29 sanity,
2498 1972 47 15 can
2570 1964 28 23 be
2611 1963 115 24 obtained
2738 1962 30 32 by
2791 1962 141 30 consulting

2392 1997 140 32 personally
2551 2004 26 18 or
2587 1996 30 25 by
2631 1997 62 28 Rost,
2730 1995 92 25 FREE
2834 1994 83 26 PROl<
2926 2003 4 6 •

2393 2030 178 30 NOTMANN,
2603 2029 203 29 MJE..E.M.G.,
2860 2028 71 25 Cam-

2393 2064 86 32 bridge
2491 2064 111 29 Terrace,
2627 2063 111 31 opposite
2763 2062 118 25 Colombo
2895 2062 37 24 St.

2394 2098 99 31 Bridge,
2524 2097 190 24 Christchurch-
2777 2095 54 25 The
2874 2095 59 30 only

2393 2130 230 26 Electrobotanical
2651 2130 97 31 Expert
2782 2128 151 31 advertising

2393 2164 55 25 who
2461 2164 51 25 Avill
2524 2165 137 30 guarantee
2679 2171 15 16 a
2711 2162 126 32 thorough
2865 2170 67 17 curt-.

2394 2197 58 25 Sole
2467 2198 137 30 proprietor
2633 2196 50 24 and
2699 2197 116 29 patentee
2845 2195 27 24 of
2890 2196 43 24 the

2392 2229 59 33 only
2474 2229 150 32 guaranteed
2647 2228 111 25 Electric
2780 2228 72 25 Belts
2883 2228 49 24 and

2392 2263 72 24 other
2476 2262 90 31 special
2590 2261 124 25 electrical
2738 2260 143 32 appliances
2904 2260 27 24 m

2392 2296 42 24 the
2444 2295 115 25 colonies.
2595 2294 99 25 Ladies'
2707 2294 97 25 French
2817 2293 114 25 herbace-

2394 2338 42 16 ous
2448 2330 59 31 pills
2528 2329 37 25 for
2594 2328 178 31 irregularities
2795 2328 64 24 from
2883 2335 49 24 any

2393 2371 81 21 cause,
2501 2364 42 23 10s
2566 2362 96 30 posted.
2697 2361 145 32 Pamphlets
2871 2361 60 24 free.

2394 2397 171 25 Testimoniiil:
2568 2411 30 3 —
2601 2395 100 32 Napier,
2712 2396 96 31 August
2817 2395 45 26 7th
2868 2396 63 23 1895

2394 2430 66 25 Prof.
2472 2430 132 25 Notmnnn.
2607 2444 34 4 —
2641 2429 67 25 Dear
2719 2429 47 29 Sir,
2770 2443 27 3 —
2803 2429 12 24 I
2825 2429 107 24 receivid

2392 2472 61 24 your
2459 2464 76 24 letter
2543 2465 49 23 jast
2604 2462 77 29 week,
2700 2463 48 23 and
2762 2462 12 24 I
2791 2470 41 16 am
2842 2462 90 24 thank-

2394 2498 37 23 ful
2453 2500 26 21 to
2502 2497 54 24 find
2578 2504 49 24 you
2639 2504 42 16 are
2693 2496 105 23 anxious
2815 2498 27 22 to
2862 2495 68 24 know

2394 2530 42 25 the
2449 2530 107 25 benefits
2573 2530 12 23 1
2598 2530 64 24 have
2674 2528 99 25 derived
2794 2528 59 24 from
2872 2536 61 24 your

2394 2566 143 22 treatment,
2573 2563 49 29 bir,
2650 2563 21 23 it
2698 2563 68 31 gives
2795 2570 40 16 me
2864 2564 69 29 great

2394 2597 113 30 pleasure
2521 2599 25 22 to
2558 2596 92 24 inform
2660 2603 49 23 you
2719 2595 56 24 that
2785 2602 14 16 a
2812 2596 121 24 complete

2394 2629 50 25 and
2455 2629 94 31 perfect
2561 2637 57 16 cure
2630 2628 47 25 has
2696 2628 62 23 been
2781 2627 104 24 effected
2907 2628 25 22 of

2395 2663 42 25 the
2449 2662 117 26 maladies
2578 2662 14 24 I
2611 2661 159 32 complained
2790 2662 25 24 of
2826 2663 26 22 to
2874 2669 58 24 you.

2393 2697 14 24 I
2419 2705 41 16 am
2473 2697 115 32 enjoying
2599 2696 64 32 good
2680 2695 92 29 health,
2786 2696 48 23 and
2846 2702 40 17 am
2896 2703 36 16 re-

2394 2730 83 25 stored
2497 2733 26 21 to
2543 2731 87 30 manly
2652 2730 95 31 vigour.
2782 2728 59 25 P.S.
2845 2743 31 4 —
2878 2728 54 31 Any

2394 2764 103 24 suffeier
2505 2763 112 25 desirous
2624 2763 27 24 of
2656 2761 211 31 communicating
2872 2761 61 25 with

2394 2805 40 17 me
2442 2805 48 24 you
2504 2805 42 17 are
2558 2799 26 22 at
2601 2796 89 31 liberty
2713 2798 27 22 to
2759 2796 56 30 give
2836 2803 40 23 my
2890 2794 42 24 ad-

2394 2832 76 28 dress,
2483 2831 37 23 for
2531 2831 13 22 I
2562 2830 48 23 like
2621 2838 60 23 your
2698 2830 118 29 practical
2830 2828 103 24 method

2394 2865 25 23 of
2432 2866 175 22 treatment.—
2611 2864 28 24 T.
2655 2862 28 25 C.
2698 2863 117 25 Simpson.

2484 3067 53 43 F.
2570 3066 49 44 B.
2642 3065 189 55 LANE,

2500 3146 90 41 (Late
2605 3146 39 31 E.
2665 3145 160 42 Butcher.)

2395 3206 251 37 Watchmaker,
2676 3206 185 36 Jeweller,
2878 3206 52 31 &c

2392 3257 125 33 Importer
2552 3259 26 23 of
2618 3257 108 24 Musical
2761 3257 172 24 Instruments

2493 3302 112 25 Victoria
2627 3302 37 25 St.
2696 3302 135 30 Eangiora.

2394 3380 100 31 Special
2505 3382 72 23 value
2599 3380 28 23 m
2650 3379 81 24 Extra
2754 3380 87 30 strong
2853 3378 77 25 Cased

2392 3423 88 34 highly
2489 3424 110 25 finished
2613 3423 110 32 English
2740 3423 81 25 Lever
2830 3422 98 25 Watch-

2392 3476 35 17 es.
2475 3467 192 26 Manufactured
2684 3469 27 23 to
2733 3475 44 24 my
2805 3467 73 25 order
2900 3466 33 32 by

2392 3507 56 26 best
2460 3508 105 25 London
2584 3507 107 26 makers.
2727 3507 159 32 Unequalled
2895 3507 37 25 for

2392 3553 124 24 excellent
2530 3552 179 31 Timekeeping
2724 3551 51 25 and
2786 3551 144 32 durability.

2425 3597 30 23 F.
2474 3597 31 24 B.
2518 3596 96 24 LANE
2627 3595 141 32 personally
2791 3596 71 24 visits
2883 3595 48 25 Ox-

2392 3640 55 25 ford
2467 3641 126 32 monthly,
2617 3640 116 32 carrying
2753 3648 15 16 a
2791 3639 68 32 large
2883 3640 48 24 and

2392 3684 85 26 choice
2513 3685 71 24 stock
2611 3684 28 25 of
2671 3684 128 28 Watches,
2828 3683 103 29 Chains,

2391 3726 135 29 Brooches,
2537 3727 88 31 Rings,
2638 3726 85 28 Studs,
2742 3726 129 25 Pendants
2883 3727 47 28 etc,

2393 3770 143 32 Spectacles
2558 3769 124 34 (Pebbles,
2700 3769 169 27 Pantoscop&e
2881 3770 50 24 and

2392 3815 109 33 Crystal)
2515 3815 96 29 Clocks,
2632 3814 108 33 (Marble
2761 3814 50 25 and
2829 3814 27 26 W
2853 3814 7 10 T
2863 3814 68 32 ood,)

2491 3859 159 25 Accordeons
2662 3859 50 24 and
2725 3858 79 25 Violin
2804 3858 27 25 3.

2424 3923 83 25 Exact
2517 3923 59 25 date
2588 3923 28 25 of
2625 3923 63 25 each
2699 3923 60 25 visit
2781 3923 22 25 is
2815 3922 106 25 notified

2542 3968 28 24 m

2391 4008 116 27 Repairs.
2510 4025 31 3 —
2544 4009 41 26 All
2596 4010 95 31 repairs
2709 4019 42 16 are
2769 4009 119 25 executed
2899 4009 30 32 by

2391 4055 93 31 myself
2504 4062 29 16 or
2550 4054 80 25 under
2646 4062 43 23 my
2709 4054 224 31 superintendence

2392 4105 27 17 so
2441 4097 57 26 that
2517 4100 104 29 patrons
2633 4105 47 17 can
2704 4099 52 31 rely
2778 4105 34 17 on
2834 4098 99 32 getting

2392 4141 156 26 satisfaction
2558 4143 26 24 at
2596 4141 43 26 the
2651 4149 59 24 very
2721 4140 87 26 lowest
2817 4141 114 33 charges.

2424 4185 106 32 Repairs
2542 4194 28 18 or
2579 4186 85 25 orders
2672 4193 59 24 may
2743 4185 30 25 be
2782 4185 45 26 left
2838 4187 27 24 at
2866 4201 34 4 —

2391 4232 27 26 J.
2436 4233 136 30 Wceber's,
2608 4233 65 26 East
2696 4232 102 27 Oxford,

2390 4279 27 23 at
2440 4277 41 25 W.
2505 4278 37 24 M.
2567 4278 38 28 C,
2629 4278 66 24 East
2719 4278 102 25 Oxford.

2390 4320 25 26 J.
2432 4321 102 30 Brown,
2547 4321 162 30 Bootmaker,
2735 4322 71 26 West
2831 4322 101 26 Oxford.

2390 4365 41 25 W.
2444 4365 26 24 J.
2484 4365 120 25 Crothers
2613 4366 19 23 &
2645 4365 45 25 Co.
2698 4383 7 6 .
2727 4365 71 26 Cust.

2424 4409 51 24 and
2491 4409 53 26 will
2550 4409 30 25 be
2592 4409 128 33 promptly
2731 4410 121 25 attended
2863 4412 35 24 to.

2390 4460 56 32 All
2458 4461 101 31 Work
2570 4461 79 31 done
2661 4471 41 21 on
2716 4461 55 31 the
2783 4461 150 33 Premises

2517 4513 63 30 and
2596 4513 201 39 guaranteed.

1291 191 114 89 B.
1504 194 132 89 H.
1710 189 513 91 PARISH

1484 344 195 58 EAST
1728 344 327 61 OXFORD

1550 477 28 10 *U>
1588 477 25 10 'HI
1628 478 24 11 lU'
1662 478 24 10 III'
1696 478 63 11 MII"UI'
1769 479 25 9 U|>
1804 479 103 9 'ID'tlir-MIP-
1916 479 24 8 111'
1950 478 24 9 '«II
1990 477 18 8 «ll

1211 539 373 87 Record
1688 541 327 109 Reign
2098 537 265 89 Suits

1381 693 339 47 ENORMOUS
1782 693 391 46 REDUCTIONS

1203 793 400 113 Kaapoi
1653 795 354 85 Tweed
2100 793 263 86 Suits

1204 950 456 85 Reduced
1710 956 103 80 to
1857 951 173 84 21s
2158 947 163 86 6d.

1476 1108 320 87 worth
1895 1108 192 84 30so

1202 1274 432 113 Kaiapoi
1688 1275 287 85 Coats
2041 1271 163 86 10s
2239 1270 121 86 6d

1202 1427 809 90 Trousers&Vest
2046 1427 163 85 10s
2239 1425 120 87 6d

1199 1584 224 32 Christchurch
1445 1586 126 30 Houses
1601 1585 154 30 advertise
1778 1595 18 19 a
1819 1584 100 38 single
1952 1587 144 36 garment
2126 1587 32 26 at
2194 1582 170 31 wholesale

1244 1637 76 32 Cost
1335 1637 17 30 I
1373 1637 57 31 sell
1453 1648 19 20 a
1487 1639 101 38 single
1618 1641 144 36 garment
1779 1641 31 25 at
1825 1635 101 32 LESS
1943 1637 72 29 than
2032 1634 175 31 Wholesale
2224 1634 77 31 Cost

1203 1719 537 88 American
1886 1714 478 88 Leathers

1198 1882 124 81 Is.
1382 1906 183 83 per
1607 1876 164 113 yd.
1815 1870 314 89 worth
2170 1873 101 85 Is
2299 1872 62 87 7

1199 2032 222 32 Christchurch
1436 2034 112 29 houses
1564 2031 155 31 advertise
1739 2041 19 19 a
1780 2030 101 40 single
1896 2032 144 37 garment
2056 2031 33 27 at
2103 2027 162 30 wholesale
2281 2025 83 40 price

1338 2085 15 31 I
1365 2086 56 30 sell
1437 2096 18 19 a
1471 2085 106 39 Single
1592 2083 77 41 yard
1686 2087 33 27 at
1734 2082 102 31 LESS
1855 2082 75 30 than
1945 2081 177 31 Wholesale
2138 2080 85 31 Cost.

1202 2218 233 87 This
1475 2218 273 85 beats
1785 2218 171 84 the
2003 2212 354 89 travel-

1429 2356 221 110 ling
1700 2356 448 111 Drapers.

1623 2508 323 14 cvwwwvwwwwv-wv-'

1197 2555 81 24 HHHE
1297 2555 116 31 question
1424 2554 22 24 is
1458 2553 99 25 natural
1558 2568 34 3 —
1618 2553 66 31 Why
1696 2554 61 24 send
1773 2556 26 22 to
1812 2554 178 24 Christchurch
2011 2555 38 24 for
2067 2563 62 23 your
2147 2556 110 33 Drapery
2266 2559 11 22 ?
2313 2558 51 25 The

1205 2579 19 32 1
1262 2587 103 31 drapery
1378 2587 53 25 sold
1441 2587 25 23 m
1475 2587 57 24 that
1544 2587 51 30 city
1606 2593 73 24 every
1691 2594 46 17 one
1750 2587 94 30 knows,
1857 2587 22 24 is
1891 2590 45 21 not
1948 2588 72 24 made
2032 2589 77 28 there,
2129 2589 46 25 but
2186 2590 130 32 imported.
2352 2592 12 24 I

1199 2622 84 30 mport
1295 2620 66 24 from
1373 2620 43 24 the
1429 2619 53 25 best
1495 2618 107 32 English
1616 2618 50 25 and
1684 2618 89 26 Scotch
1786 2619 101 24 houses.
1934 2620 72 24 lam
2018 2620 107 25 enabled
2137 2623 26 24 to
2174 2624 124 30 purchase
2317 2624 47 24 low

1198 2654 50 25 and
1258 2654 46 25 sell
1316 2655 27 24 at
1352 2662 15 17 a
1378 2656 54 22 rate
1444 2653 26 24 of
1479 2653 75 32 profit
1568 2653 53 33 (my
1633 2660 120 24 expenses
1764 2653 73 32 being
1849 2653 82 32 small)
1945 2653 56 25 that
2013 2655 83 24 would
2108 2655 30 26 be
2157 2657 145 26 considered
2323 2658 41 25 ab-

1199 2688 58 25 surd
1269 2688 32 33 by
1318 2696 48 24 any
1387 2687 180 25 Christchurch
1590 2686 201 25 establishment.
1845 2687 44 32 My
1911 2687 78 25 Stock
2008 2688 21 24 is
2048 2688 44 26 the
2112 2689 94 33 largest
2225 2691 51 25 and
2298 2695 66 23 most

1199 2722 83 24 varied
1303 2722 57 24 that
1370 2722 45 23 lias
1428 2729 56 16 ever
1495 2722 63 23 been
1569 2719 88 25 shown
1668 2720 28 24 m
1707 2720 44 25 the
1762 2721 105 29 district,
1881 2721 50 24 and
1942 2721 39 25 for
1991 2722 93 30 quality
2105 2725 49 24 and
2173 2724 73 26 value
2263 2729 59 28 puts
2338 2728 26 24 m

1199 2756 31 24 he
1241 2756 79 24 shade
1337 2754 77 33 goods
1426 2754 92 24 offered
1529 2753 33 32 by
1574 2753 103 31 visiting
1689 2754 116 24 hawkers
1820 2755 61 23 from
1894 2754 44 24 the
1956 2754 183 28 Christchurch
2151 2766 46 23 rag
2208 2761 89 23 marts.

1231 2810 95 24 Dress
1338 2809 165 30 Materials,
1517 2808 87 25 Plain
1616 2808 61 24 and
1687 2807 104 31 Fancy
1803 2807 80 26 from

1232 2866 26 25 A
1276 2865 111 30 Strong
1403 2864 88 27 Stout
1507 2864 134 26 Durable
1659 2862 127 33 Kaiapoi
1803 2863 114 25 Tweed
1933 2864 52 33 2/6
1997 2871 56 24 per
2064 2867 76 29 yard

1834 2907 108 26 Makes
1955 2909 156 26 first-class
2128 2910 92 32 Boys'
2239 2911 90 27 Suits,

1232 2965 57 25 Art
1307 2964 140 31 Muslins,
1467 2962 156 32 Cretones,
1644 2962 79 26 Lace
1742 2962 139 26 Curtains
1900 2962 54 25 &c.

1232 3029 26 30 A
1275 3027 111 26 Choice
1404 3025 168 27 Collection
1590 3027 33 25 of
1637 3025 122 33 Gloves,
1787 3026 78 31 Ties,
1895 3026 130 33 Aprons,
2056 3028 167 29 Insertions
2241 3031 54 26 &c.

1435 3098 165 14 >♦■»♦♦♦♦♦♦♦♦♦
1602 3097 268 15 ♦♦♦♦♦♦♦♦♦♦♦♦♦♦♦♦♦♦♦
1876 3097 140 15 ♦«♦«♦♦♦♦♦•♦

1233 3152 102 26 Prints
1348 3152 79 25 from
1439 3151 52 24 4d.
1505 3156 55 25 per
1571 3149 85 31 yard.
1669 3148 140 31 Muslins,
1823 3147 139 31 Selesias,
1976 3144 127 32 Calicos,
2118 3144 55 26 &c.

1822 3191 87 26 With
1926 3191 89 25 other
2032 3189 194 25 Manchester
2243 3189 87 31 lines.

1232 3248 89 32 Hats,
1339 3247 105 31 Fancy
1461 3246 60 24 and
1538 3244 107 30 Sailor,
1663 3244 33 23 m
1712 3242 104 26 White
1834 3242 61 25 and
1912 3239 117 27 Colors.

1779 3286 127 25 Newest
1923 3285 124 31 Shapes.
2083 3283 97 32 Large
2196 3285 133 32 Variety,

1230 3342 150 30 Flowers,
1398 3340 156 28 Feathers,
1573 3337 149 29 Ribbons,
1742 3335 106 30 Laces,
1867 3334 75 29 Jets,
1963 3333 55 24 &c.

1705 3375 89 25 With
1811 3377 42 22 all
1868 3373 186 25 necessaries
2072 3372 47 25 for
2136 3372 193 30 Trimmings.

1230 3428 104 31 Fancy
1350 3427 141 30 Frillings
1510 3426 78 31 3yds
1600 3426 46 25 for
1656 3424 37 33 1/-
1711 3424 103 26 worth
1825 3422 51 31 9d,
1894 3427 56 26 per
1961 3422 83 31 yard,

1771 3467 183 30 Umbrellas,
1973 3466 151 30 Parasols,
2145 3466 183 30 Sunshades,

1519 3518 244 47 DOUBLE
1824 3518 216 44 WIDTH

1404 3591 754 59 CHEVIOT

1259 3687 296 86 Dress
1630 3681 397 91 Tweeds
2140 3681 101 84 Is

1503 3815 331 90 worth
1907 3816 136 85 2s.

1282 3948 462 88 Costume
1808 3941 288 85 Cloth
2177 3946 125 81 Is.

1443 4066 314 94 worth
1797 4069 103 84 Is
1965 4066 163 87 6cL

1413 4252 3 2 ~
1435 4242 679 57 Slankets
2161 4295 2 2 .
2272 4264 4 5 ■

1200 4329 133 41 English
1348 4328 129 39 Witney
1486 4325 149 31 Blankets
1650 4327 33 26 to
1700 4323 36 29 be
1752 4320 68 33 sold
1835 4325 32 26 at
1878 4322 58 29 less
1947 4322 76 29 than
2037 4319 181 32 Melbourne
2233 4320 131 32 Whole-

1202 4383 64 31 sale
1288 4382 86 40 price
1375 4398 42 5 —
1417 4379 123 31 Double
1554 4377 69 32 Bed
1641 4375 69 32 Size
1734 4375 64 29 12s.
1825 4373 49 31 6d.
1926 4374 102 32 worth
2045 4374 66 31 16s.
2150 4373 50 30 6d.
2222 4383 57 31 per
2293 4374 70 41 pair

1369 4422 132 40 cheaper
1514 4420 79 30 than
1608 4416 226 33 CUristchurch
1848 4416 113 31 houses
1976 4415 65 31 will
2055 4416 57 30 sell
2126 4415 96 31 them.

1244 4514 72 34 K.
1365 4513 78 33 H.
1491 4508 299 36 PARISH
1870 4507 156 34 East
2060 4506 260 35 Oxford.

668 185 474 60 HOLBROOK

853 275 69 21 AND

628 311 470 58 VALLANCE

689 473 203 34 COOPER'S
947 477 154 33 CREEK.

730 575 143 34 VIEW
919 578 139 39 HILL,

626 644 82 57 BEG
735 649 24 18 to
780 645 114 23 iuthnate
915 649 25 21 to
969 648 44 22 the
1037 647 82 32 public
1143 649 26 23 of

665 678 104 26 .Oxfora
788 677 45 25 mi
853 680 168 32 surrounding
1039 680 126 32 Districts,

626 711 54 24 that
694 719 35 17 we
750 711 63 25 have
837 713 157 25 commenced
1007 713 119 26 l)u>inpss
1140 722 26 17 as

627 752 59 17 saw-
692 745 100 27 millers,
819 746 49 23 and
891 745 56 32 hop*
947 755 6 8 1
977 746 32 32 by
1033 748 72 24 strict
1126 751 37 21 at-

627 778 95 24 tention
733 780 24 22 to
771 778 116 24 Business
903 783 24 20 to
941 779 28 25 be
981 779 115 25 favoured
1107 781 59 24 with

628 811 62 23 their
718 813 108 29 support.
983 813 65 31 pine,
1080 813 85 31 Rimu,

628 844 70 24 Birch
712 844 48 24 and
776 844 58 24 Co;d
857 845 37 30 pit
908 854 72 23 props
994 846 26 24 m
1031 854 48 23 any
1092 855 76 23 quan-

740 1051 1 3 .
763 1011 262 46 NOTICE.
1176 1022 2 39 !

633 1121 17 41 [
668 1120 92 32 hereby
773 1121 53 31 give
839 1120 127 25 NOTICE
980 1120 54 25 that
1048 1120 43 25 the
1103 1121 66 25 Race

631 1145 18 33 I
669 1162 84 16 course
766 1157 57 26 gate
836 1154 49 24 will
898 1154 30 24 be
940 1154 85 24 lucked
1043 1155 65 24 frcm
1121 1155 48 24 this

629 1186 64 28 date,
713 1186 90 31 during
823 1185 42 25 the
885 1186 60 24 time
963 1186 43 25 the
1025 1194 57 23 ciop
1103 1187 21 24 is
1143 1187 25 24 m

630 1220 38 24 the
682 1220 118 29 paddock,
820 1219 49 24 and
882 1220 20 23 if
920 1228 47 21 any
980 1228 47 16 one
1040 1220 21 23 is
1079 1220 90 29 caught

630 1254 152 29 trespassing
803 1261 28 15 or
843 1251 117 33 breaking
973 1261 47 21 any
1045 1253 72 30 thing
1129 1252 39 25 be-

629 1286 103 31 longing
744 1289 25 21 to
783 1285 40 24 the
835 1286 148 28 LEASEE,
1003 1285 57 32 thoy
1074 1286 47 23 will
1142 1287 27 23 be

630 1319 66 24 dealt
711 1318 57 25 with
783 1319 132 31 according
927 1321 25 22 to
965 1319 86 24 LAW.

764 1385 113 24 JAMES
898 1385 146 24 WRIGHT

898 1445 104 23 Farmer

875 1496 70 25 West
964 1496 103 25 Oxford.

760 1615 265 46 KGTICE.

628 1756 52 24 The
710 1754 94 26 Oxford
831 1754 105 33 Library
965 1755 22 25 is
1014 1763 62 23 open
1100 1763 70 24 every

629 1800 114 31 Tuesday
755 1799 49 24 and
827 1799 122 31 Saturday
979 1799 97 30 nights,
1104 1798 64 25 from

629 1845 57 23 630
699 1851 68 24 p.m..,
791 1845 24 22 to
837 1844 15 23 8
864 1850 70 24 p.m.,
960 1842 50 25 and
1042 1850 32 17 on
1098 1851 72 24 every

627 1888 121 24 alternate
760 1886 133 31 Thursday
917 1886 139 28 afternoon,
1089 1886 80 33 (Sale-

627 1929 81 33 Day.?)
732 1929 63 25 from
810 1929 15 23 2
838 1930 33 24 30
883 1937 64 24 p.m..
966 1931 26 23 to
1004 1931 14 22 5
1031 1937 58 24 p.m.

819 2002 24 20 L.
862 2001 125 31 REEVE,?,

915 2056 59 24 Hon
988 2055 143 26 Librarian.

679 2117 176 24 SOBSCKIPTION
880 2117 37 23 2/-
931 2124 48 16 T'KU
999 2116 118 29 QuAETEB

1176 2183 2 29 j

656 2240 35 44 J
722 2240 59 44 .J.
826 2239 312 56 WEEBER,

630 2351 66 31 OIL,
717 2350 119 29 COLOR,
864 2350 118 30 GLASS,
1013 2351 156 26 VARNISH

703 2405 71 24 AND
793 2405 115 24 PAPER
917 2405 178 26 HANGINGS

787 2462 231 24 WAREHOUSE.

629 2528 83 57 JJ.
741 2527 150 25 WEEBER
920 2528 25 24 m
977 2528 120 31 (hanking
1127 2527 43 25 the

662 2580 4 4 .
687 2561 119 23 residents
825 2562 27 23 of
875 2561 141 24 OXFORD
1043 2561 50 24 and
1117 2569 51 16 sur-

629 2601 124 29 rounding
781 2600 109 24 districts
916 2601 36 23 fur
984 2600 63 25 their
1070 2599 99 26 favours

630 2640 89 32 during
731 2641 42 23 the
785 2643 57 28 past
863 2641 31 24 18
913 2648 79 24 yoars.
1030 2640 99 25 Wishes
1150 2641 20 24 it

630 2686 25 20 to
667 2681 31 25 be
715 2681 56 24 well
790 2681 89 25 known
899 2682 56 23 that
978 2681 32 24 he
1031 2681 46 24 has
1098 2681 70 31 given

631 2730 32 23 up
682 2722 30 24 all
734 2722 98 23 outsi'le
852 2722 75 29 work,
946 2722 49 23 and
1019 2722 102 23 intends
1145 2723 26 22 to

630 2763 86 24 devote
728 2761 39 25 his
780 2763 60 23 time
860 2766 26 19 to
899 2763 42 23 the
962 2762 138 24 Wholesale
1121 2761 50 24 aud

630 2803 71 24 retail
713 2803 69 24 trade
795 2805 25 21 at
831 2803 82 28 home,
933 2803 81 24 where
1032 2804 29 23 he
1075 2802 47 25 will
1142 2801 29 26 be

630 2840 56 32 glad
698 2843 24 22 to
735 2850 38 15 see
797 2839 33 25 till
849 2839 40 26 his
901 2840 42 25 old
966 2841 137 24 customers
1121 2839 50 25 and

630 2879 83 32 plenty
726 2878 26 24 of
761 2887 54 15 new
834 2886 67 16 ones.

651 2952 2 4 '
682 2946 99 24 Picture
802 2945 90 25 frames
911 2945 73 25 made
1002 2948 26 22 to
1040 2944 79 26 order.

651 3097 127 41 TIME
812 3097 48 41 IS
891 3096 264 42 PRECIOUS,

894 3158 16 20 ♦

764 3827 49 79 '/■

661 3919 63 21 Time
732 3918 20 21 is
760 3918 101 27 precious
870 3918 64 20 when
942 3923 45 21 you
997 3918 61 19 want
1071 3918 24 19 to
1109 3916 62 20 c&tcfc

636 3952 13 14 a
658 3947 66 23 train,
734 3945 41 20 but
785 3945 19 20 ib
813 3945 19 20 is
840 3944 103 26 priceless
953 3944 64 20 when
1027 3943 38 20 the
1071 3942 100 27 question

636 3972 23 19 of
676 3972 75 19 health
769 3972 19 18 is
804 3970 133 20 considered.
972 3969 34 20 Do
1022 3971 41 17 not
1080 3968 65 25 delay
1161 3974 11 14 a

635 4000 96 18 moment
740 3997 18 20 if
773 4003 44 20 you
830 3995 66 22 suffer
905 4003 45 18 any
963 3995 24 20 of
1002 3995 38 19 the
1050 3996 121 25 symptoms

636 4024 23 20 of
683 4023 97 27 Bright's
804 4022 96 25 Disease,
921 4021 104 24 Bladder,
1051 4021 73 24 Liver,
1148 4026 25 15 ot

636 4050 90 26 Kidney
736 4049 94 24 Disease,
842 4049 158 24 Rheumatism,
1011 4047 160 24 Nervousness,

636 4076 129 26 Dyspepsia,
802 4075 95 26 Dropsy,
934 4075 112 23 Diabetes,
1082 4073 88 25 Gravel,

637 4102 87 22 Female
733 4101 151 26 Weaknesses,
894 4108 25 13 or
927 4101 145 20 Prostration.
1112 4099 60 21 Take

637 4135 41 15 one
686 4135 26 14 or
720 4128 63 21 other
792 4127 24 21 of
825 4127 111 21 Warner's
945 4127 50 21 Safe
1012 4127 68 21 Cures
1091 4132 24 14 as
1124 4132 47 21 pre-

637 4155 85 22 scribed
750 4155 24 20 m
803 4154 93 21 Warner
925 4154 44 20 and
995 4153 38 22 Co.
1059 4152 113 22 Limited's

637 4182 130 26 pamphlets.

664 4207 111 22 Warner's
785 4206 51 22 Safe
849 4205 58 23 Care
920 4211 45 15 was
980 4211 14 15 a
1007 4207 63 24 great
1080 4205 93 21 medical

637 4235 120 26 discovery,
770 4235 40 20 not
820 4240 13 14 a
842 4231 105 28 sneaking
960 4230 108 22 imitation
1077 4231 23 20 of
1114 4236 59 15 some

637 4262 63 21 other
709 4261 92 21 medical
810 4259 149 28 preparation.

663 4288 111 22 Warner's
793 4287 51 21 Safe
866 4285 115 22 Remedies
1004 4291 36 14 are
1060 4283 63 21 made
1143 4290 28 14 on

637 4316 75 24 honor,
734 4321 57 14 none
808 4314 42 20 but
865 4313 38 21 the
917 4313 77 26 purest
1010 4311 44 21 and
1070 4310 49 21 best
1140 4311 31 20 in-

637 4342 110 27 gredients
766 4341 106 25 entering,
882 4340 49 20 into
947 4339 59 20 their
1020 4337 150 26 composition.

637 4369 62 26 They
708 4374 37 15 are
753 4369 41 19 not
802 4367 69 26 cheap
876 4367 24 20 m
906 4372 42 20 any
957 4370 62 16 sense
1026 4363 23 21 of
1058 4364 40 20 the
1103 4363 69 25 word,

637 4395 44 21 and
699 4396 79 20 cannot
797 4393 28 22 be
841 4393 49 21 sold
907 4393 24 20 m
956 4390 142 27 competition
1117 4389 56 21 with

637 4422 69 27 cheap
715 4421 45 21 and
767 4423 66 24 nasty
842 4419 131 22 decoctions.
1004 4417 40 21 We
1059 4418 61 19 trust
1133 4422 40 15 our

637 4448 90 25 friends,
745 4447 35 21 for
793 4447 59 20 their
867 4452 49 14 own
931 4444 65 27 good,
1007 4443 47 22 will
1065 4443 66 21 insist
1144 4449 29 15 on

637 4475 82 26 having
727 4474 61 20 what
797 4473 54 26 they
859 4472 40 20 ask
908 4471 58 21 their
975 4471 93 19 chemist
1075 4469 43 24 for,
1128 4469 45 20 and

637 4503 41 18 not
693 4500 27 21 be
728 4502 43 24 pnt
780 4499 32 21 off
825 4499 55 21 with
894 4504 44 20 any
953 4497 44 21 vile
1013 4494 122 24 substitute
1148 4501 25 14 or

637 4526 113 23 imitation,
757 4526 35 21 for
830 4520 110 26 Warner's
948 4523 52 23 Safe
1094 4528 25 16 or
1127 4527 46 22 any

639 4554 63 21 other
711 4553 23 22 of
766 4551 111 24 Waraer'a
886 4550 52 24 Safe

50 174 176 32 KAIAPOI
263 175 154 31 TWEED
462 177 130 32 SUITS.

282 230 63 29 21s.

137 315 145 31 STRAW
305 315 146 31 HATS!!
477 318 32 28 Is

223 406 73 31 STB
301 407 66 30 AW
384 407 167 32 HATS!!!

212 489 95 25 HALF
325 489 113 26 PRICE.

54 586 84 26 JUST
153 589 24 23 to
189 587 69 24 hand
261 603 28 3 —
292 587 49 25 late
354 588 38 24 for
410 588 42 25 the
463 597 94 21 season,
571 593 25 21 to

54 620 30 24 be
105 620 52 25 sold
181 623 26 22 at.
235 621 253 30 half-prices-Ladies
517 623 80 25 Saiolr

54 652 67 25 Hats
134 656 25 21 at
173 654 35 23 Is.
245 654 78 24 worth
340 654 36 23 2s.
414 654 82 25 Men's
531 655 64 32 Leg-

54 687 61 23 horn
126 687 72 24 Hats.
234 687 74 31 Boy's
320 687 106 25 Boaters
440 691 25 22 at
474 691 36 22 Is.
519 691 77 23 worth

55 721 37 24 2s.

54 769 265 28 THULL-SIZE,
364 771 233 25 ALL-WOOL

276 842 118 26 WHITE

83 914 212 50 KAIAPOI
322 917 249 49 BLANKETS

160 1003 80 46 19s
275 1004 58 45 6d
375 1006 132 45 Pair.

102 1117 73 20 BEST
193 1117 100 21 VALUE
313 1119 82 21 EVER
409 1120 136 21 OFFERED

352 1204 173 44 BOYS'

411 1303 48 42 m

78 1342 179 90 fev'y
308 1385 260 47 YOUTHS'

108 1455 103 81 /t'U\
226 1453 12 70 \
338 1484 64 35 Ml
433 1485 103 36 Wool

94 1559 18 45 I
139 1561 80 42 W/V
268 1569 177 24 COLONIAL
470 1571 129 24 TWEED

63 1622 109 60 v£o(
193 1642 9 38 \
313 1642 216 36 SUITS

312 1759 35 19 «5>

104 1819 115 31 BO^'S
251 1822 304 31 DEPARTMENT.

125 1922 68 28 t?)c>
243 1919 21 30 T
280 1926 56 17 dow
345 1919 116 25 continue
473 1923 24 21 to
511 1921 86 24 devote

94 1952 111 40 Ss&^>
241 1957 22 18 -*-
300 1952 33 30 Sp
336 1960 25 15 ec
364 1953 34 23 ial
416 1954 131 24 Attention
571 1959 26 19 to

66 1977 134 46 y\h^ff'
204 2000 5 11 !
212 2001 4 9 '
240 1984 51 25 *kis
306 1985 171 31 Department,
491 1988 48 23 and
558 1996 38 15 am

64 2024 165 45 \SVMjMiH
287 2045 71 21 NOW
388 2046 155 23 OFFEIUKG

106 2114 8 29 I
138 2114 15 40 f.
186 2117 22 28 'I
326 2121 102 22 LARGE
443 2123 75 22 LIKE

104 2156 4 34 I
131 2156 12 38 f
154 2151 10 41 \
179 2156 16 38 j
402 2159 30 21 Of

108 2204 28 21 U
134 2202 3 14 ;
162 2211 7 14 v
181 2199 9 35 |
296 2201 141 19 KNICKER
458 2201 85 21 SUITS

107 2221 94 39 j&Jh-
244 2236 25 20 at
284 2235 40 21 the
343 2234 116 27 following
474 2234 125 22 SPECIAL

119 2317 32 20 To
160 2317 28 20 fit
197 2317 60 26 Boys
266 2318 13 19 3
289 2317 71 20 Years
372 2315 35 25 5/G
423 2316 12 19 5
445 2315 71 20 YearS

279 2352 13 20 7
303 2351 71 20 Years
386 2350 35 27 5/fi
440 2351 13 20 9
463 2350 73 20 Years
564 2349 35 30 4/6

61 2410 86 40 Boys
171 2411 131 30 Blouses
336 2411 43 28 Is.
419 2410 59 34 6d.,
499 2407 99 31 worth

270 2453 43 28 2s.
339 2452 47 34 6d,

74 2514 220 41 likPiES'
327 2512 257 44 J/fcCK£TB

165 2567 81 29 New
269 2566 79 30 This
371 2566 123 30 Season

63 2615 32 29 5s
119 2615 41 29 Gel
203 2614 146 30 Reduced
365 2613 79 30 from
504 2613 55 30 12s
582 2614 18 28 6

60 2697 35 20 os
118 2688 40 30 6d
317 2710 17 13 „
420 2711 17 14 „
504 2686 55 29 12s

77 2765 239 26 MANCHESTER
334 2764 249 25 DEPARTMENT.

60 2851 114 37 Prints,
198 2851 115 31 checks
329 2852 60 29 and
412 2851 115 39 stripes

60 2906 97 30 Table
181 2905 161 36 Damasks,
367 2904 193 32 unbleached
561 2920 38 5 —

204 2957 114 41 special
360 2958 92 31 value

59 3031 117 30 Brown
212 3030 138 30 Holland
388 3040 77 29 very
504 3029 98 40 cheap

61 3081 193 31 Flannelette
270 3081 60 30 aud
347 3080 155 39 Skirting,
521 3079 80 41 good

143 3134 90 31 value
255 3133 79 31 from
358 3134 50 29 4d.

61 3186 95 31 Floor
178 3186 91 31 Cloth
291 3187 81 40 good
396 3190 32 27 at
452 3186 49 31 9d.

61 3238 90 31 Wide
172 3239 113 30 Forfar
308 3243 31 26 at
363 3239 49 30 6d.

191 3300 86 32 Must
292 3303 37 29 be
345 3302 130 31 cleared.

61 3375 122 30 Double
200 3375 97 30 width
316 3375 104 31 Check
437 3375 165 31 Costumes

223 3424 111 30 Tweed
365 3424 68 38 G£d.

62 3465 118 33 Melton
204 3465 135 37 Tweeds,
364 3467 48 30 6d.
437 3477 56 29 per
517 3468 80 39 yard

62 3548 103 31 White
198 3550 154 30 Blankets
387 3549 43 31 7s.
460 3551 49 30 (3d.
546 3561 56 30 pev

59 3605 77 39 pair.
195 3606 101 39 Large
334 3606 68 30 Size
438 3606 162 37 Blankets,

166 3654 61 28 10s.
252 3653 50 30 O'l.
338 3663 56 29 per
417 3654 77 40 pair.

63 3698 66 41 Boy
165 3699 82 30 Pilot
261 3700 129 31 Jackets
409 3702 33 29 6s
459 3702 49 29 6d.
526 3702 74 30 each

206 3783 31 24 12.
256 3783 35 23 H.
312 3783 142 25 PAItISH.

195 3851 101 32 East;
320 3850 160 33 Oxford

215 3951 43 24 TO
275 3950 177 25 FARMERS.

65 4029 45 58 IF
128 4037 47 23 you
196 4031 66 23 want
280 4031 26 23 to
336 4029 45 25 sell
411 4038 62 22 j-our
492 4029 114 31 produce,

106 4062 121 25 advertise
239 4064 27 22 m
279 4063 43 24 the
593 4071 14 16 a

64 4104 56 16 sure
146 4095 51 25 sale
214 4096 48 24 will
280 4095 30 25 be
328 4096 44 24 the
388 4097 86 24 result.

101 4162 159 25 TERMS.—
265 4163 36 25 2s.
325 4171 43 20 per
395 4163 61 25 inih
484 4163 39 25 for
552 4163 56 25 first

66 4195 130 25 insertion.

96 4236 41 23 AH
155 4236 74 24 small
247 4236 206 25 advertisements
471 4238 27 23 to
512 4237 26 23 bo
548 4235 58 33 paid

67 4276 27 25 m
111 4276 120 25 advance,

95 4375 79 44 W.
204 4375 66 44 H.
299 4373 278 46 ALFOKD

89 4472 233 40 WATCHMAKER
345 4473 24 38 &
410 4471 175 39 JEWELLER

144 4545 86 25 MAIN
246 4544 135 26 STREET
400 4544 139 26 OXFORD
