2550 4029
1928 3361 20 19 A
1967 3360 177 20 Lincolnshire
2164 3360 74 20 Jury.
2240 3370 26 4 —
2268 3360 33 20 An
2321 3359 157 26 extraordinary

1893 3388 95 20 instance
2005 3387 25 20 of
2047 3387 96 26 clodpole
2158 3388 88 19 wisdom
2262 3387 64 26 lately
2343 3386 103 21 occurred.
2445 3389 10 9 v
2456 3388 23 18 at
2494 3404 2 9 ,

1894 3415 85 24 Kirton,
1988 3415 153 23 Lincolnshire,
2148 3415 69 19 which
2225 3415 95 27 deseryes
2328 3416 22 18 to
2357 3413 24 20 be
2395 3413 84 20 record-

1894 3443 25 19 ed
1935 3449 23 13 as
1976 3449 12 13 a
2005 3444 5 9 '
2019 3443 46 24 sign
2082 3442 23 20 of
2119 3442 35 20 the
2172 3443 70 22 times,
2245 3443 9 26 \
2271 3448 22 12 as
2301 3439 3 5 '
2311 3441 46 19 well
2372 3447 22 13 as
2415 3441 24 19 of
2451 3441 28 19 its

1892 3470 124 20 instructive
2029 3470 86 25 bearing
2130 3476 27 12 on
2171 3470 36 20 the
2221 3469 137 19 constitution
2371 3468 23 19 of
2404 3467 74 26 juries,
2494 3485 4 8 ,

1893 3498 40 19 and
1951 3498 37 19 the
2002 3500 82 23 present
2099 3499 77 24 system
2229 3490 159 31 parliamentary
2408 3501 70 20 repre-

1893 3526 113 19 sentation.
2035 3525 29 19 At
2071 3531 11 13 a
2093 3524 100 23 sessions,
2202 3523 49 20 held
2261 3524 58 18 there
2327 3530 12 12 a
2350 3522 36 20 few
2394 3523 85 19 months
2496 3530 2 3 •

1893 3558 46 19 ago,
1957 3559 13 12 a
1975 3570 4 8 t
1985 3552 95 26 prisoner
2096 3551 160 25 was-arraigned
2270 3551 33 19 for
2320 3549 75 26 having
2411 3550 69 20 stolen

1893 3580 36 25 pig
1943 3579 47 20 iron
2005 3579 54 19 from
2070 3580 34 19 the
2120 3578 99 27 premises
2230 3578 23 19 of
2266 3584 26 13 an
2306 3577 141 25 ironmonger,
2458 3578 23 18 at

1894 3606 169 25 Gainsborough.
2101 3606 61 19 After
2178 3606 35 19 the
2228 3605 60 19 usual
2302 3605 140 19 examination
2458 3603 25 21 of

1893 3634 114 23 witnesses,
2024 3633 42 20 and
2079 3640 12 13 a
2106 3633 54 19 lame
2178 3632 85 20 defence
2280 3632 27 25 by
2325 3632 35 20 the
2376 3631 102 26 prisoner,

1893 3662 36 19 the
1943 3661 50 25 jury
2004 3667 39 13 was
2059 3660 87 21 ordered
2162 3664 23 15 to
2202 3660 61 25 bring
2280 3660 22 18 in
2318 3658 53 21 their
2385 3658 80 20 verdict
2473 3665 6 17 ;

1893 3690 68 22 when,
1976 3691 22 16 to
2014 3688 36 19 the
2059 3688 75 20 horror
2146 3688 42 19 and
2204 3687 81 24 dismay
2299 3687 24 19 of
2335 3686 34 19 the
2384 3685 96 26 prisoner

1893 3716 41 20 and
1950 3716 36 19 the
1997 3720 66 19 court,
2080 3716 35 19 the
2129 3714 95 20 foreman
2238 3712 122 21 announced
2370 3712 46 20 that
2431 3712 49 26 they

1893 3744 40 19 had
1941 3743 141 25 unanimously
2091 3742 74 25 agreed
2172 3742 46 19 that
2225 3741 35 19 the
2266 3740 94 26 prisoner
2369 3740 17 19 is
2396 3741 4 10 '
2407 3739 74 27 Guilty

1894 3772 24 19 of
1927 3770 157 25 Manslaughter
2093 3770 12 19 !'
2136 3769 45 20 The
2193 3768 103 20 Recorder
2308 3768 50 19 then
2368 3767 112 25 explained

1893 3801 22 17 to
1927 3799 36 19 the
1979 3798 74 19 Solons
2069 3797 94 20 thatMhs
2179 3796 79 19 offence
2271 3801 42 13 was
2327 3794 96 25 stealing,
2438 3795 42 19 and

1893 3825 47 20 that
1959 3824 55 21 their
2033 3824 51 25 duty
2103 3829 41 14 was
2165 3826 23 16 to
2213 3822 83 19 consult
2315 3822 90 20 whether
2432 3822 50 26 they

1894 3852 120 20 considered
2025 3851 43 20 him
2077 3850 67 26 guilty
2155 3857 23 12 or
2186 3852 38 17 not
2233 3849 67 25 guilty
2310 3849 23 19 of
2343 3848 42 19 that

1893 3879 61 20 After
1964 3886 13 12 a
1984 3878 53 20 little
2042 3878 78 24 jolting
2127 3877 96 25 together
2232 3876 23 19 of
2265 3876 69 24 heads,
2346 3876 33 19 the
2388 3876 94 20 foreman

1892 3906 99 20 returned
2003 3911 11 13 a
2021 3905 78 20 verdict
2110 3904 25 19 of
2148 3906 5 8 '
2162 3904 83 24 Guilty,
2253 3904 41 19 and
2303 3909 30 14 we
2340 3903 41 20 also
2388 3905 102 18 sentence'

1894 3934 42 18 him
1948 3935 20 17 to
1977 3933 34 19 six
2022 3933 80 19 months
2112 3938 26 13 ora
2148 3932 34 20 the
2193 3931 63 20 wheel
2265 3932 14 19 /'

1316 1812 51 23 The
1413 1813 80 22 settled
1541 1812 104 23 Colonies
1675 1820 36 16 arc
1732 1813 51 22 thus
1807 1821 56 15 enu-

1283 1846 100 22 merated
1394 1846 22 22 in
1431 1846 36 22 the
1480 1846 63 22 order
1561 1846 24 22 of
1609 1845 57 23 their
1685 1846 127 22 settlement
1823 1852 5 15 :
1833 1858 30 4 —

1282 1879 109 29 Antigua,
1403 1879 138 28 Barbadoes,
1555 1879 145 28 Montserrat,
1723 1879 78 28 Nevis,
1826 1879 35 23 St.

1284 1912 71 27 Kitts,
1368 1912 101 28 Tortola,
1486 1912 118 30 Anguilla,
1623 1911 121 28 Bahamas,
1765 1912 98 23 Bermu-

1281 1945 49 31 das,
1337 1945 89 29 .Sierra
1443 1945 131 27 Leon.e.,-St
1576 1961 10 12 v
1602 1944 97 28 Helena,
1714 1945 55 22 New
1790 1945 73 22 South

1280 1977 87 29 Wales,
1381 1977 52 24 Van
1445 1977 118 24 Diemen's
1582 1976 74 29 Land,
1676 1978 30 22 W
1707 1981 46 19 este
1756 1985 26 16 ra
1799 1978 64 23 Aus-

1286 2011 72 27 stalia,
1370 2011 113 23 Southern
1494 2010 125 23 Australia.

1316 2043 50 24 The
1394 2044 102 22 duration
1526 2043 23 23 of
1583 2044 164 30 appointments
1776 2043 24 23 of
1834 2043 28 23 all

1285 2077 127 23 Governors
1422 2078 18 22 is
1452 2076 87 23 limited
1549 2081 23 18 to
1584 2077 36 22 six
1638 2084 72 22 years,
1730 2077 132 23 extendable

1284 2110 51 29 only
1346 2110 70 22 under
1429 2109 83 30 special
1523 2110 180 23 circumstances.

1316 2143 37 23 No
1365 2142 117 23 Governor
1494 2142 40 22 has
1546 2150 73 23 power
1631 2147 23 18 to
1674 2143 49 30 give
1741 2147 87 19 assents
1841 2147 20 18 to

1283 2180 47 18 acts
1344 2176 23 22 of
1384 2176 102 23 Colonial
1500 2174 156 31 Legislatures
1668 2176 33 22 for
1714 2176 147 30 naturalizing

1284 2209 69 23 aliens
1366 2209 94 23 without
1477 2209 113 30 authority
1609 2209 125 30 previously
1758 2209 103 23 obtained

1283 2242 58 23 from
1354 2242 36 23 the
1403 2242 119 28 Secretary
1536 2242 23 22 of
1575 2242 71 23 State.

1316 2275 37 23 No
1367 2275 116 23 Governor
1496 2283 40 15 can
1548 2275 79 23 absent
1644 2274 92 24 himself
1751 2275 58 23 from
1826 2275 37 23 his

1283 2313 147 25 government
1440 2308 94 23 without
1543 2308 71 23 leave.

1317 2341 50 23 The
1376 2341 51 30 only
1434 2341 110 23 furniture
1553 2340 106 31 provided
1668 2341 31 23 for
1710 2341 154 23 Government

1283 2375 82 22 houses
1377 2378 22 19 at
1409 2374 37 23 the
1455 2375 75 30 public
1542 2382 105 23 expense,
1659 2375 20 22 is
1687 2374 47 23 that
1747 2375 32 22 for
1789 2382 75 15 rooms

1283 2408 34 22 for
1330 2407 36 23 the
1381 2409 113 29 reception
1506 2408 25 22 of
1546 2415 109 23 company
1667 2415 27 15 on
1706 2408 75 30 public
1799 2408 63 30 days.

1286 2441 49 22 The
1351 2441 111 22 furniture
1473 2442 20 21 is
1511 2441 114 31 subjected
1643 2446 22 17 to
1683 2441 38 22 the
1738 2441 86 23 control
1843 2441 23 22 of

1285 2473 137 31 Legislative
1434 2474 141 23 Assemblies
1586 2482 24 15 or
1623 2474 114 23 Councils.
1774 2474 24 23 It
1809 2475 19 21 is
1842 2479 21 17 to

1285 2507 27 23 be
1327 2507 55 31 kept
1393 2507 116 30 complete,
1530 2513 21 17 at
1563 2507 38 23 the
1619 2512 48 18 cost
1679 2507 23 23 of
1718 2507 37 23 the
1769 2507 93 23 colonial

1285 2548 94 15 revenue
1389 2549 6 19 ;
1413 2540 41 23 but
1466 2541 19 21 if
1499 2549 44 22 any
1554 2545 52 26 part
1618 2541 18 21 is
1648 2540 44 23 lost
1710 2548 23 15 or
1748 2540 115 31 damaged,

1285 2574 19 23 it
1315 2575 19 21 is
1346 2577 21 19 to
1375 2573 27 23 be
1414 2574 103 30 replaced
1527 2582 31 17 or.
1563 2573 77 31 repaid
1651 2578 23 18 at
1686 2573 37 23 the
1734 2581 98 23 expense
1843 2574 23 22 of

1286 2607 36 23 the
1333 2606 124 24 Governor.
1492 2607 40 22 An
1541 2607 118 29 inventory
1669 2607 23 22 of
1706 2606 29 23 all
1744 2606 119 29 furniture,

1284 2640 75 30 public
1370 2644 112 26 property,
1491 2644 61 19 must
1563 2640 28 23 be
1603 2640 63 22 made
1678 2639 108 31 triplicate
1788 2652 33 4 —
1823 2647 41 15 one

1285 2674 33 22 for
1330 2673 38 23 the
1380 2673 117 30 Secretary
1511 2673 25 23 of
1550 2673 73 27 State,
1635 2680 42 15 one
1689 2677 22 19 to
1724 2673 27 22 be
1763 2672 101 24 retained

1285 2707 24 22 in
1321 2706 36 23 the
1376 2705 78 30 house,
1467 2706 36 22 the
1516 2706 60 23 third
1594 2710 22 18 to
1633 2705 28 23 be
1680 2705 113 31 deposited
1811 2705 54 23 with

1286 2747 60 16 some
1358 2739 77 30 public
1452 2739 76 24 officer
1540 2740 23 21 in
1581 2739 37 23 the
1636 2739 86 30 colony,
1741 2738 49 23 who
1803 2739 20 22 is
1843 2743 21 18 to

1285 2777 85 19 muster
1389 2772 44 23 and
1450 2774 87 29 inspect
1559 2773 37 22 the
1615 2772 110 23 furniture
1744 2776 23 18 at
1784 2780 81 23 proper

1285 2807 73 27 times,
1372 2805 43 24 and
1431 2806 28 23 be
1471 2806 139 30 responsible
1626 2805 35 22 for
1673 2806 24 22 it.
1734 2804 47 24 His
1800 2813 66 15 name

1285 2839 19 23 is
1317 2844 21 18 to
1356 2839 28 22 be
1395 2838 106 24 returned
1520 2843 22 19 to
1560 2839 38 23 the
1614 2838 118 30 Secretary
1751 2838 25 23 of
1791 2839 73 28 State,

1285 2872 43 23 and
1348 2871 35 23 his
1406 2872 133 23 certificates
1560 2872 25 23 of
1604 2871 84 31 having
1699 2871 114 31 inspected
1828 2872 37 22 the

1285 2905 109 23 furniture
1406 2909 23 19 at
1436 2912 81 24 proper
1529 2905 64 23 times
1606 2905 135 30 prescribed,
1757 2912 36 16 are
1802 2909 22 19 to
1839 2905 26 23 be

1285 2938 113 31 regularly
1410 2943 49 18 sent
1473 2943 21 18 to
1506 2937 38 24 the
1556 2938 120 30 Secretary
1687 2938 24 23 of
1722 2938 70 23 State.
1829 2937 37 24 No

1287 2971 122 31 carpetting
1421 2971 21 23 is
1451 2976 22 18 to
1482 2971 28 23 be
1520 2971 106 32 provided
1635 2971 76 23 unless
1720 2972 24 22 iv
1754 2978 53 23 very
1817 2970 49 24 cold

1286 3005 109 22 climates.

1320 3037 95 23 Officers
1435 3037 114 31 obtaining
1567 3037 61 23 leave
1642 3037 24 23 of
1681 3037 94 23 absence
1787 3044 37 16 are
1843 3041 22 18 to

1286 3070 55 23 have
1360 3070 50 30 only
1422 3070 50 23 half
1486 3071 82 30 salary,
1586 3070 38 23 the
1642 3070 62 23 other
1722 3070 50 23 half
1787 3074 22 18 to
1827 3070 38 23 the

1285 3110 82 24 person
1378 3105 82 29 acting,
1469 3104 76 23 unless
1554 3104 48 23 that
1610 3111 82 23 person
1699 3102 64 24 holds
1771 3103 95 22 another

1286 3137 69 27 office,
1369 3137 64 22 when
1445 3137 28 23 he
1482 3138 19 21 is
1515 3142 22 18 to
1548 3137 57 23 have
1615 3137 51 29 only
1679 3135 137 29 one-fourth,
1828 3136 37 22 the

1285 3170 124 23 remainder
1429 3175 23 18 to
1473 3170 27 22 be
1522 3170 67 23 saved
1609 3175 20 17 to
1643 3170 36 22 the
1697 3168 86 32 public.
1828 3168 37 24 No

1286 3203 75 23 officer
1371 3207 22 18 to
1403 3203 29 22 be
1442 3203 80 23 absent
1532 3203 58 23 from
1603 3203 37 22 the
1649 3203 80 29 colony
1739 3209 62 15 more
1811 3201 55 23 than

1285 3236 103 31 eighteen
1398 3236 89 22 months
1493 3236 59 22 from
1566 3236 37 22 the
1611 3236 43 29 day
1665 3236 24 22 of
1694 3239 84 24 return,
1788 3235 77 22 unless

1284 3269 31 31 by
1333 3276 91 23 express
1444 3269 135 31 permission
1600 3269 24 22 of
1647 3268 37 23 the
1704 3269 120 29 Secretary
1844 3267 23 23 of

1285 3302 72 24 State.
1401 3302 55 30 Any
1476 3302 118 23 Governor
1615 3302 105 30 granting
1740 3309 29 14 an
1790 3301 76 23 officer

1285 3336 61 23 leave
1359 3335 25 23 of
1398 3335 103 28 absence,
1515 3335 43 23 and
1577 3339 40 19 not
1628 3340 114 25 reporting
1757 3337 18 20 it
1786 3338 23 19 to
1828 3334 38 23 the

1285 3369 118 28 Secretary
1415 3369 25 22 of
1456 3369 71 28 State,
1541 3373 22 18 to
1575 3368 28 23 be
1614 3368 61 23 fined
1685 3368 78 24 £100.

1318 3402 35 23 No
1376 3402 52 22 civil
1449 3401 76 23 officer
1545 3402 20 22 is
1586 3406 28 18 to'
1626 3401 56 23 have
1704 3400 115 24 residence
1841 3407 24 16 or

1284 3435 143 22 house-rent.

1319 3467 114 24 Members
1445 3467 26 23 of
1487 3467 93 23 Council
1593 3475 37 15 are
1643 3465 92 25 entitled
1744 3470 23 18 to
1778 3465 87 32 perfect

1284 3500 98 24 freedom
1395 3500 23 23 of
1434 3500 79 23 debate
1525 3500 45 23 and
1583 3507 58 16 vote.
1679 3499 128 24 Governors
1828 3506 37 15 are

1284 3539 22 18 to
1319 3535 79 29 impart
1408 3538 23 18 to
1440 3533 59 23 them
1508 3542 25 14 so
1541 3533 68 23 much
1619 3533 24 23 of
1652 3532 57 24 their
1720 3532 145 23 instructions

1284 3575 25 15 as
1326 3574 53 22 may
1389 3566 27 23 be
1435 3574 119 22 necessary
1567 3571 21 18 to
1608 3566 56 23 form
1683 3566 103 30 opinions
1804 3572 61 24 upon

1284 3600 30 23 all
1323 3599 98 30 subjects
1433 3599 99 30 brought
1541 3599 71 23 under
1624 3599 58 22 their
1692 3598 171 23 consideration.

1299 3650 3 3 .
1317 3633 36 23 No
1365 3632 40 23 law
1418 3641 25 14 or
1453 3633 119 22 ordinance
1585 3639 41 16 can
1636 3632 29 23 be
1678 3631 62 23 made
1753 3631 29 29 by
1796 3631 68 23 Colo-

1282 3666 46 23 nial
1337 3665 162 30 Legislatures,
1510 3665 48 23 that
1566 3666 19 22 is
1596 3669 126 26 repugnant
1730 3668 21 18 to
1762 3664 36 22 the
1809 3664 56 23 Law

1283 3700 25 22 of
1323 3698 113 30 England,
1455 3707 24 15 or
1492 3699 118 22 interferes
1627 3698 53 22 with
1693 3697 36 23 the
1750 3698 115 30 operation

1283 3732 76 23 within
1381 3731 36 23 the
1441 3732 86 29 Colony
1551 3732 25 22 of
1600 3739 43 22 any
1663 3730 89 24 British
1775 3731 90 22 Statute

1282 3764 123 31 applicable
1417 3765 96 25 thereto.

1316 3798 36 22 No
1366 3797 116 23 Governor
1494 3801 22 19 to
1528 3798 64 22 incur
1609 3805 61 14 more
1683 3796 60 24 than'
1748 3801 44 18 two
1804 3796 60 24 huu-

1282 3831 53 22 dreil
1348 3830 86 30 pounds
1447 3838 98 23 expense
1556 3831 35 22 for
1603 3838 42 22 any
1659 3838 41 15 one
1720 3830 92 28 service,
1823 3838 41 15 nor

1281 3867 21 19 to
1323 3864 100 22 increase
1445 3863 37 23 the
1501 3863 135 23 established
1658 3863 92 22 salaries
1770 3862 94 23 without

1280 3896 62 23 leave
1352 3896 25 22 of
1393 3896 35 23 the
1448 3896 119 30 Secretary
1579 3897 25 21 of
1619 3896 72 23 State.
1728 3895 37 23 All
1786 3895 78 29 public

1280 3929 89 23 officers
1381 3934 21 18 to
1412 3930 29 22 be
1452 3928 144 24 accountable
1609 3933 22 18 to
1643 3928 39 24 the
1691 3928 86 24 British
1789 3928 73 23 Trea-

674 131 25 21 of
706 137 121 16 commerce
837 130 43 22 had
887 130 50 22 thus
946 130 57 21 been
1011 129 140 27 engendered
1158 130 98 27 superior

674 161 21 18 to
706 157 47 22 that
760 158 26 21 of
792 158 31 21 all
832 157 81 21 known
925 156 134 22 uncivilized
1068 156 83 28 people,
1162 157 45 21 and
1217 160 39 18 not

674 184 113 26 surpassed
801 184 30 25 by
847 184 36 21 the
899 184 66 21 lower
981 182 73 22 orders
1064 182 24 22 of
1103 190 43 20 any
1156 183 100 22 civilized

674 214 92 23 country
776 210 25 21 of
808 211 97 25 Lurope.

699 237 57 22 That
766 236 198 27 notwithstanding
972 236 60 21 these
1043 242 127 15 assurances
1180 244 28 13 on
1219 236 37 21 the

673 267 48 23 part
727 264 25 20 of
758 263 34 21 his
802 263 135 27 Excellency
948 263 38 21 the
997 262 122 25 Governor,
1132 263 70 21 which
1213 263 43 21 had

673 290 50 22 thus
732 290 37 21 led
777 290 38 21 the
824 289 105 22 colonists
935 292 23 18 to
969 288 88 27 employ
1067 288 121 22 additional
1198 290 58 26 capi-

674 317 36 26 tal,
731 316 44 21 and
796 319 23 18 to
836 316 82 21 extend
934 315 58 21 their
1008 322 124 14 commerce
1149 318 21 18 to
1190 323 66 19 every

673 343 105 22 available
798 344 49 25 spot
864 349 30 14 on
913 343 37 20 the
968 342 109 21 immense
1099 345 60 17 coast
1176 343 25 20 of
1214 342 42 21 this

673 369 104 22 beautiful
787 371 103 24 country,
901 368 36 22 the
949 368 104 22 colonists
1064 374 56 15 were
1134 368 61 22 filled
1205 369 51 21 with

673 396 162 21 consternation
847 395 44 21 <ip.d
901 395 69 22 alarm
981 402 27 14 on
1017 394 88 26 finding
1111 394 47 22 that
1167 395 34 21 his
1212 395 44 21 Ex-

674 423 99 26 cellency
791 422 45 21 had
854 421 132 22 introduced
1004 428 13 14 a
1034 428 101 14 measure
1153 421 47 21 into
1220 421 36 22 the

674 449 131 27 Legislative
821 449 92 21 Council
929 449 25 20 of
967 448 37 21 the
1022 447 92 26 Colony,
1132 450 21 18 to
1169 448 87 27 compel

674 476 58 21 them
743 479 24 17 to
776 478 77 18 vacate
864 475 37 21 the
911 474 64 22 lands
993 481 27 14 on
1031 473 71 23 which
1117 474 51 27 they
1178 474 44 22 had
1232 482 24 14 so

674 503 53 26 long
744 501 94 26 resided,
858 501 46 21 and
925 505 22 17 to
973 501 60 21 drive
1053 501 67 25 them,
1142 508 25 13 en
1184 508 71 20 masse,

674 533 21 17 to
713 529 92 21 districts
827 527 72 22 where
921 528 62 21 there
1003 534 42 14 was
1069 527 56 21 little
1148 528 107 21 available

674 555 57 26 land,
742 555 44 21 and
798 555 71 21 where
880 562 87 14 success
978 561 48 19 was,
1038 558 24 17 at
1072 554 53 25 best,
1142 554 37 22 the
1189 555 67 21 result

674 583 25 20 of
705 589 13 14 a
728 581 100 22 doubtful
845 581 144 26 experiment,
1007 583 21 19 to
1039 580 38 22 the
1091 583 57 19 utter
1159 581 97 21 destruc-

674 609 44 21 tion
730 612 39 17 not
777 608 53 26 only
841 607 25 21 of
878 607 56 21 their
944 610 110 25 property,
1069 607 40 21 but
1119 607 25 21 of
1151 607 35 22 the
1197 615 59 14 com-

674 642 71 14 merce
755 635 72 21 which
843 634 44 21 had
904 634 34 22 for
948 641 24 14 so
989 641 68 19 many
1067 640 63 20 years
1146 634 57 21 been
1219 634 36 21 the

673 661 82 22 reward
765 661 26 21 of
798 661 56 21 their
862 661 102 25 industry
974 660 45 21 and
1028 660 128 26 enterprise.

700 688 63 26 That,
774 687 153 27 independent
935 687 26 21 of
967 687 37 21 the
1013 687 74 27 injury
1098 687 50 21 thus
1157 687 99 21 inflicted

674 722 58 19 upon
742 722 51 14 men
804 715 49 21 who
869 713 45 22 had
930 714 56 21 been
998 713 36 21 the
1051 713 46 21 sole
1107 720 63 14 cause
1182 714 25 20 of
1219 714 37 20 ad-

674 741 52 27 ding
735 741 43 21 this
789 741 59 26 truly
856 741 122 26 important
989 740 84 27 Colony
1089 743 22 17 to
1123 740 35 20 the
1173 740 82 22 British

674 769 84 22 Crown,
778 767 37 22 the
834 767 75 26 injury
927 766 101 23 inflicted
1045 773 60 20 upon
1125 766 36 21 the
1181 767 74 21 native

673 794 126 27 population
810 793 73 23 would
892 794 27 21 be
934 793 44 22 still
993 796 91 24 greater,
1097 793 123 26 inasmuch,
1232 800 23 14 as

674 821 103 28 deprived
796 821 26 21 of
842 820 37 22 the
903 821 116 26 European
1043 819 136 27 population,
1205 819 50 22 who

674 847 70 22 would
754 848 49 21 thus
813 848 28 20 be
856 847 78 21 driven
944 847 57 21 from
1011 845 29 22 all
1057 850 59 23 parts
1130 848 21 18 to
1162 845 36 21 the
1210 846 45 20 Go-

674 878 115 18 vernment
813 873 144 26 settlements,
979 873 52 26 they
1050 871 73 22 would
1144 872 111 27 infallibly-

674 901 124 26 retrograde
807 901 48 21 into
863 900 38 20 the
909 900 119 21 barbarous
1038 898 71 22 habits
1120 898 71 21 which
1200 899 55 21 their

673 928 135 20 intercourse
828 926 52 22 with
897 926 128 26 Europeans
1043 925 45 21 had
1105 925 149 26 ameliorated,

673 962 24 14 so
711 954 33 20 far
760 961 22 14 as
799 957 23 17 to
838 953 80 21 render
933 952 63 22 them
1013 959 13 14 a
1041 951 60 27 truly
1115 952 140 21 commercial

673 979 85 28 people.

699 1006 57 22 That
778 1012 60 21 upon
858 1008 166 18 remonstrance
1043 1004 32 27 by
1094 1004 37 22 the
1151 1005 104 21 colonists

672 1032 119 27 generally,
803 1033 29 25 by
842 1032 103 26 petitions
960 1031 44 21 and
1021 1031 122 27 otherwise,
1155 1032 51 20 with
1218 1031 36 21 the

674 1059 158 26 Government,
842 1058 53 27 they
902 1065 57 15 were
966 1058 46 20 told
1022 1058 49 20 that
1078 1058 37 20 the
1127 1058 41 21 Bill
1176 1058 79 21 should

673 1086 26 21 be
716 1085 147 26 ameliorated,
884 1084 44 22 and
948 1084 48 22 that
1011 1084 51 27 they
1083 1084 79 22 should
1181 1085 74 21 derive

673 1119 64 20 every
757 1112 123 26 advantage
900 1111 72 22 which
992 1110 55 22 their
1068 1112 119 27 enterprise
1210 1112 48 20 and.

672 1139 101 26 industry
781 1138 46 22 had
836 1138 113 21 deserved.

699 1165 57 22 That
765 1172 61 20 upon
841 1164 61 22 these
918 1164 165 22 ameliorations
1093 1164 34 26 (as
1137 1165 51 27 they
1198 1172 57 14 were

673 1192 78 26 called)
764 1192 67 26 being
847 1191 120 21 submitted
984 1195 23 17 to
1021 1191 37 21 the
1076 1192 114 24 Colonists,
1203 1191 52 27 they

674 1226 54 14 were
740 1218 126 22 astonished
874 1223 22 16 to
907 1218 46 21 find
965 1218 46 21 that
1021 1218 53 26 they
1084 1218 111 21 consisted
1203 1218 52 26 only

673 1246 26 21 of
707 1253 14 13 a
730 1246 51 19 lease
791 1245 25 21 of
829 1245 36 21 the
876 1245 75 21 Lands
968 1244 70 22 which
1053 1245 37 21 the
1102 1245 153 21 Government

673 1272 43 22 had
733 1272 104 22 admitted
848 1272 22 20 in
887 1272 38 20 the
941 1272 115 20 Preamble
1075 1271 24 21 of
1111 1271 56 21 their
1179 1271 44 21 Bill
1233 1274 21 18 to

673 1299 27 21 be
716 1299 82 26 validly
807 1298 130 27 purchased,
949 1298 45 21 and
1010 1298 46 21 that
1066 1298 59 21 lease
1139 1298 33 21 for
1182 1305 13 14 a
1202 1305 53 19 very

673 1325 83 22 limited
767 1325 83 28 period,
852 1336 28 3 —
880 1332 14 14 a
903 1332 101 14 measure
1015 1324 70 22 which
1095 1324 53 27 they
1156 1331 37 14 are
1203 1331 52 14 con-

673 1352 68 22 fident
752 1352 47 21 that
814 1352 38 21 the
866 1352 82 20 British
967 1351 153 21 Government
1135 1351 43 21 had
1188 1358 68 14 never

674 1379 124 26 conceived,
808 1385 44 15 nor
861 1378 73 21 would
944 1378 108 27 sanction,
1063 1378 20 21 if
1094 1378 77 26 passed
1179 1378 28 26 by
1219 1378 36 21 the

674 1406 152 21 Government
835 1406 25 20 of
871 1405 43 21 this
925 1404 91 28 Colony.

699 1432 57 22 That
767 1432 54 22 such
832 1439 12 13 a
855 1439 99 14 measure
965 1432 18 20 is
993 1433 39 19 not
1041 1431 59 26 only,
1111 1431 24 21 in
1145 1430 36 22 the
1191 1430 64 27 high-

674 1463 31 17 est
716 1459 84 27 degree,
812 1458 77 27 unjust
899 1462 21 17 to
933 1458 36 21 the
986 1458 115 26 European
1118 1457 135 27 population,

673 1486 48 20 who
732 1486 44 21 had
789 1485 66 21 made
870 1485 62 21 these
951 1484 86 22 Islands
1055 1484 58 22 their
1128 1484 65 21 home
1202 1485 53 26 long

673 1512 73 22 before
756 1512 37 21 the
807 1512 148 21 interference
972 1511 26 22 of
1008 1512 37 21 the
1056 1510 83 22 British
1155 1511 101 21 Govern-

673 1544 61 16 ment
741 1547 5 19 ;
760 1539 47 26 but,
817 1539 19 21 it
852 1538 17 21 is
886 1538 53 26 also,
950 1538 24 21 in
992 1545 13 14 a
1013 1538 44 21 still
1073 1541 85 22 greater
1167 1538 87 26 degree,

673 1567 74 26 unjust
756 1568 23 18 to
793 1566 38 20 the
848 1565 124 26 aborigines
989 1564 139 26 themselves,
1139 1564 115 21 inasmuch

673 1600 24 14 as
707 1592 51 28 they
765 1592 48 22 who
826 1599 35 14 are
868 1591 134 27 acquainted
1008 1591 52 21 with
1066 1591 57 21 their
1131 1591 70 21 habits
1211 1590 44 22 and

674 1622 101 24 customs,
785 1619 50 21 well
845 1618 62 21 know
920 1618 47 21 that
977 1618 56 21 their
1050 1618 53 26 only
1113 1617 142 22 iuducement

673 1649 22 17 to
705 1649 48 24 part
768 1646 53 20 with
838 1645 57 21 their
909 1644 65 22 lands
991 1647 21 18 to
1028 1644 134 27 Europeans,
1173 1651 44 14 was
1232 1647 23 18 to

674 1680 121 19 encourage
807 1680 12 13 a
829 1672 65 22 white
911 1671 127 27 population
1052 1678 81 19 among
1148 1673 66 24 them,
1225 1671 30 26 by

674 1700 69 20 which
754 1700 52 26 they
821 1698 71 27 might
909 1698 35 21 the
961 1698 72 21 better
1047 1698 127 27 participate
1184 1698 23 21 in
1219 1697 36 22 the

674 1727 133 25 advantages
823 1725 26 22 of
868 1724 101 22 civilized
985 1724 44 27 life,
1052 1724 45 21 and
1108 1731 92 20 procure
1217 1724 37 21 the

673 1757 43 17 arts
727 1753 43 21 and
786 1752 104 22 comforts
908 1752 24 21 of
943 1752 135 21 civilization
1093 1751 23 21 in
1130 1753 75 19 return
1222 1751 33 20 for

674 1780 55 20 their
745 1780 103 26 produce,
859 1778 79 26 which,
956 1779 23 20 in
996 1778 27 21 all
1046 1785 67 18 cases,
1132 1778 54 21 after
1203 1777 52 27 they

673 1806 43 21 had
730 1806 91 21 become
845 1804 133 28 acquainted
995 1804 50 22 with
1062 1805 135 26 Europeans,
1215 1804 40 21 has

674 1840 66 14 never
748 1833 68 21 failed
824 1835 22 18 to
862 1832 83 21 exceed
955 1831 38 22 the
1010 1831 96 22 demand
1121 1838 28 13 on
1160 1830 36 22 the
1207 1834 48 23 part

674 1860 26 21 of
706 1860 35 21 the
751 1860 71 26 latter,
825 1870 27 4 —
854 1858 49 22 thus
911 1858 99 26 shelving
1019 1858 36 21 the
1067 1858 96 26 superior
1173 1865 82 19 energy

674 1886 43 21 and
727 1886 100 27 industry
838 1886 24 21 of
874 1886 37 20 the
921 1885 75 21 native
1007 1885 135 27 population.

700 1913 57 21 That
776 1913 36 21 the
836 1919 154 19 consequence
1014 1913 21 20 of
1059 1910 136 27 abstracting
1217 1910 38 21 the

673 1940 116 26 European
801 1939 129 27 population
946 1939 57 20 from
1015 1945 81 19 among
1108 1938 36 21 the
1160 1937 98 25 natives,'

673 1972 26 13 as
709 1965 162 27 contemplated
885 1965 31 25 by
926 1964 49 21 this-
986 1964 49 26 Bill,
1050 1964 72 20 would
1135 1963 120 26 inevitably

673 1990 55 22 have
739 1992 37 21 the
786 1992 66 21 effect
861 1990 25 21 of
899 1990 120 26 rendering
1036 1990 37 21 the
1088 1990 66 21 latter
1168 1990 87 21 discon-

673 2017 85 27 tented;
779 2018 43 21 and
838 2017 73 21 would
921 2016 90 27 deprive
1028 2017 60 20 them
1106 2020 40 17 not
1164 2016 53 27 only
1233 2016 25 21 of

673 2044 56 22 their
743 2044 142 22 accustomed
901 2044 88 21 articles
1005 2043 24 21 of
1043 2044 80 25 barter,
1135 2043 39 21 but
1183 2043 72 21 would

674 2071 46 21 also
730 2071 49 21 take
789 2078 62 19 away
861 2070 38 21 the
914 2070 110 21 incentive
1036 2074 21 17 to
1073 2070 99 26 industry
1185 2070 70 21 which

674 2105 49 14 now
742 2098 67 21 exists
828 2104 82 19 among
935 2097 61 21 them
1008 2104 5 18 ;
1035 2096 86 22 besides
1141 2096 77 26 which,
1238 2096 18 21 it

668 2124 77 21 -would
754 2124 56 22 have
817 2124 38 21 the
863 2124 64 21 effect
937 2124 24 21 of
968 2123 119 27 rendering
1094 2123 60 21 them
1160 2124 93 26 jealous,

674 2158 23 14 as
706 2151 18 21 is
735 2151 89 26 already
834 2150 154 27 experienced,
998 2150 24 21 of
1029 2150 37 21 the
1078 2150 65 21 tribes
1153 2150 102 26 adjacent

674 2181 23 18 to
715 2178 36 21 the
769 2177 109 27 principal
905 2177 116 26 European
1043 2176 144 26 settlements,
1212 2176 44 21 and

676 2204 71 21 would
757 2206 50 24 give
817 2204 43 21 rise
870 2207 22 18 to
904 2211 12 13 a
925 2204 44 21 bad
979 2203 82 27 feeling
1077 2207 100 21 amongst
1187 2202 67 26 them,

675 2231 68 21 which
754 2230 65 22 could
830 2230 51 27 only
894 2230 43 21 end
944 2231 24 20 in
979 2230 85 26 enmity
1074 2230 44 21 and
1129 2229 125 27 bloodshed,

673 2265 24 14 as
707 2258 48 21 well
765 2258 52 21 with
828 2258 129 26 Europeans
968 2264 23 13 as
1001 2257 93 21 natives.

700 2284 56 22 That
772 2284 36 22 the
824 2284 71 21 whole
912 2284 25 21 of
950 2284 62 21 these
1027 2284 54 21 evils
1098 2290 80 20 appear
1195 2286 22 18 to
1228 2283 27 21 be

674 2311 160 27 contemplated
843 2311 34 21 for
887 2310 37 21 the
933 2317 60 15 mere
1003 2310 51 21 sake
1062 2310 26 21 of
1094 2310 73 26 trying
1177 2317 28 14 an
1217 2317 40 14 ex-

674 2338 109 27 periment
798 2338 25 21 of
836 2337 35 22 the
897 2342 82 22 system
998 2336 24 22 of

673 2364 91 22 without
774 2364 76 26 taking
860 2364 46 21 into
921 2367 95 18 account
1026 2363 48 21 that
1083 2363 42 21 this
1136 2368 93 21 country
1237 2363 19 21 is

673 2391 83 27 thickly
773 2390 94 29 peopled
883 2392 25 20 in
918 2398 67 18 every
1002 2390 106 21 direction
1123 2389 134 27 throughout

673 2418 27 21 its
711 2422 47 17 vast
767 2422 76 17 extent
854 2417 52 22 with
916 2425 12 14 a
938 2418 76 21 native
1022 2424 59 19 race,
1092 2416 56 26 who,
1162 2417 71 21 under
1243 2424 14 13 a

674 2445 50 21 wise
732 2445 43 21 and
781 2444 112 28 judicious
901 2449 83 22 system
993 2444 24 21 of
1021 2446 151 24 government,
1185 2443 72 22 would

674 2479 103 14 consume
792 2479 62 14 more
864 2471 87 22 articles
961 2470 27 21 of
1000 2470 61 22 trade
1073 2470 52 21 than
1141 2469 36 22 the
1186 2470 71 21 whole

673 2498 115 27 European
799 2498 136 28 population,
946 2497 46 22 and
1002 2497 47 22 that
1059 2498 52 25 they
1118 2504 41 14 can
1170 2497 52 26 only
1230 2497 26 21 be

673 2525 99 27 supplied
788 2525 29 27 by
834 2525 107 27 fostering
960 2524 45 22 and
1022 2523 144 27 establishing
1182 2523 75 22 settle-

673 2555 71 18 ments
753 2552 112 21 wherever
874 2551 38 22 the
923 2551 75 22 native
1012 2550 128 28 population
1150 2550 105 26 abounds,

672 2589 28 4 —
701 2577 48 23 thus
764 2579 99 25 creating
877 2585 13 14 a
901 2585 53 21 very
963 2582 63 22 great
1042 2578 69 21 outlet
1125 2577 34 21 for
1173 2577 83 22 British

672 2605 73 27 goods,
761 2606 45 21 and
819 2604 113 27 receiving
946 2606 23 20 in
980 2604 113 27 exchange
1106 2604 54 21 such
1170 2604 87 21 articles

673 2632 26 21 of
711 2632 101 27 produce,
829 2639 23 14 as
863 2632 44 21 will
921 2632 82 26 always
1013 2631 46 22 find
1074 2639 13 13 a
1095 2631 68 26 ready
1173 2630 45 22 sale
1233 2630 23 21 in

674 2658 35 22 the
716 2659 126 22 Australian
852 2658 109 27 Colonies,
972 2665 24 14 as
1002 2658 48 21 well
1057 2665 24 14 as
1090 2658 25 21 in
1123 2657 36 22 the
1168 2657 89 22 Mother

675 2686 106 26 Country.

702 2712 57 22 That
768 2712 54 22 such
834 2719 13 14 a
855 2715 81 24 system
947 2712 26 21 of
979 2710 124 28 legislation
1113 2710 19 21 is
1142 2710 116 27 unworthy

674 2739 25 21 of
712 2746 13 13 a
741 2743 99 23 country,
858 2739 70 21 which
945 2739 38 20 the
999 2741 137 18 commonest
1152 2738 105 26 foresight

673 2765 44 22 and
727 2766 97 26 sagacity
836 2773 40 14 can
887 2766 92 26 predict,
991 2768 63 23 must,
1064 2765 56 21 from
1130 2764 28 21 its
1165 2771 92 19 geogra-

674 2792 70 26 phical
754 2793 95 26 position
861 2792 45 24 and
918 2791 183 28 hydrographical
1115 2791 140 27 advantages,

674 2826 41 13 one
735 2818 42 27 day
793 2820 92 20 become
900 2819 37 20 the
954 2818 85 22 Britain
1057 2818 25 21 of
1095 2817 37 22 the
1148 2818 109 21 Southern

674 2845 153 27 Hemisphere.
857 2845 47 22 The
923 2846 74 26 object
1013 2845 24 21 of
1050 2844 37 22 the
1104 2844 154 21 Government

674 2872 26 21 of
706 2872 53 21 such
769 2880 14 13 a
792 2871 100 27 country,
903 2874 69 24 ought
982 2871 73 21 rather
1063 2875 22 17 to
1093 2871 27 21 be
1130 2876 22 16 to
1158 2870 99 28 legislate

674 2898 33 21 for
726 2898 36 22 the
781 2899 74 21 future
874 2898 124 27 prosperity
1017 2898 24 21 of
1058 2905 24 14 so
1105 2898 122 26 important
1245 2905 13 14 a

674 2924 91 27 Colony,
784 2925 54 22 than
855 2928 21 18 to
895 2925 100 21 sacrifice
1008 2924 28 21 its
1051 2930 91 21 present
1156 2924 102 22 interests

675 2952 44 21 and
727 2952 26 21 its
759 2952 73 22 future
841 2951 86 27 destiny
935 2956 21 17 to
968 2958 13 13 a
988 2958 59 14 mere
1055 2950 108 27 visionary
1172 2951 83 27 theory,

675 2978 25 21 of
713 2978 71 22 which
800 2978 95 27 nothing
911 2985 61 14 more
989 2978 38 21 has
1044 2978 56 21 been
1111 2978 82 26 proved
1205 2977 52 22 than

676 3004 48 22 that
734 3006 17 21 it
760 3005 39 22 has
815 3006 57 21 been
890 3004 70 23 found
974 3007 23 18 to
1012 3004 37 21 fail
1060 3004 111 21 wherever
1185 3006 18 20 it
1219 3004 38 22 has

676 3032 56 21 been
743 3032 101 26 adopted.

704 3058 83 22 Moved
796 3059 30 26 by
838 3058 23 21 C.
871 3058 26 21 B.
909 3058 95 26 Brewer,
1019 3058 50 26 Esq.
1075 3074 5 11 ,
1088 3057 110 28 barrister,
1214 3058 44 21 and

673 3085 110 22 seconded
793 3086 28 26 by
832 3085 97 22 William
943 3086 86 25 Brown,
1041 3085 53 27 Esq.
1103 3091 5 14 :
1109 3095 30 4 —

699 3112 50 21 2nd.
778 3112 58 21 That
861 3119 27 14 on
914 3114 95 19 account
1031 3111 27 21 of
1078 3111 37 22 the
1138 3118 119 15 numerous

672 3137 89 27 pledges
772 3139 44 21 and
833 3139 107 27 promises
956 3138 51 21 thus
1017 3138 73 26 given,
1102 3138 45 21 and
1156 3138 23 21 in
1190 3145 67 21 every

672 3164 105 27 instance,
789 3173 28 14 no
834 3173 80 14 sooner
928 3165 67 27 given
1013 3166 53 20 than
1082 3164 85 22 broken
1180 3173 28 14 on
1220 3165 36 22 the

673 3192 88 26 part^of
779 3192 37 21 the
835 3192 154 22 Government
1006 3192 24 21 of
1049 3191 43 22 this
1109 3192 92 27 Colony,
1213 3192 44 22 and

673 3218 68 21 above
751 3218 28 21 all
795 3218 38 24 on.'
840 3223 94 17 account
944 3218 26 21 of
982 3218 37 21 the
1035 3225 95 14 manner
1144 3219 23 20 in
1184 3218 71 22 which

674 3243 35 22 the
723 3245 108 25 promised
846 3246 142 21 concessions
1005 3245 23 20 of
1041 3245 38 21 the
1095 3245 160 27 Government,

672 3270 23 21 in
714 3271 78 26 regard
809 3276 24 17 to
850 3272 36 21 the
930 3271 66 22 Land
1013 3272 88 21 Claims'
1122 3272 43 21 Bill
1207 3279 48 14 now

673 3297 72 21 before
763 3298 35 21 the
816 3298 133 26 Legislative
967 3298 101 26 Council,
1084 3305 44 15 was
1144 3298 113 22 exhibited

672 3324 147 26 yesterday.in
830 3324 37 22 the
883 3324 155 22 amendments
1054 3325 108 26 proposed
1175 3345 3 10 (
1179 3325 29 27 by
1219 3326 37 21 the

673 3350 158 27 Government,
855 3358 23 14 as
898 3351 50 21 well
967 3358 32 13 as.
1010 3351 57 21 from
1087 3352 36 21 the
1142 3352 114 27 discovery

672 3377 63 21 made
748 3378 95 26 through
861 3378 36 21 the
914 3376 86 27 candidi
1013 3385 64 19 open,
1088 3378 45 21 and
1148 3385 108 19 generous

672 3404 121 27 opposition
812 3404 26 21 of
855 3404 37 21 the
906 3404 153 27 independent
1076 3405 115 26 members,
1207 3405 26 21 of
1243 3413 13 14 a

672 3430 55 27 deep
742 3430 45 22 laid
801 3431 89 21 scheme
906 3438 28 13 on
946 3431 38 20 the
1001 3434 49 23 part
1066 3432 26 20 of
1103 3431 37 21 the
1156 3432 100 21 Govern-

672 3460 62 18 ment
749 3460 21 18 to
787 3457 87 27 deprive
888 3461 40 23 us,'
933 3457 105 27 unjustly,
1046 3458 35 27 ,of
1093 3457 37 22 the
1148 3458 69 22 whole
1235 3460 23 20 of

672 3491 39 14 our
720 3483 69 28 lands,
801 3485 28 26 by
835 3491 81 18 .means
932 3484 24 21 of
968 3490 14 14 a
997 3484 43 21 Bill
1056 3491 24 14 so
1096 3485 106 27 carefully
1211 3486 45 21 and

671 3518 25 13 so
712 3511 149 26 soplnstically
870 3510 95 27 worded,
978 3518 24 13 as
1019 3514 19 17 to
1055 3511 28 21 be
1098 3511 81 27 utterly
1191 3512 65 21 unin-

671 3537 103 26 telligible
786 3540 21 18 to
824 3544 45 20 any
879 3544 79 20 person
969 3541 41 17 not
1025 3537 133 28 thoroughly
1168 3538 53 22 bred
1231 3539 23 21 in

672 3563 36 21 the
718 3564 73 21 school
799 3563 25 21 of
836 3563 98 28 political
949 3563 96 27 intrigue
1062 3564 44 21 and
1123 3564 115 28 deception
1248 3573 6 19 ;

668 3590 20 22 it
702 3591 17 21 is
735 3590 36 22 the
789 3590 48 22 firm
854 3591 70 21 belief
941 3591 25 21 of
982 3590 42 22 this
1041 3591 99 26 meeting
1155 3592 47 21 that
1217 3592 37 23 the

671 3617 71 27 object
757 3617 25 21 of
794 3617 36 21 the
848 3617 161 26 Government,
1020 3617 21 21 in
1059 3618 120 27 proposing
1194 3618 61 23 these

670 3643 157 27 amendments,
841 3651 49 20 was,
901 3647 22 18 to
933 3643 81 28 punish
1022 3644 35 21 the
1068 3645 92 26 original
1169 3646 85 21 settlers

669 3671 35 20 for
714 3669 35 22 the
765 3671 101 21 firmness
881 3671 53 21 with
950 3670 72 22 which
1038 3671 53 27 they
1102 3678 55 14 nave
1173 3672 81 26 legally

670 3697 95 27 opposed
775 3697 37 21 the
831 3697 161 26 Government,
1004 3697 41 21 and
1063 3698 137 22 maintained
1217 3698 37 21 the

669 3723 68 26 rights
751 3724 44 21 and
812 3724 97 21 liberties
927 3725 24 20 of
964 3723 37 22 the
1019 3724 81 21 British
1118 3725 95 26 subjects
1231 3726 22 20 in

669 3750 55 21 New
734 3749 105 22 Zealand.

698 3777 79 21 Moved
789 3777 27 26 by
827 3777 88 27 George
924 3777 97 21 Thoma3
1029 3777 101 27 Clayton,
1139 3778 59 27 Esq.,
1206 3778 48 27 Bay

669 3803 25 21 of
701 3802 92 27 Islands,
803 3803 47 21 and
859 3803 111 22 seconded
987 3804 29 26 by
1031 3804 45 21 Mr.
1085 3821 3 6 ,
1091 3803 124 22 Johnstone
1231 3805 25 20 of

669 3829 37 21 the
716 3836 59 14 same
786 3829 69 28 place.

694 3857 20 20 3.
729 3855 57 22 That
795 3863 28 13 on
834 3859 96 18 account
939 3856 26 22 of
979 3855 28 22 all
1020 3856 35 21 the
1065 3856 88 22 various
1164 3864 88 14 reasons

668 3881 76 27 stated,
759 3883 16 20 it
787 3890 40 13 can
838 3888 50 14 now
898 3889 30 14 no
937 3882 81 25 longer
1034 3882 27 21 be
1076 3882 119 22 concealed
1205 3883 47 21 that

669 3908 42 21 this
720 3908 97 25 meeting
827 3908 40 20 has
875 3914 29 14 no
916 3908 129 22 confidence
1055 3909 23 20 in
1087 3908 36 22 the
1131 3909 57 26 good
1196 3909 54 22 faith

667 3934 26 21 of
709 3933 36 23 the
761 3934 155 22 Government
932 3935 25 21 of
974 3935 55 22 New
1049 3935 106 27 Zealand,
1173 3936 45 22 and
1233 3937 18 21 is

530 49 100 31 THE
648 49 108 31 NEW
770 49 230 32 ZEALAND
1021 48 223 32 GAZETTE
1262 49 101 31 AND
1382 50 322 32 WELLINGTON
1726 52 288 31 SPECTATOR.

58 137 38 23 the
114 136 61 31 legal
192 140 167 25 consequences
379 140 38 15 are
436 139 54 24 very
502 132 142 31 distressing.

59 169 103 28 Besides,
175 169 63 22 there
250 175 45 14 was
306 173 29 15 no
357 165 106 23 evidence
484 170 23 18 to
520 165 60 24 shew
590 165 56 23 'that

52 192 122 34 Hawkins
188 198 122 26 meditated
327 198 196 23 self-destruction
524 211 31 4 —
558 199 38 24 the
607 203 38 18 ut-

60 238 58 20 most
129 233 50 23 that
189 234 18 22 it
227 236 59 19 went
305 235 22 19 to
346 238 68 23 prove
433 239 54 21 was,
500 231 49 24 that
560 232 29 23 he
600 231 46 23 had

59 268 57 22 been
136 265 90 27 unwell,
245 264 45 23 and
309 271 47 16 was
378 264 42 23 low
444 264 94 30 spirited
560 269 24 19 at
605 269 41 18 not

61 299 95 29 hearing
165 298 59 23 from
234 297 37 23 his
282 297 95 23 friends.
380 309 32 4 —
412 296 65 32 Ed.]

1891 142 53 23 sury
1957 136 33 22 for
2002 136 108 30 irregular
2125 138 152 29 expenditure,
2290 141 35 22 for
2334 140 70 23 which
2418 142 52 31 they

1892 175 37 15 are
1941 174 23 17 to
1976 168 26 23 be
2016 169 101 29 imprest.
2151 170 42 23 All
2205 178 71 16 crown
2284 173 63 23 lands
2359 182 38 14 are
2411 180 21 18 to
2441 175 29 23 be

1892 200 103 30 disposed
2012 202 25 21 of
2052 202 28 29 by
2086 202 88 30 -public
2192 203 53 28 sale,
2265 206 43 22 and
2323 206 22 23 in
2360 214 27 15 no
2407 207 64 23 other

1891 240 92 16 manner
1998 233 119 24 whatever.
2161 235 156 26 Precedence:
2320 251 30 4 —
2352 240 119 23 Governor

1892 273 23 15 or
1924 290 3 5 i
1945 266 268 25 Lieutenant-Governor
2240 269 169 34 administering
2430 273 41 23 the

1891 304 160 24 government;
2078 299 268 27 Lieutenant-Governor
2368 310 39 17 not
2429 306 40 23 ad-

1892 332 142 30 ministering
2045 333 32 27 it;
2097 332 81 24 Senior
2193 334 84 23 Officer
2289 336 26 22 of
2329 336 36 23 the
2373 336 96 32 Troops,

1892 363 47 23 who
1960 365 22 22 in
2002 372 50 16 case
2070 365 25 23 of
2112 365 119 25 hostilities
2252 368 65 23 takes
2336 369 134 30 precedence

1892 397 70 22 under
1985 405 42 22 any
2051 399 188 29 circumstances;
2272 400 100 31 Bishop;
2404 403 70 23 Clnrf

1892 429 85 23 Justice
1986 438 5 20 ;
2013 430 125 24 Executive
2147 432 93 23 Council
2251 442 5 18 ;
2277 434 113 23 Members
2399 435 55 23 ditto
2463 445 6 19 ;
2480 431 2 7 '

1892 462 101 30 Speaker
2007 463 23 22 of
2046 464 36 22 the
2095 463 81 24 House
2188 466 25 22 of
2230 466 117 31 Assembly
2358 476 5 19 ;
2385 468 86 24 Puisne

1890 494 74 31 Judge
1974 504 4 14 :
1998 496 114 23 Members
2122 497 23 22 of
2161 497 37 23 the
2213 498 79 24 House
2300 500 24 22 of
2334 501 121 30 Assembly
2463 510 7 20 ;

1892 527 102 24 Colonial
2002 529 118 29 Secretary
2131 539 5 18 ;
2150 531 222 31 Attorney-General
2383 542 5 19 ;
2411 534 60 23 Soli-

1892 561 167 23 citor-General
2070 571 6 19 ;
2119 563 148 23 Archdeacon
2278 574 6 19 ;
2327 565 124 25 Treasurer
2462 576 6 19 ;

1891 593 98 23 Auditor
1998 603 5 20 ;
2033 595 176 24 Commissioner
2229 597 25 22 of
2277 598 78 23 Crown
2374 598 78 24 Lands
2462 607 6 21 ;

1893 626 111 23 Collector
2025 628 24 22 of
2069 628 107 23 Customs
2185 638 6 19 ;
2221 629 148 32 Comptroller
2378 640 6 20 ;
2412 632 57 23 Sur-

1892 659 178 29 veyor-General
2081 670 6 18 ;
2107 661 70 23 Clerk
2193 663 24 22 of
2234 663 113 24 Councils.

52 357 5 6 v
93 358 91 23 Bench
210 363 30 16 of
260 356 63 23 Mag
326 362 57 20 istjs
384 362 83 22 axes,..
477 355 166 25 Yesterday.

62 403 31 6 —
93 391 103 26 Present,
197 401 34 4 —
233 388 31 24 E.
283 388 119 29 Halswell,
415 388 68 31 Esq.,
503 390 44 22 and
559 388 34 24 H.
608 389 35 23 St.

62 423 57 29 Hill,
142 422 59 30 Esq.
203 434 33 3 —
236 422 25 22 A
276 429 54 16 man
352 421 81 23 named
453 421 127 24 Lockwood
600 429 45 15 was

62 455 75 34 placed
144 459 22 19 at
178 456 37 22 the
227 454 49 29 bar,
290 455 90 29 heavily
389 454 78 24 ironed
469 468 31 3 —
502 453 96 32 (having
610 463 35 15 es-

62 489 66 31 caped
136 488 58 23 from
205 488 52 30 gaol
271 496 28 15 on
309 487 93 31 Sunday
409 486 57 31 last)
469 500 31 4 —
502 496 29 15 on
540 496 13 15 a
560 488 84 30 charge

64 523 23 23 of
95 522 82 29 felony.
214 520 50 24 The
275 522 109 29 prisoner,
398 522 17 21 it
427 521 117 31 appeared,
553 520 43 24 had
605 521 40 22 be-

65 562 58 17 come
141 554 121 31 possessed
281 554 26 23 of
323 554 85 23 several
426 554 71 23 blank
516 553 83 24 checks
618 561 27 15 on

61 588 36 23 the
108 587 79 23 Union
198 586 77 30 Bank,
288 587 74 23 which
379 587 27 23 lie
419 586 44 24 had
476 587 62 22 filled
548 595 31 22 up
591 586 54 23 with

62 621 73 23 orders
159 624 22 19 to
203 628 45 23 pay
269 621 91 23 various
383 624 111 19 amounts.
533 619 38 24 He
591 619 54 23 then

62 653 68 24 called
142 661 60 23 upon
215 653 48 24 Mr.
276 654 32 23 A.
323 653 66 24 Horn
393 653 77 27 brook,
489 652 48 23 Mr.
551 652 92 28 Sutton,

59 685 123 32 .(Medical-
198 685 68 33 Hall)
294 687 43 23 and
367 687 96 22 Messrs.
493 685 80 23 Cullen
601 685 44 23 and

63 720 114 30 Simpson,
184 720 44 23 and
234 720 65 23 made
306 718 123 33 purchases
438 718 25 23 of
467 718 77 30 goods,
554 717 90 24 tender-

63 753 36 30 ing
111 753 24 30 in
99 753 12 30 (
149 757 108 27 payment
275 757 22 19 to
311 752 54 24 each
386 760 41 14 one
440 751 24 23 of
482 751 38 23 the
537 751 107 23 fictitious

64 785 103 31 cheques,
179 786 114 30 receiving
306 786 37 23 the
353 784 118 23 difference
481 784 24 23 in
516 784 56 23 hard
582 784 61 23 cash.

64 818 36 24 On
122 819 154 30 presentation
299 819 53 29 they
374 826 58 15 were
455 817 25 23 of
497 824 78 16 course
598 817 47 23 dis-

62 850 117 25 honoured
187 861 5 20 ;
214 852 41 23 and
269 852 48 23 Mr.
331 851 81 30 Inglis,
433 851 37 22 the
485 850 94 28 cashier,
600 858 45 15 was

62 884 71 24 called
145 890 22 18 to
186 892 67 24 prove
274 885 49 23 that
336 892 30 15 no
379 884 55 23 such
453 891 83 24 person
551 883 44 23 had
617 891 28 15 an

65 922 96 19 account
171 924 23 17 at
206 917 37 24 the
254 918 77 23 Bank.

97 950 51 24 The
170 951 148 30 Magistrates
331 950 56 30 fully
404 950 129 22 committed
544 950 47 22 him
609 949 36 23 for

63 983 51 24 trial
126 988 23 19 at
161 984 37 23 the
210 988 56 19 next
283 984 101 24 Quarter
395 983 105 22 Sessions
511 991 5 19 ;
536 982 40 23 but
589 989 55 15 con-

65 1016 79 24 sented
165 1021 22 19 to
199 1018 86 22 receive
297 1016 52 28 bail,
369 1015 93 23 himself
473 1016 24 21 in
509 1016 78 26 £200,
601 1014 44 23 and

64 1054 42 18 two
130 1051 96 22 sureties
250 1049 24 22 of
293 1049 84 24 £100.
385 1048 73 27 each;
483 1047 44 23 and
548 1051 22 19 to
593 1048 51 29 give

53 1083 155 30 -twenty-four
220 1082 76 22 hours'
305 1082 73 22 notice
391 1080 24 23 of
424 1080 52 23 bail.

52 1114 5 24 (
67 1124 9 19 ;
94 1115 50 23 The
152 1116 108 29 prisoner,
269 1115 50 22 who
328 1113 138 30 throughout
476 1113 101 23 behaved
587 1112 54 23 with

59 1152 64 27 great
135 1148 101 23 coolness
248 1147 44 23 and
306 1147 168 31 impertinence,
486 1146 65 23 made
563 1154 29 15 an
604 1153 40 23 ap-

62 1180 106 32 plication
179 1186 22 17 to
218 1180 29 22 be
257 1179 101 24 released
370 1179 57 23 from
445 1180 70 22 irons.
551 1179 58 23 This
624 1179 23 23 of

66 1221 78 15 course
155 1213 38 23 the
206 1212 87 24 Sheriff
300 1212 98 24 refused.

268 1282 172 24 MARRIED.

1283 130 56 28 fully
1351 132 120 22 convinced
1483 132 47 21 that
1538 132 18 21 it
1567 130 70 22 would
1655 131 27 22 be
1692 132 139 21 detrimental
1841 136 22 17 to

1283 158 39 20 the
1339 157 102 22 interests
1451 159 24 21 of
1488 158 53 21 both
1551 158 37 21 the
1598 157 74 22 native
1687 158 45 21 and
1746 158 117 28 European

1284 183 137 27 population,
1432 192 24 14 as
1466 184 49 22 well
1526 191 23 14 as
1560 183 127 27 calculated,
1697 185 20 20 in
1726 191 29 15 an
1765 186 98 21 eminent

1284 212 86 24 degree,
1381 213 21 18 to
1421 212 75 21 reflect
1512 218 27 14 on
1558 210 37 21 the
1609 210 95 21 hitherto
1720 211 143 22 untarnished

1283 236 112 21 character
1402 238 25 20 of
1434 238 69 21 Great
1512 237 94 25 Britain,
1613 236 22 21 if
1641 236 36 22 the
1687 236 174 23 administration

1284 262 25 21 of
1325 261 37 22 the
1382 263 152 22 Government
1553 263 23 22 of
1593 263 43 21 this
1654 267 57 18 most
1734 264 129 26 interesting

1284 289 86 27 Colony
1383 289 27 22 be
1428 289 125 23 conducted
1569 296 22 15 as
1607 290 17 20 it
1640 289 40 22 has
1694 289 96 22 hitherto
1806 291 56 21 been

1285 315 65 22 done.

1311 341 84 22 Moved
1405 343 30 27 by
1448 344 20 21 S.
1480 343 32 21 M.
1524 343 28 21 D.
1563 342 91 25 Martin,
1666 343 57 29 Esq.,
1738 343 71 27 M.D.,
1819 343 44 22 and

1284 368 112 22 seconded
1406 369 30 27 by
1447 369 22 22 J.
1482 370 75 26 Logan
1568 369 126 26 Campbell,.
1701 369 51 27 Esq.
1762 377 4 13 :
1768 380 29 4 —

1309 396 21 20 4.
1345 395 57 21 That
1410 396 73 21 unless
1494 396 36 21 the
1537 396 153 21 Government
1697 396 25 21 of
1729 395 43 22 this
1778 396 85 27 Colony

1285 421 26 21 do
1323 428 23 14 so
1357 421 32 22 far
1399 423 83 26 modify
1489 423 44 20 and
1543 423 55 20 alter
1608 421 36 21 the
1652 421 64 22 Land
1723 421 89 22 Claims'
1821 423 42 20 Bill

1285 455 49 14 now
1344 447 75 23 before
1433 449 36 21 the
1485 448 131 27 Legislative
1627 448 91 22 Council
1729 449 33 24 (as
1772 454 22 16 to
1804 453 59 18 meet

1285 474 36 22 the
1331 476 127 21 reasonable
1468 475 44 21 and
1522 475 127 27 repeatedly
1659 475 115 26 expressed
1786 476 77 21 wishes

1285 501 24 21 of
1323 500 37 22 the
1376 502 91 25 settlers)
1480 502 45 21 and
1539 501 143 26 consistently
1692 501 52 21 with
1758 502 35 21 the
1809 501 54 22 ends

1285 527 23 21 of
1316 527 87 27 justice,
1415 529 17 21 it
1442 529 17 21 is
1468 528 38 22 the
1517 528 88 26 opinion
1616 527 25 21 of
1654 527 35 21 the
1701 529 104 26 meeting,
1817 529 46 21 that

1284 562 13 13 a
1317 553 95 22 Petition
1431 555 78 21 should
1529 555 26 21 be
1570 553 122 23 forwarded
1709 558 21 17 to
1748 554 38 22 her
1803 556 60 20 Most

1285 579 105 23 Gracious
1409 581 95 27 Majesty
1514 581 51 21 with
1583 588 13 14 a
1605 588 56 19 copy
1671 581 25 20 of
1710 580 60 22 these
1780 582 83 20 resolu-

1284 607 63 25 tions,
1358 607 99 26 together
1464 607 52 22 with
1527 614 65 21 every
1600 607 63 21 other
1673 614 67 20 paper
1747 607 43 21 and
1797 608 66 21 docu-

1283 637 61 17 ment
1360 634 71 21 which
1445 635 56 21 have
1518 635 54 21 been
1583 633 117 26 published
1714 633 43 22 and
1767 634 94 27 printed,

1283 659 94 26 tending
1385 663 22 18 to
1416 661 69 21 throw
1496 668 43 19 any
1549 661 57 26 light
1614 667 28 14 on
1652 659 37 22 the
1700 661 91 26 subject.

1311 687 111 31 Proposed
1436 687 28 26 by
1481 687 129 21 Alexander
1626 686 93 27 Dalzell,
1741 687 58 28 Esq.,
1820 687 43 22 and

1283 712 110 22 seconded
1403 715 28 25 by
1442 715 92 26 Captain
1548 713 106 21 Williams
1663 721 5 13 :—:
1670 724 27 4 —
1713 726 6 4 -

1309 741 20 19 5.
1344 739 58 22 That
1411 748 13 13 a
1433 743 50 19 vote
1494 741 26 20 of
1530 739 80 22 thanks
1623 739 27 21 be
1666 740 63 26 given
1742 743 20 17 to
1779 740 36 22 the
1827 741 36 21 In-

1283 765 126 28 dependent
1420 767 110 21 Members
1539 767 26 21 of
1573 767 36 21 the
1619 766 132 27 Legislative
1762 767 99 27 Council,

1282 793 36 21 viz
1328 800 5 14 :—:
1334 804 29 3 —

1367 819 57 22 Wm.
1435 819 61 22 Field
1508 820 81 25 Porter,
1602 819 58 26 Esq.,

1366 846 85 27 George
1462 846 75 21 Butler
1547 847 65 26 Earp,
1624 846 59 27 Esq.,
1694 846 45 21 and

1365 872 75 22 James
1450 873 26 21 It.
1489 873 106 26 Clendon,
1607 872 59 27 Esq.,

1283 899 33 21 for
1334 898 55 22 their
1403 899 152 26 independent
1571 899 94 21 conduct
1682 901 61 19 since
1757 899 36 22 the
1804 908 59 14 com-

1283 930 141 17 mencement
1439 926 24 21 of
1478 926 37 21 the
1532 927 94 25 Session,
1643 926 42 20 and
1706 927 21 19 in
1747 927 116 25 particular

1283 953 32 20 for
1327 952 36 21 the
1374 953 48 20 able
1432 952 43 22 and
1486 952 154 22 disinterested
1657 960 93 14 manner
1759 953 22 21 in
1793 953 70 21 which

1283 979 52 26 they
1344 978 56 22 have
1417 979 120 26 uniformly
1547 979 119 27 supported
1683 979 37 21 the
1732 979 47 26 just
1789 980 74 22 claims

1283 1005 25 21 of
1315 1005 37 21 rhe
1363 1005 92 26 original
1465 1006 91 20 settlers.

1309 1032 82 22 Moved
1402 1033 27 25 by
1436 1033 90 21 Samuel
1534 1033 87 26 Taylor,
1631 1033 59 26 Esq.,
1698 1031 45 23 and
1752 1033 111 21 seconded

1282 1058 29 27 by
1322 1058 20 22 J.
1356 1059 21 20 J.
1388 1059 141 25 Montefiore,
1544 1059 51 27 Esq.

1309 1087 21 19 6.
1349 1085 57 21 That
1421 1085 36 21 the
1468 1085 79 21 thanks
1558 1086 24 20 of
1596 1085 42 21 this
1649 1086 97 26 meeting
1760 1085 28 22 be
1797 1087 66 25 given

1283 1115 22 17 to
1323 1112 19 21 S.
1357 1112 30 20 M.
1399 1112 28 21 D.
1440 1113 89 25 Martin,
1546 1112 59 27 Esq.,
1624 1112 71 26 M.D.,
1713 1112 35 21 for
1763 1112 37 22 the
1815 1112 48 22 able

1282 1138 65 21 letter
1364 1139 116 21 addressed
1496 1139 29 26 by
1536 1138 43 21 him
1595 1142 21 17 to
1631 1139 34 21 his
1681 1138 135 27 Excellency
1828 1139 35 21 the

1283 1165 115 21 Governor
1409 1172 27 14 on
1447 1165 37 21 the
1499 1165 63 21 Land
1572 1165 87 21 Claims'
1675 1165 48 26 Bill,
1736 1165 71 21 which
1821 1167 42 21 this

1283 1192 98 26 meeting
1395 1192 18 21 is
1431 1192 72 26 firmly
1518 1192 120 26 persuaded
1656 1192 101 20 contains
1767 1192 37 21 the
1815 1193 48 21 best

1283 1218 44 21 and
1334 1222 56 17 most
1398 1218 129 22 reasonable
1535 1218 49 27 plan
1595 1218 32 21 for
1635 1218 37 21 the
1680 1218 52 21 final
1742 1218 43 22 and
1794 1219 69 27 equit-

1283 1245 49 21 able
1339 1245 134 25 adjustment
1484 1245 25 21 of
1516 1245 37 21 the
1565 1244 63 22 Land
1639 1245 86 21 Claims.

1311 1272 81 21 Moved
1400 1273 29 25 by
1436 1272 21 21 J.
1466 1272 22 20 J.
1501 1271 138 21 Montefiore.
1653 1272 58 26 Esq.,
1720 1271 43 21 and
1770 1272 93 22 second-

1285 1298 27 21 ed
1321 1299 28 25 by
1360 1298 96 21 Thomas
1466 1298 74 22 Jones.
1552 1298 60 26 Esq.,
1623 1298 26 21 of
1656 1298 100 27 Sydney:
1757 1310 27 3 —

1309 1325 20 22 7.
1342 1325 58 20 That
1417 1332 13 14 a
1445 1332 55 20 copy
1518 1324 25 21 of
1560 1325 59 21 these
1636 1325 137 27 resolutions,
1785 1325 78 27 signed

1282 1352 29 26 by
1322 1352 36 20 the
1369 1352 116 20 Chairman
1495 1352 23 20 in
1530 1351 36 21 the
1581 1359 64 13 name
1664 1352 24 20 of
1700 1352 43 20 this
1758 1353 104 26 meeting,

1283 1378 26 20 be
1318 1378 122 20 forwarded
1450 1383 21 15 to
1483 1378 37 20 the
1532 1378 121 20 Governor.

1310 1405 34 21 On
1358 1404 34 22 the
1410 1406 82 20 motion
1508 1405 26 20 of
1544 1405 39 21 Dr.
1602 1405 88 25 Martin,
1710 1405 110 21 seconded
1835 1406 28 25 by

1283 1431 33 21 W.
1330 1431 25 21 E.
1367 1432 111 24 Cormack,
1491 1431 58 27 Esq.,
1560 1432 46 25 (the
1617 1432 60 20 chair
1689 1432 66 26 being
1764 1432 98 26 vacated,

1283 1458 44 21 and
1337 1458 22 21 J.
1370 1458 19 21 J.
1401 1458 138 24 Montefiore,
1550 1458 59 28 Esq.,
1621 1458 71 21 called
1701 1461 22 18 to
1737 1458 35 21 the
1784 1460 78 24 same,)

1283 1485 18 20 it
1311 1491 42 15 was
1367 1485 155 25 unanimously
1533 1485 85 26 agreed,
1635 1484 47 21 that
1696 1485 36 21 the
1747 1484 79 22 thanks
1842 1486 21 20 of

1283 1511 35 22 the
1328 1512 96 26 meeting
1438 1512 26 20 be
1475 1511 65 25 given
1551 1515 22 17 to
1591 1511 89 22 Charles
1697 1512 165 26 Abercrombie,

1283 1538 61 27 Esq.,
1354 1538 33 21 for
1402 1538 34 21 his
1450 1538 48 21 able
1509 1538 45 21 and
1563 1538 109 26 impartial
1683 1538 96 21 conduct
1788 1539 23 20 in
1827 1538 36 22 the

1283 1564 68 21 chair.

96 1343 37 23 On
147 1343 108 30 Monday,
269 1343 118 29 February
406 1343 65 27 28th,
485 1342 30 30 by
527 1342 37 23 the
583 1342 59 24 Rev.

62 1376 59 24 John
144 1376 147 28 Macfarlane,
316 1376 108 23 Minister
444 1375 25 24 of
493 1376 40 22 the
561 1375 83 24 Scotch

64 1409 99 29 Church,
175 1409 138 23 Lieutenant
324 1409 60 23 John
404 1408 84 28 Lewis,
501 1409 25 22 of
540 1409 37 23 the
591 1408 52 23 Ma-

64 1444 48 22 dras
125 1442 80 31 Army,
215 1450 41 15 son
267 1442 24 23 of
301 1442 37 23 the
350 1442 44 23 late
405 1441 62 24 Rear
474 1442 105 23 Admiral
585 1441 59 24 John

64 1475 83 24 Mason
165 1475 83 28 Lewis,
262 1480 21 18 to
298 1475 76 28 Anna,
391 1474 83 24 second
493 1475 110 30 daughter
623 1475 24 22 of

63 1508 98 23 Edward
172 1508 66 28 Burt,
252 1508 66 31 Esq.,
330 1508 150 23 Commander
488 1508 25 22 in
521 1508 37 23 the
569 1507 76 31 Royal

64 1541 73 30 Navy,
161 1541 45 23 and
229 1541 61 23 niece
314 1541 24 23 of
364 1541 38 23 the
424 1541 45 23 late
494 1540 150 24 Lieutenant-

65 1574 99 23 General
182 1574 102 23 William
304 1573 101 24 Matliew
423 1574 66 28 Burt,
513 1573 24 23 of
551 1573 94 24 Maiden

64 1607 101 30 Erleigh,
177 1614 56 16 near
250 1607 113 30 Reading,
377 1607 68 25 M.P..
458 1607 34 22 for
504 1607 84 28 Berks,
602 1607 44 22 and

56 1640 122 23 >sometime
198 1639 231 24 Governor-General
445 1640 25 23 of
485 1640 37 23 the
534 1640 111 23 Leeward

65 1673 98 23 Islands.

1296 1621 76 19 NEW
1393 1621 176 19 COLONIAL
1593 1621 252 19 REGULATIONS.

1285 1663 55 22 New*
1358 1663 82 20 edition
1463 1663 24 19 of
1509 1663 35 19 the
1563 1663 72 19 Rules
1656 1663 41 20 aud
1712 1663 147 28 Regulations

1316 1693 35 23 for
1376 1693 35 23 the
1436 1693 101 24 Colonial
1565 1693 99 28 Service,
1693 1694 119 30 published
1835 1694 24 30 by

1316 1726 64 23 order
1396 1726 25 23 of
1443 1727 38 22 the
1501 1726 118 30 Secretary
1638 1726 26 23 of
1689 1727 63 23 State
1770 1727 35 23 for
1826 1727 33 23 the

1318 1759 113 20 Colonies.

229 1736 245 24 AUCKLAND.

1925 725 143 32 Kensington
2088 727 104 23 Gardens
2207 736 36 15 are
2257 734 21 17 to
2297 729 26 23 be
2336 730 84 23 broken
2438 739 30 23 up

1892 763 21 18 to
1932 760 59 21 raise
2009 767 14 15 a
2040 760 56 23 fund
2108 761 33 22 for
2160 762 38 22 the
2218 761 156 30 improvement
2390 764 31 29 of
2433 764 37 22 the

1892 790 184 32 kitchen-garden
2094 795 26 20 at
2141 792 113 25 Windsor.
2291 795 50 23 The
2360 803 51 16 sum
2429 804 41 15 ex-

1891 824 79 30 pected
1990 830 21 17 to
2031 827 25 21 be
2075 826 105 23 obtained
2200 828 34 21 for
2250 827 72 24 which
2340 828 18 23 is
2369 830 100 28 •trifling,

1892 858 117 29 compared
2028 863 23 17 to
2063 859 37 23 the
2122 860 99 22 sacrifice
2235 861 24 22 of
2273 860 38 24 Jife
2333 861 41 23 and
2395 862 76 23 health

1892 891 99 22 inflicted
2008 899 28 14 on
2048 892 37 23 the
2102 897 98 25 peut-up
2218 892 105 25 denizens
2336 894 23 23 of
2374 894 98 24 London

1891 923 30 30 by
1934 931 65 23 every
2012 924 58 22 fresh
2087 924 133 24 diminution
2234 927 24 21 of
2274 927 36 22 the
2329 935 65 22 green
2409 934 62 24 spots

1892 957 23 21 in
1927 957 30 22 its
1969 957 99 30 vicinity.
2106 957 23 23 It
2141 957 40 23 has
2194 958 55 23 been
2263 960 54 28 said,
2331 960 47 23 that
2389 968 25 15 as
2432 962 38 22 the

1891 990 90 29 portion
1993 990 67 22 about
2072 995 22 18 to
2107 990 27 23 be
2145 991 59 23 buiit
2216 1000 28 14 on
2265 1000 43 15 was
2319 998 38 18 not
2369 1001 57 23 open
2447 1000 23 17 to

1892 1022 37 23 the
1948 1023 82 30 public,
2051 1031 27 15 no
2097 1023 45 23 loss
2155 1030 49 17 can'
2215 1025 27 22 be
2260 1026 112 23 sustained
2386 1027 28 30 by
2432 1027 38 23 the

1892 1055 86 31 change
1988 1065 5 19 ;
2021 1056 42 23 but
2070 1056 64 23 when
2146 1065 33 15 we
2191 1059 148 30 contemplate
2350 1059 38 23 ihe
2405 1061 65 30 rapid

1892 1087 109 25 advances
2014 1090 24 22 of
2054 1090 36 22 the
2101 1091 130 30 metropolis
2243 1092 23 22 in
2278 1099 66 23 every
2353 1092 115 30 direction,

1892 1122 44 22 and
1947 1122 54 22 view
2014 1122 62 23 those
2096 1127 61 26 spots
2171 1124 79 29 which,
2270 1124 40 23 but
2322 1133 13 14 a
2345 1125 41 23 few
2404 1134 65 22 years

1891 1153 67 30 back,
1977 1162 57 16 were
2053 1156 36 23 the
2110 1157 54 22 sites
2178 1157 24 22 of
2223 1162 87 26 cottage
2326 1165 24 16 or
2368 1159 102 23 market-

1892 1187 103 29 gardens,
2004 1196 48 15 now
2065 1190 93 22 covered
2165 1190 29 29 by
2207 1198 84 15 masses
2300 1191 24 22 of
2333 1191 135 29 brickwork,

1892 1228 32 15 we
1945 1226 81 18 cannot
2046 1221 40 23 but
2108 1223 103 23 estimate
2231 1223 37 22 the
2289 1224 135 30 importance
2447 1226 26 22 of

1892 1261 66 23 every
1967 1261 48 16 acre
2028 1255 24 22 of
2066 1255 87 29 ground
2162 1256 73 22 which
2244 1264 40 15 can
2293 1256 27 23 be
2332 1258 54 29 kept
2392 1258 79 23 sacred

1892 1285 77 24 within
1978 1286 35 24 the
2021 1296 67 21 verge
2099 1287 23 23 of
2132 1287 38 24 the
2178 1287 179 33 still-spreading
2364 1290 106 29 suburbs,

1892 1327 61 16 some
1973 1320 24 22 of
2017 1320 72 23 which
2111 1329 37 14 are
2168 1322 107 30 annually
2294 1323 118 30 becoming
2430 1324 40 22 ab-

1892 1352 80 23 sorbed
1979 1353 23 22 in
2011 1353 36 23 the
2059 1358 49 18 vast
2116 1362 68 15 mass.
2221 1355 50 23 The
2280 1356 86 22 scheme
2377 1364 93 23 appears

1894 1390 20 17 to
1926 1385 57 23 have
1995 1386 123 30 originated
2133 1388 51 22 with
2198 1387 38 24 the
2249 1388 186 24 Commissioners
2448 1389 25 23 of

1891 1418 86 23 Woods
1990 1419 41 23 and
2044 1419 92 24 Forests
2148 1421 70 23 under
2228 1421 37 23 the
2277 1421 44 23 late
2329 1421 141 25 administra-

1892 1452 53 27 tion,
1960 1452 42 23 and
2016 1453 19 22 is
2046 1458 21 17 to
2081 1453 26 22 be
2129 1454 85 22 carried
2224 1459 41 18 out
2276 1454 29 26 by
2317 1455 35 22 the
2371 1460 97 26 present,

1892 1484 37 22 Sir
1942 1484 86 24 Robert
2041 1486 53 23 Pee]
2108 1487 77 30 giving
2198 1488 17 22 it
2225 1487 37 22 his
2275 1489 70 22 entire
2355 1489 115 30 approval.

1892 1517 75 24 There
1980 1518 18 23 is
2011 1520 159 30 consequently
2184 1520 56 23 little
2252 1520 135 31 probability
2399 1521 25 23 of
2435 1522 37 23 the

1892 1550 96 30 gardens
2001 1552 66 31 being
2078 1552 78 30 longer
2166 1553 119 30 preserved
2296 1554 57 22 from
2368 1554 102 24 destruc-

1893 1590 53 16 tion.
1950 1597 32 3 —
1987 1584 133 23 Gardener's
2139 1585 101 22 Gazette.

1925 1617 35 23 St.
1976 1617 108 30 George's
2103 1618 90 28 church,
2214 1618 108 30 Everton,
2344 1620 127 31 Liverpool,

1892 1650 18 22 is
1922 1658 29 15 an
1969 1649 73 31 object
2062 1652 23 21 of
2108 1652 153 23 considerable
2279 1653 92 22 interest
2390 1654 35 23 for
2442 1654 30 23 its

1892 1687 65 25 taste,
1970 1684 43 22 and
2026 1692 24 14 as
2062 1684 83 31 having
2157 1685 56 23 been
2226 1686 77 29 nearly
2317 1686 36 22 the
2363 1686 49 23 first
2424 1687 48 23 iron

1892 1716 84 23 church
1989 1717 84 23 erected
2087 1719 23 21 in
2123 1717 70 23 Great
2206 1718 95 23 Britain.
2339 1718 48 24 The
2400 1720 72 23 whole

1892 1750 25 22 of
1939 1750 37 22 the
1993 1750 146 23 frame-work
2159 1751 25 22 of
2207 1751 36 23 the
2263 1752 111 28 windows,
2397 1752 74 30 doors,

1891 1783 85 30 groins,
1989 1783 67 28 roofs,
2069 1783 80 31 pulpit,
2162 1785 139 22 ornamental
2314 1785 158 30 enrichments,

1892 1823 37 15 are
1941 1816 26 23 of
1986 1817 116 22 cast-iron.
2150 1816 50 24 The
2217 1817 77 30 length
2313 1819 19 21 is
2355 1820 45 22 119
2419 1820 53 28 feet,

1891 1849 38 22 the
1942 1849 92 23 breadth
2046 1850 19 22 is
2077 1850 32 24 47
2122 1849 52 24 !cet.
2222 1849 23 24 It
2257 1851 19 21 is
2288 1852 143 22 ornamented
2444 1853 30 29 by

1892 1889 12 14 a
1917 1882 108 23 cast-iron
2038 1882 92 23 window
2148 1882 25 23 of
2195 1884 87 22 stained
2303 1884 68 30 glass.
2419 1885 23 23 It
2454 1886 19 22 is

1890 1920 47 23 not,
1950 1915 104 31 perhaps,
2073 1916 115 30 generally
2209 1916 82 23 known
2312 1917 46 23 that
2376 1926 14 14 a
2411 1924 64 24 great

1891 1948 128 29 proportion
2028 1949 25 22 of
2067 1949 37 22 the
2115 1948 75 30 larger
2204 1950 170 23 manufactories
2387 1951 88 22 erected

1891 1980 23 22 in
1924 1980 107 31 England
2043 1981 76 23 within
2132 1981 37 23 the
2180 1981 44 23 last
2245 1987 37 17 ten
2301 1990 66 23 years
2387 1991 38 15 are
2444 1983 31 23 all

1890 2013 50 23 iron
1953 2018 78 26 except
2044 2014 36 23 the
2096 2014 62 23 walls
2170 2023 6 19 ;
2197 2014 43 23 and
2258 2015 79 23 within
2354 2020 41 18 two
2407 2024 66 22 years

1890 2051 58 25 past,
1963 2047 85 22 several
2059 2051 99 26 cottages
2177 2048 44 22 and
2238 2053 93 25 country
2343 2049 64 23 villas
2417 2049 57 23 have

1892 2079 56 23 been
1970 2084 41 26 put
2028 2087 30 23 up
2077 2087 55 16 near
2150 2080 106 28 London,
2280 2081 72 23 which
2375 2090 37 15 are
2433 2090 41 15 ex-

1892 2112 107 31 clusively
2011 2114 108 22 cast-iron
2121 2126 32 3 —
2155 2114 69 27 Avails,
2238 2114 73 28 doors,
2327 2120 66 25 steps,
2415 2115 58 29 roof,

1891 2145 111 31 chimney,
2015 2146 59 28 sash,
2085 2147 42 22 &c.
2164 2146 29 23 In
2207 2147 114 30 England,
2330 2147 72 24 where
2412 2148 63 23 wood

1891 2179 20 22 is
1923 2179 53 22 dear
1987 2180 42 22 and
2042 2180 48 22 iron
2109 2179 77 30 cheap,
2206 2180 36 22 the
2254 2180 50 23 first
2316 2185 47 19 cost
2374 2181 25 23 of
2419 2181 56 23 such

1892 2211 113 31 buildings
2016 2213 19 22 is
2047 2213 45 22 less
2111 2212 53 23 than
2185 2213 63 22 those
2268 2214 23 22 of
2314 2214 86 23 timber.
2444 2214 31 23 In

1892 2245 120 30 durability
2028 2246 43 22 and
2089 2246 90 30 beauty,
2199 2246 52 30 they
2270 2255 44 20 are,
2336 2247 23 23 of
2386 2255 87 21 course,

1891 2278 142 30 unequalled.
2157 2287 55 14 once
2220 2279 104 29 finished,
2334 2280 54 23 such
2400 2281 75 22 build-

1891 2312 51 29 ings
1957 2312 87 29 require
2056 2320 28 15 no
2097 2312 84 30 repairs
2191 2321 6 19 ;
2219 2312 44 23 and
2281 2313 37 23 the
2339 2318 57 18 most
2405 2314 70 29 finely

1892 2345 80 23 carved
1993 2349 125 19 ornaments
2139 2350 48 18 cost
2204 2345 58 23 little
2274 2354 60 15 more
2348 2347 50 22 than
2412 2347 63 29 plaiir

1892 2379 109 28 castings.

2071 2437 20 19 A
2115 2437 172 19 PICTURE.

1946 2489 80 20 Master
2036 2489 23 20 of
2072 2490 34 19 the
2116 2489 100 26 painter's
2228 2493 40 21 art,

1947 2517 60 19 Paint
2017 2524 32 12 me
2059 2517 35 19 the
2104 2518 77 18 chosen
2191 2517 25 19 of
2227 2524 35 19 my
2276 2517 58 21 heart
2342 2520 4 18 I

1946 2544 52 20 Fear
2009 2548 36 16 not
2055 2545 34 19 the
2099 2544 74 20 sketch,
2182 2544 41 20 will
2231 2545 97 19 faithless
2341 2551 68 20 prove,

1948 2571 36 20 I'll
1994 2572 35 19 tell
2039 2572 47 19 thee
2096 2571 44 19 how
2152 2574 21 17 to
2184 2572 60 25 paint
2252 2578 35 19 my
2296 2573 54 19 love.

1946 2599 56 19 First
2011 2599 59 25 paint
2078 2604 40 18 me,
2131 2599 43 19 soft
2183 2599 83 26 beyond
2276 2606 101 19 compare,

1946 2626 46 20 The
2002 2627 84 24 ringlets
2097 2626 23 19 of
2132 2626 38 20 her
2179 2627 81 19 auburn
2270 2627 46 19 hair
2325 2634 5 17 ;

1947 2653 49 20 And
2005 2654 18 19 if
2037 2655 35 24 thy
2082 2653 49 20 skill
2141 2660 22 12 so
2174 2653 32 20 far
2216 2660 113 19 presumes,

1947 2681 62 19 Paint
2019 2681 56 20 them
2085 2681 97 25 exhaling
2191 2681 45 19 rich
2247 2681 104 26 perfumes
2358 2689 6 16 ;

1947 2708 94 20 Beneath,
2051 2709 36 19 her
2097 2708 69 25 glossy
2176 2711 77 17 tresses
2268 2709 56 19 shew

1949 2735 45 20 Her
2003 2735 96 20 forehead
2110 2736 62 25 vying
2183 2736 48 19 with
2243 2736 35 19 the
2287 2742 58 14 snow
2353 2743 4 16 ;

1948 2763 46 19 Her
2003 2763 110 25 eyebrows,
2122 2763 45 24 join
2177 2763 56 20 them
2245 2765 44 22 not,
2299 2770 40 13 nor
2349 2769 64 19 sever,

1948 2790 96 25 Seeming
2054 2792 21 17 to
2085 2792 63 21 meet,
2159 2792 35 24 yet
2205 2790 90 25 meeting
2305 2797 60 13 never
2374 2798 5 16 ;

1949 2817 122 20 Remember
2080 2818 47 19 that
2138 2818 53 19 their
2201 2818 54 19 form
2265 2818 25 19 be
2299 2818 70 25 given,

1948 2846 30 19 As
1989 2845 77 25 perfect
2076 2851 21 13 as
2108 2845 35 18 the
2155 2845 47 19 bow
2212 2845 23 19 of
2249 2845 84 20 heaven.

1945 2872 60 19 •Next
2015 2872 29 19 let
2054 2873 37 25 thy
2099 2872 86 19 faithful
2195 2872 70 25 pencil
2275 2874 31 23 try

1948 2900 32 19 To
1991 2900 59 19 catch
2060 2900 34 19 the
2105 2899 116 25 lightening
2230 2899 24 19 of
2266 2899 37 19 her
2313 2905 37 19 eye
2359 2906 5 16 ;

1948 2926 62 24 Now,
2020 2927 43 19 like
2073 2926 113 19 Minerva's
2197 2926 49 20 look
2258 2931 80 19 serene,

1948 2954 60 23 Now,
2019 2954 42 19 like
2071 2954 35 19 the
2116 2953 72 25 glance
2198 2953 25 20 of
2233 2953 94 25 beauty's
2338 2959 74 19 queen.

1948 2982 65 19 Trace
2023 2981 50 19 then
2082 2982 37 18 her
2130 2980 51 24 face,
2192 2980 40 19 and
2244 2980 45 19 well
2298 2980 74 20 turned
2383 2986 58 18 nose,

1948 3010 44 19 The
2002 3008 36 26 lily
2048 3008 101 25 mingling
2157 3008 52 19 with,
2219 3008 35 19 the
2265 3013 46 14 rose
2319 3015 5 16 ;

1948 3036 46 19 Her
2003 3036 40 25 lips
2054 3037 35 18 too
2099 3034 46 24 add,
2156 3034 142 26 persuasion's
2308 3037 50 21 seat,

1948 3063 81 24 Asking
2039 3062 114 19 affection's
2164 3062 44 19 kiss
2219 3066 20 15 to
2251 3064 54 17 meet
2313 3070 6 16 ;

1948 3091 59 19 Then
2017 3090 29 19 let
2056 3090 36 19 her
2101 3088 48 20 chin
2160 3090 42 18 and
2217 3089 53 20 neck
2280 3089 25 20 he
2315 3089 72 25 found,

1947 3117 59 20 With
2016 3117 28 19 all
2054 3117 35 19 the
2100 3116 76 19 Graces
2186 3117 101 25 hovering
2299 3117 75 20 round.

1948 3145 59 23 Now,
2019 3144 66 23 artist,
2097 3144 69 19 clothe
2176 3150 36 19 my
2222 3144 110 20 matchless
2346 3144 47 24 fair,

1948 3172 41 20 Let
1997 3171 36 20 her
2042 3178 13 12 a
2064 3171 91 25 graceful
2166 3171 88 26 drapery
2265 3177 52 14 wear
2325 3179 6 12 :

1948 3199 31 20 Be
1990 3199 89 25 through
2087 3199 30 19 its
2125 3197 56 20 folds
2191 3205 13 13 a
2214 3198 54 20 little
2283 3204 56 19 seen,
2349 3202 4 5 '

1948 3227 31 19 To
1990 3232 62 19 prove
2062 3226 46 19 how
2117 3225 95 20 faultless
2222 3225 28 20 all
2259 3226 82 20 within.
2372 3235 7 6 ■■

1948 3253 74 23 Artist,
2033 3253 82 24 enough
2124 3254 6 17 t
2146 3259 34 18 my
2190 3253 47 19 love
2249 3253 10 19 I
2271 3259 42 14 see.

1949 3281 67 25 Speak
2026 3281 80 25 picture
2114 3283 4 16 !
2135 3286 47 14 sure
2192 3281 53 19 thou
2254 3283 89 22 canst—
2345 3282 20 18 to
2376 3286 31 14 me
2416 3283 6 17 I

79 1814 11 10 -i
95 1803 35 24 At
140 1812 13 15 a
163 1803 76 31 public
251 1805 100 29 meeting
361 1804 51 23 held
424 1808 23 19 at
458 1804 93 23 Wood's
569 1804 75 30 Royal

65 1836 77 29 Hotel,
156 1845 28 15 on
196 1837 129 30 Thursday,
334 1837 38 23 the
384 1837 42 24 3rd
434 1837 43 30 day
487 1838 24 22 of
520 1837 124 30 February,

65 1872 72 22 1842.
173 1870 45 23 On-
231 1870 37 23 the
285 1870 86 23 motion
389 1870 23 23 of
427 1870 44 23 Dr.
494 1870 95 28 Martin,
609 1878 35 15 se-

63 1903 85 23 conded
165 1903 31 30 by
213 1903 39 23 W.
271 1903 31 24 E.
324 1903 119 29 Cormack,
464 1903 66 30 Esq.,
551 1903 93 23 Charles

62 1936 170 28 Abercrombie,
251 1936 67 31 Esq.,
335 1944 45 15 was
398 1936 158 30 unanimously
575 1935 69 24 called

63 1969 23 21 t&
99 1968 37 22 the
154 1969 69 26 chair,
236 1969 65 21 when
320 1969 36 21 the
375 1969 114 28 following
510 1968 133 22 resolutions

62 2006 56 16 were
137 2000 158 30 unanimously
306 1999 96 31 adopted
419 1999 45 24 and
485 1999 80 31 agreed
580 2003 23 20 to
614 2000 30 30 by

62 2032 38 23 the
111 2033 107 29 meeting,
231 2033 43 23 viz.
286 2041 6 15 :
293 2046 35 3 —

90 2070 82 21 Moved
180 2071 30 26 by
221 2070 34 22 W.
267 2071 25 21 E.
305 2071 114 27 Cormack,
429 2072 59 26 Esq.,
497 2071 45 22 and
552 2071 93 22 second-

63 2096 27 23 ed
99 2097 29 25 by
137 2096 113 23 Jeremiah
260 2098 79 26 Nagle,
351 2098 59 27 Esq.,
422 2098 49 21 J.P.
483 2106 4 13 :—:
489 2109 29 4 —

59 2129 3 18 ;
93 2124 61 24 That,
172 2124 23 21 in
212 2124 38 21 the
268 2125 91 26 opinion
379 2125 25 20 of
424 2125 43 21 this
487 2124 104 28 meeting,
608 2124 37 22 the

53 2150 74 21 fcLand
137 2150 87 22 Claims'
236 2151 47 21 Bill,
296 2159 24 14 as
332 2151 116 27 originally
457 2152 108 27 proposed
575 2155 22 18 to
608 2151 37 22 the

62 2176 134 23 honourable
206 2177 37 22 the
255 2178 134 26 Legislative
399 2178 99 26 Council,
506 2179 19 20 is
534 2179 76 26 unjust
624 2181 21 18 to

63 2204 37 21 the
109 2203 115 22 claimants
233 2204 115 27 generally
356 2213 5 17 ;
378 2204 44 22 and
438 2205 47 21 that
500 2205 38 21 the
554 2204 91 23 amend-

63 2234 70 17 ments
142 2231 109 27 proposed
259 2232 29 25 by
298 2232 46 21 the-
353 2231 160 27 Government,
523 2231 87 22 instead
624 2232 24 21 of

65 2256 141 28 diminishing
216 2257 37 22 the
262 2258 110 26 injurious
387 2258 112 27 tendency
509 2258 25 21 of
545 2258 36 22 the
599 2258 46 21 said

65 2283 48 27 Bill,
125 2291 37 14 are
179 2284 53 26 only
242 2284 122 22 calculated
381 2289 22 17 to
418 2285 100 22 increase
535 2285 23 21 it.
587 2284 58 22 That

64 2309 67 22 wheni
137 2310 33 21 his
186 2311 136 27 Excellency
333 2311 37 22 the
388 2312 116 21 Governor
521 2311 87 22 arrived
622 2312 22 21 in

64 2336 54 21 New
135 2337 103 27 Zealand,
250 2338 27 21 he
293 2338 72 21 found
379 2345 33 14 an-
420 2339 123 27 important
558 2338 87 27 Colony

64 2362 85 28 already
159 2364 93 21 .formed
266 2368 24 17 to
307 2364 34 22 his
359 2364 78 28 handsj
456 2365 121 27 consisting
594 2365 25 21 of
633 2373 12 13 a

62 2389 59 26 large
130 2390 126 22 settlement
264 2391 119 22 underthe
394 2392 99 27 auspices
504 2392 32 21 of-
542 2392 35 21 the
589 2391 56 22 New

63 2416 95 22 Zealand
173 2418 113 27 Company
287 2430 29 3 —
316 2426 14 13 a
343 2425 54 20 very
406 2418 61 27 large
482 2418 29 21 bo
507 2441 5 4 r
513 2418 29 27 dy
558 2418 26 22 of
595 2425 50 20 per-

62 2449 56 20 sons,
130 2443 47 22 who
187 2451 57 15 were
254 2445 22 21 in
286 2452 62 15 some
363 2445 111 22 instances
491 2446 152 26 concentrated,

64 2476 23 14 as
97 2472 21 18 at
133 2470 36 22 the
184 2471 47 27 Bay
245 2472 26 21 of
282 2472 95 26 Islands,
395 2472 126 26 Hokianga,
540 2472 103 27 Kiapara,

68 2495 125 29 Manganui,
205 2515 2 4 .
219 2498 44 21 and
286 2498 39 22 the
349 2505 122 15 numerous
493 2498 106 23 harbours
624 2500 24 20 of

63 2522 80 25 T.Qok's
152 2524 83 26 Straits,
246 2525 41 22 &c.
300 2526 48 26 &c.-,
360 2525 45 21 and
413 2525 24 22 in
455 2524 63 23 other
533 2526 112 21 instances

64 2551 102 24 tcqttered
174 2558 28 14 on
215 2550 105 23 different
335 2552 88 26 trading
430 2553 3 5 '
440 2551 45 22 and
494 2552 97 27 whaling
601 2556 44 17 sta-

65 2576 56 21 tions
135 2577 73 27 along.
215 2577 37 22 the
267 2578 108 22 immense
389 2579 45 21 line
450 2578 26 23 of
495 2583 57 18 coast
573 2579 72 22 which

65 2602 65 22 forms
140 2603 35 22 the
184 2605 106 22 seaboard
301 2606 26 21 of
338 2606 37 21 the
391 2605 91 27 Colony,
494 2613 24 14 as
528 2606 49 21 well
587 2613 24 14 as
620 2606 24 21 in

52 2641 1 10 i
65 2629 29 21 all
102 2635 56 21 parts
173 2631 25 21 of
206 2630 46 23 .the
265 2632 100 21 interior.
475 2632 62 22 these
553 2639 92 20 persons

52 2667 1 23 |
65 2662 54 15 were
134 2658 132 27 transacting
283 2659 100 21 business
398 2659 52 22 with
466 2658 36 22 the
517 2663 93 23 natives,
621 2660 22 21 in

52 2695 2 12 :
66 2682 37 21 the
110 2683 79 27 import
198 2684 24 21 of
234 2684 118 28 European
365 2686 173 27 manufactures,
549 2686 44 21 and
608 2686 37 21 the

68 2714 73 26 jxport
150 2710 25 21 of
182 2711 54 21 New
245 2711 101 22 Zealand
356 2712 103 27 produce,
471 2717 21 16 to
504 2712 37 22 the
552 2717 91 18 amount

64 2735 29 21 ■of
102 2743 56 15 some
170 2736 111 24 hundreds
291 2739 25 21 of
323 2738 205 28 thousand;pounds
539 2739 104 27 annually

149 2764 143 27 constituting
297 2773 13 13 a
317 2765 78 27 highly
400 2766 123 27 important
530 2766 85 27 Colony
620 2766 24 21 in

66 2796 64 19 pvery
138 2797 61 15 sense
210 2791 26 21 of
246 2791 39 22 the
295 2792 136 27 expression.
441 2806 2 3 •

93 2815 54 22 That
161 2817 35 22 the
208 2818 87 21 natives
313 2818 25 22 of
350 2818 43 22 this
407 2819 85 26 Colony
502 2825 37 15 are
553 2825 92 21 persons

66 2841 46 22 who
124 2843 85 28 -though
226 2845 113 27 generally
353 2846 110 26 supposed
476 2846 30 26 by
517 2845 128 27 Europeans

67 2870 23 19 to
99 2869 25 21 be
135 2877 12 14 a
158 2877 52 16 race,
223 2870 25 21 of
260 2878 98 20 savages,
377 2871 103 22 addicted
495 2876 22 17 to
533 2872 37 21 the
587 2876 58 17 most

65 2894 100 23 horrible,
175 2897 117 27 atrocities,
304 2905 43 18 are,
359 2898 23 21 in
398 2898 50 27 fact,
460 2905 14 14 a
489 2897 77 28 highly
579 2898 66 22 intel-

65 2921 68 26 ligent
141 2930 57 17 race.
201 2924 98 26 of;men,
311 2931 24 15 as
350 2924 81 28 keenly
441 2924 57 22 alive
514 2929 22 17 to
554 2924 37 22 the
607 2924 38 22 ad-

60 2952 110 24 'vaiitages
179 2951 26 21 of
211 2957 124 15 commerce
351 2951 53 21 with
419 2951 136 27 Europeans,
568 2951 44 22 and
622 2959 23 14 as

68 2975 89 23 anxious
173 2980 22 18 to
208 2977 122 27 .exchange
346 2977 58 22 their
418 2978 114 21 extensive
549 2978 95 27 produce

65 3001 35 21 for
114 3002 117 28 European
247 3004 165 21 manufactures
427 3011 30 14 as-
462 3003 36 22 the
516 3004 129 28 Europeans

209 3037 37 14 are
264 3030 99 21 anxious-
375 3034 33 17 to.
413 3030 63 22 trade
492 3030 54 22 with
555 3031 62 22 them
619 3043 26 4 —

64 3056 124 27 preserving
196 3057 23 22 in
230 3057 30 20 all
266 3057 59 21 their
333 3058 147 21 transactions
490 3064 12 14 a
512 3058 59 26 good
580 3057 63 27 faith,

52 3092 3 8 i
63 3080 70 22 which
143 3083 68 26 might
220 3083 49 21 well
287 3091 62 14 serve
366 3091 23 14 as
404 3091 29 14 an
448 3084 102 26 example
568 3087 23 18 to
607 3084 37 23 the

64 3107 58 21 most'
130 3108 98 23 civilized
238 3110 88 21 nations

90 3133 56 22 That
153 3135 23 22 in
191 3143 159 21 consequence-
360 3137 84 21 ofthis-
451 3136 138 23 shrewdness
600 3137 43 22 and

62 3160 119 25 goodfaith
188 3164 140 26 exemplified
339 3171 27 14 on
376 3163 36 22 the
422 3166 50 24 part
478 3163 25 21 of
511 3163 37 22 the
558 3164 85 22 natives

62 3186 57 30 for^a
132 3186 52 29 long
198 3190 66 21 series
275 3190 25 21 of
314 3197 72 20 years,
397 3190 75 21 before
487 3189 37 22 the
534 3190 109 21 coloniza-

64 3212 45 21 tion
119 3213 25 21 of
152 3214 58 22 these
219 3216 82 22 islands
311 3218 29 26 by
350 3217 38 21 the
398 3217 82 21 British
491 3217 152 21 Government

63 3245 44 14 was
125 3239 92 28 thought
231 3243 28 25 of,
277 3251 72 20 many.
361 3244 131 26 Europeans
511 3243 56 22 have
572 3255 3 3 •
586 3243 57 22 been

63 3265 95 23 induced
175 3271 28 20 to.
211 3275 68 17 come.
290 3273 35 18 toj
331 3270 59 21 New.
401 3269 100 23 Zealand
520 3270 43 21 and
572 3270 71 21 reside

63 3298 58 20 upon
130 3291 54 25 .land
200 3295 122 25 purchased
336 3297 58 21 from
405 3297 36 21 the
458 3297 93 25 natives,
562 3297 34 21 for
607 3296 36 22 the

64 3324 93 21 purpose
172 3320 25 20 of
212 3321 129 29 cultivating
356 3323 54 22 such
426 3323 62 22 trade
506 3323 52 22 with
574 3323 68 27 them,

64 3344 45 22 and
115 3344 45 21 also
172 3345 24 21 of
207 3346 123 30 improving
346 3349 36 22 the
397 3350 64 21 lands
473 3358 23 13 so
513 3349 128 28 purchased,

64 3375 45 17 afa
118 3378 14 19 P
133 3378 11 13 r
146 3378 32 14 'ce
186 3371 23 22 in
220 3373 61 22 those
291 3375 53 27 days
353 3377 69 21 above
433 3377 58 21 their
500 3377 70 26 value,
582 3377 61 21 since

64 3398 38 20 the
119 3398 78 21 labour
212 3399 26 20 of
252 3400 36 22 the
308 3402 128 27 Europeans
454 3403 108 22 aforesaid
577 3403 66 22 could

65 3424 64 22 alone
138 3424 50 26 give
199 3424 63 22 value
273 3430 22 18 to
307 3429 36 20 the
352 3429 54 22 land
415 3437 24 14 so
450 3430 111 27 acquired.

91 3450 57 21 That
158 3457 28 14 on
196 3450 37 22 the
243 3453 79 22 arrival
330 3455 24 20 of
361 3455 34 22 his
405 3456 134 27 Excellency
550 3457 36 22 the
598 3456 45 22 Go-

63 3483 109 17 vern.onn
179 3478 61 20 these
246 3478 97 28 Islands,'
347 3481 37 21 the
396 3483 45 21 said
448 3483 127 27 Europeans
587 3490 56 15 were

63 3503 89 22 assured
161 3504 29 26 by
198 3503 33 22 his
241 3504 134 29 Excellency,
382 3508 46 22 that
433 3509 58 22 their
498 3511 142 25 possessions,

63 3530 88 26 derived
160 3530 29 26 by
197 3530 105 27 purchase
313 3533 55 21 from
379 3534 36 22 the
424 3536 93 25 natives,
528 3537 79 21 should
616 3537 25 21 be

63 3556 91 22 secured
170 3561 22 17 to
205 3556 66 27 them,
280 3562 2 6 '
290 3558 44 22 and
347 3559 48 22 that
406 3561 18 21 it
441 3569 43 15 was
499 3563 37 21 the
549 3563 93 22 anxious

62 3583 52 22 wish
123 3584 26 20 of
154 3584 37 21 the
201 3582 81 23 British
293 3584 153 24 Government
455 3588 47 22 that
511 3589 38 21 the
558 3594 84 18 utmost

62 3617 49 14 care
121 3610 79 22 should
215 3610 28 21 be
252 3610 67 22 taken
331 3615 20 17 to
362 3611 68 28 dispel
445 3614 36 22 the
490 3615 56 27 idea,
564 3624 28 14 on
605 3616 36 22 the

61 3639 49 24 part
123 3636 26 21 of
160 3636 37 22 the
212 3636 117 28 Colonists,
347 3638 47 21 that
409 3646 44 21 any
462 3643 134 24 possessions
612 3643 29 27 by

62 3662 59 22 them,
138 3664 85 26 validly
241 3663 105 28 acquired
365 3665 71 21 would
453 3667 28 21 be
501 3669 65 21 taken
583 3669 58 23 from

61 3689 67 21 them.

74 3726 4 2 •
88 3715 56 22 That
152 3716 25 23 in
186 3723 153 21 consequence
349 3717 26 21 of
386 3717 42 22 this
438 3726 116 16 assurance
563 3729 28 15 on
604 3722 36 22 the

60 3745 49 24 part
118 3743 25 21 of
156 3744 33 21 his
203 3743 143 28 Excellency,
363 3744 37 21 the
410 3744 108 23 Colonists
533 3747 43 22 had
591 3755 49 19 pro-

62 3768 79 22 ceeded
151 3770 52 21 with
218 3770 121 22 redoubled
355 3777 90 20 energy,
457 3775 21 17 to
488 3772 98 27 improve
596 3776 44 21 and

61 3794 100 23 cultivate
181 3796 57 23 their
253 3797 72 27 lauds,
345 3799 21 19 to
385 3798 81 21 extend
482 3798 57 22 their
554 3800 86 28 trading.

53 3827 10 17 U
70 3824 56 22 losts,
135 3825 21 18 to
164 3823 102 22 establish
274 3824 98 26 whaling
379 3824 99 26 stations,
487 3825 43 21 and
538 3825 27 27 by
574 3834 66 21 every

63 3852 76 16 means
153 3848 24 21 in
193 3850 57 21 their
260 3857 79 20 power,
357 3854 22 17 to
389 3850 136 22 consolidate
535 3852 35 21 the
580 3861 60 14 com-

62 3878 72 16 merce
144 3874 69 23 which
229 3876 44 22 had
288 3884 24 14 so
328 3877 55 26 long
398 3876 44 22 and
459 3884 23 14 so
497 3878 143 29 successfully

61 3899 55 20 been
126 3901 82 22 carried
217 3909 36 21 on,
264 3903 53 22 both
327 3907 21 18 to
359 3904 37 21 the
406 3903 124 27 advantage
539 3905 24 20 of
570 3906 70 21 Euro-

61 3932 67 20 peans
134 3927 152 31 and\Nativfis;
296 3930 23 21 in
328 3929 38 23 the
373 3930 65 22 latter
444 3930 25 22 of
476 3930 73 22 whom
558 3939 13 13 a
577 3933 63 25 spirit
