2550 4029
1913 3888 72 14 Printed
1997 3888 37 14 and
2046 3888 97 18 published
2161 3891 54 17 every
2231 3888 112 19 Wednesday
2358 3888 37 16 and
2403 3889 86 19 Saturday

1932 3907 88 20 morning,
2034 3907 24 20 by
2077 3907 84 17 Samuei,
2175 3908 87 18 Hevaks,
2279 3910 19 14 at
2313 3908 30 16 the
2359 3908 54 18 Office
2429 3910 18 16 oi
2460 3912 29 14 tae

1932 3927 48 17 New
1994 3928 97 15 Zealand
2103 3928 91 17 Gazette
2204 3933 43 12 akd
2260 3929 134 17 Wellington
2409 3930 80 17 Spzcta-

1931 3952 43 14 toh,
1986 3948 155 21 Manner»-s*reet,
2151 3949 113 21 Wellington,
2277 3949 42 17 Port
2330 3949 106 22 Xltfcriion,
2448 3950 41 18 Knr

1931 3969 85 16 Zealand.

525 39 101 30 THE
644 39 110 30 NEW
772 38 229 31 ZEALAND
1019 38 225 31 GAZETTE
1263 38 100 31 AND
1383 38 328 31 WELLINGTON
1733 38 293 31 SPECTATOR.

1386 121 93 21 Union
1492 121 81 21 Bank
1587 121 31 20 of
1635 121 150 21 Australia.

1294 154 94 21 London
1406 155 93 26 Office,
1513 154 47 22 No.
1574 155 35 25 38,
1628 154 51 21 Old
1696 154 185 23 Broad-street.

1347 187 92 27 Capital,
1449 187 61 23 j£Bo0
1510 203 10 11 r
1520 189 53 24 000;
1581 180 4 5 '
1593 187 51 27 paid
1654 195 37 20 up,
1708 187 117 26 £500,000.

1526 225 110 12 DIRECTORS
1642 226 4 12 :

1397 248 68 21 George
1473 248 38 16 Fife
1517 249 68 20 Angas,
1593 248 50 20 Esq.,

1397 269 67 16 Hobert
1472 269 74 19 Brooks,
1557 269 48 19 Esq.,

1397 290 60 15 James
1465 290 48 15 John
1521 290 100 19 Cummins,
1630 289 49 20 Esq.,

1397 311 68 15 Robert
1472 311 97 19 Gardener,
1579 311 49 19 Esq.,
1640 311 124 19 Manchester,

1397 331 48 16 John
1453 332 46 15 Gore
1515 331 49 20 Esq.,

1397 351 48 16 John
1453 351 80 17 William
1539 351 75 19 Buckle,
1620 351 49 21 Esq.,

1393 372 98 20 .Benjamin
1500 372 21 16 E.
1527 372 64 19 Lindo,
1599 372 48 19 Esq.,

1398 392 72 16 Charles
1479 392 76 17 Edward
1562 392 87 20 Mangles,
1658 393 49 20 Esq.,

1397 413 115 20 Christopher
1519 413 83 19 llawson,
1611 413 48 20 Esq.,
1672 413 82 20 Halifax,

1397 434 78 16 Thomas
1482 434 64 18 Sands,
1555 434 47 19 Esq.,
1610 433 101 22 Liverpool,

1397 454 61 16 James
1465 454 55 20 Bogle
1528 454 64 19 Smith,
1599 454 49 20 Esq.,

1397 474 61 17 James
1465 474 80 17 Ruddell
1552 474 55 20 Todd,
1616 475 42 20 Esq.

1292 502 86 17 Trustees
1383 507 4 11 :
1404 502 80 16 Georg-e
1495 502 57 16 Carr
1564 502 60 19 Gxyn,
1637 503 48 20 Esq.,
1696 503 54 16 John-
1761 502 61 20 Gore,
1832 503 49 20 Esq.,

1438 523 35 16 and
1481 523 67 16 James
1555 523 18 16 J.
1578 523 102 20 Cummins,
1690 524 43 20 Esq.

1320 549 81 17 Bankers
1406 554 5 11 :
1423 549 75 17 Messrs.
1505 550 61 18 Gjcyn,
1577 550 116 20 Hallifax,
1701 551 71 19 Mills,
1780 551 36 16 and
1823 551 30 16 Co.

1412 578 100 19 Secretary:
1524 577 84 17 Samuel
1614 578 96 20 Jackson,
1718 579 42 19 Esq.

1383 604 80 17 Colonial
1470 604 94 21 Inspector
1569 610 4 11 :
1585 605 17 15 J.
1610 605 18 15 C.
1636 605 104 20 M'Lahen,
1748 606 42 20 Esq.

1414 653 68 20 New
1501 652 123 21 Zealand
1642 654 116 19 Branch.

1292 685 53 17 Local
1352 685 91 16 Directors
1449 690 5 10 :
1470 685 46 16 Geo.
1528 686 17 15 S.
1558 685 72 18 Evans,
1643 686 49 21 Esq.,
1705 686 68 20 D.C.L.,
1786 688 36 16 and
1835 687 46 17 Geo.

1512 706 92 19 Hunter,
1617 707 42 20 Esq.

1292 733 96 20 Manager:
1399 733 48 16 John
1456 733 71 19 Smith,
1536 733 48 20 Esq.,
1593 733 36 16 late
1637 735 19 15 of
1665 735 32 16 the
1704 735 117 16 Commercial
1828 735 53 17 Bank

1459 754 21 16 of
1488 754 89 20 England,
1589 754 124 18 Manchester.

1402 782 113 22 Branches
1526 785 24 18 at
1566 782 95 28 Sydney,

1566 815 87 23 llobavt
1661 817 77 27 Town,

1566 849 8 22 1
1582 854 133 24 .aunceston,
1727 850 46 22 and

1566 883 10 21 1
1585 886 35 18 crt
1629 883 81 28 Philip.

1294 917 52 22 Port
1354 917 131 27 Nicholson,
1498 916 78 23 March
1586 918 35 26 24,
1633 919 62 20 1840.

1294 970 90 32 npHE
1401 971 114 22 Directors
1531 970 28 22 of
1573 970 39 22 ihe
1629 970 57 23 New
1702 971 100 22 Zealand
1816 972 66 21 Land

1301 992 29 26 JL
1368 998 115 27 Company
1498 998 81 26 hereby
1598 998 50 26 give
1665 999 82 25 notice,
1765 998 49 22 that
1828 999 53 27 they

1286 1024 2 12 1
1293 1023 56 22 have
1355 1031 113 15 effected
1479 1032 29 14 an
1520 1031 172 16 arrangement
1700 1025 54 22 with
1760 1025 36 22 the
1805 1026 75 21 Union

1293 1050 63 21 Bank
1372 1051 25 21 of
1413 1051 120 27 Australia,
1550 1051 44 22 No.
1611 1052 33 26 38,
1660 1052 45 21 Old
1721 1052 158 27 Broad-street,

1293 1077 102 27 London,
1406 1078 34 21 for
1449 1078 37 21 the
1681 1079 27 22 of
1721 1086 13 14 a
1750 1079 131 22 BRANCH

1294 1104 87 21 BANK
1395 1104 35 21 IN
1445 1104 72 21 NEW
1531 1104 158 28 ZEALAND,
1703 1106 96 26 through
1808 1106 74 22 which

1294 1130 37 21 the
1340 1130 100 23 business
1453 1132 26 20 of
1492 1131 38 22 the
1547 1131 56 22 New
1620 1131 101 22 Zealand
1734 1132 65 22 Land
1816 1133 65 21 Com-

1292 1164 60 20 pany
1361 1157 46 22 will
1415 1158 27 21 be
1453 1158 133 21 transacted.
1615 1158 46 21 The
1678 1159 114 22 Directors
1807 1160 74 21 there-

1292 1189 47 16 fore
1348 1184 145 21 recommend
1501 1188 23 18 to
1543 1184 109 23 Colonists
1668 1185 39 22 the
1725 1186 74 21 Union
1816 1186 65 22 Bank

1293 1210 27 21 of
1337 1211 113 22 Australia
1468 1218 23 14 as
1510 1218 29 15 an
1566 1212 168 21 establishment
1755 1213 127 27 possessing

1294 1237 55 22 their
1366 1238 69 21 entire
1459 1238 136 26 confidence,
1616 1238 44 22 and
1680 1239 50 21 able
1749 1243 22 17 to
1789 1240 92 25 provide

1293 1264 125 27 effectually
1433 1264 35 21 for
1483 1264 39 22 the
1536 1264 106 23 financial
1656 1269 71 18 wants
1744 1266 25 21 of
1781 1266 37 21 the
1835 1266 47 22 first

1292 1290 134 23 settlement.

1459 1318 35 27 By
1505 1318 66 21 order
1579 1318 27 21 of
1616 1318 37 22 the
1663 1319 82 27 Board,

1537 1351 84 22 JOHN
1636 1351 104 28 WARD,
1758 1353 123 27 Secretary.

1294 1378 54 22 New
1358 1378 100 22 Zealand
1467 1378 66 22 Land
1543 1379 135 27 Company's
1688 1379 77 27 Office,

1320 1413 19 22 1.
1349 1412 160 26 Adam-street,
1520 1412 105 27 Adelphi,
1637 1412 53 22 2?th
1700 1413 59 25 Aug.
1779 1413 60 22 1839.

1461 1457 66 20 Port
1543 1457 29 20 of
1589 1458 126 20 London.

1346 1489 87 22 Notice
1453 1497 27 14 to
1501 1497 45 14 the
1569 1490 92 21 Public.
1662 1502 30 4 —
1693 1491 123 24 Travellers
1837 1494 44 21 and

1294 1516 73 21 others
1376 1516 49 21 who
1435 1516 56 21 send
1500 1516 107 27 baggage,
1619 1518 107 21 worksof
1737 1523 41 23 art,
1787 1527 23 14 or
1818 1520 63 21 other

1294 1542 63 22 value
1367 1547 105 23 property
1481 1547 22 17 to
1513 1543 112 27 England,
1644 1544 81 22 should
1740 1547 93 26 consign
1844 1547 36 21 the

1293 1569 109 27 packages
1413 1574 22 17 to
1446 1570 36 21 the
1494 1577 50 14 care
1551 1570 24 21 of
1583 1577 13 14 a
1603 1570 100 23 licensed
1710 1572 171 23 Custom-house

1294 1600 73 22 agent,
1383 1604 24 14 as
1423 1597 87 21 articles
1526 1604 38 14 are
1579 1597 129 28 frequently
1722 1599 106 28 injured/
1837 1600 45 22 and

1293 1623 101 21 needless
1404 1630 97 20 expense
1516 1623 111 27 incurred,
1644 1624 35 22 for
1696 1625 36 22 the
1749 1630 59 17 want
1825 1627 25 21 of
1869 1635 13 13 a

1293 1657 80 19 proper
1381 1657 81 19 person
1473 1654 22 17 to
1505 1650 53 21 take
1568 1650 80 27 charge
1658 1652 27 21 of
1701 1652 61 22 them
1778 1660 29 14 on
1823 1654 58 21 their

1294 1676 85 26 arrival,
1391 1677 44 21 and
1444 1684 36 14 see
1496 1677 63 21 them
1575 1678 98 27 entered,
1693 1680 125 27 examined,
1837 1680 44 22 and

1294 1703 106 27 carefully
1414 1704 117 26 repacked.
1567 1704 48 21 The
1635 1704 81 28 charge
1732 1706 19 22 is
1766 1706 37 22 the
1820 1714 61 15 same

1293 1730 99 22 whether
1400 1737 24 14 so
1435 1730 123 27 consigned
1568 1738 24 14 or

1524 1765 117 27 Chamber,
1653 1765 104 28 London,

1294 1824 139 48 DEVOY
1442 1825 45 22 and
1498 1826 54 26 CO.,
1567 1827 44 19 who
1625 1833 36 14 are
1679 1829 36 19 the
1729 1829 152 20 LICENSED

1374 1853 124 20 AGENTS
1506 1854 28 24 of
1543 1854 47 19 Her
1597 1855 111 25 Majesty's
1717 1856 164 20 Commissioners

1293 1879 28 25 of
1333 1880 98 24 Customs,
1441 1881 43 19 and
1497 1881 67 20 under
1572 1882 65 25 heavy
1644 1883 64 20 bonds
1715 1883 42 25 for
1767 1885 35 19 the
1811 1884 70 26 safety

1293 1906 27 25 of
1326 1910 101 23 property
1444 1909 111 25 consigned
1569 1911 20 18 to
1605 1911 62 24 them,
1688 1911 43 26 beg
1751 1910 62 22 those
1831 1911 48 21 who

1293 1934 55 21 send
1357 1934 110 28 packages
1477 1939 22 17 to
1509 1934 59 22 their
1577 1943 58 19 care,
1650 1940 23 18 to
1684 1944 36 14 see
1731 1937 48 21 that
1788 1937 54 22 each
1852 1938 27 21 be

1293 1960 114 28 distinctly
1424 1962 94 21 marked
1565 1962 81 22 Djevoy
1664 1963 46 21 and
1729 1964 47 26 Co.,
1795 1964 85 22 Loweji

1292 1986 199 28 Thames-street,
1633 1990 45 20 and
1682 1990 38 20 the
1727 1990 39 20 bill
1773 1990 24 20 of
1803 1990 78 27 lading

1293 2019 34 15 or.
1331 2014 84 27 receipt
1428 2014 126 21 forwarded
1571 2017 22 19 to
1613 2015 62 22 them
1694 2016 69 22 direct
1778 2017 29 26 by
1821 2021 59 22 post,

1293 2039 53 22 with
1353 2040 145 22 instructions
1507 2040 50 22 how
1569 2041 54 22 such
1633 2042 69 27 goods
1712 2050 37 14 are
1759 2046 22 18 to
1795 2044 26 20 be
1837 2043 43 21 dis-

1292 2066 69 26 posed
1371 2067 26 21 of
1408 2074 28 14 on
1446 2068 80 21 arrival
1534 2076 6 18 ;
1557 2068 43 21 and
1608 2075 24 14 as
1640 2077 67 19 every
1715 2070 99 26 package
1821 2073 60 18 must

1292 2093 29 22 be
1339 2094 85 26 opened
1444 2097 23 18 at
1485 2094 37 21 the
1541 2095 179 27 Custom-house,
1739 2096 21 21 if
1780 2103 45 20 any
1843 2103 38 15 are

1292 2120 86 26 locked,
1392 2120 36 22 the
1437 2120 58 28 keys
1501 2121 81 22 should
1592 2122 28 21 be
1630 2122 130 22 forwarded.

1322 2147 75 22 Goods
1407 2148 45 21 and
1461 2148 110 27 packages
1580 2156 38 13 are
1627 2149 125 21 forwarded
1761 2150 29 26 by
1800 2150 81 26 Devoy

1293 2174 46 21 and
1348 2174 38 21 Co.
1397 2177 22 19 to
1430 2174 29 22 all
1473 2178 60 24 parts
1548 2176 25 20 of
1585 2176 38 21 the
1640 2176 128 27 Continent,
1781 2176 36 21 the
1827 2177 55 21 East

1293 2200 46 22 and
1347 2200 63 23 West
1418 2201 82 27 Indies,
1510 2202 110 26 Colonies,
1632 2203 40 21 &c.
1684 2204 40 20 &c.
1733 2211 6 19 ;
1752 2203 50 27 and,
1814 2204 21 20 if
1846 2210 35 14 re-

1294 2227 84 27 quired,
1390 2232 50 17 sent
1453 2232 22 17 to
1486 2229 38 21 the
1537 2236 49 14 care
1602 2230 26 20 of
1639 2230 137 27 responsible
1792 2230 87 27 houses,

1293 2254 50 21 who
1357 2254 46 22 will
1418 2262 36 15 see
1471 2255 37 22 the
1525 2256 145 22 instructions
1686 2261 50 17 sent
1752 2256 52 22 with
1820 2256 61 22 them

1293 2282 131 26 punctually
1434 2282 107 21 attended
1551 2286 29 18 to.

1322 2308 37 21 All
1369 2309 68 26 goods
1447 2309 46 21 and
1501 2309 110 27 packages
1620 2309 35 22 for
1664 2310 114 27 shipment
1785 2313 59 19 must
1853 2310 28 22 be

1294 2335 159 27 accompanied
1462 2336 31 26 by
1508 2336 87 21 written
1611 2336 151 28 instructions,
1773 2337 56 21 with'
1843 2337 38 21 the

1293 2369 66 14 name
1369 2362 44 21 and
1422 2362 91 22 address
1522 2363 27 21 of
1562 2362 37 22 the
1608 2364 83 26 parties
1701 2364 29 27 by
1741 2364 71 21 whom
1828 2364 53 27 they

1294 2395 37 14 are
1344 2391 56 25 sent,
1416 2389 45 22 and
1477 2389 38 22 the
1529 2393 103 18 contents
1645 2391 46 21 and
1706 2390 65 22 value
1788 2391 26 21 of
1827 2392 54 20 each

1292 2414 99 28 package
1402 2416 78 21 stated.
1508 2416 49 21 The
1572 2416 56 27 duty
1637 2418 111 20 outwards
1760 2418 20 21 is
1790 2419 43 20 10s.
1842 2425 39 20 per

1293 2442 60 21 £100
1369 2442 72 22 value.
1479 2442 47 22 The
1543 2447 47 17 rate
1606 2443 26 21 of
1644 2444 120 22 insurance
1782 2444 99 27 depends

1293 2476 59 20 upon
1364 2468 181 23 circumstances.
1573 2470 45 21 For
1635 2471 85 21 further
1735 2471 145 22 information

1293 2496 66 26 apply
1384 2499 23 18 to
1430 2497 44 21 Mr.
1494 2497 93 21 Samuel
1614 2497 101 28 Revans,
1735 2498 144 27 Wellington,

1293 2522 53 22 Port
1355 2522 130 23 Nicholson.

1296 2567 71 49 ON
1383 2567 84 28 SALE,
1479 2571 23 18 at
1511 2568 39 22 the
1561 2568 71 22 Office
1643 2569 26 21 of
1677 2569 45 22 this
1731 2569 72 28 Paper
1810 2578 35 13 :—

1373 2594 88 22 Double
1480 2595 112 27 elephant,
1607 2596 152 27 antiquarian,
1769 2597 110 28 imperial,

1294 2621 45 21 and
1347 2621 64 27 royal
1423 2621 100 28 drawing
1532 2629 75 20 paper,

1322 2647 89 28 Oblong
1420 2649 90 26 clasped
1519 2649 174 22 memorandum
1705 2649 77 28 books,

1322 2675 89 21 French
1419 2676 87 26 tracing
1515 2683 68 20 paper
1594 2676 78 25 (black
1679 2677 46 21 and
1734 2677 85 27 white),

1323 2701 87 23 Ladies'
1421 2702 45 22 and
1475 2703 148 26 gentlemen's
1634 2703 53 22 card
1703 2711 68 19 cases,

1322 2728 64 22 Ditto
1451 2729 35 22 do.
1543 2729 73 21 tinted
1626 2730 46 22 and
1682 2731 117 21 embossed
1809 2730 65 22 cards

1323 2755 106 28 Foolscap
1439 2755 45 22 and
1493 2756 89 27 writing
1590 2764 77 19 paper,
1677 2757 87 22 various
1771 2758 109 27 qualities.

1323 2783 94 26 Sponge,
1428 2783 78 21 wafers
1515 2783 25 21 in
1548 2785 14 19 2
1572 2790 34 14 oz.
1621 2784 77 27 boxes,
1714 2784 67 22 India
1792 2785 88 26 rubber,

1323 2809 70 21 Black
1412 2809 56 28 edge
1484 2810 46 22 and
1545 2809 110 23 bordered
1673 2811 68 21 letter
1764 2811 46 21 and
1828 2815 53 18 note

1294 2843 77 21 paper,

1324 2863 91 22 Invoice
1425 2863 76 27 books,
1513 2863 54 23 with
1575 2863 102 28 indexes,
1689 2865 89 21 various
1788 2865 65 27 sizes,

1324 2890 57 21 Cash
1392 2890 75 27 books,
1478 2891 65 21 ruled
1552 2891 88 26 double,
1652 2891 89 22 various
1752 2892 63 27 sizes,

1324 2917 125 28 Envelopes
1461 2916 71 28 (note,
1543 2917 74 28 letter,
1630 2918 45 21 and
1686 2918 81 21 official
1778 2919 75 27 sizes),

1324 2943 71 28 Large
1406 2948 83 24 pewter
1498 2945 124 26 inkstands,
1634 2945 55 22 with
1697 2945 79 28 plates,

1326 2971 80 26 Ebony
1414 2971 126 27 inkstands,
1552 2971 53 22 with
1615 2971 103 28 drawers,

1324 2997 73 22 Broad
1407 2998 45 21 and
1461 3005 87 14 narrow
1558 3005 69 20 green
1637 2999 43 21 silk
1691 2999 87 27 ribbon,

1324 3024 63 22 Ditto
1442 3025 55 21 ditto
1553 3025 41 21 red
1604 3028 57 25 tape,

1324 3051 63 21 Brief
1394 3051 45 22 and
1449 3051 57 22 deed
1515 3059 77 20 paper,

1324 3078 73 21 Ruled
1406 3086 68 20 paper
1484 3079 35 21 for
1529 3079 40 21 bill
1579 3078 76 27 heads,

1323 3105 72 26 Royal
1407 3105 70 27 hand,
1494 3106 81 21 double
1591 3105 61 22 hand
1665 3106 86 27 brown,
1766 3106 45 21 and
1820 3106 64 28 royal

1294 3131 61 22 hand
1367 3132 74 21 brown
1451 3133 115 27 wrapping
1573 3139 77 20 paper,

1322 3158 97 27 Ledgers
1430 3159 44 21 and
1481 3162 97 19 account
1585 3159 76 27 books,
1673 3159 89 22 various
1773 3160 63 28 sizes,

1322 3185 84 21 Pocket
1413 3186 87 27 ledgers
1511 3186 46 21 and
1566 3186 172 21 memorandum
1751 3187 76 27 books,

1322 3212 118 26 Engraved
1451 3220 55 20 copy
1517 3213 52 27 slips
1580 3213 45 21 and
1635 3213 77 27 books,

1322 3239 53 21 Best
1385 3238 78 22 Welch
1473 3240 73 26 slates,
1557 3239 61 26 large
1630 3240 45 21 and
1685 3240 72 27 small,

1434 3273 137 14 WHOLESALE
1592 3273 41 14 IND
1648 3274 92 15 RETAIL.

1324 3293 85 20 Gazette
1423 3293 77 24 Office,
1511 3293 58 21 Nov.
1580 3294 34 25 26,
1627 3294 60 21 184)..
1807 3313 7 4 „

1295 3336 72 49 ON
1382 3336 84 27 SALE,
1479 3337 63 22 Parts
1553 3336 16 28 I,
1584 3337 30 26 11,
1627 3338 43 21 and
1687 3338 45 26 111,
1744 3339 27 21 of
1781 3339 102 21 CHAM-

1390 3364 101 21 BERS'S
1516 3364 130 22 LONDON
1672 3365 147 22 JOURNAL
1843 3367 39 21 OF

1294 3390 141 28 HISTORY,
1451 3390 207 28 LITERATURE,
1675 3392 129 27 POETRY,
1818 3393 65 21 BIO-

1295 3417 137 27 GRAPHY,
1448 3418 68 21 AND
1531 3418 202 22 ADVENTURE.

1321 3451 53 21 This
1390 3451 95 23 Journal
1498 3452 19 21 is
1528 3451 96 22 devoted
1642 3455 23 19 to
1682 3453 105 26 practical
1802 3453 81 22 educa-

1294 3477 45 22 tion
1340 3489 28 4 —
1371 3481 21 18 to
1409 3478 38 22 the
1463 3478 172 27 developement
1647 3479 26 21 of
1687 3479 37 21 the
1735 3481 115 26 mysteries
1861 3481 25 21 of

1294 3505 37 21 the
1350 3505 69 27 earth,
1440 3505 37 21 the
1496 3505 103 22 wonders
1618 3505 25 22 of
1663 3505 92 27 history,
1777 3507 44 21 and
1844 3507 38 21 the

1294 3531 148 23 elaborations
1453 3532 24 21 of
1490 3532 79 27 genius
1577 3540 6 13 :
1599 3534 23 19 to
1633 3532 61 22 vivid
1707 3533 144 26 portraitures
1861 3534 25 21 of

1294 3558 84 22 human
1393 3558 101 27 feelings,
1506 3559 56 26 high
1578 3558 69 27 hopes
1662 3559 25 21 in
1703 3566 59 19 man,
1774 3560 44 21 and
1830 3567 53 14 con-

1293 3588 78 24 stancy
1380 3585 24 21 in
1415 3592 91 14 woman.
1513 3593 5 19 ;
1535 3590 23 16 to
1574 3585 38 21 the
1630 3585 134 22 adventures
1779 3587 26 20 of
1816 3587 73 21 noblev

1293 3612 73 27 spirits
1384 3611 95 27 through
1498 3612 51 21 trial
1568 3611 45 22 and
1632 3612 113 27 suffering,
1764 3613 45 21 and
1824 3613 58 21 their

1294 3641 104 24 attempts
1408 3642 22 18 to
1440 3639 100 26 iniprove
1552 3638 36 22 the
1600 3639 113 21 condition
1723 3639 27 21 of
1756 3639 58 21 their
1823 3647 58 14 race.

1294 3665 28 21 In
1333 3665 99 21 addition
1442 3668 23 18 to
1478 3666 28 20 its
1516 3665 64 21 usual
1591 3665 77 27 topics,
1685 3665 37 21 the
1733 3666 95 22 Journal
1838 3666 44 22 will

1294 3692 89 22 contain
1402 3700 12 13 a
1431 3691 67 23 series
1516 3692 25 21 of
1557 3698 78 20 papers
1650 3699 29 14 on
1696 3692 140 27 emigration,
1853 3700 28 14 on

1294 3719 181 26 self-supporting
1491 3718 105 26 colonies,
1614 3718 57 22 their
1689 3719 130 27 usefulness,
1837 3720 45 21 and

1294 3745 56 22 their
1360 3746 66 21 claim
1442 3748 23 18 to
1480 3745 176 27 independence.
1688 3745 32 21 As
1736 3752 13 14 a
1764 3748 81 19 matter
1861 3747 25 21 of

1294 3780 84 19 course,
1399 3773 36 21 the
1454 3771 76 22 model
1550 3771 85 26 Colony
1656 3771 27 21 of
1704 3771 56 22 New
1781 3772 101 23 Zealand

1293 3803 58 18 must
1367 3799 117 22 command
1494 3806 13 14 a
1517 3799 60 26 large
1587 3797 64 23 share
1663 3798 26 22 of
1700 3799 117 22 attention.

1321 3827 76 26 Agent
1406 3827 34 21 for
1455 3825 137 27 Wellington
1593 3835 28 4 —
1624 3825 36 21 the
1677 3825 117 22 Publisher
1807 3826 27 22 of
1844 3826 37 22 the

1296 3855 91 19 Gazette.

1331 3899 38 20 To
1386 3898 129 27 Captains
1527 3898 54 20 and
1594 3898 92 21 Mates
1702 3897 31 20 of
1744 3898 103 21 vessels
1854 3912 6 7 .

1292 3932 94 49 LOG
1405 3931 72 23 Books
1496 3931 35 23 for
1546 3931 50 22 Sale
1613 3935 22 17 at
1654 3931 39 22 the
1709 3931 71 23 Office
1798 3933 21 20 of
1840 3931 42 23 ftis

1367 3966 75 20 pap«ir.

2094 121 79 21 Book
2185 121 129 27 Binding.

1910 154 115 49 BOOK
2053 154 137 23 BINDING
2213 154 59 22 done
2296 158 24 18 at
2342 152 38 25 the
2404 156 99 23 Gazette-

1987 181 78 22 Office.
2495 197 12 8 „

1910 225 88 48 FOR
2013 225 77 22 SALE
2105 229 21 19 at
2142 225 45 23 this
2201 225 71 28 office,
2291 225 78 28 Hymn
2384 224 74 24 Books
2472 227 28 21 in-
2512 214 3 11 1

1982 252 38 21 the
2030 252 74 22 native
2114 252 118 28 language.

1937 285 129 22 December
2071 286 34 25 28,
2117 287 60 20 1841.

2004 337 155 26 Stationery
2176 339 60 26 just
2249 339 153 25 unpacked.

1912 369 71 48 ON
1998 368 84 27 SALE,
2098 373 23 18 at
2129 371 39 22 the
2180 372 85 20 Gazette
2281 371 78 26 Office,
2376 379 30 14 an
2417 374 85 19 exten-

1988 396 45 21 sive
2043 396 46 21 and
2098 397 76 22 varied
2183 401 134 19 assortment
2333 398 26 22 of
2375 399 128 27 stationery

1911 422 26 21 of
1947 429 67 19 every
2023 422 141 28 description.

1938 455 100 28 January
2048 457 19 26 7,
2082 458 60 21 1842.

1910 517 219 25 WHOLESALE
2159 520 125 24 PRICES
2318 521 182 24 CURRENT.

2011 563 132 16 CORRECTED
2157 565 28 14 UP
2200 565 28 14 TO
2244 566 54 14 LAST
2315 566 81 15 NIGHT.

2152 599 3 3 •
2249 592 16 16 £
2288 597 15 12 S.
2327 593 18 17 d.
2400 593 17 17 £
2439 598 16 12 U.
2479 593 23 16 if.

1911 611 63 21 Ale:
1991 611 27 20 In
2028 611 77 27 bottle,
2119 611 115 28 perdoz..
2252 615 13 19 0
2281 615 23 19 11
2333 615 50 20 o*..
2402 616 13 20 0
2443 615 14 20 0
2484 615 18 19 0>

2013 637 86 22 Elliot's
2107 645 38 19 per
2150 638 54 22 hhd.
2215 653 17 6 ..
2258 643 7 16 >
2293 642 14 19 0
2333 641 14 20 0
2365 655 18 6 ..
2402 643 12 19 0
2443 642 14 20 0
2484 642 18 20 O

1912 664 97 21 Akrack
2018 671 5 14 :
2038 664 44 21 Per
2091 665 44 25 gal.
2145 665 24 21 in
2180 665 59 21 bond
2253 668 14 19 0
2295 667 10 20 1
2333 667 15 19 9
2364 682 6 6 .
2377 682 6 6 .
2402 669 13 19 0
2442 669 15 19 0
2482 671 21 20 O

1910 690 93 22 Bread:
2020 691 41 21 Per
2070 690 44 23 2lb.
2126 691 50 22 loaf
2254 695 13 19 0
2295 694 13 20 0
2334 694 13 20 8
2364 707 19 7 ..
2401 696 14 20 0
2442 695 14 20 0
2483 695 16 20 O

1910 717 60 22 Beef
1978 725 5 14 :
1999 717 76 28 Fresh,
2096 725 88 15 carcase
2199 725 41 21 per

2027 744 22 21 lb
2249 747 14 20 0
2291 747 12 18 0
2319 747 26 20 10
2362 761 20 6 ..
2399 749 14 20 0
2441 748 12 20 1
2481 744 21 31 of-

2018 771 53 25 Salt,
2082 779 39 19 per
2135 772 68 21 tierce
2216 787 6 5 .
2229 787 6 6 .
2253 774 13 20 6
2281 773 26 21 15
2334 773 14 20 0
2365 788 6 6 .
2378 787 5 6 .
2402 776 13 19 0
2442 775 14 20 0
2484 770 20 24 6'

2018 797 42 22 Do.
2071 805 41 26 per
2124 798 74 22 barrel
2215 801 92 20 ..410
2334 800 14 20 0
2364 815 6 5 .
2377 814 6 6 .
2401 802 13 20 0
2442 802 14 20 0
2483 802 20 19 O-

1911 824 104 21 Butter:
2031 824 65 27 Irish,
2107 825 77 27 perlb.
2216 828 51 20 ..0
2295 827 12 21 1
2334 827 51 22 9,..
2402 829 13 19 0
2442 827 15 21 2
2484 827 18 21 ft
2502 835 3 6 1

2031 850 69 23 Fresh
2254 855 13 20 0
2293 854 18 21 3;
2333 854 51 20 0..
2402 855 13 21 0
2442 855 15 20 0
2484 855 17 19 0~

1911 877 109 22 Brandy:
2034 876 60 23 First
2100 878 91 28 quality,
2199 886 40 20 per

2057 904 76 26 gallon
2143 905 23 22 in
2178 906 61 21 bond
2252 908 13 20 0
2293 908 13 20 6
2333 907 14 21 0
2364 921 6 6 .
2377 921 6 6 .
2401 909 15 19 0
2442 901 14 27 &
2482 907 21 21 Of-

1910 930 85 23 Brown
2016 930 86 22 Stout:
2125 939 41 20 per
2179 932 53 21 hhd.
2248 934 12 20 5
2276 935 27 19 10
2329 935 15 19 0
2361 947 19 7 ..
2399 933 14 21 6
2441 935 14 19 0l0
2455 935 3 7 l
2481 935 17 19 &

1910 958 99 22 Cigars:
2021 957 101 28 Manilla,
2131 965 40 21 per
2176 960 64 26 1000,.
2252 961 13 20 3
2279 961 27 20 10
2332 961 15 20 0
2362 974 20 7 ..
2400 962 14 20 4
2441 960 17 21 &
2482 962 14 19 0

2018 984 96 22 Inferior
2251 987 13 20 2
2292 988 14 20 0
2332 987 81 21 0..0
2441 988 15 20 0
2482 989 21 19 0-

2018 1011 136 27 Havannah,
2159 1019 40 21 per
2205 1012 31 22 lb.
2251 1015 12 19 0
2278 1014 27 20 16
2331 1014 15 20 0
2362 1027 20 7 ..
2399 1015 14 19 0
2441 1015 14 19 0
2481 1015 15 20 0

2018 1038 243 27 ChinsurahperlOOOl
2278 1041 27 20 15
2332 1041 14 20 0
2362 1054 20 7 ..
2399 1042 14 19 0
2441 1041 13 20 0
2481 1042 14 20 0

2017 1064 155 24 Alexandrian
2185 1081 46 6 ....
2251 1068 9 20 1
2277 1067 28 21 10
2331 1068 14 20 0
2362 1081 6 6 .
2375 1080 7 8 .
2399 1069 14 19 0
2441 1068 14 20 0
2481 1068 14 20 0

1910 1092 87 22 Coffee
2004 1099 5 14 :
2020 1092 64 26 Java,
2095 1100 40 20 per
2142 1092 24 23 lb
2251 1095 12 20 0
2291 1095 14 20 0
2331 1095 15 19 0
2363 1108 6 6 .
2376 1108 6 6 .
2399 1095 14 20 0
2442 1095 11 20 1
2481 1095 22 21 4-

1910 1117 103 24 Cheese:
2028 1118 105 23 Cheshire
2251 1122 12 20 0
2292 1122 11 19 1
2331 1122 14 19 6
2363 1135 19 6 ..
2400 1123 13 19 0
2441 1122 14 20 0
2482 1123 33 26 0/

2027 1145 55 22 Pine
2093 1146 73 28 Apple
2251 1149 13 19 0
2292 1149 13 19 0
2332 1149 81 20 0..0
2442 1149 11 19 1
2481 1149 15 21 2V2
2510 1141 5 15 V

2026 1172 76 21 Dutch
2251 1176 13 19 0
2292 1176 13 19 0
2332 1175 15 20 0
2363 1189 19 6 ..
2401 1176 12 20 0
2442 1175 11 21 1
2482 1176 14 20 0

1910 1199 106 22 Candles
2023 1206 5 13 :
2034 1198 96 26 English
2135 1207 55 20 wax,
2198 1207 41 20 per

2052 1225 24 21 lb
2251 1229 13 19 0
2291 1228 14 20 3
2331 1228 15 20 6
2364 1241 19 7 ..
2401 1229 13 20 0
2442 1229 14 19 0
2482 1230 20 20 0:

2039 1252 82 22 Mould
2251 1255 12 20 0
2291 1255 13 19 0
2332 1255 82 21 0..0
2442 1255 11 21 1
2482 1257 20 19 0-

2040 1278 70 28 Dips.
2250 1282 13 20 0
2291 1282 13 20 0
2319 1281 26 21 10
2362 1295 19 7 ..
2399 1283 13 19 0
2440 1283 15 19 0
2481 1284 15 20 0

1912 1305 91 22 Flour:
2013 1306 129 28 Istquality,
2153 1309 82 25 perton

2032 1330 33 23 of
2068 1334 54 21 2000
2132 1333 34 22 lbs
2235 1336 28 19 30
2290 1335 14 20 0
2331 1336 14 19 0
2362 1336 50 20 ..33
2441 1337 14 19 0
2481 1338 19 19 0-

2009 1359 15 22 2
2024 1359 30 22 nd
2064 1359 55 22 ditto
2237 1362 26 20 25
2292 1363 13 19 0
2332 1363 14 19 0
2363 1375 19 7 ..
2401 1364 12 19 0
2441 1357 14 25 6
2481 1366 19 18 0-

1912 1386 59 21 Gin:
1992 1386 52 21 Pale
2060 1386 26 21 in
2096 1386 59 22 bond
2251 1389 13 20 0
2291 1389 13 19 0
2332 1389 13 20 0
2362 1403 20 6 ..
2400 1391 13 19 0
2441 1389 14 21 2
2481 1391 20 20 6'

1961 1413 60 26 Case,
2029 1414 15 20 4
2050 1413 37 26 gal
2096 1414 36 21 4-5
2140 1414 25 21 in
2174 1415 61 21 bond
2251 1416 9 20 1
2290 1416 13 20 2
2330 1416 15 20 0
2362 1429 19 7 ..
2399 1417 12 20 0
2440 1416 12 19 0
2481 1420 14 18 0

1910 1439 82 22 Hams:
2008 1440 127 27 Yorkshire,
2150 1441 85 27 perlb.
2251 1443 13 19 0
2291 1443 14 20 0
2331 1443 15 19 0
2363 1456 23 7 ...
2400 1435 17 29 6-
2441 1445 14 19 0
2469 1445 32 20 10;

1910 1466 115 22 Mustard
2031 1474 4 13 :
2052 1466 43 22 Per
2105 1466 70 23 dozen
2187 1482 47 7 ....
2251 1469 54 21 018
2333 1471 14 19 0
2364 1484 5 5 .
2377 1483 6 6 .
2401 1471 15 19 0
2442 1471 19 20 0'
2482 1473 20 19 0'

1910 1493 115 22 Mutton:
2044 1494 94 21 Carcase
2147 1502 40 20 per
2196 1494 24 22 lb
2230 1511 6 5 .
2251 1497 13 19 0
2292 1497 13 19 0
2332 1497 14 18 9
2363 1510 19 6 ..
2400 1498 13 19 0
2441 1497 14 21 0
2469 1498 26 20 11

1910 1520 121 21 Muskets:
2047 1520 93 22 Walnut
2147 1521 92 22 stocked
2252 1523 13 20 0
2293 1523 13 20 0
2332 1523 14 20 0
2363 1537 19 7 ..
2401 1525 12 19 0
2429 1524 25 20 15
2482 1525 14 20 0

1910 1546 78 22 Milk:
2004 1546 42 22 Per
2052 1547 51 27 pint
2251 1550 13 20 0
2292 1551 13 19 0
2331 1549 14 21 3
2363 1564 19 7 ..
2400 1552 13 19 0
2441 1551 14 20 0
2481 1552 15 20 0

1911 1574 43 21 Oil
1962 1581 5 14 :
1983 1573 103 25 Linseed,
2096 1581 40 19 per
2144 1574 76 27 gallon
2229 1577 35 19 .0
2291 1575 16 21 5.
2331 1577 14 19 0
2362 1591 6 6 .
2376 1591 6 5 .
2400 1579 13 19 0
2441 1577 14 21 7
2483 1579 14 19 0

1984 1600 76 27 Black,
2065 1600 24 21 in
2094 1600 170 29 cask,pertonls
2292 1604 14 20 0
2333 1604 13 19 0
2363 1617 20 7 ..
2401 1605 12 19 0
2441 1605 15 19 0
2481 1605 15 20 0

2021 1628 79 24 Sperm
2235 1630 26 20 75
2289 1630 15 19 0
2330 1630 13 19 0
2361 1645 20 7 ..
2398 1631 11 19 0
2440 1631 13 19 0
2481 1632 12 18 0

1910 1654 76 21 Pork:
2001 1654 76 27 Fresh,
2095 1661 88 16 carcase
2197 1662 40 21 per

2026 1681 22 21 lb
2249 1685 13 19 0
2289 1685 14 19 0
2329 1685 16 20 4
2361 1698 19 7 ..
2398 1686 13 22 Q
2439 1686 14 20 0
2480 1687 14 19 0
2497 1690 3 9 ;

1910 1707 64 21 Pork
1981 1715 6 14 :
2002 1707 65 27 Irish,
2077 1715 41 20 per
2126 1708 73 22 barrel
2211 1724 6 6 .
2224 1724 6 5 .
2249 1711 13 20 0
2290 1712 13 20 0
2330 1712 14 20 0
2362 1725 6 7 .
2374 1725 6 7 .
2398 1713 12 19 5
2440 1713 13 20 0
2481 1714 14 20 0

1910 1734 129 22 Potatoes:
2058 1734 57 22 New
2129 1735 110 28 Zealand,

2084 1769 39 19 per
2132 1767 39 17 ton
2184 1777 46 7 ....
2248 1764 12 20 5
2289 1765 16 20 0
2331 1765 14 20 0
2362 1779 6 7 .
2374 1779 7 7 .
2398 1766 13 20 8
2439 1767 14 19 0
2480 1767 14 19 0

1910 1788 93 22 Porter
2011 1795 6 14 :
2044 1788 103 28 Dunbar,
2158 1790 24 21 in
2188 1790 47 22 bot.
2254 1798 4 4 -

2075 1816 91 26 perdoz
2249 1819 13 20 0
2277 1819 25 20 11
2330 1819 14 20 0
2361 1833 20 6 ..
2399 1820 12 20 0
2440 1820 13 20 0
2481 1821 14 19 0

2017 1841 86 27 Bryant
2112 1843 45 21 and
2166 1843 69 22 Davis
2249 1846 13 20 0
2277 1845 26 21 12
2331 1847 13 19 0
2362 1859 6 7 .
2375 1860 5 6 .
2399 1847 12 20 0
2440 1847 13 20 0
2480 1847 14 20 0

1910 1868 97 22 Pickles
2018 1876 5 14 :
2053 1870 116 27 Assorted,
2197 1878 42 20 per

2080 1896 57 27 doz.,
2161 1901 76 23 quarts
2252 1899 51 21 11
2331 1900 15 20 0
2363 1913 19 7 ..
2400 1901 13 20 0
2441 1901 14 20 0
2481 1901 14 19 0

1910 1922 72 22 Pitch
1994 1929 6 14 :
2030 1922 138 29 Stockholm,
2197 1932 40 19 per

2056 1950 73 22 barrel
2251 1954 14 20 0
2292 1954 13 20 0
2331 1955 16 19 0
2362 1967 20 7 ..
2401 1955 10 20 1
2429 1954 26 21 15
2482 1956 15 20 9

1910 1975 79 22 Plank
1997 1983 5 13 :
2028 1976 56 21 Port
2105 1976 131 28 Nicholson,

2056 2008 40 20 per
2105 2003 40 21 100
2154 2003 46 21 feet
2213 2018 5 5 .
2225 2017 6 6 .
2250 2005 53 20 019
2331 2006 14 18 0
2362 2019 6 6 .
2375 2019 6 5 .
2400 2007 10 19 1
2441 2007 11 19 1
2481 2008 15 18 a

1910 2027 56 22 Rice
1973 2035 5 14 :
1991 2028 109 21 Common
2108 2035 40 21 per
2154 2033 48 18 cwt.
2214 2044 6 6 .
2227 2045 6 5 .
2251 2032 14 20 0
2292 2032 13 19 0
2331 2032 15 19 0
2362 2045 7 6 .
2376 2045 6 6 .
2401 2033 13 19 0
2441 2033 14 19 0
2482 2034 13 19 0

1990 2054 65 21 Good
2250 2059 13 19 0
2291 2059 16 19 O
2331 2059 51 19 0..
2399 2059 14 20 0
2440 2059 14 21 0
2481 2061 13 19 0

1910 2080 54 22 Rum
1972 2088 5 14 :
1994 2081 24 22 P.
2028 2081 26 22 B.
2067 2081 33 25 P.,
2114 2089 40 19 per
2163 2083 76 26 gallon

2029 2108 24 21 in
2068 2108 61 22 bond
2251 2112 13 20 0
2291 2111 15 21 4
2332 2111 13 19 0
2363 2125 20 7 ..
2401 2113 14 20 0
2441 2112 13 20 5
2482 2114 16 19 O

1910 2134 87 22 Sugar:
2013 2134 119 23 Mauritius
2141 2143 40 20 per
2188 2140 49 18 cwt.
2252 2139 13 19 0
2293 2139 13 19 0
2333 2139 14 20 0
2364 2152 19 6 ..
2401 2141 13 19 0
2441 2141 14 19 0
2482 2141 19 19 0-

2017 2162 81 21 Brown
2250 2165 14 21 2
2291 2165 12 19 0
2333 2166 14 20 0
2364 2179 19 7 ..
2401 2167 13 20 0
2442 2167 16 20 O
2482 2168 14 20 010
2496 2171 4 8 1
2514 2164 1 17 '

2018 2188 96 22 Refined
2129 2190 53 27 loaf,
2199 2198 40 20 per

2043 2216 24 21 lb
2252 2220 14 20 0
2293 2220 14 20 0
2333 2217 14 23 7
2364 2233 19 6 ..
2401 2221 14 19 0
2442 2221 14 20 0
2482 2221 16 20 0

2018 2242 97 22 Manilla
2251 2247 14 19 0
2292 2247 13 19 0
2331 2247 82 20 0..2
2441 2247 16 21 2
2482 2249 13 19 0

1910 2269 59 21 Salt
1978 2277 5 13 :
1999 2268 125 29 Liverpool,
2134 2278 41 20 per
2183 2275 40 17 ton
2231 2288 6 5 .
2251 2273 14 20 3
2292 2273 14 21 0
2332 2273 13 21 0
2363 2287 6 7 .
2376 2287 7 6 .
2400 2274 15 20 4
2442 2275 13 20 0
2482 2276 13 19 0

1910 2296 59 21 Soap
1978 2303 6 15 :
2011 2296 101 22 Hawes's
2134 2297 103 28 London,

2034 2327 87 23 perton
2237 2326 28 21 40
2291 2327 14 20 0
2331 2328 15 19 0
2362 2340 21 7 ..
2401 2328 12 20 0
2442 2329 14 19 0
2483 2329 13 20 0

2027 2349 119 29 Liverpool
2237 2354 28 20 36
2292 2355 13 19 0
2332 2355 14 19 0
2363 2367 19 7 ..
2401 2357 14 19 0
2442 2355 13 19 0
2483 2357 14 19 0

1910 2376 91 22 Starch
2009 2384 5 13 :
2028 2377 44 21 Per
2080 2377 23 21 lb
2253 2381 13 20 0
2293 2382 13 19 0
2333 2381 14 20 9
2364 2395 6 6 .
2377 2395 6 6 .
2401 2383 14 20 0
2444 2383 10 19 1
2483 2384 16 19 O

1910 2403 141 22 Scantling:
2068 2404 42 22 Per
2117 2405 41 22 100
2167 2406 67 22 feet..
2253 2408 13 20 0
2281 2408 25 20 18
2333 2409 14 19 0
2364 2421 20 7 ..
2402 2410 11 20 1
2442 2410 16 20 O
2482 2411 16 19 0

1910 2430 126 22 Shingles:
2053 2430 43 22 Per
2104 2433 60 27 1000,
2173 2433 28 21 N.
2210 2433 27 22 Z.
2253 2435 10 19 1
2292 2435 13 21 7
2332 2435 14 20 0
2364 2449 19 6 ..
2401 2437 14 20 0
2442 2437 14 20 0
2482 2437 14 20 0

2038 2458 71 27 Ditto,
2131 2459 28 23 V.
2170 2459 29 22 D.
2209 2460 28 22 L.
2251 2461 14 20 2
2291 2461 13 21 5
2332 2463 15 19 0
2363 2476 6 6 .
2376 2476 7 5 .
2400 2464 16 19 a
2441 2464 15 19 0
2482 2464 14 20 0

1910 2484 62 22 Tar:
1988 2484 53 22 Coal
2253 2488 10 20 1
2291 2488 14 20 5
2333 2489 14 19 0
2364 2503 20 6 ..
2402 2491 14 19 0
2444 2491 14 20 0
2483 2491 15 20 0

1991 2511 130 23 Stockholm
2254 2515 53 21 115
2334 2516 51 20 0..
2402 2517 15 21 0
2444 2518 14 19 0
2484 2518 14 20 0

1910 2538 48 21 Tea
1966 2546 7 13 :
1990 2538 88 27 Hyson,
2088 2546 40 20 per
2137 2540 63 22 chest
2217 2555 5 6 .
2229 2556 6 6 .
2253 2543 14 20 0
2294 2543 14 20 0
2335 2543 13 20 0
2366 2557 6 6 .
2378 2557 7 6 .
2390 2543 26 21 12
2430 2544 28 20 12
2484 2545 14 19 0

1910 2565 104 21 Tobacco
2023 2573 4 14 :
2041 2565 143 30 Negrohead,
2199 2575 42 20 per

2067 2592 24 22 lb
2253 2597 14 20 0
2295 2597 10 19 1
2335 2597 13 19 8
2366 2609 19 7 ..
2402 2597 15 21 0
2444 2597 14 19 0
2486 2598 14 20 0

1910 2618 162 22 Turpentine:
2088 2619 146 28 Pergallon..
2253 2623 13 20 0
2293 2624 14 19 8
2334 2624 14 19 0
2364 2636 20 8 ..
2402 2625 14 19 0
2443 2626 15 19 0
2484 2626 13 19 0

1910 2644 160 22 Whalebone:
2088 2645 89 23 Perton
2239 2650 28 20 90
2293 2650 14 20 0
2333 2650 14 20 0
2364 2663 22 7 ..
2402 2651 14 20 0
2443 2652 14 20 0
2483 2652 14 20 0

1910 2671 70 22 Wine
1987 2679 5 14 :
2007 2672 89 27 Sherry,
2106 2680 39 20 per
2154 2674 50 27 pipe
2215 2689 6 5 .
2228 2676 38 20 .28
2292 2677 15 19 0
2333 2677 15 19 0
2365 2691 6 5 .
2378 2677 38 21 .40
2442 2679 16 20 0
2482 2679 16 20 0

2018 2699 71 26 Ditto,
2104 2706 40 20 per
2157 2700 81 23 dozen.
2253 2703 10 20 1
2292 2703 15 20 4
2333 2704 15 20 0
2364 2717 20 6 ..
2401 2705 14 20 2
2443 2706 15 20 0
2484 2706 14 19 0

1910 2752 120 22 Poultry:
2046 2752 80 29 Fowls,
2133 2761 40 20 per
2179 2755 49 27 pair
2234 2771 6 6 .
2254 2757 14 19 0
2295 2757 14 20 8
2336 2757 14 20 0
2366 2771 20 6 ..
2403 2758 15 20 0
2432 2758 28 20 16
2485 2759 15 20 0

2044 2779 85 29 Ducks,
2141 2781 55 22 ditto
2217 2783 48 21 ..1
2295 2784 13 20 0
2335 2784 14 20 0
2366 2797 20 7 ..
2404 2785 56 24 1.10
2486 2786 14 20 0

2047 2806 79 28 Geese,
2138 2807 56 23 ditto
2217 2810 50 20 ..2
2295 2811 13 19 0
2335 2811 14 20 0
2366 2825 19 6 ..
2403 2812 14 20 0
2444 2813 15 19 0
2484 2813 15 20 0

2045 2833 102 28 Turkeys
2254 2837 14 20 2
2295 2838 15 20 0
2336 2838 82 21 0..0
2445 2840 15 19 0
2485 2840 14 19 0

2046 2860 103 28 Pigeons,
2160 2862 79 27 (wild,)

2072 2894 40 21 per
2121 2889 49 27 pair
2190 2891 79 20 ....0
2295 2891 15 20 2
2336 2891 83 22 0..0
2445 2893 15 20 0
2485 2893 15 20 0

2045 2914 85 27 Ducks,
2139 2915 36 23 do.
2185 2916 52 22 do..
2255 2918 14 20 0
2296 2918 13 20 5
2337 2919 14 19 0
2368 2932 19 7 ..
2404 2920 14 20 0
2445 2920 15 20 0
2486 2920 14 19 0

1910 2941 63 21 Eggs
1980 2948 15 14 :•
2001 2941 43 21 Per
2054 2941 73 23 dozen
2256 2945 14 21 0
2296 2945 15 20 2
2337 2945 14 21 6
2368 2959 19 7 ..
2404 2947 15 20 0
2446 2947 14 20 0
2485 2947 15 20 0

1912 2994 76 22 Cows:
2003 2994 72 22 Milch
2242 2999 27 20 20
2296 2999 14 20 0
2331 2999 19 20 .0
2367 2999 51 21 ..30
2444 3000 15 20 0
2484 3000 16 21 0

1912 3021 96 23 Mares:
2023 3022 76 22 Brood
2240 3025 28 21 50
2295 3026 13 20 0
2335 3026 83 21 0..90
2444 3027 14 20 0
2484 3028 15 19 0

1912 3048 115 22 Working
2044 3049 133 23 Bullocks:
2199 3051 44 22 Per

1938 3075 50 27 pair
2242 3079 28 21 40
2296 3079 14 21 0
2336 3079 14 20 0
2366 3079 53 21 ..60
2444 3080 16 21 0
2485 3080 15 21 0

1912 3101 64 23 Hire
1987 3110 26 14 of
2024 3110 67 14 ditto
2098 3110 5 14 :
2119 3103 43 23 Per
2169 3105 51 26 day,
2228 3112 14 14 a

1938 3132 61 19 team
2009 3129 44 22 and
2060 3129 74 23 driver
2255 3133 15 19 I
2295 3133 14 19 0
2335 3132 13 20 0
2365 3145 20 7 ..
2402 3133 14 20 2
2444 3134 14 20 0
2484 3134 14 21 0

1912 3155 88 23 Sheep:
2015 3156 62 22 Each
2253 3159 14 20 0
2281 3159 25 20 16
2333 3159 14 20 0
2363 3166 24 13 ..<
2402 3160 11 20 1
2430 3160 29 21 10
2482 3161 18 20 O

1912 3183 64 22 Boat
1986 3183 72 23 Hire:
2074 3183 43 22 Per
2122 3184 51 30 day,
2178 3184 63 22 with-

2103 3214 38 19 out
2150 3210 71 22 hands
2230 3226 7 6 .
2252 3212 14 20 0
2281 3212 26 20 10
2333 3213 14 20 0
2364 3225 7 8 .
2377 3225 7 7 .
2402 3213 11 20 1
2443 3215 15 20 0
2484 3214 16 21 a

1912 3263 87 23 Wages
2005 3271 6 14 :
2037 3263 139 28 Mechanics,
2201 3271 41 20 per

2065 3290 61 21 week
2253 3291 14 21 2
2282 3292 28 20 1114
2309 3297 4 6 1
2335 3293 14 20 0
2402 3294 15 21 3
2444 3296 16 20 6
2484 3296 15 20 0

2046 3316 127 22 Labourers
2188 3331 47 7 ....
2254 3319 11 20 I
2282 3319 26 21 10
2335 3320 14 20 0
2366 3334 7 6 .
2379 3334 6 6 .
2404 3322 11 19 1
2431 3322 27 21 16
2484 3323 15 20 0

1932 3377 39 17 The
1982 3377 46 16 New
2039 3377 98 16 Zealand
2148 3377 93 17 Gazette
2247 3378 37 16 and
2294 3378 137 19 Wellington
2442 3381 56 16 Spec*

1910 3402 65 12 tator
1980 3398 16 15 is
2002 3397 97 21 published
2105 3401 54 17 every
2165 3398 114 22 Wednesday
2288 3399 37 17 and
2336 3400 94 21 Saturday.
2451 3402 46 16 Sub-

1910 3418 63 21 joined
1977 3422 31 12 are
2014 3418 30 16 the
2051 3420 64 14 terms:
2117 3426 23 4 —

1932 3446 62 16 Price
2001 3449 24 12 op
2031 3449 41 12 the
2079 3445 97 18 Paper.—
2176 3446 55 21 Forty
2236 3447 85 21 shillings
2326 3453 33 16 per
2369 3453 75 17 annum,
2455 3454 42 17 par-
2513 3458 2 7 *.

1910 3467 40 16 able
1956 3467 20 15 in
1982 3466 79 16 advance
2066 3471 4 15 ;
2082 3470 21 12 or
2108 3470 35 13 one
2149 3467 76 22 shilling
2230 3468 28 17 for
2265 3468 59 21 single
2329 3471 94 17 numbers.

1931 3494 187 16 Advertisements.
2119 3502 21 4 —
2141 3494 33 17 Six
2182 3494 48 18 lines
2241 3496 37 16 and
2288 3497 64 20 under,
2362 3499 27 16 3s.
2397 3499 28 16 6d.
2430 3498 29 17 for
2465 3498 30 16 the

1910 3515 40 16 first
1959 3514 93 19 insertion,
2064 3514 37 16 and
2112 3519 34 12 one
2156 3515 77 22 shilling
2237 3517 29 16 for
2272 3517 45 17 each
2323 3519 111 18 subsequent
2439 3519 57 16 inser-

1910 3535 39 16 tion
1954 3540 4 14 j
1969 3535 48 16 from
2023 3534 28 16 six
2059 3536 19 15 to
2085 3537 29 14 ten
2122 3535 54 21 lines,
2182 3536 37 18 five
2225 3537 85 22 shillings
2321 3539 29 16 for
2359 3540 32 16 the
2401 3540 45 19 first,
2458 3540 35 16 and

1910 3560 34 11 one
1955 3555 74 21 shilling
2039 3556 37 16 and
2088 3555 85 22 sixpence
2182 3558 29 16 for
2221 3559 45 16 each
2277 3560 112 20 subsequent
2397 3561 97 18 insertion;

1910 3577 56 16 above
1976 3578 32 14 ten
2018 3576 52 19 lines,
2082 3577 35 17 five
2128 3578 84 21 shillings
2222 3580 29 15 for
2262 3580 30 17 ths
2302 3581 40 16 first
2352 3582 32 16 ten
2394 3581 52 20 lines,
2458 3581 35 16 and

1910 3597 96 20 fourpence
2012 3601 31 16 per
2049 3597 39 16 line
2094 3598 27 16 for
2128 3599 31 17 the
2166 3604 64 12 excess
2237 3601 20 16 of
2265 3601 41 16 that
2312 3602 85 17 number:
2408 3602 37 17 and
2451 3604 44 15 two-

1910 3622 55 16 pence
1972 3622 32 17 per
2009 3618 37 16 line
2052 3618 29 16 for
2088 3619 44 16 each
2138 3620 113 21 subsequent
2255 3621 95 18 insertion.

1931 3646 156 16 Advertisements
2093 3646 38 17 -will
2136 3649 33 16 not
2175 3653 67 16 appear
2251 3649 19 16 in
2281 3649 33 17 the
2322 3649 79 21 ensuing
2410 3651 77 16 number

1910 3666 17 16 if
1934 3666 83 16 received
2023 3667 46 16 later
2075 3667 45 17 than
2132 3669 20 16 10
2159 3668 73 21 o'clock,
2240 3674 49 15 a.m.,
2295 3675 24 12 on
2326 3671 31 16 the
2364 3672 92 19 mornings
2463 3672 28 16 be-

1910 3687 37 16 fore
1960 3687 119 20 publication.
2100 3688 156 19 Advertisements
2271 3691 37 16 will
2319 3692 21 15 be
2351 3692 98 16 continued
2456 3691 34 17 and

1910 3708 77 20 charged
1998 3708 47 16 until
2054 3710 167 21 counter-ordered;
2232 3712 47 16 such
2285 3712 52 16 order
2342 3715 51 14 must
2399 3714 21 15 be
2427 3715 41 14 sent
2474 3715 17 13 to

1910 3728 31 17 the
1951 3729 55 16 Office
2019 3731 34 14 two
2072 3729 43 21 days
2134 3732 60 16 before
2204 3733 118 19 publication,
2333 3733 38 16 and
2381 3735 49 15 must
2441 3734 21 16 be
2471 3733 19 16 in

1910 3749 78 21 writing.
2012 3750 156 19 Advertisements
2181 3753 81 16 received
2281 3753 52 22 after
2350 3754 21 17 10
2387 3754 66 17 o'clock
2468 3758 21 13 on

1910 3770 83 20 Tuesday
2006 3771 36 16 and
2052 3771 65 22 Friday
2129 3773 93 22 mornings
2234 3773 37 17 will
2281 3774 22 16 be
2314 3774 76 20 charged
2401 3775 53 17 twice
2462 3775 28 16 the

1910 3791 53 16 usual
1968 3794 54 14 rates.

1931 3818 30 16 All
1967 3818 66 20 orders,
2044 3820 157 20 advertisements,
2212 3821 37 16 and
2258 3820 164 19 communications
2432 3823 19 16 to
2463 3822 30 17 th«

1910 3839 68 19 Editor,
1985 3844 30 12 are
2021 3841 96 19 requested
2124 3843 17 15 to
2150 3843 21 16 be
2177 3842 97 16 addressed
2281 3843 17 15 to
2305 3841 37 17 this
2348 3842 61 17 Office.

319 123 75 23 Urui,

61 160 42 20 One
111 159 49 19 mile
170 165 26 13 on
207 159 34 19 the
250 158 55 19 Port
314 157 112 20 Nicholson
435 157 43 20 side
487 156 28 26 of
525 156 122 21 Waikanau

59 192 99 48 MR.-
167 191 133 21 JENKINS
318 191 52 25 begs
386 193 22 17 to
422 196 125 18 announce,
560 189 48 21 that
617 189 30 21 he

149 218 41 21 has
201 217 86 28 opened
297 225 14 13 a
320 217 77 21 House
405 217 34 21 for
449 217 36 20 the
494 215 153 22 convenience

59 246 26 21 of
99 245 38 20 the
154 245 82 26 public,
254 244 43 21 and
314 246 67 18 trusts
399 243 47 21 that
462 243 37 21 the
514 241 70 22 board
602 241 46 21 and

57 271 92 27 lodging
173 271 29 21 he
223 271 102 28 provides
346 269 45 21 wilL
407 276 78 16 secure
503 269 47 21 him
569 267 78 22 liberal

59 302 99 23 support.

88 325 43 21 Mr.
143 324 95 22 Jenkins
254 330 40 15 can
306 325 22 19 at
344 322 26 21 all
383 322 64 22 times
456 321 99 28 provide-
562 321 87 26 gentle-

59 359 52 14 men
123 351 53 21 with
186 351 36 21 the
233 357 80 14 means-
318 349 26 21 of
351 349 97 26 crossing
456 353 22 17 to
488 348 86 27 Kapiti.

91 385 62 25 Urui,
167 384 179 26 January/1812.

276 427 164 20 Manewatu.

59 462 92 49 MR.
167 461 84 22 BURR
261 460 61 21 takes
329 460 41 21 this
381 467 76 14 means
468 460 25 21 of
499 459 147 26 announcing

150 488 49 21 that
215 488 27 21 he
257 488 19 21 is
290 486 101 27 building
402 495 13 12 a
430 487 67 21 house
507 488 34 20 for
557 486 37 21 the
609 493 37 14 ac-

57 515 166 22 commodation
235 514 24 21 of
267 514 36 21 the
315 513 79 27 public,
404 520 53 15 near
467 514 37 21 the
515 513 50 27 pah,
577 516 23 17 at
608 512 38 21 the

57 542 79 22 mouth
144 541 26 20 of
177 540 37 22 the
225 541 135 24 Manewatu,
369 540 71 21 winch
449 540 27 21 he
487 543 91 24 expects
588 542 23 18 to
619 539 28 20 be

58 568 95 22 enabled
164 572 21 16 to
195 575 56 19 open
262 568 23 20 iv
296 574 14 13 a
319 566 41 21 few
375 566 79 27 weeks,
466 566 64 22 when
541 566 28 21 he
581 569 67 18 trusts

57 596 50 20 that
123 595 28 25 by
163 594 91 26 civility,
267 594 43 21 aud
327 593 97 26 meeting
440 594 38 21 the
495 596 70 18 wants
576 593 25 20 of
614 592 35 21 his

57 625 134 23 supporters,
204 626 22 16 to
236 620 86 21 receive
333 620 77 21 liberal
421 622 198 24 encouragement.

89 655 136 26 Manewatu,
238 654 99 26 January
348 654 32 26 22,
393 655 58 19 1842.

305 705 88 20 Otaki.

59 740 90 48 MR.
176 739 127 22 TAYLOR
326 739 53 25 begs
403 742 22 18 to
448 739 103 21 intimate
572 740 23 19 to
613 737 36 21 his

136 767 83 20 friends
230 766 44 21 and
285 765 36 21 the
333 765 72 26 public
413 765 48 21 that
470 766 27 20 he
509 765 40 21 has
560 763 94 28 opened-

58 801 13 14 a
81 794 77 20 House
170 794 25 19 of
209 793 180 21 Entertainment
398 796 23 16 at
438 791 73 26 Otaki,
523 791 44 21 and
578 791 69 26 hopes

58 820 49 21 that
115 820 36 21 the
160 819 132 21 cleanliness
301 818 45 22 and
356 818 93 22 comfort
457 819 25 21 of
489 819 33 20 his
530 817 118 22 establish-

57 850 65 17 ment
140 846 44 21 will
200 852 77 15 secure
293 845 48 21 him
358 852 12 14 a
389 845 77 21 liberal
484 845 64 21 share
567 844 26 22 of
609 844 38 21 the

57 873 76 27 public
143 876 129 23 patronage.

87 907 73 27 Otaki,
173 907 100 27 January
283 908 33 26 21,
329 908 25 19 IS
360 907 28 20 12.

58 958 105 49 JOHN
189 958 109 26 HALES,
325 958 197 24 Cabinet-maker,
553 956 94 21 Uphoi.-

124 993 94 17 &TEIIER,
237 986 187 23 Paper-hanger,
440 985 40 20 &c.
496 984 48 24 &c,
560 983 53 25 begs
625 987 22 16 to

58 1015 78 18 return
146 1012 33 21 liis
189 1013 86 20 sincere
287 1011 79 21 thanks
377 1014 22 17 to
417 1010 33 21 his
461 1006 137 25 friends/and
609 1008 38 21 the

58 1040 76 26 public
153 1039 26 20 of
193 1039 52 21 Port
264 1038 121 21 Nicholson
402 1036 113 27 generally
534 1036 35 21 for
589 1035 59 21 their

58 1065 57 22 kind
130 1069 127 23 patronage,
273 1065 44 21 and
334 1065 23 20 in
373 1064 111 26 soliciting
499 1063 58 21 their
572 1062 76 21 future

59 1096 97 23 support,
175 1092 63 21 takes
248 1092 42 21 this
306 1091 142 27 opportunity
464 1090 25 21 of
503 1089 146 26 announcing

59 1119 50 21 that
119 1119 27 21 he
160 1119 91 21 intends
261 1119 96 25 keeping
365 1125 14 13 a
388 1116 153 23 considerable
551 1115 63 22 stock
625 1116 26 20 of

60 1146 109 21 ssasoned
179 1146 63 21 wood
254 1146 24 21 of
285 1145 29 21 all
325 1144 143 27 desciiptions
484 1150 28 14 on
522 1142 69 26 hand,
602 1142 46 21 and

60 1180 44 18 <my
122 1172 75 21 orders
217 1172 70 21 which
308 1172 50 26 they
376 1178 52 19 may
440 1170 75 28 please
532 1174 23 16 to
567 1169 82 21 favour

59 1199 48 22 Mm
118 1198 51 22 with
180 1199 44 21 will
235 1198 151 27 be'diligently
398 1196 108 23 executed
515 1203 29 14 on
556 1203 90 14 reason-

57 1226 51 21 able
120 1230 76 17 terms.

85 1253 57 21 N.B.
144 1264 28 3 —
174 1254 20 20 A
207 1252 89 26 turning
303 1251 59 22 lathe
374 1258 28 14 on
412 1250 37 22 the
460 1250 115 28 premises.

90 1286 195 25 Ingestrie-street,
296 1285 32 21 Te
339 1285 45 21 Aro
396 1284 54 21 Flat.

60 1333 50 46 A
139 1330 132 27 HEWITT,
283 1330 157 25 Fishmonger,
452 1329 110 21 Lambton
572 1329 73 25 Quay,

116 1369 10 9 •
143 1357 145 27 Wellington,
295 1361 88 17 returns
391 1356 35 21 his
435 1356 85 21 sincere
532 1354 84 21 thank*
624 1359 23 15 to

60 1384 38 21 the
117 1384 138 21 inhabitants
274 1385 24 20 of
318 1383 43 21 this
381 1382 84 27 Colony
482 1382 35 21 for
536 1381 38 22 the
593 1388 54 19 very

58 1410 79 22 liberal
155 1415 93 23 support
264 1410 26 21 he
306 1410 40 21 has
362 1409 97 22 hitherto
473 1408 110 27 received,
602 1407 45 21 and

59 1438 54 26 begs
123 1442 21 17 to
155 1438 81 21 inform
249 1437 59 21 them
318 1437 47 20 that
381 1436 26 21 lie
417 1436 40 21 has
465 1435 66 22 made
542 1442 105 19 arrange-

59 1468 75 18 ments
148 1464 35 21 for
203 1471 13 14 a
231 1467 102 18 constant
349 1463 79 27 supply
446 1462 25 21 of
492 1462 37 21 the
549 1461 99 22 choicest

59 1491 103 21 varieties
172 1491 26 20 of
208 1490 49 27 fish,
275 1490 72 21 which
363 1491 27 19 he
407 1489 137 26 confidently
561 1495 87 14 recom-

59 1518 80 21 mends
148 1521 23 17 to
181 1518 37 21 the
228 1518 74 26 public
313 1525 23 13 as
343 1516 66 26 being
417 1516 25 21 of
453 1516 37 21 the
498 1516 50 20 best
554 1515 93 27 quality.

87 1545 83 20 Orders
179 1544 34 22 for
222 1544 105 27 shipping
335 1542 108 28 received,
459 1542 44 22 and
513 1541 133 28 punctually

61 1570 108 23 attended
178 1574 31 19 to.

219 1605 97 14 OYSTERS
332 1604 70 14 FRESH
418 1603 76 14 DAILY.

90 1631 63 28 Also,
165 1639 14 13 a
188 1631 80 28 supply
278 1631 25 21 of
318 1630 126 27 vegetables
461 1629 59 23 fresh
534 1629 59 21 from
611 1629 38 21 the

62 1659 83 26 garden
156 1659 68 26 daily.

61 1704 38 19 To
125 1704 45 19 the
191 1703 167 23 Merchants,
380 1702 195 25 Ship-owners,
593 1701 55 24 &c,

216 1729 31 20 of
259 1730 65 19 Port
339 1729 157 20 Nicholson.

61 1761 45 34 ry\
137 1761 30 22 D.
193 1761 100 22 PRATT
316 1760 53 27 begs
386 1764 58 18 most
462 1760 145 28 respectfully
626 1762 23 18 to

70 1788 24 20 X
109 1798 11 10 •
150 1791 78 19 return
245 1788 33 21 his
290 1787 80 22 thanks
386 1788 35 21 for
438 1788 39 21 the
490 1788 90 20 favours
595 1793 55 15 con-

124 1815 74 21 ferred
214 1823 29 13 on
259 1815 54 25 him,
325 1814 63 21 while
404 1814 24 21 in
445 1814 140 27 partnership
595 1813 54 22 with

61 1842 43 21 Mr.
116 1842 25 21 T.
153 1842 85 26 Bevan,
251 1842 43 21 and
304 1842 54 25 begs
367 1845 23 17 to
400 1841 81 21 inform
492 1840 61 22 them
562 1840 49 21 that
620 1840 29 21 he

59 1869 21 21 is
90 1876 50 13 now
149 1868 182 26 manufacturing
341 1875 71 19 ropes,
421 1868 63 26 lines,
496 1868 73 26 twine,
581 1867 26 21 of
619 1866 30 22 all

61 1895 146 27 descriptions
216 1904 5 18 ;
238 1899 57 17 mats
310 1895 26 21 of
349 1894 29 21 all
394 1895 63 26 sizes,
478 1895 39 21 &c.
556 1894 93 26 Fishing

61 1927 50 16 nets
130 1922 65 22 made
213 1922 44 21 and
276 1921 107 28 repaired,
402 1922 44 21 and
465 1928 67 20 every
551 1921 55 21 kind
626 1922 26 19 of

61 1949 76 21 article
152 1949 24 21 in
195 1949 36 21 the
247 1949 70 21 above
334 1948 52 26 line,
403 1948 30 21 all
449 1948 57 21 from
522 1948 56 21 New
591 1948 58 21 Zea-

59 1976 56 21 land
130 1975 53 27 flax,
196 1976 44 21 and
255 1983 28 14 on
294 1975 38 21 the
342 1978 58 19 most
407 1974 130 22 reasonable
547 1974 100 26 charges.

63 2009 43 21 No.
124 2010 18 25 1,
169 2008 229 27 Molesworth-street,
426 2008 145 27 Wellington,
595 2008 54 22 Port

291 2035 130 21 Nicholson.

205 2079 141 22 CHARLES
360 2078 139 27 HARVEY,

269 2113 99 24 Tailor,
384 2113 53 24 &c,
457 2120 4 6 ■

189 2148 114 26 Adjoining
316 2148 71 19 Kumu
402 2148 50 19 Toto
467 2148 54 25 Pah,

277 2188 156 20 WELLINGTON,

60 2216 108 48 BEGS
184 2218 22 19 to
223 2219 76 18 return
316 2215 81 22 thanks
414 2219 22 18 to
454 2216 36 21 the
506 2218 81 24 gentry
602 2214 45 22 and

137 2242 75 27 public
223 2243 22 20 of
256 2243 56 20 New
323 2242 99 21 Zealand
431 2243 34 21 for
473 2243 37 21 the
518 2245 92 25 support
618 2242 29 21 he

59 2270 41 21 has
116 2270 103 21 received
234 2270 57 20 from
308 2269 60 21 them
384 2270 60 21 since
459 2270 28 21 he
502 2268 146 23 commenced

59 2296 109 26 business,
187 2296 44 21 and
251 2296 28 21 he
296 2303 86 14 assures
398 2296 61 22 them
476 2296 48 21 that
540 2296 17 21 it
576 2296 18 21 is
612 2296 35 21 his

58 2323 113 21 intention
182 2327 23 17 to
215 2323 105 21 continue
329 2322 33 21 his
379 2326 58 18 most
453 2327 117 17 strenuous
584 2329 64 15 exer-

59 2350 59 21 tions
129 2354 21 16 to
163 2350 66 21 merit
238 2357 13 14 a
261 2350 146 21 continuance
418 2350 26 21 of
452 2350 56 21 their
517 2354 129 22 patronage.

87 2377 24 21 C.
123 2377 27 20 H.
163 2376 61 22 takes
243 2377 41 21 this
306 2377 142 27 opportunity
464 2378 26 20 of
500 2377 82 26 stating
600 2376 48 21 that

59 2403 34 21 his
104 2404 63 20 stock
177 2404 94 20 consists
281 2403 25 21 of
318 2411 14 13 a
341 2403 57 27 good
408 2404 84 26 variety
503 2404 26 21 of
535 2403 112 27 superfine

60 2430 77 27 cloths,
149 2430 112 27 doeskins,
278 2430 87 25 tweeds,
383 2430 127 28 moleskins,
522 2430 118 21 velveteen

59 2457 57 26 pilot
131 2457 66 27 cloth,
210 2459 39 19 &c.
261 2458 47 26 &c,
325 2456 43 22 and
384 2456 34 22 his
435 2458 93 26 charges
540 2458 46 24 (for
600 2463 42 21 cas,

59 2485 59 25 only)
130 2484 121 21 moderate.

59 2528 204 48 WNEAL,
283 2529 87 21 Watch
392 2529 45 21 and
458 2529 76 21 Clock.
551 2529 94 26 Maker,

134 2566 9 10 •
190 2555 53 27 begs
263 2555 140 28 respectfully
421 2560 22 17 to
462 2556 82 22 inform
560 2556 37 21 the
613 2557 35 20 in-

60 2581 114 22 habitants
193 2583 25 20 of
235 2582 52 21 Port
294 2582 129 27 Nicholson,
442 2583 47 26 &c,
507 2583 49 21 that
565 2583 28 21 he
607 2583 40 22 has

59 2609 108 21 removed
181 2608 33 22 his
229 2609 100 21 business
346 2610 48 21 S.E.
405 2609 26 21 of
442 2610 90 21 Messrs.
544 2610 103 22 Bethune

61 2636 45 20 and
117 2635 116 26 Hunter's,
245 2636 44 21 and
299 2636 74 27 hopes,
384 2637 29 26 by
424 2637 62 21 strict
496 2637 116 26 attention,
625 2640 22 18 to

61 2663 67 21 merit
142 2670 13 13 a
172 2663 149 21 continuance
337 2663 25 21 of
377 2663 56 21 their
449 2664 96 27 favours,
563 2663 85 28 having

61 2689 45 21 had
116 2689 25 21 20
153 2689 71 26 years'
235 2690 130 26 experience
376 2690 22 21 in
408 2690 102 22 London.

89 2715 40 22 All
147 2712 67 25 kinds
230 2716 24 21 of
267 2717 91 26 foreign,
377 2717 89 27 British,
482 2717 101 27 musical,
604 2717 45 22 and

61 2742 116 27 repeating
184 2743 96 21 watches
286 2744 45 21 and
341 2743 80 28 clocks,
430 2744 43 21 and
482 2744 166 21 chronometers

62 2769 94 21 cleaned
165 2769 45 21 and
220 2770 107 27 repaired.

173 2796 57 21 N.B.
231 2807 29 4 —
262 2797 93 21 Musical
365 2797 68 22 boxes
443 2797 109 26 repaired.

268 2842 28 19 E.
312 2842 124 25 Stafford,

144 2875 79 24 Tailor,
238 2875 173 26 Lambton-quay,
430 2877 132 25 Wellington,

59 2908 52 48 IN
125 2908 117 27 returning
253 2908 80 22 thanks
343 2912 21 18 to
376 2909 62 22 those
453 2911 128 26 gentlemen
597 2910 51 21 who

117 2935 57 21 have
184 2936 92 21 favored
286 2936 47 21 him
343 2936 52 21 with
405 2936 58 22 their
470 2937 83 27 orders,
561 2945 86 14 assures

59 2962 61 21 them
131 2962 48 21 that
188 2962 57 21 from
257 2963 33 21 his
300 2962 62 22 stock
374 2969 28 15 oil
412 2963 66 27 hand,
491 2964 45 21 and
545 2964 57 21 from
612 2971 34 14 re-

59 2993 52 16 cent
122 2989 90 22 arrivals
222 2990 57 21 from
289 2989 110 27 England,
410 2990 28 22 he
449 2990 45 22 will
508 2991 26 21 be
553 2990 95 23 enabled

59 3019 23 17 to
92 3015 65 22 make
169 3023 29 20 up
209 3016 86 21 articles
304 3017 25 20 in
338 3016 36 22 the
384 3016 47 22 first
441 3018 56 26 style
508 3018 26 21 of
543 3018 88 21 fashion
641 3026 5 19 ;

59 3042 72 21 which
141 3042 45 21 will
196 3043 80 22 render
285 3044 18 20 it
312 3050 148 21 unnecessary
470 3044 34 22 for
518 3044 38 22 the
573 3044 75 28 public

59 3071 23 18 to
92 3068 56 21 send
162 3073 22 16 to
202 3070 36 21 the
256 3070 162 27 neighbouring
428 3072 103 21 Colonies
540 3072 36 21 for
590 3072 59 21 their

59 3096 99 25 wearing
168 3096 96 26 apparel.

87 3121 56 22 N.B.
146 3133 28 3 —
176 3123 72 27 Every
264 3124 75 21 article
355 3124 123 22 warranted
497 3125 25 21 of
543 3125 38 22 the
598 3126 50 20 best

60 3148 91 27 quality,
164 3153 44 23 cut,
219 3150 45 21 and
276 3150 167 29 workmanship,
456 3152 44 21 and
515 3159 28 14 on
557 3159 90 15 reason-

59 3175 51 21 able
121 3178 74 19 terms.

61 3219 40 20 To
113 3220 44 19 the
169 3220 160 22 Mercantile
341 3223 53 19 and
410 3223 133 27 Shipping
558 3224 89 20 Inter-

184 3249 57 18 ests
252 3247 30 20 of
293 3249 65 19 Port
367 3249 160 23 Wicholson.

61 3279 158 48 THOMAS
237 3279 111 23 BEVAN
359 3282 44 21 and
421 3283 81 27 SONS,
515 3284 55 21 New
588 3285 59 21 Zea-

123 3313 60 14 land
203 3314 58 14 ROIE
280 3315 44 14 AND
345 3315 72 16 TWINE
441 3318 204 20 MANUFACTURERS,

59 3333 44 27 beg
119 3336 21 18 to
151 3333 81 21 inform
244 3334 56 21 their
310 3334 81 23 friends
403 3338 45 21 and
458 3337 36 21 the
504 3338 82 27 public,
598 3338 49 21 that

59 3360 54 27 they
123 3360 56 21 have
196 3361 106 20 removed
318 3366 23 16 to
355 3362 57 21 their
428 3371 49 14 new
493 3366 105 24 premises
616 3373 28 14 on

58 3387 191 26 Lambton-quay,
266 3395 77 14 corner
358 3389 25 20 of
401 3390 154 28 Willis-street,
572 3392 74 22 where

59 3421 67 19 every
136 3414 77 21 article
223 3414 24 21 in
256 3413 35 21 the
303 3414 68 22 above
382 3416 72 23 trades
464 3425 50 20 may
525 3419 28 21 be
561 3418 46 24 had
617 3426 29 14 on

58 3440 38 22 the
106 3440 97 22 shortest
212 3441 81 21 notice.

85 3467 94 27 Fishing
189 3472 56 22 nets,
256 3471 63 23 mats,
332 3468 46 26 &c,
390 3470 64 21 made
464 3471 46 22 and
517 3472 109 27 repaired.

85 3494 26 22 T.
120 3494 26 22 B.
158 3494 45 21 and
214 3496 57 19 Sons
282 3501 36 14 are
327 3495 67 27 ready
405 3500 21 17 to
436 3498 122 22 undertake
567 3503 80 24 export

58 3521 76 21 orders
144 3525 23 17 to
177 3529 45 19 any
233 3524 82 23 extent,
328 3529 27 14 on
366 3524 129 21 reasonable
506 3529 74 18 terms.

85 3548 129 22 November
223 3550 34 24 80,
272 3549 57 20 1841.

113 3594 38 19 To
164 3594 85 20 Stand
264 3595 28 18 to
308 3594 85 19 Cover
407 3595 54 20 this
478 3596 111 26 Season,

220 3628 32 19 At
263 3628 139 25 Berhampore
411 3628 69 28 Farjn,

56 3654 59 21 That
125 3654 50 21 well
185 3653 82 22 known
278 3654 65 21 horse
353 3654 92 28 Figaro,'
457 3656 36 21 the
508 3661 105 25 property
624 3660 25 21 of

230 3682 88 22 .James
330 3681 65 26 Watt,
407 3682 50 27 Esq.

57 3708 148 47 FIGARO
216 3715 45 14 was
270 3708 74 21 foaled
353 3708 22 21 in
390 3708 121 23 December
530 3712 60 26 1837,
607 3716 40 22 got

130 3735 29 26 by
170 3735 116 27 Operator,
299 3735 51 20 dam
360 3735 117 27 Adelaide,
489 3736 28 28 by
525 3737 120 23 Tlieorum.

85 3761 110 27 Operator
205 3769 43 13 was
259 3762 71 21 i'oalcd
342 3762 21 21 in
376 3764 58 26 1832,
445 3767 39 23 got
499 3764 29 26 by
544 3764 101 28 Emilius,

56 3787 52 22 dam
120 3788 122 22 Worthless
251 3789 29 26 by
292 3788 96 27 Walton,
400 3794 38 17 out
449 3790 25 21 of
488 3790 119 23 Altisidora
618 3793 27 26 by

56 3814 59 21 Dick
125 3815 117 22 Andrews.

83 3841 73 27 Every
167 3843 109 20 attention
286 3842 46 21 will
343 3842 24 21 be
377 3842 53 28 paid
440 3847 22 18 to
477 3851 73 15 mares
563 3849 51 18 sent
624 3849 22 18 to

53 3867 56 22 him.

83 3894 97 27 Charges
199 3895 34 21 for
252 3895 55 22 each
325 3903 68 19 marc,
413 3897 52 21 vilh
476 3905 21 14 -a
515 3902 129 22 guarantee,

54 3928 69 14 seven
132 3922 104 26 guineas;
255 3922 92 22 without
354 3928 130 24 guarantee,
497 3925 40 22 five
544 3926 94 27 guineas

55 3948 127 27 Groornage
191 3948 113 23 included.

899 120 33 22 H,
946 120 95 27 READ,

812 156 117 21 Tinman
939 158 56 19 and
1003 157 119 25 Brazier,

751 189 62 21 Near
823 189 37 21 the
871 189 155 26 Court-house,
1038 189 144 27 Wellington.

671 252 57 57 M
783 250 12 9 v
888 234 162 21 Education.

740 257 44 24 RS:
805 259 45 22 and
870 260 70 21 MISS
964 260 189 22 WAKEFIELD
1176 262 88 21 receive

767 286 74 27 pupils
851 293 29 14 on
890 286 37 22 the
936 286 115 28 following
1059 290 68 19 terms
1134 295 5 13 :
1141 299 28 5 —

694 327 4 5 •
704 314 44 21 For
765 312 77 27 hoard,
862 312 53 22 with
932 313 102 27 washing
1048 313 45 22 and
1107 314 35 21 in-

732 340 106 21 struction
844 340 23 19 in
872 340 91 26 general
969 340 93 26 English
1067 340 76 21 litera-

732 370 55 22 ture,
804 366 94 26 writing,
912 366 45 21 and
970 366 118 28 aritmetic,
1103 374 40 20 per

732 396 89 24 quarter
1143 396 12 19 8
1183 396 13 20 8
1223 396 14 19 0

703 419 80 22 Under
790 420 13 20 7
812 426 65 19 years
887 419 25 20 of
924 426 41 20 age
1143 420 12 22 7
1183 422 13 21 7
1223 423 14 19 0

703 446 51 27 Day
765 445 105 22 boarders
1141 448 15 21 4
1181 450 16 19 4
1223 449 14 20 0

704 473 51 26 Day
764 472 73 27 pupils
1143 473 15 21 2
1182 476 15 19 2
1223 476 14 19 0

703 499 81 21 Junior
794 499 55 20 ditto
1144 502 11 19 I
1170 502 25 20 11
1223 502 14 19 6

677 525 96 27 French,
787 525 90 27 Italian,
892 525 44 22 and
951 525 114 28 Drawing,
1075 526 33 21 £1
1124 528 44 21 11s.
1178 527 36 22 6d.
1225 534 40 20 per

920 556 97 23 quarter.

704 578 135 22 References
848 581 23 19 to
881 577 36 23 the
927 579 115 27 following
1047 579 129 27 gentlemen
1186 580 79 27 kindly

677 605 120 28 permitted
805 612 6 14 :
811 615 29 4 —

705 633 62 26 Capt.
779 631 34 22 W.
824 631 34 22 M.
870 631 78 28 Smith,
959 632 68 27 R.A.,
1037 633 227 26 Surveyor-General.

704 659 28 21 T.
746 659 29 20 M.
788 658 121 27 Partridge,
921 659 52 27 Esq.

675 702 116 27 English
806 704 54 19 and
869 703 118 27 Foreign
995 704 169 25 Newspaper
1173 706 90 24 Office,

800 730 48 26 32t>,
865 730 127 25 STRAND,
1005 732 134 19 LONDON.

684 756 130 34 JOSEPH
844 756 151 28 CLAYTON,
1028 758 117 21 Publisher
1174 759 26 21 of
1226 758 38 22 the

676 779 26 25 ll
741 784 111 25 Spectator
871 783 44 22 and
937 785 98 20 Colonial'
1053 785 92 26 Gazette,
1167 786 97 21 General

677 810 136 27 Newspaper
823 810 45 21 and
878 810 145 28 Advertising
1033 812 82 26 Agent,
1127 812 49 27 320'
1176 812 87 27 Strand,

677 836 102 26 London,
794 836 143 28 respectfully
952 845 129 14 announces
1096 843 21 16 to
1131 840 134 26 proprietors

677 863 26 21 of
714 863 100 22 Colonial
824 864 112 25 Journals,
948 865 44 21 and
1002 864 38 22 the
1049 864 99 23 resident
1164 866 101 21 Colonial

677 895 88 21 gentry,
776 890 48 21 that
834 890 27 21 he
871 890 18 21 is
899 891 49 21 able
959 895 22 17 to
992 892 79 26 supply
1082 892 61 21 them
1157 893 54 21 with
1226 892 39 21 the

677 917 69 20 above
757 916 113 27 Journals,
885 917 44 21 and
947 925 67 19 every
1030 919 64 20 other
1108 918 93 22 London
1220 919 45 21 and

677 943 105 27 Country*
787 944 135 26 Newspaper
937 944 23 21 in
976 944 71 22 Great
1063 945 94 27 Britain,
1177 946 29 27 by
1226 946 37 21 the

677 970 89 21 earliest
790 977 141 20 conveyance
950 971 56 22 after
1025 971 37 22 the
1081 979 142 20 appearance
1240 972 26 21 of

676 996 56 21 each
741 996 143 27 publication.

704 1023 22 21 J.
741 1023 94 27 Clayton
847 1024 38 20 has
895 1023 56 22 been
962 1024 97 22 induced
1070 1027 22 19 to
1108 1032 44 20 pay
1167 1026 98 27 particu-

675 1049 35 22 lar
725 1050 108 21 attention
844 1054 22 17 to
877 1050 42 22 this
935 1051 84 22 branch
1038 1052 25 21 of
1080 1051 39 22 the
1135 1059 131 21 newspaper

676 1076 107 27 business,
794 1078 22 20 in
828 1084 153 20 consequence
998 1078 27 21 of
1044 1078 36 22 the
1101 1080 131 26 complaints
1243 1080 25 20 of

677 1103 36 21 the
725 1103 99 22 Colonial
835 1104 63 21 Press
913 1105 24 20 in
954 1109 41 16 not
1009 1105 68 27 being
1092 1106 102 26 supplied
1213 1106 51 21 with

676 1130 94 26 English
788 1137 138 20 newspapers
941 1131 52 21 with
1011 1132 47 21 that
1078 1134 121 26 regularity
1220 1133 45 21 and

676 1156 101 28 dispatch
801 1157 72 22 which
896 1158 20 21 ia
940 1165 117 19 necessary
1080 1162 23 18 to
1122 1158 38 25 the
1162 1167 4 4 1
1177 1167 88 14 success

677 1183 26 21 of
714 1191 15 14 a
747 1183 50 22 well
811 1184 120 30 managed^
938 1185 102 22 Colonial
1056 1193 131 21 newspaper
1205 1190 61 18 esta-

676 1209 129 22 blishment.

703 1236 88 23 Editors
802 1237 25 21 of
833 1244 139 20 newspapers
983 1238 45 21 and
1038 1238 84 27 private
1132 1239 96 22 families
1238 1240 25 21 in

677 1262 38 23 the
726 1264 101 21 Colonies
838 1264 49 21 who
902 1265 102 22 received
1015 1266 57 21 their
1088 1266 93 26 English
1194 1274 71 14 news-

675 1297 80 20 papers
762 1291 96 27 through
864 1291 37 21 the
907 1292 98 21 medium
1014 1292 26 21 of
1047 1292 44 22 Mr.
1101 1293 133 25 Simmonds,
1243 1294 25 21 of

677 1316 135 28 Chichester,
832 1318 43 21 will
894 1318 58 21 have
972 1318 63 22 them
1053 1320 122 21 continued
1193 1320 30 28 by
1242 1321 21 21 J.

677 1344 102 26 Clayton,
791 1344 49 21 who
851 1344 38 21 has
898 1345 125 27 completed
1033 1346 54 21 such
1098 1352 166 22 arrangements

677 1377 24 14 as
710 1370 44 22 will
765 1371 79 22 enable
854 1371 45 21 him
911 1375 21 18 to
945 1379 62 19 carry
1018 1377 37 16 out
1066 1380 61 14 more
1139 1374 126 27 efiectually

677 1396 38 23 the
724 1397 52 27 plan
786 1398 26 21 of
822 1398 120 27 supplying
954 1398 96 28 Foreign
1066 1407 138 20 newspapers
1219 1402 46 20 and

677 1431 90 19 persons
774 1424 124 22 residentin
905 1428 36 18 the
948 1426 109 27 Colonies,
1066 1426 53 21 with
1124 1428 140 26 punctuality

677 1450 45 22 and
729 1450 106 28 dispatch,
854 1452 54 21 than
919 1452 44 21 Mr.
983 1453 128 21 Simmonds
1125 1454 108 27 (residing
1242 1459 23 17 at

678 1478 138 26 Chichester)
827 1485 46 14 was
883 1478 48 22 able
943 1483 21 17 to
974 1480 145 27 accomplish.

704 1504 23 21 It
736 1504 44 22 will
790 1504 27 22 be
831 1504 123 29 absolutely
964 1513 116 20 necessary
1091 1511 22 17 to
1127 1514 138 21 accompany

677 1531 55 21 each
743 1531 64 22 order
817 1532 29 26 by
856 1537 106 21 payment
969 1534 26 20 of
1001 1534 36 21 six
1047 1541 23 14 or
1078 1534 79 21 twelve
1166 1535 98 21 months'

675 1565 80 20 papers
764 1558 24 21 in
802 1558 106 27 advance,
925 1567 25 14 or
960 1567 12 14 a
981 1560 115 21 refeience
1111 1564 22 18 to
1143 1569 61 13 some
1215 1562 50 21 firm

676 1591 24 14 in
711 1585 94 21 London
815 1586 36 20 for
860 1590 107 22 payment
975 1591 23 16 at
1013 1587 37 21 the
1061 1588 123 26 expiration
1196 1589 26 20 of
1228 1589 37 21 the

677 1612 78 21 twelve
771 1612 89 21 months
869 1620 4 19 ;
889 1614 22 19 in
929 1613 71 22 which
1016 1621 50 14 case
1084 1621 41 15 one
1143 1614 122 29 halfpenny

677 1642 64 17 extra
750 1638 42 21 will
804 1644 25 16 be
840 1638 95 28 charged
945 1647 27 14 on
985 1640 54 21 each
1049 1648 74 20 paper.

706 1666 22 20 J.
739 1665 95 27 Clayton
845 1670 65 17 trusts
921 1666 48 21 that
978 1666 34 22 his
1026 1669 126 20 connexion
1164 1669 52 21 with
1227 1669 38 21 the

680 1692 111 26 Spectator
801 1692 141 28 Newspaper,
953 1694 120 26 as.Printer
1084 1695 44 21 and
1139 1695 124 28 Publisher,

675 1720 59 20 from
751 1720 28 20 its
789 1725 192 16 commencement
995 1721 24 21 in
1037 1722 60 26 1828,
1115 1722 45 21 will
1174 1723 27 21 be
1212 1730 53 15 con-

677 1746 87 21 sidered
774 1753 14 14 a
797 1746 109 21 sufficient
915 1751 122 23 guarantee
1044 1748 34 21 for
1088 1748 37 22 the
1136 1756 80 20 proper
1226 1757 39 20 ap-

677 1772 105 26 plication
794 1772 24 22 of
823 1780 45 20 any
878 1772 68 23 funds
954 1774 51 27 paid
1014 1774 23 21 in
1049 1775 99 21 advance
1160 1776 35 22 for
1204 1776 61 27 Eng-

675 1799 45 22 lish
729 1807 141 19 newspapers
878 1800 42 21 and
931 1801 139 27 periodicals.

703 1826 48 21 The
760 1826 115 26 following
884 1826 35 22 list
930 1828 25 21 of
962 1828 94 21 London
1070 1836 146 21 newspapers,
1226 1830 39 22 the

677 1852 54 28 days
741 1860 29 14 on
779 1852 70 22 which
856 1854 52 26 they
917 1861 36 14 are
962 1855 124 27 published,
1097 1857 45 19 and
1150 1857 37 21 the
1194 1857 72 26 prices

676 1883 23 18 at
709 1880 71 21 which
795 1880 52 26 they
857 1887 37 14 are
909 1882 102 26 supplied
1028 1882 28 27 by
1066 1883 23 20 J.
1107 1883 102 27 Clayton,
1221 1885 44 21 will

675 1906 28 22 be
713 1906 71 22 found
798 1907 73 21 useful
887 1911 22 17 to
919 1915 92 19 persons
1026 1909 23 21 in
1065 1910 38 20 the
1113 1910 103 22 Colonies
1230 1918 35 14 re-

676 1934 89 27 quiring
775 1934 93 26 English
878 1940 146 21 newspapers.

869 1960 120 19 MORNING
1000 1962 77 22 (Daily.)

951 1982 63 21 single
1022 1987 54 17 copy,
1098 1988 35 17 per
1139 1983 84 22 quartfer.

1105 2010 15 11 ».
1131 2009 17 12 *.
1162 2006 19 17 d.

750 2022 76 17 *Times
1029 2024 30 18 sd.
1107 2027 8 15 l
1128 2027 20 15 12
1169 2028 12 15 6

762 2043 90 22 Morning
862 2043 98 19 Chronicle
969 2057 15 5 ..
999 2057 6 6 .
1031 2047 11 16 5
1065 2059 15 5 ..
1107 2047 43 16 Ila
1169 2048 12 16 6

751 2064 103 23 ♦Morning
861 2064 71 18 Herald
1031 2068 11 15 5
1169 2069 12 16 6

753 2085 103 23 •Morning
863 2086 44 17 Post
1031 2089 12 15 5
1065 2101 14 4 ..
1106 2090 42 15 112
1169 2090 11 16 6

760 2106 91 23 Morning
855 2106 150 20 Advertiser....
1032 2110 10 15 5
1065 2122 15 5 ..
1107 2111 41 16 112
1169 2111 12 16 6
1205 2111 2 4 '

761 2127 91 23 Morning'
861 2129 40 15 Sun
1028 2131 11 15 5
1062 2143 15 5 ..
1105 2132 42 16 112
1167 2132 12 16 6

865 2148 115 19 EVENING
995 2150 77 22 (Daily.)

760 2168 40 18 Sun
1029 2174 11 14 5
1063 2184 14 6 ..
1106 2174 7 15 1
1127 2174 20 16 12
1168 2174 11 17 6

760 2190 59 17 Ulube
1029 2195 10 14 5
1062 2205 15 6 ..
1105 2195 41 15 112
1167 2195 12 16 6

748 2210 106 19 ♦Standard
1028 2215 11 16 5
1062 2226 15 5 ..
1105 2216 41 15 112
1167 2216 11 17 6

748 2232 90 17 ♦Courier
1028 2237 11 15 5
1062 2248 16 5 ..
1105 2237 7 15 1
1125 2237 21 15 12
1167 2238 12 16 6

759 2253 93 22 Shipping
859 2254 78 19 Gazette
1026 2257 12 16 6
1061 2268 4 5 .
1070 2269 5 5 .
1103 2258 42 17 119
1165 2259 12 16 0

744 2274 89 18 MONOA
840 2275 19 21 V,
872 2276 163 22 WEDNESDAY,
1046 2278 39 17 and
1096 2278 99 19 FRIDAY.

854 2296 45 17 Mail
1030 2300 11 15 5
1064 2311 18 5 ...
1105 2300 11 16 0
1127 2300 20 17 16
1168 2302 11 16 3

758 2317 87 22 Evening
853 2317 98 19 Chronicle
1030 2321 10 15 5
1063 2331 29 6 ....
1105 2322 8 14 0
1125 2322 21 15 16
1168 2323 11 15 3

812 2338 110 19 MX)NDAY
934 2340 37 17 and
985 2340 144 18 THURSDAY.

760 2358 73 18 Patriot
1030 2363 11 15 5
1063 2374 19 5 ...
1106 2364 9 15 0
1136 2364 10 15 5
1167 2365 12 15 5

748 2379 86 18 •Record
1030 2384 12 15 5
1063 2395 19 4 ...
1105 2384 9 16 0
1136 2385 10 15 5
1167 2386 11 15 5

831 2401 114 19 TUESDAY
957 2404 38 17 and
1009 2404 99 17 FRIDAY.

809 2421 78 18 London
896 2423 83 22 Gazette,
988 2425 30 17 Bd.
1026 2430 35 16 per
1068 2425 60 18 slieet.

731 2442 121 22 TUESDAY,
865 2444 142 24 THURSDAY,
1019 2447 38 16 and
1069 2447 138 19 SATURDAY.

748 2464 38 16 *St.
793 2464 84 17 James's
885 2465 98 19 Chronicle
990 2479 18 5 ...
1031 2468 11 16 5
1064 2480 19 5 ...
1105 2469 11 16 0
1127 2470 20 15 10
1160 2471 19 15 10

750 2484 92 22 ♦English
850 2485 99 20 Chronicle
1030 2489 11 16 5
1063 2501 19 5 ...
1105 2491 10 15 0
1126 2491 21 15 10
1159 2491 20 17 10

911 2508 115 19 MONDAY.

761 2527 56 17 Mark
823 2527 53 18 Lane
882 2527 82 23 Express
1029 2531 21 20 6J
1063 2543 18 5 ...
1104 2532 11 16 0
1137 2531 8 17 7
1169 2534 9 15 1

749 2548 70 17 ♦Bell's
826 2548 112 24 Messenger
1030 2552 11 16 6
1063 2564 19 5 ...
1105 2553 10 16 0
1136 2553 10 16 6
1168 2554 11 16 6

749 2569 105 17 ♦Fanner's
861 2570 81 18 Journal
1030 2573 12 17 6
1063 2585 19 5 ...
1105 2574 9 16 0
1136 2574 11 16 6
1168 2575 11 17 6

750 2590 62 17 ♦John
819 2590 45 17 Bull
1030 2594 11 17 6
1063 2606 19 5 ...
1105 2596 9 15 0
1137 2595 10 16 6
1169 2596 11 16 6

761 2611 95 17 Observer
1029 2616 11 16 6
1063 2627 18 5 ...
1104 2616 11 16 0
1136 2616 10 16 C
1167 2617 12 16 6

762 2632 75 22 County
845 2632 99 20 Chronicle
1029 2637 21 21 54
1063 2648 18 5 ...
1092 2638 24 15 .0
1136 2638 10 16 6
1167 2639 11 15 0

760 2653 78 23 Magnet
1029 2659 21 15 41
1063 2669 18 5 ...
1104 2658 10 17 0
1135 2659 11 16 5
1167 2659 11 16 0

887 2675 164 21 WEDNESDAY.

764 2695 85 18 Colonial
858 2696 78 19 Gazette
1032 2700 11 17 6
1065 2711 19 6 ...
1106 2701 11 16 0
1138 2701 10 16 6
1169 2701 12 17 6

762 2717 155 19 Nonconformist
1031 2721 11 17 6
1065 2732 18 5 ...
1105 2722 11 16 0
1138 2722 10 16 6
1169 2722 12 17 6

760 2737 115 18 AVatckman
1031 2743 11 16 5
1137 2743 10 16 5
1169 2745 10 15 5

901 2760 139 19 SATURDAY.

760 2779 98 22 Spectator
1030 2785 14 17 9
1063 2795 19 5 ...
1105 2785 10 16 0
1137 2786 11 16 9
1169 2786 11 17 9

761 2800 54 18 Atlas
1021 2806 20 16 10
1065 2816 18 5 ...
1106 2806 41 17 010
1160 2807 21 16 10

760 2821 63 18 Jurist
1032 2827 10 17 9
1065 2837 18 5 ...
1106 2828 10 14 0
1138 2828 10 16 9
1170 2828 11 17 9

760 2842 59 18 Court
824 2843 84 18 Journal
1031 2848 11 15 8
1063 2858 20 5 ...
1105 2848 11 16 0
1137 2849 11 16 8
1169 2850 12 15 8

762 2863 59 17 Na\al
829 2866 39 15 and
876 2865 84 22 Military
964 2866 45 18 Gaz.
1032 2869 11 15 8
1066 2879 18 5 ...
1107 2870 9 14 0
1138 2870 10 16 8
1170 2871 11 15 8

751 2884 83 18 -United
840 2885 75 18 Service
920 2887 78 18 Gazette
1004 2900 5 5 .
1033 2889 10 17 7
1065 2900 19 5 ...
1106 2890 11 16 0
1139 2891 9 17 7
1171 2892 10 16 7

750 2906 50 22 *Age
1033 2911 10 15 6
1066 2921 18 5 ...
1107 2912 11 15 0
1139 2912 9 15 0
1171 2912 10 15 G

750 2927 74 21 ♦Argus
1032 2932 10 14 6
1066 2941 18 5 ...
1107 2932 10 15 0
1139 2933 9 15 6
1171 2933 9 15 6

750 2948 72 17 ♦Bell's
826 2948 112 23 Messenger
1032 2953 10 14 6
1065 2963 19 5 ...
1107 2953 10 15 0
1139 2954 9 15 G
1171 2954 10 15 6

752 2969 111 16 ♦Britannia
1033 2974 10 14 6
1066 2983 18 6 ...
1106 2974 12 16 0
1139 2974 9 16 6
1171 2974 12 18 6

760 2990 89 16 Courrier
857 2990 23 16 de
889 2990 89 23 l'Europe
991 3004 18 5 ...
1033 2994 10 15 6
1066 3004 18 5 ...
1108 2995 9 15 0
1139 2996 9 15 c
1171 2996 10 15 c

760 3010 59 18 Court
826 3010 79 18 Gazette
1032 3015 10 15 6
1066 3025 18 5 ...
1108 3016 9 15 0
1139 3016 9 16 v
1171 3017 10 15 c

750 3032 146 17 ♦Conservative
903 3032 80 19 Journal
991 3046 18 5 ...
1033 3035 10 16 6
1066 3046 18 5 ...
1107 3037 11 16 0
1139 3037 9 16 6
1171 3038 10 15 6

750 3053 50 17 ♦Era
1032 3057 10 15 6
1065 3067 19 5 ...
1106 3058 10 15 0
1138 3058 9 15 6
1169 3059 10 15 c

760 3074 102 17 Examiner
1032 3078 10 15 6
1064 3087 19 6 ...
1106 3079 10 14 0
1138 3079 8 15 6
1170 3080 10 15 6

759 3095 81 17 Journal
847 3095 22 17 of
874 3094 109 20 Commerce
988 3108 18 6 ...
1029 3099 11 14 6
1062 3110 19 5 ...
1104 3099 11 16 0
1136 3100 10 15 6
1168 3101 11 15 6

750 3116 62 17 •Jolm
820 3116 45 17 Bull
1030 3119 10 15 6
1063 3130 19 5 ...
1105 3120 9 16 0
1136 3121 9 15 C
1168 3122 10 15 6

760 3137 115 17 Gardener's
882 3137 79 18 Gazette
1032 3140 10 15 C
1065 3151 19 5 ...
1106 3141 11 16 0
1139 3142 9 15 6
1170 3143 10 15 (5

759 3158 75 18 Justice
841 3158 22 18 of
868 3158 57 18 Peace
1032 3161 10 15 6
1065 3172 19 5 ...
1106 3162 10 16 0
1138 3162 13 16 &
1170 3164 11 15 6

760 3179 77 22 Mining
845 3179 79 18 Journal
1032 3182 9 15 6
1064 3193 18 5 ...
1105 3183 12 16 0
1138 3184 9 15 6
1170 3185 10 15 6

759 3200 47 18 New
813 3200 60 18 Bell's
884 3200 125 23 Messenger..
1032 3203 10 15 6
1065 3214 19 6 ...
1106 3205 12 15 0
1139 3205 9 15 6
1171 3205 10 15 6

760 3221 84 21 Railway
851 3221 63 18 Times
1032 3224 10 15 6
1065 3235 18 5 ...
1106 3227 11 14 0
1139 3226 8 14 G
1170 3226 10 15 G

760 3242 77 18 Satirist
1032 3245 10 15 6
1065 3256 19 5 ...
1106 3246 11 17 0
1139 3246 9 16 C
1170 3247 10 15 6

760 3263 75 18 British
842 3263 65 19 Queen
1032 3265 10 15 6
1065 3277 18 5 ...
1106 3268 9 14 0
1138 3267 8 15 6
1169 3268 10 15 C

760 3285 77 21 Sunday
844 3284 64 17 Times
1031 3286 10 15 C
1065 3298 18 5 ...
1105 3288 12 16 0
1138 3288 8 15 6
1169 3289 10 14 6

759 3305 67 17 Tablet
1032 3307 9 15 6
1065 3319 18 5 ...
1106 3310 9 15 0
1138 3309 8 15 6
1169 3310 10 14 6

760 3326 79 21 Weekly
847 3326 92 22 Dispatch
1032 3328 10 15 6
1065 3340 18 5 ...
1106 3330 9 15 0
1137 3329 9 16 6
1169 3331 10 14 6

760 3347 59 17 Bell's
827 3347 42 17 Life
1030 3349 11 15 5
1064 3361 18 5 ...
1105 3351 10 15 0
1136 3350 10 16 5
1169 3351 10 15 6

760 3368 84 22 Railway
851 3368 99 22 Magaiine
1030 3371 11 14 5
1064 3381 18 6 ...
1105 3372 10 15 0
1137 3372 9 15 5
1169 3372 10 15 5

760 3388 66 19 Planet
1030 3392 22 20 4J
1063 3402 19 6 ...
1105 3393 11 16 0
1137 3393 9 15 5
1169 3394 10 15 0

759 3410 79 22 Weekly
846 3409 100 19 Chronicle
1030 3406 22 27 4j
1064 3423 18 6 ...
1105 3414 10 14 0
1137 3414 10 15 5
1169 3415 10 15 0

760 3431 87 21 Literary
856 3431 79 17 Gazette
1031 3434 11 15 9
1064 3444 18 5 ...
1106 3435 11 15 0
1138 3435 10 16 9
1169 3436 19 17 9.

760 3452 113 18 Athenaeum
1030 3454 11 16 5
1064 3465 18 5 ...
1105 3455 11 16 0
1138 3456 9 16 S
1169 3456 11 16 5

870 3472 201 23 (FORTNIGHTLY.)

760 3494 46 18 New
813 3494 83 18 Zealand
903 3494 81 18 Journal
999 3507 6 5 .
1031 3496 10 15 6
1064 3507 19 6 ...
1105 3497 10 15 0
1137 3498 10 16 3
1169 3498 10 16 6

760 3515 59 18 South
821 3515 109 18 Australian
935 3515 74 18 Record
1030 3517 10 16 5
1063 3528 19 6 ...
1105 3518 10 16 0
1137 3519 10 16 3
1169 3519 11 16 0

788 3536 70 22 Papers
866 3536 77 18 marked
950 3538 10 10 •
967 3541 33 13 are
1008 3536 141 20 Conservative.

701 3557 47 22 The
759 3557 118 28 foregoing
884 3558 72 27 prices
965 3565 38 14 are
1014 3558 37 22 the
1061 3566 62 15 same
1135 3567 24 15 as
1169 3561 96 27 charged

676 3583 23 22 in
722 3584 93 22 London
824 3592 6 19 ;
855 3585 110 21 therefore
986 3585 28 21 all
1040 3590 90 23 postage
1154 3595 24 14 or
1201 3592 64 17 extra

675 3610 92 27 charges
776 3611 104 22 incurred
888 3611 24 22 in
922 3611 38 22 the
970 3612 80 21 transit
1066 3616 60 18 must
1136 3613 26 22 be
1173 3614 52 28 paid
1234 3614 31 28 by

675 3637 37 21 the
723 3639 81 26 parties
814 3642 24 18 at
845 3638 37 22 the
893 3639 54 21 time
958 3638 112 23 the'order
1080 3639 19 22 is
1108 3641 74 26 given.

702 3664 22 21 It
734 3665 44 21 will
787 3665 27 21 be
825 3665 108 22 desirable
943 3666 24 21 in
975 3665 30 21 all
1016 3673 61 14 cases
1087 3667 73 22 where
1171 3675 44 20 any
1225 3668 40 21 ad-

675 3694 95 24 vantage
781 3692 66 21 exists
856 3692 24 21 in
891 3691 36 23 the
944 3692 65 22 mode
1019 3693 26 21 of
1056 3700 143 21 conveyance
1212 3703 53 14 over

675 3717 38 22 the
731 3718 103 27 ordinaiy
852 3726 76 14 means
946 3719 23 21 of
989 3719 154 22 transmission
1162 3722 29 26 by
1206 3727 57 21 post,

677 3744 47 22 that
732 3745 136 27 gentlemen,
880 3745 98 23 desirous
987 3746 25 21 of
1024 3747 97 27 availing
1131 3747 134 23 themselves

676 3771 26 21 of
713 3772 54 21 such
778 3772 131 27 advantage,
921 3773 80 21 should
1016 3773 66 27 point
1098 3778 38 17 out
1148 3775 84 27 clearly
1240 3776 23 21 in

677 3797 58 22 what
744 3806 49 19 way
809 3799 54 21 such
880 3800 132 27 peculiarity
1023 3800 25 21 of
1060 3808 143 20 conveyance
1213 3803 19 20 is
1242 3806 23 18 to

677 3823 25 22 be
713 3824 108 22 rendered
838 3827 108 21 available
957 3827 33 21 for
1002 3826 38 22 the
1053 3835 95 19 purpose
1164 3830 26 21 of
1200 3837 64 14 acce-

675 3850 96 27 lerating
780 3851 37 21 the
827 3851 105 28 despatch
944 3853 25 21 of
981 3853 56 22 such
1047 3861 146 21 newspapers.

703 3877 82 22 Orders
815 3878 35 21 for
878 3879 185 23 advertisements
1093 3882 102 22 received
1219 3884 45 21 and

675 3904 112 27 promptly
796 3905 98 21 inserted
910 3906 23 21 in
949 3907 29 21 all
995 3907 39 22 the
1049 3907 87 28 foreign
1146 3910 46 21 and
1204 3910 60 22 colo-

677 3931 44 23 nial
728 3931 108 28 journals,
848 3932 44 21 and
907 3932 24 22 in
948 3933 37 21 the
1001 3933 96 24 London
1113 3935 46 22 aud
1169 3941 96 23 country

675 3965 141 20 newspapers
825 3959 46 21 and
882 3959 136 26 magazines.
