3324 6156
135 5121 143 74 The
325 5121 238 74 Lyell
610 5121 285 74 Times.

190 5294 248 41 SATURDAY,
487 5295 119 35 JUNE
655 5296 29 39 6,
746 5295 89 33 1885.

176 5414 68 35 The
275 5415 138 37 Reefton
438 5416 129 45 battery
597 5420 128 32 returns
755 5417 50 35 for
830 5416 62 36 last

136 5473 101 40 week,
261 5485 50 21 are
327 5485 6 22 :
338 5475 290 43 —Keep-it-Dark,
652 5477 118 32 Gl7ozs
792 5476 80 32 amal-

136 5539 75 33 gam
224 5539 8 31 ;
256 5530 65 34 this
343 5532 146 34 includes
519 5533 55 33 the
605 5536 148 30 contents
784 5539 31 26 oi
837 5532 55 33 the

133 5584 98 36 boxes
255 5588 48 33 for
318 5590 54 32 the
390 5591 116 33 month
526 5601 8 28 ;
558 5591 192 38 Inkerman,
776 5591 116 31 1320zs

135 5645 175 43 amalgam.
355 5647 68 33 The
438 5647 206 34 first-named
659 5657 162 33 company
834 5647 58 32 has

134 5701 85 33 since
245 5702 150 35 declared
421 5703 156 34 dividend
606 5703 61 34 No.
694 5704 52 38 64,
772 5702 34 33 of
833 5714 59 21 0110

133 5756 133 47 shilling
283 5760 63 34 and
362 5760 149 44 sixpence
527 5772 58 33 per
598 5760 114 42 20,000
712 5760 38 42 th
764 5760 104 35 shara.

176 5817 104 34 When
308 5819 189 45 addressing
525 5831 18 23 a
571 5819 89 45 large
693 5819 144 43 meeting
860 5819 35 34 of

133 5876 215 34 constituents
371 5880 33 30 at
426 5877 195 34 Boatman's
648 5889 44 21 on
716 5876 79 33 30tk
818 5876 71 40 ult.,

133 5932 55 33 Mr
219 5932 180 42 Menteatfc,
435 5933 137 35 M.H.R.
604 5934 48 34 for
682 5932 208 45 Inangahua,

131 5989 71 36 said
217 5989 40 36 he
274 5990 107 36 would
396 6003 40 32 ge
447 5995 33 31 t§
492 5991 56 37 the
562 5992 125 36 Heust,
702 5990 185 45 unpledged

895 212 30 21 10
949 212 63 31 any
1036 203 130 31 section.
1212 203 41 30 At
1276 202 55 32 the
1349 209 126 36 present
1494 203 93 41 time,
1611 207 33 31 in

894 255 50 34 his
973 256 144 45 opinion,
1147 257 55 34 the
1232 257 143 44 political
1413 258 118 44 parties
1565 255 99 47 were'
1680 255 3 47 c

895 313 224 41 considerably
1154 313 232 41 disorganised,
1425 316 63 32 ml
1520 317 26 33 it
1583 329 64 22 was
1680 313 3 41 c

895 367 188 45 impossible
1100 375 31 29 to
1148 370 122 44 predict
1288 371 85 34 what
1390 383 70 21 new
1481 373 164 35 combina-
1662 367 3 47 i
1680 367 3 47 *

896 426 85 33 tions
997 426 105 43 might
1116 438 90 22 come
1221 428 70 31 into
1303 426 171 35 existence.
1662 408 3 61 I
1680 408 3 61 <

937 481 69 34 The
1030 487 86 29 most
1140 483 170 44 expensive
1336 483 110 34 inland
1469 485 79 35 mail
1576 499 70 24 con-
1681 481 2 46 <

897 544 83 28 tract
988 540 32 32 in
1031 539 55 33 the
1097 541 126 41 colony,
1235 541 25 32 is
1272 540 54 33 the
1340 521 327 65 Hokitika-Spring-1
1681 521 2 65 <

896 595 76 35 field
1008 607 61 24 one
1099 603 32 27 at
1164 598 106 33 JIBOO
1300 608 56 33 per
1392 609 122 24 annum
1535 611 7 30 ;
1575 609 75 29 next
1665 595 2 50 j
1682 595 1 50 <

898 662 105 25 comes
1025 652 54 35 the
1103 653 167 44 Belgrove,
1295 654 104 44 Lyell,
1424 656 64 35 and
1512 658 137 38 Reefton
1682 652 1 46 <

898 708 131 40 service,
1046 713 33 30 at
1096 711 108 33 <£1250
1218 722 123 31 a-year.
1682 708 1 45 ]

938 776 70 33 The
1024 778 130 39 general
1169 778 208 45 cleaning-up
1395 786 32 26 at
1450 781 55 34 the
1529 783 122 36 Unitod

898 831 115 45 Alpine
1044 832 137 46 battery,
1212 833 76 37 took
1316 834 90 46 place
1434 847 40 25 on
1509 837 142 49 Moaday
1682 831 1 55 i

900 887 71 40 last,
986 889 95 33 wiion
1098 890 54 34 the
1168 892 158 32 excellent
1345 898 110 28 return
1479 894 37 33 of
1534 896 117 35 7980zs

899 945 35 33 of
959 946 141 35 retorted
1123 948 85 43 gold,
1234 949 83 34 from
1342 950 43 33 all
1416 962 141 30 sources,
1589 967 64 22 was

898 1000 152 36 obtained
1075 1004 82 33 from
1183 1007 79 32 1053
1282 1011 74 29 tons
1380 1007 36 33 of
1437 1014 101 28 stone.
1585 1011 68 35 The

899 1058 156 36 directors
1078 1061 81 35 have
1181 1063 147 35 declare*
1351 1079 19 20 a
1393 1065 155 36 dividend
1578 1070 73 42 (No.
1682 1058 1 54 i

901 1115 50 40 12)
978 1116 36 33 of
1034 1117 149 43 sixpence
1209 1131 55 33 per
1289 1122 114 39 32,000
1403 1122 38 39 th
1470 1123 110 43 share,
1608 1137 30 24 re-

900 1174 186 44 presenting
1124 1176 97 35 JBOO.
1288 1178 119 35 Shares
1450 1179 82 37 have
1575 1182 80 36 been

900 1227 123 46 largely
1038 1230 88 35 dealt
1141 1232 34 34 in
1191 1234 109 43 lately,
1322 1235 65 34 and
1410 1247 47 23 we
1480 1237 79 36 hear
1585 1240 71 35 that

900 1297 19 21 a
935 1286 138 36 number
1086 1289 37 34 of
1134 1292 187 38 good-sized
1338 1294 122 44 parcels
1478 1294 83 37 have
1573 1296 80 37 been

901 1342 114 43 placed
1031 1350 32 28 at
1081 1345 149 36 lieefton.

1124 1465 128 35 NEWS
1269 1468 57 33 BY
1343 1470 92 33 THE

933 1517 110 48 SAN
1091 1519 327 56 FRANCISCO
1464 1524 161 54 MAIL.

946 1653 93 34 Since
1063 1653 59 35 her
1147 1661 111 29 return
1281 1658 84 35 from
1389 1660 193 36 Darmstadt
1603 1664 55 34 the

903 1710 139 43 Qneen'a
1059 1710 110 38 healtii
1187 1713 59 35 has
1258 1715 135 46 notably
1407 1718 181 45 improved,
1633 1723 28 34 A

904 1769 152 42 despatch
1075 1771 34 32 of
1122 1771 53 33 the
1190 1772 58 33 4th
1267 1773 71 42 Maj
1357 1780 100 28 states
1470 1777 72 33 that
1555 1785 86 28 extra-

906 1825 152 43 ordinary
1077 1828 201 41 precautions
1291 1840 82 23 were
1386 1830 139 40 adopted
1538 1841 103 34 yester-

906 1882 62 41 day
1006 1882 106 34 before
1148 1884 59 33 her
1243 1885 119 34 arrival
1406 1893 32 28 at
1479 1889 181 36 Inverness.

908 1941 130 33 Several
1055 1940 98 35 hours
1169 1953 51 22 ere
1237 1941 53 35 the
1307 1945 89 43 royal
1411 1947 101 41 yacht
1528 1959 65 23 was
1608 1961 33 22 ex-

908 1997 110 42 pected
1042 1997 43 33 all
1109 1999 54 31 the
1181 1999 117 33 vessels
1314 2000 33 33 in
1366 2002 54 32 the
1437 2002 119 35 harbor
1578 2016 82 23 were

907 2053 165 43 inspected
1096 2053 64 35 and
1178 2055 53 34 the
1256 2055 142 36 harbour
1413 2057 172 46 diligently
1608 2072 35 34 pa-

910 2111 113 31 trolled
1041 2111 41 41 by
1098 2113 53 30 tiie
1170 2112 220 42 police-bouts,
1408 2116 63 31 and
1491 2128 51 21 uiu
1568 2129 90 22 route

910 2167 82 34 from
1015 2167 54 34 the
1093 2167 134 44 landing
1249 2176 30 27 to
1304 2169 53 35 the
1384 2170 134 45 railway
1541 2175 118 34 station

910 2224 87 34 l.iied
1023 2225 42 44 by
1094 2239 18 20 a
1143 2226 143 44 military
1321 2230 103 42 guard
1461 2230 64 34 and
1563 2244 99 33 m«:iiy

910 2284 227 42 metropolitan
1155 2284 187 35 detectives.

951 2339 68 34 The
1037 2339 100 44 liight
1156 2340 85 36 Hon.
1253 2341 87 35 John
1354 2342 101 43 Nash,
1470 2344 53 35 the
1537 2354 126 36 present
1680 2339 3 51 I

912 2398 315 43 Attorney-General
1258 2403 37 31 of
1321 2402 142 39 Ireland,
1496 2404 58 33 has
1587 2406 77 35 been
1680 2378 3 63 '

912 2455 171 46 appointed
1114 2456 85 35 Lord
1229 2457 196 36 Chancellor
1461 2462 33 32 of
1523 2461 141 42 Ireland,

914 2514 66 32 vice
998 2516 50 30 Sir
1064 2516 142 32 Edward
1223 2516 147 33 Sullivan
1384 2519 164 32 deceased.
1565 2532 5 6 *

955 2570 31 34 It
1001 2571 26 33 is
1044 2572 103 34 stated
1165 2573 69 34 that
1250 2574 226 35 Government
1491 2576 129 35 intends
1631 2584 33 28 to

914 2628 63 44 buy
1001 2632 49 31 iur
1074 2629 111 36 Prince
1212 2630 118 42 Victor,
1350 2631 102 36 eldest
1475 2646 58 22 son
1558 2636 36 33 of
1614 2636 51 35 the
1681 2628 2 44 !

916 2687 112 32 Prince
1044 2687 35 33 of
1095 2688 116 40 Wales,
1228 2702 34 20 as
1278 2702 19 21 a
1312 2701 193 32 permanent
1524 2693 90 42 place
1636 2696 35 32 of

914 2742 163 35 residence
1092 2743 32 34 in
1143 2743 141 41 Ireland,
1302 2745 54 34 the
1370 2746 182 36 celebrated
1566 2749 99 35 Brian

915 2798 105 34 Place.
1065 2799 78 34 This
1168 2801 211 43 magnificent
1401 2808 69 29 seat
1493 2803 26 34 is
1544 2804 123 37 located

914 2863 33 27 at
964 2857 26 33 N
996 2870 18 20 a
1018 2869 60 22 van
1095 2858 34 33 in
1145 2859 130 44 County
1300 2859 123 40 Meath,
1448 2860 144 37 between
1615 2865 50 33 the

916 2914 98 35 rivers
1030 2914 113 46 Boyne
1160 2915 65 36 and
1241 2916 213 38 Blackwater.

956 2973 68 33 The
1048 2974 86 33 Irish
1151 2975 97 33 Local
1269 2977 226 36 Government
1516 2982 63 33 Bill
1606 2982 61 34 will

916 3029 154 43 probably
1100 3030 37 33 be
1174 3031 190 36 introduced
1402 3046 30 22 in
1457 3036 208 37 .Parliament

916 3084 105 34 before
1046 3087 55 32 ike
1128 3086 85 34 close
1241 3088 34 33 of
1297 3088 53 35 the
1382 3099 129 36 present
1537 3095 133 35 session.

917 3143 67 33 The
1002 3155 71 22 new
1088 3144 144 35 increase
1248 3147 148 42 provides
1411 3149 49 33 for
1483 3161 17 23 a
1523 3153 148 43 properly
1682 3143 1 54 j

916 3200 123 34 elected
1062 3202 135 34 Council
1227 3203 35 34 in
1291 3204 77 34 each
1398 3213 133 38 county,
1561 3209 109 34 whose

916 3256 81 45 duty
1018 3258 27 34 it
1066 3258 83 34 shall
1174 3258 37 35 be
1228 3264 32 29 to
1276 3260 139 37 conduct
1438 3263 53 34 the
1516 3264 134 36 adminis-

917 3314 116 34 trative
1041 3314 147 35 business
1198 3315 143 36 hitherto
1350 3318 162 45 relegated
1524 3326 32 29 to
1566 3323 105 42 grand

912 3372 113 43 juries.
1070 3373 169 34 Provision
1274 3374 28 34 is
1330 3375 69 35 also
1436 3377 96 35 made
1569 3378 49 35 for
1654 3392 19 22 a

917 3427 132 34 Central
1065 3428 136 34 Council
1223 3435 35 28 at
1274 3430 134 42 Dublin,
1432 3436 33 29 to
1488 3432 38 35 be
1548 3433 123 36 elected
1682 3419 1 53 I

918 3472 42 44 by
985 3473 56 34 the
1065 3474 131 44 County
1225 3476 163 35 Couneils.
1432 3478 79 35 This
1537 3479 134 36 Council

918 3519 65 35 will
999 3519 169 43 discharge
1183 3521 55 35 the
1262 3523 162 35 functions
1439 3526 35 33 of
1493 3526 125 35 Boards
1639 3530 35 32 of

919 3567 194 39 Education,
1131 3569 112 32 Public
1260 3569 127 38 Works,
1408 3572 52 31 kt\
1510 3574 27 30 it
1556 3574 24 31 i.s
1604 3573 67 33 also

919 3612 174 36 meditated
1110 3621 32 27 to
1157 3614 126 36 abolish
1303 3616 54 34 the
1372 3617 84 35 Lord
1477 3618 195 37 Lieutenant

919 3660 64 33 and
1020 3667 106 27 create
1163 3674 19 20 a
1219 3664 170 42 Secretary
1427 3674 31 23 oi
1499 3669 90 31 Suite
1626 3669 46 31 fur

919 3706 143 41 Ireland,
1079 3706 57 36 but
1152 3707 64 35 this
1232 3709 27 34 is
1279 3709 66 35 still
1362 3709 189 37 undeci.Ui.
1597 3713 32 34 It
1645 3714 38 33 is'

920 3765 56 21 not
1006 3754 144 43 unlikely
1181 3755 70 33 that
1283 3756 52 33 the
1365 3768 147 24 measure
1544 3760 64 34 will
1634 3760 38 33 be

921 3799 114 45 passed
1052 3801 63 34 tiiis
1131 3812 87 33 year.

899 3907 203 46 THE
1170 3907 407 46 MINES.

986 4006 110 44 (Fkom
1127 4016 67 27 our
1228 4007 131 37 Mintxg
1388 4010 207 41 K.iPourmu

1347 4102 139 42 Friday,
1503 4106 86 36 June
1605 4110 29 34 5.

966 4158 132 34 United
1134 4159 268 35 Alpinjs.—The
1546 4169 130 38 general

920 4213 221 47 cieaning-up,
1177 4215 87 36 since
1300 4216 55 35 tlit
1397 4222 204 45 resumption
1645 4225 34 35 of

921 4272 155 44 crushing
1084 4274 197 43 operations,
1293 4286 65 23 wad
1371 4277 94 34 made
1473 4290 41 22 on
1528 4281 147 47 Tuesday

922 4330 73 38 List,
1018 4330 65 34 aud
1106 4330 54 34 the
1182 4330 102 35 result
1307 4341 88 25 must
1414 4336 157 45 certainly
1593 4351 40 33 go
1657 4352 19 22 a

921 4388 77 43 long
1019 4398 73 34 way
1114 4389 140 34 towards
1270 4388 151 45 bringing
1444 4393 54 34 the
1522 4406 152 35 property

921 4455 82 23 even
1018 4444 69 35 into
1102 4451 126 39 greater
1237 4447 209 44 prominence
1461 4450 81 36 than
1555 4452 119 38 before.

892 4502 1 47 ,
922 4502 65 33 For
1002 4503 80 32 1059
1098 4507 75 29 tons
1187 4503 149 41 crushed,
1352 4518 19 21 a
1387 4513 109 29 return
1512 4511 35 33 of
1560 4512 117 34 7980zs

923 4558 35 34 of
969 4558 142 36 retorted
1126 4559 75 42 gold
1216 4570 66 24 was
1295 4561 170 45 oltaiued;
1482 4566 75 35 thus
1565 4569 111 44 giving

924 4614 56 33 the
995 4614 148 45 splendid
1165 4627 135 33 average
1323 4627 32 25 or
1376 4631 75 23 over
1475 4622 120 36 15dwts
1620 4636 56 34 per

924 4675 65 32 ton.
1034 4672 41 35 In
1091 4671 56 38 the
1162 4675 100 42 mine,
1279 4676 89 36 there
1383 4678 28 34 is
1427 4692 42 23 no
1492 4680 126 47 change
1644 4692 32 28 to

924 4735 117 39 repert.
1087 4732 94 34 Since
1197 4733 62 34 last
1274 4735 87 39 visit,
1384 4749 18 22 a
1421 4739 113 45 steady
1557 4743 119 43 supply

924 4787 35 33 of
978 4793 113 38 quartz
1115 4789 59 34 has
1196 4791 80 33 been
1298 4792 78 43 kept
1399 4795 97 41 going
1525 4798 150 40 forward,

924 4843 81 35 with
1021 4845 55 33 the
1092 4847 168 43 exception
1277 4849 35 32 of
1327 4860 18 22 a
1355 4850 90 35 short
1457 4859 168 39 stoppage,
1642 4867 35 22 so

924 4912 36 23 as
975 4906 34 31 to
1024 4902 95 35 allow
1134 4902 165 44 filling-in,
1316 4907 65 33 and
1404 4907 54 35 the
1477 4910 202 47 re-blocking

925 4957 36 34 of
979 4958 91 33 main
1091 4958 96 36 shoot
1207 4960 84 34 from
1315 4963 61 35 No.
1393 4966 30 32 G.
1466 4966 53 34 All
1545 4967 56 36 the
1624 4969 55 36 old

925 5015 131 35 worked
1077 5018 127 42 ground
1225 5018 85 35 from
1336 5020 60 36 No.
1421 5025 20 32 G
1470 5026 125 41 tunnel,
1618 5028 60 35 has

892 5071 2 57 •
924 5071 82 35 been
1021 5073 148 40 filled-in,
1187 5076 64 32 and
1267 5076 55 34 the
1338 5078 104 35 whole
1458 5082 37 32 of
1503 5083 54 34 the
1569 5095 110 33 passes

925 5128 185 48 logged-up.
1155 5131 236 48 Breaking-out
1408 5145 112 37 quartz
1541 5153 67 26 was
1630 5156 31 24 re-

926 5188 115 34 sumed
1062 5201 42 22 on
1130 5190 185 46 Thursday,
1338 5206 66 22 anu
1436 5201 191 44 everything
1652 5206 28 32 is

926 5255 72 24 now
1014 5248 98 42 going
1134 5248 104 34 ahead
1254 5250 33 33 in
1311 5250 60 35 full
1394 5256 112 44 swing.
1553 5260 125 44 Stopes,

927 5304 77 33 Nos.
1020 5305 29 37 4,
1068 5306 28 38 5,
1114 5306 29 39 6,
1157 5306 29 40 7,
1201 5307 62 33 and
1276 5309 29 38 8,
1319 5320 54 23 are
1387 5311 41 35 all
1441 5312 95 47 being
1550 5319 129 35 worked

892 5361 1 51 :
925 5361 84 33 from
1039 5362 54 33 the
1122 5365 97 31 north
1249 5367 73 37 end,
1352 5379 41 21 on
1416 5372 83 40 good
1528 5374 86 34 faces
1648 5379 35 32 of

892 5418 1 53 '
926 5422 124 39 quartz,
1067 5418 55 35 the
1140 5424 90 31 itono
1247 5422 138 46 varying
1401 5424 142 40 between
1566 5434 37 32 12
1616 5437 63 34 and

892 5474 1 53 -
927 5476 39 31 28
980 5474 64 34 feet
1060 5486 117 23 across.
1222 5477 296 50 Re-construction,
1542 5490 64 34 and
1630 5503 30 24 re-

892 5531 1 60 >
926 5531 105 33 newal
1058 5532 35 33 of
1118 5533 90 33 main
1238 5534 104 46 filling
1368 5539 87 36 shaft
1484 5542 97 47 being
1610 5559 51 32 pro-

892 5587 1 61 >
926 5587 117 34 ceedod
1065 5589 79 33 with
1160 5616 6 13 ,
1212 5591 55 33 the
1290 5593 145 38 distance
1460 5608 31 25 to
1522 5606 159 42 compiet©

892 5644 1 55 ;
927 5652 30 26 to
974 5644 135 41 surface,
1127 5646 106 45 being,
1250 5649 145 38 between
1411 5657 39 33 oG
1467 5659 64 34 and
1547 5663 40 32 40
1609 5664 72 35 feet.

892 5701 1 57 )
926 5701 107 34 Burns
1056 5702 65 34 and
1135 5709 107 40 party,
1267 5708 162 43 tributers,
1453 5715 100 36 above
1576 5720 60 35 No.
1661 5724 17 34 4

925 5758 94 42 level,
1047 5761 65 35 still
1136 5761 127 47 driving
1287 5777 51 29 on,
1365 5770 64 35 and
1460 5771 222 51 blocking-out

892 5817 1 58 :
924 5817 118 34 leader.
1107 5819 33 35 It
1174 5820 93 37 looks
1304 5824 72 37 well
1419 5830 48 34 lor
1504 5832 78 38 bulk
1618 5840 64 35 and

892 5875 1 60 ,
925 5875 135 44 quality.
1125 5876 106 37 Down
1274 5886 33 29 at
1344 5883 55 36 the
1444 5887 139 48 battery,
1629 5895 53 37 Mr

892 5931 1 62 ,
924 5931 128 36 Waters
1074 5932 59 37 has
1155 5937 193 47 everything
1369 5941 34 35 in
1420 5944 64 36 fine
1507 5949 88 44 trial,
1613 5956 64 34 and

924 5989 56 35 the
997 5989 71 36 mill
1084 5992 28 34 is
1127 5994 147 44 working
1291 6008 77 34 very
1385 6003 237 50 satisfactorily.

2089 209 234 43 blocking-out,
2337 216 95 31 soath
2466 207 3 45 t

1680 263 34 32 of
1727 264 89 32 main
1832 274 84 34 pass,
1935 275 40 22 cn
1992 275 19 22 a
2027 270 150 38 compact
2201 266 68 34 reef
2288 267 145 37 between
2467 263 2 45 ]

1680 330 60 22 one
1756 320 64 32 and
1844 325 62 28 two
1925 320 62 33 feet
2010 320 100 34 thick.
2156 322 145 45 Country
2325 325 108 46 along-
2467 320 2 51 J

1680 374 65 33 side
1773 375 59 33 has
1857 375 132 34 become
2005 377 99 33 much
2129 377 130 41 harder,
2283 381 64 34 aid
2373 381 63 36 less
2468 374 1 44 1

1680 444 77 29 easy
1781 438 32 26 to
1837 431 100 33 work.
1982 433 215 44 Considering
2220 435 56 34 the
2300 447 136 26 amount
2468 431 1 46 ]

1681 485 35 36 of
1735 485 81 35 dead
1839 486 88 35 work
1951 487 180 45 performed
2156 488 107 38 before
2286 492 150 46 starting,
2468 485 1 53 i

1681 543 64 33 and
1782 544 56 33 the
1874 545 66 33 size
1977 545 36 33 of
2045 545 55 35 the
2137 548 109 43 parcel
2278 550 36 33 of
2346 556 91 29 stone
2468 539 1 52 1

1682 598 149 42 crushed,
1854 599 27 36 it
1905 612 67 24 was
2001 601 142 46 thought
2172 603 203 39 inadvisable
2407 613 33 31 to

1683 656 150 45 clean-up
1841 656 63 35 last
1911 658 128 35 month.
2084 659 136 46 Battery
2231 665 143 43 running
2382 670 56 30 ten

1683 712 99 35 hours
1798 713 110 45 a-day.

1725 789 285 34 Larxach.—The
2032 798 215 35 government
2267 805 120 33 survey
2410 798 35 34 of

1684 842 66 36 this
1785 844 126 43 ground
1943 845 56 35 has
2031 845 80 35 been
2143 848 106 41 made,
2290 852 64 35 and
2386 853 55 34 the

1684 902 180 44 promising
1900 901 139 35 features
2076 903 106 35 which
2216 906 25 34 it
2278 917 165 35 possesses

1687 959 106 33 would
1819 971 119 31 appear
1961 965 33 28 to
2017 959 38 34 be
2080 964 175 42 attracting
2278 975 90 24 some
2396 973 31 27 at-

1687 1015 124 34 tention
1839 1014 83 35 from
1946 1014 135 37 outside.
2128 1016 31 36 It
2186 1022 177 43 comprises
2389 1022 54 36 the

1687 1073 53 33 old
1758 1073 59 33 No.
1834 1077 18 30 2
1870 1073 115 43 Alpine
2001 1075 138 41 ground,
2157 1076 66 33 and
2239 1078 54 33 the
2319 1086 127 35 greater

1688 1138 71 37 part
1775 1131 34 33 of
1817 1131 87 33 what
1916 1139 64 25 was
1991 1130 55 34 the
2059 1132 102 34 South
2180 1133 135 36 British.
2340 1136 105 35 There

1688 1189 26 32 is
1738 1200 19 22 a
1778 1188 68 34 reef
1867 1189 97 32 about
1987 1190 19 31 2
2032 1188 64 35 feet
2119 1189 99 41 thick,
2242 1192 106 35 which
2377 1206 68 24 was

1688 1244 147 35 followed
1862 1245 33 33 in
1919 1245 54 33 the
1996 1244 53 35 old
2072 1246 117 34 Albion
2220 1250 124 41 tunnel,
2373 1263 72 23 now

1690 1301 61 34 No.
1769 1303 18 33 5
1805 1301 80 35 Uvel
1900 1302 36 33 of
1948 1303 54 33 the
2019 1303 138 43 Alpine;
2175 1305 55 34 the
2245 1318 88 23 same
2353 1315 91 29 stone

1690 1369 65 23 was
1771 1359 108 34 traced
1895 1359 141 43 through
2054 1360 55 35 the
2126 1361 60 34 No.
2204 1364 18 31 2
2238 1363 130 44 Alpine,
2380 1366 65 34 and

1690 1427 19 21 a
1736 1416 101 33 winze
1864 1416 83 33 sunk
1972 1428 84 33 upon
2083 1418 35 33 it.
2165 1418 40 34 In
2236 1420 128 45 driving
2393 1424 54 33 the

1691 1474 115 42 Alpine
1832 1474 58 33 So.
1915 1476 19 31 6
1950 1474 93 38 level,
2067 1477 123 32 several
2212 1479 83 40 good
2312 1479 135 44 looking
2466 1474 3 49 |

1694 1529 121 33 leaders
1838 1541 75 22 were
1938 1537 63 26 cut.
2048 1529 72 36 The
2136 1538 165 38 promoter
2327 1534 59 35 Mr.
2406 1536 40 34 D.

1694 1587 34 33 P.
1747 1588 179 37 Anderson,
1944 1599 30 22 ot
1992 1590 148 37 lieefton,
2159 1591 25 31 is
2201 1602 73 21 now
2295 1592 85 40 here,
2396 1606 35 21 en-

1692 1644 102 43 gagt-d
1811 1657 33 21 in
1860 1647 174 42 arranging
2051 1646 123 35 certain
2191 1659 172 34 necessary
2380 1662 51 32 pre-

1694 1701 178 35 liminaries
1909 1704 87 43 prior
2032 1708 32 29 to
2100 1714 285 29 eoinmencement
2421 1709 34 34 of

1695 1759 99 40 work,
1821 1760 64 34 and
1911 1762 64 33 this
2002 1767 133 29 venture
2159 1763 119 34 should
2309 1778 79 21 soon
2414 1768 38 32 be

1694 1827 120 31 among
1838 1816 54 34 the
1915 1823 86 28 most
2018 1818 103 33 active
2141 1820 102 33 mines
2266 1819 33 34 in
2317 1821 56 33 the
2391 1821 45 34 dis-

1696 1874 83 31 trict.
1827 1874 50 32 Mr
1894 1874 38 32 E.
1952 1874 49 33 W.
2027 1874 125 41 Butler,
2178 1876 91 39 C.E.,
2292 1877 59 34 has
2374 1878 80 34 been

1695 1929 143 44 engaged
1856 1939 32 24 to
1906 1930 94 34 make
2018 1943 18 22 a
2049 1931 100 37 detail
2160 1931 89 45 plan,
2263 1934 65 33 and
2337 1935 118 44 supply

1695 1987 125 32 further
1843 1988 212 34 information
2081 2001 175 31 necessary
2279 1992 50 34 for
2351 1994 104 31 future

1696 2042 196 43 operations.

1702 2149 254 50 LATEST
2024 2150 426 56 TELEGRAMS.

2122 2288 88 33 Nels
2226 2299 41 29 )N,
2285 2289 85 34 June
2388 2295 27 29 5.

1740 2339 149 36 Waimea
1913 2341 290 44 Election—Kerr,
2227 2347 81 41 253;
2337 2347 100 35 Frank-

1699 2399 55 37 lin,
1921 2399 119 41 White,
2085 2405 38 31 95
2143 2413 6 29 ;
2191 2404 167 40 Denckeiy
2397 2408 60 38 90;

1703 2455 165 44 YYastiiay,
1900 2458 59 39 GO;
1993 2457 106 46 Piper,
2130 2461 49 33 33.
2228 2460 154 47 Majority
2412 2463 48 35 for

1691 2525 100 25 .ivtM',
1810 2532 28 13 o.
1883 2517 101 31 Gre?t
2002 2517 131 34 interest
2151 2530 63 21 was
2241 2521 94 31 take**
2355 2523 32 30 in
2405 2523 54 31 the

1700 2570 161 40 Election,
1878 2573 69 32 and.
1962 2572 51 34 the
2038 2574 198 36 excitement
2258 2577 202 43 throughout

1682 2627 2 47 I
1702 2627 52 33 the
1770 2628 103 34 wiioie
1897 2629 35 34 of
1959 2630 52 33 the
2037 2632 124 36 district
2179 2644 41 24 on
2239 2634 54 35 the
2313 2635 92 39 ni<rln
2429 2638 35 34 of

1681 2673 3 20 \
1770 2686 5 5 .
2465 2673 2 20 .

1681 2685 4 42 ,
1703 2685 121 42 iKilling
1840 2685 62 36 dav
1924 2699 66 22 was
2005 2689 140 34 intense.

1681 2722 4 24 !

1742 2792 149 34 LYELL
1929 2794 249 37 LICENSING
2207 2798 212 37 DISTRICT

1938 2841 282 37 COMMITTEE.

1743 2931 67 35 The
1826 2933 121 35 annual
1969 2934 142 46 Meeting
2126 2937 36 35 of
2181 2937 64 36 this
2261 2939 198 37 Committee

1704 2990 18 19 v.
1732 2994 35 17 .is
1796 2990 8 21 i
1809 2992 27 20 its
1840 2983 30 29 id
1896 2988 32 25 at
1952 2983 54 32 the
2031 2985 231 39 Court-house,
2286 2987 104 41 Lyeil,
2418 3000 42 21 on

1710 3025 163 42 iiiuhsiluy
1889 3025 71 34 last.

1745 3083 146 39 i'lescMt,
1917 3083 119 33 Messrs
2060 3084 38 33 R.
2125 3086 49 33 W.
2195 3086 117 45 M'Coy
2340 3089 102 42 (Chair-

1705 3140 87 41 man)
1811 3138 31 35 J.
1860 3140 102 43 iidge,
1980 3141 37 32 F.
2041 3142 196 43 Feddersen,
2261 3145 32 33 J.
2318 3145 142 42 Lowick,

1705 3194 64 34 iiiid
1785 3195 37 33 T.
1840 3196 232 44 O'Caliaghan.

1746 3251 169 35 Renewals
1940 3257 31 29 ot
1994 3255 54 34 the
2065 3256 104 35 whole
2190 3258 36 34 of
2244 3259 56 34 the
2324 3261 139 33 existing

2444 3291 17 13 o

1708 3307 133 33 licenses
1858 3319 34 22 in
1909 3309 52 34 the
1980 3310 125 35 district
2119 3325 82 22 were
2214 3316 136 42 granted
2365 3327 6 29 ;
2393 3318 69 32 that

1705 3364 34 35 of
1752 3365 54 34 the
1823 3364 179 37 Alhambra
2022 3369 108 40 Hotel,
2149 3370 95 44 being
2261 3373 202 35 conditional

1706 3431 86 33 upon
1808 3421 55 34 the
1882 3422 103 34 whole
2002 3425 138 34 number
2156 3429 30 31 ot
2209 3439 110 23 rooms
2343 3430 101 44 origin-

1706 3477 65 44 ally
1796 3479 171 33 contained
1991 3481 32 33 in
2049 3483 52 33 the
2123 3483 145 47 building
2293 3486 94 45 being
2414 3488 31 33 in-

1706 3535 124 35 cluded.
1875 3536 69 34 The
1981 3540 122 33 annu.il
2141 3542 48 32 fee
2227 3543 49 32 for
2310 3544 54 33 the
2404 3547 38 30 Ac-

1705 3591 239 35 commodation
2098 3606 47 24 ior
2161 3610 53 22 cae
2232 3599 116 45 Alpine
2364 3601 98 35 Haiei

1709 3660 74 26 Wan,
1800 3661 32 21 ui
1853 3651 76 32 view
1948 3657 30 27 ul
1999 3654 52 31 the
2076 3665 112 33 sc.uily
2214 3659 190 42 population
2429 3672 33 20 in

1707 3702 55 39 the
1780 3707 142 44 vicinity,
1939 3709 137 35 reduced
2094 3712 82 35 from
2200 3714 57 39 £5,
2283 3723 31 26 to
2340 3719 41 31 Ml

1708 3772 135 24 amiUni.

1748 3820 69 35 The
1835 3820 195 46 .implication
2047 3825 33 33 of
2090 3826 37 33 A.
2144 3828 163 35 Accolino.
2324 3829 138 36 licensee

1708 3877 35 34 of
1755 3888 53 24 ine
1823 3879 177 34 Aliianibra
2021 3882 108 39 Hotel,
2147 3884 47 32 for
2210 3897 17 20 a
2252 3888 139 32 renewal
2415 3890 49 32 ior

1710 3934 154 45 premises
1887 3938 188 41 containing
2103 3942 37 31 12
2165 3953 119 27 rooms,
2318 3955 65 23 was
2408 3946 35 32 ob-

1704 3991 107 45 jected
1828 4001 32 25 lo
1878 3994 40 44 by
1934 3995 173 35 Constable
2121 3998 155 43 iiowden,
2291 3999 169 48 Inspector

1708 4053 32 32 of
1778 4050 157 36 Licensed
1965 4051 140 42 Hoases,
2133 4069 41 19 on
2207 4058 53 33 the
2298 4060 164 42 following

1708 4104 141 47 grounds

1751 4168 28 30 1.
1803 4171 20 13 ,4
1837 4166 86 33 That
1938 4168 55 32 the
2006 4168 163 34 condition
2186 4182 84 32 upon
2285 4174 107 33 which
2406 4175 55 33 the

1709 4219 119 38 license
1851 4234 65 23 was
1938 4224 147 44 granted,
2109 4225 58 36 has
2187 4236 57 28 not
2267 4229 79 35 been
2371 4233 75 32 satis-

1708 4280 148 44 iaemrily
1878 4281 135 35 fulfilled
2032 4292 5 31 ;
2054 4295 65 32 you
2142 4285 131 45 having,
2297 4288 88 34 since
2409 4289 55 34 the

1678 4336 1 53 ,
1709 4336 74 34 date
1798 4337 35 34 of
1846 4337 54 35 the
1915 4339 64 34 last
1994 4341 121 34 annual
2139 4345 154 42 meeting,
2310 4351 54 29 cut
2380 4357 84 32 your

1709 4395 138 35 licensed
1877 4396 100 35 house
2007 4399 33 32 in
2072 4406 74 33 two,
2184 4401 65 33 and
2285 4403 79 33 used
2400 4415 64 23 one

1709 4450 128 47 portion
1854 4452 127 36 thereof
1991 4464 36 24 as
2042 4466 19 23 a
2076 4454 141 48 dancing

1678 4509 1 49 i
1750 4511 30 32 2.
1805 4514 18 14 k4
1839 4509 84 35 That
1951 4521 81 33 your
2061 4513 198 45 application
2286 4516 50 34 for
2366 4527 19 24 a
2415 4528 30 24 re-

1709 4568 117 40 newal,
1842 4570 26 33 is
1884 4569 32 32 in
1933 4577 123 37 respect
2072 4573 34 32 of
2120 4583 19 23 a
2157 4571 101 36 house
2274 4574 191 46 containing

1712 4626 38 32 12
1765 4635 120 31 rooms,
1901 4626 127 34 instead
2043 4629 36 32 of

1678 4683 1 50 i
1752 4683 67 36 The
1836 4684 175 37 Constable
2027 4685 97 46 spoke
2141 4688 33 33 in
2195 4694 134 39 support
2352 4690 36 35 of
2407 4692 55 34 the

1711 4742 184 44 objections,
1912 4742 64 35 and
1991 4744 140 34 referred
2147 4749 31 30 to
2202 4746 55 34 the
2277 4747 137 35 licensee
2435 4750 33 32 of

1713 4799 53 34 the
1794 4801 155 42 premises
1978 4800 35 33 in
2042 4802 160 41 question,
2233 4803 122 45 having
2385 4805 78 34 been

1678 4856 1 49 '
1712 4856 91 34 twice
1819 4856 107 34 before
1945 4857 51 34 the
2014 4857 191 44 Magistrate
2218 4860 101 35 under
2331 4861 134 44 charges

1678 4914 1 49 ;
1712 4914 36 33 of
1766 4914 121 42 having
1909 4914 160 42 infringed
2086 4915 54 34 the
2162 4919 61 31 Act
2247 4917 42 44 by
2314 4918 152 45 allowing

1678 4972 1 47 I
1712 4972 140 43 dancing
1866 4982 42 25 on
1919 4973 128 43 portion
2060 4973 34 34 of
2104 4973 53 35 the
2171 4975 165 44 premises.
2383 4976 61 36 Con-

1678 5030 1 43 i
1712 5031 135 33 victions
1870 5030 65 34 had
1957 5036 58 29 not
2042 5031 161 42 followed,
2234 5045 34 22 as
2296 5035 54 33 the
2376 5036 87 33 R.M.

1678 5087 1 45 j
1712 5087 139 43 thought
1867 5087 54 33 the
1937 5088 134 42 penalty
2086 5089 165 43 provided,
2276 5102 52 21 ioo
2346 5103 119 22 severe.

1678 5144 1 43 ■
1712 5144 53 36 He
1801 5144 107 37 would
1945 5145 57 36 ask
2038 5146 72 35 that
2149 5147 55 36 the
2249 5151 139 35 renewal
2428 5152 37 35 be

1678 5205 2 42 ;
1712 5205 146 42 granted,
1874 5205 58 34 but
1953 5210 34 29 to
2003 5206 128 32 include
2155 5207 55 33 the
2235 5208 103 34 whole
2357 5210 36 32 of
2412 5210 54 33 the

1678 5261 1 49 ,
1712 5261 168 45 premises,
1903 5274 35 23 or
1960 5268 60 29 not
2048 5268 34 30 at
2104 5263 53 34 all.
2201 5264 69 35 The
2292 5266 175 44 Applicant

1678 5320 1 51 I
1712 5320 120 45 replied
1849 5320 40 35 he
1912 5332 67 23 was
2001 5325 57 30 not
2072 5332 106 24 aware
2194 5322 35 34 of
2247 5335 76 23 ever
2344 5324 123 47 having

1678 5379 5 33 f
1712 5378 128 43 applied
1859 5380 47 31 for
1931 5391 18 21 a
1972 5379 119 32 license
2114 5381 175 42 extending
2313 5393 76 21 over
2411 5384 55 31 the

1678 5435 1 45 I
1712 5435 104 35 whole
1842 5436 35 34 of
1900 5436 55 35 the
1983 5436 164 44 premises.
2193 5437 32 34 It
2249 5450 68 23 was
2338 5439 51 35 his
2419 5441 30 33 in-

1712 5493 126 34 tention
1847 5492 84 36 from
1944 5492 55 35 the
2009 5492 81 42 first,
2103 5498 31 29 to
2148 5500 146 37 separate
2306 5507 18 22 a
2336 5497 129 43 portion

1678 5550 1 46 ■
1713 5552 49 33 for
1783 5562 154 34 purposes
1960 5550 35 35 of
2013 5561 217 31 amusement,
2251 5553 64 35 and
2337 5554 41 34 he
2401 5555 65 34 had

1678 5609 2 41 !
1713 5610 94 40 given
1838 5610 55 33 the
1924 5609 78 34 then
2032 5609 162 34 members
2223 5610 37 33 of
2286 5610 54 35 the
2371 5612 71 33 Com-

1678 5666 2 47 .
1713 5666 112 35 mittee
1841 5671 32 30 to
1889 5666 199 35 understand
2099 5678 45 30 so,
2158 5668 194 45 personally.
2398 5670 69 34 The

1678 5724 1 46 t
1714 5724 89 44 place
1827 5736 64 24 was
1913 5725 181 44 altogether
2120 5734 54 26 too
2199 5725 99 45 large,
2322 5727 65 34 and
2411 5728 54 35 the

1678 5783 4 45 i
1713 5784 89 34 hotel
1817 5784 236 44 requirements
2070 5783 35 35 of
2126 5783 56 36 the
2199 5784 123 36 district
2338 5786 56 35 did
2408 5792 59 30 not

1678 5842 3 45 i
1712 5842 82 34 need
1823 5854 35 23 so
1888 5852 102 34 many
2020 5852 119 24 rooms.
2183 5842 42 34 At
2262 5854 20 23 a
2317 5845 150 42 previous

1678 5899 4 45 :
1714 5899 173 45 Quarterly
1903 5899 153 45 Meeting,
2073 5899 41 34 he
2130 5899 66 34 had
2215 5900 130 44 applied
2359 5901 49 35 for
2423 5914 42 22 an

1678 5955 1 46 .
1714 5961 166 32 extension
1903 5957 35 36 of
1956 5955 195 42 time,—viz.
2174 5957 87 35 from
2285 5959 39 34 10
2347 5959 47 35 till
2418 5961 49 40 12,

1696 6003 4 57 '
1713 6016 174 43 midnight.
1933 6014 79 34 This
2026 6026 66 23 was
2109 6015 145 43 strongly
2268 6017 142 42 opposed
2424 6017 43 43 by

2466 216 55 33 the
2537 217 116 40 Police,
2671 229 42 22 on
2729 219 55 33 the
2801 219 141 40 grounds
2959 220 73 32 that
3048 219 55 32 the
3123 219 102 31 house

2467 271 66 37 had
2548 273 81 36 been
2642 274 141 42 divided,
2796 275 66 35 and
2869 276 80 35 then
2964 275 78 45 only
3052 273 175 37 contained

2467 330 20 32 8
2511 339 120 24 rooms.
2676 330 69 35 The
2768 331 162 45 objection
2953 343 66 23 was
3041 329 187 38 over-ruled

2468 384 45 45 fcy
2526 386 56 33 the
2600 386 207 40 Committer,
2832 389 74 34 wh#
2925 389 135 34 decided
3076 389 72 35 that
3170 388 56 35 the

2469 431 139 34 reduced
2617 435 141 32 number
2770 436 36 32 of
2815 447 107 21 rooms
2936 436 166 32 furnished
3115 435 110 42 ample

2470 478 281 35 accommodation
2769 483 48 32 for
2834 480 52 34 the
2904 491 54 24 u.se
2975 483 33 32 oi
3028 481 54 34 the
3106 480 120 45 public,

2469 522 58 34 but
2550 534 43 23 no
2613 525 113 34 record
2750 527 36 33 of
2808 527 84 33 their
2920 527 143 35 decision
3095 529 35 31 in
3161 527 66 33 this

2471 575 133 38 respeet,
2652 570 64 35 had
2758 572 81 34 been
2886 572 152 36 recorded
3083 585 43 22 on
3172 572 54 35 the

2471 616 163 41 minutes;
2657 618 65 34 and
2745 619 40 33 he
2810 620 105 34 would
2939 621 95 33 claim
3052 621 71 33 that
3147 620 77 34 such

2473 660 46 34 hn
2542 663 155 34 omission
2723 664 116 35 should
2856 673 57 28 not
2936 666 37 35 be
2997 667 77 33 used
3102 666 126 41 against

2473 706 71 33 him
2560 708 93 34 when
2671 710 40 33 he
2728 711 65 33 had
2809 712 80 33 been
2906 720 33 27 at
2962 724 19 22 a
3003 724 91 30 great
3116 714 112 36 outlay

2474 758 33 30 to
2533 755 116 43 supply
2673 768 17 22 a
2714 757 89 44 place
2827 759 34 33 of
2883 769 206 25 amusement
3115 761 30 32 in
3175 760 53 33 the

2474 800 173 44 township.
2694 804 185 43 (Applicant
2895 805 97 33 asked
3010 814 31 24 to
3066 807 82 31 iiuve
3174 806 53 32 the

2474 854 109 35 report
2595 858 35 23 ce
2646 861 6 19 i
2660 849 211 42 t.ainingsuch
2881 863 18 22 o
2905 849 3 46 :
2916 852 15 42 -j
2937 852 104 34 action
3054 851 174 44 produced,

2476 890 57 34 but
2549 899 26 26 it
2591 893 92 32 coui.l
2700 903 57 26 not
2774 896 36 33 he
2829 898 122 41 found).

2520 936 52 35 Mr
2595 939 131 35 Lowick
2749 943 97 33 asked
2863 944 23 33 it
2904 945 52 32 the
2983 945 108 38 house,
3116 958 35 20 as
3175 957 36 30 ap-

2478 981 85 44 plied
2591 984 58 32 for.
2681 997 65 22 was
2772 997 56 22 not
2850 990 33 31 in
2907 989 137 44 keeping
3069 991 77 32 with
3175 990 55 33 the

2479 1029 70 39 Act,
2566 1040 34 23 as
2615 1032 155 43 regarded
2791 1035 292 40 accommodation,
3104 1038 54 34 but
3175 1037 54 34 the

2478 1081 120 27 matter
2627 1078 122 40 having
2771 1080 79 33 been
2874 1084 186 41 previously
3085 1084 146 31 resolved

2480 1131 97 33 upon,
2594 1124 94 33 could
2711 1132 57 26 not
2789 1125 37 34 be
2850 1129 184 42 re-opened.
3081 1130 152 32 Renewal

2480 1168 146 39 granted,
2665 1169 56 35 but
2758 1183 42 22 on
2843 1174 166 35 condition
3054 1176 102 33 whole
3201 1176 36 33 of

2481 1214 155 40 premises
2653 1222 88 29 must
2758 1218 35 33 be
2811 1220 161 34 included.

822 63 135 46 TUK
1028 64 215 46 LYELL
1315 63 218 56 TIMES,
1607 68 365 55 SATU'DVY,
2045 71 151 56 )JJ.<
2276 77 37 45 0.
2391 80 122 59 ISSS.

162 342 164 36 NOTICE
353 344 56 35 TO
434 346 372 41 LEASEHOLDERS.

285 436 218 35 DOUBLED
527 440 157 35 RENTS.

297 527 119 36 Crown
431 529 111 36 Lands
557 532 111 34 Office.

397 574 134 43 Nelson,
547 576 85 36 June
647 580 132 38 1,1885.

111 631 250 79 Holders
390 632 36 35 of
449 633 169 35 leases
647 636 36 34 of
705 637 157 34 crown

228 677 146 34 LANDS
400 689 53 23 are
482 681 170 34 reminded
675 682 73 35 that
777 684 86 33 ALL

113 723 143 34 hi.NTS
280 723 94 35 DUE
399 724 121 34 MUST
541 727 57 32 BE
624 728 106 33 PAID
753 734 33 30 to
809 729 55 35 the

113 769 155 35 LV-eiver
282 769 35 36 of
329 769 94 35 Land
437 771 167 41 Revenue,
620 774 147 40 Nelson,
784 787 35 22 or
831 781 34 28 to

111 817 54 31 the
199 816 96 33 Local
324 816 94 33 Land
445 816 127 41 Offices,
602 823 35 29 at
665 819 200 38 Westport,

112 863 153 39 Ahaura,
288 862 65 34 and
375 862 170 40 Reefton,
562 875 42 22 on
621 876 38 23 or
681 865 105 35 before
809 868 55 33 the

114 908 76 34 oOtli
205 908 16 34 J
230 918 73 31 uue,
318 911 33 31 to
367 918 75 24 save
459 908 108 35 Fines.

264 954 184 34 ALFRED
471 955 311 42 GREENFIELD,

291 998 257 36 Commissioner
562 1001 35 34 of
609 1002 118 34 Crown
743 1002 121 35 Lands.

113 1254 103 33 NEW
240 1254 208 34 ZEALAND
466 1255 317 34 GOVERNMENT
801 1256 42 34 IN-

222 1312 205 35 SURANCE
444 1312 306 36 ASSOCIATION.

136 1425 28 33 A
188 1426 27 32 >7
235 1425 181 34 AGENCY
427 1425 36 34 of
470 1426 54 34 the
534 1426 100 35 aboye
645 1427 219 34 Association

230 1484 63 32 will
324 1483 36 34 be
398 1495 82 31 open
517 1496 35 21 as
589 1485 79 32 from
701 1484 53 33 the
786 1484 77 33 20tli

119 1539 146 42 APRIL,
297 1541 89 38 1885,
411 1543 34 32 at
468 1539 54 37 the
554 1540 106 36 POST
694 1540 174 40 OFFICE,

116 1597 251 35 LONGFORD.

157 1654 288 35 Policy-holders
467 1655 141 42 wishing
632 1663 33 28 to
696 1668 62 32 pay
781 1656 85 34 their

113 1722 180 35 premiums
308 1717 35 31 at
357 1712 55 36 the
428 1713 99 35 above
545 1713 110 41 Office,
672 1726 61 22 can
752 1715 111 33 obtain

115 1771 53 33 the
193 1782 167 31 necessary
382 1771 100 34 forms
505 1773 36 32 of
557 1773 197 42 application
777 1773 86 33 from

118 1826 54 34 the
190 1826 206 35 Postmaster.

429 1894 39 33 D.
494 1894 45 34 M.
564 1895 182 41 LUCKIE,

371 1952 117 45 Acting
505 1953 139 35 General
661 1954 165 43 Manager.

118 2052 92 34 TilK
249 2053 230 36 NATIONAL
516 2055 121 33 BANK
676 2056 55 34 OF
769 2056 104 34 NEW

264 2133 218 38 ZEALAND,
516 2134 208 33 LIMITED.

123 2269 143 69 rpiIIS
305 2270 120 33 BANK
456 2272 66 32 will
554 2273 36 33 be
621 2273 183 33 OPENED
843 2278 31 29 to

261 2340 92 36 BUY
390 2341 120 35 GOLD
548 2345 64 33 and
648 2344 229 36 TRANSACT

122 2421 215 34 GENERAL
393 2423 209 34 BANKING
655 2426 224 33 BUSINESS

119 2508 34 25 at
185 2500 92 42 Lyell
309 2513 41 22 on
382 2502 247 41 SATURDAY,
659 2505 55 33 Gtli
746 2506 131 39 JUNE,

118 2573 103 34 under
235 2575 52 33 the
301 2575 117 43 charge
434 2585 32 24 ol
482 2576 55 34 the
551 2577 138 34 Keeltou
705 2579 170 43 Manager,

123 2653 25 34 1.
168 2654 121 34 Lewis.

513 2736 49 35 W.
589 2737 200 39 DYMOCK,

652 2815 183 40 Inspector.

197 2925 214 51 BANK
464 2928 343 49 NOTICE.

129 3098 131 33 ITIIIE
278 3099 123 34 BANK
415 3099 37 36 of
463 3100 104 35 NEW
589 3102 210 34 ZEALAND
819 3103 63 33 will

238 3177 39 34 be
299 3190 84 29 open
405 3183 34 30 at
461 3180 157 40 LYELL,
651 3194 41 21 on

129 3268 101 42 DAY,
252 3270 57 34 Gtli
335 3270 129 40 JUNE,
489 3276 32 29 to
551 3272 91 34 BUY
668 3274 117 33 GOLD
814 3274 64 34 and

128 3363 144 33 transact
322 3361 214 35 GENERAL
593 3364 290 37 BANKING

127 3448 231 40 BUSINESS,
390 3450 102 35 under
522 3452 53 34 the
611 3453 116 42 charge
766 3454 35 34 of
831 3455 53 35 Mr

130 3539 191 34 PICKETT
339 3541 83 34 from
439 3541 206 36 REEFTON
668 3545 192 34 AGENCY.

472 3632 38 34 A.
536 3632 261 42 PICKERING,

722 3720 116 43 Agent.

214 3776 94 33 Bank
325 3777 35 33 of
372 3778 79 34 New
467 3779 153 42 Zealand,

173 3860 149 39 Reefton,
338 3863 77 32 00th
432 3864 88 41 May,
539 3866 88 36 1833.

134 3961 246 44 Licensing
411 3972 206 35 district
652 3977 54 32 of
741 3977 118 34 iiamp-

453 4037 104 37 den.

136 4147 114 35 Notice
266 4149 35 34 of
311 4150 204 44 Application
531 4154 48 33 for
594 4167 42 21 an
647 4155 211 36 Accommoda-

396 4214 67 36 tion
480 4215 145 37 License.

137 4325 43 75 J
227 4328 180 36 GEORGE
432 4332 160 34 HENRY
618 4334 205 41 TROWER,
852 4334 35 34 of

186 4385 10 28 J
248 4387 100 34 Owe®
364 4388 107 41 River,
487 4390 41 34 do
543 4391 121 43 hereby
683 4393 72 40 give
779 4393 108 33 notice

135 4448 72 36 that
231 4450 16 33 I
269 4449 103 36 desire
387 4455 33 31 to
441 4452 121 41 obtain,
586 4453 65 35 and
674 4453 75 39 will,
775 4457 35 31 at
834 4453 54 36 the

133 4516 78 31 next
232 4513 172 46 Licensing
420 4516 155 44 Meeting,
591 4521 34 28 to
643 4516 39 35 be
707 4516 122 35 holden
856 4521 34 30 at

134 4574 201 42 Murchistn,
351 4588 42 23 on
409 4577 55 35 the
479 4578 57 34 9th
553 4578 65 44 day
633 4579 35 33 of
680 4579 98 40 June,
794 4580 92 39 1885,

134 4637 98 46 apply
259 4638 50 34 for
337 4650 20 23 a
384 4639 174 35 certificate
595 4640 205 45 authorising
830 4639 56 35 the

135 4702 86 36 issue
233 4702 37 35 of
277 4714 43 25 an
331 4704 291 36 Accommodation
633 4705 112 34 House
758 4705 133 40 license,

135 4765 50 34 for
199 4767 156 43 premises
370 4767 142 34 situated
527 4772 34 29 at
576 4768 101 33 Owen
694 4768 111 33 River.

176 4828 108 34 Dated
298 4829 67 33 this
380 4829 77 34 12th
473 4829 64 44 day
551 4829 36 33 of
600 4829 88 43 May,
706 4831 91 32 1885.

219 4890 182 35 GEORGE
424 4892 162 34 HENRY
610 4892 205 40 TROWER,

664 4953 185 45 Applicant.

177 5014 101 36 Owen
294 5015 108 42 River,
419 5016 77 36 11th
514 5017 90 44 May,
622 5017 91 35 1815.

2523 1310 196 37 TOWLK'S
2742 1315 461 37 rKNNYIi()YAL&STKtf
3214 1321 21 31 f,

2484 1355 126 35 PILLS
2629 1358 52 32 I<)
2690 1360 23 31 ft
2731 1361 209 34 FEMALES
2961 1377 20 30 q
2996 1365 94 34 a,:kiv
3206 1376 30 24 rt

2484 1402 41 33 all
2542 1404 236 38 irregUiaritiu-.,
2797 1422 64 19 aii.t
2880 1410 113 32 reinjvw
3019 1413 52 30 the
3089 1413 97 32 disiro
3213 1434 19 6 >-

2485 1449 54 39 ing
2554 1460 181 33 symptoms
2751 1465 34 20 ho
2803 1456 161 40 prevahmt
2991 1458 73 31 with
3092 1459 52 32 the
3169 1471 65 20 st;x.

2486 1496 103 30 Boxes
2606 1498 32 29 Is
2660 1498 56 31 Ud
2733 1499 63 31 and
2812 1502 18 29 2
2834 1513 13 17 s
2863 1501 63 37 yd.,
2949 1504 35 29 of
3003 1503 40 31 ;iil
3064 1504 172 32 Chemists.

2486 1540 157 45 Prepared
2661 1542 77 41 only
2755 1543 42 44 by
2822 1545 37 33 ft.
2878 1546 33 32 T.
2934 1547 118 40 Towle,
3078 1549 158 40 Chemist,

2488 1587 226 43 Nottingham,
2739 1591 162 38 England.
2953 1595 177 34 Wholesale
3146 1601 32 29 ot
3195 1600 41 30 nil

2485 1632 54 33 the
2568 1634 179 35 Wholesale
2772 1637 139 35 Houses,
2956 1641 46 32 lie
3008 1653 81 23 ware
3113 1646 33 31 of
3174 1645 42 31 Im-

2485 1679 143 34 itations.

2489 1778 173 33 UNITED
2681 1781 166 32 ALPINE
2873 1783 174 40 QUARTZ
3072 1787 169 34 MINING

2643 1841 223 42 COMPANY,
2887 1844 204 36 LIMITED.

2509 1965 80 40 AT
2614 1978 19 21 a
2657 1967 145 44 Meeting
2825 1973 29 29 oi
2881 1970 175 40 Directors,
3079 1974 76 32 held
3182 1976 63 32 this

2606 2028 73 43 day,
2704 2040 17 22 a
2746 2030 230 35 DIVIDEND
3009 2035 66 40 (the
3106 2037 86 42 12th)
3218 2039 34 32 of

2493 2090 87 33 SIX!
2603 2093 113 33 viNCE
2741 2105 57 31 per
2820 2095 94 33 share
2944 2098 135 39 (82,000)
3106 2111 64 20 was
3195 2101 34 32 de-

2493 2151 118 35 clared.
2650 2153 64 34 and
2753 2154 95 35 made
2887 2156 205 36 PAYABLE
3125 2166 32 28 at
3195 2161 55 35 the

2493 2217 200 43 Company's
2724 2219 110 39 Office,
2864 2221 103 42 Lyell,
2999 2234 39 21 on
3072 2225 64 33 and
3167 2227 81 32 after

2497 2280 198 41 MONDAY,
2712 2283 55 32 the
2784 2284 56 33 Bth
2859 2284 62 43 day
2939 2286 34 32 of
2988 2286 130 41 JUNE,
3138 2290 88 32 1885.

2826 2345 149 37 JAMES
3000 2349 165 40 INGLIS,

3042 2415 166 41 Manager.

2535 2471 105 45 Lyell,
2657 2471 64 35 2nd
2737 2472 97 40 June,
2854 2475 90 34 1885.

2476 2525 2 15 i
2787 2535 84 4 —.—

2493 2570 297 35 APPLICATION
2803 2572 87 34 FOR
2904 2574 184 35 SPECIAL
3098 2578 150 35 CLAIM.

2494 2664 153 35 District:
2673 2664 120 36 Nelson
2812 2666 198 37 South-west
3028 2671 187 36 Goldfields.

2742 2712 83 34 Date
2876 2714 75 32 26th
2972 2716 86 40 May,
3078 2719 88 31 18S5.

2619 2766 46 33 To
2681 2777 66 22 the
2765 2769 151 32 Warden
2934 2782 39 21 at
2991 2773 120 32 Lyell.

2495 2823 42 34 T
2555 2822 187 36 HEREBY
2767 2826 98 43 apply
2888 2827 48 33 for
2952 2840 18 22 a
2993 2830 125 43 Special
3142 2832 105 34 Claim

2582 2874 28 29 el
2629 2871 54 33 the
2699 2872 94 32 lands
2808 2873 199 35 hereinafter
3022 2877 175 39 described,
3212 2881 33 31 in

2495 2916 195 36 accordance
2714 2919 79 34 with
2817 2919 55 35 the
2895 2922 78 34 93rd
2993 2932 121 26 section
3137 2926 36 33 of
3192 2926 54 34 the

2477 2965 2 45 j
2533 2965 103 33 Mines
2653 2966 70 34 Act,
2874 2968 34 32 of
2923 2970 77 31 New
3015 2971 152 39 Zealand,
3182 2973 65 34 and

2477 3010 2 49 ;
2495 3010 16 31 I
2528 3021 105 31 agree,
2650 3021 87 32 upon
2754 3012 54 33 the
2824 3015 154 40 approval
2989 3017 34 31 of
3029 3017 65 31 this
3106 3019 121 40 applica-

2477 3056 3 49 j
2496 3064 78 29 t'.on,
2602 3064 32 23 to
2663 3063 111 35 accept
2800 3059 54 31 the
2880 3060 125 41 Special
3032 3061 103 34 Claim
3161 3074 87 31 upon

2495 3100 54 34 the
2566 3100 86 34 basis
2674 3102 125 33 therein
2818 3104 115 36 stated,
2955 3106 27 33 if
3001 3106 54 34 the
3080 3109 168 35 Governor

2496 3147 83 34 shall
2595 3149 94 33 think
2706 3148 36 35 fit
2759 3155 31 28 to
2807 3159 93 33 grant
2921 3152 53 33 the
2994 3164 98 23 same.

2789 3196 145 34 JAMES
2959 3198 166 38 INGLIS,

2725 3240 167 46 Manager.
2909 3245 112 33 Victor
3037 3247 163 34 Emanuel

2725 3288 120 42 Quartz
2871 3290 127 45 Mining
3017 3294 181 43 Company,

2725 3334 153 36 Limited.

3026 3387 186 42 Applicant.

2539 3471 106 35 Name
2662 3472 65 33 and
2749 3473 132 34 address
2897 3476 34 32 in
2949 3475 56 34 fall
3029 3478 34 31 of
3083 3480 172 43 Applicant

2622 3520 153 34 —Victor
2793 3521 164 35 Emanuel
2982 3523 119 42 Quartz
3128 3525 127 42 Mining

2622 3567 181 41 Company,
2833 3568 149 37 Limited,
3001 3572 112 31 James
3142 3573 110 39 Liglis,

2624 3611 166 44 Manager.

2540 3659 59 41 Sty
2649 3661 102 31 under
2768 3661 104 33 which
2889 3663 24 31 it
2930 3664 25 31 is
2968 3666 196 32 intended»o
3180 3678 54 21 con-

2622 3711 77 28 (iuH
2709 3706 53 34 tile
2772 3706 193 35 Business—
2978 3709 105 36 Victor
3095 3712 157 36 Emanuel

2622 3755 26 38 Q
2664 3763 57 21 ran
2728 3764 14 20 a
2763 3753 126 41 Mining
2906 3756 179 43 Company,
3109 3760 54 31 Ld.

2539 3798 123 34 Extent
2699 3798 35 33 of
2766 3800 124 41 groand
2930 3802 104 44 applie
3048 3803 11 33 1
3106 3805 47 33 for
3162 3809 93 31 —SJ

2623 3855 105 28 neres;
2753 3847 168 39 including
2938 3850 53 30 t!ie
3007 3859 128 32 present
3153 3853 101 32 Lease

2622 3890 35 33 of
2694 3893 55 32 I(3t
2780 3903 101 29 acres,
2913 3905 71 22 now
3016 3896 74 33 held
3125 3897 38 43 by
3199 3898 55 32 the

2622 3937 183 43 Company.

2541 3982 178 35 Minimum
2735 3984 139 33 number
2888 3986 35 32 of
2937 3997 75 23 men
3036 3990 160 43 proposed
3219 3995 34 28 to

2623 4028 37 35 be
2685 4030 172 46 employed
2885 4032 42 43 by
2951 4034 53 35 the
3029 4035 226 38 Lessee—For

2623 4076 55 32 the
2705 4079 71 30 first
2800 4080 111 30 twelve
2943 4082 133 31 months
3106 4085 19 29 4
3156 4094 75 21 men
3246 4095 7 27 ;

2622 4120 243 47 subsequently,
2883 4123 93 35 who*
2994 4125 34 35 in
3039 4127 56 34 full
3112 4128 89 35 work
3214 4131 38 33 12

2623 4178 88 22 men.

2539 4213 148 36 Amount
2709 4214 36 34 of
2764 4214 117 44 capital
2904 4218 160 45 proposed
3090 4224 31 31 to
3146 4221 36 35 be
3207 4223 30 34 in-

2622 4262 305 41 vested—-£lO/250.

2540 4306 164 45 Proposed
2728 4308 94 35 mode
2839 4311 34 32 of
2893 4310 145 44 working
3057 4313 54 34 the
3135 4315 120 35 land—

2623 4353 163 45 Ordinary
2802 4356 95 34 mode
2919 4358 32 33 of
2965 4364 113 38 quartz
3096 4362 136 42 mining.
3250 4363 5 5 '

2541 4400 126 33 Precise
2710 4401 258 44 locality—New
3008 4406 114 39 Creek,
3160 4409 95 42 Lyell

2623 4445 147 35 District.

2540 4492 94 33 Term
2657 4493 49 32 for
2728 4492 107 35 which
2859 4495 84 34 lease
2970 4497 27 33 is
3020 4499 234 43 required—ls

2622 4550 105 31 years.

2540 4584 93 35 Time
2655 4584 35 33 of
2705 4588 229 39 commencing
2956 4591 274 37 operations—lm-

2623 4630 177 45 mediately
2809 4633 128 43 Special
2949 4634 104 35 Claim
3067 4637 27 33 is
3107 4640 147 40 granted.

2542 4678 139 35 General
2693 4677 272 38 Remarks.-The
2977 4683 176 46 Applicant)
3165 4687 91 35 seeks

2624 4727 49 32 for
2695 4738 18 21 a
2730 4727 124 42 Special
2873 4728 115 39 Claim,
3008 4731 168 44 including
3198 4734 56 33 the

2623 4777 130 37 present
2782 4772 102 35 Lease
2915 4774 36 34 of
2980 4778 57 40 16£
3061 4788 89 23 acres
3180 4790 75 23 now

2623 4816 75 34 held
2713 4818 43 42 by
2768 4817 56 34 the
2837 4819 182 45 Company.
3063 4823 69 33 The
3142 4826 92 42 Appli-

2624 4870 75 26 cant
2721 4864 67 33 also
2812 4864 90 34 seeks
2925 4877 17 22 a
2960 4866 168 35 reduction
3145 4870 36 33 of
3199 4871 56 34 the

2624 4917 71 25 rent
2718 4912 82 31 from
2824 4912 56 32 20s
2904 4922 56 32 per
2977 4924 84 29 acre,
3085 4918 33 30 to
3141 4918 35 31 5s
3198 4928 58 32 per

2624 4965 82 28 acre,
2724 4955 64 32 and
2804 4957 88 41 gives
2907 4968 35 22 as
2953 4968 18 22 a
2983 4969 115 23 reason
3113 4960 47 33 for
3173 4964 81 33 such

2624 5000 179 43 reduction,
2817 5002 72 35 that
2904 5003 53 36 the
2970 5005 173 45 Company
3154 5007 27 35 is
3196 5018 59 27 not

2625 5059 17 21 a
2667 5059 192 31 prosperous
2890 5050 181 45 Company,
3102 5057 64 31 and
3198 5058 57 33 has

2627 5093 130 32 worked
2779 5094 55 33 the
2850 5096 126 41 ground
2991 5098 49 31 for
3056 5110 89 23 some
3161 5113 96 32 years

2625 5138 139 37 without
2800 5152 65 33 any
2901 5146 148 40 returns;
3081 5145 77 43 also,
3196 5149 59 36 has

2626 5195 93 34 spent
2756 5199 40 21 an
2833 5200 174 23 enormous
3043 5200 138 27 amount
3224 5199 35 31 of

2625 5243 121 32 money
2761 5233 32 32 in
2810 5237 207 40 prospecting
3040 5238 33 32 in
3090 5250 18 22 a
3128 5246 73 37 part
3224 5245 35 32 of

2624 5279 55 34 the
2703 5283 148 40 country,
2878 5292 76 32 very
2981 5283 135 36 difficult
3147 5288 35 33 of
3203 5301 32 22 ac-

2624 5337 78 23 cess.

2542 5417 68 34 The
2634 5416 100 36 above
2757 5418 197 43 application
2974 5421 64 33 and
3061 5434 66 33 any
3149 5426 86 45 objec-

2500 5466 68 30 tion
2586 5465 125 32 thereto
2727 5465 66 31 will
2810 5465 38 33 be
2858 5465 100 33 heard
2969 5472 34 28 at
3013 5468 55 33 the
3082 5470 173 38 Warden'»

2501 5510 99 33 Office
2617 5515 32 29 at
2665 5509 105 44 Lyell,
2787 5522 42 22 on
2845 5510 219 47 Wednesday,
3084 5517 57 33 Bth
3163 5518 91 45 July,

2541 5604 74 42 Any
2638 5614 116 30 person
2781 5602 141 43 desiring
2947 5613 32 26 to
3006 5606 105 44 object
3135 5621 33 21 to
3198 5613 56 33 the

2500 5648 85 34 issue
2612 5650 35 32 of
2667 5660 18 22 a
2707 5649 126 44 mining
2853 5650 85 34 lease
2961 5661 89 34 upon
3074 5654 54 35 the
3153 5656 102 37 abeve

2465 5694 2 54 '
2500 5694 196 44 application
2720 5701 97 33 must,
2845 5696 116 35 within
2991 5700 40 31 30
3061 5701 85 34 clear
3175 5704 80 44 days

2465 5740 1 50 1
2500 5740 84 35 from
2605 5741 56 35 the
2685 5741 73 35 date
2774 5741 34 36 of
2829 5743 79 35 such
2930 5743 210 47 application,
3165 5758 90 29 enter

2465 5788 2 46 :
2500 5788 52 34 his
2578 5788 161 46 objection
2762 5798 34 26 at
2818 5792 56 33 the
2897 5791 172 37 Warden's
3096 5796 99 36 Offic*
3221 5806 34 27 at

2465 5835 2 42 2
2500 5835 106 42 Lyell.

2827 5884 117 33 JOHN
2970 5887 162 42 TERRY,

2972 5932 61 35 Pro
3060 5934 154 38 Warden.

2465 5975 2 42 '
2585 5975 172 36 Warden's
2773 5976 111 41 Office,

2465 6023 2 44 r
2546 6023 103 42 Lyell,
2666 6024 78 36 2Gtli
2761 6024 88 43 May,
2868 6027 90 33 188#.
