2550 4010
44 133 69 22 stand
122 132 49 22 that
181 131 38 22 the
228 132 47 21 loss
284 131 26 21 of
316 133 59 19 most
384 130 27 22 of
418 129 63 22 these
490 136 93 20 persons
594 129 45 21 will

44 159 29 22 be
84 166 14 14 a
107 159 50 27 gain
169 162 24 18 to
204 159 38 21 the
253 157 134 26 settlement,
408 164 25 14 as
442 156 54 27 they
514 163 38 14 are
569 155 70 21 noted

43 186 38 21 for
89 185 103 27 laziness,
213 185 46 21 and
275 184 44 22 will
329 183 46 22 find
386 183 49 21 that
444 182 53 27 they
507 185 85 19 cannot
600 185 39 23 get

44 213 25 20 in
81 211 51 22 Van
143 211 118 23 Dieman's
270 210 65 22 Land
350 210 33 21 six
394 209 102 26 shillings
512 216 14 14 a
543 208 44 27 day
603 209 36 21 for

45 239 102 26 working
154 243 59 17 most
220 236 151 27 indifferently
379 236 57 22 from
444 242 68 15 seven
519 235 59 21 until
586 235 51 21 five.

44 264 44 22 We
107 265 87 22 believe
213 264 49 22 that
279 263 36 21 the
333 263 55 21 New
400 262 70 22 South
481 261 75 23 Wales
574 261 65 21 Laws

43 291 76 22 forbid
129 294 93 19 masters
232 291 26 21 of
272 290 59 27 ships
343 289 104 27 carrying
456 295 63 20 away
535 287 102 26 debtors;

44 317 48 23 and
101 318 21 21 if
138 317 44 23 tHis
199 317 29 22 be
248 320 55 22 true,
324 323 33 14 we
375 322 61 15 warn
448 315 60 22 them
526 314 49 22 that
594 315 44 21 Mr.

45 344 100 27 Murphy
155 345 19 21 is
183 347 41 18 not
234 350 14 14 a
257 342 129 28 magistrate
403 342 50 22 who
469 341 45 21 will
526 341 65 21 allow
601 341 38 21 the

42 370 45 23 law
97 374 23 18 to
129 371 28 21 be
168 370 75 22 trifled
258 369 59 22 with.
348 369 42 21 Let
407 369 63 21 those
487 367 112 22 members
616 368 27 21 of

44 398 39 21 the
95 397 101 26 working
206 397 57 21 class
270 403 44 20 pay
322 395 58 22 their
387 395 71 26 debts,
470 394 46 22 and
522 402 28 19 go
559 394 21 21 if
586 394 52 27 they

44 424 46 22 will
98 428 23 17 to
128 423 52 22 Van
188 423 117 22 Dieman's
314 422 64 22 Land
385 430 24 14 or
416 422 56 21 New
479 421 70 21 South
555 420 84 22 Wales.

44 449 44 23 We
98 450 56 22 shall
161 451 29 21 be
199 450 50 22 well
258 449 35 23 rid
300 449 26 21 of
332 456 93 20 persons
433 452 40 18 not
480 447 98 22 satisfied
587 447 53 21 with

44 477 39 22 the
94 481 91 23 present
194 480 48 18 rate
253 477 26 21 of
288 483 74 19 wages
371 475 46 22 and
432 475 114 21 moderate
563 474 76 21 hours.

43 503 50 22 The
104 503 63 22 other
179 503 103 22 Colonies
293 503 45 21 will
353 503 29 21 be
399 509 30 14 no
446 501 89 27 gainers
550 500 32 27 by
598 501 31 21 im

43 531 92 26 porting
143 538 93 19 persons
247 536 24 15 so
281 529 170 26 unreasonable,
471 527 65 22 while
547 527 53 27 they
609 527 31 27 by

42 557 62 21 their
114 557 86 26 change
211 557 26 21 of
244 556 96 27 position
350 556 23 21 in
385 555 85 27 society
481 554 45 21 will
534 558 62 17 meet
601 554 39 20 the

41 583 149 28 punishment
197 583 74 22 which
279 583 29 21 all
315 582 54 22 here
376 585 62 19 must
445 581 44 21 feel
495 581 19 21 is
522 580 59 22 their
589 580 50 22 due.

70 640 110 27 To-day's
188 648 71 19 paper
270 639 103 22 contains
383 639 40 21 the
432 638 49 22 first
496 640 51 25 part
565 637 26 21 of
602 637 39 22 the

43 679 78 24 report
127 679 21 19 to
155 676 39 22 the
200 675 223 28 Surveyor-General
429 675 29 26 by
465 674 37 21 the
509 674 131 27 expedition

42 712 76 23 which
136 712 126 28 proceeded
272 716 21 18 to
310 711 120 22 Taranaki.
466 710 49 23 The
531 714 77 24 report
623 711 19 21 is

43 749 27 22 of
82 749 154 22 considerable
248 748 85 27 length,
345 748 45 21 and
406 755 15 14 a
434 747 62 27 large
511 747 91 27 portion
620 747 26 21 of

42 785 39 23 the
92 790 95 23 country
198 788 22 19 to
232 785 72 22 which
314 785 19 21 it
342 784 69 22 refers
421 784 41 22 has
472 783 93 28 already
582 783 58 22 been

42 821 117 23 described
169 821 31 28 by
211 821 26 23 E.
248 821 22 22 J.
282 821 134 26 Wakefield,
429 821 53 27 Esq.
491 828 5 19 ;
517 820 43 22 but
569 828 24 14 as
604 820 39 21 the

44 858 124 23 document
184 859 19 22 is
220 857 126 23 connected
362 857 46 22 and
427 856 87 28 official,
535 864 33 14 we
585 856 58 22 have

44 895 143 22 determined
204 898 23 19 to
242 895 51 27 give
309 895 38 21 the
366 893 71 23 whole
455 894 116 21 insertion.
601 893 42 21 We

43 931 61 29 hope
115 936 22 18 to
146 936 39 23 get
195 933 38 21 the
243 931 126 27 remaining
379 931 90 27 portion
479 931 24 21 in
521 938 41 14 our
580 934 61 21 next,

44 976 26 14 or
81 973 24 17 at
114 969 95 21 furthest
219 968 48 22 that
282 968 37 21 the
337 968 96 26 ensuing
449 968 96 21 number
562 967 27 21 of
603 974 41 14 our

40 1005 94 27 journal
145 1005 43 22 will
200 1004 108 22 conclude
320 1004 44 21 this
374 1011 75 20 paper,
462 1003 72 22 which
552 1002 45 22 will
615 1003 28 21 be

43 1041 72 22 found
126 1045 21 18 to
157 1041 92 22 contain
262 1040 66 22 much
340 1040 47 22 that
397 1040 19 22 is
425 1039 141 27 interesting.
592 1039 48 21 The

44 1077 137 28 description
192 1077 26 21 of
230 1077 38 21 the
279 1080 95 23 country
383 1076 19 22 is
413 1075 116 28 generally
538 1076 103 21 satisfac-

46 1118 59 24 tory,
117 1122 23 14 as
149 1114 19 21 it
176 1117 52 24 puts
237 1113 92 28 beyond
346 1121 14 14 a
375 1113 71 22 doubt
460 1112 50 22 that
527 1113 63 20 there
606 1119 38 14 are

47 1151 117 22 extensive
175 1150 110 23 available
296 1150 98 22 districts
408 1154 22 17 to
448 1149 38 22 the
502 1149 141 24 north-west.

46 1188 23 21 It
79 1188 40 21 has
129 1188 58 21 been
197 1195 13 14 a
217 1187 104 28 question
330 1187 100 21 whether
438 1185 37 23 the
482 1186 70 21 rivers
561 1185 82 22 afford-

47 1223 29 23 ed
86 1224 39 22 the
144 1231 120 19 necessary
275 1223 101 22 facilities
393 1223 36 21 for
446 1222 133 27 embarking
596 1229 50 20 pro-

47 1261 59 22 duce
115 1269 4 19 ;
130 1261 41 22 but
180 1268 32 14 we
222 1260 66 21 think
298 1267 14 14 a
321 1259 90 28 perusal
422 1259 25 21 of
458 1258 44 22 this
512 1262 77 24 report
598 1258 38 22 wil

48 1298 111 21 convince
176 1296 30 23 all
223 1296 49 22 that
287 1296 84 27 though
388 1296 18 21 it
422 1295 74 22 would
512 1295 59 22 have
587 1296 58 21 been

46 1334 52 22 well
117 1333 45 23 had
182 1333 36 21 the
246 1333 56 21 rivei
300 1340 5 4 -
305 1340 10 14 s
335 1332 57 22 been
413 1331 74 27 larger
512 1331 47 22 and
583 1339 63 14 more

47 1371 119 26 available,
179 1370 53 27 they
244 1377 37 14 are
298 1369 113 21 sufficient
426 1368 34 22 for
477 1368 48 22 that
540 1376 104 20 purpose*

76 1407 72 22 There
159 1407 42 21 has
209 1407 59 21 been
281 1405 90 22 handed
380 1406 23 21 in
413 1405 54 22 with
477 1404 45 22 this
540 1409 77 23 report
634 1413 12 14 a

48 1452 55 20 map
114 1444 26 22 of
150 1444 38 21 the
199 1447 62 18 coast
270 1443 59 21 from
346 1443 71 26 Sugar
434 1442 60 21 Loaf
513 1441 89 22 Islands
620 1446 24 17 to

51 1481 57 21 Port
116 1480 133 26 Nicholson,
259 1479 109 28 prepared
376 1479 32 25 by
426 1478 44 22 Mr.
489 1478 66 22 Park.
592 1478 21 22 It
628 1478 18 21 is

50 1509 36 20 far
96 1507 105 22 different
213 1507 55 21 from
278 1506 48 22 that
334 1505 72 22 which
415 1505 40 21 has
462 1505 57 21 been
528 1505 118 27 published

49 1535 32 26 \>y
92 1535 37 21 the
141 1534 128 27 Admiralty
281 1541 23 13 or
314 1533 44 21 Mr.
368 1532 142 27 M'Domiell,
532 1532 26 21 of
571 1531 72 22 Hoki-

52 1569 67 19 anga.
155 1561 50 21 The
220 1564 60 18 most
295 1559 95 27 striking
406 1559 120 21 difference
535 1559 20 21 is
566 1559 47 21 that
622 1559 23 21 in

52 1589 45 21 Mr.
108 1588 83 25 Park's,
202 1587 73 22 which
284 1594 51 20 may
344 1587 26 21 be
380 1585 71 23 relied
459 1593 37 18 on,
506 1585 63 22 there
578 1586 18 21 is
606 1590 39 16 not

50 1622 59 14 even
119 1615 37 21 the
168 1615 102 26 slightest
281 1620 139 21 appearance
430 1613 26 21 of
468 1612 59 22 what
536 1612 41 22 has
587 1613 56 21 been

51 1641 88 22 termed
145 1641 115 22 Taranaki
270 1641 54 27 Bay.
352 1639 49 23 The
411 1639 139 27 satisfactory
561 1639 85 22 feature

50 1669 27 21 of
89 1669 38 21 the
138 1676 51 19 map
200 1668 18 22 is
228 1668 38 21 the
284 1667 99 21 absolute
401 1666 146 27 dependance
565 1666 25 21 of
603 1665 43 22 this

50 1695 64 27 large
123 1695 44 22 and
177 1696 123 26 important
309 1694 105 27 territory
423 1700 61 21 upon
494 1693 51 21 Port
553 1693 95 21 Nichol-

50 1728 50 16 son.
140 1722 21 22 It
170 1722 19 22 is
200 1721 128 27 impossible
338 1725 23 17 to
371 1721 53 21 look
441 1724 23 18 at
480 1719 37 22 the
533 1727 53 20 map
603 1719 45 22 and

51 1752 42 18 not
102 1749 41 21 feel
155 1749 44 21 this
209 1749 18 21 is
237 1748 38 22 the
286 1748 97 21 harbour
393 1747 27 21 of
432 1747 37 21 the
477 1747 87 21 Straits.

82 1806 21 21 A
120 1806 67 21 letter
203 1806 58 21 from
281 1805 91 27 Captain
385 1804 82 27 Munn,
485 1804 43 21 will
538 1804 29 21 be
578 1804 70 21 found

51 1843 25 21 in
87 1842 96 22 another
192 1845 50 24 part
253 1842 25 20 of
286 1841 36 21 the
333 1848 69 20 paper
409 1841 23 21 in
441 1840 62 27 reply
511 1843 22 19 to
540 1848 41 14 our
589 1840 60 27 ship-

51 1879 57 27 ping
117 1883 75 23 report
202 1878 26 22 of
234 1878 45 21 last
286 1878 68 26 week,
366 1877 99 21 wherein
474 1877 36 21 the
520 1877 89 26 driving
617 1884 28 14 on

54 1916 64 21 shore
127 1916 24 21 of
159 1916 37 21 the
204 1915 111 21 schooner
348 1914 84 21 Jewess
465 1921 51 19 was,
523 1914 22 21 in
556 1913 92 22 defence

54 1952 27 21 of
87 1952 37 21 the
136 1952 125 26 reputation
274 1951 24 21 of
312 1951 37 21 the
359 1954 57 23 port,
437 1951 122 21 attributed
575 1954 22 17 to
614 1950 34 21 his

53 1988 162 23 he.edlessness.
246 1988 62 25 Capt.
319 1987 73 26 Mjinn
404 1987 84 23 denies,
501 1987 48 20 that
560 1987 37 20 the
608 1994 53 16 an-,,

51 2020 96 28 chorage
158 2026 24 17 at
194 2022 78 21 Petoni
292 2022 17 21 is
320 2025 23 17 at
359 2021 30 21 all
406 2022 65 20 times
476 2026 65 20 -t,ale,
562 2023 44 18 and
624 2020 22 21 of

54 2065 79 14 course
151 2058 18 21 it
188 2058 19 20 is
224 2057 108 21 intended
349 2060 22 18 to
386 2057 29 21 be
431 2056 98 21 inferred
546 2056 50 21 that
611 2055 37 21 the

195 2088 39 23 got
255 2083 78 22 ashore
352 2090 23 14 mi
397 2090 155 20 consequence
571 2083 26 21 of
611 2082 37 22 the

53 2112 94 26 holding
157 2111 91 27 ground
262 2115 39 17 not
317 2110 69 27 being
401 2110 65 27 good.
496 2109 47 21 The
564 2116 86 15 answer

54 2144 23 15 to
98 2138 43 21 this
160 2139 20 20 is
199 2138 49 21 that
265 2138 61 21 since
342 2137 36 21 the
396 2137 130 21 settlement
542 2136 41 21 has
592 2137 56 20 been

53 2165 88 22 formed
150 2172 70 20 many
230 2164 61 27 large
302 2172 73 13 vesses
386 2163 58 22 have
453 2163 57 22 been
522 2166 24 18 at
564 2163 84 21 anchor

54 2192 63 21 there
128 2192 81 22 durine
221 2199 53 19 very
284 2191 73 26 heavy
366 2189 63 28 gales
438 2191 25 20 of
470 2190 60 21 wind
542 2190 57 21 from
611 2189 37 22 the

49 2220 134 26 south-east,
195 2218 46 21 and
253 2218 93 21 without
356 2225 45 20 any
411 2217 94 27 damage
517 2217 103 26 ensuing.

81 2274 156 23 Landholders
248 2274 45 21 and
303 2277 77 23 agents
395 2273 46 21 will
458 2272 49 23 find
524 2280 28 14 r.n
570 2272 79 23 adver-

53 2311 106 22 tisement
178 2311 24 22 in
223 2310 98 27 to-day's
339 2316 69 21 paper
428 2309 26 21 of
470 2309 37 22 the
526 2309 124 28 Surveyor-

55 2348 105 25 General,
168 2356 6 13 l
181 2347 82 23 elative
274 2351 21 17 to
306 2347 77 26 giving
391 2349 40 18 out
439 2345 37 22 the
485 2346 101 27 Country
595 2347 56 21 Sec-

51 2385 61 21 tions
119 2384 73 22 which
200 2391 56 14 were
263 2382 172 23 notselectedat
442 2382 37 22 the
487 2382 44 22 last
539 2383 110 27 meeting.

83 2443 42 21 We
136 2442 89 28 publish
235 2442 36 21 for
281 2441 37 22 the
328 2441 112 27 guidance
458 2441 26 21 of
498 2441 38 21 the
550 2441 103 27 working

53 2479 64 27 class,
130 2479 36 21 the
179 2477 118 28 subjoined
307 2478 66 21 letter
380 2477 58 22 from
446 2485 14 13 a
468 2477 126 27 mechanic,
602 2477 50 21 who

54 2515 127 28 proceeded
198 2515 58 21 from
274 2514 43 21 this
333 2513 64 28 place
415 2521 61 14 some
492 2513 53 22 time
557 2514 61 21 since
630 2517 23 18 to

51 2552 41 21 the
102 2553 105 20 Thames.

269 2584 142 26 Waitemata,
427 2584 69 21 River
506 2583 107 22 Thames.

105 2620 47 26 Sir,
183 2618 130 28 Agreeably
324 2622 23 17 to
359 2618 103 27 promise,
478 2617 85 28 having
573 2625 29 14 an
612 2625 41 20 op-

53 2646 116 27 portunity
181 2646 25 21 of
219 2645 128 27 conveying
355 2645 65 21 these
436 2645 59 21 lines
510 2645 32 26 by
560 2645 92 21 H.M.S.

221 2673 10 20 I
248 2673 81 20 inform
347 2680 46 19 you
408 2671 79 27 briefly
505 2672 26 20 of
550 2671 39 22 the
603 2679 51 19 pro-

53 2700 106 27 ceedings
171 2700 26 21 of
209 2700 164 21 Government.
404 2699 36 21 On
458 2698 101 27 arriving
574 2702 23 18 at
614 2706 41 14 our

54 2727 145 26 destination,
211 2727 9 20 I
233 2726 46 21 had
294 2733 29 14 an
341 2726 117 21 interview
476 2725 53 22 with
547 2725 38 21 the
602 2726 53 21 Sur-

53 2753 139 27 ve3'or,who
202 2760 46 14 was
259 2753 84 26 willing
353 2756 22 18 to
386 2760 86 19 engage
482 2760 36 13 me
528 2756 23 17 at
559 2760 12 13 a
580 2752 75 28 salary

56 2780 10 21 I
89 2780 66 22 could
175 2784 41 17 not
231 2784 84 23 accept.
354 2779 54 21 This
425 2779 49 28 ship
492 2779 17 22 is
528 2782 22 18 to
568 2786 87 20 convey

53 2807 131 22 mechanics
195 2810 22 18 to
228 2807 44 20 this
280 2809 50 24 port
340 2806 58 21 from
410 2806 53 21 Port
478 2805 133 22 Nicholson.
643 2807 10 20 1

54 2834 76 21 would
148 2838 42 17 not
208 2833 76 22 advise
299 2840 46 20 you
361 2835 22 19 to
403 2840 86 19 engage
508 2832 104 27 yourself
632 2835 23 19 to

57 2860 164 26 Government,
233 2860 35 21 for
279 2859 61 21 those
354 2859 48 21 that
420 2859 56 21 have
492 2859 89 21 arrived
597 2859 58 21 from

57 2887 91 27 Sydney
158 2895 38 14 are
208 2887 26 21 of
245 2886 38 21 the
293 2886 70 27 rough
379 2885 135 28 description
525 2886 26 21 of
563 2893 93 20 carpen-

56 2918 53 18 ters.
138 2914 64 27 They
211 2913 111 27 complain
333 2913 26 21 of
370 2913 59 21 their
436 2916 128 23 treatment,
572 2912 84 27 having

58 2944 23 19 to
92 2941 60 22 work
167 2948 25 15 as
208 2940 116 21 labourers
338 2939 24 22 in
378 2939 39 21 the
434 2939 64 21 bush.
528 2939 22 21 It
568 2939 44 21 will
628 2939 28 21 be

58 2975 62 14 some
131 2968 54 21 time
194 2967 78 22 before
290 2967 53 27 they
354 2973 130 14 commence
496 2965 102 27 building
606 2973 51 20 per-

57 2999 93 18 manent
161 2995 89 21 houses.
280 2994 54 21 This
343 2993 19 22 is
372 3001 13 14 a
396 3000 54 20 very
457 2993 45 21 fine
510 2997 51 22 part
568 2993 26 21 of
601 2993 55 21 New

59 3021 107 26 Zealand,
180 3029 54 19 very
244 3021 59 21 level
311 3020 61 21 land.
403 3020 36 21 Do
456 3023 42 18 not
512 3019 64 22 leave
593 3019 64 22 with-

58 3052 39 18 out
107 3056 43 20 you
161 3048 47 22 find
223 3055 14 14 a
248 3048 95 21 number
353 3047 26 22 of
390 3047 124 27 capitalists
528 3046 91 27 coming
634 3050 22 17 to

58 3074 44 22 this
116 3079 56 20 port.
204 3074 62 22 Here
281 3074 62 22 there
359 3074 17 21 is
393 3081 30 14 no
439 3074 93 26 chance,-
549 3073 53 27 they
619 3080 38 14 are

59 3102 28 21 all
107 3102 156 21 Govermnent
281 3101 98 22 officials.
409 3100 37 22 No
463 3104 59 17 store
538 3104 23 17 to
577 3099 81 28 supply

58 3128 85 28 private
151 3128 138 22 individuals
295 3135 5 19 ;
314 3128 156 21 Government
477 3127 44 22 will
529 3130 41 19 not
577 3127 81 27 supply

60 3155 92 22 without
161 3163 46 20 you
217 3162 38 14 are
270 3154 102 27 engaged
382 3154 53 21 with
446 3154 70 21 them.
547 3154 78 21 Please
635 3157 23 18 to

59 3182 82 22 inform
150 3189 58 20 your
218 3181 84 22 friends
313 3181 27 21 of
352 3181 44 21 this
406 3184 103 19 account.

348 3207 21 22 I.
370 3208 92 25 remain,
475 3215 68 17 yours
553 3208 48 25 &c,

418 3235 89 22 THOS.

84 3262 44 22 Mr.
140 3262 127 26 Cockburn,
280 3264 123 24 carpenter,

125 3351 140 24 LETTER
284 3350 45 24 TO
352 3350 74 22 THE
446 3350 143 23 EDITOR.

89 3401 48 26 Sir,
167 3401 12 21 I
188 3401 45 26 b?g
249 3400 26 21 of
290 3406 45 20 you
351 3402 22 17 to
390 3398 72 21 insert
478 3397 38 22 the
533 3398 116 27 following

61 3427 69 27 being
140 3435 38 20 my
188 3427 65 27 reply
263 3429 23 19 to
296 3426 61 21 what
366 3424 112 28 appeared
493 3424 23 21 in
529 3431 59 19 your
597 3424 64 22 valu-

63 3454 50 21 able
122 3461 70 20 paper
202 3454 26 21 of
240 3453 38 22 the
288 3454 48 20 31st
346 3452 41 21 ult.

92 3480 10 21 1
114 3480 58 28 deny
184 3481 50 21 that
244 3480 38 22 the
292 3478 67 23 north
374 3478 44 21 end
429 3477 26 21 of
472 3477 54 21 Port
535 3476 126 23 Nicholson

62 3506 97 23 harbour
169 3508 19 21 is
200 3508 46 21 safe
261 3506 127 26 anchorage
405 3504 35 22 for
457 3511 45 19 any
518 3503 74 22 vessel
608 3504 24 21 in
648 3511 14 14 a

64 3534 51 21 S.E.
126 3534 49 27 gale
183 3542 4 18 ;
209 3533 46 22 and
265 3541 23 14 as
303 3533 36 21 for
380 3531 156 22 heedlessness
545 3530 13 18 '?
579 3537 28 14 on
623 3537 38 19 my

64 3564 55 23 part,
133 3561 10 21 I
154 3561 82 21 should
247 3560 53 22 wish
310 3560 19 21 it
338 3563 23 17 to
375 3559 28 21 be
418 3556 152 27 investigated
584 3556 77 21 before

65 3591 129 23 competent
203 3594 100 20 persons.
334 3586 11 21 I
353 3586 64 21 leave
425 3584 18 22 it
450 3588 22 17 to
482 3583 44 22 Mr.
536 3583 124 26 Partridge,

65 3621 13 14 a
88 3614 153 25 shareholder,
253 3614 49 21 who
310 3620 47 14 .was
368 3612 63 21 three
446 3610 91 23 months
555 3609 52 22 with
625 3617 37 14 me

65 3648 29 13 on
106 3641 37 21 the
154 3648 88 20 voyage
252 3640 74 22 round
342 3639 38 22 the
399 3637 84 27 Island,
499 3640 23 18 to
539 3643 41 20 say
596 3636 19 21 if
634 3636 28 21 he

65 3675 46 14 saw
121 3675 44 19 any
182 3669 13 9 '
394 3666 24 21 in
429 3672 38 20 my
477 3663 98 22 conduct
582 3662 81 27 during

66 3694 49 21 that
125 3694 60 22 lime.
216 3693 94 27 Captain
323 3693 59 26 Hay,
395 3692 50 21 who
462 3691 41 21 has
519 3690 57 22 been
594 3694 69 22 agent

65 3720 35 21 for
110 3728 36 14 me
157 3720 65 22 when
236 3720 10 21 I
257 3727 45 14 was
312 3724 83 17 master
406 3718 26 21 of
443 3717 69 22 other,
516 3716 90 27 vessels,
618 3716 45 21 will

64 3747 51 27 give
126 3754 37 20 my
175 3746 117 21 character
301 3744 81 27 during
397 3744 50 21 that
456 3744 54 21 time
521 3746 23 18 to
556 3749 45 20 any
609 3748 52 21 per-

67 3781 40 14 son
118 3772 123 28 inquiring.

65 3807 46 16 Who
119 3807 55 16 steals
182 3810 31 16 my
220 3809 60 16 purse,
287 3805 55 16 steals
350 3804 51 17 trash
406 3809 5 14 ;
424 3803 29 16 'tis
459 3803 111 21 something,
576 3802 87 21 nothing;

66 3826 58 17 'Twas
132 3827 56 18 mine,
197 3826 29 16 'tis
235 3826 35 18 his,
279 3825 35 16 and
323 3825 33 16 has
364 3826 45 15 been
420 3823 49 17 slave
477 3826 19 14 to
503 3823 101 17 thousand!
609 3828 5 14 ;

67 3848 38 16 But
113 3848 23 15 he
143 3847 40 16 that
190 3847 64 16 filches
262 3846 46 16 from
316 3849 30 13 me
353 3849 30 16 my
392 3845 45 20 good
445 3849 59 14 name,

67 3868 50 17 Robs
125 3872 29 12 me
161 3868 22 16 of
192 3867 40 16 that
240 3866 58 16 which
307 3867 34 15 not
347 3865 85 17 enriches
439 3865 45 18 him,

66 3889 45 17 And
117 3888 64 17 makes
188 3891 30 13 me
225 3890 44 17 poor
277 3887 72 16 indeed.
371 3887 128 16 Shakbpere.

392 3912 125 23 DANIEL
533 3911 104 23 MUNN.

96 3941 124 25 Britannia,
232 3940 59 22 Nov.
302 3941 20 25 3,
335 3941 63 21 1840.

694 130 143 24 REPORT
856 131 45 23 OF
919 130 71 24 THE
1009 130 259 25 EXPEDITION.

667 177 86 16 WHICH
767 178 153 15 PROCEEDED
933 178 30 15 TO
971 178 148 15 .TAUANAKI
1131 178 33 16 BY
1178 178 91 18 LAND-.

691 247 46 23 TO
756 247 74 23 THE
851 247 383 25 SURVEYOR-GENERAL.
1264 254 4 13 <

701 290 54 29 Sir,
794 290 12 23 I
824 290 60 23 have
905 290 36 23 the
957 290 89 23 honour
1065 295 23 18 to
1107 291 84 22 inform
1213 299 45 22 you

669 322 24 23 of
702 331 42 15 our
753 327 78 19 return
844 324 60 22 from
923 322 130 31 Wanganui
1065 323 46 23 and
1131 324 126 23 Taranaki.

667 355 36 24 As
721 356 40 23 the
779 355 113 32 principal
912 355 74 32 object
1004 356 25 23 of
1047 364 40 15 our
1103 357 98 30 journey
1214 364 45 16 was

726 389 82 23 collect
819 389 55 23 such
888 388 145 24 information
1046 390 26 22 of
1087 388 39 24 the
1145 394 80 19 nature
1238 390 24 23 of

669 421 38 23 the
719 422 44 23 soil
775 421 44 23 and
830 421 93 32 general
936 429 117 15 resources
1066 422 25 23 of
1108 422 38 23 the
1164 427 95 26 country

669 462 24 15 as
716 454 74 32 might
813 455 28 22 be
864 459 59 18 most
942 454 76 23 useful
1034 459 23 18 to
1074 455 40 23 the

669 487 45 23 and
733 496 25 15 as
778 496 42 15 our
839 487 133 31 knowledge
996 487 24 23 of
1043 487 37 24 the
1092 493 81 19 nature
1187 489 25 23 of
1222 489 38 23 the

670 525 95 26 country
788 521 102 22 between
916 521 57 22 Port
996 520 127 24 Nicholson
1142 522 44 23 and
1207 522 55 31 Nga

670 553 77 29 Motu,
759 554 108 31 previous
880 558 23 18 to
921 553 43 23 this
982 554 139 30 expedition,
1140 562 47 16 was
1206 563 55 23 very

669 587 93 30 general
775 587 45 23 and
830 587 127 31 imperfect,
970 587 38 22 the
1021 593 63 16 route
1102 587 101 24 between
1223 588 38 23 the

670 625 42 17 two
726 620 75 31 places
814 620 86 30 having
917 620 56 22 been
994 620 40 22 but
1052 620 74 31 rarely
1145 621 116 23 traversed

669 653 30 30 by
711 653 68 22 white
790 660 106 24 persons,
916 653 18 22 it
945 660 52 22 may
1009 653 28 22 be
1050 652 38 23 the
1106 661 62 16 more
1189 654 71 23 desir-

670 686 53 23 able
735 686 50 22 that
797 694 40 14 our
850 690 77 26 report
939 685 81 23 should
1031 685 29 23 be
1072 686 23 22 in
1109 686 37 24 the
1163 687 59 23 form
1241 687 24 23 of

670 727 14 14 a
702 719 114 22 narrative
836 719 26 22 of
877 726 42 15 our
934 718 107 31 journey,
1060 720 161 30 accompanied
1232 721 30 29 by

671 752 57 23 such
747 752 146 23 information
910 752 93 22 relative
1024 756 21 19 to
1065 751 38 24 the
1123 752 139 32 Company's

671 785 100 23 districts
796 785 43 23 and
859 785 38 22 the
917 785 152 30 surrounding
1091 790 103 26 country,
1218 787 46 22 and

672 822 37 19 tne
721 825 79 16 means
813 817 24 24 of
854 818 99 23 internal
964 819 199 29 communication,
1179 827 31 17 .as
1230 827 32 15 we

671 859 58 15 were
742 850 50 24 able
804 856 22 18 to
839 858 104 24 procure.

707 891 39 23 On
759 891 38 23 the
811 891 59 25 27th
883 884 100 38 August,
1007 891 23 23 in
1048 891 121 24 obedience
1187 896 23 19 to
1222 900 42 15 our

672 925 155 27 instructions,
860 932 33 15 we
912 924 42 23 left
971 924 38 23 the
1030 925 141 30 Company's
1189 930 73 18 store-

672 957 71 23 house
756 962 23 17 at
791 957 83 23 Petoni
883 966 5 19 ;
909 957 38 23 the
966 957 129 31 expedition
1116 958 115 24 consisted
1241 959 26 23 of

672 989 90 23 Messrs
776 989 63 23 Park
856 990 44 22 and
912 990 89 30 myself,
1015 991 109 22 assistant
1133 999 129 23 surveyors,

672 1022 45 23 and
731 1022 46 24 Mr.
793 1022 109 31 Heaphy,
926 1023 164 30 draughtsman
1111 1028 22 18 to
1151 1024 38 24 the
1206 1025 58 23 New

672 1055 103 23 Zealand
788 1055 119 31 Company
916 1065 5 19 ;
948 1055 47 24 Mr.
1008 1056 89 29 Deans,
1118 1065 12 14 a
1145 1057 119 24 volunteer

672 1096 30 15 on
724 1088 39 24 the
787 1089 113 28 occasion,
923 1089 43 22 and
985 1089 37 23 six
1034 1097 51 15 men
1105 1095 23 18 to
1148 1098 64 23 carry
1223 1099 41 15 our

672 1122 107 23 blankets
792 1122 45 23 and
848 1122 136 31 provisions.
1021 1122 43 23 We
1076 1122 44 24 had
1130 1123 38 24 the
1179 1116 85 31 advan-

673 1159 51 26 tage
745 1155 25 23 of
785 1156 48 23 Mr.
848 1155 31 23 E.
891 1155 22 23 J.
928 1155 148 24 Wakefield's
1097 1164 109 24 company
1220 1157 44 23 and

673 1189 124 22 assistance
811 1196 25 15 as
848 1189 35 22 far
895 1197 24 14 as
931 1189 138 30 Wanganui.
1107 1190 50 23 The
1174 1190 56 23 road
1242 1196 22 17 to

674 1222 98 22 Porirua
783 1222 59 22 from
855 1222 57 23 Port
925 1222 125 23 Nicholson
1068 1223 20 22 is
1096 1232 3 7 >
1107 1223 98 31 through
1225 1223 39 23 the

674 1255 68 28 bush,
754 1255 45 22 and
811 1255 34 22 for
858 1255 39 22 the
908 1255 51 23 first
970 1255 62 31 eight
1040 1255 65 23 miles
1114 1264 12 14 a
1134 1258 130 22 succession

674 1288 25 22 of
708 1288 55 23 hills
772 1297 6 19 ;
799 1292 23 18 at
834 1288 45 22 this
891 1289 66 30 point
968 1288 37 23 the
1017 1288 93 31 highest
1122 1289 111 24 elevation
1245 1291 19 22 is

674 1321 108 28 attained,
791 1321 44 22 and
843 1329 14 14 a
863 1321 159 31 commanding
1029 1323 56 22 view
1093 1328 104 25 presents
1204 1323 63 23 itself

674 1354 26 22 of
715 1354 39 22 the
774 1354 98 23 Porirua
890 1354 73 31 valley
982 1354 45 24 and
1039 1356 58 22 river
1109 1356 54 23 with
1176 1356 37 23 the
1227 1364 38 15 sea

674 1388 24 22 in
710 1387 39 23 the
761 1392 102 18 extreme
875 1387 102 23 distance
985 1397 5 19 ;
1011 1388 38 23 the
1067 1389 56 30 path
1141 1397 50 15 now
1203 1389 62 24 leads

674 1420 66 23 down
752 1421 38 22 the
803 1420 47 24 side
864 1421 24 22 of
905 1421 38 23 the
956 1421 40 23 hill
1009 1421 99 31 through
1125 1422 38 23 the
1182 1422 82 31 valley,

674 1454 104 30 crossing
790 1454 38 23 the
853 1454 98 23 Porirua
972 1455 102 22 fourteen
1095 1456 75 23 times.
1214 1456 51 23 The

674 1486 74 31 valley
759 1488 20 22 is
792 1486 51 24 well
854 1487 43 23 but
908 1492 40 18 not
966 1495 54 23 very
1038 1488 88 31 heavily
1147 1489 117 28 timbered,

674 1520 45 23 and
743 1520 38 23 the
804 1520 44 23 soil
870 1528 55 23 very
947 1521 72 30 good;
1039 1521 37 23 the
1100 1526 84 19 stream
1203 1523 19 22 is
1242 1523 23 22 in

674 1561 29 15 no
726 1553 64 30 place
810 1553 75 23 where
904 1561 32 16 we
955 1554 78 23 forded
1052 1555 18 22 it
1088 1563 62 15 more
1163 1555 54 23 than
1231 1556 34 22 six

675 1586 67 31 yards
754 1586 57 23 wide
823 1594 26 15 or
862 1587 59 23 knee
933 1587 64 31 deep.
1035 1587 39 24 On
1094 1589 36 22 the
1149 1589 118 30 following

675 1620 42 30 day
731 1620 65 23 when
807 1627 34 16 we
862 1620 94 23 reached
974 1620 38 23 the
1025 1629 47 15 arm
1085 1621 26 23 of
1120 1621 37 23 the
1168 1629 39 16 sea
1219 1622 47 22 into

674 1653 75 23 which
761 1653 38 23 the
813 1653 98 23 Porirua
928 1653 57 29 falls,
1005 1653 45 24 and
1066 1654 73 23 which
1157 1655 20 22 is
1195 1663 70 23 geue-

676 1686 56 30 rally
745 1686 131 23 considered
890 1694 24 15 as
925 1691 52 26 part
994 1687 33 23 of-
1036 1687 38 23 the
1093 1688 66 28 river,
1182 1689 19 21 it
1221 1696 46 15 was

676 1719 55 31 high
747 1723 76 24 water,
846 1719 75 23 which
937 1719 137 32 lengthened
1086 1728 41 16 our
1138 1721 62 23 walk
1211 1730 55 15 con-

676 1752 113 31 siderably
797 1762 6 19 ;
822 1752 59 23 from
902 1752 44 23 this
963 1754 64 30 point
1037 1758 21 18 to
1070 1754 74 23 where
1157 1754 38 23 the
1207 1755 60 22 river

676 1791 177 18 communicates
866 1785 54 24 with
937 1786 97 24 Porirua
1047 1787 51 30 Bay
1114 1787 37 23 the
1164 1787 103 24 distance

676 1819 19 22 is
707 1820 58 22 from
778 1818 63 23 three
854 1824 22 18 to
890 1820 50 22 four
952 1820 72 28 miles,
1044 1820 46 23 and
1106 1820 38 23 the
1163 1820 69 24 width
1244 1826 23 18 at

677 1852 44 22 this
741 1853 63 30 place
825 1852 59 23 from
905 1853 61 23 three
978 1859 103 24 quarters
1094 1853 25 23 of
1128 1862 13 14 a
1152 1854 54 23 mile
1219 1859 23 18 to
1254 1862 13 15 a

663 1885 80 34 [mile;
772 1890 23 18 at
816 1885 44 23 low
885 1891 67 18 water
973 1886 19 23 it
1015 1887 18 22 is
1053 1886 68 23 much
1143 1895 122 16 narrower.

677 1918 63 24 Near
759 1918 38 23 the
816 1918 99 31 whaling
927 1919 82 23 station
1020 1919 95 23 another
1126 1928 49 15 arm
1187 1921 25 22 of
1230 1921 37 23 the

663 1953 2 26 I
679 1952 96 22 Porirua
787 1952 59 22 river
859 1959 55 16 runs
926 1952 34 23 for
972 1960 13 15 a
997 1953 155 23 considerable
1164 1952 103 25 distance

663 1983 1 23 !
670 1985 84 24 .inland
766 1985 23 22 iv
797 1992 14 14 a
818 1985 305 28 nor-th-easterlyjdirectioi^,
1160 1985 51 22 The
1220 1987 58 22 dis^a

677 2022 66 15 tance
755 2018 58 19 Irom
827 2015 82 22 Petoni
923 2020 21 17 to
965 2015 59 30 Capt
1039 2015 110 22 Daniell's
1168 2015 100 30 whaling

677 2048 83 21 station
775 2048 18 21 is
804 2047 69 22 about
886 2051 85 27 twenty
980 2047 75 23 miles.
1094 2045 63 24 Here
1168 2055 33 14 we
1209 2055 58 15 were

677 2079 131 32 hospitably
830 2079 141 23 entertained
994 2079 30 31 by
1048 2079 78 24 Lieut.
1156 2080 110 29 Thomas,

677 2113 45 22 and
734 2112 116 24 remained
861 2113 36 22 for
909 2112 37 23 the
958 2113 72 30 night,
1044 2113 46 23 and
1098 2121 27 14 on
1133 2112 39 24 the
1180 2114 87 23 follow-

678 2147 39 30 ing
730 2146 43 31 day
785 2154 33 15 we
829 2145 106 24 resumed
948 2154 39 14 our
997 2146 98 31 journey
1103 2155 6 18 ;
1130 2151 22 18 at
1165 2147 50 22 first
1231 2147 36 23 the

677 2179 55 24 road
755 2180 71 23 skirts
839 2179 38 23 the
891 2179 30 23 N.
930 2178 29 24 E.
973 2179 67 23 shore
1061 2180 25 22 of
1107 2180 38 23 the
1170 2180 99 23 Porirua

677 2213 107 28 harbour,
799 2220 31 16 we
844 2213 54 22 then
911 2212 81 23 turned
1004 2212 35 23 off
1054 2218 22 18 to
1090 2212 37 24 the
1145 2213 63 30 right
1221 2214 46 22 into

679 2246 38 23 the
730 2246 59 23 bush
801 2246 124 30 ascending
937 2254 13 15 a
966 2245 42 23 hill
1027 2246 35 23 till
1082 2254 36 15 we
1137 2254 64 15 came
1221 2251 23 18 to
1257 2255 12 14 a

678 2279 67 23 small
756 2280 64 31 piece
832 2279 26 23 of
867 2286 58 24 open
937 2279 88 30 ground
1037 2279 94 23 covered
1140 2279 54 23 with
1203 2279 48 23 fern
1262 2289 5 16 ;

679 2320 28 15 on
719 2313 96 30 passing
833 2312 46 23 this
899 2320 32 15 we
950 2312 130 23 re-entered
1100 2312 37 23 the
1148 2312 63 23 wood
1224 2312 45 23 and

679 2347 103 29 crossing
795 2354 14 14 a
820 2345 66 23 small
900 2351 83 17 stream
996 2351 23 17 at
1030 2345 38 23 the
1079 2345 49 23 foot
1140 2345 24 24 of
1174 2346 37 23 the
1219 2345 49 29 hill,

679 2379 122 23 continued
812 2387 40 15 our
861 2387 48 23 way
918 2379 56 22 until
982 2387 33 14 we
1024 2379 95 23 reached
1127 2379 38 23 the
1178 2384 91 26 potatoe

678 2413 101 30 grounds
799 2420 29 16 on
849 2412 39 23 the
907 2412 40 23 hill
966 2417 23 18 at
1003 2412 61 23 Puki
1079 2412 65 24 Rua:
1163 2412 55 24 here
1233 2412 36 23 the

680 2446 87 23 natives
778 2446 58 23 have
849 2453 28 16 an
890 2446 116 22 extensive
1019 2445 101 31 clearing
1130 2445 60 24 from
1197 2446 73 23 which

680 2479 64 23 there
756 2480 20 22 is
789 2487 13 15 a
813 2486 54 23 very
877 2479 144 30 picturesque
1033 2479 57 23 view
1102 2479 25 23 of
1145 2479 39 23 the
1197 2479 73 23 island

681 2513 24 22 of
716 2513 89 31 Kapiti.
843 2512 50 23 The
905 2512 45 31 pah
963 2513 24 22 of
1004 2512 62 23 Puki
1080 2512 55 28 Rui,
1156 2512 26 23 of
1198 2513 73 22 which

681 2546 84 28 Tunia,
779 2554 25 15 or
816 2546 63 22 Wild
888 2545 92 29 Fellow,
994 2546 19 22 is
1022 2545 68 29 chief,
1098 2546 21 22 is
1126 2554 14 14 a
1152 2546 65 22 short
1224 2546 46 22 dis-

681 2584 66 18 tance
765 2579 90 31 beyond
874 2579 38 22 the
931 2583 90 27 potatoe
1039 2579 101 31 grounds
1159 2587 31 15 on
1206 2587 14 15 a
1232 2579 40 23 hill

681 2620 55 16 near
758 2612 39 24 the
820 2612 72 23 beach
916 2616 22 19 to
961 2612 73 23 which
1055 2612 38 23 the
1105 2612 105 31 pathway
1222 2616 53 20 now'

681 2646 120 23 descends.
837 2645 53 24 The
901 2645 71 24 beach
984 2646 20 22 is
1022 2650 68 26 stony
1108 2646 45 23 and
1172 2646 99 30 rugged:

681 2680 91 30 beyond
789 2679 63 24 Puki
866 2679 55 23 Rua
938 2686 38 16 are
996 2684 43 18 two
1057 2679 129 32 projecting
1197 2680 75 31 points

682 2713 25 22 of
714 2713 56 22 rock
782 2713 74 22 which
869 2720 38 15 are
919 2712 91 23 washed
1020 2713 30 29 by
1063 2713 39 22 the
1119 2721 39 15 sea
1177 2717 24 18 at
1217 2712 55 31 high

681 2751 77 24 water,
773 2746 38 23 the
822 2746 46 23 last
880 2754 42 15 one
934 2746 85 31 having
1030 2753 14 15 a
1061 2746 57 23 rude
1137 2747 101 30 opening
1250 2753 22 15 or

682 2779 91 24 natural
790 2779 113 30 archway,
928 2779 99 31 through
1050 2779 74 23 which
1136 2787 34 15 we
1181 2779 90 31 passed,

683 2812 45 24 and
738 2812 88 24 arrived
839 2817 24 19 at
875 2812 55 24 Pari
943 2812 61 29 Pari,
1018 2820 14 15 a
1043 2812 68 23 small
1121 2812 45 31 pah
1177 2812 97 24 situated

683 2854 30 15 on
723 2854 13 15 a
748 2845 90 24 natural
854 2850 87 18 terrace
960 2845 60 23 close
1037 2850 22 18 to
1079 2845 38 23 the
1136 2845 75 29 shore,
1232 2845 42 24 and

683 2879 71 23 about
772 2879 80 23 twelve
870 2878 67 23 miles
956 2878 58 23 from
1027 2878 104 28 Porirua,
1156 2878 76 24 where
1242 2886 32 15 we

669 2904 1 37 |
683 2911 117 23 remained
811 2912 35 22 for
857 2911 41 23 the
910 2911 73 31 night.
1021 2911 70 24 From
1112 2912 54 23 Pari
1180 2913 56 22 Pari
1252 2916 22 19 to

683 2944 132 28 Waikauai,
829 2953 14 14 a
854 2944 102 23 distance
968 2944 25 24 of
1003 2944 62 31 eight
1077 2945 74 29 miles,
1170 2946 38 22 the
1222 2944 52 24 road

683 2978 44 23 lies
739 2978 68 30 along
818 2977 39 23 the
869 2977 72 23 beach
948 2986 5 14 :
972 2977 56 24 from
1043 2977 62 24 Puki
1119 2978 54 24 Rua
1185 2983 22 18 to
1221 2979 54 23 Pari

685 3011 55 23 Pari
761 3011 38 23 the
817 3010 54 24 hills
890 3011 46 22 rise
955 3011 105 31 abruptly
1076 3011 59 23 from
1148 3012 39 23 the
1200 3012 74 28 shore,

684 3045 42 22 but
749 3049 24 18 at
795 3044 46 23 this
864 3044 65 30 point
951 3043 53 31 they
1024 3044 65 23 trend
1109 3045 87 24 inland.
1232 3045 43 23 We

684 3078 84 31 passed
781 3077 63 24 Puki
857 3077 90 27 Karite,
960 3085 13 15 a
984 3077 104 24 deserted
1096 3078 45 31 pah
1149 3087 5 19 ;
1175 3079 38 23 the
1221 3081 54 20 next

684 3111 45 31 pah
743 3115 22 19 to
778 3110 45 24 this
835 3111 21 23 is
869 3110 38 23 the
924 3110 54 24 Wai
991 3110 56 29 Nui,
1070 3111 31 31 by
1119 3111 37 23 the
1168 3111 49 24 side
1231 3111 24 23 of
1264 3118 12 16 a

686 3144 66 24 small
765 3148 85 19 stream
862 3143 26 24 of
897 3143 38 24 the
948 3151 62 16 same
1023 3151 66 16 name
1097 3153 5 20 ;
1124 3144 88 31 beyond
1232 3144 43 23 this

686 3179 19 22 is
718 3186 14 15 a
744 3177 64 23 Wari
820 3177 63 28 Rua,
897 3184 13 15 a
922 3177 65 23 small
999 3177 45 30 pah
1056 3185 29 15 on
1104 3186 15 14 a
1136 3177 43 24 hill
1190 3178 31 30 by
1239 3177 37 23 the

686 3211 49 23 side
748 3211 25 23 of
780 3219 14 14 a
805 3215 84 18 stream
908 3210 76 23 rather
1003 3210 70 23 wider
1093 3210 53 24 than
1166 3211 39 24 the
1224 3210 52 23 Wai

687 3245 62 27 Nui;
769 3248 55 19 next
847 3248 23 18 to
890 3243 45 23 this
954 3243 160 29 Wari-Moka,
1133 3244 39 24 the
1191 3244 45 32 pah
1255 3243 24 24 of

686 3278 68 23 Wide
765 3277 88 24 Awake
862 3286 5 19 ;
888 3276 55 23 then
956 3276 68 29 Urui,
1037 3284 14 16 a
1062 3277 66 24 small
1140 3277 45 32 pah
1199 3277 52 23 with
1265 3284 12 15 a

687 3316 86 18 stream
785 3311 26 23 of
820 3311 38 23 the
870 3318 63 15 same
945 3318 73 21 name,
1031 3310 58 24 after
1097 3311 96 31 passing
1204 3309 72 24 which

686 3353 34 14 we
733 3344 89 23 arrived
830 3349 23 18 at
865 3343 131 29 Waikanai,
1009 3343 44 23 and
1061 3344 104 31 crossing
1173 3344 37 23 the
1220 3344 56 23 river

688 3377 97 31 stopped
803 3381 23 19 at
849 3377 153 31 Arapawaite,
1023 3384 13 15 a
1048 3377 68 23 small
1130 3377 46 31 pah
1194 3384 28 16 on
1240 3375 36 24 the

688 3415 50 19 east
745 3410 62 24 bank
819 3410 25 24 of
854 3410 39 23 the
904 3410 67 28 river,
985 3410 44 23 and
1039 3418 14 15 a
1064 3415 92 26 quarter
1164 3410 27 23 of
1200 3419 13 14 a
1224 3409 52 24 mile

687 3443 91 30 beyond
789 3443 38 23 the
837 3443 113 32 principal
956 3443 53 31 pah.
1046 3443 24 23 It
1077 3451 46 15 was
1132 3443 51 31 just
1190 3441 88 31 beyond

688 3476 47 23 this
747 3476 64 31 place
830 3476 50 23 that
897 3476 38 23 the
954 3476 71 23 battle
1042 3475 145 25 commenced
1204 3474 73 24 which

688 3516 47 16 was
746 3509 81 31 fought
839 3510 101 22 between
954 3509 36 23 the
1002 3511 88 21 natives
1107 3514 23 18 at
1147 3508 129 27 Waikanai,

688 3542 40 23 the
743 3542 155 30 Ngate-awas,
919 3542 44 23 and
975 3542 38 23 the
1023 3542 80 31 people
1116 3542 58 23 from
1194 3541 81 27 Otaki,

689 3574 39 23 the
741 3575 217 30 Ngate-raukawas,
971 3575 87 30 shortly
1065 3574 77 24 before
1151 3574 38 23 the
1197 3573 81 24 arrival

689 3607 26 23 of
725 3607 37 24 the
799 3608 63 30 Tory
912 3609 62 22 since
987 3608 55 23 then
1051 3609 18 22 it
1081 3607 42 24 has
1135 3608 59 23 been
1201 3607 77 29 nearly

689 3640 105 24 deserted
804 3641 31 30 by
848 3641 38 23 the
893 3642 94 27 natives,
997 3641 50 23 who
1054 3641 59 22 have
1121 3638 158 25 concentrated

689 3673 138 24 themselves
839 3675 24 21 in
876 3673 38 23 the
925 3674 111 30 principal
1048 3673 52 31 pah,
1119 3673 75 23 which
1208 3673 22 22 is
1242 3672 37 23 the

689 3706 88 30 largest
799 3714 32 14 we
854 3706 46 23 had
923 3706 38 22 the
973 3706 149 30 opportunity
1141 3706 26 22 of

691 3737 52 23 The
754 3737 136 30 population
900 3744 34 15 we
945 3744 58 15 were
1016 3737 112 22 informed
1145 3744 47 16 was
1211 3737 69 23 about

691 3777 68 16 seven
776 3768 118 28 hundred;
915 3768 25 23 of
960 3768 64 23 these
1046 3769 38 22 the
1107 3770 134 30 proportion
1259 3769 21 23 of

692 3802 102 23 children
807 3806 22 18 to
843 3800 75 25 adults
930 3802 20 22 is
960 3809 53 22 very
1027 3801 75 28 small,
1116 3802 43 22 and
1173 3810 53 23 very
1239 3802 41 23 few

693 3835 24 23 of
728 3835 37 23 the
777 3834 86 23 former
875 3842 38 15 are
924 3833 72 24 under
1008 3834 81 23 twelve
1100 3842 66 23 years
1187 3835 30 30 of,
1230 3831 48 35 a!ge.

693 3868 24 24 It
733 3867 46 26 had
797 3867 80 24 rained
895 3866 89 31 heavily
1003 3866 83 32 during
1105 3867 38 24 tlte
1163 3868 51 33 day,
1238 3868 42 23 and

693 3901 64 24 when
766 3908 33 16 we
807 3899 89 25 arrived
903 3904 24 19 at
937 3899 123 24 Waikanai
1070 3908 42 16 our
1121 3901 86 24 clothes
1224 3909 56 16 were

693 3933 136 32 completely,
839 3937 44 19 wet
901 3932 98 31 through
1006 3941 5 15 :
1031 3934 23 23 in
1074 3933 38 25 the
1131 3934 119 24 afternoon
1269 3934 11 23 I

1286 131 72 22 called
1370 138 29 15 on
1413 130 37 24 the
1462 131 60 23 Rev.
1537 131 47 23 Mr.
1599 130 117 29 Hadfield,
1735 131 38 23 the
1787 131 82 23 church

1286 164 136 30 missionary
1445 168 23 18 at
1493 164 46 22 this
1562 164 71 30 place,
1653 164 59 23 from
1740 164 74 23 whom
1838 172 33 15 we

1286 197 101 23 received
1399 204 66 23 every
1479 197 117 23 attention.

1320 229 50 24 The
1389 234 55 18 next
1462 237 106 21 morning
1584 237 34 15 we
1635 229 43 24 left
1697 229 120 24 Waikanai
1836 229 35 24 for

1287 261 79 28 Otaki,
1380 263 104 30 crossing
1495 263 23 21 in
1528 270 12 15 a
1548 270 69 15 canoe
1624 262 39 23 the
1671 263 71 22 rivers
1749 261 122 24 Waikanai

1285 294 46 23 and
1344 295 102 23 Waimea
1457 300 24 18 at
1492 295 59 23 their
1563 296 138 27 confluence,
1721 295 37 23 the
1770 294 54 24 road
1834 295 37 31 lay

1286 327 67 32 along
1361 328 37 23 the
1406 327 70 24 beach
1485 337 7 19 ;
1512 335 33 16 we
1552 328 82 31 passed
1641 327 38 23 the
1688 327 183 29 Kuku-tawake,

1286 368 14 15 a
1311 360 65 23 small
1389 366 81 17 stream
1483 360 71 24 about
1565 363 31 29 2^
1606 361 66 23 miles
1685 361 57 23 from
1754 369 41 15 our
1803 366 77 17 start-

1286 395 39 29 ing
1337 394 70 31 point,
1420 394 45 23 and
1476 394 49 23 half
1540 402 14 15 a
1565 394 52 23 mile
1628 394 90 23 further
1729 394 37 23 the
1776 393 95 24 Maihia.

1286 427 72 22 which
1370 427 62 22 flows
1445 431 22 18 to
1481 427 37 22 the
1526 427 71 23 beach
1604 427 24 22 in
1636 432 43 17 two
1688 427 65 23 small
1762 426 111 23 branches

1286 460 68 22 about
1365 460 44 22 five
1420 459 103 24 hundred
1534 460 67 30 yards
1613 464 73 27 apart,
1700 460 43 22 and
1754 459 89 23 arrived
1851 465 23 17 at

1287 493 79 28 Otaki,
1376 501 13 14 a
1396 493 101 23 distance
1511 493 25 22 of
1548 495 29 21 12
1589 493 66 23 miles
1668 493 60 22 from
1741 493 131 22 Waikanai.

1288 526 68 23 From
1368 526 89 30 beyond
1469 526 54 23 Pari
1536 526 55 23 Pari
1602 530 23 18 to
1638 526 81 28 Otaki,
1737 526 45 22 and
1794 526 80 22 indeed

1288 563 22 18 to
1327 559 137 30 Wanganui,
1484 559 39 22 the
1542 558 53 23 land
1613 566 53 15 near
1679 559 39 22 the
1728 558 71 23 beach
1810 559 21 22 is
1844 558 31 23 all

1288 592 64 28 sand,
1365 592 57 22 after
1433 592 95 31 passing
1545 591 36 23 the
1601 592 58 23 sand
1678 592 40 22 the
1734 591 55 23 land
1806 591 69 23 about

1288 624 121 24 Waikanai
1422 625 19 23 is
1452 624 66 31 light,
1531 625 129 30 improving
1672 625 23 23 in
1707 625 132 30 proportion
1853 629 21 18 to

1288 659 29 22 its
1331 665 106 16 nearness
1450 663 28 17 to.
1485 657 37 24 the
1533 658 56 23 hills
1600 656 74 24 which
1686 665 39 15 are
1743 662 39 18 not
1794 661 22 19 at
1828 657 46 23 this

1287 699 63 15 more
1369 691 55 23 than
1443 691 58 23 from
1520 691 63 23 three
1602 694 23 20 to
1645 691 43 23 five
1707 691 66 22 miles
1791 689 84 24 distant

1288 724 57 23 from
1358 724 37 23 the
1408 724 66 23 shore
1481 733 7 21 j
1500 723 90 31 beyond
1601 723 39 23 the
1653 722 176 25 Kuku-tawake
1837 723 39 23 the

1288 757 38 23 the
1342 757 52 23 hills
1418 757 80 23 recede
1533 757 88 23 further
1655 756 85 29 inland,
1771 755 106 32 trending

1288 790 103 28 E.S.E.,
1405 789 44 24 and
1460 790 130 23 afterwards
1603 794 22 19 to
1638 789 39 24 the
1690 789 75 28 N.E.,
1784 789 92 31 leaving

1289 832 13 14 a
1323 823 156 23 considerable
1497 824 89 30 portion
1609 823 25 23 of
1660 823 41 23 flat
1723 822 61 28 land,
1808 822 69 23 about

1288 859 92 25 20,000
1394 863 70 21 acres,
1478 856 22 23 in
1514 856 38 23 the
1564 855 186 31 neighbourhood
1763 855 24 23 of
1804 855 72 23 Otaki

1286 889 106 28 covered,
1411 889 96 23 towards
1519 889 39 23 the
1570 889 61 28 hills,
1648 888 55 24 with
1716 889 62 31 pine,
1796 893 80 24 totara,

1288 922 45 24 und
1345 922 65 23 other
1419 922 103 23 valuable
1530 922 82 23 woods.
1650 921 108 24 Between
1771 921 37 23 the
1822 921 56 23 hills

1286 952 47 27 i!nd
1344 955 37 23 the
1393 952 104 31 rivet,^n
1509 954 38 24 the
1560 955 128 23 immediate
1702 955 91 30 vicinity
1806 954 25 22 of
1840 954 38 23 the

1288 989 52 31 pah,
1353 989 38 23 the
1405 989 86 22 natives
1502 989 57 22 have
1572 988 88 23 cleared
1678 997 14 14 a
1709 987 60 32 good
1787 987 50 23 deal
1855 988 26 22 of

1289 1023 37 23 the
1337 1022 60 27 land,
1411 1022 44 22 and
1465 1022 100 31 brought
1577 1022 16 22 it
1601 1021 72 23 under
1681 1022 141 26 cultivation,
1831 1020 46 23 and

1290 1056 36 23 the
1339 1056 55 23 view
1407 1055 57 23 from
1479 1055 36 23 the
1527 1055 112 31 principal
1650 1055 47 30 pah
1715 1055 22 22 in
1747 1053 45 24 this
1803 1053 75 23 direc-

1290 1089 46 23 tion
1354 1089 19 23 is
1394 1088 147 31 exceedingly
1560 1089 143 29 interesting,
1729 1087 38 23 the
1787 1086 91 23 cleared

1289 1122 53 23 land
1365 1122 140 30 contrasting
1523 1122 30 22 its
1571 1121 77 31 bright
1667 1121 46 22 and
1731 1119 60 24 vivid
1808 1127 69 23 green

1290 1156 53 22 with
1355 1155 38 23 the
1405 1155 90 23 sombre
1506 1154 46 24 hue
1561 1154 24 23 of
1600 1154 38 22 the
1646 1153 153 30 surrounding
1806 1152 72 29 wood,

1291 1189 43 22 and
1345 1189 84 29 having
1441 1187 83 24 almost
1535 1188 38 23 the
1585 1194 140 24 appearance
1738 1187 25 22 of
1786 1194 12 15 a
1808 1186 35 23 bit
1855 1186 26 23 of

1291 1222 98 30 English
1413 1221 121 30 landscape
1556 1220 143 31 transported
1718 1225 21 18 to
1769 1219 37 23 the
1831 1219 48 23 foot

1291 1255 24 23 of
1330 1255 37 22 the
1380 1255 56 22 New
1450 1254 101 23 Zealand
1568 1253 61 23 hills.
1678 1253 41 23 On.
1735 1260 42 16 our
1799 1256 79 19 return

1293 1289 9 22 1
1317 1288 41 22 had
1378 1288 39 23 the
1432 1288 145 30 opportunity
1596 1287 26 22 of
1636 1286 94 31 passing
1749 1285 99 31 through
1867 1293 13 15 a

1291 1322 86 30 portion
1392 1321 25 22 of
1425 1322 18 21 it
1454 1321 30 30 by
1497 1329 13 14 a
1521 1321 73 22 mouri
1605 1319 55 31 path
1673 1319 92 31 leading
1776 1319 44 23 this
1829 1326 49 23 way

1292 1359 21 18 to
1325 1355 37 22 the
1371 1354 71 23 beach
1451 1363 5 18 ;
1481 1355 19 21 it
1511 1354 112 31 appeared
1645 1357 21 19 to
1685 1353 29 22 be
1733 1353 25 22 of
1773 1352 37 23 the
1828 1352 53 23 best

1291 1388 144 30 description,
1449 1387 44 23 and
1512 1387 13 23 I
1545 1395 35 15 am
1599 1385 113 24 informed
1730 1385 49 23 that
1797 1385 82 28 wheat,

1291 1421 83 30 barley,
1388 1420 44 24 and
1444 1421 87 30 species
1545 1420 24 23 of
1581 1419 59 31 pink
1652 1419 75 23 clover
1746 1425 60 24 grow
1827 1418 52 23 wild

1292 1454 62 23 there
1377 1455 23 22 in
1423 1457 65 27 great
1504 1453 126 31 profusion.
1679 1451 39 24 On
1737 1452 100 29 arriving
1857 1456 24 18 at

1293 1487 70 23 Otaki
1376 1495 32 15 we
1421 1487 91 23 crossed
1523 1486 38 23 the
1579 1487 60 30 r^ver
1658 1486 102 30 opposite
1782 1493 14 14 a
1813 1484 67 23 small

1279 1519 1 18 1
1292 1521 51 30 pah,
1356 1521 57 22 built
1425 1528 27 15 on
1466 1520 38 23 the
1516 1519 88 23 further
1616 1518 63 24 bank
1687 1528 6 17 ;
1719 1523 22 18 at
1752 1517 46 23 this
1815 1518 66 30 point

1279 1559 1 26 j
1292 1555 18 22 it
1321 1562 50 22 may
1384 1554 27 23 be
1423 1554 78 29 nearly
1514 1557 43 19 two
1577 1552 102 23 hundred
1699 1552 66 30 yards
1783 1550 56 23 wide
1858 1556 23 17 at

1279 1587 2 26 !
1291 1587 55 31 high
1358 1591 76 19 water.
1471 1586 50 24 The
1533 1585 112 32 principal
1656 1585 53 31 pah,
1719 1584 72 23 which
1799 1585 18 21 is
1826 1592 54 23 very

1293 1620 162 28 considerable,
1467 1619 45 24 and
1523 1624 55 18 next
1589 1620 23 21 in
1625 1620 47 22 size
1686 1618 44 23 and
1742 1618 139 31 importance

1293 1659 22 18 to
1328 1653 129 28 Waikanai,
1471 1653 19 23 is
1503 1653 69 23 about
1582 1652 64 23 three
1658 1655 103 27 quarters
1774 1651 25 23 of
1807 1658 13 15 a
1827 1650 54 23 mile

1292 1688 57 22 from
1363 1687 54 23 this.
1462 1686 24 23 It
1497 1686 19 23 is
1528 1686 58 23 built
1594 1693 28 16 on
1634 1693 14 15 a
1659 1684 49 28 hill,
1722 1684 72 23 which
1806 1691 74 16 seems

1280 1710 1 35 i
1293 1726 23 18 to
1327 1721 27 23 be
1366 1728 14 15 a
1391 1720 95 23 favorite
1498 1719 115 28 situation,
1634 1718 39 24 the
1693 1718 87 22 natives
1799 1717 83 30 always

1280 1745 3 37 |
1293 1754 98 30 availing
1409 1752 137 24 themselves
1567 1752 25 23 of
1613 1759 63 16 some
1695 1751 73 31 rising
1786 1750 95 31 ground,

1293 1795 25 15 or
1338 1786 159 31 commanding
1515 1786 116 22 eminence
1654 1784 103 23 whereon
1778 1789 22 17 to
1818 1784 64 22 build

1281 1839 3 4 .
1294 1820 57 24 their
1374 1820 65 31 pahs,
1464 1820 117 22 whenever
1602 1818 37 23 the
1659 1818 89 23 district
1766 1818 22 21 in
1808 1817 74 22 which

1281 1858 5 25 f
1295 1854 52 30 ihey
1359 1853 44 23 live
1417 1852 43 23 will
1482 1852 64 23 allow
1560 1851 22 23 of
1599 1851 25 23 it.
1673 1851 34 23 At
1719 1851 44 22 this
1774 1850 64 31 place
1850 1857 33 15 we

1295 1886 42 24 had
1350 1886 37 23 the
1399 1894 40 15 use
1452 1886 26 23 of
1489 1885 46 23 Mr.
1551 1884 122 25 Hatfield's
1686 1884 79 27 house,
1778 1883 72 22 which
1863 1883 26 22 is'

1281 1930 3 15 ;
1295 1921 67 22 about
1374 1928 13 14 a
1399 1924 90 26 quarter
1508 1918 25 23 of
1556 1926 12 14 a
1580 1918 52 22 mile
1644 1916 90 33 beyond
1746 1916 38 24 the
1796 1916 86 31 princi-

1290 1954 40 28 pal
1343 1952 44 32 pah
1397 1962 5 19 ;
1421 1952 29 23 he
1462 1952 44 23 had
1514 1952 87 22 written
1615 1956 22 17 to
1648 1951 38 22 his
1699 1949 55 31 boys
1772 1949 113 29 directing

1294 2021 97 23 require.
1427 2013 120 23 Wata-nui
1558 2014 20 22 is
1589 2011 113 25 thecfiief
1711 2013 25 23 of
1750 2012 80 27 Otaki,

1293 2047 30 23 he
1330 2046 116 31 generally
1458 2045 86 24 resides
1552 2050 22 18 at
1585 2045 136 28 Orewenua,
1736 2053 14 14 a
1761 2044 65 23 small
1838 2043 45 31 pah

1295 2080 68 23 about
1375 2080 52 22 nine
1440 2079 65 23 miles
1517 2079 92 23 distant.

1328 2113 50 23 The
1391 2112 118 31 following
1521 2112 106 30 morning
1645 2119 33 15 we
1701 2109 121 25 continued
1841 2117 42 15 our

1292 2147 104 31 journey,
1408 2146 93 31 passing
1519 2145 39 23 the
1576 2144 98 28 Wai-to,
1694 2152 13 15 a
1723 2143 66 23 small
1801 2147 84 19 stream

1295 2179 68 24 about
1379 2187 43 15 one
1439 2178 54 23 mile
1512 2178 58 23 from
1589 2177 81 28 Otaki,
1696 2177 43 23 and
1759 2182 42 17 two
1819 2176 66 23 miles

1295 2213 87 23 further
1394 2212 37 23 the
1443 2212 222 29 Wai-e-rongo-mai
1679 2210 117 31 (literally,
1816 2214 69 18 water

1295 2246 66 23 listen
1375 2250 22 19 to
1410 2245 47 30 me)
1476 2245 44 23 and
1532 2245 88 23 arrived
1632 2249 23 18 at
1674 2243 123 28 Waikawa,
1817 2243 69 22 about

1295 2279 43 23 five
1351 2279 66 23 miles
1429 2279 57 22 from
1499 2286 41 15 our
1552 2278 44 23 last
1606 2278 90 30 resting
1706 2277 71 30 place.
1820 2276 36 23 As
1870 2276 16 23 it

1295 2320 46 15 was
1363 2312 57 31 high
1436 2316 77 24 water,
1531 2312 44 22 and
1592 2311 37 23 the
1649 2311 61 22 wind
1722 2318 45 15 was
1786 2309 99 30 blowing

1295 2345 75 23 rather
1385 2345 70 28 fresh,
1475 2352 33 16 we
1527 2344 139 24 determined
1685 2349 22 17 to
1727 2343 85 23 remain
1832 2342 54 23 here

1295 2379 35 23 for
1342 2379 36 22 the
1391 2383 47 18 rest
1450 2379 26 22 of
1486 2379 38 23 the
1537 2379 51 29 day.
1625 2377 80 23 There
1713 2384 37 15 are
1759 2382 43 17 two
1810 2377 76 21 rivers

1297 2417 23 18 at
1331 2413 47 23 this
1391 2412 71 31 place,
1477 2412 37 23 the
1526 2411 121 23 Waikawa
1658 2412 103 29 running
1772 2410 59 22 from
1847 2408 39 23 the

1297 2446 38 23 the
1346 2445 76 29 south,
1432 2445 46 23 and
1486 2445 38 23 the
1537 2444 68 24 Ohau
1617 2444 60 23 from
1685 2444 39 23 the
1731 2443 75 28 north,
1820 2442 66 23 these

1296 2480 62 22 unite
1371 2487 55 15 near
1439 2478 39 23 the
1490 2478 80 28 beach,
1594 2477 46 24 and
1650 2478 52 22 flow
1714 2482 21 18 to
1749 2477 38 23 the
1804 2484 41 15 sea
1862 2476 25 22 in

1297 2521 43 15 one
1352 2512 96 24 channel
1459 2512 112 30 half-way
1586 2511 104 23 between
1702 2510 37 23 the
1758 2514 43 19 two
1819 2508 66 32 pahs,

1296 2546 71 23 which
1380 2554 39 15 are
1431 2546 70 22 about
1514 2553 12 15 a
1538 2545 53 23 mile
1603 2549 73 26 apart.
1724 2543 51 23 The
1787 2542 68 24 Ohau
1869 2543 18 22 is

1297 2579 38 23 the
1346 2580 76 30 larger
1434 2579 26 23 of
1476 2578 38 24 the
1533 2583 43 18 two
1595 2579 73 22 rivers
1676 2586 6 19 ;
1705 2578 19 22 it
1742 2576 71 24 winds
1831 2583 55 23 very

1297 2613 67 23 much
1377 2613 24 22 in
1412 2613 29 22 its
1455 2620 89 20 course,
1557 2611 43 23 and
1610 2611 71 23 about
1692 2618 14 15 a
1718 2610 53 23 mile
1779 2610 57 23 from
1849 2609 38 23 the

1297 2646 71 23 beach
1380 2653 52 23 may
1450 2645 29 24 be
1498 2645 80 24 twelve
1597 2643 69 31 yards
1686 2643 55 23 wide
1749 2652 5 15 :
1775 2650 54 16 near
1849 2642 39 23 the

1298 2680 72 22 beach
1392 2680 45 22 and
1460 2678 99 24 towards
1580 2678 31 22 its
1637 2677 109 32 junction
1773 2675 54 24 with
1850 2676 38 22 the

1298 2712 120 24 Waikawa
1429 2713 37 22 the
1479 2711 90 32 ground
1579 2711 24 22 in
1615 2711 38 22 the
1664 2709 189 32 neighbourhood
1866 2709 25 22 of

1298 2746 30 22 its
1338 2746 76 24 banks
1425 2747 21 21 is
1458 2754 54 23 very
1523 2746 48 27 flat,
1591 2752 25 15 so
1629 2744 50 23 that
1690 2748 24 18 at
1732 2743 55 30 high
1808 2742 47 23 tide
1875 2749 13 16 a

1300 2779 154 24 considerable
1462 2784 82 18 extent
1551 2779 24 22 of
1583 2779 18 21 it
1612 2778 20 22 is
1641 2776 94 24 covered
1744 2775 53 24 with
1803 2779 70 19 water
1880 2784 5 17 ;

1300 2817 23 19 at
1332 2812 43 24 low
1387 2817 68 19 water
1466 2820 33 15 we
1511 2811 80 24 ford3d
1601 2810 40 23 the
1661 2810 60 23 river
1739 2808 50 24 half
1804 2816 13 15 a
1833 2808 55 23 mile

1299 2846 90 30 beyond
1399 2846 39 23 the
1450 2845 54 31 pah,
1517 2845 46 23 and
1574 2843 69 24 found
1657 2844 19 22 it
1687 2847 40 19 not
1737 2842 81 31 deeper
1831 2841 55 23 than

1302 2883 21 19 to
1335 2887 40 15 our
1387 2880 71 27 waist,
1471 2878 88 31 though
1571 2878 102 31 opposite
1685 2881 23 19 to
1720 2876 38 23 the
1769 2874 43 33 pah
1825 2874 20 23 is
1853 2874 36 23 six

1300 2920 24 15 or
1337 2920 69 15 seven
1417 2913 45 22 feet
1474 2913 64 29 deep.
1585 2911 37 24 As
1633 2918 34 15 we
1679 2918 58 14 were
1750 2907 103 25 detained
1867 2911 23 19 at

1300 2945 53 23 both
1366 2946 84 30 places,
1468 2946 13 22 I
1500 2945 46 23 had
1558 2944 37 23 the
1607 2944 147 31 opportunity
1773 2942 25 23 of
1819 2941 71 31 going

1301 2986 62 16 some
1387 2979 101 23 distance
1511 2977 78 24 inland
1615 2976 101 31 through
1738 2976 39 22 the
1798 2979 91 26 potatos

1297 3012 103 31 grounds
1413 3012 25 22 of
1453 3011 38 23 the
1502 3011 88 23 natives
1598 3019 5 17 ;
1617 3009 39 23 the
1667 3008 55 24 land
1731 3010 23 21 in
1763 3008 37 23 the
1808 3008 81 22 imme-

1301 3045 58 23 diate
1371 3043 187 32 neighbourhood
1570 3043 25 23 of
1602 3041 58 24 both
1672 3041 57 31 pahs
1741 3041 20 23 is
1770 3040 70 31 sandy
1846 3040 43 22 but

1301 3079 114 30 improves
1437 3081 23 19 at
1483 3085 14 14 a
1519 3076 54 23 mile
1596 3075 58 22 from
1677 3074 39 23 the
1738 3073 86 28 beach;
1851 3072 38 23 the

1300 3115 91 27 potatoe
1400 3109 102 32 grounds
1514 3114 24 18 at
1549 3109 37 23 the
1599 3108 120 23 Waikawa
1730 3114 38 16 are
1779 3107 24 22 in
1820 3105 69 23 small

1301 3144 93 31 patches
1407 3145 22 22 in
1441 3142 39 24 the
1497 3143 51 23 fern
1559 3149 25 16 or
1601 3142 23 22 in
1644 3141 38 22 the
1701 3140 71 28 wood,
1790 3139 42 24 hut
1852 3139 38 22 the

1302 3177 42 24 soil
1356 3176 112 32 appeared
1474 3184 52 23 very
1533 3175 68 31 light.
1632 3174 52 24 The
1692 3178 90 27 potatoe
1789 3172 101 32 grounds

1302 3215 23 19 at
1344 3210 70 24 Ohau
1432 3217 38 16 are
1492 3208 98 25 situated
1608 3215 30 16 on
1656 3207 39 24 the
1713 3206 75 24 banks
1806 3206 26 23 of
1853 3205 38 23 the

1302 3245 66 27 river,
1392 3243 38 23 the
1453 3243 44 23 soil
1514 3243 20 23 is
1552 3242 73 23 better
1645 3240 56 23 than
1719 3245 23 18 at
1759 3239 127 27 Waikawa,

1302 3277 85 31 having
1398 3277 59 23 been
1467 3275 108 31 formerly
1585 3273 98 24 covered
1693 3273 54 23 with
1758 3272 71 29 wood,
1849 3271 43 24 but

1302 3311 20 22 is
1334 3310 47 23 still
1392 3309 66 32 light.

1337 3343 23 23 It
1382 3351 52 22 may
1453 3346 40 20 not
1511 3342 29 23 be
1559 3339 134 25 considered
1711 3339 125 30 altogether
1850 3346 40 15 ex-

1304 3381 104 18 traneous
1421 3381 22 18 to
1456 3383 41 16 our
1508 3378 76 27 report
1603 3378 22 18 to
1645 3373 101 23 mention
1766 3372 37 23 the
1822 3379 68 15 cause

1304 3409 25 23 of
1338 3417 40 15 our
1387 3409 114 23 detention
1509 3412 23 19 at
1539 3407 126 27 Waikawa,
1678 3405 74 24 which
1762 3412 44 16 was
1813 3403 78 24 rather

1303 3442 125 24 whimsical
1439 3442 23 23 in
1474 3443 30 22 its
1516 3446 88 22 nature,
1624 3439 46 23 and
1688 3438 167 24 characteristic
1868 3438 23 22 in

1304 3476 29 22 its
1345 3475 79 23 result.
1460 3475 30 23 In
1502 3474 39 23 the
1553 3473 97 30 evening
1660 3480 34 15 we
1705 3471 44 24 had
1761 3471 57 23 been
1839 3478 51 15 sur-

1304 3508 100 24 rounded
1416 3508 30 31 by
1457 3515 69 22 many
1545 3507 25 23 of
1582 3506 40 24 the
1634 3506 89 23 natives
1745 3502 37 33 (as
1795 3511 45 16 was
1853 3502 38 24 the

1304 3541 65 23 usual
1382 3545 87 19 custom
1483 3541 64 22 when
1559 3548 33 14 we
1605 3538 76 24 rested
1693 3542 24 19 at
1728 3546 12 14 a
1752 3535 65 33 pah,)
1837 3535 55 31 they

1305 3574 44 23 had
1360 3574 57 23 been
1429 3574 80 30 giving
1518 3581 27 15 us
1557 3572 147 24 information
1711 3570 128 32 respecting
1847 3569 44 22 dif-

1304 3608 74 23 ferent
1399 3607 77 30 places
1499 3614 29 15 on
1552 3613 40 16 our
1614 3610 74 23 route,
1718 3604 91 29 singing
1832 3602 60 22 their

1305 3645 84 25 wyates
1401 3647 25 15 or
1439 3640 74 22 native
1526 3646 77 22 songs,
1616 3638 45 23 and
1674 3637 118 30 indulging
1802 3636 23 22 in
1834 3635 58 23 their

1292 3678 1 30 j
1305 3673 89 23 wonted
1417 3680 54 23 easy
1489 3671 131 29 familiarity
1640 3670 25 23 of
1681 3671 138 21 intercourse
1837 3668 56 22 with

1306 3706 38 23 the
1355 3705 97 31 pakeha.
1490 3704 51 23 The
1559 3703 116 29 following
1692 3703 112 29 morning,
1827 3701 65 22 when

1307 3746 28 16 on
1348 3738 37 23 the
1397 3738 65 30 point
1473 3736 25 23 of
1508 3736 104 30 starting,
1629 3743 35 15 we
1677 3735 70 23 found
1764 3735 47 22 that
1829 3734 64 23 three

1307 3771 51 23 shot
1369 3770 66 28 belts;
1450 3777 42 15 one
1504 3769 63 28 shoe,
1580 3776 42 15 one
1634 3768 115 30 stocking,
1773 3767 43 23 and
1829 3766 65 24 other

1307 3803 90 24 articles
1410 3803 43 23 had
1464 3802 59 24 been
1536 3802 76 28 taken,
1624 3801 118 30 including
1749 3800 48 24 also
1806 3809 24 14 as
1839 3800 54 31 they

1307 3835 136 25 themselves
1455 3835 131 24 afterwards
1599 3834 113 24 informed
1720 3842 26 15 us
1754 3834 60 30 sixty
1824 3833 71 24 heads

1303 3870 30 23 -of
1342 3869 100 23 tobacco.
1480 3868 38 23 On
1530 3868 46 22 this
1595 3875 13 16 a
1626 3867 84 24 korero
1728 3867 83 23 ensued
1819 3875 7 15 :
1862 3874 33 16 we

1308 3901 97 25 insisted
1425 3908 29 17 on
1472 3901 131 23 immediate
1621 3901 138 29 restitution,
1779 3900 116 31 declaring

1309 3943 33 16 we
1352 3934 74 26 would
1438 3937 40 20 not
1489 3934 63 23 leave
1565 3933 37 24 the
1613 3934 65 31 place
1691 3934 56 24 until
1769 3934 37 23 the
1826 3934 69 22 ra\ss-

1899 132 40 30 ing
1949 131 91 23 articles
2051 138 57 15 were
2119 131 115 29 returned,
2254 131 42 24 and
2314 140 84 24 among
2414 131 66 26 other

1900 169 129 26 arguments
2041 164 56 22 used
2108 168 21 19 to
2142 164 91 23 enforce
2241 165 143 30 compliance,
2393 173 32 15 we
2432 165 49 24 told

1900 197 68 28 them,
1980 197 51 23 that
2046 197 20 22 if
2081 197 51 30 they
2144 197 113 30 persisted
2268 198 22 22 in
2309 199 112 30 retaining
2439 206 42 15 our

1900 235 114 25 property,
2027 237 29 16 on
2066 237 40 16 our
2118 234 78 19 return
2210 234 22 19 to
2245 229 55 24 Port
2312 230 126 24 Nicholson
2448 239 34 15 we

1902 262 70 23 would
1995 263 51 30 give
2069 261 37 24 the
2123 261 65 32 place
2207 270 13 15 a
2236 262 44 24 bad
2296 270 72 21 name,
2392 263 44 23 and
2452 271 30 16 no

1902 295 150 30 Englishman
2066 295 71 23 would
2146 296 22 22 in
2176 295 76 23 future
2260 296 51 23 visit
2319 296 69 23 them.
2423 296 60 24 This

1901 328 112 31 appeared
2025 333 22 18 to
2059 329 50 30 give
2121 333 65 26 great
2198 336 94 15 concern
2305 333 22 18 to
2339 328 39 24 the
2389 329 67 28 chief,
2469 337 14 15 a

1901 360 55 23 mild
1966 360 94 31 looking
2072 368 59 20 man,
2144 361 49 22 who
2207 360 111 32 promised
2329 366 24 18 to
2365 361 28 24 do
2409 362 31 23 all
2459 362 24 23 In
2504 364 7 9 '

1902 394 35 23 his
1948 401 74 24 power
2035 399 22 17 to
2069 394 75 23 obtain
2156 394 36 22 for
2208 401 28 15 us
2253 402 39 15 our
2309 399 114 26 property,
2441 395 44 23 but

1902 427 37 23 the
1951 434 52 15 men
2015 427 50 22 who
2077 427 43 22 had
2137 427 72 23 taken
2228 426 37 23 the
2284 427 76 31 things
2379 427 28 23 he
2425 428 58 28 said,

1902 467 56 15 were
1971 465 41 17 not
2021 460 70 22 under
2103 459 34 23 his
2151 460 95 27 control,
2265 459 44 24 and
2327 460 45 23 had
2390 468 59 23 gone
2461 465 23 19 to

1902 492 58 23 their
1972 497 90 26 potatoe
2074 492 99 30 grounds
2185 500 31 24 up
2229 492 37 23 the
2281 498 103 26 country.
2419 493 67 24 Dur-

1903 526 40 30 ing
1953 525 39 23 the
2003 525 43 30 day
2057 533 67 22 many
2136 526 26 22 of
2172 525 38 23 the
2222 526 89 22 articles
2321 533 60 16 were
2387 526 100 31 brought

1902 558 67 27 back,
1982 566 42 15 one
2036 559 30 29 by
2079 566 48 20 one,
2141 558 45 23 and
2198 558 47 23 laid
2255 566 29 15 on
2295 566 14 15 a
2320 566 69 16 canoe
2401 559 29 30 by
2444 559 41 24 the

1903 591 48 23 side
1963 592 25 22 of
1998 591 54 23 each
2065 591 70 23 other.
2162 591 39 23 'In
2219 591 38 23 the
2269 592 96 29 evening
2376 592 38 23 the
2426 591 63 25 chief

1903 624 107 24 mounted
2022 632 13 15 a
2044 624 74 23 raised
2127 628 64 26 stage
2199 624 45 23 and
2251 625 63 23 made
2322 632 13 16 a
2342 625 56 30 long
2403 625 84 31 speech

1904 658 82 30 urging
2014 657 38 23 the
2081 658 87 22 natives
2199 662 23 18 to
2252 657 66 31 bring
2339 657 60 24 back
2422 658 65 24 those

1904 689 76 32 things
1994 689 47 24 that
2053 689 95 24 hadnot
2159 695 40 26 yet
2210 690 56 24 been
2279 690 119 28 returned,*
2405 690 81 32 telling

1905 722 60 24 them
1994 723 49 23 that
2072 722 62 23 these
2163 722 103 32 pakehas
2294 731 59 16 were
2383 723 104 24 different

1904 755 58 24 from
1984 755 38 24 the
2050 755 103 32 pakehas
2184 755 68 32 along
2281 756 37 24 the
2346 761 69 24 coast,
2442 756 46 24 and

1905 797 57 15 were
1975 794 40 18 not
2027 797 71 23 angry
2107 797 25 15 or
2144 789 86 23 violent
2242 796 24 16 as
2276 788 51 32 they
2335 797 66 16 were.
2437 788 52 25 The

1905 821 115 32 following
2037 822 106 31 morning
2161 830 70 22 every
2247 821 64 32 thing
2325 830 45 15 was
2382 823 108 23 returned

1904 855 43 22 but
1957 863 13 15 a
1982 856 89 30 portion
2084 855 24 22 of
2118 855 37 22 the
2168 854 101 29 tobacco,
2283 855 43 24 and
2338 860 41 18 utu
2390 863 44 16 was
2447 855 41 24 de-

1906 888 96 23 manded
2015 888 33 23 for
2061 888 137 23 restitution.
2234 888 66 28 This.
2304 896 32 15 we
2348 888 98 29 refused,
2464 896 30 19 as,

1906 929 33 15 we
1958 921 45 23 had
2022 921 45 22 still
2081 929 13 14 a
2104 921 54 30 long
2174 921 98 31 journey
2289 921 78 23 before
2385 922 51 28 us,'
2445 921 45 24 and

1907 954 38 23 the
1956 961 61 16 news
2030 954 25 22 of
2065 955 17 21 it
2100 954 123 30 preceding
2240 961 27 15 us
2286 954 74 31 might
2377 959 37 18 act
2431 962 26 15 as
2477 962 13 16 a

1906 988 111 30 premium
2030 995 28 14 on
2071 995 13 15 a
2095 987 119 30 repetition
2228 987 26 23 of
2267 987 38 22 the
2317 987 93 24 offence.
2446 987 45 24 We

1907 1020 111 23 therefore
2029 1020 125 31 proceeded
2166 1028 28 15 on
2207 1024 22 19 to
2252 1020 73 28 Ohau,
2346 1020 44 23 and
2408 1020 82 24 waited

1907 1053 34 22 for
1953 1053 38 23 the
2003 1053 125 23 remainder
2147 1053 26 22 of
2189 1053 39 23 the
2247 1053 41 30 day
2305 1053 63 23 there
2386 1053 35 23 for
2439 1054 53 30 pigs

1907 1086 43 23 and
1961 1091 105 26 potatoes
2078 1086 73 23 which
2162 1086 39 23 the
2214 1087 86 22 natives
2319 1086 25 23 of
2360 1086 49 23 that
2426 1086 65 32 place

1906 1119 99 31 brought
2017 1127 27 15 us
2055 1119 57 23 from
2124 1119 59 23 their
2194 1124 90 26 potatoe
2296 1119 109 30 grounds.

1941 1152 55 24 Two
2020 1152 65 23 miles
2107 1152 58 23 from
2188 1152 69 23 Obau
2283 1160 33 15 we
2339 1152 91 23 crossed
2453 1152 39 23 the

1907 1185 127 29 Wai-wira,
2048 1194 13 14 a
2073 1185 64 23 small
2151 1190 83 18 stream
2247 1185 52 23 with
2318 1194 12 15 a
2347 1185 46 31 pah
2413 1194 28 14 on
2462 1186 30 23 its

1907 1218 82 29 banks,
2014 1219 68 22 about
2105 1227 13 14 a
2136 1223 92 26 quarter
2248 1218 22 23 of
2287 1226 14 15 a
2318 1219 54 23 mile
2384 1218 57 23 from
2454 1218 38 24 the

1907 1251 79 29 beach,
1998 1252 85 23 behind
2094 1252 37 23 the
2144 1251 57 23 sand
2213 1251 53 23 hills
2274 1261 6 19 ;
2299 1251 43 24 and
2355 1260 14 15 a
2379 1251 51 24 mile
2442 1252 50 23 fur-

1908 1284 50 24 ther
1970 1285 38 23 the
2021 1285 126 23 Orewenua
2154 1294 6 19 ;
2181 1289 24 19 at
2213 1285 37 23 the
2257 1284 44 32 pah
2309 1286 28 22 oil
2345 1285 46 23 this
2400 1290 92 23 stream,

1908 1326 24 15 as
1956 1318 12 24 I
1994 1318 56 23 have
2061 1318 76 23 before
2156 1318 138 29 mentioned,
2314 1317 120 24 Wata-nui
2454 1318 39 23 the

1909 1351 61 23 chief
1979 1351 26 23 of
2015 1351 80 29 Otaki,
2107 1351 117 31 generally
2236 1351 97 24 resides:
2353 1351 62 23 three
2426 1351 67 24 miles

1908 1384 57 24 from
1979 1385 127 22 Orewenua
2118 1385 19 22 is
2155 1384 38 23 the
2212 1384 167 29 Wai-te-rawa,
2399 1384 95 24 another

1909 1418 65 23 small
1987 1422 91 24 stream,
2092 1417 42 23 and
2146 1417 43 23 five
2198 1417 64 23 miles
2271 1417 87 31 beyond
2366 1425 32 16 we
2406 1417 89 24 arrived

1910 1458 27 16 on
1950 1451 38 23 the
2000 1451 75 23 banks
2086 1451 25 23 of
2120 1450 38 23 the
2172 1450 130 24 Manewatu
2315 1451 67 23 river.

1944 1484 50 23 The
2005 1484 54 23 road
2073 1484 34 30 lay
2120 1483 68 31 along
2201 1483 38 24 the
2257 1483 69 24 beach
2344 1483 73 24 which
2435 1483 60 24 from

1911 1517 36 23 the
1959 1517 118 23 Wai-wiri
2090 1522 21 18 to
2122 1517 38 23 the
2173 1517 130 23 Manewatu
2310 1517 20 23 is
2338 1517 94 23 covered
2440 1517 54 23 with

1910 1550 124 28 driftwood,
2046 1550 136 31 principally
2192 1550 63 30 large
2267 1554 58 19 trees
2337 1550 25 23 of
2372 1550 123 23 totaraand

1909 1584 52 31 pine
1973 1584 50 22 that
2035 1583 56 23 have
2102 1583 83 23 floated
2197 1583 65 23 down
2275 1583 36 23 the
2323 1583 66 28 riverj
2403 1583 44 23 and
2457 1590 33 16 we

1910 1625 44 15 saw
1967 1625 13 14 a
1992 1622 89 26 greater
2093 1617 103 30 quantity
2213 1617 26 22 of
2254 1616 53 23 drift
2325 1616 63 23 wood
2407 1617 22 22 in
2448 1616 47 23 this

1911 1650 101 23 distance
2024 1650 53 23 than
2090 1651 23 21 in
2125 1650 64 22 twice
2202 1650 39 22 the
2252 1657 62 15 same
2325 1655 78 17 extent
2414 1650 26 22 of
2449 1657 46 23 any

1911 1688 49 26 part
1985 1684 26 22 of
2033 1683 36 24 the
2094 1688 62 18 coast
2180 1682 83 32 during
2287 1690 40 15 our
2356 1683 140 31 subsequent

1907 1717 106 31 journey.

1946 1750 49 23 The
2008 1750 128 23 Manewatu
2150 1749 19 23 is
2178 1757 42 15 one
2233 1749 25 22 of
2267 1748 37 24 the
2312 1754 59 18 most
2379 1749 115 23 consider-

1911 1784 49 22 able
1980 1784 70 22 rivers
2069 1791 29 15 on
2116 1782 44 23 this
2180 1784 58 29 part'
2250 1782 24 23 of
2288 1782 38 23 the
2339 1787 69 23 coast,
2422 1782 45 22 and
2478 1782 21 23 if

1911 1821 39 19 not
1961 1817 103 30 superior
2076 1821 21 18 to
2109 1815 38 24 the
2160 1815 128 31 Wanganui
2297 1815 19 22 is
2323 1815 79 31 hardly
2410 1815 86 23 second

1911 1851 22 21 in
1947 1851 47 21 size
2005 1857 26 15 or
2043 1850 137 29 importance
2194 1851 25 20 to
2238 1848 48 23 that
2304 1849 67 23 river.
2402 1848 29 23 'It
2439 1855 56 17 -was

1912 1890 13 15 a
1935 1883 58 23 little
2006 1883 56 22 after
2074 1883 37 22 the
2127 1886 52 19 turn
2199 1882 27 23 of
2241 1880 53 31 high
2314 1881 45 23 tide
2370 1880 73 24 Kvheri
2462 1888 34 16 we

1913 1916 93 22 reached
2020 1916 28 22 its
2059 1914 82 29 banks,
2162 1914 39 24 the
2219 1915 59 22 river
2295 1911 152 34 appeafed'^o
2459 1914 36 30 ;be

1913 1949 67 22 about
1991 1948 64 23 three
2074 1947 101 23 hundred
2194 1947 46 23 and
2257 1947 49 30 fifty
2325 1946 179 32 yards^across^

1911 1985 26 18 at
1947 1981 40 29 %11
1993 1995 4 4 -
2005 1979 89 30 spring,,
2104 1980 57 23 tides
2179 1981 22 20 it
2210 1978 59 30 'may
2266 1994 8 17 f
2274 1979 48 24 j|>e.
2322 1975 189 35 ,o^:^udredl.

1913 2011 65 30 yards
1991 2010 73 30 vkpfr:
2064 2014 14 20 T'
2079 2013 12 9 -*
2093 2004 12 18 :
2102 2011 30 22 A-
2136 2010 44 22 few
2182 2008 165 25 -riakrVeSWre
2352 2010 41 22 -for
2394 2004 101 35 innately

1913 2051 22 16 in
1949 2043 44 25 the.
1997 2043 45 31 pah
2052 2051 53 20 ;on
2118 2043 79 29 seeing
2208 2050 26 15 us
2247 2041 50 32 they
2309 2042 121 23 launched'
2438 2041 59 25 their

1913 2084 88 20 canoes,
2015 2075 44 24 and
2071 2075 81 24 ferried
2163 2083 28 15 us
2202 2083 53 15 over
2262 2079 23 19 to
2292 2074 38 24 the
2337 2076 103 30 opposite
2447 2075 49 24 side

1913 2118 29 14 on
1953 2109 74 24 which
2040 2109 37 23 the
2089 2108 44 32 pah
2146 2109 20 22 is
2177 2108 68 24 built.
2280 2108 57 24 Tins
2349 2109 21 22 is
2388 2113 39 18 not
2443 2115 55 23 very

1913 2142 70 31 large,
1997 2142 44 23 and
2053 2150 72 15 seems
2138 2146 23 19 to
2173 2142 28 23 be
2213 2141 57 23 used
2282 2141 80 30 chiefly
2379 2149 25 16 as
2415 2149 14 15 a
2441 2141 58 23 fish-

1914 2177 39 29 ing
1964 2177 90 27 station,
2069 2175 58 23 their
2135 2174 113 32 principal
2259 2174 44 31 pah
2316 2175 19 23 is
2346 2179 24 19 at
2377 2182 63 16 some
2452 2174 48 24 dis-

1914 2214 65 18 tance
2002 2217 30 23 up
2055 2209 37 23 the
2114 2209 68 27 river,
2207 2215 53 16 near
2283 2212 22 19 to
2328 2207 59 24 their
2410 2207 91 24 cleared

1914 2242 100 30 grounds
2026 2241 43 24 and
2080 2246 90 26 potatoe
2188 2241 74 23 fields.
2297 2241 50 23 The
2367 2240 74 24 banks
2461 2248 39 16 are

1915 2276 96 23 strewed
2022 2275 52 23 with
2086 2279 65 26 great
2162 2274 123 31 quantities
2297 2274 25 23 of
2331 2274 55 23 drift
2398 2274 70 28 Wood,
2488 2282 14 15 a

1914 2314 65 26 great
1989 2309 89 31 portion
2091 2308 23 23 of
2123 2309 18 21 it
2153 2312 81 24 totara,
2248 2307 25 23 of
2287 2306 73 24 which
2375 2307 67 25 .wood
2462 2307 38 23 the

1915 2342 64 23 fence
2003 2343 25 22 of
2048 2341 38 24 the
2104 2340 44 33 pah
2165 2341 20 23 is
2205 2340 131 31 composed;
2358 2340 45 23 this
2422 2341 19 22 is
2461 2340 39 23 the

1915 2380 59 19 most
1986 2376 97 22 massive
2093 2375 25 23 of
2127 2382 43 23 any
2184 2373 11 24 I
2207 2373 57 23 have
2272 2381 60 20 seen,
2346 2380 68 24 many
2426 2373 26 23 of
2461 2373 40 24 the

1915 2413 63 27 posts
1989 2409 70 30 being
2078 2412 23 19 at
2118 2407 58 24 least
2194 2412 85 26 twenty
2297 2406 45 23 feet
2361 2411 40 19 out
2419 2406 26 23 of
2461 2406 40 24 the

1915 2442 88 30 ground
2015 2442 43 23 and
2071 2446 82 25 twenty
2169 2440 80 23 inches
2266 2440 22 23 in
2308 2440 116 23 diameter.
2462 2439 40 25 On

1916 2475 94 31 landing
2020 2483 32 15 we
2064 2474 109 24 observed
2190 2473 63 31 large
2271 2474 74 30 pieces
2363 2473 26 23 of
2403 2472 99 24 blubber

1916 2509 63 30 lying
1991 2516 29 16 on
2033 2508 36 24 the
2088 2506 96 33 ground,
2205 2506 71 24 which
2295 2506 37 23 the
2351 2507 88 22 natives
2457 2506 46 24 had

1916 2547 38 18 cut
1965 2542 35 23 off
2009 2542 57 23 from
2078 2549 13 16 a
2103 2540 70 23 whale
2186 2540 50 23 that
2247 2539 42 24 had
2302 2539 90 23 washed
2410 2539 91 29 ashore,

1916 2575 43 23 and
1971 2575 74 23 which
2057 2575 52 30 they
2121 2573 108 24 intended
2242 2578 21 18 to
2275 2580 40 16 use
2325 2580 24 15 as
2361 2572 61 24 food.
2459 2572 43 24 In-

1916 2608 47 24 side
1976 2608 39 23 the
2027 2608 44 31 pah
2090 2615 56 16 were
2166 2614 63 15 some
2248 2606 33 23 eel
2299 2610 59 27 pots,
2384 2605 71 24 called
2471 2605 32 32 by

1916 2641 38 23 the
1961 2642 89 23 natives
2058 2640 86 29 hinaki,
2157 2640 102 30 hanging
2267 2647 28 15 on
2304 2639 37 23 the
2348 2639 66 23 fence
2421 2648 6 18 ;
2447 2639 55 31 they

1917 2683 57 15 were
1998 2674 69 23 about
2085 2674 50 23 four
2151 2673 46 23 feet
2215 2673 54 29 long
2286 2672 43 23 and
2347 2676 44 19 two
2408 2672 47 23 feet
2467 2673 37 22 six

1916 2708 79 23 inches
2006 2708 23 22 in
2043 2707 115 27 diameter,
2172 2706 44 22 and
2227 2705 65 23 made
2305 2706 25 22 of
2344 2713 14 15 a
2375 2706 87 30 species
2481 2705 27 23 of

1916 2740 89 32 ground
2017 2747 90 24 creeper
2119 2747 25 16 or
2154 2744 52 18 root
2217 2738 71 23 called
2296 2738 76 23 teaka.
2408 2738 94 31 During

1917 2775 37 22 the
1966 2773 67 31 night
2043 2774 19 22 it
2073 2772 77 24 rained
2161 2772 98 30 heavily,
2271 2771 53 24 with
2337 2779 13 15 a
2361 2776 80 27 strong
2452 2772 52 31 gale

1917 2807 57 24 from
1987 2807 38 23 the
2041 2811 63 18 west.

1951 2840 24 24 It
1986 2848 52 23 may
2050 2844 39 18 not
2100 2839 27 23 be
2139 2840 71 22 amiss
2222 2843 23 18 to
2256 2843 58 19 state
2321 2838 55 23 here
2385 2838 37 23 the
2429 2838 74 23 infor-

1916 2874 86 23 mation
2015 2873 11 23 I
2040 2872 102 24 received
2153 2877 24 18 at
2184 2871 103 24 different
2294 2871 77 32 places
2379 2872 69 23 about
2456 2871 46 24 this

1917 2908 67 22 river.
2022 2906 23 24 It
2056 2906 42 23 has
2109 2906 29 22 its
2150 2906 46 22 rise
2208 2904 120 31 according
2335 2911 23 16 to
2367 2905 37 23 the
2415 2905 89 23 natives

1918 2945 23 18 at
1953 2939 122 31 Rangitiki
2086 2943 23 19 at
2120 2947 25 15 or
2156 2946 57 15 near
2225 2946 14 15 a
2249 2938 62 31 place
2330 2937 72 24 called
2415 2938 90 23 Rotua-

1918 2977 83 24 taaraa,
2020 2974 23 22 in
2055 2972 38 24 the
2105 2972 89 23 district
2207 2972 26 22 of
2248 2971 37 23 the
2304 2971 157 30 Erratongwa,
2481 2971 25 23 in

1919 3007 40 24 the.
1968 3010 96 26 country
2076 3006 25 23 of
2121 3005 39 23 the
2180 3004 184 31 Ngate-kahuni,
2386 3003 44 24 and
2440 3003 65 24 flows

1919 3039 98 31 through
2030 3039 36 23 the
2079 3046 56 23 open
2148 3043 97 25 country
2255 3037 100 23 between
2367 3037 38 23 the
2423 3045 84 22 ranges

1919 3073 25 22 of
1958 3072 39 23 the
2010 3072 110 23 Tararua
2130 3071 45 23 and
2194 3071 39 23 the
2252 3069 153 25 Rua-wahine
2424 3074 23 18 to
2467 3070 39 24 the

1918 3109 55 19 west
1996 3110 73 23 coast;
2093 3111 53 16 near
2167 3104 31 23 its
2221 3111 78 16 source
2323 3103 96 24 another
2441 3103 62 24 river

1919 3138 72 23 called
2001 3138 39 23 the
2052 3137 127 24 Tuki-'tuki
2192 3137 65 28 rises,
2271 3137 43 23 and
2325 3137 90 31 flowing
2434 3136 23 23 in
2477 3144 31 16 an

1919 3172 102 31 opposite
2033 3171 107 23 direction
2154 3170 52 23 falls
2217 3170 48 23 into
2277 3170 37 23 the
2327 3178 40 15 sea
2377 3175 23 18 at
2412 3169 52 24 Our
2467 3169 22 24 id
2493 3170 13 28 i,

1919 3213 29 15 on
1959 3205 39 23 the
2011 3208 89 20 eastern
2111 3208 71 19 coast.
2231 3203 56 24 This
2304 3203 145 23 information
2461 3210 46 16 was

1920 3238 122 23 confirmed
2053 3245 25 16 as
2090 3241 22 19 to
2125 3236 38 24 the
2177 3236 130 25 Manewatu
2320 3237 27 31 by
2363 3244 14 15 a
2387 3237 76 22 native
2482 3241 24 18 at

1919 3271 137 31 Wanganui,
2066 3270 48 24 who
2123 3269 48 24 Mr.
2180 3269 124 25 Matthews
2311 3269 82 31 kindly
2401 3269 105 23 examin-

1919 3304 27 23 ed
1955 3305 34 22 for
1997 3312 36 15 me
2041 3311 28 16 on
2078 3303 44 24 this
2130 3303 45 23 and
2184 3303 65 23 other
2257 3304 82 30 points,
2352 3302 44 24 and
2403 3302 49 23 who
2461 3308 47 17 was

1920 3337 47 23 said
1975 3342 23 18 to
2011 3337 27 23 be
2050 3337 50 23 well
2118 3336 137 31 acquainted
2273 3336 53 24 with
2344 3335 50 23 that
2412 3339 52 27 part
2485 3334 26 24 of

1920 3371 37 22 the
1970 3374 103 27 country.
2110 3369 39 24 He
2161 3369 75 24 added
2247 3370 47 23 that
2306 3374 22 19 at
2339 3368 170 24 Rotua-taarea

1919 3411 45 15 was
1976 3411 14 15 a
2007 3403 63 31 large
2089 3402 52 24 lake
2161 3403 126 23 celebrated
2306 3403 34 23 for
2359 3402 30 22 its
2407 3400 54 29 eels,
2483 3405 24 19 to

1919 3436 74 24 which
2005 3436 38 23 the
2054 3437 90 22 natives
2157 3436 26 23 of
2203 3436 129 23 Manewatu
2351 3442 58 15 were
2427 3441 81 16 accus-

1920 3470 75 23 tomed
2007 3474 22 19 to
2042 3474 72 19 resort
2123 3478 5 19 ;
2144 3469 50 23 that
2206 3469 62 23 there
2280 3469 19 23 is
2311 3476 14 16 a
2335 3475 49 22 way
2396 3475 25 15 or
2432 3467 76 22 mouri

1919 3502 54 31 path
1985 3503 59 23 from
2062 3502 39 24 the
2121 3502 133 23 Manewatu
2270 3506 39 19 not
2328 3501 35 22 far
2384 3500 58 23 from
2462 3499 47 24 this

1920 3535 62 30 place
1996 3540 23 19 to
2030 3536 39 23 the
2081 3535 103 24 Tararua
2196 3543 77 22 range,
2286 3534 41 24 and
2340 3533 81 23 thence
2432 3537 23 18 to
2468 3532 39 23 the

1920 3569 158 31 Erratongwa,
2091 3569 44 24 and
2147 3569 50 23 that
2216 3576 79 15 canoes
2314 3574 40 15 can
2372 3573 29 23 go
2419 3573 31 23 up
2470 3565 15 23 tl
2495 3572 14 17 c

1921 3603 58 23 river
1991 3603 38 23 the
2041 3602 71 24 whole
2124 3602 102 23 distance
2238 3605 22 19 to
2271 3600 37 24 the
2315 3600 65 30 point
2386 3598 75 24 where
2469 3598 16 24 tl
2494 3605 14 17 c

1921 3636 73 22 mouri
2017 3635 56 31 path
2095 3642 152 17 commences.
2299 3633 50 23 The
2372 3632 89 23 natives
2485 3636 24 19 at

1921 3668 120 24 Waikawa
2052 3669 48 23 also
2111 3667 115 24 informed
2236 3675 27 14 us
2276 3666 24 23 of
2315 3665 38 24 the
2365 3665 73 23 mouri
2453 3664 58 32 path

1922 3701 91 32 leading
2024 3702 59 23 from
2095 3702 37 22 the
2146 3701 131 22 Manewatu
2294 3703 23 19 to
2337 3697 39 24 the
2394 3697 114 25 Tararua.

1923 3734 66 31 They
2001 3735 31 23 all
2043 3742 66 23 agree
2121 3734 24 22 in
2157 3734 87 29 stating
2255 3732 48 23 that
2314 3731 37 24 the
2362 3731 55 24 land
2425 3732 20 22 is
2453 3739 56 23 very

1923 3768 57 30 good
1993 3768 45 23 and
2048 3767 63 28 level,
2125 3767 23 23 in
2161 3774 63 15 some
2235 3765 75 31 places
2323 3764 60 24 clear
2390 3764 43 24 and
2441 3772 68 23 open,

1923 3802 24 22 in
1958 3801 65 23 other
2034 3805 63 26 parts
2109 3798 93 25 covered
2214 3798 55 23 with
2286 3803 79 22 totara,
2384 3798 61 31 pine,
2466 3796 45 25 and

1924 3834 63 24 other
1998 3833 104 24 valuable
2113 3833 76 23 native
2201 3831 84 24 woods.
2320 3829 76 25 When
2443 3830 67 24 WaL-

1924 3867 68 24 kanai
2005 3875 29 15 on
2046 3875 40 15 our
2097 3864 129 25 homeward
2241 3864 96 32 journey
2350 3863 13 24 I
2376 3863 71 24 found
2459 3863 49 24 Mr.

1926 3900 108 25 Hadfield
2045 3899 45 24 had
2097 3899 50 32 just
2158 3897 108 26 returned
2276 3897 51 24 four
2338 3897 56 31 days
2403 3897 107 31 previous

1925 3934 56 24 from
1987 3937 32 26 Jen
2029 3933 117 24 excursion
2154 3932 61 31 forty
2223 3931 64 24 miles
2292 3939 32 23 up
2332 3930 38 24 the
2378 3929 132 24 Manewatu

526 46 102 33 THE
652 46 112 32 NEW
786 46 238 36 ZEALAND.
1041 46 228 33 GAZETTE
1293 47 101 32 AND
1417 46 274 33 BRITANNIA
1713 46 289 33 SPECTATOR.
