2510 4010
157 994 38 20 cry
203 989 19 20 is
231 988 42 21 still
283 990 50 25 they
344 995 55 15 come
405 991 8 20 I

69 1023 46 24 For
126 1023 105 24 nineteen
240 1023 94 24 months
346 1025 39 24 the
398 1032 39 24 cry
443 1025 43 24 has
497 1026 58 23 been
593 1026 27 23 he

39 1058 18 22 is
220 1056 41 24 We
279 1065 51 15 now
349 1065 38 16 are
406 1059 95 23 assured
519 1059 49 23 that
584 1059 36 23 his

39 1089 136 31 Excellency
196 1096 50 24 may
268 1090 29 23 be
319 1092 112 29 expected
457 1091 56 24 here
539 1092 81 23 imme-

39 1122 86 31 diately,
148 1122 46 23 and
215 1122 123 31 thereupon
360 1131 34 15 we
415 1124 59 23 have
493 1124 127 31 frequently

38 1157 54 22 been
102 1154 80 29 asked,
276 1156 84 23 should
373 1157 39 23 the
431 1157 90 24 settlers
532 1159 87 22 receive

39 1189 94 30 Captain
144 1187 95 25 Hobson
307 1189 54 24 The
377 1190 54 23 best
440 1197 88 16 answer
540 1195 23 19 to
575 1192 44 22 this

38 1229 67 24 query
115 1228 33 16 we
160 1228 43 16 can
222 1221 60 30 offer,
295 1222 21 24 is
334 1231 14 15 a
368 1223 62 23 brief
443 1225 82 22 review
544 1224 26 23 of
584 1225 35 23 his

38 1259 45 19 acts
93 1254 44 24 and
147 1254 119 24 omissions
276 1254 61 25 from
349 1255 38 24 the
400 1256 55 24 time
475 1257 29 23 he
519 1258 101 23 received

38 1288 33 24 his
83 1287 157 32 appointment,
253 1292 23 19 at
292 1287 39 25 the
351 1289 75 24 hands
444 1288 23 25 of
484 1291 63 22 Lord
558 1290 62 24 Nor-

38 1320 86 31 manby,
136 1320 95 31 through
250 1320 38 25 the
306 1322 98 24 interest
422 1323 25 24 of
462 1322 64 25 Lord
537 1324 83 24 Auck-

38 1353 57 29 land,
107 1358 23 18 to
142 1353 39 23 the
191 1358 90 26 present
288 1360 113 19 moment.

69 1386 156 31 Immediately
229 1387 58 23 after
293 1388 118 32 receiving
417 1389 39 24 the
466 1391 155 30 appointment

39 1428 23 16 as
73 1420 118 23 Governor
202 1420 25 22 of
237 1419 60 25 New
314 1421 112 30 Zealand,
439 1422 98 31 Captain
553 1423 67 24 Hob-

41 1460 37 16 son
90 1453 91 23 entered
192 1460 58 24 upon
269 1461 14 16 a
300 1455 196 31 correspondence
514 1456 54 23 with
583 1456 38 23 the

41 1485 99 25 Colonial
150 1486 79 29 Office,
240 1486 76 24 which
328 1494 34 16 we
380 1489 105 23 consider
495 1489 21 23 is
528 1489 92 23 charac-

41 1519 80 23 terized
130 1519 30 31 by
172 1526 15 15 a
200 1519 70 24 desire
289 1524 23 19 to
330 1520 36 24 fill
384 1520 39 25 the
441 1522 66 23 office
526 1522 95 23 without

40 1560 41 22 any
91 1552 164 31 responsibility
264 1561 6 20 ;
284 1557 23 19 to
318 1553 29 23 be
360 1562 13 14 a
384 1561 62 17 mere
459 1559 130 19 automaton
589 1567 33 5 —

41 1594 12 14 a
63 1585 63 30 King
137 1585 52 31 Log
189 1598 32 3 —
221 1585 23 23 in
254 1586 55 23 fact.
346 1587 52 23 The
408 1587 50 24 fear
469 1588 26 23 of
503 1593 41 19 not
554 1588 68 31 being

41 1618 46 23 able
98 1623 23 18 to
133 1622 58 19 state
202 1622 22 20 to
233 1618 39 24 the
292 1619 125 29 Colonists,
430 1628 62 24 upon
506 1629 67 23 every
585 1630 37 15 oc-

42 1652 78 28 casion,
133 1651 49 23 that
199 1651 26 24 he
243 1652 20 23 is
282 1653 127 23 controlled
426 1654 32 31 by
475 1655 147 23 instructions

41 1685 54 23 from
105 1684 38 23 the
156 1684 101 24 Colonial
277 1686 83 29 Office,
372 1687 21 23 is
413 1695 26 15 so
460 1687 97 30 intense,
574 1688 48 24 that

41 1722 21 18 to
73 1725 39 16 our
131 1717 75 24 minds
224 1719 19 22 it
258 1726 98 24 exposes
369 1720 99 30 Captain
484 1721 99 24 Hobson
600 1725 22 19 to

41 1751 33 23 the
86 1751 80 30 charge
179 1751 26 23 of
217 1752 71 23 moral
298 1753 133 24 cowardice.

71 1783 95 32 Captain
189 1784 96 24 Hobson
307 1786 90 23 arrived
420 1791 25 19 at
466 1787 39 23 the
527 1787 52 31 Bay
600 1787 24 24 of

40 1816 86 25 Islands
143 1818 24 22 in
185 1817 105 32 January,
305 1820 75 23 1840.
417 1820 60 23 This
495 1820 129 24 settlement

41 1858 40 15 was
98 1850 87 24 formed
203 1855 20 19 at
241 1851 38 23 the
300 1860 64 15 same
384 1853 87 31 period.
514 1853 47 24 For
578 1855 43 22 five

39 1883 86 24 months
144 1891 34 16 we
196 1884 42 24 had
253 1893 30 15 no
301 1887 192 22 communication
511 1886 55 24 with
582 1895 40 15 our

40 1916 126 30 Governor;
191 1925 31 16 we
243 1926 59 15 were
325 1919 41 22 left
389 1923 23 19 to
436 1919 124 29 ourselves,
579 1920 43 23 and

39 1950 80 30 proved
130 1950 29 30 by
171 1950 38 23 the
219 1955 59 18 state
288 1951 26 22 of
328 1952 39 22 the
373 1952 136 23 settlement
519 1953 49 22 that
580 1961 41 14 our

41 1982 70 23 affairs
124 1982 65 24 could
199 1987 37 19 not
255 1983 28 23 be
302 1983 24 23 in
346 1983 76 24 better
439 1983 81 25 hands.
556 1984 64 24 With

41 2015 56 23 what
113 2023 45 16 was
171 2016 92 31 Captain
282 2016 121 24 Hobson's
420 2018 134 23 connection
567 2018 55 23 with

41 2056 25 15 us
77 2048 92 24 marked
175 2049 9 23 ?
217 2049 64 23 With
292 2057 14 15 a
315 2049 74 25 belief
401 2050 50 24 that
462 2058 34 16 we
505 2058 58 16 were
575 2051 46 23 dis-

42 2081 63 30 loyal.
151 2082 61 24 How
238 2089 62 17 came
328 2082 30 24 he
380 2083 123 31 possessed
523 2084 26 23 of
574 2084 48 23 that

43 2114 82 24 belief?
163 2115 66 32 Upon
247 2124 30 15 an
297 2116 47 24 idle
359 2124 28 15 ex
400 2119 72 28 parte
491 2121 129 20 statement.

43 2147 98 24 Without
152 2149 87 31 abiding
250 2149 69 31 proof
333 2149 29 24 he
382 2150 112 23 hastened
506 2154 22 20 to
540 2150 28 24 do
580 2155 43 19 two

44 2180 72 32 things
126 2182 87 31 grossly
221 2183 81 31 unjust
312 2190 31 16 on
363 2183 36 23 his
419 2187 59 28 part,
491 2184 44 24 and
549 2183 73 24 which

44 2215 68 29 might
128 2215 56 24 have
205 2215 108 24 militated
333 2216 92 32 equally
442 2220 24 19 to
485 2225 41 15 our
547 2217 75 24 disad-

44 2252 98 27 vantage.
179 2248 37 24 He
225 2253 51 19 sent
293 2249 68 23 down
376 2249 97 24 soldiers
490 2254 23 19 to
533 2250 90 31 destroy

44 2288 24 15 us
79 2281 122 31 physically
203 2295 27 3 —
231 2282 45 23 and
287 2291 15 14 a
312 2282 106 32 dispatch
430 2288 23 18 to
466 2283 38 24 the
517 2284 103 23 Colonial

45 2313 69 24 Office
126 2319 21 19 to
159 2315 61 23 crusli
234 2323 41 15 our
285 2317 166 29 reputation*at
461 2316 77 25 home.

76 2347 49 23 The
135 2348 84 24 settlers
231 2349 41 23 felt
290 2349 65 24 these
367 2354 49 19 acts
432 2357 25 16 as
474 2350 54 31 they
539 2357 80 16 neces-

45 2380 64 31 sarily
120 2382 72 22 would
203 2390 5 20 ;
224 2382 41 23 but
277 2386 23 19 to
311 2390 71 24 prove
393 2382 61 24 their
465 2383 154 30 forbearance,

45 2413 39 23 and
97 2413 164 26 determination
279 2419 24 20 to
316 2416 78 24 obtain
409 2425 14 15 a
439 2418 131 30 reputation
586 2416 35 25 for

47 2446 140 30 moderation,
214 2448 88 24 instead
330 2449 26 23 of
387 2449 146 32 denouncing
563 2449 58 25 their

45 2479 83 30 author,
151 2481 52 31 they
222 2482 72 23 called
312 2490 16 15 a
349 2483 80 31 public
446 2483 108 31 meeting,
579 2483 44 24 and

45 2513 60 23 voted
117 2513 46 24 him
171 2523 13 15 a
194 2514 57 31 loyal
261 2515 44 23 and
318 2516 186 31 congratulatory
511 2516 92 24 address
612 2526 6 20 ;

46 2545 40 25 and
98 2546 91 25 Colonel
200 2548 127 24 Wakefield
339 2556 48 16 was
400 2549 121 32 requested
533 2554 23 19 to
567 2557 53 25 pro-

46 2580 50 23 ceed
106 2584 22 19 to
139 2580 38 24 the
196 2582 46 30 Bay
253 2582 26 23 of
288 2582 101 29 Islands,
403 2583 45 23 and
465 2587 93 28 present
568 2584 18 22 it
596 2584 26 23 in

46 2619 83 24 person.
165 2613 48 24 The
219 2615 97 24 Colonel
326 2616 126 31 proceeded
464 2617 24 22 in
500 2617 38 23 the
551 2617 69 23 Com-

46 2646 74 30 pany's
142 2646 50 32 ship
213 2647 130 32 Brougham
370 2649 37 23 for
434 2649 51 24 that
511 2657 107 24 purpose.

46 2677 71 25 While
128 2684 23 19 at
161 2681 38 23 the
214 2681 47 31 bay
279 2682 26 23 of
314 2681 102 31 Islands,
428 2683 39 23 the
483 2683 138 31 Company's

48 2710 108 34 Principal
175 2714 76 31 Agent
269 2714 82 32 placed
373 2719 24 19 at
420 2716 39 23 the
478 2716 99 31 disposal
599 2716 25 24 of

47 2744 90 32 Captain
149 2746 94 24 Hobson
254 2756 45 23 any
316 2749 26 22 of
351 2749 38 23 the
403 2756 81 17 means
500 2750 120 30 possessed

47 2777 27 31 by
84 2778 36 24 the
132 2780 114 31 Company
256 2782 25 22 in
292 2781 40 24 the
345 2781 88 25 Island.

78 2811 69 32 Many
159 2813 60 24 other
231 2818 47 19 acts
290 2814 68 23 could
367 2815 31 22 be
406 2815 101 23 adduced
518 2820 23 19 to
552 2823 69 23 prove

48 2843 34 24 the
99 2845 71 24 desire
187 2846 34 24 the
245 2848 92 23 settlers
355 2847 44 24 and
422 2848 40 23 the
483 2848 138 32 Company's

48 2880 164 28 representative
230 2881 95 23 evinced
345 2884 23 20 to
391 2881 110 23 establish
519 2890 14 15 a
551 2882 70 30 really

48 2909 87 33 friendly
146 2912 92 24 relation
256 2913 55 24 with
329 2913 39 24 the
388 2913 123 25 Governor
523 2915 26 23 of
563 2915 57 23 New

48 2942 99 27 Zealand.
182 2946 142 32 Furnishing
343 2947 102 31 supplies
467 2952 23 19 to
511 2948 40 23 the
572 2948 48 23 Go-

48 2983 115 25 vernment,
175 2978 41 25 and
232 2980 94 31 placing
344 2980 40 24 the
398 2980 134 31 Brougham
549 2985 24 19 at
584 2981 38 24 the

50 3008 90 33 disposal
151 3012 24 23 of
184 3012 45 25 Mr.
242 3013 105 32 Murphy
358 3018 24 20 to
398 3015 55 23 visit
471 3014 38 24 the
528 3015 92 29 Straits,

50 3049 33 16 are
94 3051 79 25 among
183 3046 67 25 them.

81 3076 33 24 To
123 3078 45 24 this
186 3079 89 25 address
293 3088 31 16 an
335 3087 89 17 answer
436 3088 49 17 was
502 3081 26 24 of
544 3089 80 16 course

50 3110 101 25 received.
187 3112 21 24 It
217 3114 116 30 regretted
351 3114 50 23 that
412 3114 148 24 instructions
572 3123 52 24 pre-

52 3143 74 24 vented
137 3144 36 24 the
192 3145 117 25 Governor
325 3147 61 24 from
405 3148 92 30 coming
511 3152 24 19 to
550 3148 75 23 reside

52 3181 76 26 among
145 3185 36 16 us.
210 3178 45 25 We
277 3179 60 25 have
359 3180 91 32 already
474 3181 81 24 shown
575 3181 50 24 that

54 3207 90 32 Captain
161 3211 94 25 Holson
275 3213 83 24 craved
380 3214 150 24 instructions
551 3214 74 24 which

52 3239 75 26 should
147 3245 76 24 render
241 3245 50 24 him
314 3255 26 16 as
361 3247 81 31 nearly
459 3248 122 31 powerless
599 3255 26 16 as

51 3276 93 28 possible
151 3286 7 20 ;
176 3278 40 24 and
232 3279 27 24 in
269 3279 40 25 the
322 3280 53 24 first
389 3281 191 23 communication
591 3288 34 16 we

52 3305 53 26 have
121 3309 57 25 from
194 3311 52 30 him,
259 3312 29 24 he
306 3313 81 32 pleads
406 3314 71 31 being
486 3314 97 24 fettered
594 3314 31 30 by

51 3339 56 25 what
116 3342 28 24 he
156 3344 76 31 sought
243 3345 59 25 from
315 3346 38 24 the
366 3346 105 25 Colonial
483 3347 83 25 Office.

80 3373 42 25 We
138 3376 53 25 hold
201 3378 35 23 (he
248 3379 121 25 Governor
385 3380 143 32 responsible
539 3380 35 25 for
584 3380 40 25 the

52 3410 43 20 acts
118 3408 23 24 of
161 3410 44 24 Mr.
225 3411 133 27 Shortland.
401 3413 63 25 That
485 3413 138 32 gentleman,

50 3438 62 26 while
121 3440 60 31 here,
192 3452 42 15 was
245 3446 126 32 peculiarly
377 3446 78 32 happy
466 3448 24 23 in
498 3447 37 24 his
546 3447 77 24 efforts

52 3474 21 20 to
83 3473 64 25 make
158 3476 37 24 the
205 3477 106 25 colonists
322 3479 46 24 feel
386 3479 50 25 that
447 3479 55 32 they
513 3485 62 19 must
584 3485 41 20 not

51 3511 75 25 expect
135 3507 42 25 fair
192 3509 50 33 play
252 3511 61 24 from
326 3512 99 32 Captain
441 3513 121 24 Hobson's
574 3514 50 24 Go-

50 3544 118 21 vernment.
208 3544 97 31 Among
333 3546 66 23 other
421 3547 133 24 censurable
575 3552 49 19 acts

53 3570 52 25 done
120 3572 31 33 by
166 3575 53 31 him,
237 3584 46 17 was
300 3577 84 33 taking
401 3580 132 30 possession
547 3580 25 23 of
586 3581 38 23 in-

51 3608 74 21 testate
137 3612 85 21 estates.
271 3610 58 24 Had
340 3619 30 15 an
380 3612 170 24 administrator
566 3613 58 25 been

51 3639 119 30 appointed,
183 3642 58 24 there
259 3644 76 23 would
352 3645 59 22 have
427 3645 59 23 been
503 3653 81 16 reason
600 3651 24 18 to

51 3677 90 23 approve
152 3673 37 24 the
200 3679 41 20 act.
276 3676 104 32 Enough
388 3685 48 15 was
445 3677 58 24 done
514 3683 23 19 to
549 3679 74 32 injure

50 3710 25 16 us
91 3704 23 23 in
130 3705 35 25 his
186 3709 153 31 proceedings,
356 3711 43 22 but
416 3710 98 31 nothing
530 3711 35 24 for
582 3720 42 15 our

49 3735 88 27 benefit.
171 3739 28 24 In
210 3741 38 24 the
260 3742 97 24 absence
370 3743 24 23 of
406 3751 29 15 an
447 3744 175 29 administrator,

49 3776 27 16 an
87 3774 76 26 estate,
173 3773 70 24 wliich
253 3775 76 23 would
342 3775 58 24 have
417 3776 56 30 paid
492 3784 67 23 every
570 3785 53 23 per-

48 3809 39 16 son
98 3803 22 23 in
130 3804 49 29 full,
190 3805 37 24 has
238 3807 57 24 been
309 3809 80 30 totally
397 3809 89 23 ruined.
522 3809 50 24 Nor
581 3810 42 23 has

49 3841 42 24 any
107 3841 169 26 representative
295 3841 26 23 of
337 3841 64 24 these
420 3845 84 20 estates
524 3842 58 24 been
600 3847 22 19 to

48 3867 43 23 this
102 3869 52 23 time
166 3873 122 29 appointed.

79 3900 48 23 The
162 3903 97 25 Colonial
293 3907 130 30 Secretary,
459 3907 66 23 while
558 3907 62 29 here,

47 3932 107 26 chuckled
165 3940 22 19 at
198 3937 34 23 Sir
245 3939 91 31 George
356 3939 82 32 Gipps'
452 3940 40 23 bill
504 3940 118 31 depriving

1378 2191 25 24 A
1419 2191 130 24 PUBLIC
1568 2191 163 24 MEETING

1265 2231 65 24 Took
1346 2231 66 32 place
1429 2239 30 16 on
1475 2232 146 31 Wednesday
1631 2233 96 30 evening
1749 2233 52 29 last,
1824 2237 22 19 at

1264 2264 36 24 the
1312 2265 83 23 Bolton
1407 2265 78 29 Arms,
1500 2266 14 11 M
1524 2270 22 18 to
1560 2265 102 23 consider
1675 2272 171 25 arrangements

1263 2296 33 25 for
1307 2298 37 23 the
1363 2299 115 30 reception
1497 2298 26 23 of
1538 2298 36 23 his
1593 2298 139 31 Excellency
1745 2299 39 23 the
1796 2300 49 22 Go-

1263 2339 86 20 vernor,
1363 2331 49 24 who
1424 2333 19 21 is
1455 2332 70 23 about
1535 2336 24 19 to
1570 2333 56 22 visit
1636 2331 46 24 this

1296 2371 49 24 The
1356 2373 100 31 meeting
1462 2380 47 16 was
1520 2372 148 31 numerously
1678 2373 113 28 attended,
1802 2373 43 23 and

1263 2413 29 16 on
1302 2405 38 24 the
1356 2406 86 23 motion
1454 2405 26 24 of
1495 2405 49 24 Mr.
1558 2405 38 24 W.
1610 2406 32 23 A.
1656 2406 95 31 Cooper,
1767 2406 30 23 R.
1811 2406 32 23 D.

1264 2438 103 29 Hanson,
1380 2438 68 30 Esq.,
1461 2439 64 28 J.P.,
1537 2446 45 16 was
1595 2438 67 24 voted
1673 2443 22 19 to
1708 2439 38 23 the
1758 2439 70 23 chair.

1295 2479 50 24 The
1357 2479 144 24 Chairman
1512 2479 86 31 having
1611 2479 55 23 read
1682 2479 38 23 the
1730 2481 75 22 notice
1824 2480 23 23 of

1262 2513 105 30 meeting,
1381 2512 48 24 said
1447 2513 29 23 he
1488 2512 82 24 should
1580 2513 29 22 be
1621 2512 75 31 happy
1708 2517 22 19 to
1741 2512 55 23 hear
1809 2512 36 24 the

1262 2546 153 24 observations
1426 2546 26 23 of
1461 2553 44 24 any
1516 2545 132 32 gentleman
1659 2554 30 15 on
1708 2545 36 24 the
1757 2545 89 32 subject

1262 2579 76 23 before
1349 2579 70 23 them.

1295 2612 46 25 Mr.
1355 2613 71 23 John
1436 2612 86 24 Wade
1534 2611 47 24 said
1595 2613 17 22 it
1620 2611 44 25 had
1673 2612 58 24 been
1739 2617 106 26 suggest-

1263 2645 27 24 ed
1303 2650 22 19 to
1343 2645 57 29 him,
1417 2645 51 24 that
1485 2653 25 16 as
1529 2645 38 24 the
1584 2646 75 23 notice
1681 2646 45 23 had
1743 2646 59 23 been
1819 2653 26 16 so

1263 2679 69 28 short,
1349 2679 46 23 and
1412 2687 24 15 as
1453 2686 69 24 many
1534 2679 128 30 gentlemen
1680 2679 44 23 had
1745 2679 100 30 scarcely

1262 2712 64 23 made
1337 2721 30 23 up
1380 2713 59 23 their
1450 2712 75 24 minds
1541 2712 50 23 how
1607 2717 22 18 to
1643 2716 43 24 act,
1697 2712 29 24 he
1738 2712 105 30 thought,

1264 2746 24 22 in
1304 2745 65 24 order
1388 2750 22 19 to
1428 2746 68 30 bring
1513 2745 38 23 the
1569 2750 82 19 matter
1662 2753 61 16 more
1741 2745 105 31 honestly

1263 2778 76 24 before
1351 2778 37 24 the
1397 2778 83 32 public,
1494 2779 48 23 that
1555 2786 27 16 an
1595 2778 159 32 adjournment
1765 2778 83 24 should

1264 2812 53 24 take
1331 2812 74 31 place.
1440 2811 25 25 It
1475 2820 47 16 was
1533 2817 24 18 at
1567 2811 31 24 all
1609 2813 67 22 times
1687 2812 102 24 desirous
1800 2811 49 24 that

1264 2846 127 30 unanimity
1408 2844 89 30 should,
1516 2846 21 22 if
1546 2845 106 31 possible,
1668 2846 28 23 be
1711 2844 121 32 preserved
1840 2854 6 19 ;

1265 2879 28 23 he
1304 2879 111 23 therefore
1427 2879 81 23 moved
1525 2878 50 24 that
1593 2878 38 24 the
1649 2879 100 30 meeting
1765 2878 28 24 do
1808 2878 40 23 ad-

1262 2912 68 31 journ
1337 2912 59 23 until
1407 2912 14 25 7
1435 2912 88 23 o'clock
1535 2919 28 16 on
1575 2911 86 32 Friday
1668 2912 104 30 evening.

1298 2945 47 24 Mr.
1359 2945 107 24 Cooper
1476 2945 118 24 seconded.

1297 2978 43 24 Dr.
1353 2978 90 25 Evans
1455 2978 50 24 said
1516 2978 47 24 that
1575 2978 30 23 he
1616 2978 97 31 thought
1719 2977 49 24 that
1775 2977 74 24 would

1263 3011 98 32 scarcely
1373 3012 65 23 allow
1450 3012 113 24 sufficient
1574 3012 55 22 time
1642 3011 33 23 for
1687 3011 38 23 the
1736 3011 77 31 public
1826 3015 22 19 to

1262 3052 101 25 prepare.
1400 3045 24 24 It
1435 3044 83 25 should
1527 3045 29 23 be
1574 3044 153 24 remembered
1744 3043 49 24 that
1811 3043 39 24 the

1264 3078 138 31 community
1412 3086 47 16 was
1472 3078 119 29 scattered,
1605 3077 44 24 and
1660 3078 49 22 that
1719 3085 69 22 many
1800 3077 49 23 who

1262 3111 72 24 would
1353 3111 116 24 doubtless
1487 3111 85 29 attend,
1594 3118 58 16 were
1666 3111 71 30 living
1761 3109 88 24 several

1262 3145 65 23 miles
1346 3152 32 23 up
1397 3145 38 23 the
1454 3144 70 29 Hutt,
1543 3144 45 24 and
1607 3144 63 23 other
1687 3144 83 31 places.
1807 3142 40 24 He

1262 3177 73 24 would
1347 3182 95 27 suggest
1461 3185 29 16 an
1508 3177 159 32 adjournment
1685 3181 23 18 to
1727 3176 102 30 Monday
1840 3185 6 20 ;

1262 3211 44 24 and
1323 3210 30 24 he
1370 3211 75 23 would
1463 3215 59 19 state
1539 3210 92 31 frankly
1643 3209 48 24 that
1709 3210 64 23 there
1789 3217 60 15 were

1263 3245 64 22 other
1337 3244 101 31 grounds
1450 3244 78 23 which
1537 3243 66 24 made
1616 3244 17 22 it
1643 3243 97 31 prudent
1754 3243 34 22 for
1799 3242 50 23 that

1263 3278 165 31 adjournment.
1464 3277 66 31 They
1546 3284 59 16 were
1622 3281 47 18 met
1687 3276 50 23 that
1748 3275 66 31 night
1825 3279 23 19 to

1264 3311 102 24 consider
1377 3311 60 23 what
1447 3310 58 24 kind
1523 3309 26 24 of
1563 3309 117 32 reception
1697 3309 54 31 they
1769 3308 81 24 should

1262 3345 52 30 give
1327 3344 36 23 his
1382 3344 148 30 Excellency.
1574 3342 40 24 He
1631 3342 122 31 presumed
1772 3342 16 23 it
1803 3349 46 16 was

1262 3382 40 19 not
1318 3376 37 24 the
1375 3377 113 23 intention
1506 3377 26 22 of
1547 3384 43 22 any
1603 3383 42 16 one
1662 3380 23 19 to
1703 3382 57 24 pour
1779 3379 39 19 out
1836 3382 14 15 a

1262 3410 96 24 fulsome
1370 3410 98 24 effusion
1478 3417 63 24 upon
1551 3409 47 23 him
1607 3418 7 19 ;
1634 3408 52 31 they
1698 3416 58 15 were
1767 3412 48 24 not,
1826 3415 24 16 as

1261 3443 118 24 free-born
1390 3443 160 31 Englishmen,
1563 3442 69 24 about
1649 3446 23 19 to
1691 3448 129 17 commence
1837 3448 14 16 a

1262 3484 50 16 new
1322 3484 76 16 career
1409 3476 25 23 in
1445 3476 99 31 politics,
1554 3475 45 24 and
1609 3474 40 24 fall
1661 3475 64 23 down
1737 3475 25 22 in
1773 3474 77 23 adula-

1262 3511 49 22 tion
1320 3509 77 24 before
1407 3509 37 24 his
1457 3508 140 31 Excellency
1598 3521 33 4 —
1631 3506 73 32 (hear,
1725 3507 62 29 hear,
1807 3506 45 24 and

1262 3542 100 31 cheers.)
1397 3542 67 31 They
1474 3542 105 31 required
1591 3548 63 16 some
1665 3540 106 24 evidence
1778 3540 25 23 of
1813 3540 38 23 the

1261 3576 76 32 public
1359 3575 123 32 principles
1505 3575 25 23 of
1556 3574 98 31 Captain
1678 3573 105 28 Hobson,
1807 3573 43 23 and

1261 3609 101 31 possibly
1367 3608 54 31 they
1425 3607 74 25 would
1506 3608 92 23 become
1606 3606 140 31 acquainted,
1753 3605 97 31 through

1262 3642 39 24 the
1312 3642 99 24 medium
1423 3642 25 23 of
1463 3640 38 24 the
1513 3648 73 24 press,
1605 3639 24 24 of
1647 3639 38 23 the
1697 3646 86 23 powers
1796 3646 54 16 con-

1262 3675 74 24 ferred
1346 3683 62 23 upon
1419 3674 56 24 him.
1513 3673 38 24 He
1569 3673 57 31 (Dr.
1642 3671 90 31 Evans)
1751 3671 45 24 had
1806 3671 46 24 had

1262 3716 31 16 an
1303 3709 145 30 opportunity
1458 3707 25 23 of
1491 3707 111 31 perusing
1610 3705 38 23 the
1657 3704 80 24 earlier
1744 3704 108 24 numbers

1263 3742 26 23 of
1302 3741 38 24 the
1354 3740 150 24 Government
1513 3739 102 29 Gazette,
1628 3738 45 23 and
1682 3738 78 23 before
1772 3745 79 23 agree-

1261 3775 41 30 ing
1313 3779 22 19 to
1347 3774 119 31 anything,
1484 3773 18 23 it
1520 3780 46 16 was
1579 3772 53 31 only
1643 3778 82 24 proper
1736 3770 49 24 that
1797 3770 54 31 they

1262 3807 80 24 should
1361 3807 93 24 become
1469 3805 136 31 acquainted
1626 3804 54 23 with
1703 3804 38 23 the
1760 3808 48 19 acts
1828 3803 25 23 of

1262 3841 164 23 Government.
1463 3839 46 23 For
1523 3838 112 31 example,
1653 3836 37 24 his
1709 3836 142 31 Excellency

1261 3874 73 31 began
1343 3874 31 30 by
1391 3872 115 30 declaring
1523 3871 39 23 the
1579 3870 56 23 laws
1654 3870 25 23 of
1701 3870 58 24 New
1777 3869 74 24 South

1261 3895 78 39 Wajles
1358 3907 23 23 in
1398 3906 63 23 force
1478 3905 63 23 here.
1576 3904 66 28 Now,
1661 3904 54 30 they
1735 3903 32 24 all
1783 3903 68 24 knew

1261 3941 64 24 thc..j
1336 3941 62 29 laws,
1410 3939 65 24 made
1487 3939 35 23 for
1542 3947 12 15 a
1571 3937 89 24 convict
1678 3937 96 30 Colony,
1793 3944 58 16 were

826 26 802 76 SUPPLEMENT

1168 162 65 33 TO
1255 160 99 33 THE

46 261 211 57 NEW
287 262 434 57 ZEALAND
751 263 410 57 GAZETTE
1186 264 60 56 &
1265 263 629 60 WELLINGTON
1920 270 543 59 SPECTATOR.

63 401 132 34 Gratis
217 413 38 22 to
277 404 253 39 Subscribers.]

775 404 131 33 PORT
927 405 287 39 NICHOLSON,
1236 405 196 39 FRIDAY,
1456 405 125 34 JULY
1602 410 52 34 30,
1678 411 89 28 1841.

2019 411 347 39 [Non-Subscribers,
2395 419 41 28 Is.

149 504 141 28 PUBLIC
316 506 195 33 MEETING.

46 541 51 26 The
102 540 121 35 Meeting
230 541 82 26 which
320 550 59 17 was
386 541 87 27 calUd
481 543 54 33 for
546 543 76 26 Wed-

76 576 98 34 nesday
187 577 80 33 nighty
277 579 27 23 to
318 577 31 25 be
361 577 63 26 held
434 580 29 23 at
473 578 44 26 the
525 578 98 26 Bolton

76 611 90 33 Arms,
186 614 27 23 to
226 611 118 27 consider
356 612 45 26 the
412 612 74 27 mode
498 613 29 25 in
537 614 85 26 which

76 647 45 25 the
137 647 125 26 Colonists
273 647 99 26 should
387 649 101 25 receive
509 649 114 34 Captain

76 681 118 33 Hobson,
205 690 53 18 was
270 682 149 34 adjourned
430 686 27 23 to
473 684 53 26 this
537 685 84 33 night,

77 717 123 34 (Friday)
222 720 26 23 at
260 718 44 26 the
315 725 73 19 same
401 719 76 32 hour,
488 722 26 24 to
525 719 29 27 be
563 720 60 26 held

74 755 30 24 at
115 752 211 28 BARRETTS
341 753 142 28 HOTEL.

81 879 68 23 AND
163 880 213 24 WELLINGTON
389 882 187 22 SPECTATOR.

162 934 128 26 Saturday,
305 934 63 22 July
381 936 37 24 31,
434 936 62 21 1841.

1873 518 41 19 not
1924 521 54 23 very
1990 518 113 28 palatable
2119 518 24 20 in
2161 518 46 21 this
2224 518 47 22 free
2291 519 138 29 community
2429 531 32 5 —

1873 544 113 34 (cheers.)
2021 548 26 23 If
2071 547 38 24 the
2128 548 118 24 Governor
2269 550 91 23 shewed
2383 559 13 15 a
2416 551 45 23 dis-

1872 580 99 29 position
1983 583 23 21 to
2017 581 91 23 enforce
2120 581 63 24 those
2196 583 77 22 odious
2285 583 46 22 and
2338 584 123 30 tyrannical

1872 611 63 29 laws,
1948 612 36 28 he,
1998 613 34 23 for
2043 621 51 21 one,
2107 614 81 23 should
2198 615 28 23 be
2244 616 103 22 cautious
2366 616 51 23 how
2433 616 28 24 he

1873 645 92 23 crossed
1976 645 38 24 the
2027 645 116 25 threshold
2155 648 24 22 of
2193 647 37 23 his
2242 647 54 24 door
2316 652 23 19 to
2356 649 105 23 welcome

1872 677 57 23 such
1941 686 14 15 a
1962 686 52 15 man
2014 691 33 4 —
2049 677 113 34 (cheers.)
2196 680 65 31 They
2269 680 44 23 had
2321 689 28 16 an
2358 682 103 23 ominous

1871 715 106 26 prospect
2000 712 26 22 of
2050 713 102 22 taxation
2174 713 77 23 before
2275 713 64 24 them
2340 727 33 4 —
2374 713 87 32 (hear.)

1873 742 46 23 His
1932 743 139 31 Excellency
2083 745 44 22 had
2146 745 122 29 contrived,
2288 754 63 16 some
2368 747 50 23 how
2436 755 25 16 or

1872 775 72 29 other,
1958 780 21 19 to
1993 777 71 30 spend
2076 778 112 27 £62,000
2198 787 6 19 ;
2224 778 50 29 and,
2287 778 30 24 he
2326 780 73 23 would
2410 780 50 29 ask,

1871 808 61 22 what
1954 809 84 23 benefit
2059 809 47 24 had
2127 810 41 23 the
2190 811 140 23 inhabitants
2350 812 28 23 of
2404 812 56 24 Port

1872 840 127 25 Nicholson
2010 842 93 23 derived
2113 842 59 24 from
2184 844 29 22 its
2221 843 157 30 expenditure.
2414 845 47 24 His

1871 872 141 33 Excellency
2028 874 46 24 had
2092 875 91 31 already
2200 876 73 30 began
2292 881 23 18 to
2334 885 53 22 pass
2404 877 56 24 laws

1866 905 95 33 heavily
1979 908 80 30 taxing
2077 908 76 29 them;
2181 909 44 23 and
2242 909 28 23 he
2290 910 72 30 spoke
2389 910 72 24 under

1871 940 132 29 correction,
2024 940 65 24 when
2101 941 28 23 he
2141 941 49 23 said
2202 941 49 23 that
2264 941 40 24 the
2316 943 74 23 duties

1870 971 60 24 from
1943 975 29 20 10
1986 977 22 18 to
2023 974 29 23 15
2064 981 40 23 per
2122 979 59 18 cent,
2195 974 79 32 higher
2293 975 56 24 than
2367 976 23 23 in
2402 975 59 25 New

1871 1004 75 24 South
1964 1005 85 24 Wales.
2086 1006 100 24 Articles
2204 1007 57 24 such
2280 1016 26 15 as
2324 1013 43 24 tea,
2382 1016 76 23 sugar,

1872 1037 53 29 &c,
1937 1045 59 16 were
2015 1039 67 23 taxed
2101 1042 14 21 5
2134 1047 40 23 per
2193 1044 59 20 cent,
2264 1040 91 31 higher,
2366 1042 45 23 and
2428 1042 32 24 all

1871 1070 66 23 other
1949 1071 89 23 articles
2053 1075 30 21 10
2095 1080 39 23 per
2146 1077 60 19 cent,
2217 1073 92 30 higher.
2344 1074 42 24 He
2402 1073 57 32 (Dr.

1872 1102 91 32 Evans)
1975 1105 100 22 referred
2087 1109 22 19 to
2129 1105 64 24 these
2210 1106 86 31 things,
2313 1108 85 30 merely
2412 1107 49 24 that

1872 1136 53 30 they
1938 1136 82 24 should
2031 1137 91 25 become
2134 1139 133 30 acquainted
2285 1139 56 23 with
2359 1139 38 24 the
2412 1141 49 23 real

1871 1168 67 29 facts,
1951 1169 44 24 and
2007 1169 52 31 they
2071 1171 75 24 would
2155 1172 59 23 form
2225 1173 123 30 important
2359 1174 101 29 grounds

1871 1201 37 24 for
1920 1201 61 24 them
1993 1207 23 19 to
2028 1208 36 18 act
2076 1211 67 22 upon.
2179 1204 44 24 Dr,
2237 1204 80 24 Evans
2336 1206 124 23 concluded

1871 1234 32 31 by
1920 1237 124 29 proposing
2063 1244 29 15 an
2117 1237 158 31 adjournment
2301 1242 23 18 to
2349 1238 110 32 Monday,

1872 1268 89 23 instead
1972 1268 26 23 of
2013 1269 93 31 Friday.

1907 1300 49 24 Mr.
1976 1301 29 24 F.
2027 1301 31 25 A.
2081 1302 183 25 Molesworth
2288 1303 113 24 seconded
2421 1305 39 23 the

1873 1334 153 23 amendment.

1906 1366 49 24 Mr.
1963 1366 117 27 Anneab.
2091 1368 78 30 asked,
2177 1369 20 23 if
2205 1369 129 31 gentlemen
2344 1369 46 24 had
2402 1370 57 24 been

1872 1399 25 24 in
1918 1402 132 28 possession
2070 1400 25 24 of
2115 1401 40 24 the
2174 1403 123 30 important
2314 1403 146 24 information

1873 1433 120 23 contained
2003 1435 25 21 in
2039 1434 38 23 the
2092 1433 148 25 Government
2254 1435 100 30 Gazette,
2373 1437 50 30 why
2440 1437 19 23 it

1872 1465 46 24 had
1929 1470 41 19 not
1976 1467 57 23 been
2039 1467 117 31 produced
2163 1468 79 23 earlier
2249 1468 9 23 ?
2295 1468 50 24 The
2353 1469 45 24 fact
2405 1477 54 21 was,

1873 1499 38 22 the
1923 1499 130 30 gentlemen
2064 1501 23 22 in
2099 1501 45 23 this
2157 1501 87 30 Colony
2256 1501 38 23 did
2306 1507 40 19 not
2361 1502 44 24 feel
2412 1510 46 23 any

1873 1533 122 30 sympathy
2009 1533 52 23 with
2073 1533 38 24 the
2123 1534 103 31 working
2236 1534 60 23 class
2304 1543 6 20 ;
2330 1535 46 24 and
2385 1536 19 23 it
2412 1543 46 16 was

1874 1565 53 30 only
1939 1565 66 24 when
2016 1566 54 31 they
2080 1566 70 24 found
2162 1567 61 23 them
2233 1568 101 31 moving,
2344 1568 49 24 that
2404 1568 55 31 they

1873 1598 136 32 reluctantly
2028 1607 62 16 came
2106 1600 103 23 forward.
2212 1613 33 3 —
2247 1598 37 33 [It
2296 1608 45 16 was
2353 1602 104 30 explain-

1875 1632 27 22 ed
1912 1635 23 19 to
1944 1632 38 22 tke
1990 1632 97 31 speaker
2094 1633 49 23 that
2154 1634 37 22 the
2203 1634 145 24 information
2358 1634 101 24 referred

1874 1668 22 19 to
1907 1664 46 25 had
1965 1666 52 30 only
2030 1666 87 23 arrived
2133 1666 37 23 the
2183 1667 42 30 day
2235 1667 87 29 before,
2333 1668 46 22 and
2393 1667 66 24 could

1873 1702 40 19 not
1924 1698 57 24 have
1990 1700 57 22 been
2059 1700 65 22 made
2136 1700 81 23 known
2230 1699 102 33 earlier.]

1907 1731 51 24 The
1978 1732 142 23 Chairman
2140 1732 54 23 then
2210 1737 43 27 put
2269 1733 39 23 the
2321 1734 103 30 question
2437 1733 24 24 of

1872 1765 166 31 adjournment,
2068 1765 66 24 when
2167 1766 85 30 Friday
2279 1774 48 15 was
2355 1766 104 24 declared

1873 1799 94 23 carried.

1906 1831 98 24 Thanks
2016 1839 58 16 were
2090 1832 54 23 then
2162 1832 68 24 voted
2245 1836 22 19 to
2291 1832 46 24 Mr.
2351 1832 107 31 Hanson,

1872 1864 45 24 and
1927 1865 39 23 the
1978 1866 100 26 meeting
2089 1865 71 24 broke
2172 1873 38 19 up.

1875 1931 92 24 FIRST
1988 1931 137 24 SITTING
2141 1931 44 24 OF
2207 1932 69 23 THE
2297 1932 157 25 LEGISLA-

1905 1963 80 24 TIVE
2014 1963 151 24 COUNCIL
2194 1963 43 24 OF
2264 1964 84 24 NEW
2380 1964 74 25 ZEA-

1906 1996 106 20 LAND.

1907 2049 46 24 His
1965 2049 141 32 Excellency
2120 2050 40 23 the
2182 2050 132 27 Governor,
2331 2050 129 32 according

1871 2084 26 22 to
1916 2082 87 27 notice,
2017 2083 92 30 opened
2129 2083 40 23 the
2187 2083 54 23 first
2260 2082 100 25 Session
2377 2083 27 24 of
2417 2084 42 23 the

1873 2115 145 31 Legislative
2042 2115 98 24 Council
2165 2115 26 24 of
2211 2115 63 24 New
2297 2115 112 28 Zealand,
2427 2124 32 16 on

1873 2149 42 23 the
1928 2148 60 23 24th
1999 2148 68 32 May.

1907 2188 66 23 Hon.
1986 2187 40 24 W.
2040 2187 136 28 Shortland,
2189 2187 109 24 Colonial
2307 2187 134 31 Secretary,

1908 2220 66 24 Hon.
1987 2221 97 23 Francis
2096 2221 92 27 Fisher,
2198 2221 244 30 Attorney-General,

1907 2253 67 24 Hon.
1979 2254 95 30 George
2082 2253 100 31 Cooper,
2191 2253 107 24 Colonial
2305 2253 136 28 Treasurer,

1911 2286 26 24 E.
1950 2286 27 24 S.
1992 2286 121 28 Halswell,
2130 2287 68 31 Esq.,
2219 2294 45 16 one
2284 2286 27 24 of
2331 2286 42 24 the
2392 2286 67 24 three

1873 2319 85 24 Senior
1970 2319 112 27 Justices,

1906 2352 79 30 Being
2002 2355 102 28 present,
2124 2352 109 24 received
2252 2353 42 23 the
2315 2352 78 28 oaths,
2412 2353 49 23 and

1873 2385 59 24 took
1943 2385 62 23 their
2017 2389 62 20 seats
2095 2385 25 23 in
2137 2385 42 23 the
2196 2385 146 31 Legislative
2362 2385 99 24 Council

1873 2418 160 31 accordingly.

1904 2450 85 24 James
2002 2450 94 27 Coates,
2109 2451 68 31 Esq.,
2188 2458 50 16 was
2249 2451 130 31 appointed
2390 2450 73 25 Clerk

1871 2484 28 23 of
1913 2483 41 24 the
1967 2483 107 27 Council,
2087 2484 47 23 and
2146 2484 56 23 took
2213 2484 41 23 the
2267 2484 70 23 oaths
2347 2483 27 24 of
2383 2483 76 25 office.

1907 2524 46 23 His
1974 2524 143 31 Excellency
2137 2524 59 23 then
2216 2523 120 24 delivered
2355 2524 42 23 the
2413 2524 46 23 fol-

1871 2557 92 30 lowing
1974 2556 93 31 Speech
2075 2565 5 15 :
2082 2570 34 3 —

1906 2589 171 27 Gentlemen,
2078 2602 32 4 —
2111 2589 12 23 I
2137 2589 62 24 have
2217 2589 94 24 availed
2328 2588 88 31 myself
2434 2589 29 23 of

1870 2623 48 23 this
1930 2622 65 31 early
2005 2622 83 31 period
2097 2625 26 20 to
2141 2622 115 24 assemble
2273 2622 43 23 the
2333 2622 123 24 Members

1870 2656 28 23 of
1907 2655 41 24 the
1959 2655 144 31 Legislative
2113 2654 99 24 Council
2219 2655 37 23 for
2264 2655 43 23 the
2318 2662 103 24 purpose
2433 2654 28 23 of

1869 2688 116 32 bringing
2005 2688 74 24 under
2098 2687 175 24 consideration
2285 2688 90 23 certain
2391 2695 65 16 mea-

1871 2729 68 16 sures
1956 2720 79 24 which
2054 2721 42 23 the
2115 2721 89 23 altered
2223 2720 184 24 circumstances
2432 2719 28 25 of

1871 2755 42 23 the
1926 2754 92 30 Colony
2030 2761 64 16 seem
2105 2756 25 20 to
2142 2761 39 16 me
2191 2753 112 31 urgently
2318 2756 26 21 to
2356 2752 102 32 require.

1905 2787 34 23 At
1949 2786 49 24 this
2009 2794 45 16 our
2064 2787 52 23 first
2132 2786 113 31 meeting,
2257 2786 13 24 I
2291 2785 69 25 deem
2370 2785 20 24 it
2402 2793 56 24 pro-

1865 2834 2 18 I
1871 2828 44 24 per
1925 2824 26 20 to
1963 2820 65 23 d-aw
2040 2827 52 23 jou
2108 2819 124 27 attention,
2244 2822 44 21 not
2310 2818 56 32 only
2377 2822 25 20 to
2418 2818 43 24 ihe

1873 2853 77 31 Royal
1970 2851 108 28 Charter,
2090 2852 44 24 but
2146 2855 24 20 to
2182 2852 41 24 the
2233 2851 85 32 highly
2330 2852 132 31 important

1873 2885 154 25 instructions
2047 2884 74 25 under
2143 2886 41 22 the
2203 2884 79 32 Royal
2306 2884 85 32 Signet
2412 2884 49 24 and

1874 2919 62 31 Sign
1946 2918 102 24 Manual
2057 2917 79 24 which
2148 2925 146 23 accompany
2306 2917 28 24 it.

1906 2951 51 24 The
1978 2951 109 27 Charter,
2099 2958 26 16 as
2144 2958 47 24 you
2209 2958 38 16 are
2264 2950 98 30 already
2373 2958 86 18 aware,

1873 2987 77 22 erects
1968 2984 42 23 the
2027 2984 94 23 Islands
2143 2984 26 23 of
2188 2983 63 23 New
2274 2982 113 27 Zealand,
2411 2982 50 23 and

1874 3017 92 24 certain
1999 3016 186 32 Dependencies,
2217 3016 52 23 into
2305 3024 14 15 a
2353 3018 108 28 separate

1875 3050 101 31 Colony,
2000 3050 75 23 under
2096 3049 42 23 the
2160 3048 212 31 superintendance
2395 3047 28 24 of
2446 3055 16 16 a

1875 3083 126 24 Governor
2027 3082 49 23 and
2100 3081 209 24 Commander-in-
2312 3080 78 24 Chief.
2437 3080 25 24 It

1874 3116 142 24 constitutes
2024 3120 4 3 '
2037 3123 15 15 a
2069 3114 143 31 Legislative
2230 3113 108 27 Council,
2351 3113 54 24 who
2419 3121 41 16 are

1874 3148 149 32 empowered
2033 3151 26 20 to
2071 3151 70 19 enact
2158 3147 71 23 Laws
2240 3147 49 23 and
2310 3145 150 25 Ordinances

1873 3182 38 24 for
1931 3182 41 23 the
1990 3180 74 25 Local
2084 3180 161 24 Government
2258 3179 27 24 of
2301 3179 42 23 the
2359 3178 101 32 Colony.

1874 3215 25 23 It
1910 3214 135 24 authorizes
2056 3213 41 23 the
2110 3212 180 24 establishment
2302 3212 27 23 of
2339 3211 87 25 Courts
2438 3210 27 24 of

1873 3247 100 27 Justice,
1995 3246 48 23 and
2062 3246 41 23 the
2122 3246 62 23 issue
2205 3245 26 23 of
2246 3245 174 24 Commissions
2438 3244 27 23 of

1873 3281 43 23 the
1934 3280 74 23 Peace
2008 3292 34 4 —
2042 3279 54 25 and,
2116 3279 24 22 in
2152 3278 55 27 fact,
2225 3278 83 31 brings
2324 3278 52 23 into
2393 3285 67 15 com-

1873 3313 64 31 plete
1948 3312 123 30 operation
2082 3311 92 24 British
2183 3311 57 23 laws
2253 3310 149 31 throughout
2417 3310 43 23 the

1875 3345 78 24 whole
1965 3344 93 31 Colony
2068 3344 24 23 of
2101 3344 63 23 New
2176 3343 114 24 Zealand.

1908 3378 52 23 The
1971 3377 159 24 Instructions
2144 3376 73 23 under
2228 3376 43 23 the
2289 3375 78 32 Royal
2378 3375 86 31 Signet

1876 3411 49 24 and
1941 3410 62 31 Sign
2019 3410 101 24 Manual
2137 3417 66 15 more
2219 3408 154 31 particularly
2385 3408 77 23 define

1876 3444 42 23 the
1929 3443 120 24 functions
2061 3443 26 23 of
2096 3442 41 24 the
2155 3441 126 25 Governor
2292 3441 49 23 and
2353 3440 108 26 Council,

1877 3476 48 24 and
1933 3476 25 23 in
1969 3483 15 16 a
1995 3476 62 23 clear
2068 3475 47 24 and
2124 3474 156 32 conspicuous
2287 3481 99 17 manner
2393 3473 70 31 point

1878 3512 42 21 out
1931 3509 41 23 the
1984 3508 77 24 duties
2073 3508 27 24 of
2114 3507 66 24 each.

1910 3541 29 24 In
1953 3542 70 23 order
2040 3541 52 23 that
2111 3548 55 24 you,
2179 3540 146 31 gentlemen,
2337 3546 53 24 may
2401 3537 62 24 have

1877 3582 30 16 an
1929 3573 152 32 opportunity
2101 3573 26 23 of
2148 3573 155 31 acquainting
2325 3570 136 33 yourselves

1876 3607 60 24 with
1947 3607 69 24 those
2026 3606 128 31 particular
2165 3606 84 26 duties,
2262 3605 13 23 I
2286 3605 62 25 h»ve
2359 3601 104 26 directed

1877 3639 42 24 the
1930 3639 153 24 instructions
2099 3642 25 20 to
2135 3639 31 23 be
2176 3638 48 24 laid
2235 3645 31 16 on
2278 3637 41 23 the
2330 3636 71 26 table,
2413 3634 49 24 and

1876 3673 58 29 kept
1946 3679 61 23 open
2017 3672 39 23 for
2075 3679 60 24 your
2144 3671 101 31 perusal,
2258 3670 26 23 in
2303 3669 41 23 the
2366 3666 99 26 Council

1880 3705 129 23 Chamber.

1912 3737 12 24 I
1943 3740 81 28 regret
2045 3737 54 24 that
2120 3737 13 23 I
2153 3737 85 23 cannot
2257 3737 27 21 at
2304 3733 41 24 the
2367 3734 96 30 present

1877 3771 107 30 meeting
2008 3770 39 31 lay
2060 3770 79 23 before
2157 3776 47 24 you
2230 3767 43 24 the
2292 3766 130 23 Estimates
2441 3764 24 24 of

1878 3803 42 24 the
1931 3803 103 31 ensuing
2044 3810 64 24 year,
2119 3801 85 26 which,
2218 3799 117 31 although
2352 3798 25 23 in
2391 3805 15 15 a
2416 3798 49 23 for-

1878 3836 65 24 ward
1963 3839 61 21 state
2043 3835 27 24 of
2083 3833 157 33 preparation,
2254 3839 41 16 are
2313 3831 151 30 incomplete,

1878 3869 82 30 owing
1970 3873 27 19 to
2007 3868 41 23 the
2059 3866 147 24 non-arrival
2226 3864 26 24 of
2268 3864 126 25 directions
2405 3863 60 24 from

1878 3902 43 23 the
1939 3901 77 24 Lords
2028 3900 27 24 of
2069 3900 41 23 the
2130 3899 124 30 Treasury,
2268 3897 26 24 of
2308 3897 78 24 which
2404 3895 12 24 I
2429 3903 36 17 am

1879 3934 107 28 advifed,
2001 3933 47 25 and
2059 3932 78 25 which
2149 3939 54 24 may
2215 3932 29 23 be
2256 3930 65 33 daily
2333 3928 125 33 expected.

1261 509 55 24 olive
1327 508 85 24 branch
1420 517 7 21 ;
1448 509 43 23 but
1500 517 34 16 we
1546 510 73 23 would
1629 511 57 23 have
1697 511 47 24 him
1755 512 55 24 bear
1821 513 24 23 in

1261 541 60 24 mind
1332 541 49 24 that
1398 548 33 17 we
1448 550 39 15 are
1500 543 44 22 -the
1555 543 90 31 injured
1656 549 73 25 party,
1741 544 45 24 and
1798 545 47 24 that

1261 575 34 23 the
1308 574 57 24 olive
1382 574 87 24 branch
1486 574 79 24 bearer
1583 576 19 22 is
1621 576 38 23 the
1677 577 81 23 author
1776 578 26 22 of
1816 578 29 23 all

1261 608 62 23 those
1334 607 76 30 things
1420 607 25 24 of
1459 607 73 24 which
1544 615 34 16 we
1588 609 121 31 complain.
1744 611 101 30 Respect

1259 633 33 31 fdr
1302 639 114 24 ourselves
1428 640 85 23 forbids
1523 640 38 23 the
1572 640 50 24 idea
1635 642 55 28 that,
1698 647 39 18 out
1744 643 25 22 of
1778 644 66 28 form,

1260 677 42 28 any
1313 678 83 25 among
1407 680 27 16 us
1445 673 47 23 will
1509 681 93 24 express
1621 675 132 23 sentiments
1771 676 74 23 which

1261 706 50 30 they
1323 705 28 24 do
1362 710 40 19 not
1412 705 53 24 feel.
1500 705 45 24 We
1556 705 57 24 have
1623 708 124 30 petitioned
1756 708 35 23 for
1808 708 37 24 the

1259 738 98 24 removal
1369 738 26 23 of
1410 738 97 31 Captain
1526 738 107 25 Hobson.
1669 741 68 23 Since
1751 740 54 24 then
1816 741 29 24 he

1260 771 39 24 hafc
1318 771 94 23 omitted
1431 771 38 24 the
1487 779 77 16 names
1583 772 27 23 of
1624 778 44 17 two
1680 774 26 22 of
1719 781 41 16 our
1771 774 74 23 fellow

1261 804 111 24 Colonists
1384 803 58 24 from
1454 804 39 23 the
1506 804 154 24 Commission
1671 806 26 23 of
1712 806 37 24 the
1762 807 81 29 Peace,

1259 837 33 26 fo?
1301 837 85 30 having
1398 845 24 14 as
1434 837 93 23 citizens
1547 838 121 30 expressed
1680 838 59 24 their
1752 840 93 30 opinion

1260 865 73 29 otfhis
1351 870 96 22 conduct
1464 875 25 18 to
1506 870 46 22 this
1570 871 137 23 settlement.
1743 872 40 23 He
1802 872 42 24 has

1259 901 115 26 discarded
1384 902 94 23 another
1490 902 137 31 Magistrate
1639 904 25 23 of
1679 904 57 23 Port
1748 905 96 23 Nichol-

1259 943 47 21 son,
1324 935 97 24 because
1438 936 24 23 in
1480 943 89 17 answer
1586 941 23 18 to
1628 945 29 14 an
1675 937 92 23 address
1783 938 60 24 from

1259 969 35 24 hU
1308 967 74 24 fellow
1402 967 121 31 Colonists,
1535 970 133 30 requesting
1684 970 48 23 him
1749 974 24 19 to
1791 971 54 24 take

1259 1002 35 24 his
1305 1005 48 19 seat
1362 1008 64 24 upon
1442 1001 39 24 the
1494 1001 127 34 Bench^he
1640 1002 103 24 declared
1755 1003 48 24 that
1814 1004 30 24 he

1260 1035 39 24 felt
1315 1033 102 24 honored
1439 1033 32 32 by
1489 1033 38 25 the
1545 1035 129 24 confidence
1699 1035 73 24 which
1798 1037 47 24 that

1260 1071 89 27 request
1360 1067 101 24 evinced.

1290 1099 68 25 More
1365 1099 57 24 than
1431 1105 44 19 two
1487 1100 90 24 months
1589 1101 70 29 since,
1668 1101 97 32 Captain
1779 1102 66 24 Hob-

1262 1141 46 21 son,
1314 1136 3 3 '
1327 1140 61 24 upon
1405 1133 115 31 declaring
1539 1134 37 23 the
1595 1135 128 30 separation
1740 1135 25 23 of
1789 1136 58 23 New

1262 1166 98 24 Zealand
1368 1166 60 24 from
1445 1166 59 24 New
1522 1167 73 23 South
1613 1167 87 29 Wales,
1711 1167 134 25 authorized

1262 1199 36 24 the
1315 1199 87 24 release
1413 1199 25 23 of
1451 1200 117 30 prisoners
1582 1199 52 24 who
1646 1207 57 16 were
1713 1201 24 22 in
1753 1201 53 30 goal
1817 1209 30 16 on

1263 1239 112 23 summary
1387 1232 127 24 conviction
1522 1241 6 20 ;
1547 1233 89 30 though
1651 1233 29 23 he
1692 1233 39 23 did
1741 1233 54 30 this,
1807 1239 41 19 not

1262 1266 37 23 the
1316 1265 106 31 slightest
1445 1265 66 24 effort
1528 1265 42 24 has
1587 1265 59 24 been
1668 1266 65 24 made
1752 1272 24 17 to
1796 1268 51 29 give

1262 1300 112 30 prisoners
1403 1299 25 22 in
1454 1298 59 24 Port
1539 1298 128 24 Nicholson
1689 1300 38 23 the
1755 1300 92 24 earliest

1262 1331 82 25 benefit
1355 1331 26 23 of
1395 1331 45 23 this
1452 1336 45 19 act.
1533 1331 51 24 The
1595 1331 134 32 knowledge
1737 1333 26 22 of
1777 1334 19 22 it
1806 1333 42 24 has

1263 1364 93 24 reached
1384 1364 46 24 this
1459 1364 64 31 place
1550 1364 99 31 through
1678 1365 38 23 the
1744 1366 52 31 Bay
1824 1367 25 23 of

1264 1397 96 29 Islands,
1373 1397 46 24 and
1433 1397 33 31 by
1483 1406 61 15 mere
1565 1399 109 22 accident.
1717 1399 76 23 These
1809 1407 38 16 are

1264 1438 59 16 some
1335 1430 25 23 of
1374 1430 38 24 the
1430 1435 50 19 acts
1497 1430 44 24 and
1560 1432 120 22 omissions
1698 1432 74 22 which
1789 1432 57 24 have

1263 1463 116 31 happened
1389 1464 62 23 since
1463 1472 41 15 our
1515 1465 95 29 petition
1621 1472 45 15 was
1678 1465 125 24 forwarded
1812 1465 36 24 for

1265 1497 35 23 the
1322 1496 100 24 removal
1443 1497 26 23 of
1495 1497 98 30 Captain
1616 1497 107 29 Hobson,
1746 1498 45 23 and
1814 1507 33 15 we

1265 1529 71 25 would
1347 1530 42 23 ask
1401 1529 100 24 whether
1520 1530 53 31 they
1584 1538 38 16 are
1634 1531 25 23 of
1673 1540 14 14 a
1699 1531 115 24 character
1825 1536 23 19 to

1264 1562 66 25 make
1340 1571 28 15 us
1379 1567 76 27 regret
1464 1563 86 31 having
1563 1564 124 24 forwarded
1706 1573 40 15 our
1757 1572 90 23 wrongs

1266 1601 20 19 to
1296 1596 29 23 be
1336 1595 46 24 laid
1394 1600 23 19 at
1423 1595 38 24 the
1468 1595 48 25 foot
1523 1597 26 23 of
1557 1597 38 23 the
1604 1597 80 23 throne
1692 1598 10 23 ?
1722 1598 46 23 Let
1774 1606 27 15 us
1809 1603 40 18 not

1266 1628 85 32 stultify
1369 1629 115 24 ourselves
1497 1629 32 31 by
1543 1630 79 31 voting
1635 1639 13 14 a
1665 1632 183 30 congratulatory

1266 1662 97 24 address.
1382 1661 25 25 It
1417 1662 75 25 would
1501 1663 42 23 but
1553 1663 69 31 bring
1633 1663 61 24 forth
1704 1672 15 15 a
1729 1664 72 31 reply,
1809 1665 38 22 the

1265 1695 60 24 truth
1336 1696 26 23 of
1375 1695 74 23 which
1461 1695 64 24 there
1541 1696 73 24 would
1631 1701 40 19 not
1688 1698 29 22 be
1729 1705 13 16 a
1758 1705 54 16 man
1823 1698 24 23 in

1266 1729 55 24 Port
1333 1728 126 24 Nicholson
1479 1728 49 24 who
1540 1729 74 24 would
1626 1738 40 23 say
1678 1738 28 15 on
1722 1730 34 24 his
1776 1731 71 23 honor

1265 1770 23 16 as
1300 1770 13 15 a
1326 1762 138 30 gentleman,
1478 1762 49 23 that
1537 1761 29 24 he
1575 1762 104 24 believed
1690 1764 38 23 the
1742 1764 105 31 slightest

1266 1795 127 24 confidence
1404 1795 82 23 should
1496 1795 29 23 be
1537 1796 97 30 reposed
1644 1797 33 23 in.

1297 1828 31 24 In
1347 1828 138 29 conclusion,
1509 1836 33 15 we
1565 1829 75 23 would
1662 1829 42 24 ask
1723 1829 62 29 then,
1805 1837 41 16 can

1265 1861 60 23 there
1337 1861 28 24 be
1381 1869 44 24 any
1437 1861 70 23 doubt
1522 1861 50 24 how
1589 1869 35 17 we
1642 1863 71 30 ought
1724 1867 22 19 to
1758 1865 87 22 receive

1266 1895 95 31 Cuptain
1381 1895 116 23 Hobson?
1534 1895 48 23 Out
1605 1896 25 22 of
1650 1900 89 26 respect
1762 1900 22 19 to
1807 1896 38 26 th.c

1265 1929 63 22 ofuce
1349 1928 28 23 he
1400 1928 53 28 fills,
1476 1928 29 22 he
1527 1932 62 19 must
1611 1929 29 23 be
1662 1929 103 23 received
1793 1929 53 23 with

1265 1964 102 25 courtesy
1375 1967 7 20 ;
1402 1959 45 23 and
1459 1959 81 23 should
1549 1959 30 23 he
1591 1959 28 23 be
1633 1960 137 31 superseded
1782 1961 64 23 while

1264 1990 60 30 here,
1337 1999 67 24 every
1415 1999 53 16 man
1480 1992 71 30 ought
1562 1992 110 31 instantly
1684 1997 22 19 to
1715 1993 64 23 avoid
1791 1994 54 29 him,

1264 2028 21 20 to
1297 2025 77 23 evince
1386 2025 37 23 the
1435 2025 48 23 real
1493 2025 84 31 feeling
1585 2025 75 23 which
1668 2027 69 22 exists
1749 2027 97 24 towards

1264 2066 12 15 a
1281 2066 83 23 person
1370 2058 50 23 who
1426 2058 43 23 has
1477 2058 144 30 disregarded
1629 2058 63 24 Lord
1699 2060 22 22 J.
1732 2060 114 24 Russell's

1264 2091 146 24 instructions
1417 2096 23 19 to
1450 2096 58 19 treat
1518 2099 28 15 us
1554 2092 54 23 with
1620 2092 109 23 kindness
1737 2094 45 23 and
1793 2101 53 16 con-

1264 2124 128 24 sideration.

648 515 28 16 us
688 508 26 23 of
730 516 40 16 our
788 508 62 24 land.
887 508 40 24 He
941 509 74 23 stated
1026 508 48 25 that
1086 510 63 24 there
1160 511 75 24 would

647 541 31 23 be
705 548 15 16 a
750 540 157 25 Government
928 546 61 19 town
1010 542 37 23 for
1068 543 49 24 sale
1145 551 30 16 on
1196 544 39 23 the

648 573 110 29 Thames,
775 573 32 31 by
827 573 39 24 the
885 575 97 30 ensuing
1003 575 91 30 March,
1113 576 45 24 and
1174 585 26 15 as
1216 578 19 22 it

647 606 77 24 would
733 606 29 24 be
774 606 39 24 the
825 606 54 32 only
886 612 51 26 spot
948 607 74 24 where
1033 608 39 23 the
1085 609 49 23 title
1146 614 22 19 to
1181 610 53 23 land

646 638 77 25 would
740 639 28 24 be
787 647 88 21 secure,
887 640 51 23 that
956 640 66 23 alone
1033 645 62 20 must
1106 649 81 17 ensure
1203 643 31 23 its

648 680 102 16 success.
792 671 60 25 This
873 680 47 16 was
949 673 74 24 stated
1045 673 66 25 while
1137 675 97 31 Captain

648 705 101 24 Hobson
755 713 46 16 was
812 706 102 32 penning
923 706 38 23 his
972 706 65 32 reply
1045 711 22 19 to
1080 715 41 16 our
1132 708 101 29 address,

647 739 26 22 in
688 738 76 24 which
780 738 32 24 he
829 746 58 23 gave
898 746 28 17 us
938 743 23 19 to
980 739 67 30 infer,
1059 739 50 25 that
1119 740 30 24 he
1159 741 75 24 would

646 779 58 23 urge
716 779 41 16 our
770 779 51 16 case
838 772 104 32 strongly
951 780 63 24 upon
1028 772 38 24 the
1083 774 111 24 attention
1210 774 27 24 of

649 804 39 24 Sir
711 804 91 31 George
827 805 83 32 Gipps.
953 805 49 24 But
1023 805 38 24 the
1083 806 150 32 Deputation,

646 837 68 24 while
733 842 24 19 at
775 838 102 31 Sydney,
897 838 67 23 could
982 842 41 19 not
1040 839 65 23 learn
1121 840 51 23 that
1188 848 45 23 any

648 872 190 22 communication
855 872 25 22 in
899 879 42 15 our
957 872 81 22 favour
1055 871 45 24 had
1118 872 58 24 been
1186 873 47 23 for-

647 903 91 24 warded
747 904 31 30 by
789 903 40 24 the
841 903 122 24 Governor
974 904 26 23 of
1008 904 58 23 New
1077 905 109 24 Zealand.
1209 906 26 23 A

648 939 126 21 statement
786 940 24 19 to
822 943 42 16 our
880 936 161 31 disadvantage
1053 936 53 30 had,
1122 938 110 30 however,

648 968 58 24 been
714 969 111 23 received.
861 969 48 24 Mr,
920 968 124 25 Shortland
1054 969 45 24 had
1109 972 126 23 succeeded

647 1001 25 22 in
693 1002 138 30 impressing
855 1002 39 23 Sir
916 1002 92 31 George
1025 1002 75 32 Gipps
1118 1004 56 23 with
1196 1004 38 24 the

646 1033 72 24 belief
738 1034 48 23 that
804 1035 25 22 in
847 1035 40 23 the
910 1034 72 31 slight
1005 1040 88 19 contest
1116 1037 56 23 with
1194 1037 39 24 the

646 1067 97 28 natives,
751 1066 100 32 brought
858 1075 30 16 on
894 1067 31 31 by
932 1067 40 24 the
980 1068 105 25 Colonial
1093 1069 141 32 Secretary's

646 1099 118 32 meddling
774 1099 66 25 while
852 1099 62 31 here,
924 1108 35 16 we
970 1101 46 23 had
1025 1101 103 25 behaved
1139 1104 93 30 cruelly.

640 1146 3 7 1
678 1138 77 24 When
766 1139 37 24 the
810 1139 143 32 Deputation
960 1142 133 24 announced
1104 1146 23 20 to
1140 1143 95 32 Captain

648 1172 106 29 Hobson,
767 1177 24 19 at
801 1173 39 23 the
859 1174 50 30 Bay
922 1174 25 23 of
963 1174 98 29 Islands,
1075 1175 39 24 the
1128 1184 108 23 arrange-

645 1209 64 19 ment
721 1206 38 23 Sir
771 1206 91 31 George
874 1206 75 33 Gipps
967 1207 47 23 had
1030 1208 65 24 made
1109 1209 92 24 relative
1213 1214 23 19 to

646 1238 58 23 Port
715 1239 135 29 Nicholson,
862 1240 50 23 how
924 1247 47 16 was
981 1241 20 23 it
1011 1241 102 24 received
1121 1242 9 23 ?
1149 1242 48 24 Did
1207 1242 30 24 he

646 1272 78 23 evince
736 1280 13 15 a
759 1272 86 31 feeling
856 1273 26 23 of
896 1273 104 30 pleasure
1018 1273 50 24 that
1079 1282 13 16 a
1102 1275 64 31 large
1177 1276 60 31 body

646 1305 26 23 of
685 1305 37 23 his
735 1310 148 26 countrymen
894 1306 45 23 had
956 1306 58 24 been
1029 1306 99 25 relieved
1137 1308 59 25 from
1207 1317 30 16 an

645 1338 90 23 intense
754 1338 86 31 feeling
860 1339 26 23 of
914 1340 94 30 anxiety
1008 1352 32 5 —
1041 1347 25 16 or
1088 1340 40 24 did
1146 1341 29 23 he
1197 1347 40 19 not

645 1370 76 24 rather
734 1371 61 24 shew
813 1371 51 24 that
881 1380 41 15 our
940 1373 68 23 relief
1021 1381 46 15 was
1083 1374 154 31 disagreeable

646 1408 23 19 to
681 1404 57 29 him,
750 1404 72 24 either
834 1405 100 23 because
950 1405 37 23 his
1005 1406 76 31 paltry
1098 1414 76 24 power
1193 1408 44 24 had

645 1437 60 23 been
720 1438 109 23 trenched
845 1446 70 24 upon,
935 1446 25 15 or
968 1439 97 23 because
1076 1440 19 23 it
1106 1440 73 31 might
1190 1441 47 24 dis-

646 1471 95 30 appoint
751 1470 49 24 Mr.
814 1471 121 31 Secretary
942 1471 124 25 Shortland
1067 1471 11 11 r
1074 1480 11 16 s
1095 1475 142 29 expectation

647 1503 26 23 of
688 1503 39 23 the
738 1503 58 31 good
807 1504 76 23 which
898 1504 74 24 would
984 1512 69 16 ensue
1071 1510 23 19 to
1107 1505 130 32 Auckland,

646 1537 24 22 in
683 1544 155 23 consequence
850 1538 26 22 of
890 1545 42 15 our
943 1538 69 30 being
1021 1538 96 24 without
1128 1547 14 15 a
1224 1546 3 6 1

681 1576 32 23 In
735 1577 38 24 Sir
797 1577 93 31 George
913 1577 82 32 Gipps'
1019 1580 132 22 concession
1175 1580 64 24 there

646 1616 60 16 were
718 1614 43 19 two
773 1610 136 27 conditions,
921 1611 74 23 which
1005 1612 35 23 till
1053 1612 113 31 complied
1176 1614 62 30 with,

646 1642 123 25 interfered
787 1643 55 23 with
860 1652 40 15 our
918 1644 88 31 perfect
1023 1646 107 30 security.
1172 1646 67 32 They

647 1683 60 16 were
719 1675 49 25 that
780 1676 97 32 Captain
888 1677 99 24 Hobson
996 1677 82 24 should
1086 1680 104 23 sanction
1200 1681 39 24 the

647 1717 103 16 reserves
761 1710 66 23 made
838 1710 36 23 for
885 1710 38 24 the
934 1711 85 31 public,
1033 1712 44 23 and
1087 1712 40 23 the
1137 1721 102 17 reserves

648 1741 67 24 made
725 1742 36 24 for
772 1743 40 23 the
822 1743 98 25 natives.
957 1743 51 25 The
1018 1745 142 31 Deputation
1174 1747 66 24 made

648 1774 48 25 him
718 1776 134 30 acquainted
869 1776 56 25 with
942 1776 47 25 this
1008 1778 70 31 being
1096 1778 38 24 the
1152 1787 51 16 case
1215 1781 25 23 in

648 1808 131 24 November
801 1809 53 25 last.
901 1810 27 24 Is
951 1811 18 23 it
989 1816 41 18 not
1050 1812 118 23 notorious
1189 1813 51 24 that

650 1841 97 32 Captain
767 1842 100 24 Hobson
887 1842 42 25 has
947 1843 70 24 taken
1035 1851 31 16 no
1083 1846 75 22 notice
1177 1846 25 23 of
1226 1855 14 15 a

647 1879 84 19 matter
747 1883 25 15 so
791 1875 123 31 important
926 1880 23 19 to
961 1877 46 23 this
1025 1877 130 24 settlement
1163 1879 9 23 ?
1206 1879 34 24 Of

647 1915 80 16 course
739 1908 34 23 his
786 1909 130 31 abstaining
927 1917 26 15 so
964 1910 55 30 long
1030 1910 58 23 from
1105 1913 135 31 expressing

647 1948 29 15 an
685 1941 104 29 opinion*
798 1941 75 23 would
884 1941 28 24 be
924 1942 62 23 dealt
995 1942 172 31 -wsiijE.Lord
1178 1945 60 22 John

646 1972 96 23 Russell
754 1981 26 14 as
791 1974 144 30 sanctioning
947 1974 31 23 all
988 1973 50 24 that
1055 1974 46 23 had
1111 1975 58 24 been
1181 1976 57 24 done

646 2005 63 23 here.
745 2006 48 23 But
810 2006 19 23 it
844 2006 54 23 does
909 2011 42 19 not
960 2007 83 23 relieve
1060 2008 97 31 Captain
1169 2008 69 24 Hob-

646 2046 42 16 son
700 2039 58 24 from
770 2039 39 24 the
823 2039 83 31 charge
920 2040 26 23 of
954 2041 89 30 grossly
1055 2041 131 32 neglecting
1196 2051 42 16 our

646 2072 103 23 interest.

684 2111 53 24 The
747 2117 56 19 next
814 2121 46 15 was
873 2117 40 19 not
922 2121 30 15 an
963 2118 37 19 act
1008 2114 26 23 of
1043 2115 117 28 omission,
1167 2115 42 24 but
1216 2116 25 24 of

648 2145 74 23 active
737 2145 111 31 hostility.
886 2147 98 31 Captain
1003 2147 106 24 Hobson-
1122 2153 51 19 sent
1184 2149 54 24 here

649 2178 44 23 and
710 2178 128 24 advertised
848 2180 36 22 for
892 2180 137 24 mechanics.
1066 2180 44 24 We
1123 2183 116 30 protested

650 2212 90 29 against
750 2213 120 31 removing
882 2221 41 15 our
940 2213 91 24 settlers
1046 2214 56 23 with
1120 2215 39 24 the
1176 2216 62 23 colo-

648 2244 48 23 nial
713 2244 76 30 funds,
808 2254 25 15 as
853 2255 14 14 a
885 2254 65 23 gross
968 2247 70 23 abuse
1057 2248 25 22 of
1098 2247 37 24 the
1151 2256 87 24 powers

650 2277 103 25 confided
763 2279 36 23 for
811 2279 38 23 the
860 2280 94 30 general
965 2281 93 22 benefit.
1095 2281 50 24 The
1152 2286 88 26 protest

648 2318 46 16 was
711 2312 26 23 of
750 2320 30 15 no
793 2312 58 24 avail
858 2322 6 20 ;
889 2321 14 15 a
920 2313 75 23 vessel
1012 2313 66 24 made
1090 2314 44 24 her
1142 2323 96 24 appear-

648 2352 64 21 ance,
736 2345 46 23 and
804 2346 86 23 carried
921 2354 63 23 away
1006 2351 23 20 to
1052 2347 125 25 Auckland
1199 2349 39 24 the

647 2376 81 25 labour
745 2378 35 24 for
795 2379 38 23 the
851 2380 148 30 importation
1017 2380 25 24 of
1063 2380 74 24 which
1149 2389 32 16 we
1192 2382 47 24 had

646 2411 62 30 paid.
751 2414 34 21 At
804 2412 38 23 the
860 2420 64 16 same
946 2414 62 28 time,
1027 2413 39 24 the
1089 2418 77 28 troops
1186 2421 52 19 sent

646 2443 56 24 here
714 2448 23 20 to
747 2446 72 23 insult
830 2453 36 21 us,
879 2453 60 17 were
956 2447 106 23 removed
1078 2451 24 19 to
1118 2448 63 24 swell
1199 2449 39 25 the

646 2477 109 25 numbers
773 2479 45 23 and
837 2479 149 31 expenditure
1005 2480 25 23 of
1052 2480 99 32 Captain
1168 2482 70 24 Hob-

647 2511 62 23 son's
728 2516 49 19 seat
798 2512 25 23 of
838 2512 165 24 Government.
1040 2514 52 23 The
1104 2515 99 23 removal
1215 2516 26 24 of

647 2543 38 24 the
704 2549 78 27 troops
800 2553 47 15 was
868 2554 24 15 as
913 2546 157 31 unjustifiable
1093 2556 25 15 as
1139 2549 99 31 sending

647 2577 63 24 them
721 2578 62 24 here.
820 2578 30 25 In
859 2587 155 23 consequence
1024 2580 24 23 of
1058 2580 59 24 their
1128 2582 108 29 removal,

648 2618 32 16 we
692 2611 59 24 have
761 2611 59 24 been
832 2613 94 29 robbed,
939 2613 45 23 and
1002 2613 99 24 suffered
1118 2615 58 24 from
1189 2620 48 19 acts

648 2644 25 23 of
686 2644 103 24 violence
801 2646 132 24 committed
947 2646 32 31 by
990 2646 39 24 the
1045 2648 97 29 natives,
1156 2648 82 24 doubt-

646 2677 47 23 less
708 2685 30 16 on
749 2678 39 24 the
802 2680 144 30 supposition
963 2680 51 23 that
1028 2680 98 32 Captain
1140 2682 98 23 Hobson

646 2710 47 23 had
702 2710 132 33 designedly
847 2712 85 25 offered
943 2721 31 23 up
986 2713 46 24 this
1046 2714 131 24 settlement
1188 2724 25 15 as
1226 2724 13 15 a

648 2744 103 24 sacrifice
763 2749 23 19 to
805 2745 60 25 their
883 2746 110 31 cupidity.
1030 2747 51 24 The
1101 2748 88 24 settlers
1201 2750 37 23 in-

647 2777 78 30 spired
734 2777 55 24 with
802 2786 13 15 a
833 2778 122 32 becoming
972 2787 66 16 sense
1057 2781 27 23 of
1097 2780 38 24 the
1149 2789 90 24 wrongs

646 2810 77 23 which
733 2811 54 30 they
799 2811 46 23 had
852 2813 156 30 experienced,
1017 2814 24 22 in
1055 2814 77 31 public
1139 2817 102 30 meeting

646 2843 68 23 voted
726 2851 28 16 an
768 2844 94 24 address
874 2849 23 19 to
904 2845 40 24 the
952 2846 89 29 Queen,
1050 2848 98 31 praying
1155 2849 34 23 for
1201 2849 40 24 the

647 2877 100 23 removal
765 2877 26 23 of
815 2877 97 32 Captain
937 2879 105 29 Hobson,
1062 2881 74 23 which
1154 2882 86 32 having
1240 2891 1 5 1

646 2909 59 23 been
732 2910 127 25 forwarded
884 2912 33 31 by
939 2912 38 23 the
1001 2912 69 31 Cuba,
1094 2919 62 19 must
1182 2916 59 24 have

647 2942 97 24 reached
754 2943 110 32 England
876 2952 63 16 some
949 2946 38 22 six
997 2946 76 24 weeks
1086 2956 50 22 ago.

681 2975 46 24 We
736 2976 50 24 find
803 2977 50 24 that
870 2978 115 29 £41,000
1001 2978 43 25 has
1061 2980 59 24 been
1133 2982 105 24 received

648 3008 60 24 from
721 3010 101 31 Sydney,
835 3010 44 24 and
897 3012 115 29 £21,000
1029 3012 60 25 from
1099 3014 55 24 land
1168 3016 68 24 sales.

650 3041 63 24 That
735 3043 98 32 Captain
856 3044 107 30 Hobson,
990 3053 31 24 up
1040 3050 24 20 to
1087 3047 62 32 July,
1167 3057 27 15 or
1214 3050 24 23 in

649 3076 106 30 eighteen
765 3077 102 30 months,
878 3078 46 24 had
935 3079 119 31 expended
1068 3080 47 24 this
1126 3086 94 19 amount
1230 3091 6 20 ;

650 3116 25 16 or
704 3109 70 24 about
801 3111 116 29 £40,000
945 3120 42 24 per
1015 3120 93 18 annum.
1156 3115 80 25 How?

650 3141 67 24 when
725 3142 8 24 ?
752 3143 46 23 and
812 3144 75 23 where
895 3145 11 23 ?
924 3152 38 17 are
981 3147 116 29 questions
1113 3152 40 26 yet
1168 3153 23 19 to
1209 3149 29 23 be

650 3176 125 24 answered.
820 3177 59 24 Sure
895 3185 34 16 we
947 3186 47 21 are,
1014 3179 50 24 that
1086 3180 88 32 though
1191 3182 47 24 this

650 3208 132 24 settlement
791 3210 43 23 has
855 3218 14 16 a
885 3211 135 32 population
1031 3213 65 31 equal
1116 3218 23 20 to
1151 3214 30 24 all
1199 3215 39 24 the

651 3241 77 24 others
739 3247 41 27 put
800 3243 112 31 together,
924 3252 34 17 we
975 3245 58 24 have
1055 3246 46 25 had
1118 3252 40 19 not
1175 3256 63 16 more

650 3274 57 24 than
714 3275 88 25 £1000
815 3276 26 23 of
851 3276 46 24 this
905 3285 121 17 enormous
1034 3281 157 30 expenditure,
1203 3282 35 23 for

650 3307 75 25 which
735 3316 34 16 we
781 3309 60 24 shall
857 3309 58 25 have
934 3315 22 20 to
975 3311 86 25 submit
1079 3318 23 19 to
1122 3315 117 24 excessive

650 3342 112 23 taxation.

683 3375 64 31 Why
752 3375 43 24 has
801 3375 99 33 Captain
909 3377 99 25 Hobson
1015 3378 52 25 thus
1075 3379 55 33 long
1136 3380 102 25 abstain-

648 3408 42 31 ing
699 3408 60 24 from
771 3410 92 31 coming
873 3410 55 24 here
935 3411 10 23 ?
981 3411 40 25 He
1027 3412 42 24 has
1084 3413 45 24 had
1140 3422 14 16 a
1164 3415 75 23 vessel

649 3445 24 19 at
684 3441 36 24 his
732 3442 108 32 disposal,
853 3443 44 25 and
912 3444 42 24 has
970 3444 127 33 journeyed
1109 3447 130 32 frequently

648 3474 104 25 between
768 3475 127 25 Auckland
914 3478 45 23 and
975 3478 39 24 the
1027 3478 52 33 Bay
1093 3480 25 24 of
1135 3480 101 24 Islands.

649 3507 37 25 To
707 3516 29 16 us
753 3509 40 24 the
808 3517 84 17 reason
909 3511 22 23 is
949 3511 105 29 evident;
1073 3512 42 24 but
1132 3521 34 16 we
1189 3514 49 23 also

650 3541 68 24 know
729 3542 19 23 it
758 3546 24 20 to
794 3543 28 23 be
834 3544 39 23 the
883 3543 56 25 fact.
976 3545 98 31 Captain
1086 3546 99 24 Hobson
1195 3547 43 23 has

649 3575 118 24 remained
778 3584 71 24 away,
860 3577 106 29 because,
977 3578 21 23 if
1006 3579 28 22 he
1047 3579 39 23 did
1095 3584 42 19 not
1151 3579 88 24 believe

649 3607 51 24 that
711 3608 99 33 actually
820 3610 103 32 injuring
934 3610 38 24 the
985 3612 130 24 settlement
1123 3613 75 23 would
1208 3612 30 24 be

648 3641 100 30 grateful
759 3646 24 20 to
801 3642 40 24 the
860 3643 104 24 Colonial
986 3644 80 30 Office,
1086 3645 29 24 he
1134 3646 42 23 has
1196 3646 43 23 felt

649 3673 51 24 that
718 3674 54 32 they
782 3676 77 24 would
869 3676 47 24 like
935 3677 49 23 him
995 3683 23 18 to
1035 3678 53 30 give
1105 3686 28 16 us
1148 3686 30 16 no
1196 3686 42 16 en-

650 3713 169 24 couragement.
856 3709 39 24 He
907 3710 77 23 feared
1002 3715 22 19 to
1036 3711 28 23 be
1079 3711 56 31 just,
1153 3712 44 23 lest
1208 3711 30 24 he

650 3739 82 24 should
754 3741 77 24 offend
852 3742 39 23 the
916 3743 105 23 Colonial
1043 3744 117 24 Minister.
1200 3744 38 31 By

649 3772 46 24 this
709 3773 54 24 time
781 3773 30 25 he
829 3779 61 19 must
908 3776 57 23 have
983 3776 93 24 learned
1092 3777 51 23 that
1153 3785 14 15 a
1182 3785 56 16 man

648 3806 103 29 presides
770 3814 54 16 over
842 3808 39 23 the
899 3808 143 31 department
1059 3809 51 24 who
1128 3810 46 23 will
1195 3818 41 23 ap-

648 3839 99 29 preciate
767 3840 57 22 such
843 3840 104 29 conduct,
971 3841 41 23 but
1029 3847 41 18 not
1087 3843 25 22 in
1130 3843 38 23 the
1187 3851 50 23 way

648 3870 51 24 that
707 3872 45 23 will
764 3879 69 23 prove
845 3873 143 31 satisfactory
997 3878 22 19 to
1031 3874 38 24 the
1083 3874 117 25 Governor
1213 3877 26 23 of

648 3904 59 24 New
721 3904 108 24 Zealand.

681 3937 43 24 We
737 3946 38 16 are
788 3938 46 24 told
847 3939 36 24 tha
897 3940 119 25 Governor
1035 3949 75 16 comes
1128 3942 55 24 with
1196 3943 39 23 the
