2510 4010
656 127 79 15 vernor
750 120 46 22 and
802 119 143 27 'Legislative
961 119 94 21 Council
1063 119 27 21 of
1100 119 56 21 New
1172 119 69 21 South

656 145 80 27 Wales,
747 146 71 22 which
829 145 57 22 shall
899 145 72 21 under
981 145 45 21 and
1035 145 28 27 by
1074 145 71 21 virtue
1160 145 27 21 of
1198 145 44 22 this

657 172 125 27 ordinance,
793 173 27 21 be
832 171 98 26 brought
947 171 47 21 into
1011 171 113 28 operation
1141 171 46 22 and
1203 178 39 16 ex-

656 199 80 21 tended
747 203 22 17 to
787 199 44 21 and
848 197 88 28 applied
950 197 21 22 in
994 198 37 21 the
1049 197 46 22 said
1116 197 85 28 Colony
1218 198 27 21 of

657 225 54 21 New
721 225 106 26 Zealand,
839 225 118 21 whenever
966 224 37 21 the
1010 223 69 23 words
1117 223 122 27 Governor,

657 251 51 21 with
717 251 37 21 the
765 251 78 21 advice
853 251 26 21 of
893 250 37 22 the
940 250 123 22 Executive
1077 250 101 27 Council,
1196 251 45 21 Go-

656 284 86 19 vernor,
758 277 93 26 Justice,
869 284 25 14 or
910 277 96 21 Justices
1026 277 25 21 of
1067 276 38 22 the
1121 277 78 26 Peace,
1217 284 24 14 or

657 304 153 21 Government
826 303 95 21 Gazette
936 303 26 21 of
981 303 56 21 New
1056 302 68 22 South

656 337 37 14 are
702 330 54 21 used
766 330 23 21 in
805 330 54 21 such
874 333 36 18 act
928 337 24 13 or
967 333 54 23 acts,
1039 329 36 21 the
1094 336 61 14 same
1170 330 70 21 words

656 356 56 22 shall
722 357 26 21 be
759 356 120 22 construed
891 359 23 18 to
928 363 73 19 mean,
1019 356 43 22 and
1078 356 57 21 shall
1150 356 90 22 include

656 383 44 21 and
710 382 83 22 extend
802 386 22 18 to
861 382 36 22 the
908 382 123 26 Governor,
1043 382 51 21 with
1109 382 37 22 the
1163 382 77 22 advice

656 410 26 20 of
693 409 36 21 the
740 409 122 21 Executive
872 408 92 22 Council
977 409 26 21 of
1014 409 54 21 New
1216 416 25 14 or

679 436 117 21 Governor
804 436 36 21 for
848 435 38 22 the
896 435 54 21 time
1063 442 25 14 or
1163 443 24 14 or
1196 443 44 19 any

656 462 95 21 Justices
769 469 25 14 or
810 462 85 21 Justice
912 461 26 21 of
954 461 38 22 the
1008 462 76 25 Peace,
1102 462 45 21 and
1164 465 23 18 to
1203 462 36 21 the

657 488 154 22 Government
829 488 95 21 Gazette
943 488 25 21 of
989 487 38 22 the
1045 487 48 22 said
1110 488 86 27 Colony
1218 488 25 21 of

656 514 54 22 New
881 514 45 21 and
941 514 48 21 that
1004 514 31 21 all
1049 514 70 22 words
1138 514 45 22 and
1201 521 38 16 ex-

655 541 109 26 pressions
774 541 110 26 referring
893 540 45 21 and
947 540 85 27 having
1039 540 94 22 relation
1146 544 23 18 to
1184 541 55 22 New

656 568 68 21 South
735 567 74 22 Wales
818 567 58 22 shall
884 567 35 25 be,
938 566 44 22 and
992 566 37 22 the
1039 574 59 14 same
1109 574 36 15 are
1156 567 83 27 hereby

656 594 96 21 directed
762 597 22 18 to
795 594 27 21 be
832 593 89 27 applied
931 593 45 22 and
986 593 119 22 construed
1117 596 23 19 to
1156 594 83 22 extend

655 624 22 17 to
688 620 36 22 the
734 620 48 22 said
792 620 85 27 Colony
888 620 25 21 of
924 619 54 22 New
990 619 105 22 Zealand.

762 652 103 28 (Signed)
921 653 111 21 William
1042 653 100 26 Hobson,

1088 679 123 23 Governor.

655 706 64 16 Passed
726 706 31 16 the
765 705 107 21 Legislative
884 705 79 20 Council,
975 705 37 17 this
1023 705 47 17 third
1073 707 11 15 \

675 727 34 20 day
716 728 20 14 of
744 727 53 18 June,
813 726 19 16 in
844 727 31 16 the
886 731 42 16 year
939 727 20 15 of
971 731 33 11 our
1019 726 50 19 Lord,
1079 722 10 27 (_

674 752 34 11 one
720 747 90 17 thousand
820 747 50 21 eight
884 747 82 16 hundred
977 747 37 16 and
1025 747 45 20 forty
1078 750 5 13 I

674 772 39 15 one,
1072 764 12 23 J

974 788 75 22 James
1058 788 96 26 Coates,

832 815 66 21 Clerk
908 814 26 22 of
945 814 37 22 the
993 814 133 27 Legislative
1137 815 99 22 Council.

81 124 168 26 Gentlemen,
251 136 33 4 —
284 123 11 23 I
314 123 59 23 shall
390 123 38 31 lay
439 123 80 22 before
530 130 48 22 you
597 129 30 17 an

47 157 134 23 Ordinance
194 157 36 22 for
240 157 41 22 the
291 159 97 27 present
399 163 35 15 re-
437 154 112 31 adoption
561 154 27 23 of
596 154 31 23 all

49 190 56 22 *mch
117 190 60 22 Acts
190 189 25 22 of
230 189 59 22 New
310 187 77 24 South
397 187 82 23 Wales
492 195 25 15 as
531 194 60 16 were
602 187 25 22 in

47 222 63 22 foice
131 222 108 29 previous
255 224 24 19 to
300 228 43 15 our
363 220 139 30 separation,
521 219 48 23 and
589 227 38 15 are

46 262 53 15 now
110 253 129 30 applicable
248 256 24 20 to
284 253 47 22 this
343 252 99 31 Colony.

77 286 24 23 It
120 286 20 23 is
161 288 43 21 not
220 293 41 23 my
281 284 123 26 intention,
423 284 118 26 however,
554 291 71 16 even-

44 319 74 30 tually
136 321 26 19 to
186 325 100 23 propose
308 317 37 23 for
364 324 60 23 your
442 316 121 30 adoption,
587 316 41 22 the

44 350 56 24 laws
112 350 26 23 of
153 350 62 23 New
234 349 76 24 South
326 349 94 26 'Wales,
433 349 43 22 but
496 349 19 22 it
533 348 48 23 will
596 349 31 22 be

46 391 39 22 my
96 383 140 25 endeavour,
251 382 85 30 during
353 381 42 23 the
406 389 85 18 recess,
504 380 70 24 aided
595 381 33 30 by

46 415 40 24 the
94 415 82 23 advice
183 415 47 22 and
239 415 127 22 assistance
375 413 27 24 of
411 413 39 24 the
460 413 58 23 Law
527 413 100 23 Officers

46 448 26 23 of
86 448 41 23 the
138 447 96 26 Crown,
246 450 25 20 to
283 453 97 24 prepare
399 446 37 23 for
447 453 60 23 your
518 445 108 24 conside-

46 479 83 26 rution,
148 479 60 23 such
228 479 56 23 laws
301 487 27 15 as
346 479 48 23 will
411 479 54 22 best
482 477 98 32 provide
591 477 37 23 for

45 512 41 23 the
96 511 189 24 administration
305 511 26 23 of
343 511 93 31 justice,
449 511 47 22 and
516 511 41 22 the
570 517 55 16 con-

46 544 130 31 tingencies
188 544 27 23 of
229 544 71 23 social
317 544 47 26 life,
377 543 77 23 which
474 551 55 22 may
539 543 30 23 be
585 550 40 15 ex-

44 577 84 30 pected
138 580 26 19 to
185 577 60 22 arise
264 577 24 22 in
308 576 62 23 New
385 575 112 26 Zaaland,
509 575 118 24 therefore

46 609 40 23 the
97 616 119 16 measures
228 617 54 15 now
291 608 118 31 proposed
416 611 25 20 to
453 615 54 24 you,
520 611 64 20 must
596 608 31 23 be

45 641 95 24 deemed
153 644 141 27 temporary,
305 641 47 23 and
361 640 137 31 contingent
507 648 26 16 as
540 640 86 23 result-

46 674 42 30 ing
98 674 61 23 from
178 674 40 23 the
234 676 95 28 present
342 672 102 32 peculiar
463 672 121 24 condition
601 672 27 23 of

47 707 40 22 the
98 705 101 30 Colony.

77 738 37 30 By
126 738 125 23 command
263 738 26 23 of
294 737 44 24 her
349 738 113 31 Majesty,
472 737 12 23 I
496 737 49 24 will
554 737 71 31 bring

44 771 74 23 under
138 778 60 23 your
209 770 172 24 consideration
392 771 40 23 the
447 770 80 31 repeal
544 770 27 23 of
585 770 40 23 the

44 803 68 24 Land
135 803 159 24 Commission
314 803 54 27 Act,
392 803 49 23 and
469 803 95 27 submit,
589 803 36 22 for

45 843 58 24 your
114 836 121 31 adoption,
248 844 30 15 an
294 835 134 24 Ordinance
445 835 37 23 for
500 836 42 22 the
561 843 64 15 same

44 869 94 30 general
149 876 122 22 purposes,
284 869 44 23 but
345 869 113 29 granting
475 871 25 21 to
512 868 41 24 the
575 867 48 24 Go-

43 908 85 16 vernor
136 901 28 22 of
174 901 61 23 New
250 901 105 23 Zealand
365 901 41 23 the
420 909 63 15 same
495 908 92 23 powers
597 908 28 15 as

44 933 67 23 those
131 933 131 23 heretofore
281 933 99 30 enjoyed
398 933 32 32 by
441 933 41 23 the
500 933 125 23 Governor

44 965 26 23 of
79 966 61 22 New
154 965 77 23 South
241 966 90 22 Wales.

76 998 12 23 I
103 998 49 23 will
162 998 104 24 likewise
276 998 39 31 lay
322 998 79 23 before
413 1006 47 23 you
470 998 54 23 bills
535 998 38 23 for
584 998 41 23 the

42 1031 132 30 regulation
186 1031 48 22 and
251 1030 122 24 collection
392 1031 27 23 of
431 1031 41 23 the
487 1038 102 16 revenue
600 1031 26 22 of

43 1062 43 24 her
107 1063 125 30 Majesty's
252 1062 119 28 Customs,
372 1076 34 3 —
406 1064 36 22 for
466 1063 159 31 establishing

44 1095 85 23 Courts
150 1096 27 23 of
195 1095 101 28 Quarter
309 1095 110 24 Sessions
437 1096 47 23 and
497 1095 125 31 Requests,

42 1128 47 23 and
116 1128 38 23 for
182 1128 40 23 the
250 1128 144 31 prohibition
422 1128 26 23 of
475 1128 147 24 distillation.

42 1160 84 27 These,
138 1161 143 30 gentlemen,
293 1168 40 16 are
344 1161 42 23 the
404 1161 57 31 only
473 1161 103 30 subjects
589 1161 36 23 for

43 1192 41 24 the
94 1197 104 27 present,
211 1201 31 16 on
253 1193 79 24 which
343 1193 12 24 I
368 1194 60 23 shall
438 1193 91 31 require
540 1201 49 23 you
598 1197 26 20 to

44 1226 134 22 deliberate.

77 1258 167 28 Gentlemen,
246 1271 32 6 —
278 1259 47 24 We
347 1259 61 24 have
427 1267 14 15 a
460 1259 91 23 solemn
575 1259 48 22 and

42 1290 130 31 important
185 1292 58 30 duty
254 1295 25 21 to
291 1292 102 31 perform
402 1301 6 13 :
426 1292 32 31 by
469 1299 44 15 our
532 1299 90 19 means,

44 1323 136 31 conflicting
198 1324 110 24 interests
326 1333 40 15 are
385 1328 25 19 to
429 1328 28 19 be
476 1324 130 23 reconciled
617 1333 5 18 ;

42 1355 115 32 harmony
180 1357 48 23 and
250 1358 135 30 tranquility
408 1357 150 27 established,
576 1357 47 23 and

42 1396 119 16 measures
174 1397 39 15 are
224 1393 27 19 to
270 1390 30 23 be
314 1390 104 30 adopted
435 1389 37 24 for
490 1389 135 31 improving

41 1420 41 24 the
93 1421 122 24 condition
227 1422 46 23 and
284 1422 118 31 elevating
419 1422 41 23 the
471 1422 121 24 character
599 1422 27 23 of

42 1453 41 23 the
94 1453 140 30 Aboriginal
245 1455 154 23 inhabitants.

75 1486 30 23 In
115 1486 48 23 this
183 1487 103 31 salutary
295 1488 74 26 work,
385 1487 12 23 I
413 1487 143 31 confidently
567 1486 54 25 look

44 1518 36 24 for
91 1527 58 22 your
161 1520 89 22 cordial
261 1520 128 23 assistance
398 1520 46 22 and
453 1520 169 31 co-operation,

43 1551 46 23 and
110 1551 11 23 I
139 1555 71 24 trust,
222 1553 74 22 under
316 1553 86 22 Divine
422 1553 151 26 Providence,
589 1561 33 15 we

42 1584 60 23 shall
118 1584 30 23 be
167 1585 98 23 enabled
286 1587 24 21 to
333 1585 143 30 accomplish
495 1586 68 22 these
578 1586 44 22 im-

41 1619 95 28 portant
154 1617 97 31 objects,
265 1617 47 23 and
332 1620 25 20 to
376 1618 54 30 give
449 1618 70 23 effect
538 1621 26 20 to
582 1619 40 22 her

41 1648 127 32 Majesty's
176 1650 107 30 gracious
291 1650 49 23 and
350 1650 89 31 benign
451 1651 71 23 views
534 1651 37 23 for
583 1651 39 23 the

41 1681 101 28 welfare,
159 1683 139 31 prosperity,
310 1683 49 23 and
375 1683 141 23 civilization
535 1684 26 22 of
575 1683 47 24 this

43 1714 98 30 Colony.

72 1747 69 23 After
152 1747 82 31 laying
245 1755 30 15 on
287 1747 41 24 the
345 1748 64 23 table
425 1747 41 24 the
486 1747 136 33 Indemnity

41 1778 53 27 Bill,
109 1780 38 30 (of
155 1780 79 23 which
245 1781 40 22 the
295 1781 123 30 following
435 1781 20 22 is
468 1789 14 15 a
498 1781 77 31 copy)'
582 1782 40 23 the

40 1810 122 25 Governor
191 1813 128 28 adjourned
351 1814 41 26 th.c
426 1813 100 23 Council
558 1814 62 23 until

39 1843 131 32 Thursday,
184 1845 60 23 27th
255 1845 66 30 May,
336 1847 72 23 1841.

67 1882 52 22 And
129 1881 98 23 whereas
236 1883 18 21 it
269 1883 18 22 is
305 1884 124 27 expedient,
447 1883 57 23 until
521 1884 30 22 all
568 1884 52 22 such

38 1908 107 22 lawsand
156 1909 130 23 ordinances
295 1918 43 14 can
347 1911 27 21 be
384 1911 50 21 well
441 1911 130 22 considered
577 1911 45 21 and

39 1935 112 26 ordained,
162 1935 49 22 that
218 1936 28 21 all
255 1936 53 22 such
314 1937 59 27 laws,
380 1941 52 23 acts,
437 1937 45 21 and
490 1937 130 22 ordinances

39 1961 26 21 of
75 1961 54 21 New
139 1962 71 21 South
218 1962 75 21 Wales
311 1970 25 14 as
352 1970 36 14 are
406 1964 122 26 applicable
547 1967 22 17 to
584 1964 36 20 the

38 1988 85 26 Colony
133 1988 26 21 of
169 1988 56 22 New
235 1988 99 23 Zealand
343 1989 80 22 should
432 1989 105 22 continue
554 1993 23 18 to
593 1990 27 22 be

38 2014 63 21 acted
117 2022 68 19 upon,
202 2015 44 21 and
261 2015 27 21 be
303 2015 88 28 applied
406 2015 93 23 therein.
529 2016 54 21 And
596 2017 23 21 in

38 2041 63 21 order
117 2045 23 17 to
156 2048 90 14 remove
263 2049 44 19 any
325 2043 70 21 doubt
409 2042 70 22 which
496 2050 52 19 may
565 2043 57 21 exist

37 2067 98 21 whether
144 2067 38 21 the
199 2068 48 21 said
261 2068 60 26 laws,
340 2072 53 23 acts,
411 2076 23 14 or
449 2069 133 21 ordinances
598 2069 25 21 of

38 2094 37 21 the
85 2094 46 21 said
148 2094 117 22 Governor
281 2095 44 21 and
340 2095 133 27 Legislative
490 2095 93 22 Council
598 2097 25 20 of

37 2120 55 22 New
102 2120 71 22 South.
187 2121 74 21 Wales
275 2128 44 20 are,
338 2122 44 21 and
399 2122 104 22 continue
519 2123 24 20 in
560 2123 59 21 force

37 2146 75 22 within
123 2147 38 21 the
171 2148 47 20 said
228 2148 84 27 Colony
326 2148 27 21 of
369 2148 55 22 New
441 2149 106 26 Zealand,
564 2149 54 21 from

37 2174 45 21 and
91 2174 135 27 subsequent
235 2177 22 18 to
267 2174 36 22 the
314 2174 51 22 date
375 2175 44 21 and
427 2175 163 22 Proclamation
598 2176 25 21 of

37 2200 54 21 such
100 2200 40 22 her
149 2201 118 27 Majesty's
279 2201 73 27 Royal
366 2202 92 21 Charter
474 2202 44 21 and
535 2202 85 22 Letters

36 2226 88 21 Patent.

51 2286 5 5 _
63 2260 19 22 I.
83 2271 28 4 —
111 2260 31 21 Be
152 2260 19 21 it
180 2260 108 22 therefore
298 2261 94 22 enacted
408 2261 45 22 and
468 2261 107 22 ordained
590 2262 29 27 by

34 2285 34 23 his
82 2287 136 26 Excellency
232 2287 37 22 the
284 2288 117 21 Governor
415 2288 22 21 in
453 2289 45 20 and
512 2296 53 14 over
583 2289 36 22 the

36 2313 85 27 Colony
131 2313 25 21 of
168 2313 56 22 New
234 2314 104 27 Zealand,
348 2315 52 20 with
411 2315 37 20 the
458 2315 78 21 advice
547 2316 25 21 of
583 2316 36 21 the

36 2339 133 27 Legislative
180 2341 92 21 Council
282 2341 91 26 thereof,
385 2341 48 22 that
441 2349 24 14 so
476 2342 67 21 much
554 2342 26 21 of
590 2342 29 22 all

38 2367 43 20 and
98 2374 66 19 every
183 2367 26 21 of
225 2367 37 21 the
276 2367 60 26 laws,
353 2370 53 24 acts,
422 2368 43 21 and
480 2368 138 28 ordinances,

36 2392 124 22 heretofore
167 2393 65 21 made
238 2393 29 27 by
274 2393 37 22 the
317 2395 116 21 Governor
437 2395 44 21 and
487 2395 132 27 Legislative

36 2419 92 22 Council
137 2419 26 21 of
174 2419 56 22 New
241 2420 68 22 South
320 2421 80 26 Wales,
412 2421 44 21 and
465 2428 50 15 now
525 2422 23 21 in
557 2422 60 21 force

36 2445 93 28 therein,
140 2454 24 13 as
175 2446 56 21 have
239 2447 89 27 already
336 2447 64 27 been,
409 2448 44 21 and
461 2455 40 14 can
510 2448 109 22 hereafter

36 2471 79 28 during
133 2473 38 21 the
190 2473 147 23 continuance
354 2474 25 21 of
396 2473 42 22 this
455 2475 121 22 ordinance
592 2476 27 21 be

35 2499 89 26 applied
133 2499 76 21 within
220 2499 37 22 the
267 2500 47 22 said
322 2500 84 27 Colony
415 2501 25 21 of
447 2501 55 21 New
510 2501 107 28 Zealand,

35 2525 56 21 shall
100 2526 34 25 be,
145 2525 46 22 and
200 2526 37 22 the
248 2534 59 14 same
318 2534 36 14 are
364 2527 83 27 hereby
463 2528 96 26 adopted
575 2529 44 21 and

36 2551 102 23 declared
154 2552 45 22 and
215 2553 97 21 directed
329 2557 23 17 to
365 2553 27 22 be
410 2554 110 22 extended
536 2558 21 18 to
575 2556 44 21 and

35 2579 87 26 applied
131 2579 24 21 in
165 2579 38 21 the
214 2579 175 22 administration
408 2580 25 22 of
444 2581 82 26 justice
542 2581 24 22 in
582 2582 36 21 the

35 2605 47 21 said
91 2605 85 27 Colony
181 2605 25 21 of
214 2606 54 21 New
277 2606 105 27 Zealand,
390 2607 23 21 in
425 2607 36 21 the
471 2607 44 23 like
524 2616 95 14 manner

35 2638 24 14 as
68 2631 29 22 all
114 2631 63 22 other
194 2632 36 22 the
242 2632 51 22 laws
305 2633 23 21 of
342 2633 108 27 England,
462 2634 44 22 and
516 2642 24 14 as
550 2635 21 21 if
582 2635 36 22 the

35 2665 59 15 same
103 2657 45 23 had
156 2659 59 21 been
223 2659 104 27 repeated
336 2660 45 21 and
390 2661 128 21 re-enacted
534 2661 23 22 in
575 2661 43 23 this

36 2684 126 21 ordinance.

63 2711 52 21 And
133 2711 99 23 whereas
250 2712 79 22 doubts
347 2720 52 19 may
422 2713 55 22 arise
495 2720 22 15 as
537 2717 23 19 to
582 2714 36 22 the

35 2737 91 28 validity
135 2739 26 20 of
172 2742 46 18 acts
228 2739 57 21 done
295 2739 45 21 and
354 2739 125 27 performed
488 2740 23 22 in
521 2741 38 21 the
569 2741 47 22 said

36 2764 85 27 Colony
131 2765 26 21 of
168 2765 55 21 New
234 2765 97 22 Zealand
342 2767 60 20 since
413 2766 36 21 the
468 2767 50 21 date
536 2767 26 21 of
579 2767 40 22 her

36 2791 47 21 said
91 2791 192 28 Majesty'sßoyal
288 2792 92 22 Charter
386 2793 40 22 and
426 2793 95 22 Letters
529 2793 87 28 Patent,

35 2817 30 27 by
74 2817 33 21 his
117 2818 136 27 Excellency
263 2826 24 14 as
301 2819 38 21 the
357 2819 262 23 Lieutenant-Governor

37 2844 26 20 of
78 2844 36 21 the
131 2852 68 19 same,
218 2845 45 21 and
281 2845 30 27 by
326 2845 98 22 Justices
439 2847 24 20 of
482 2846 38 22 the
540 2847 78 28 Peace,

37 2870 93 22 Officers
148 2871 28 21 of
196 2871 106 27 Customs,
327 2872 135 27 Constables,
486 2873 47 21 land
555 2873 64 23 other

37 2897 99 26 Officers,
146 2897 72 22 under
228 2898 44 21 and
282 2898 28 26 by
321 2899 70 21 virtue
402 2899 25 21 of
438 2899 36 21 the
484 2899 48 22 said
540 2900 24 21 in
571 2904 48 23 part

35 2923 83 21 recited
137 2928 37 17 act
192 2925 26 20 of
236 2924 37 22 the
290 2925 117 21 Governor
425 2926 44 21 and
485 2926 133 27 Legislative

37 2950 91 21 Council
138 2950 26 21 of
176 2951 55 21 New
241 2951 69 21 South
320 2951 74 23 Wales
399 2960 6 19 ;
421 2953 34 21 for
466 2953 37 21 the
519 2954 99 22 removal

37 2976 56 21 whei
98 2977 38 20 cof
136 2988 26 3 —

64 3877 41 21 IV.
105 3887 29 5 —
134 3876 54 22 And
197 3877 27 21 be
234 3877 18 21 it
259 3877 85 21 further
355 3879 91 21 enacted
452 3879 44 22 and
502 3880 112 29 ordained,

38 3903 47 22 that
94 3903 23 22 in
128 3903 28 22 all
167 3910 25 15 or
201 3910 43 19 any
255 3903 26 21 of
290 3903 38 23 the
343 3904 48 22 said
407 3905 55 22 Acts
476 3906 25 22 of
517 3907 37 22 the
571 3909 44 21 Go-

65 3003 30 21 II.
97 3014 28 4 —
126 3004 31 21 Be
167 3004 18 21 it
196 3003 107 22 therefore
312 3004 86 22 further
407 3005 98 27 enacted,
519 3006 49 22 that
582 3007 36 22 the

36 3029 47 22 said
93 3030 262 22 Lieutenant-Governor
362 3032 26 21 of
394 3031 36 22 the
437 3032 84 28 Colony
530 3033 25 21 of
562 3033 56 23 New

35 3056 105 28 Zealand,
152 3057 46 21 and
208 3057 28 21 all
246 3057 95 22 Justices
351 3058 25 21 of
387 3057 38 23 the
435 3059 77 28 Peace,
525 3060 93 22 Officers

35 3082 27 22 of
72 3083 36 21 the
117 3084 109 26 Customs,
238 3084 136 27 Constables,
385 3085 45 21 and
444 3085 63 22 other
517 3086 99 28 Officers,

35 3109 45 22 and
89 3110 30 21 all
129 3117 91 20 persons
230 3110 150 22 whomsoever
394 3111 92 27 therein,
501 3113 50 21 who
566 3121 52 20 may

35 3135 56 22 have
101 3136 65 22 acted
179 3136 72 22 under
264 3137 45 21 and
324 3138 30 26 by
368 3138 71 21 virtue
455 3139 27 21 of
498 3146 45 21 any
557 3148 61 14 com-

35 3162 91 22 mission
136 3170 25 14 or
170 3164 154 26 appointment
338 3164 26 21 of
378 3164 42 22 her
434 3165 104 28 Majesty,
555 3174 26 14 or
595 3168 25 21 of

35 3189 37 21 the
84 3189 115 22 Governor
213 3190 26 21 of
249 3190 55 21 New
314 3190 69 22 South
397 3191 80 27 Wales,
496 3199 25 14 or
538 3193 26 21 of
580 3193 36 22 the

36 3215 47 21 said
93 3215 261 23 Lieutenant-Governor
364 3218 25 20 of
400 3217 36 21 the
446 3218 48 21 said
501 3219 86 28 Colony
594 3221 26 21 of

36 3241 55 22 New
96 3242 105 27 Zealand,
208 3250 24 14 or
237 3243 71 22 under
314 3251 45 19 any
366 3244 74 21 orders
446 3245 45 21 and
498 3245 119 23 directions

37 3268 26 21 of
84 3268 35 21 the
138 3269 48 22 said
202 3269 267 29 Lieutenant-Governor,
496 3279 25 14 or
540 3273 27 21 of
583 3273 33 22 his

37 3294 134 27 Excellency
186 3294 37 23 the
238 3296 123 28 Governor,
378 3297 61 21 since
453 3298 34 22 his
503 3299 115 28 assuming

35 3320 40 22 th»
91 3321 153 22 Government
260 3323 26 21 of
301 3322 38 22 the
356 3323 47 22 said
420 3324 83 32 Colony
519 3325 26 22 of
560 3326 56 22 New

36 3347 105 27 Zealand,
150 3348 109 27 previous,
267 3349 45 22 and
319 3357 29 19 up
359 3353 22 18 to
391 3350 37 21 the
437 3358 91 20 passing
537 3352 27 21 of
573 3353 43 22 this

35 3374 127 26 ordinance,
183 3374 55 22 shall
254 3376 34 26 be,
305 3376 45 21 and
365 3376 60 28 they,
440 3378 44 21 and
500 3378 55 22 each
572 3380 44 22 and

36 3407 67 20 every
121 3407 43 15 one
183 3401 26 20 of
229 3401 66 28 them,
314 3410 38 14 are
371 3403 83 28 hereby
472 3404 145 24 indemnified

35 3427 93 27 against,
147 3427 47 21 and
216 3427 61 22 freed
298 3429 45 21 and
362 3429 130 28 discharged
510 3432 58 21 from
587 3433 29 21 all

36 3454 109 26 damages,
166 3453 113 28 penalties,
298 3456 45 21 and
357 3456 131 27 forfeitures,
505 3461 23 18 to
545 3459 72 22 which

35 3480 60 27 they,
107 3487 25 14 or
140 3486 46 21 any
196 3487 42 14 one
248 3480 25 21 of
284 3480 66 28 them,
359 3489 52 20 may
418 3483 56 22 have
484 3484 131 29 heretofore,

35 3514 26 14 or
70 3513 51 20 may
131 3513 50 14 now
192 3506 114 23 otherwise
315 3508 28 21 be
352 3508 73 28 liable,
435 3510 35 21 for
482 3517 45 21 any
542 3515 37 18 act
592 3520 24 14 so

35 3533 58 22 done
102 3540 26 14 or
133 3533 133 27 performed.

63 3559 45 22 111.
108 3570 28 4 —
138 3560 54 21 And
201 3559 27 22 be
237 3560 18 21 it
263 3559 85 22 further
357 3562 98 26 enacted,
474 3563 48 22 that
537 3571 31 15 no
582 3569 35 18 act

35 3586 58 22 done
103 3593 25 14 or
136 3586 126 27 performed
272 3586 29 26 by
310 3593 44 20 any
364 3588 54 21 such
428 3589 82 22 Officer
519 3598 26 14 or
553 3592 64 22 other

35 3611 82 24 Person
126 3612 115 27 aforesaid,
249 3612 56 22 shall
315 3613 26 21 be
351 3615 129 25 questioned
489 3623 25 15 or
522 3618 95 22 avoided

35 3640 24 21 in
69 3646 44 20 any
122 3640 70 21 Court
208 3640 26 21 of
244 3639 59 26 Law,
321 3640 28 25 by
368 3647 77 16 reason
462 3642 26 21 of
504 3651 46 19 any
566 3652 50 20 sup-

35 3666 67 27 posed
112 3670 61 17 want
182 3666 26 21 of
218 3673 73 19 power
300 3665 45 22 and
354 3666 118 28 authority,
480 3670 44 21 and
533 3670 48 22 that
588 3672 28 21 all

35 3692 55 22 such
100 3696 47 18 acts
156 3699 25 14 so
191 3692 58 21 done
259 3691 42 22 and
312 3692 130 28 performed,
453 3694 57 23 shall
520 3696 34 28 be,
572 3698 44 22 and

35 3719 54 26 they
98 3726 37 13 aie
145 3718 103 22 declared
261 3722 22 17 to
297 3719 28 21 be
340 3726 25 14 as
378 3720 59 21 valid
453 3722 45 21 and
515 3722 101 24 effectual

35 3746 24 21 in
68 3745 49 26 law,
128 3748 22 18 to
161 3745 30 21 all
200 3745 83 21 intents
292 3745 45 21 and
344 3752 110 21 purposes,
465 3755 24 14 as
498 3748 21 21 if
529 3750 56 21 each

37 3771 52 22 such
99 3771 94 22 Officers
208 3771 45 22 and
268 3772 94 21 Persons
376 3772 108 23 aforesaid
499 3774 43 22 had
559 3776 57 23 done

37 3798 44 21 and
89 3797 127 32 performed
225 3797 54 22 such
293 3801 48 18 acts
357 3798 75 22 within
447 3800 46 21 and
506 3802 72 22 under
592 3811 25 14 or

35 3825 30 26 by
74 3827 70 19 virtue
155 3824 26 21 of
192 3831 43 20 any
246 3824 52 21 Law
308 3832 25 14 or
343 3825 84 22 Statute
441 3826 26 21 of
481 3826 37 23 the
534 3828 82 24 Parlia-

35 3853 62 19 ment
107 3851 26 20 of
144 3850 71 22 Great
221 3849 86 23 Britain
317 3851 45 21 and
371 3851 96 21 Ireland.

279 39 318 32 SUPPLEMENT
618 39 64 31 TO
703 39 101 31 THE
826 38 112 31 NEW
959 36 228 33 ZEALAND
1207 36 224 32 GAZETTE
1454 36 102 31 AND
1579 36 327 31 WELLINGTON
1928 36 288 34 SPECTATOR.

670 874 305 26 GOVERNMENT
1017 876 201 24 NOTICES.

706 915 115 25 Reprinted
828 914 62 26 from
900 915 35 20 the
943 915 135 20 Government
1087 914 93 21 Gazette.

654 978 32 15 BY
705 977 39 16 HIS
763 977 168 16 EXCELLENCY
949 977 71 16 CAPT.
1039 977 113 17 WILLIAM
1171 979 63 15 HOB-

686 1010 55 21 SON,
771 1010 139 17 GOVERNOR
938 1010 54 16 AND
1018 1010 216 17 COMMANDER-IN-

686 1043 75 16 CHIEF
785 1043 28 16 IN
838 1043 52 16 AND
914 1043 69 16 OVER
1007 1043 50 16 THE
1080 1044 100 16 COLONY
1203 1044 29 16 OF

686 1076 59 16 NEW
758 1076 122 16 ZEALAND
893 1076 54 16 AND
959 1076 37 16 ITS
1010 1076 206 17 DEPENDENCIES.

685 1107 116 24 Whereas
812 1108 44 23 her
873 1108 105 31 Majesty
998 1108 43 24 has
1060 1108 61 24 been
1138 1109 95 30 pleased

652 1140 32 32 by
695 1140 93 24 Letters
800 1140 86 24 Patent
896 1140 75 24 under
979 1140 43 24 the
1042 1140 74 24 Great
1133 1141 55 24 Seal
1208 1142 26 23 of

651 1173 42 23 the
704 1173 90 23 United
804 1173 124 32 Kingdom
947 1173 26 23 of
995 1173 74 24 Great
1083 1173 93 25 Britain
1187 1175 47 23 and

653 1206 99 27 Ireland,
773 1206 101 31 bearing
896 1206 55 23 date
972 1206 42 23 the
1042 1206 121 24 sixteenth
1189 1207 45 31 day

652 1238 26 24 of
693 1238 144 28 November,
857 1239 24 23 in
901 1239 41 23 the
953 1246 57 24 year
1022 1239 26 23 of
1060 1246 44 16 our
1114 1239 65 24 Lord
1188 1248 44 15 one

651 1271 120 24 thousand
782 1272 68 30 eight
860 1271 109 24 hundred
977 1271 50 24 and
1036 1271 71 31 forty,
1126 1274 27 21 to
1171 1276 63 21 erect

651 1305 41 23 the
704 1304 92 23 Islands
809 1304 27 24 of
850 1304 62 24 New
923 1304 107 24 Zealand
1039 1304 51 24 into
1101 1313 15 15 a
1127 1309 105 26 separate

651 1337 110 31 territory
788 1337 32 31 by
843 1337 41 23 the
903 1344 70 16 name
993 1337 27 24 of
1045 1337 43 24 her
1107 1337 125 32 Majesty's

653 1370 91 31 Colony
755 1370 27 23 of
797 1370 63 23 New
879 1370 105 23 Zealand
992 1379 6 14 :
999 1382 35 5 —
1034 1377 61 20 now,
1116 1370 116 24 therefore

652 1402 19 27 I,
693 1403 40 23 the
752 1402 127 24 Governor
895 1403 48 23 and
954 1402 277 29 Commander-in-chief,

651 1435 33 31 by
700 1435 151 24 commission
868 1435 76 23 under
963 1435 41 24 the
1023 1435 72 24 Great
1116 1434 56 25 Seal
1190 1444 41 23 ap-

651 1468 104 30 pointed,
769 1468 30 23 do
808 1467 88 32 hereby
905 1467 77 32 notify
993 1468 47 23 and
1057 1468 113 31 proclaim
1181 1469 51 23 that

651 1500 74 23 under
735 1500 43 24 her
788 1500 126 31 Majesty's
927 1500 51 24 said
989 1500 92 25 Letters
1098 1501 86 24 Patent
1192 1502 40 23 the

653 1533 92 23 Islands
758 1533 27 23 of
799 1533 64 23 New
874 1533 104 24 Zealand
997 1541 40 15 are
1057 1533 139 25 henceforth
1206 1538 26 20 to

651 1566 29 23 be
692 1566 138 31 designated
842 1566 47 23 and
898 1566 90 24 known
1007 1573 27 16 as
1050 1566 42 23 her
1107 1567 125 31 Majesty's

652 1598 91 31 Colony
754 1599 28 23 of
796 1598 64 24 New
870 1598 105 24 Zealand
987 1599 47 24 and
1048 1599 30 23 its
1097 1600 132 30 dependen-

651 1631 56 24 cies,
745 1631 57 24 And
813 1631 55 24 Ido
880 1631 88 31 hereby
981 1631 91 24 further
1090 1633 77 31 notify
1186 1633 45 23 and

650 1664 120 30 proclaim,
782 1664 54 23 that
846 1664 44 24 her
897 1664 107 31 Majesty
1014 1665 43 23 has
1065 1665 61 23 been
1137 1665 95 30 pleased

650 1700 25 20 to
688 1697 75 23 direct
777 1697 53 23 that
841 1697 42 23 the
893 1697 68 23 three
971 1697 115 31 principal
1102 1697 94 24 Islands
1207 1699 26 22 of

651 1729 61 23 New
733 1730 113 26 Zealand,
865 1730 132 23 heretofore
1015 1730 87 24 known
1119 1739 28 15 or
1166 1739 63 15 com-

650 1762 81 31 monly
759 1762 76 24 called
845 1775 35 5 —
914 1763 43 23 the
979 1763 123 23 Northern

677 1794 41 24 the
745 1794 93 24 Middle
1004 1796 49 23 and
1109 1796 121 24 Stewart's

768 1827 61 24 shall
846 1827 179 25 henceforward
1040 1829 30 23 be
1089 1829 138 31 designated

649 1860 47 23 and
707 1861 87 22 known
811 1861 157 31 respectively
976 1869 27 15 as
1047 1861 62 24 New

672 1893 63 23 New
745 1892 136 28 Munsterf'
892 1894 48 22 and
982 1894 62 23 New
1206 1895 27 23 of

648 1925 78 24 which
736 1926 32 23 all
776 1925 44 24 her
830 1925 127 31 Majesty's
970 1927 102 30 subjects
1084 1934 40 17 are
1142 1927 89 32 hereby

648 1958 106 30 required
766 1961 26 19 to
803 1958 55 23 take
869 1958 87 23 notice.

649 1995 57 16 Given
715 1995 56 16 under
779 2000 30 15 my
815 1995 50 16 hand
872 1995 36 16 and
914 1995 38 16 seal
959 1996 18 15 at
985 1996 78 16 Govern-

669 2016 118 19 ment-house,
796 2015 101 20 Auckland,
905 2015 37 17 thit
950 2016 48 16 third
1006 2017 33 19 day
1046 2017 20 15 of

669 2036 47 21 May,
724 2036 19 16 in
752 2036 30 16 the
789 2036 61 16 fourth
858 2040 41 16 year
906 2036 21 16 of
933 2036 33 16 her
972 2036 90 21 Majesty's

668 2057 56 20 reign,
733 2057 34 16 and
775 2057 19 16 in
806 2057 31 16 the
848 2061 43 16 year
900 2057 20 16 of
930 2061 32 12 our
971 2057 48 16 Lord
1030 2062 32 12 one

669 2078 88 16 thousand
764 2078 50 20 eight
820 2078 84 16 hundred
911 2078 37 16 and
954 2078 95 20 forty-one.

781 2105 112 33 (Signed)
961 2108 39 23 W.
1021 2108 116 29 Hobson,

1101 2141 126 26 Governor.

649 2173 36 30 By
696 2172 36 23 his
744 2172 160 31 Excellency's
916 2173 127 30 command,

665 2206 178 23 Willoughby
856 2206 167 24 Shortland.

764 2247 50 15 god
832 2246 63 16 save
914 2247 52 15 the
986 2247 95 18 queen.

649 2304 32 16 by
711 2304 40 16 his
782 2304 167 17 excellency
978 2305 111 17 captain
1117 2307 109 22 hobson,

681 2337 137 16 governor
848 2337 54 16 and
931 2338 296 18 commander-in-chiek

681 2370 29 16 in
735 2370 52 16 and
813 2370 69 16 over
907 2370 52 16 the
985 2372 98 16 colony
1109 2373 30 16 of
1170 2374 58 15 new

681 2403 120 16 zealand
818 2403 56 16 and
892 2403 38 16 its
949 2404 203 18 dependencies.

681 2435 116 24 Whereas
808 2436 43 23 her
862 2436 104 31 Majesty
973 2436 45 25 has
1027 2437 60 24 been
1093 2438 135 32 graciously

646 2469 103 30 pleased,
771 2469 33 30 by
823 2469 152 23 commission
997 2469 75 25 under
1090 2470 41 24 the
1155 2471 73 25 Great

648 2501 54 24 Seal
720 2501 26 23 of
771 2501 42 24 the
841 2501 90 24 United
958 2502 114 31 Kingdon
1094 2503 27 24 of
1154 2504 73 24 Great

648 2534 91 24 Britain
750 2535 48 22 and
810 2534 102 27 Ireland,
928 2535 101 32 bearing
1045 2536 53 24 date
1115 2536 42 24 the
1170 2537 57 23 16th

647 2567 46 30 day
703 2567 26 23 of
744 2567 139 24 November
893 2567 24 23 in
929 2567 41 24 the
977 2576 57 22 year
1048 2569 26 23 of
1091 2577 43 16 our
1152 2570 72 26 Lord,

649 2600 71 26 1840,
733 2602 24 21 to
770 2600 128 23 constitute
905 2600 47 23 and
961 2601 96 30 appoint
1065 2610 46 20 me,
1119 2602 107 24 William

648 2632 107 27 Hobson,
775 2633 108 30 Esquire,
903 2633 70 30 Capt.
995 2633 26 24 in
1039 2635 42 23 her
1100 2635 125 31 Majesty's

646 2665 77 31 Royal
744 2665 79 31 Navy,
848 2669 26 20 to
893 2665 31 24 be
948 2666 122 24 Governor
1084 2667 49 23 and
1152 2668 71 24 Com-

646 2698 221 23 mander-in-Chief
881 2697 25 24 in
918 2699 48 23 and
977 2706 57 16 over
1046 2699 43 24 her
1098 2700 127 32 Majesty's

647 2730 91 32 Colony
747 2730 26 23 of
787 2730 63 24 New
861 2730 105 25 Zealand
976 2732 49 23 and
1041 2732 31 24 its
1091 2733 133 31 dependen-

646 2763 56 23 cies.

679 2795 64 24 Now
754 2796 118 23 therefore
884 2795 19 28 I,
916 2796 42 23 the
968 2797 122 24 Governor
1096 2799 48 24 and
1153 2799 71 24 Com-

644 2828 215 24 mander-in-chief
873 2828 126 29 aforesaid,
1018 2830 30 23 do
1062 2831 90 32 hereby
1171 2840 53 23 pro-

646 2861 69 23 claim
726 2861 48 23 and
785 2861 92 24 declare
888 2861 53 24 that
950 2861 11 24 I
972 2862 62 24 have
1041 2863 48 24 this
1100 2864 47 32 day
1154 2865 72 24 taken

646 2894 42 23 the
698 2894 135 30 prescribed
848 2894 68 23 oaths
933 2894 47 24 and
1000 2897 110 23 assumed
1124 2897 40 24 the
1175 2898 49 24 Ad-

646 2927 150 23 minstration
803 2927 27 23 of
842 2927 43 23 the
893 2927 163 24 Government
1063 2930 160 32 accordingly.

678 2959 56 24 And
746 2959 11 24 I
770 2960 31 23 do
812 2959 89 31 hereby
911 2960 92 24 further
1012 2962 112 29 proclaim
1131 2964 48 22 and
1186 2964 38 23 de-

646 2991 69 28 clare,
728 2992 52 24 that
790 2992 44 24 her
844 2991 106 32 Majesty
961 2993 43 23 has
1016 2994 58 23 been
1088 2995 96 31 pleased
1201 3000 24 20 to

646 3024 97 32 appoint
753 3033 31 15 an
796 3025 130 23 Executive
945 3025 99 24 Council
1062 3027 36 24 for
1116 3028 42 24 the
1177 3029 50 23 said

646 3057 99 31 Colony,
758 3058 48 23 and
823 3061 26 19 to
868 3057 120 25 nominate
1005 3059 48 24 and
1069 3061 98 31 appoint
1186 3062 40 23 the

644 3090 213 24 undermentioned
878 3098 99 23 persons
999 3094 26 21 to
1053 3092 28 25 be
1109 3094 116 24 members

644 3122 99 28 thereof,
745 3136 33 4 —
778 3123 53 23 that
843 3123 20 23 is
874 3126 27 20 to
912 3131 44 24 say
964 3133 5 14 :
971 3136 35 5 —

677 3155 50 24 The
740 3156 109 23 Colonial
860 3155 124 32 Secretary
990 3157 28 23 of
1026 3157 39 24 the
1074 3158 51 24 said
1135 3159 91 33 Colony

644 3188 38 24 for
693 3189 41 23 the
745 3189 58 23 time
813 3189 81 30 being,

676 3221 51 23 The
735 3221 233 32 Attorney-General
979 3222 27 23 of
1022 3223 38 24 the
1072 3225 52 23 said
1134 3225 92 33 Colony

643 3254 38 23 for
691 3254 41 23 the
743 3254 57 24 time
814 3254 82 31 being.

910 3294 53 16 AND

676 3320 51 23 The
738 3319 110 24 Colonial
855 3319 127 25 Treasurer
990 3320 27 24 of
1026 3321 39 24 the
1074 3322 51 24 said
1135 3322 91 33 Colony

643 3352 38 24 for
691 3352 40 24 the
743 3353 57 23 time
811 3352 81 31 being.

676 3385 57 23 And
744 3385 11 23 I
774 3385 30 24 do
821 3385 90 31 hereby
928 3386 113 30 proclaim
1058 3388 49 23 and
1126 3388 99 28 declare,

643 3418 54 23 that
707 3418 42 23 her
759 3418 106 30 Majesty
883 3418 43 23 has
943 3418 61 24 been
1022 3419 91 25 further
1131 3421 94 31 pleased

644 3454 25 19 to
678 3450 97 30 appoint
786 3458 15 15 a
811 3450 146 31 Legislative
966 3451 98 24 Council
1074 3452 38 25 for
1122 3454 42 23 the
1175 3454 50 24 said

644 3482 93 31 Colony
748 3483 27 23 of
789 3482 63 24 New
863 3482 105 25 Zealand
984 3484 48 24 and
1043 3485 29 24 its
1084 3485 140 32 Dependen-

644 3516 55 26 cies.
700 3528 32 4 —
734 3515 47 24 and
792 3518 24 21 to
828 3515 98 31 appoint
940 3517 49 22 and
1005 3517 74 24 direct
1095 3519 54 24 that
1167 3520 59 23 such

644 3548 144 31 Legislative
811 3548 101 24 Council
934 3548 60 24 shall
1012 3550 31 23 be
1060 3550 101 28 formed,
1180 3552 45 24 and

644 3581 61 23 shall
716 3581 90 23 consist
816 3581 28 23 of
858 3581 41 23 the
909 3581 124 32 following
1043 3584 117 24 members
1170 3594 6 15 :—:
1177 3598 33 4 —

677 3613 46 24 His
735 3614 143 31 Excellency
888 3613 42 24 the
937 3614 124 25 Governor
1068 3616 38 24 for
1116 3617 41 24 the
1169 3618 56 24 time

643 3646 80 31 being,

676 3679 51 23 The
739 3678 109 25 Colonial
855 3678 124 32 Secretary
988 3680 38 23 for
1033 3680 39 24 the
1080 3681 58 24 time
1144 3682 81 32 being,

676 3711 51 23 The
738 3712 128 30 Attorney-
869 3712 102 24 General
979 3712 38 24 for
1029 3713 39 23 the
1079 3714 58 24 time
1145 3715 80 32 being,

676 3743 50 24 The
738 3743 109 24 Colonial
854 3745 127 24 Treasurer
989 3745 38 24 for
1033 3745 39 24 the
1080 3746 58 25 time
1144 3748 80 31 being,

908 3785 53 15 AND

677 3809 51 23 The
738 3809 67 23 three
816 3809 86 24 Senior
915 3810 105 23 Justices
1038 3811 27 24 of
1085 3812 41 23 the
1142 3813 82 27 Peace,

643 3842 137 23 nominated
790 3849 26 16 as
837 3842 59 23 such
912 3843 26 23 in
956 3851 48 23 any
1023 3843 159 26 Commission
1201 3846 27 24 of

642 3874 42 24 the
707 3875 73 23 Peace
803 3878 25 20 to
851 3875 30 23 be
899 3875 81 24 issued
997 3877 33 29 by
1049 3884 46 20 me,
1113 3877 41 24 the
1175 3879 50 23 said

644 3906 123 24 Governor
779 3907 46 23 and
846 3907 285 30 Commander-in-Chief,
1151 3919 28 15 or
1196 3912 29 30 by

1267 119 42 24 the
1321 119 124 23 Governor
1463 127 28 15 or
1510 119 229 31 Acting-Governor
1758 119 40 24 for
1815 119 41 24 the

1268 152 58 23 time
1337 152 80 30 being.

1258 203 6 3 .
1299 183 51 25 The
1363 183 132 28 Governoi',
1507 184 60 31 fully
1586 184 132 31 impressed
1736 183 60 24 with
1813 183 48 25 the'

1267 217 139 30 magnitude
1418 217 47 23 and
1476 217 148 30 importance
1631 217 26 23 of
1664 217 41 23 the
1714 215 77 24 duties
1798 216 56 24 thus

1268 249 108 23 confided
1385 252 26 20 to
1423 249 59 26 him,
1494 249 21 23 is
1533 249 130 30 supported
1679 250 34 30 by
1730 248 42 24 the
1791 249 64 31 hope

1267 281 53 23 that
1339 281 144 31 Almighthy
1504 281 57 23 God
1581 281 50 24 will
1652 281 66 24 bless
1737 281 38 23 his
1798 282 55 23 best

1267 314 81 23 efforts
1358 317 26 20 to
1396 314 56 31 give
1462 314 45 23 full
1514 314 70 23 effect
1602 317 25 20 to
1644 314 69 24 these
1733 313 44 24 her
1796 314 55 23 Ma-

1264 346 85 31 jesty's
1377 350 64 20 most
1468 346 110 31 gracious
1600 354 120 16 measures
1748 346 38 24 for
1812 346 41 24 the

1266 378 180 25 establishment
1457 386 3 4 '
1466 379 27 23 of
1516 386 71 24 peace
1606 379 48 24 and
1672 378 71 24 order
1761 378 26 24 in
1804 379 49 24 this

1265 411 130 30 important
1406 411 94 32 Colony
1507 420 7 18 ;
1535 411 49 24 and
1601 411 31 24 he
1643 411 70 24 relies
1725 411 59 23 with
1795 419 56 17 con-

1265 443 91 24 fidence
1367 451 32 16 on
1410 444 41 23 the
1462 444 90 31 loyalty
1563 444 26 23 of
1603 444 42 23 the
1657 444 129 27 Colonists,
1805 444 48 23 and

1266 484 32 15 on
1309 476 62 24 their
1381 476 86 32 hearty
1483 477 165 30 co-operation
1664 476 61 24 with
1742 477 42 23 the
1803 477 48 23 Go-

1265 512 126 21 vernment
1410 509 25 24 in
1458 509 143 31 cultivating
1619 509 70 24 those
1707 509 101 31 feelings
1828 510 27 23 of

1265 541 91 23 mutual
1367 542 65 30 good
1442 542 56 27 will,
1511 542 78 23 which
1601 542 68 23 alone
1681 549 42 16 can
1739 542 80 24 insure
1826 545 26 21 to

1265 573 66 24 them
1347 574 42 23 the
1408 574 80 24 future
1507 575 90 23 benefit
1608 574 27 24 of
1660 575 44 23 her
1725 575 127 31 Majesty's

1265 606 123 23 solicitude
1404 607 39 24 for
1453 607 63 24 their
1526 608 95 23 welfare
1632 607 49 24 and
1697 608 142 31 prosperity.

1297 639 51 23 The
1377 639 125 24 Governor
1533 640 73 24 avails
1624 639 98 24 himself
1742 640 28 24 of
1803 641 48 23 this

1264 671 110 24 occasion
1384 675 26 20 to
1421 672 84 31 appeal
1516 675 25 21 to
1561 672 42 24 the
1623 672 65 31 good
1706 672 101 32 feelings
1825 674 29 23 of

1264 704 41 23 the
1323 704 121 24 Colonists
1467 705 122 31 generally
1607 705 27 23 in
1645 705 84 23 favour
1739 705 29 23 of
1789 705 63 24 their

1263 736 79 23 fellow
1364 737 105 31 subjects
1493 737 27 23 of
1544 737 42 24 the
1608 738 81 23 native
1711 745 62 20 race,
1796 738 54 23 who

1263 769 91 30 require
1366 769 56 32 only
1433 770 143 22 instruction
1591 770 48 23 and
1742 770 108 31 example

1262 804 26 21 to
1299 802 98 23 become
1408 802 69 31 equal
1488 805 25 20 to
1525 802 138 31 Europeans
1674 802 26 23 in
1718 803 83 27 moral,
1821 811 28 16 as

1262 834 59 31 they
1343 834 96 31 already
1450 842 41 16 are
1509 835 25 22 in
1556 834 107 32 physical
1676 834 153 24 attainments
1842 845 6 18 ;

1264 867 48 23 and
1323 870 25 20 to
1359 867 68 31 point
1438 870 43 20 out
1492 870 26 20 to
1529 867 32 24 all
1571 868 55 23 who
1637 867 75 31 really
1729 867 61 24 have
1808 868 42 24 the

1262 902 53 21 true
1326 899 112 24 interests
1448 900 28 23 of
1490 900 41 23 the
1550 904 100 28 country
1669 903 26 20 at
1713 899 76 28 heart,
1808 901 42 23 the

1261 932 119 31 propriety
1392 932 27 24 of
1433 932 154 32 conciliating
1603 933 64 24 their
1685 933 113 24 affection
1816 933 33 32 by

1261 965 98 31 making
1371 973 71 23 every
1453 965 129 24 charitable
1598 966 128 24 allowance
1737 966 39 23 for
1787 966 63 23 their

1261 997 97 28 defects,
1375 998 48 23 and
1441 998 32 31 by
1493 999 146 31 conducting
1655 998 33 24 all
1704 998 144 25 intercourse

1260 1029 59 24 with
1337 1031 64 23 them
1418 1031 26 23 in
1464 1039 15 16 a
1498 1031 69 31 spirit
1587 1031 27 24 of
1632 1030 88 32 justice
1737 1032 48 23 and
1799 1031 47 24 for-

1259 1062 124 24 bearance.

1292 1095 52 24 The
1356 1095 125 24 Governor
1491 1099 74 20 trusts
1577 1096 53 23 that
1647 1096 31 23 he
1696 1096 46 25 will
1762 1097 30 23 be
1812 1096 34 23 af-

1259 1127 85 24 forded
1353 1128 42 24 the
1407 1128 147 24 satisfaction
1566 1129 26 23 of
1606 1129 119 24 hereafter
1733 1129 116 31 knowing

1258 1160 54 24 that
1323 1160 37 24 his
1373 1161 146 24 endeavours
1530 1162 38 23 for
1578 1161 42 24 the
1636 1162 212 31 accomplishment

1259 1193 27 23 of
1300 1193 44 24 her
1353 1193 128 32 Majesty's
1492 1194 109 31 gracious
1613 1194 47 24 and
1671 1196 92 30 benign
1774 1195 73 24 views

1258 1226 62 24 have
1330 1229 45 21 not
1384 1227 60 23 been
1456 1227 125 31 employed
1592 1227 25 23 in
1629 1227 63 25 vain.

1259 1264 58 16 Given
1326 1264 58 17 under
1391 1269 30 16 my
1427 1265 51 16 hand
1486 1266 36 15 and
1530 1266 36 16 seal
1575 1267 19 14 at
1601 1266 80 17 Govern-

1278 1285 121 19 ment-house,
1408 1285 101 20 Auckland,
1518 1286 36 16 this
1561 1286 49 16 third
1618 1286 34 21 day
1659 1287 21 16 of

1279 1306 49 19 May,
1337 1306 19 15 in
1364 1306 30 17 the
1401 1307 61 16 fourth
1469 1311 43 15 year
1519 1307 19 16 of
1545 1307 32 16 her
1585 1306 91 22 Majesty's

1281 1326 59 20 reign,
1348 1326 36 16 and
1396 1326 19 17 in
1427 1327 32 16 the
1465 1332 43 15 year
1519 1328 20 16 of
1548 1332 33 12 our
1589 1328 47 16 Lord
1645 1332 34 12 one

1279 1347 92 16 thousand
1378 1347 49 20 eight
1434 1348 84 16 hundred
1526 1348 35 17 and
1568 1349 95 20 forty-one.

1353 1374 112 34 (Signed)
1532 1377 124 24 William
1675 1378 119 29 Hobson,

1715 1412 130 24 Governor.

1258 1441 38 32 By
1307 1441 38 25 his
1357 1442 162 32 Excellency's
1531 1444 128 29 command,

1292 1474 111 33 (Signed)
1438 1476 169 24 Wlloughby
1627 1478 171 24 Shortland.

1387 1532 99 21 Colonial
1495 1533 129 27 Secretary's
1634 1534 74 24 Office,

1507 1561 118 25 Auckland,
1638 1562 39 20 3rd
1686 1561 59 26 May,
1758 1561 61 21 1841.

1291 1594 48 25 His
1358 1595 143 32 Excellency
1520 1596 42 23 the
1581 1596 125 24 Governor
1725 1596 44 24 has
1785 1597 61 23 been

1257 1628 96 31 pleased
1364 1631 25 21 to
1401 1629 98 30 appoint
1510 1629 42 23 the
1563 1629 212 24 undermentioned
1786 1637 58 23 gen-

1257 1661 88 23 tlemen
1356 1663 25 21 to
1392 1661 32 23 be
1440 1660 157 32 Magistrates
1615 1662 28 24 of
1665 1662 42 23 the
1726 1662 120 32 Territory

1257 1694 26 23 of
1298 1694 64 23 New
1374 1693 114 27 Zealand,
1498 1694 47 24 viz.
1556 1704 5 14 :
1563 1708 35 4 —

1323 1733 141 27 Wakefield,
1476 1733 115 28 William,

1324 1765 128 31 Symonds,
1464 1766 106 23 William
1583 1766 150 28 Cornwallis,

1324 1798 116 28 Clendon,
1452 1798 81 24 James
1545 1799 100 27 Reddie,

1324 1831 129 26 Bcckham,
1462 1831 113 28 Thomas,

1323 1864 123 31 Bunbury,
1459 1864 112 28 Thomas,

1325 1897 93 27 Clarke,
1434 1897 103 31 George,

1326 1930 94 27 Coates,
1432 1930 91 26 James,

1326 1962 100 29 Cooper,
1439 1963 103 30 George.

1324 1993 112 27 Dawson,
1451 1994 93 23 Gilbert
1554 1995 106 27 Francis,

1324 2026 144 31 Fitzgerald,
1481 2027 90 23 Robert
1582 2028 41 26 A.,

1325 2058 113 32 Godfrey,
1451 2059 104 24 Edward
1565 2060 57 27 Lee,

1324 2091 122 27 Halswell,
1458 2092 113 24 Edmund
1583 2092 77 28 Store,

1323 2123 110 28 Hanson,
1446 2125 30 23 R.
1490 2125 95 28 Davies,

1323 2156 102 28 Hunter,
1439 2157 103 32 George,

1321 2189 118 28 Johnson,
1451 2190 74 28 John,
1552 2202 3 3 •

1322 2222 72 28 Mair,
1408 2222 101 28 Gilbert,

1323 2255 151 32 M'Donogh,
1486 2257 92 24 Arthur
1588 2257 111 30 Edward,

1321 2287 99 28 Martin,
1433 2288 36 28 S.,
1482 2289 79 26 M.D..

1321 2320 115 28 Mathew,
1448 2322 94 27 Felton,

1321 2353 113 32 Murphy,
1446 2354 115 29 Michael,

1320 2386 132 28 Powditch,
1464 2387 116 29 William,

1321 2419 143 28 Richmond,
1476 2420 116 29 Mathew,

1320 2452 133 28 Robinson,
1467 2452 99 26 Charles
1578 2455 154 33 Barrington,

1320 2483 138 30 Shortland,
1476 2486 164 34 Willoughby,

1321 2516 87 28 Smart,
1420 2517 85 33 Henry
1517 2520 97 28 Dalton,
1627 2522 48 23 and

1321 2549 36 25 St.
1371 2550 59 27 Hill,
1444 2551 92 32 Henry.

1375 2590 37 31 By
1423 2590 37 24 his
1472 2591 162 33 Excellency's
1646 2596 127 29 command,

1286 2622 111 34 (Signed)
1474 2624 181 26 Willouhgby
1668 2629 170 25 Shortland.

1286 2682 179 22 Government
1484 2681 99 25 Order.
1585 2696 34 4 —
1620 2683 38 24 On
1675 2684 42 24 the
1729 2686 111 24 occasion

1253 2715 25 23 of
1293 2714 44 23 her
1346 2714 127 31 Majesty's
1485 2715 109 31 gracious
1605 2717 49 23 will
1666 2718 48 23 and
1731 2719 109 30 pleasure

1251 2748 73 30 being
1336 2746 125 32 published
1472 2750 25 20 to
1518 2748 41 24 the
1580 2748 129 29 Colonists,
1728 2751 54 25 that
1800 2753 40 23 the

1252 2780 93 24 Islands
1356 2779 27 24 of
1398 2779 63 24 New
1472 2780 106 24 Zealand
1590 2781 86 25 should
1697 2784 29 23 be
1747 2785 93 24 erected

1251 2814 51 23 into
1314 2822 14 15 a
1340 2816 106 28 separate
1458 2814 47 23 and
1517 2814 159 31 independent
1689 2816 100 32 Colony,
1803 2817 36 24 his

1252 2846 141 31 Excellency
1402 2845 41 25 the
1453 2845 124 25 Governor
1586 2848 81 24 deems
1678 2849 20 23 it
1709 2854 132 20 consonant

1251 2880 60 23 with
1330 2879 41 23 the
1397 2878 103 25 humane
1523 2880 127 31 principles
1678 2882 80 24 which
1786 2892 55 16 ever

1253 2915 92 21 actuate
1355 2912 44 23 her
1410 2911 107 32 Majesty
1527 2913 26 23 in
1567 2913 42 24 the
1626 2915 106 24 exercise
1752 2917 28 22 of
1798 2917 43 23 her

1253 2945 76 31 Royal
1340 2944 159 31 Prerogative,
1512 2948 26 21 to
1550 2947 88 24 extend
1654 2950 26 21 to
1699 2948 71 24 those
1786 2957 53 24 per-

1253 2986 56 16 sons
1319 2977 56 24 who
1385 2985 56 23 may
1452 2977 31 23 be
1495 2979 108 24 confined
1618 2979 25 25 in
1654 2980 42 24 the
1707 2981 97 24 Prisons
1817 2983 26 22 of

1252 3011 62 24 New
1321 3010 113 27 Zealand,
1439 3011 49 22 and
1495 3011 75 24 under
1577 3019 121 26 summary
1706 3015 134 23 conviction

1251 3044 33 31 by
1305 3044 42 22 the
1370 3042 163 31 Magistrates,
1561 3044 44 24 her
1627 3045 127 33 Majesty's
1777 3051 64 20 most

1252 3077 109 31 gracious
1377 3075 99 31 pardon,
1495 3077 115 30 provided
1629 3079 57 31 only
1706 3080 53 23 that
1779 3080 62 24 their

1253 3110 84 23 crimes
1348 3108 30 24 do
1389 3111 44 21 not
1444 3108 92 25 exhibit
1547 3118 47 23 any
1604 3112 105 30 peculiar
1720 3112 86 32 degree
1816 3114 27 23 of

1251 3142 77 23 moral
1338 3141 129 30 turpitude.

1283 3175 53 23 The
1352 3173 79 25 Police
1451 3174 157 32 Magistrates
1631 3177 27 23 of
1679 3177 42 24 the
1744 3178 94 24 various

1253 3207 111 24 Districts
1376 3214 39 16 are
1425 3206 91 33 hereby
1526 3209 110 31 required
1646 3209 160 34 immediately
1814 3214 25 21 to

1252 3240 93 25 furnish
1361 3242 26 21 to
1406 3239 49 24 this
1476 3240 76 26 Office
1571 3242 42 24 the
1632 3250 83 16 names
1732 3244 27 23 of

1252 3280 99 25 persons
1363 3279 26 17 as
1400 3280 57 24 may
1466 3273 32 24 be
1509 3282 27 16 so
1547 3275 110 23 confined
1676 3275 26 24 in
1719 3275 63 25 their
1800 3285 38 16 re-

1253 3306 103 31 spective
1363 3305 120 27 Districts,
1488 3307 110 31 together
1601 3307 57 24 with
1666 3308 60 23 such
1733 3310 105 23 remarks

1252 3347 31 15 on
1295 3338 57 24 each
1364 3338 128 31 particular
1502 3347 55 16 case
1574 3347 27 17 as
1618 3340 59 31 they
1694 3349 57 23 may
1765 3343 74 30 judge

1252 3372 27 23 fit
1300 3371 39 24 for
1359 3370 39 23 his
1424 3371 165 33 Excellency's
1615 3373 155 24 information
1792 3375 47 23 and

1252 3404 125 32 guidance.

1343 3444 35 31 By
1389 3444 37 23 his
1438 3443 160 32 Excellency's
1610 3445 126 30 command,

1475 3477 180 24 Willoughby
1668 3479 167 25 Shortland.

1284 3536 25 23 A
1318 3536 85 23 Table
1415 3543 32 16 of
1458 3536 98 23 Duties
1567 3543 54 16 and
1633 3536 130 28 Customs,
1778 3545 57 23 pay*

1252 3569 52 24 able
1315 3576 32 16 on
1357 3567 32 25 all
1399 3567 86 32 goods,
1493 3576 82 20 wares,
1583 3568 166 25 merchandize
1761 3570 76 23 which

1253 3602 60 24 shall
1323 3601 30 23 be
1364 3600 120 32 imported
1493 3600 51 24 into
1556 3609 47 23 any
1613 3604 63 28 port,
1687 3609 29 16 or
1725 3602 75 30 place,
1812 3602 24 24 in

1251 3635 42 24 the
1305 3633 93 31 Colony
1408 3633 27 24 of
1450 3633 62 23 New
1523 3633 107 24 Zealand
1640 3633 48 24 and
1698 3633 32 25 its
1742 3635 93 30 Depen-

1253 3666 101 28 dencies,
1368 3673 31 16 on
1410 3666 49 24 and
1469 3665 61 24 after
1540 3665 42 24 the
1592 3666 53 24 first
1659 3666 48 31 day
1725 3667 27 23 of
1772 3667 64 32 July,

1255 3700 60 24 1841
1326 3708 42 15 :—

1731 3730 24 18 £.
1777 3736 15 12 s.
1819 3732 17 16 d.

1280 3752 36 22 On
1328 3751 28 22 all
1366 3750 80 28 spirits,
1458 3750 37 23 the
1505 3750 98 27 produce
1613 3757 26 15 or
1650 3758 80 15 manu-

1253 3779 85 22 facture
1348 3778 26 22 of
1380 3778 37 21 the
1427 3777 86 22 United
1522 3777 121 27 Kingdom,
1655 3778 27 21 of
1690 3778 40 22 her

1253 3806 116 26 Majesty's
1378 3804 136 28 possessions
1523 3804 24 21 in
1560 3804 112 27 America,
1685 3804 45 22 and

1253 3833 24 21 of
1280 3833 58 21 New
1345 3830 70 23 South
1422 3830 75 22 Wales
1504 3831 45 22 and
1554 3830 51 23 Van
1613 3831 117 22 Dieman's

1253 3859 71 27 Land,
1335 3859 34 21 for
1382 3865 68 19 every
1461 3857 75 27 gallon
1552 3860 40 19 not
1606 3858 124 27 exceeding

1253 3886 37 21 the
1300 3884 100 27 strength
1410 3884 27 21 of
1442 3884 67 27 proof
1743 3886 13 19 0
1783 3886 15 20 4
1824 3887 13 19 0

1279 3912 37 22 On
1326 3912 29 21 all
1366 3911 62 22 other
1438 3911 81 27 spirits,
1530 3918 39 19 per
1577 3910 76 27 gallon
1678 3926 45 6 ....
1743 3914 13 19 0
1784 3913 13 20 5
1824 3914 12 19 0

1911 118 109 27 Tobacco,
2030 119 56 22 from
2104 119 44 23 and
2157 120 58 22 after
2224 120 37 22 the
2276 122 34 20 Ist
2318 121 40 22 Ja-

1883 151 79 21 nuary,
1973 147 61 25 1842,
2043 146 42 22 viz.
2085 157 28 5 —
2114 146 62 22 snuff
2181 146 46 22 and
2236 147 77 27 cigars,
2321 154 40 20 per

1883 171 23 21 lb
2375 176 15 20 0
2415 176 14 21 2
2454 178 14 19 0

1911 197 179 28 Manufactured,
2120 202 80 24 except
2227 200 65 21 snuff
2314 200 46 22 and

1882 223 72 27 cigars
2374 228 13 19 0
2415 229 12 21 1
2455 230 13 20 0

1909 250 208 23 Unmanufactured
2374 255 13 19 0
2414 256 14 19 0
2452 258 15 19 9

1907 277 74 27 Wine,
1992 277 34 21 for
2039 285 65 25 every
2113 278 62 22 £100
2184 278 67 22 value
2361 281 26 21 15
2415 283 14 19 0
2454 284 14 19 0

1907 303 53 27 Tea,
1986 310 72 21 sugar,
2077 304 64 27 flour,
2162 304 80 27 wheat,
2262 305 45 21 and
2330 305 31 22 all

1882 329 64 22 other
1954 331 66 26 grain
2032 330 44 22 and
2087 331 70 26 pulse,
2169 331 34 21 for
2220 338 67 21 every
2297 332 61 22 £100

1881 356 66 21 value
2369 360 13 20 5
2410 361 13 19 0
2451 362 12 19 0

1909 382 40 22 All
2045 384 85 26 foreign
2146 384 76 27 goods,
2241 384 35 21 for
2292 392 68 20 every

1880 408 61 22 £100
1951 409 67 21 value
2358 413 26 20 10
2410 413 14 19 0
2451 415 12 19 0

1908 436 39 21 All
1958 436 83 21 British
2050 436 73 27 goods,
2133 436 44 22 and
2184 437 69 26 goods
2260 437 38 22 the
2305 444 53 21 pro-

1881 462 57 22 duce
1956 469 26 14 or
2000 463 153 21 manufacture
2173 464 26 20 of
2215 463 55 22 New
2287 464 71 22 South

1880 489 76 22 Wales
1971 489 46 22 and
2028 489 51 22 Van
2096 489 116 22 Dieman's
2229 490 71 27 Land,
2319 498 40 14 ex-

1881 519 51 24 cept
1942 515 74 27 spirits
2381 517 64 23 Free.

1990 576 69 20 New
2071 576 122 20 Zealand
2208 577 150 25 Company.

1880 609 94 28 Capital,
1989 608 117 28 £100,000,
2120 609 25 21 in
2154 610 56 21 4000
2219 609 80 22 Shares
2309 609 26 22 of
2346 610 48 22 £25
2404 610 62 29 each,

2103 635 30 22 all
2143 636 53 26 paid
2205 643 37 20 up.

2014 669 99 17 Governor:
2128 669 75 17 Joseph
2211 670 70 19 Somes,
2290 669 43 21 Esq.

1943 697 181 20 Deputy-Governor:
2136 697 48 16 Hon.
2189 697 73 17 Francis
2269 697 74 21 Baring,
2351 697 54 20 M.P.,

2113 721 120 14 DIRECTORS:

1962 737 90 16 Viscount
2057 737 87 21 Ingestre,
2152 738 52 20 M.P.,

1963 757 49 16 Lord
2020 758 56 19 Petre,

1962 778 64 20 Henry
2033 778 22 16 A.
2062 777 92 21 Aglionby,
2164 778 49 21 Esq.,
2222 779 52 20 M.P.,

1961 798 49 17 John
2019 798 81 17 Ellorker
2106 799 89 18 Boulcott,
2206 799 49 21 Esq.,

1962 818 50 17 John
2019 818 78 17 William
2104 819 74 20 Buckle,
2184 819 50 21 Esq.,

1963 839 73 16 Russell
2045 839 61 19 EUice,
2114 839 49 21 Esq.,

1961 860 63 16 James
2032 860 66 16 Robert
2105 860 71 20 Goweu,
2184 860 50 21 Esq.,

1961 881 50 16 John
2019 881 53 19 Hine,
2080 881 48 19 Esq.,

1963 901 81 17 William
2050 901 52 20 Hutt,
2111 902 47 19 Esq.,
2172 902 53 19 M.P.,

1962 922 76 16 Stewart
2046 922 126 20 Majoribanks,
2184 923 49 20 Esq.,

1961 942 103 17 Alexander
2071 942 62 20 Nairn,
2142 943 48 20 Esq.,

1961 963 49 16 John
2019 963 50 19 Pirle,
2078 963 48 21 Esq.,
2134 963 104 20 Alderman,

1961 984 30 16 Sir
1998 984 66 21 George
2072 984 80 20 Sinclair,
2161 985 55 19 Bart.,
2225 985 53 20 M.P.,

1961 1005 31 15 Sir
1999 1005 27 16 W.
2034 1005 56 16 Moles
2093 1005 60 19 worth,
2161 1005 56 19 Bart.,
2226 1006 52 20 M.P.,

1960 1025 50 16 John
2017 1025 43 16 Abel
2067 1025 64 20 Smith,
2140 1026 49 20 Esq.,
2200 1027 53 19 M.P.,

1960 1046 48 16 Wm.
2020 1046 107 20 Thompson,
2142 1046 49 20 Esq.,
2206 1047 104 19 Alderman,
2325 1048 55 20 M.P.,

1960 1066 50 16 Hon.
2018 1066 93 17 Frederick
2118 1066 37 17 Jas.
2163 1067 120 21 Tollemache,
2293 1069 53 19 M.P.,

1961 1086 77 17 Edward
2046 1087 20 16 G.
2074 1087 102 19 Wakeiield,
2182 1088 38 20 Esq
2227 1099 5 9 ,

1961 1107 29 16 Sir
1997 1107 62 21 Henry
2067 1107 60 19 Webb,
2137 1108 56 20 Bart.,

1960 1128 69 16 Arthur
2038 1128 62 19 Willis,
2108 1128 48 21 Esq.,

1961 1149 68 19 George
2038 1149 94 16 Frederick
2140 1149 70 20 Young,
2220 1150 42 20 Esq.

2024 1170 98 19 Secretary:
2135 1170 52 16 John
2196 1170 68 20 Ward,
2273 1171 43 20 Esq.

1878 1195 90 35 npHE
1978 1196 61 22 main
2048 1196 96 22 features
2151 1198 26 20 of
2183 1197 39 22 the
2229 1201 83 24 system
2320 1199 26 21 of
2352 1199 112 23 coloniza-

1883 1219 31 25 JL
1951 1223 48 22 tion
2010 1223 94 27 adopted
2113 1224 31 26 by
2153 1224 37 22 the
2204 1224 123 28 Company,
2342 1233 47 19 are,
2391 1238 30 4 —
2423 1228 38 26 Ist,

1877 1249 37 21 the
1924 1249 46 22 sale
1980 1250 26 21 of
2016 1250 70 26 lands,
2100 1253 23 18 at
2137 1257 29 14 an
2180 1251 99 22 uniform
2293 1252 46 21 and
2352 1252 111 23 sufficient

1878 1276 70 26 price;
1966 1276 46 21 and
2025 1276 75 27 2ndly,
2116 1276 38 21 the
2169 1278 152 27 employment
2336 1279 27 21 of
2375 1286 14 14 a
2403 1279 61 28 large

1877 1302 87 26 portion
1974 1303 27 21 of
2006 1302 38 22 the
2052 1302 208 30 purchase-money,
2271 1312 24 14 as
2305 1312 28 14 an
2344 1305 118 28 Immigra-

1877 1329 46 21 tion
1933 1329 73 22 Fund.
2035 1330 27 21 In
2073 1329 62 22 these
2144 1334 104 24 respects,
2263 1331 38 22 the
2311 1332 120 28 principles
2441 1335 26 21 of

1877 1356 70 21 South
1959 1356 114 21 Australia
2086 1356 58 22 have
2158 1357 57 22 been
2230 1357 104 23 followed
2347 1366 25 14 as
2386 1360 77 28 nearly

1876 1389 24 15 as
1918 1383 172 22 circumstances
2104 1383 80 28 would,
2204 1384 23 22 in
2243 1384 37 22 the
2298 1389 92 23 present
2405 1394 57 20 case,

1876 1409 89 27 permit.

1902 1436 49 21 The
1965 1436 71 27 grand
2052 1436 71 27 object
2139 1437 26 21 of
2178 1437 39 22 the
2231 1445 56 19 new,
2302 1445 25 14 or
2338 1438 124 29 improved,

1875 1466 84 23 system
1970 1463 26 21 of
2006 1463 38 22 the
2053 1463 96 27 disposal
2163 1464 26 21 of
2205 1464 97 22 colonial
2315 1464 72 28 lands,
2404 1466 20 22 is
2439 1471 22 17 to

1876 1490 99 26 regulate
1990 1489 37 22 the
2042 1490 78 27 supply
2135 1490 26 22 of
2177 1498 50 14 new
2241 1491 60 26 land,
2318 1492 31 26 by
2365 1492 38 22 the
2415 1494 47 21 real

1876 1520 70 18 wants
1958 1516 26 21 of
1998 1516 36 22 the
2051 1516 115 28 Colonists,
2182 1525 24 14 so
2222 1518 47 21 that
2284 1518 37 22 the
2336 1519 56 22 land
2405 1520 57 22 shall

1876 1549 68 15 never
1960 1542 29 22 be
2008 1543 70 22 either
2095 1544 189 28 superabundant,
2306 1553 25 14 or
2349 1546 111 29 deficient,

1874 1569 73 22 either
1961 1573 38 18 too
2016 1570 75 27 cheap,
2109 1577 25 15 or
2152 1575 37 18 too
2208 1571 59 22 dear.
2306 1572 23 21 It
2345 1572 42 22 has
2405 1573 56 22 been

1874 1596 77 22 shown
1961 1596 49 21 that
2020 1597 36 22 the
2066 1599 42 20 due
2120 1598 130 27 proportion
2264 1599 104 21 between
2383 1601 79 26 people

1874 1623 46 22 and
1927 1623 54 22 land
1987 1631 52 19 may
2045 1624 26 21 be
2079 1625 126 27 constantly
2211 1625 93 22 secured
2310 1626 30 26 by
2346 1626 115 22 abandon-

1874 1650 40 26 ing
1923 1650 37 21 the
1970 1650 38 21 old
2019 1654 81 23 system
2111 1651 26 21 of
2147 1659 97 18 grants,
2254 1652 45 21 and
2307 1653 116 27 requiring
2433 1662 26 14 an

1874 1676 99 22 uniform
1982 1678 61 26 price
2052 1685 39 20 per
2099 1685 57 20 acre,
2172 1678 34 21 for
2215 1679 31 21 all
2254 1686 50 14 new
2313 1679 73 27 lands,
2397 1681 64 21 with-

1876 1704 173 27 outexception.
2076 1704 26 21 If
2112 1704 37 22 the
2158 1706 62 26 price
2231 1706 27 21 be
2272 1709 41 18 not
2326 1709 38 19 too
2379 1707 48 27 low,
2443 1707 18 22 it

1874 1729 74 22 deters
1955 1730 136 27 speculators
2100 1731 57 22 from
2172 1732 117 28 obtaining
2302 1732 63 28 land,
2380 1733 53 23 with
2447 1742 15 14 a

1875 1756 55 22 view
1938 1760 23 18 to
1972 1758 89 26 leaving
2069 1758 57 21 their
2135 1762 106 28 property
2249 1760 22 21 in
2283 1767 13 14 a
2307 1760 75 22 desert
2394 1764 64 25 state,

1874 1784 45 21 and
1932 1784 53 21 thus
1998 1787 104 23 prevents
2109 1785 110 27 injurious
2229 1786 122 28 dispersion
2358 1795 6 19 ;
2379 1787 18 21 it
2406 1787 51 28 also,

1876 1810 28 27 by
1914 1808 136 30 compelling
2057 1819 66 19 every
2129 1812 104 22 labourer
2241 1816 21 18 to
2270 1814 60 20 work
2338 1814 35 20 for
2381 1821 77 20 wages,

1875 1837 55 22 until
1942 1837 28 22 he
1980 1837 41 22 has
2028 1838 67 22 saved
2109 1838 38 21 the
2157 1840 53 26 only
2221 1847 77 14 means
2308 1840 25 21 of
2345 1841 117 27 obtaining

1875 1864 60 26 land,
1945 1864 86 22 insures
2046 1873 13 13 a
2073 1866 80 26 supply
2168 1866 25 21 of
2204 1866 78 22 labour
2296 1866 35 22 for
2345 1867 56 22 hire.
2431 1869 27 26 If,

1875 1898 28 14 on
1914 1890 37 22 the
1961 1890 65 23 other
2034 1891 67 27 hand,
2117 1892 37 21 the
2164 1892 60 27 price
2234 1893 26 21 be
2271 1897 40 17 not
2320 1897 38 18 too
2368 1894 60 27 high,
2443 1895 17 21 it

1875 1917 86 22 neither
1970 1918 99 22 confines
2079 1918 37 22 the
2126 1919 87 22 settlers
2228 1920 76 21 within
2318 1928 14 14 a
2346 1928 65 20 space
2426 1922 34 21 in-

1874 1944 159 28 conveniently
2049 1952 92 20 narrow,
2157 1953 42 14 nor
2214 1946 53 22 does
2281 1947 18 21 it
2314 1951 94 23 prevent
2422 1948 38 22 the

1874 1970 78 27 thrifty
1966 1971 103 22 labourer
2081 1972 59 21 from
2153 1972 120 28 becoming
2287 1981 13 14 a
2312 1974 147 28 land-owner,

1874 1996 58 21 after
1941 1997 101 27 working
2051 2005 60 14 some
2121 1998 54 21 time
2184 1998 36 21 for
2229 2006 80 20 wages.

1902 2023 21 21 A
1940 2023 117 27 sufficient,
2074 2024 40 21 but
2132 2028 41 17 not
2190 2032 62 15 more
2273 2026 54 21 than
2346 2026 112 22 sufficient

1874 2049 60 27 price
1945 2050 35 21 for
1992 2050 30 21 all
2034 2057 49 14 new
2097 2050 59 28 land,
2173 2051 19 22 is
2207 2051 38 22 the
2260 2052 61 22 main
2336 2053 86 22 feature
2437 2054 26 22 of

1875 2076 36 21 the
1930 2083 49 14 new
1994 2080 82 23 system
2091 2078 26 21 of
2133 2078 156 23 colonization.
2322 2080 22 21 It
2360 2080 99 22 obviates

1874 2109 67 20 every
1952 2110 84 20 species
2052 2104 24 21 of
2089 2104 101 27 bondage
2197 2113 5 18 ;
2222 2105 30 27 by
2266 2106 120 28 providing
2400 2115 59 14 com-

1874 2129 88 22 binable
1972 2130 83 27 labour,
2066 2130 18 21 it
2092 2131 90 22 renders
2191 2132 103 28 industry
2301 2140 54 20 very
2365 2134 92 26 produc-

1873 2156 52 26 tive,
1937 2156 44 22 and
1990 2156 118 23 maintains
2117 2158 55 21 both
2180 2158 55 27 high
2251 2167 79 19 wages,
2346 2160 47 21 and
2405 2160 52 28 high

1873 2183 87 27 profits;
1983 2184 19 21 it
2017 2183 75 22 makes
2109 2184 38 21 the
2165 2185 82 27 colony
2262 2193 23 14 as
2302 2187 117 22 attractive
2434 2195 23 14 as

1873 2210 102 27 possible,
1990 2210 55 21 both
2059 2214 22 18 to
2097 2211 120 27 capitalists
2232 2212 46 22 and
2292 2215 23 19 to
2329 2213 126 29 labourers;

1872 2236 46 21 and
1927 2240 40 18 not
1975 2236 85 28 merely
2069 2240 22 19 to
2101 2238 69 26 these,
2182 2239 42 21 but
2233 2239 53 27 also,
2296 2240 31 26 by
2335 2240 123 28 bestowing

1872 2271 29 14 on
1917 2263 37 22 the
1965 2264 88 27 colony,
2068 2264 38 21 the
2116 2265 72 21 better
2203 2266 116 22 attributes
2334 2267 27 21 of
2378 2275 28 14 an
2422 2268 35 22 old

1871 2290 91 27 society,
1973 2294 24 17 to
2005 2290 61 22 those
2074 2290 49 23 who
2130 2291 57 22 have
2195 2299 13 14 a
2215 2292 90 22 distaste
2313 2293 34 22 for
2354 2294 60 21 what
2419 2294 38 22 has

1872 2316 125 23 heretofore
2006 2317 57 22 been
2073 2318 38 21 the
2124 2318 113 27 primitive
2247 2320 115 22 condition
2374 2321 26 21 of
2408 2329 50 14 new

1872 2344 107 21 colonies.

1898 2370 48 22 The
1954 2374 65 24 great
2027 2371 73 27 object
2109 2371 26 21 of
2146 2371 36 22 the
2191 2372 62 27 price
2261 2372 20 23 is
2293 2376 23 19 to
2330 2381 77 15 secure
2421 2374 36 22 the

1872 2401 58 18 most
1939 2398 109 21 desirable
2056 2398 140 27 proportions
2205 2399 101 23 between
2319 2401 81 27 people
2414 2402 43 21 and

1871 2424 54 21 land
1931 2433 6 18 ;
1951 2425 42 21 but
2002 2424 38 22 the
2050 2425 52 27 plan
2111 2425 40 22 has
2161 2425 38 22 the
2206 2426 86 23 further
2299 2427 71 22 result
2376 2428 26 21 of
2408 2436 49 20 pro-

1871 2451 83 27 ducing
1965 2459 13 13 a
1987 2459 104 19 revemie,
2107 2452 72 21 which
2194 2452 46 22 will
2254 2457 41 18 not
2310 2454 54 27 only
2379 2455 77 27 supply

1872 2478 36 21 the
1921 2479 105 27 requisite
2041 2479 65 27 profit
2119 2482 23 18 to
2156 2478 38 22 the
2210 2480 154 23 shareholders
2379 2482 26 21 of
2420 2482 37 21 the

1871 2506 123 31 Company,
2019 2505 40 22 but
2080 2505 111 22 furnishes
2213 2506 38 22 the
2274 2515 79 14 means
2370 2508 35 21 for
2428 2516 26 14 an

1872 2532 154 26 Immigration
2037 2532 70 26 Fund,
2109 2544 31 4 —
2142 2539 12 14 a
2161 2532 58 22 fund
2226 2534 127 28 constantly
2360 2535 95 27 applica-

1871 2558 35 22 ble
1923 2562 23 18 to
1961 2558 39 21 the
2016 2566 93 20 purpose
2126 2559 26 21 of
2165 2559 105 28 bringing
2283 2561 80 22 labour
2380 2565 23 18 to
2419 2562 36 21 the

1870 2585 81 26 colony
1951 2597 32 4 —
1985 2585 48 21 that
2046 2585 25 27 is,
2087 2586 24 21 in
2128 2586 94 26 causing
2237 2586 37 23 the
2291 2588 49 21 best
2359 2596 55 14 sort
2434 2589 26 21 of

1870 2612 150 21 colonization
2030 2615 22 18 to
2062 2612 94 31 proceed
2166 2616 23 17 at
2200 2613 37 22 the
2250 2617 97 23 greatest
2360 2616 94 26 possible

1869 2642 54 18 rate.
1952 2638 55 21 And
2015 2638 43 21 this
2064 2645 19 14 is
2090 2638 36 21 the
2134 2640 84 21 second
2226 2640 87 23 feature
2322 2642 27 21 of
2360 2642 38 21 the
2407 2649 48 15 new

1869 2669 90 23 system.

1895 2692 48 22 The
1953 2691 153 27 employment
2114 2692 27 21 of
2154 2692 39 21 the
2206 2693 211 29 purchase-money,
2433 2702 23 15 or

1869 2718 38 22 the
1916 2718 110 28 principal
2035 2722 49 23 part
2093 2718 26 21 of
2128 2718 24 26 it,
2163 2719 23 21 in
2198 2720 125 28 conveying
2332 2722 87 21 settlers
2433 2725 21 18 to

1869 2745 37 22 the
1917 2745 88 27 colony,
2016 2744 39 22 has
2065 2744 37 23 the
2112 2745 114 29 following
2236 2747 82 22 effects.
2347 2748 24 21 It
2380 2748 74 22 makes

1869 2772 37 21 the
1921 2772 132 27 purchasers
2067 2772 26 21 of
2107 2772 54 21 land
2175 2780 37 15 see
2227 2773 91 29 plainly,
2335 2774 50 23 that
2400 2776 55 21 their

1869 2807 83 19 money
1961 2798 45 22 will
2015 2799 29 20 be
2052 2798 105 22 returned
2166 2799 23 22 in
2205 2799 38 22 the
2255 2800 68 29 shape
2337 2802 27 21 of
2377 2802 77 21 labour

1869 2826 45 21 and
1923 2825 137 29 population.
2089 2826 22 21 It
2120 2826 71 27 tends,
2206 2826 24 23 in
2241 2827 51 27 fact,
2307 2831 24 18 to
2340 2828 68 22 lower
2417 2828 36 22 the

1870 2860 119 24 necessary
2006 2852 105 21 standard
2130 2852 26 22 of
2171 2853 68 27 price,
2253 2854 103 28 because,
2375 2855 52 22 with
2441 2863 13 14 a

1869 2882 104 19 constant
1982 2878 72 23 influx
2064 2879 26 21 of
2100 2878 78 28 people
2187 2882 23 19 to
2221 2878 36 24 the
2268 2881 88 27 colony,
2365 2882 38 21 the
2413 2882 41 21 due

1869 2906 129 28 proportion
2003 2906 101 21 between
2110 2911 79 23 people
2196 2906 46 22 and
2248 2907 54 22 land
2308 2916 53 19 may
2368 2909 28 21 be
2403 2908 51 28 kept

1869 2941 30 20 up
1908 2933 32 27 by
1949 2940 14 14 a
1971 2932 69 22 lower
2048 2932 66 27 price,
2126 2932 54 22 than
2189 2933 22 22 if
2222 2934 62 22 there
2294 2942 59 15 were
2361 2943 30 14 no
2401 2935 52 22 such

1869 2960 162 27 immigration.
2051 2960 22 20 It
2081 2959 110 22 therefore
2198 2960 130 23 diminishes
2334 2962 39 22 the
2379 2962 75 28 period

1869 2986 82 28 during
1959 2985 74 23 which
2043 2985 35 23 the
2087 2986 104 22 labourer
2204 2990 60 19 must
2275 2988 62 22 work
2350 2988 36 22 for
2400 2988 52 27 hire,

1869 3014 45 21 and
1923 3014 30 26 by
1962 3012 39 23 the
2015 3012 63 28 rapid
2091 3020 101 20 progress
2206 3014 74 22 which
2293 3015 19 22 it
2324 3015 93 28 imparts
2431 3019 21 18 to

1870 3040 36 22 the
1915 3040 51 21 best
1974 3042 48 19 sort
2029 3039 26 22 of
2065 3040 156 27 colonization,
2235 3040 19 22 it
2267 3041 103 28 explains
2385 3045 22 18 to
2415 3042 37 21 the

1869 3066 118 27 labouring
1996 3066 56 22 class
2061 3066 25 21 of
2092 3066 148 27 immigrants,
2250 3067 49 22 that
2307 3075 68 21 every
2383 3076 41 15 one
2431 3068 24 22 of

1869 3093 62 22 them
1943 3093 51 22 who
2009 3092 19 22 is
2043 3092 134 23 industrious
2194 3094 46 21 and
2255 3094 86 28 thrifty,
2358 3103 52 19 may
2426 3096 26 21 be

1868 3127 50 15 sure
1928 3123 23 18 to
1959 3120 94 21 become
2064 3122 41 19 not
2118 3119 85 28 merely
2218 3127 29 14 an
2262 3128 76 15 owner
2352 3122 27 21 of
2394 3122 57 26 land,

1869 3147 40 22 but
1924 3146 47 22 also
1987 3146 25 21 in
2029 3146 35 21 his
2083 3149 58 23 turn,
2161 3153 30 14 an
2212 3148 115 27 employer
2345 3149 28 22 of
2391 3148 61 23 hired

1868 3174 122 25 labourers,
2001 3180 14 15 a
2024 3176 80 18 master
2114 3173 26 21 of
2149 3178 108 18 servants.

1895 3200 68 22 From
1972 3199 62 22 these
2045 3199 181 28 considerations,
2240 3200 38 23 the
2287 3202 117 27 Company
2412 3202 40 21 has

1868 3226 98 29 adopted
1984 3226 38 22 the
2038 3233 60 15 same
2114 3230 83 24 system
2213 3227 28 22 of
2255 3228 115 28 disposing
2385 3229 25 22 of
2424 3228 28 22 its

1869 3257 67 19 waste
1947 3253 73 27 lands,
2035 3260 24 14 as
2073 3252 41 23 has
2127 3253 92 28 already
2232 3254 84 27 proved
2330 3255 78 27 highly
2419 3255 32 22 fa-

1867 3280 107 22 vourable
1988 3282 24 19 to
2025 3279 37 22 the
2075 3279 182 28 productiveness
2271 3282 27 21 of
2312 3282 102 27 industry
2427 3282 23 21 in

1867 3307 72 22 South
1948 3306 121 23 Australia.
2097 3306 28 21 In
2135 3313 14 15 a
2158 3314 50 14 new
2219 3306 88 28 colony,
2321 3308 93 27 planted
2426 3308 23 22 in

1867 3341 13 14 a
1888 3334 74 22 fertile
1972 3332 47 23 and
2033 3332 114 22 extensive
2160 3333 111 28 territory,
2286 3337 20 18 it
2318 3342 20 15 is
2353 3335 97 26 obvious,

1867 3360 49 22 that
1935 3360 37 21 the
1988 3358 168 23 establishment
2170 3360 26 21 of
2211 3358 55 23 such
2281 3368 14 14 a
2309 3364 84 25 system
2405 3362 19 21 is
2438 3368 13 14 a

1867 3390 81 19 matter
1963 3386 28 21 of
2008 3386 38 21 the
2061 3385 90 27 deepest
2168 3390 101 18 moment
2285 3390 23 19 to
2325 3388 38 21 the
2379 3388 71 22 future

1867 3414 89 21 welfare
1967 3412 27 22 of
2006 3412 91 27 society.
2228 3413 19 22 it
2260 3413 39 22 the
2313 3414 51 22 best
2378 3414 72 22 effects

1867 3447 51 21 may
1927 3438 55 23 with
1991 3438 128 22 confidence
2128 3438 28 22 be
2166 3440 136 27 anticipated
2309 3449 5 13 :
2330 3449 13 14 a
2350 3443 101 20 constant

1867 3466 44 22 and
1919 3465 91 27 regular
2019 3465 79 27 supply
2107 3465 27 21 of
2144 3473 50 15 new
2203 3466 54 22 land
2266 3467 24 22 in
2304 3467 44 22 due
2361 3474 89 21 propor-

1865 3493 48 22 tion
1921 3496 25 18 to
1954 3492 40 21 the
2012 3495 69 18 wants
2091 3492 25 21 of
2125 3499 15 14 a
2147 3493 131 28 population
2288 3494 126 27 increasing
2423 3494 29 26 by

1864 3519 73 22 births
1946 3519 47 21 and
2005 3519 149 26 immigration
2160 3527 6 19 ;
2184 3520 31 21 all
2229 3520 38 22 the
2281 3520 135 28 advantages
2429 3523 23 18 to

1866 3546 73 22 which
1947 3545 103 22 facilities
2059 3545 26 22 of
2093 3548 114 26 transport
2213 3547 45 21 and
2264 3546 186 23 communication

1865 3580 37 14 are
1913 3572 106 22 essential
2026 3579 4 20 ;
2046 3572 109 27 certainty
2170 3573 26 21 of
2205 3572 76 29 limits,
2297 3574 45 21 and
2356 3573 95 26 security

1865 3600 25 21 of
1902 3599 49 22 title
1961 3602 24 18 to
1994 3602 104 28 property
2106 3599 24 22 in
2140 3595 58 26 land
2204 3607 6 19 ;
2226 3600 37 21 the
2272 3603 98 24 greatest
2382 3599 69 22 facili-

1865 3626 42 21 ties
1916 3633 29 14 on
1955 3626 116 27 acquiring
2080 3626 37 21 the
2128 3625 44 22 due
2180 3627 115 27 quantity;
2310 3627 37 22 the
2357 3628 95 26 greatest

1864 3656 191 23 encouragement
2066 3656 23 17 to
2098 3652 150 27 immigration
2259 3653 45 22 and
2313 3653 136 26 settlement;

1865 3679 46 22 and
1924 3679 37 22 the
1977 3682 59 19 most
2048 3679 63 27 rapid
2126 3687 102 19 progress
2243 3680 25 21 of
2283 3680 37 21 the
2334 3679 77 28 people
2425 3679 23 21 in

1865 3706 101 21 material
1976 3706 95 21 comfort
2079 3705 46 22 and
2133 3706 69 21 social

2060 3747 56 24 £20
2131 3751 124 20 Reward.

1867 3776 91 49 THE
1968 3776 148 27 undersigned
2126 3776 43 22 will
2179 3776 50 27 give
2241 3776 37 23 the
2288 3776 70 22 above
2366 3774 81 23 reward

1941 3807 22 18 to
1974 3811 46 19 any
2030 3809 79 21 person
2126 3810 25 14 or
2166 3810 91 19 persons
2274 3803 49 22 who
2339 3802 45 22 will
2398 3802 49 26 give

1866 3830 55 22 such
1930 3830 143 21 information
2084 3837 23 14 as
2118 3829 43 22 will
2170 3829 52 22 lead
2234 3833 22 18 to
2271 3829 38 22 the
2323 3828 123 22 conviction

1866 3857 26 21 of
1903 3864 45 20 any
1957 3863 80 21 person
2049 3863 23 14 or
2081 3863 91 20 persons
2180 3856 134 24 feloniously
2321 3855 77 27 taking
2404 3853 43 22 and

1866 3883 80 27 killing
1955 3890 45 20 any
2010 3882 38 28 pig
2057 3889 24 14 or
2090 3882 49 28 pigs
2149 3882 99 22 branded
2257 3882 22 21 G
2288 3882 29 21 D.

2227 3908 94 22 George
2333 3908 87 21 Duppa.
