2540 4050
512 633 129 33 PORT
664 631 286 35 NICHOLSON,
974 625 261 36 SATURDAY
1258 621 238 39 MORNING,
1519 624 290 32 SEPTEMBER
1832 628 51 34 24,
1909 628 87 28 1842.

575 516 220 38 PUBLISHED
840 513 132 39 EVERY
1016 506 258 43 WEDNESDAY
1320 504 86 40 AND
1452 506 230 38 SATURDAY
1728 506 205 37 MORNING;

61 642 66 31 No.
144 640 84 38 179.]

2252 625 100 39 [Vol.
2373 625 65 32 111.

39 124 462 132 THE
539 180 8 71 NEW
598 89 927 170 ZEALAND
1527 99 33 79 GAZETTE
1563 91 264 170 AND

1382 715 123 25 Country
1519 714 77 20 Land
1611 713 42 21 for
1668 714 68 21 Sale.

1270 747 66 48 TO
1352 747 38 21 BE
1404 748 78 21 SOLD
1501 747 33 22 IN
1551 747 81 27 LOTS,
1649 750 22 18 to
1689 748 44 21 suit
1746 748 39 21 the
1802 754 54 16 con-

1343 774 107 21 venience
1461 775 26 20 of
1493 774 137 27 purchasers,
1640 774 44 21 No.
1692 775 13 20 3
1714 774 24 21 in
1747 774 39 21 the
1796 778 58 17 town

1270 800 89 28 district,
1371 800 42 23 No.
1423 802 29 20 44
1460 801 23 21 in
1494 801 37 24 the
1546 800 60 21 Hutt
1616 800 92 27 district,
1720 800 44 22 and
1775 801 43 21 No.
1828 802 28 20 68

1269 827 23 21 in
1310 827 35 22 the
1365 828 93 21 Porirua
1476 827 84 22 district
1569 835 5 13 :
1589 827 51 22 half
1651 827 25 21 of
1693 827 36 21 the
1746 827 110 27 purchase

1270 859 80 22 money
1359 854 45 21 will
1418 854 27 21 be
1456 854 94 21 allowed
1564 857 22 17 to
1596 854 86 21 remain
1693 861 29 14 on
1732 857 122 23 mortgage,

1270 884 22 17 at
1302 882 30 20 10'
1336 888 39 20 per
1386 883 56 20 cent.
1473 880 44 21 For
1526 880 138 27 particulars,
1676 880 65 27 apply
1751 884 23 17 to

1539 914 99 21 Hanson
1652 914 44 21 and
1712 914 116 20 Alzdorf.

1289 966 85 20 Sown
1391 966 53 21 and
1459 966 123 24 Country
1596 966 77 19 Land
1689 966 28 19 to
1733 966 33 19 be
1783 966 57 19 Let.

1273 998 165 49 SECTIONS
1454 998 46 22 and
1515 999 101 26 portions
1633 998 25 22 of
1671 998 102 22 Sections
1788 998 25 21 in
1828 997 31 21 all

1341 1029 59 24 parts
1418 1025 24 22 of
1458 1025 38 21 the
1514 1025 69 22 Town
1603 1025 26 21 of
1644 1025 146 27 Wellington,
1811 1024 46 22 also

1271 1053 98 26 Country
1379 1052 101 22 Sections
1494 1052 24 21 in
1529 1052 37 21 the
1583 1051 96 22 districts
1696 1051 26 22 of
1735 1052 38 21 the
1790 1051 66 26 Hutt,

1272 1079 36 21 tlie
1322 1079 87 27 Karori,
1423 1079 35 21 the
1470 1078 76 27 Ohiro,
1559 1079 45 21 and
1617 1078 37 22 the
1665 1079 99 21 Porirua.
1794 1078 65 26 Long

1271 1106 70 22 leases
1351 1106 25 21 of
1383 1106 37 22 the
1437 1109 94 23 country
1541 1106 54 21 land
1613 1105 44 22 will
1672 1105 29 21 be
1716 1105 95 26 granted
1829 1112 29 14 on

1271 1133 129 22 reasonable
1411 1136 74 18 terms.
1515 1132 44 22 For
1568 1132 131 27 particulars
1710 1132 66 27 apply
1786 1135 23 20 to
1874 1132 1 20 i

1298 1166 97 22 Hanson
1406 1166 46 21 and
1466 1166 116 24 Alzdorf,
1592 1165 200 27 Thorndon-quay,
1803 1172 24 14 or
1837 1168 23 18 to

1298 1193 94 21 Robert
1403 1194 94 25 Stokes,
1509 1192 63 21 Land
1588 1193 111 25 Surveyor
1716 1192 44 21 and
1776 1192 82 26 Agent,

1454 1219 218 22 Woolcomb-street.

1327 1274 66 19 Port
1406 1272 153 21 Nicholson
1575 1272 55 20 and
1639 1270 165 27 Wanganui.

1275 1305 164 50 SEVERAL
1453 1305 69 21 Town
1538 1304 45 22 and
1600 1305 99 25 Country
1720 1303 99 22 Sections
1837 1303 24 21 in

1339 1333 61 21 these
1410 1331 96 23 districts
1515 1335 22 18 to
1548 1332 28 20 be
1586 1331 50 21 sold
1646 1338 23 14 or
1685 1331 39 21 let.
1753 1331 45 21 For
1811 1337 50 20 par-

1273 1359 89 22 ticulars
1372 1359 46 21 and
1428 1362 74 23 terms,
1513 1358 65 27 apply
1590 1362 23 18 to

1579 1390 94 22 Robert
1690 1390 27 21 R.
1734 1390 99 23 Strang.

1301 1418 89 27 August
1398 1420 20 24 4,
1431 1420 61 19 1842.

1277 1469 66 48 TO
1363 1470 39 21 BE
1423 1469 80 22 SOLD
1526 1468 112 26 CHEAP,
1663 1468 54 22 with
1735 1467 128 23 immediate

1350 1497 128 25 possession,
1500 1504 13 13 a
1531 1496 118 21 well-built
1670 1496 94 21 wooden
1786 1495 76 26 house,

1275 1523 53 21 with
1338 1524 54 26 shop
1402 1523 100 26 window,
1515 1529 28 14 on
1552 1522 37 21 the
1600 1522 79 22 beach.
1708 1521 75 28 Apply
1794 1525 22 18 to

1444 1557 50 21 Mr.
1510 1557 74 26 Neal,
1600 1556 82 22 Watch
1694 1556 86 26 Maker,

1642 1583 110 21 Lambton
1764 1583 73 26 Quay.

1276 1630 86 19 Town
1387 1630 53 20 and
1466 1630 122 25 Country
1608 1629 78 20 Land
1706 1630 30 18 to
1758 1629 50 19 Let
1828 1633 37 14 on

1466 1656 79 26 Long
1564 1657 108 19 Leases.

1277 1690 99 50 NOS.
1393 1691 25 20 of
1433 1689 38 23 the
1491 1693 59 18 town
1570 1697 62 14 acres
1651 1696 28 15 on
1697 1689 38 22 the
1755 1689 110 27 Surveyor

1477 1717 116 21 General's
1604 1717 63 26 Plan,

1386 1745 40 21 224
1552 1745 41 21 510
1716 1745 41 21 263

1278 1771 44 21 For
1331 1771 137 27 particulars,
1480 1771 66 27 apply
1557 1775 22 17 to

1440 1804 124 28 Wallace,
1576 1804 94 27 White,
1681 1803 46 22 and
1740 1803 125 22 Wallace.

1307 1839 54 27 May
1369 1841 35 24 31,
1416 1839 61 22 1842.

1280 1884 66 49 TO
1365 1884 39 21 BE
1424 1883 88 26 SOLD,
1527 1884 24 21 in
1566 1884 43 21 lots
1623 1886 23 18 to
1666 1884 46 21 suit
1728 1883 137 27 purchasers,

1345 1910 38 22 the
1397 1910 71 22 whole
1486 1911 26 21 of
1522 1914 60 17 town
1598 1917 50 15 acre
1665 1910 44 21 No.
1721 1912 47 24 134,
1786 1917 28 14 on
1829 1909 38 21 the

1278 1938 52 26 plan
1342 1938 24 21 of
1370 1938 36 21 the
1412 1938 67 21 Town
1487 1937 25 21 of
1515 1937 143 26 Wellington,
1665 1937 83 26 having
1754 1937 114 26 frontages

1279 1973 20 13 to
1310 1964 191 23 Taranaki-street
1511 1964 44 21 and
1566 1964 196 26 Ingestrie-street.
1791 1963 77 22 Terms

1278 1991 84 22 liberal.
1392 1992 74 26 Apply
1477 1995 22 17 to

1617 2017 35 21 W.
1665 2017 28 21 V.
1705 2017 108 26 Brewer,

1674 2044 194 21 Manners-street.

1308 2072 57 21 June
1376 2071 32 26 17,
1420 2072 60 21 1842.

1282 2116 115 48 LAND
1413 2119 22 18 to
1444 2116 29 21 be
1484 2116 52 21 Sold
1548 2123 24 14 or
1583 2116 42 21 Let
1640 2123 27 14 on
1684 2115 102 27 building
1799 2114 70 22 leases

1357 2143 23 21 in
1391 2143 29 21 all
1429 2146 61 24 parts
1500 2143 24 21 of
1532 2143 37 21 the
1579 2144 77 20 Town.
1687 2142 75 28 Apply
1774 2147 21 16 to

1391 2177 89 21 Messrs.
1496 2176 78 21 Evans
1588 2175 45 22 and
1647 2176 124 25 Chetham,

1586 2208 119 26 Solicitors,

1652 2234 190 28 Lambton-quay.

1311 2262 54 28 May
1374 2264 33 24 23,
1419 2264 61 20 1842.

1284 2308 169 26 Wellington
1476 2308 53 20 and
1548 2307 157 26 Wanganui
1734 2307 91 21 Lands
1841 2307 29 19 to

1522 2335 33 20 be
1571 2335 57 20 Let.

1285 2368 119 49 TOWN
1430 2368 210 22 ALLOTMENTS
1665 2368 24 21 in
1713 2368 29 21 all
1766 2370 60 24 parts
1850 2366 26 21 of

1359 2395 135 27 Wellington
1513 2395 44 21 and
1567 2395 132 27 Wanganui,
1713 2395 44 21 and
1774 2395 99 25 Country

1285 2422 96 21 Sections
1395 2422 24 22 in
1435 2422 63 24 both,
1506 2422 103 26 districts,
1626 2425 23 18 to
1665 2422 26 21 be
1706 2422 32 21 let
1746 2429 30 14 on
1793 2422 79 21 leases.

1285 2448 42 22 For
1338 2449 61 27 plans
1409 2449 46 22 and
1464 2449 138 28 particulars,
1615 2449 65 27 apply
1691 2452 22 19 to

1617 2483 88 22 Henry
1720 2484 36 21 St.
1774 2483 70 21 Hill.

1313 2509 52 28 July
1376 2512 18 24 1,
1407 2512 59 20 1842.

1451 2556 90 21 Beach
1558 2557 146 25 Frontage.

1289 2591 64 47 TO
1368 2590 38 21 BE
1421 2587 66 30 LET,
1504 2589 70 22 beach
1584 2590 102 25 frontage
1700 2589 43 22 lots
1754 2590 24 20 in
1789 2592 86 18 section

1359 2618 40 20 490
1410 2624 28 14 on
1456 2617 36 21 the
1505 2617 54 21 Plan
1571 2617 25 21 of
1604 2616 38 22 the
1651 2617 69 21 Town
1735 2617 25 21 of
1769 2616 107 25 Welling-

1286 2647 45 23 ton,
1343 2644 115 27 adjoining
1468 2644 43 21 Mr.
1519 2644 90 21 Taine's
1617 2646 67 23 store;
1702 2643 43 21 and
1755 2643 24 21 in
1790 2643 85 21 section

1286 2672 46 25 616,
1341 2671 98 21 between
1449 2671 75 26 Major
1532 2671 91 21 Baker's
1635 2669 44 22 and
1689 2670 43 22 Mr.
1740 2670 136 22 Swainson's

1286 2696 86 23 houses.

1314 2725 54 20 Also
1379 2724 37 23 the
1425 2725 114 26 following
1549 2724 97 21 sections
1656 2730 28 15 on
1695 2723 38 22 the
1740 2724 58 21 Plan
1806 2723 26 21 of
1840 2723 37 22 the

1287 2751 75 27 Town,
1373 2752 46 21 viz:

1390 2780 25 20 55
1553 2779 41 20 319
1745 2779 41 20 922

1376 2806 42 21 240
1554 2805 40 22 718
1733 2806 53 20 1079

1315 2832 75 27 Apply
1404 2836 22 18 to

1465 2859 25 22 E.
1506 2859 21 21 J.
1543 2859 152 27 Wakefield,
1712 2866 24 14 or

1464 2893 35 21 W.
1515 2893 28 22 V.
1558 2893 108 26 Brewer,
1682 2893 194 21 Manners-street.

1289 2946 120 26 Country
1423 2945 126 21 Sections
1569 2946 43 20 for
1632 2945 59 21 Sale
1713 2951 36 14 on
1769 2944 109 21 Liberal

1533 2973 102 20 Terms.

1291 3003 162 49 SEVERAL
1489 3005 101 21 Sections
1618 3005 26 21 of
1675 3005 101 26 Country
1804 3003 73 27 Land,

1353 3031 90 28 already
1454 3031 82 22 chosen
1546 3032 23 21 in
1580 3031 38 22 the
1632 3031 94 21 Porirua
1740 3030 92 27 district,
1844 3030 35 21 for

1290 3057 56 28 Sale,
1357 3066 75 13 terms
1442 3066 105 14 liberal.
1577 3058 77 28 Apply
1663 3061 23 18 to

1385 3092 23 21 F.
1424 3092 28 22 A.
1468 3092 172 26 Molesworth,
1656 3091 186 27 Murphy-street,
1854 3097 25 14 or

1386 3119 33 21 W.
1435 3120 28 20 V.
1479 3120 106 25 Brewer,
1597 3119 195 21 Manners-street.

1479 3171 93 20 House
1588 3172 30 19 to
1628 3171 58 20 Let.

1291 3205 51 48 A
1364 3205 85 21 GOOD
1470 3204 131 22 substantial
1619 3203 76 27 house,
1717 3202 53 22 with
1787 3201 93 23 kitchen

1369 3231 45 22 and
1424 3231 135 26 out-houses,
1572 3234 22 18 to
1604 3230 33 22 let
1644 3231 24 21 in
1678 3229 201 23 Manners-street.

1291 3257 45 22 For
1343 3259 136 26 particulars,
1491 3257 66 28 apply
1569 3261 22 17 to
1602 3257 45 22 Mr.
1658 3257 122 22 Brewer's
1800 3255 79 23 Office.

1292 3307 68 49 ON
1378 3307 85 28 SALE,
1479 3308 30 27 by
1518 3307 37 23 the
1564 3306 180 28 undersigned-

1369 3335 61 21 Mess
1439 3335 57 27 pork
1505 3335 23 21 in
1540 3334 93 22 Barrels.

1644 3361 22 22 J.
1678 3361 147 23 M.Taylor.

1318 3388 54 27 July
1383 3390 31 26 19,
1427 3389 60 21 1842.
1701 3405 4 3 .

1518 3434 53 20 For
1586 3433 70 24 Sale,

1294 3468 44 33 rp
1341 3467 44 22 HE
1400 3467 145 23 COTTAGE
1560 3467 95 22 situated
1666 3467 23 21 in
1707 3466 100 22 Oriental
1825 3467 55 27 Bay,

1299 3488 31 28 JL
1367 3494 45 22 and
1426 3494 69 27 lately
1505 3494 106 27 occupiqd
1626 3494 30 27 by
1666 3494 37 21 the
1721 3493 160 27 undersigned.

1293 3521 22 21 A
1329 3521 54 27 long
1399 3521 60 23 lease
1479 3521 25 21 of
1520 3521 37 21 the
1562 3535 4 5 -
1573 3520 85 22 section
1672 3527 59 21 upon
1750 3520 75 22 which
1844 3521 38 21 the

1292 3548 69 22 house
1371 3548 76 22 stands
1456 3547 45 23 will
1510 3547 27 22 be
1547 3547 103 28 granted.

1290 3578 2 4 '
1318 3575 70 21 Town
1397 3575 54 22 land
1461 3575 45 21 will
1515 3575 27 21 be
1552 3574 67 22 taken
1629 3575 24 21 in
1663 3574 122 27 exchange.

1320 3601 43 23 For
1371 3602 85 22 further
1464 3601 136 28 particulars,
1613 3601 66 28 apply
1689 3604 23 18 to
1856 3618 2 6 ,
1896 3600 1 23 '.

1615 3633 97 23 George
1725 3633 91 28 Puppa,
1831 3641 25 14 or
1882 3641 3 16 i

1614 3659 36 22 W.
1666 3659 32 22 V.-
1710 3660 116 25 Brewer.,

1320 3686 53 28 July
1385 3687 92 24 7,1842.
1607 3710 35 6 _,

1486 3732 26 20 J.
1526 3732 38 23 M.
1580 3732 111 26 Taylor,
1701 3744 3 13 ;

1307 3766 152 24 LICENSED
1485 3765 249 24 CUSTOM-HOUSE,
1750 3767 117 28 AGENT,

1366 3810 1 5 1
1515 3814 3 7 ,
1540 3800 29 14 TE
1583 3800 53 14 ARO.
1665 3815 4 7 ;
1803 3809 4 7 ,

1292 3837 219 26 TjiO'-SALE-at
1526 3836 45 23 this
1585 3837 81 27 office,.
1675 3838 80 27 Hymn
1771 3839 74 22 Books
1858 3840 24 21 in

1289 3859 41 30 '-
1341 3864 275 27 Cithe.nMiv.e/.litngufrge.
1637 3869 5 3 '
1662 3869 16 22 ;'
1722 3880 10 12 ,-
1789 3872 49 21 j..
1860 3880 4 14 ;
1879 3871 4 13 '

1282 3916 11 8 -
1294 3902 74 41 f\&
1369 3910 5 10 l
1381 3909 14 21 S
1395 3908 71 28 AUE;
1482 3911 23 19 at
1514 3908 38 23 the
1564 3909 87 21 GawMe
1659 3909 86 28 -Office,

1294 3933 69 26 vi/>r:
1370 3937 47 22 sive
1426 3936 46 23 and
1481 3936 76 22 varied
1566 3937 137 23 assortment
1718 3936 35 23 of,
1761 3937 122 28 stationery

1282 3989 1 3 ,
1294 3963 285 45 ipevejry^cnptfon^t
1590 3970 31 21 vj[
1624 3977 11 14 a
1638 3978 8 7 -
1717 3970 35 23 o.lt
1769 3971 19 22 V
1800 3979 63 21 vjf;v
1879 3962 3 24 '
1893 3963 5 30 !

2091 715 95 21 Public
2206 716 68 21 Sale.

1889 748 158 48 MESSRS.
2064 748 93 26 HORT,
2169 749 159 27 MOCATTA,
2339 750 66 22 AND
2416 751 52 27 CO,,

1979 774 44 22 will
2034 774 40 22 sell
2084 775 30 27 by
2125 776 77 21 Public
2219 776 105 26 Auction,
2338 776 21 22 in
2369 777 37 22 the
2418 778 53 23 Ship

1889 802 75 26 Hotel,
1983 802 191 27 Manners-street,
2186 809 28 14 on
2230 802 103 28 Tuesday
2347 807 59 21 next,
2418 804 54 23 27th

1887 829 90 25 instant,
1989 830 41 19 atl
2044 828 92 27 o'clock,
2148 826 37 25 the
2195 829 115 27 following
2319 830 106 26 goods:

1915 857 13 20 2
1938 855 64 22 casks
2013 855 90 22 sadlers'
2112 856 45 22 and
2166 856 91 26 general
2267 856 161 30 ironmongery,

1918 884 25 19 10
1953 889 63 14 cases
2025 882 99 21 assorted
2134 889 73 19 sauce,

1916 910 42 24 8-4,
1971 910 44 24 9-4,
2027 910 57 24 10-4,
2096 910 58 24 11-4,
2164 910 52 20 12-4
2225 909 108 27 blankets,

1919 934 75 28 Single
2005 934 46 21 and
2062 934 203 23 double-barrelled
2275 943 63 20 guns,

1918 961 131 22 Percussion
2059 969 58 19 caps,

1919 988 34 21 011
1964 988 71 26 casks,

1919 1015 74 22 Claret
2001 1016 22 21 in
2034 1014 74 28 hhds.,

1919 1042 94 21 Manilla
2023 1049 73 19 sugar,

1919 1068 75 27 Fancy
2004 1069 68 26 drills,

1919 1096 68 26 Slops,
2000 1096 51 26 viz.,
2062 1096 109 22 moleskin
2183 1096 94 27 jackets,
2292 1097 96 22 valentia

1892 1126 65 21 coats,
1970 1127 97 22 cantoqn
2078 1126 107 24 trowsers,
2197 1123 58 22 duck
2264 1124 81 27 frocks,
2355 1125 39 21 &c.

1920 1151 9 19 1
1941 1157 49 14 case
2001 1153 65 18 straw
2076 1150 102 26 bonnets,
2190 1150 106 21 assorted.

2087 1184 74 14 TERMS
2176 1184 106 15 LIBERAL.

1920 1203 58 27 Sept.
1990 1204 33 25 22,
2037 1204 60 20 1842.

1973 1242 40 19 To
2028 1241 193 20 Blacksmiths'
2233 1242 54 19 and
2299 1242 96 21 others.

1893 1274 50 47 A
1958 1274 108 21 LARGE
2082 1274 162 24 QUANTITY
2256 1274 38 21 OF
2309 1274 166 24 CHARCOAL

1959 1300 126 28 constantly
2096 1308 28 14 on
2134 1301 66 21 hand.
2222 1301 43 21 For
2274 1301 127 27 particulars
2411 1303 65 26 apply

1893 1330 22 18 to
1931 1327 21 21 J.
1964 1328 118 26 Plimmar,
2095 1328 194 26 Ingestrie-street.

1922 1361 127 27 September
2061 1364 32 24 12,
2105 1363 58 20 1842.

1880 1407 1 36 j
1934 1414 65 20 Just
2022 1414 125 20 received
2170 1415 43 19 Ex

2004 1448 51 19 And
2063 1454 26 14 on
2099 1448 42 19 sale
2152 1448 24 25 by
2187 1449 34 19 the
2230 1448 141 26 Undersigned

1896 1481 156 48 PORTER,
2068 1482 24 21 in
2107 1481 73 28 hhds.,

1955 1508 65 21 Wine
2033 1509 106 26 (sherry,)
2150 1509 23 21 in
2184 1512 96 23 octaves,

1950 1535 50 26 Ale,
2011 1535 23 21 in
2045 1535 145 22 three-dozen
2202 1543 61 14 cases
2274 1535 127 28 (Taylor's,)

1951 1562 67 21 Flour
2026 1562 49 21 first
2084 1562 85 27 quality
2181 1563 64 26 (very
2254 1563 68 26 new,,)

1950 1589 44 20 Ale
2003 1589 23 20 in
2037 1589 90 26 barrels,

1951 1616 58 21 Beef
2020 1616 24 20 in
2052 1616 92 26 barrels,

1951 1642 110 27 Herrings
2070 1642 88 28 pickled
2167 1642 25 22 in
2201 1642 92 27 barrels,

1951 1669 90 27 Brandy
2050 1670 25 21 in
2085 1670 72 26 hhds.,

1952 1695 108 22 Blankets
2070 1700 38 17 ten
2119 1696 44 22 and
2174 1696 77 22 eleven
2261 1700 106 24 quarters,

1951 1722 86 22 Biscuit
2046 1724 24 21 in
2080 1723 91 27 barrels,

1952 1750 87 21 Biscuit
2049 1750 86 26 (sweet)
2147 1750 22 21 in
2181 1749 131 28 kilderkins,

1952 1776 47 22 Tea
2008 1784 55 19 very
2073 1778 98 26 superior
2179 1778 25 23 in
2213 1777 140 27 half-chests,

1953 1801 75 29 Sugar'
2034 1804 54 26 (fine
2099 1804 113 26 Manilla,)
2402 1806 13 12 M
2428 1805 18 27 ';'

1953 1830 57 21 Deal
2020 1831 81 21 boards
2111 1831 87 27 planed,
2356 1848 10 11 ,_
2386 1849 4 4 ,

1953 1857 79 27 Doors,
2044 1857 193 28 window-frames,
2249 1858 45 21 and
2303 1858 90 27 sasliesj'
2417 1865 2 5 '
2449 1858 12 7 '"
2477 1874 15 4 -.

1954 1884 123 22 Bedsteads
2087 1885 44 21 and
2141 1885 77 22 tables.
2266 1905 5 9 t
2345 1903 16 4 ..
2422 1890 3 3 '

1927 1912 47 21 One
1995 1912 91 21 wooden
2105 1912 69 21 house
2194 1912 125 28 complete,'-
2330 1912 28 21 of
2373 1919 48 15 new
2439 1912 45 22 and

1901 1938 98 27 superior
2019 1940 157 25 construction,
2198 1939 72 22 which
2289 1947 53 19 may
2358 1940 27 21 be
2404 1943 32 18 set
2453 1946 30 19 up

1901 1965 89 22 without
2010 1966 37 21 the
2068 1973 94 20 expense
2183 1966 25 21 of
2219 1966 55 21 nails
2281 1973 5 20 ;v;
2289 1966 4 6 v
2307 1966 38 21 the
2359 1966 61 22 walls
2439 1966 45 23 and

1900 1993 116 27 partitions
2035 1992 66 27 being
2126 1993 27 20 of
2171 1993 108 21 two-inch
2303 1992 73 28 plank,
2399 1993 83 22 match-

1901 2019 80 26 planed
1991 2019 48 22 into
2048 2019 38 22 the
2096 2019 108 28 uprights,
2221 2020 45 21 and
2279 2020 45 21 into
2345 2020 52 21 each
2414 2020 67 21 other.

1901 2046 65 21 Plans
1976 2053 52 19 may
2043 2046 29 21 be
2084 2053 52 14 seen
2149 2049 22 18 at
2184 2046 39 21 the
2239 2046 63 21 office
2318 2047 27 21 of
2354 2047 35 22 the
2403 2046 79 22 under-

1900 2072 82 28 signed,
1995 2072 46 22 and
2051 2072 36 23 the
2097 2073 69 22 house
2176 2074 85 26 maybe
2272 2081 54 14 seen
2336 2081 28 14 on
2373 2074 69 21 board
2447 2074 37 21 the

1901 2101 115 21 Catherine.

2301 2128 61 21 John
2378 2128 78 22 Wade.

1927 2154 30 22 Te
1969 2155 54 26 Aro,
2037 2154 88 27 August
2135 2155 32 26 25,
2182 2156 60 20 1842.

2058 2206 90 26 Maps,
2159 2206 106 25 Charts,
2275 2207 55 24 &c,

1903 2240 91 22 nnHE
2009 2239 152 27 undersigned
2175 2239 41 21 has
2229 2240 48 27 just
2293 2239 102 23 received
2411 2247 12 15 a
2433 2248 53 14 con-

1909 2261 29 28 JL
1976 2267 113 27 sigmnent
2108 2267 26 21 of
2150 2274 62 19 maps
2232 2267 45 21 and
2297 2267 72 21 charts
2387 2267 57 22 from
2463 2267 22 22 J.

1903 2294 91 27 Wyld's,
2020 2294 96 26 Charing
2140 2294 71 27 Cross,
2237 2293 144 28 Geographer
2404 2298 22 18 to
2450 2294 36 22 the

1903 2322 84 25 Queen,
1999 2321 36 21 viz
2042 2329 4 13 :

1930 2348 71 27 Large
2013 2351 42 19 two
2065 2348 63 22 sheet
2140 2355 49 19 map
2200 2347 26 21 of
2234 2347 54 22 New
2299 2347 107 28 Zealand,

1931 2375 49 21 One
1990 2375 64 21 sheet
2063 2382 52 20 map
2125 2375 26 21 of
2157 2375 57 21 New
2224 2375 107 26 Zealand,

1931 2402 115 22 Chaffers'*
2054 2402 63 22 chart
2133 2401 26 22 of
2173 2401 81 22 Cook's
2274 2402 85 26 Straits,
2378 2401 54 23 with
2451 2401 37 23 the

1902 2429 67 22 latest
1980 2429 118 26 additions,
2355 2444 2 8 ,

1932 2455 105 23 Chaffers'
2048 2455 64 23 chart
2121 2455 26 22 of
2153 2455 53 22 Port
2216 2455 132 27 Nicholson,

1933 2483 132 22 Mercator's
2075 2483 63 23 chart
2148 2483 24 21 of
2183 2482 39 22 the
2234 2483 74 26 world,
2321 2483 38 21 &c.
2371 2483 39 22 &c.
2420 2483 40 22 &c.

2264 2516 110 22 William
2389 2516 72 22 Lyon.

1905 2545 83 21 Corner
1999 2544 25 22 of
2031 2544 152 21 Willis-street
2192 2544 45 21 and
2248 2544 187 27 Lambton-quay.

2079 2571 59 21 June
2148 2573 33 24 21,
2193 2572 61 20 1842.

2089 2617 68 19 Seed
2166 2617 141 19 Potatoes.

1908 2650 92 50 ONE
2010 2650 64 22 TON
2084 2650 24 22 of
2114 2650 38 22 the
2160 2650 50 24 best
2217 2650 107 23 Derwent
2331 2653 104 25 potatoes,
2445 2652 48 26 just

1983 2677 103 22 received
2099 2678 30 27 by
2139 2677 36 21 the
2190 2678 116 26 Exporter,
2324 2678 55 22 from
2395 2679 96 26 Sydney,

1934 2705 44 21 For
1988 2704 45 22 sale
2045 2705 31 26 by

2234 2732 84 21 Waitt
2329 2732 44 21 and
2381 2732 85 22 Tvser.

1936 2765 145 27 Wellington,
2093 2765 54 27 July
2157 2766 33 25 22,
2203 2766 60 21 1842.

1908 2810 89 49 FOR
2011 2810 85 26 SALE,
2114 2817 27 14 ex
2155 2811 61 25 Lady
2230 2811 67 25 Leigh
2314 2810 43 22 and
2374 2810 62 22 other
2450 2811 45 23 late

1980 2837 92 22 arrivals
2081 2845 5 14 :

1936 2864 98 22 Seconds
2043 2864 64 27 flour,

1936 2891 71 21 Patna
2016 2891 53 26 rice,

1936 2918 58 21 Java
2004 2918 77 26 coffee,

1936 2944 96 22 Manilla
2042 2952 72 20 sugar,

1936 2972 64 21 Pitch
2009 2971 46 21 and
2065 2975 40 23 tar,

1936 2998 49 21 Coir
1994 3005 61 19 rope,

1936 3024 91 27 Brandy
2036 3024 24 22 in
2070 3024 65 22 wood
2143 3024 42 22 and
2196 3032 69 20 cases,
2275 3033 55 19 very
2340 3026 64 27 good,

1937 3052 52 21 Best
1997 3051 105 22 hollands
2112 3052 23 21 in
2145 3051 40 22 red
2196 3059 69 20 cases,

1936 3079 59 21 Rum
2005 3078 44 21 and
2058 3078 78 22 arrack
2145 3078 22 22 in
2178 3078 65 22 hhds.
2258 3096 3 10 ,

1937 3106 43 20 Gin
1990 3106 23 20 in
2023 3105 65 22 hhds.
2100 3106 45 21 and
2155 3106 68 27 pipes,

1937 3132 53 21 Port
1997 3132 45 22 and
2051 3132 78 28 sherry
2137 3133 24 21 in
2170 3132 65 22 hhds.
2246 3133 44 21 and
2300 3136 88 24 quarter
2398 3134 69 27 casks,

1936 3160 59 26 Port,
2013 3160 84 26 sherry,
2115 3159 44 22 and
2173 3160 111 27 Madiera,
2300 3160 135 23 Rutherford
2453 3160 44 22 and

1909 3187 94 26 Drury's
2011 3186 78 27 brand,

1938 3213 143 27 Champagne
2091 3213 24 21 in
2126 3220 68 20 cases,

1938 3240 90 22 Powder
2038 3240 23 20 in
2072 3241 26 20 25
2106 3240 30 21 lb.
2148 3241 72 26 casks,

1938 3266 90 26 Sev.eral
2039 3267 203 23 double-barrelled
2251 3276 65 19 guns,

1938 3293 90 23 Timber
2039 3293 94 23 suitable
2143 3294 34 22 for
2187 3295 30 21 all
2227 3295 102 28 building
2336 3302 110 21 purposes.

2234 3329 83 22 Waitt
2331 3329 43 21 and
2386 3329 84 22 Tyser.

1939 3355 143 27 Wellington,
2094 3356 54 27 July
2158 3358 32 25 12,
2204 3358 59 20 1842.

1965 3401 55 19 For
2039 3401 60 21 Sale
2121 3403 29 19 at
2171 3402 45 20 the
2240 3401 105 20 Nelson
2362 3400 82 26 Dairy

2194 3429 29 20 at

2094 3455 105 21 Nelson
2213 3455 103 20 Haven.

1917 3493 64 25 QA
1999 3488 85 22 COWS
2100 3488 34 22 IN
2150 3488 85 26 CALF,

1912 3511 69 30 OU
2012 3517 28 20 30
2049 3516 83 21 heifers
2141 3516 22 21 in
2174 3515 50 27 calf,

2012 3544 28 20 50
2049 3550 77 20 young
2134 3542 89 26 heifers,

1941 3570 14 21 4
1964 3569 117 22 half-bred
2091 3569 101 22 Durham
2205 3568 65 26 bulls,

1941 3598 24 20 11
1976 3600 76 24 steers,

1967 3626 14 19 6
1992 3624 101 27 working
2101 3622 110 26 bullocks,

1967 3652 14 20 4
1992 3650 66 23 stock
2063 3650 84 26 horses,

1969 3680 41 20 100
2020 3684 64 20 ewes,
2234 3693 1 6 ,

1968 3706 28 21 50
2005 3704 103 26 wethers,
2235 3708 4 13 :
2350 3710 11 15 .>

1941 3731 47 22 The
2004 3732 72 21 above
2081 3733 46 18 'are
2143 3729 56 23 from
2214 3729 41 22 Dr.
2267 3728 92 28 Inilay'S
2376 3729 126 24 celebrated

1915 3758 61 23 stock
1987 3762 22 17 at
2019 3756 102 26 Twofold
2132 3756 43 28 Baj
2182 3772 6 6 .
2217 3753 130 30 Tlxecatljle,
2404 3756 37 23 the
2453 3757 50 22 best

1916 3785 60 27 bred,
1987 3784 127 24 havje.been
2123 3782 84 23 landed
2216 3783 26 22 in-
2253 3782 38 23 the
2303 3782 65 23 finest
2378 3784 69 26 order,
2458 3784 44 23 and

1915 3813 58 21 form
1983 3812 43 21 the-
2035 3812 50 21 best
2094 3810 105 22 selection
2207 3810 75 33 of'any
2289 3810 79 33 lot^yet
2376 3811 96 27 brought
2480 3816 22 17 to

1916 3840 55 21 New
1982 3837 107 23 Zealand.
2120 3837 43 24 For
2169 3835 144 29 particulars/
2318 3833 65 32 tfpjjly
2392 3842 22 18 to

2145 3864 259 28 REVANSj-Wellington,
2416 3873 29 17 or.

2023 3906 21 13 ssti
2048 3909 7 10 t
2084 3911 6 5 .
2107 3891 28 22 D.
2141 3909 4 4 .
2147 3890 92 28 J)flu.Mtf
2240 3898 54 19 ON&,
2298 3890 30 28 jN,
2329 3891 61 27 efem
2401 3892 20 22 H
2425 3900 64 15 aven.

1905 3935 12 33 f
1920 3928 171 35 /W'sa'le.
2087 3932 7 13 c
2134 3927 49 41 %$
2193 3927 76 36 ote;
2275 3926 230 34 bi&v&LifmoKs.

759 723 130 27 Borough
904 722 31 21 of
948 720 180 27 Wellington.

890 774 2 6 ,
930 769 9 4 -
964 753 132 29 September
1105 754 33 25 23,
1150 752 61 22 1842.

651 792 147 51 NOTICE
814 792 26 21 IS
857 789 127 23 HEREBY
1000 787 109 25 GIVEN,
1125 785 49 22 that
1188 792 51 21 pur-

733 822 67 18 suant
815 821 23 18 to
853 818 36 21 the
900 816 128 22 Ordinance
1047 813 26 22 of
1086 812 99 27 Council,
1201 813 38 20 sth

651 846 107 26 Victoria,
769 846 43 21 No.
821 844 49 26 VI.,
877 844 38 21 the
927 843 120 25 Burgesses
1057 840 26 21 of
1090 839 36 22 the
1134 839 105 26 Borough

650 874 25 21 of
687 873 137 26 Wellington
833 871 51 26 will,
895 877 29 14 on
937 870 100 23 Monday,
1049 868 35 19 ike
1094 867 58 20 third
1162 867 40 25 day
1218 865 27 26 of

654 901 86 21 October
749 901 58 22 nest,
814 897 96 28 proceed
919 900 24 17 to
951 896 56 21 elect
1017 901 118 15 eighteen
1143 900 95 20 persons,

650 927 68 27 being
728 927 125 25 Burgesses,
868 924 29 26 by
910 922 56 22 each
976 922 96 26 Burgess
1084 920 124 26 delivering
1218 923 22 18 to

652 954 36 22 the
699 952 126 26 Returning
841 950 81 22 Officer
932 957 14 14 a
962 949 76 25 voting
1053 955 74 19 paper,
1141 947 100 21 contain-

651 981 38 26 ing
704 980 38 21 the
760 978 189 23 Christian-name
966 976 43 21 and
1028 974 118 22 Sur-name
1163 974 25 21 of
1202 973 38 21 the

651 1013 90 21 persons
753 1006 48 25 (not
812 1003 123 26 exceeding
952 1002 113 28 eighteen)
1077 1001 34 21 for
1129 1001 71 21 whom
1212 1000 29 21 he

651 1037 68 23 votes,
731 1032 56 22 with
798 1032 56 21 their
863 1030 123 26 respective
997 1029 74 27 places
1083 1028 25 21 of
1115 1027 70 22 abode
1197 1027 45 21 and

652 1060 142 27 description,
811 1058 53 22 such
878 1063 70 21 paper
963 1056 68 26 being
1049 1055 78 26 signed
1137 1054 53 21 with
1204 1054 38 21 the

652 1094 64 14 name
725 1086 26 22 of
758 1086 37 21 the
805 1086 94 24 Burgess
910 1091 24 14 so
943 1084 84 26 voting,
1036 1083 46 21 and
1091 1082 81 26 setting
1183 1081 59 21 forth

652 1114 34 22 his
696 1114 63 28 place
770 1113 27 21 of
804 1112 68 21 abode
883 1110 46 23 and
940 1110 142 24 description.

680 1141 47 21 The
746 1140 101 21 Election
861 1138 44 22 will
926 1138 52 21 take
993 1140 64 25 place
1075 1139 23 18 at
1113 1135 38 22 the
1168 1134 74 22 Police

654 1168 79 26 Office,
744 1167 87 27 Pipitea
842 1166 71 21 Point.

680 1194 48 22 The
739 1194 86 26 Voting
834 1193 43 21 will
887 1199 129 15 commence
1026 1194 23 18 at
1057 1191 48 20 nine
1112 1190 26 25 of
1144 1190 35 19 the
1186 1189 58 20 clock

654 1223 21 19 in
685 1223 36 19 the
724 1221 111 25 forenoon,
845 1220 40 20 and
889 1220 80 26 finally
979 1220 52 19 close
1042 1221 22 18 at
1067 1218 57 25 four
1133 1217 79 20 o'clock
1221 1216 27 25 of

655 1251 34 19 the
699 1249 111 25 afternoon
819 1248 26 25 of
852 1249 33 19 the
893 1253 57 14 same
960 1247 47 25 day.

918 1282 113 22 Michael
1048 1278 113 29 Murphy,

989 1314 127 27 Returning
1126 1314 90 22 Officer.

657 1365 39 20 To
716 1364 45 21 the
781 1363 192 25 Independent
997 1362 123 20 Electors
1147 1360 30 21 of
1199 1360 45 20 the

765 1390 129 26 Borough
911 1389 31 21 of
955 1388 179 27 Wellington.

657 1425 156 49 ROBERT
828 1423 142 26 JENKINS,
990 1422 55 27 begs
1061 1420 143 28 respectfully
1222 1423 23 18 to

736 1451 81 22 inform
828 1451 32 21 his
870 1450 85 21 friends
965 1449 53 26 that,
1028 1448 92 27 hearing
1129 1448 48 21 that
1184 1448 61 20 there

657 1486 37 14 are
704 1481 87 24 reports
806 1476 160 28 industriously
983 1475 121 22 circulated
1120 1475 50 21 that
1183 1474 28 21 he
1227 1474 19 21 is

657 1509 39 18 not
706 1505 85 22 serious
800 1505 23 21 in
833 1504 33 22 his
875 1504 120 21 intentions
1012 1507 22 17 to
1047 1502 64 22 stand
1127 1501 118 22 candidate

657 1533 34 21 for
701 1533 37 20 the
750 1532 62 21 office
824 1531 25 22 of
859 1531 69 22 Town
936 1529 134 26 Councillor,
1081 1533 22 17 at
1110 1528 36 22 the
1154 1528 93 26 ensuing

658 1559 93 21 election
761 1567 5 18 ;
783 1559 27 21 he
828 1557 19 22 is
864 1558 93 21 anxious
976 1560 21 18 to
1018 1560 34 18 set
1071 1555 37 22 the
1125 1559 82 17 matter
1224 1558 23 18 at

657 1589 51 23 rest,
719 1586 31 26 by
766 1585 112 26 declaring
894 1585 51 21 thus
959 1583 106 28 publicly,
1083 1583 48 21 that
1145 1582 18 21 it
1177 1582 18 21 is
1212 1582 34 20 his

657 1613 114 21 intention'
785 1616 23 18 to
828 1611 63 22 stand
911 1611 38 21 the
967 1613 91 24 contest,
1075 1609 45 22 and
1136 1609 28 22 he
1181 1612 66 18 trusts

657 1640 49 21 that
724 1639 38 24 the
782 1639 82 22 friends
882 1639 25 21 of
934 1637 79 22 liberal
1033 1637 45 21 and
1096 1636 151 27 independent

656 1667 120 27 principles
796 1665 43 23 will
858 1665 27 21 do
902 1664 58 22 their
979 1666 83 20 utmost
1080 1665 23 19 to
1121 1663 75 21 insure
1212 1662 35 22 his

658 1693 94 22 election

686 1726 60 26 Sept.
759 1727 32 24 IQ,
803 1726 59 21 1842.

661 1769 66 49 TO
751 1769 40 22 BE
816 1769 85 27 SOLD,
923 1776 13 14 a
955 1768 64 22 share
1045 1768 24 21 in
1095 1767 36 22 the
1158 1767 90 20 Colonist

734 1803 135 20 newspaper.
898 1796 76 27 Apply
990 1799 22 17 at
1028 1794 38 22 the
1084 1795 63 21 office
1164 1794 25 21 of
1205 1793 44 22 this

659 1831 74 20 paper.
764 1824 63 21 Price
838 1824 38 23 5.

687 1857 132 27 September
828 1858 32 25 16,
871 1858 61 21 1842.

661 1902 67 48 TO
753 1902 40 21 BE
819 1902 84 26 SOLD,
926 1902 36 21 for
986 1909 145 24 iujlf-price,
1156 1900 31 26 by
1211 1899 38 22 the

745 1928 156 28 undersigned,
915 1936 12 13 a
937 1928 65 22 shave
1011 1928 23 21 in
1045 1928 38 21 the
1094 1928 99 21 Colonist.

687 1956 61 25 Also,
760 1963 13 13 a
790 1956 179 20 Newfoundland
984 1955 61 21 biteh
1078 1955 37 21 the
1132 1956 57 19 bitch
1207 1960 41 15 can

660 1983 28 21 be
699 1982 131 22 warranted.

960 2009 83 20 Fiiank
1058 2008 116 26 Johnson,

1047 2042 92 21 Porirua
1148 2041 72 22 Road.

743 2088 174 21 Dissolution
933 2088 31 20 of
981 2087 184 25 Partnership.

663 2122 92 49 THE
770 2121 145 22 BUSINESS
931 2121 97 21 hitherto
1040 2121 84 21 carried
1134 2128 28 14 on
1178 2119 73 23 under

751 2149 39 21 the
812 2149 49 21 firm
884 2149 26 21 of
931 2148 115 22 Abraham
1065 2147 119 22 Warbrick
1207 2147 42 21 and

663 2176 99 21 William
782 2175 89 27 Waring
885 2175 89 28 Taylor,
991 2175 162 27 Storekeepers,
1171 2174 18 21 is
1207 2174 44 22 this

664 2203 41 27 day
717 2202 112 22 dissolved
839 2203 29 26 by
877 2203 87 21 mutual
975 2206 98 18 consent.

690 2229 39 22 All
737 2237 91 20 persons
837 2229 105 21 indebted
950 2232 21 18 to
982 2229 91 21 Messrs.
1081 2228 117 22 Warbrick
1208 2228 44 22 and

663 2257 83 26 Taylor
761 2264 37 13 are
813 2256 116 27 requested
944 2258 23 19 to
984 2264 43 19 pay
1045 2255 38 22 the
1098 2263 60 14 same
1169 2258 21 18 to
1205 2256 46 21 Mr.

664 2284 101 21 William
775 2283 93 27 Waring
877 2283 84 27 Taylor
967 2291 5 18 ;
988 2283 43 21 and
1040 2283 31 21 all
1081 2283 77 21 claims
1166 2282 86 27 against

664 2311 37 20 the
713 2314 70 17 estate
794 2317 37 14 are
846 2310 118 27 requested
979 2313 21 18 to
1016 2311 28 20 be
1059 2310 92 21 handed
1168 2313 22 17 to
1207 2309 44 22 Mr.

665 2337 99 22 William
774 2337 92 27 Waring
875 2337 83 27 Taylor
966 2337 34 21 for
1009 2337 141 27 liquidation.

875 2371 119 21 Abraham
1009 2370 138 27 Warbrick,

875 2398 113 20 William
1002 2398 104 21 Waring
1120 2398 104 21 Taylor.

665 2432 29 21 A.
709 2432 115 26 Dinsdale,
885 2432 17 27 1
910 2444 97 20 Witness

666 2459 121 22 Frederick
798 2459 79 22 Miller.
885 2460 12 26 J
913 2449 101 17 WJtneoS<

692 2493 76 22 Dated
778 2497 23 17 at
810 2493 145 27 Wellington,
967 2493 51 22 12th
1033 2493 45 27 day
1089 2493 24 21 of
1120 2493 60 27 Sept.
1193 2493 59 21 1842.

753 2545 174 21 Dissolution
943 2545 30 21 of
985 2545 185 26 Partnership.

666 2579 185 49 NOTICE.
851 2580 46 21 The
908 2580 101 21 business
1019 2579 98 22 hitherto
1129 2578 87 22 carried
1225 2586 29 13 on

748 2606 73 21 under
830 2606 36 22 the
881 2606 51 22 firm
950 2606 24 21 of
990 2606 53 27 Hay
1060 2606 46 21 and
1120 2605 133 27 Machattie,

666 2632 129 22 Merchants
805 2634 43 21 and
858 2633 147 22 Commission
1014 2634 96 26 Agents,
1128 2634 18 21 is
1156 2632 45 22 this
1212 2632 42 28 day

666 2660 110 21 dissolved
786 2660 31 28 by
833 2661 85 22 mutual
936 2664 99 23 consent,
1056 2660 47 22 and
1117 2660 30 21 all
1162 2667 93 20 persons

665 2687 107 22 indebted
782 2690 22 19 to
815 2688 53 26 Hay
877 2688 46 21 and
934 2687 133 27 Machattie,
1085 2695 36 14 are
1136 2687 119 27 requested

666 2718 21 17 to
696 2722 45 20 pay
750 2714 38 22 the
798 2722 60 14 same
868 2718 23 18 to
902 2715 46 22 Mr.
958 2716 27 21 T.
1003 2714 34 22 M.
1056 2714 131 26 Machattie,
1205 2714 50 21 who

666 2740 44 23 will
721 2741 117 27 discharge
849 2742 29 21 all
889 2742 79 22 claims
978 2742 89 28 against
1077 2742 37 21 the
1125 2741 49 22 said
1184 2741 57 22 firm.

992 2775 37 23 W.
1041 2775 63 23 Hay.

992 2803 26 22 T.
1031 2803 34 21 M.
1077 2803 151 22 Machattie.

692 2829 99 21 Witness
820 2829 74 22 James
903 2829 80 23 Smith.

692 2862 76 22 Dated
778 2866 24 18 at
811 2862 145 28 Wellington,
967 2864 90 27 August
1066 2866 20 24 9,
1099 2865 52 23 1842

776 2914 129 27 Borough
922 2914 31 21 of
965 2916 181 26 Wellington.

668 2947 92 49 MR.
776 2947 155 23 BRANDON
946 2955 107 21 purposes
1066 2949 93 27 offering
1168 2949 93 21 himself

733 2981 24 14 as
764 2982 13 14 a
784 2975 120 21 Candidate
911 2975 35 21 for
954 2975 36 21 the
1001 2975 64 21 office
1074 2976 25 21 of
1106 2976 68 22 Town
1184 2975 72 28 Clerk,

668 3001 45 21 and
722 3001 45 21 will
776 3001 57 21 have
844 3001 36 22 the
890 3001 89 22 honour
988 3003 25 21 of
1024 3002 92 27 waiting
1130 3003 128 27 personally

669 3035 28 14 on
717 3028 38 21 the
774 3028 114 22 Members
908 3028 27 22 of
955 3028 37 22 the
1012 3030 95 23 Council
1126 3029 57 23 after
1200 3030 59 22 their

668 3055 158 27 appointment.

696 3089 131 29 September
837 3092 31 26 12,
880 3092 61 21 1842.

908 3137 107 21 Notice.

906 3170 137 28 Wellington
1054 3172 60 21 June
1124 3172 34 26 27,
1170 3173 61 20 1842.

671 3203 93 22 fTiHE
779 3204 146 22 BUSINESS
940 3204 97 22 hitherto
1053 3205 125 22 conducted
1187 3205 73 22 under

678 3226 30 26 JL
746 3231 38 21 the
802 3231 49 24 firm
859 3231 25 23 of
898 3231 62 22 John
971 3232 43 21 and
1024 3232 87 27 George
1125 3231 72 22 Wade
1207 3231 52 28 will,

671 3257 57 22 after
738 3257 38 22 the
793 3259 34 20 Ist
836 3259 41 26 day
894 3259 26 21 of
934 3258 61 28 July,
1010 3260 61 26 1842,
1087 3259 28 22 be
1130 3259 86 22 carried
1232 3266 28 15 on

671 3283 73 23 under
754 3285 37 21 the
798 3292 65 15 name
872 3285 25 21 of
904 3285 63 21 John
976 3285 68 23 Wade
1055 3287 45 20 and
1111 3287 37 20 Co.
1158 3294 6 13 :
1176 3285 47 22 and
1231 3285 28 22 all

670 3318 92 19 persons
770 3311 104 22 indebted
881 3311 72 22 tothe
961 3312 50 21 firm
1019 3313 26 20 of
1053 3312 60 22 John
1120 3313 47 22 and
1172 3313 88 26 George

672 3337 78 28 Wade,
762 3345 37 15 are
814 3339 117 26 requested
945 3339 113 22 forthwith
1068 3343 23 17 to
1100 3347 44 20 pay
1154 3340 58 21 their
1225 3347 35 14 re-

672 3364 98 27 spective
781 3369 104 20 accounts
896 3370 23 17 to
930 3365 38 22 the
978 3366 154 27 undersigned,
1145 3367 115 25 otherwise

671 3392 53 27 they
735 3391 46 22 will
790 3392 27 22 be
830 3391 91 23 handed
930 3395 23 19 to
964 3400 14 14 a
991 3393 103 22 Solicitor
1102 3394 34 21 for
1146 3400 113 20 recovery.

1071 3427 63 25 John
1150 3427 82 22 Wade.

673 3471 68 49 TO
761 3471 66 28 LET,
847 3478 26 15 on
891 3471 104 28 building
1006 3471 84 28 leases,
1111 3480 42 14 one
1172 3472 51 22 half
1240 3473 26 21 of

720 3498 70 22 Town
799 3499 65 26 Acre,
875 3499 45 21 No.
929 3501 33 24 98,
973 3499 102 28 fronting
1084 3507 32 16 on,
1122 3499 61 24 Abel
1191 3499 72 22 Smith

671 3525 80 28 Street,
767 3525 45 22 and
827 3525 116 29 adjoining
958 3525 37 24 the
1014 3526 71 22 house
1104 3527 25 22 of
1145 3526 117 23 Abraham

862 3552 65 27 Hort,
939 3553 52 28 Esq.
1000 3561 6 20 j
1023 3553 47 22 also

641 3598 1 12 ;
671 3579 108 27 Building
798 3580 52 22 Lots
867 3579 24 22 in
911 3575 206 33 Mulgrave-stre'et,

760 3606 56 28 Flat,
827 3610 48 24 part
885 3607 26 22 of
917 3607 69 22 Town
997 3608 67 26 Acrei
1077 3608 36 21 No
1110 3611 5 6 1
1115 3624 5 5 .
1130 3608 54 21 541.;

997 3641 27 22 T.
1038 3642 33 22 M.
1088 3642 144 29 PARTRipdR.

700 3668 159 27 September,
871 3669 63 21 1842.
974 3683 2 5 ,
1001 3677 3 13 :
1163 3668 21 13 '
1198 3685 2 5 ,
1230 3676 12 15 *,

671 3699 20 5 _
893 3714 55 20 Por
963 3711 69 28 Sale,
1056 3713 3 10 J
1111 3713 4 7 '
1157 3699 55 24 T^~'

673 3748 51 47 A
739 3746 59 28 good
817 3746 133 23 substantial
969 3746 50 22 well
1041 3744 59 25 built
1122 3740 80 29 house'
1215 3746 46 22 and

753 3774 111 27 premises,
889 3774 55 22 with
968 3781 13 14 a
1004 3770 149 26 Publican's"^
1163 3774 99 22 General

672 3800 95 22 License
784 3801 108 27 attached,
911 3800 25 22 in
948 3807 22 15 -a
990 3800 159 28 commanding
1166 3800 52 23 and,
1226 3800 35 23 in-

645 3842 4 14 ;
664 3827 317 34 >creasjngr,nejgh,bpurhopd
1040 3827 161 30 /Wellington^
1216 3827 45 23 and

671 3850 198 32 welllwprthy'tlie
886 3857 110 19 attention
1011 3850 107 31 of'srpaji
1132 3854 128 28 capitalists.

643 3880 4 12 1
734 3882 70 21 term's
818 3880 121 28 moderate,
960 3880 47 22 and
1023 3882 61 26 mliy'
1084 3878 7 11 t
1091 3881 28 21 b'e
1132 3880 84 26 kho\yn
1226 3878 35 31 'by

643 3908 4 27 {
662 3908 117 28 'applying
788 3911 23 19 to
824 3908 4 13 ;
951 3908 51 15 >;..
1014 3903 132 20 .Idm-.-i-.J
1162 3909 85 16 ;...-,

641 3937 6 30 j
660 3934 56 23 {:;'
743 3941 14 14 .\
770 3942 23 14 :,.
802 3946 4 9 i
827 3934 32 22 tfi
871 3934 131 30 Ziccwaoq,
1012 3932 223 26 TOltshire-rTaveim.
1241 3939 4 18 1
1261 3948 2 9 .

642 3962 5 35 I
680 3975 3 7 '
698 3969 223 26 Hawfcstbne-siueet,
934 3970 92 26 August
1031 3970 12 21 1
1046 3971 22 25 9;
1072 3968 66 24 :1542.
1173 3968 73 23 ..Iv.;
1260 3974 3 22 ;

889 4000 12 8 <
1151 4003 2 3 .
1179 4002 6 5 ,
1242 4004 3 3 .
1260 3998 2 10 i

182 733 52 20 For
252 731 105 21 Nelson
373 729 95 24 direct,
633 726 1 31 ]

200 767 29 20 To
238 766 41 19 sail
288 766 21 19 in
319 771 13 14 a
337 764 47 25 few
394 764 56 25 days,

89 806 56 22 irtdST
201 801 42 27 HP
249 799 43 22 HE
315 799 43 21 fine
382 797 44 21 fast
454 795 82 26 sailing
560 795 59 27 sloop

62 823 98 33 jX*tf|^
208 818 28 31 JL
287 826 69 25 Royal
388 825 99 24 William,
522 822 97 21 William

62 844 130 43 KpKsS^
214 853 76 23 Lovitt
306 856 90 18 master.
435 851 45 21 For
497 849 83 27 freight
597 856 24 14 or

51 873 143 42 jyjQfrgp^
213 887 99 21 passage,
323 879 66 28 apply
398 880 23 19 to

37 903 161 42 fPi^SISP
227 917 124 25 Wallace,
363 915 92 26 White,
463 915 22 20 &
495 914 124 20 Wallace.

62 953 131 27 September
202 952 33 26 17,
246 952 60 21 1842.

176 997 53 20 For
252 995 109 26 Sydney
385 992 93 21 direct.

209 1031 27 19 To
243 1029 42 20 sail
291 1028 22 19 in
323 1034 12 13 a
337 1027 47 25 few
394 1027 56 24 dags,

42 1062 98 28 sSZjL*
193 1061 91 29 rpHE
299 1059 42 22 fine
362 1058 43 22 and
420 1056 143 23 well-known
577 1055 45 21 fast

67 1080 95 34 J*iiaL
200 1080 29 29 JL
267 1086 79 26 sailing
355 1085 108 21 schooner
477 1085 143 23 Peseverance,

43 1105 143 38 Jjlte'iS^
207 1115 27 21 A.
263 1115 28 24 1.,
320 1111 116 28 coppered,
461 1110 46 22 and
532 1115 91 21 copper-

207 1139 112 27 fastened;
343 1139 41 21 has
414 1137 46 22 also
490 1136 60 28 good
579 1135 44 22 and

35 1160 153 38 afiSSJisiP
207 1168 99 26 superior
325 1164 169 23 accomodation
514 1164 36 21 for
572 1170 51 20 pas-

208 1201 96 20 sengers.
343 1192 44 22 For
401 1190 138 29 particulars,
558 1189 66 28 apply

34 1229 22 17 to
68 1225 38 21 the
116 1227 82 19 master
207 1229 28 13 on
243 1220 77 22 board.

63 1260 60 26 Sept.
137 1260 32 24 12,
182 1258 60 21 1842.

135 1303 53 20 For
198 1300 108 26 Sydney
317 1298 45 21 via
372 1297 155 22 Auckland.

203 1333 92 22 nnHE
328 1332 44 21 fine
405 1331 48 21 fast-
459 1330 80 25 sailing
574 1328 53 26 Brig

68 1352 87 39 jfes^jjjl
210 1352 28 30 JL
285 1359 124 21 TOBAGO.
454 1357 49 21 Has
527 1355 100 28 superior

46 1378 138 41 J^pl^^^
203 1385 191 23 accommodation
423 1384 33 21 for
485 1383 141 26 Passengers.

37 1406 147 41 3|g||||ij|s^
203 1415 44 20 For
257 1413 82 26 freight
348 1420 26 14 or
384 1418 98 21 passage,
494 1409 66 28 apply
571 1414 24 16 to

37 1438 148 41 ffiSjjiir^gjfiljS
295 1449 96 21 Thomas
403 1448 32 21 M.
448 1448 150 20 Maciiattie.

66 1486 130 28 September
205 1486 34 24 20,
250 1485 61 20 1842.

153 1531 52 20 For
220 1528 112 26 Freight
348 1533 30 15 or
394 1527 125 20 Charten.

100 1568 56 19 ,-dr*
215 1561 91 21 fTIHE
315 1561 106 21 schooner
426 1560 99 24 ioo^-zre,
537 1560 89 23 SOtons,

78 1586 22 25 y
109 1580 65 40 jjfirav
222 1580 28 31 X
276 1588 79 26 Finlay
365 1590 94 23 master;
473 1593 41 15 can
525 1585 27 21 be
559 1584 69 27 ready

72 1611 28 30 KJ
110 1612 94 36 SKSjttr
226 1616 36 21 for
286 1622 38 14 sea
348 1617 23 18 at
394 1616 42 18 two
460 1612 63 27 days'
544 1611 82 21 notice.

60 1644 40 29 JBJ
110 1635 95 36 VnfcSfi*-
229 1641 73 29 Apply
312 1648 29 15 on
350 1640 71 22 board
431 1644 22 17 to
463 1641 64 25 Capt.
539 1639 87 26 Finlay,

229 1677 23 13 or
262 1672 23 17 to

354 1704 64 21 John
433 1703 81 26 WadE)
525 1703 77 26 Agent

68 1734 90 26 August
166 1733 34 26 25,
212 1734 60 21 1842.

167 1778 97 21 Notice
278 1778 30 19 to
325 1776 176 27 Consignees.

196 1814 91 22 nnHE
320 1811 204 23 undermentioned
562 1810 67 27 thirty

203 1833 29 29 JL
285 1840 70 26 casks,
389 1839 93 22 marked
510 1838 36 21 JB
569 1837 23 21 in
616 1844 14 14 a

45 1861 148 39 /jigpPlljm
210 1867 106 22 diamond
327 1874 69 14 across
407 1874 14 14 a
430 1865 105 23 diamond

42 1889 152 37 jjgpSfefgft~
224 1896 45 20 Ito
281 1895 32 26 10,
325 1898 37 17 ten
373 1893 65 22 hhds.
449 1893 64 26 wine,

211 1923 25 20 10
245 1924 23 18 to
278 1923 33 24 30,
319 1924 83 23 twenty
407 1923 90 24 quarter
503 1918 64 22 casks
573 1919 57 21 wine

214 1948 92 28 shipped
322 1955 27 14 on
365 1947 68 21 board
451 1946 38 22 the
504 1947 53 19 New
574 1947 57 19 York

42 1978 81 19 Packet
142 1976 30 27 by
192 1975 83 27 Joseph
295 1974 88 27 Bishop,
403 1976 40 18 not
466 1973 85 26 having
572 1973 56 21 been

43 2003 97 22 claimed
149 2007 24 16 at
188 2010 41 18 any
241 2002 25 20 of
278 2001 38 21 the
330 2003 59 24 ports
403 1999 73 23 where
494 1999 49 21 that
559 1999 73 21 vessel

43 2030 103 26 touched,
157 2029 58 22 have
229 2029 56 21 been
300 2026 83 22 landed
392 2030 24 18 at
433 2027 48 26 Bay
496 2026 26 21 of
534 2025 95 26 Islands,

42 2057 38 20 the
95 2057 44 20 last
155 2060 48 23 port
213 2055 25 22 of
252 2054 122 26 discharge,
386 2053 45 21 and
447 2052 144 22 warehoused
607 2053 23 20 in

43 2084 35 20 W.
90 2083 105 21 Wilson's
204 2081 90 22 bonded
311 2084 65 23 store,
388 2080 72 21 where
477 2079 53 27 they
541 2087 51 18 may
602 2079 29 21 be

43 2110 46 21 had
100 2117 28 14 on
140 2109 141 28 application.

71 2144 143 26 Wellington,
227 2144 88 25 August
325 2144 33 22 .30,
370 2142 59 21 1842.

166 2189 86 20 Town
266 2189 85 19 Acres
365 2188 54 20 For
435 2187 68 20 Sale.

45 2222 92 49 THE
156 2222 93 21 TOWN
273 2221 98 22 ACRES
393 2219 123 22 numbered
541 2226 29 14 on
595 2218 38 21 the

122 2248 235 28 Surveyor-General's
367 2247 53 27 plan
431 2247 25 21 of
468 2247 38 20 the
523 2246 69 21 Town
608 2253 24 14 as

44 2276 85 21 follows
137 2284 4 13 :

100 2303 54 21 Nos.
170 2302 40 22 227
219 2302 43 21 and
272 2303 41 20 242
322 2300 199 26 Taranaki-street,

181 2330 26 21 57
222 2329 82 22 Nairn-
308 2332 73 22 street,

167 2357 40 21 548
222 2356 134 25 Hill-street,

169 2384 40 20 748
220 2383 42 21 and
272 2383 42 21 674
323 2382 158 26 Ellice-street,

167 2411 40 20 669
222 2410 180 26 Sussex-square,

168 2438 41 20 902
224 2436 193 26 Adelaide-street,

169 2465 41 19 899
224 2463 176 25 Daniell-street,

183 2491 26 21 31
225 2490 18 21 E
259 2490 144 25 Puni-street,

74 2518 49 21 The
133 2518 68 22 Town
212 2517 59 21 Acre
282 2516 43 22 No.
337 2518 33 24 94,
387 2515 53 22 with
455 2516 38 21 the
512 2515 62 27 large
590 2515 45 21 and

47 2544 153 22 commodious
219 2543 67 22 house
303 2542 88 23 erected
407 2542 101 27 thereon,
523 2542 112 27 presently

46 2570 109 28 occupied
165 2571 29 26 by
205 2570 92 27 Captain
308 2570 98 26 Daniell,
424 2570 45 21 will
485 2569 28 22 be
523 2565 36 26 let
576 2577 29 14 on
623 2576 12 14 a

46 2599 61 21 lease
117 2598 35 21 for
160 2599 26 20 21
196 2605 71 19 years.
296 2597 76 27 Apply
382 2599 21 19 to

275 2630 73 27 HORT,
366 2630 122 27 MOCATTA,
506 2638 45 13 AND
567 2630 38 21 Co.

76 2658 129 27 September
214 2658 21 26 5,
245 2658 60 21 1842.

118 2702 104 22 ANTED
238 2703 23 21 A
273 2702 207 22 SHEPHERD.
482 2702 36 21 No
527 2709 40 14 one
577 2701 58 22 need

131 2729 64 27 apply
205 2729 48 22 who
263 2729 40 22 has
319 2732 40 19 not
367 2729 59 22 been
440 2728 96 27 brought
545 2736 29 19 up
584 2735 24 15 as
623 2735 13 14 a

50 2757 123 27 Shepherd.
202 2756 74 28 Apply
286 2759 22 18 to

214 2791 45 21 .W.
270 2791 92 26 Hulke,
374 2790 150 27 Cowpastures
533 2789 74 23 Farm.

156 2843 129 26 Borough
301 2843 31 19 of
343 2841 181 27 Wellington.

48 2876 93 33 rpHE
156 2876 185 22 COMMITTEE
356 2876 35 21 for
407 2875 103 26 securing
523 2874 37 22 the
571 2875 66 22 Elec-

55 2897 30 28 JL
137 2903 47 21 tion
209 2904 24 20 of
254 2902 38 22 the
315 2902 115 26 following
449 2902 138 27 gentlemen,
612 2909 24 14 as

48 2930 115 22 Members
174 2930 25 21 of
206 2930 91 21 Council
307 2930 33 21 for
348 2929 45 22 this
407 2928 112 27 Borough,
531 2929 29 20 sit
569 2936 68 20 every

48 2956 119 27 Thursday
177 2956 103 27 evening,
298 2957 101 20 between
413 2956 37 21 the
459 2956 69 21 hours
538 2955 27 22 of
570 2956 13 21 7
594 2956 44 21 and

48 2986 21 24 9,
80 2986 24 19 at
114 2983 37 21 the
161 2984 56 20 Ship
226 2983 77 26 Hotel,
315 2983 108 21 Manners
433 2983 79 21 Street.

77 3015 91 21 Messrs.
186 3014 108 26 Bethune,
361 3014 91 21 Messrs.
467 3015 72 25 Lyon,

187 3040 97 26 Daniell,
470 3040 132 27 M'Donald,

188 3067 146 26 Fitzherbert,
468 3067 155 26 Molesworth,

189 3094 98 27 Guyton,
468 3093 123 27 Partridge,

189 3121 66 25 Hort,
266 3121 38 26 A.,
469 3121 87 26 Penny,

189 3147 96 26 Hunter,
471 3147 80 26 Smith,
563 3147 67 21 W.A.

189 3174 107 26 Johnson,
308 3174 26 22 E.
473 3173 77 27 Waitt,

189 3201 103 26 Ludlam,
471 3200 108 27 Wallace,
591 3200 30 22 H.

189 3227 79 28 Durie,
473 3227 68 21 Watt.

221 3262 88 24 Henry
325 3262 37 23 St,
377 3260 72 28 Hill,

309 3295 120 23 Chairman
439 3295 26 21 of
472 3294 140 23 Committee.

79 3324 130 27 September
218 3326 20 25 6,
250 3325 61 22 1842.
618 3319 22 37 '_-_

174 3369 170 27 Wellington
359 3368 163 21 Almanack.

52 3402 50 50 IT
109 3402 41 22 has
158 3403 57 21 been
226 3401 110 28 arranged
346 3404 22 18 to
377 3401 59 21 issue
447 3408 12 14 a
475 3400 87 22 Pocket
575 3400 44 22 and
629 3408 13 14 a

111 3429 66 22 Sheet
187 3429 126 22 Almanack
322 3429 33 22 for
365 3429 61 26 1843,
437 3427 57 22 from
506 3427 37 22 the
556 3428 86 20 Gazette

54 3455 77 22 Office.
160 3456 92 22 Persons
267 3456 69 27 being
349 3455 24 21 in
381 3455 126 27 possession
516 3454 27 22 of
555 3462 44 19 any
607 3455 35 23 in-

52 3482 121 22 formation
182 3483 72 22 which
264 3483 53 33 they
328 3481 65 23 think
402 3481 70 28 likely
482 3485 22 17 to
515 3481 45 22 add
570 3485 23 19 to
603 3482 38 22 the

53 3510 117 21 attraction
179 3510 26 21 of
211 3510 37 21 the
258 3510 62 22 work
329 3510 22 22 in
368 3508 109 29 question,
490 3516 36 14 are
540 3509 101 22 solicited

53 3539 23 19 to
85 3536 87 22 furnish
182 3536 37 22 the
229 3544 61 14 same
300 3541 23 17 to
333 3537 37 21 the
379 3537 86 20 Gazette
472 3535 78 27 Office,
559 3536 34 22 for
603 3535 37 23 the

52 3570 40 14 use
102 3563 26 21 of
135 3563 37 21 the
182 3563 80 24 Editor,
267 3563 27 22 of
300 3571 13 14 a
323 3564 60 22 work
391 3563 80 27 which,
481 3563 20 23 if
509 3563 48 21 well
568 3563 74 23 stored

52 3589 54 22 with
115 3589 59 22 local
189 3593 86 24 matter,
286 3593 83 19 cannot
375 3590 42 22 fail
431 3593 23 19 to
470 3597 65 15 serve
546 3589 37 23 the
593 3590 49 22 best

52 3616 104 22 interests
167 3616 25 22 of
198 3616 38 23 the
246 3616 133 25 settlement.
396 3635 2 5 ,
417 3638 4 3 .
576 3634 2 6 ,
597 3615 3 4 '

82 3648 87 20 Gazette
179 3648 77 26 Office,
268 3648 54 27 July
332 3650 33 26 30,
377 3651 59 21 1842.
457 3669 2 4 ,
492 3661 11 10 <

54 3692 100 22 Notice
164 3694 30 20 to
200 3692 137 22 Members
348 3693 30 21 of
384 3694 45 21 the
439 3694 203 22 Horticultural

46 3739 3 10 ,
178 3737 3 9 i
292 3720 117 28 Society.

54 3751 94 51 THE
158 3752 186 23 COMMITTEE
349 3753 47 24 wiU
405 3753 117 24 distribute
529 3755 41 26 the.
574 3755 68 22 Seeds

130 3778 45 23 and
186 3779 105 26 Cuttings,
296 3779 102 25 recqived
407 3781 57 24 from
474 3781 38 22 the
525 3782 116 22 Botanical

48 3805 110 23 iGardens
167 3805 26 23 of
195 3805 101 28 .Sydney,
307 3808 24 20 to
346 3804 128 31 Member6Ji
484 3815 29 14 on
529 3807 112 29 theiv'aja-

52 3832 79 27 plying
141 3836 21 18 to
174 3831 40 24 the-
221 3833 121 28 Secretary.
348 3838 2 5 '
362 3845 12 12 l
398 3854 4 2 .
416 3834 17 22 '
431 3847 4 12 t
460 3849 3 3 .
486 3831 61 31 V,^,-,!
556 3833 5 3 '
580 3844 16 19 -_
628 3833 21 23 ';

180 3869 4 11 '
213 3870 3 11 '
242 3870 3 5 '
306 3880 4 3 -
337 3866 71 25 J,.'-E'.:
419 3867 193 27 Feathdkstomk.
643 3880 4 12 !

52 3904 16 5 ---
80 3892 130 28 September
220 3894 115 26 13)1842.^
353 3893 9 18 1
379 3899 61 14 '>.</.,
466 3911 3 4 ,
490 3902 14 19 q
519 3908 3 6 ,
562 3903 85 18 '>;

47 3925 245 47 i:ljTOTjQP]ftsft
294 3928 94 38 A&o&
395 3932 131 37 Safe/at'tfte
536 3923 111 46 Offi^'pf!

47 3965 36 35 y;
92 3964 155 28 ,^tlUfl,Pflrpey{
257 3964 164 29 inktsfanjii/pf
425 3982 8 12 L
426 3974 96 27 yaKqup
520 3988 3 7 (
525 3965 63 37 wijg.
596 3965 34 27 .,;/
642 3969 12 34 jj
