3530 4580
91 177 147 31 thoughtful
262 184 88 25 papers
396 185 34 17 on
462 178 167 32 philosphical

91 219 116 32 subjects,
226 219 48 26 and
298 220 110 25 William
431 221 82 32 Haley
536 223 91 24 contri-

89 261 75 26 buted
176 263 101 31 smartly
280 263 107 25 -written
398 271 89 23 papers
499 271 34 18 on

88 307 28 23 m
306 306 110 26 Bichard
436 307 100 26 Hassell
549 311 78 23 wrote

88 358 33 17 on
134 350 61 24 such
218 350 110 31 subjects
351 359 28 17 as
398 352 157 31 temperance
575 354 51 24 and

87 393 59 25 diet.
181 393 41 25 He
242 401 51 17 was
308 402 15 16 a
335 395 138 25 te-totaller
485 396 50 24 and
553 404 71 24 vege-

87 436 83 25 tarian
182 436 80 25 before
271 437 71 25 these
354 440 76 23 terms
443 446 63 17 were
515 442 110 29 general-

86 478 27 32 ly
147 479 99 29 known,
282 480 50 25 and
361 481 65 29 died,
452 489 61 24 poor
536 482 88 30 fellow,

87 522 96 31 shortly
210 522 63 26 after
300 523 42 25 his
377 525 117 24 sentence
518 526 106 31 expired.

86 565 49 25 His
147 566 112 32 writings
283 567 68 25 show
367 576 15 16 a
394 568 126 30 sensitive,
539 569 85 25 noble-

86 609 102 24 minded
222 610 80 30 spirit,
338 611 50 24 and
433 611 125 25 doubtless
584 612 39 25 his

85 653 135 24 treatment
249 654 26 23 at
299 653 117 31 Newgate
440 654 71 24 mad<^
532 654 54 25 him
609 663 15 17 a

85 695 118 25 veritable
215 698 95 29 martyr
321 701 25 20 to
358 696 180 33 Freethought.

119 739 78 26 These
217 740 180 32 prosecutions,
415 741 49 26 and
489 742 41 25 the
542 741 78 26 deter-

85 783 84 25 mined
194 792 53 21 way
259 784 27 24 m
309 785 80 24 which
401 785 44 24 the
469 786 107 30 attempt
596 786 26 23 to

85 827 73 24 crush
169 828 170 31 Freethought
351 837 49 15 was
412 829 110 28 resisted,
547 828 74 24 made

84 878 15 16 a
111 870 168 25 considerable
290 872 52 23 stir.
379 871 53 24 The
443 872 56 23 first
510 872 71 31 place
593 872 26 22 m

83 914 44 24 the
151 914 57 31 July
233 914 104 25 number
349 915 26 24 of
390 915 43 23 the
456 917 165 23 Westminster

83 959 101 28 Review,
205 959 72 22 1824'
296 966 50 16 was
366 959 72 31 given
461 960 26 23 to
508 966 14 16 a
544 966 76 24 paper

85 1008 32 17 on
134 1000 42 25 the
189 1001 92 24 Carlile
299 1001 169 31 prosecutions
492 1002 64 24 from
579 1002 40 23 the

83 1051 49 23 pen
144 1043 26 25 of
180 1043 68 25 John
262 1043 87 25 Stuart
361 1043 63 25 Mill,
440 1045 57 23 who
508 1044 109 24 denoun-

84 1088 40 24 ced
145 1087 62 25 such
229 1087 176 25 interferences
427 1088 58 24 with
508 1089 109 24 freedom

83 1131 79 23 under
181 1131 42 23 the
248 1133 116 29 pretence
386 1131 27 24 of
435 1131 178 33 "blasphemy.'

83 1173 122 24 Petitions
228 1174 26 23 m
277 1174 87 23 favour
388 1174 26 24 of
434 1174 44 24 the
500 1175 109 31 prisoner

83 1225 63 16 were
173 1216 131 31 presented
332 1216 27 25 m
390 1216 153 26 Parliament
586 1218 31 31 by

83 1261 92 30 Joseph
189 1261 83 25 Hume
285 1261 49 25 and
357 1262 87 31 Henry
463 1262 152 32 Brougham.

83 1304 52 25 The
152 1308 154 26 persecutors
328 1312 59 17 were
408 1305 124 32 evidently
556 1306 61 24 tired

81 1351 51 22 out.
168 1348 82 25 Books
260 1357 64 16 were
337 1349 50 24 still
401 1348 53 25 sold
464 1350 26 23 at
502 1350 32 24 84
547 1349 75 30 Fleet,

81 1394 82 27 strict,
194 1392 44 24 but
259 1392 111 32 through
393 1400 29 16 an
448 1394 122 30 aperture,
589 1401 27 18 so

80 1435 55 25 that
147 1435 42 24 the
207 1435 78 32 buyer
297 1444 52 16 was
368 1435 91 25 unable
476 1438 26 23 to
514 1436 101 32 identify

81 1479 42 23 the
135 1477 79 24 seller.
250 1477 148 26 Afterwards
417 1479 58 31 they
487 1487 63 17 were
563 1480 52 25 sold

80 1521 31 31 by
128 1521 144 24 clockwork.
308 1521 54 24 The
385 1521 54 25 first
459 1523 154 24 automation

79 1564 174 24 slot-machine
270 1572 51 16 was
342 1565 94 23 erected
459 1566 28 23 m
506 1566 108 24 Oarlile's

78 1608 69 30 shop.
175 1607 39 24 Oa
227 1616 14 16 a
254 1608 50 24 dial
316 1616 50 16 was
378 1608 99 31 printed
488 1609 42 25 the
539 1617 74 17 name

76 1651 24 23 of
123 1658 71 23 every
213 1651 154 31 publication
390 1652 37 23 for
452 1652 59 24 sale.
544 1673 2 2 .
558 1653 54 24 The

75 1694 133 31 purchaser
220 1694 89 25 turned
319 1694 41 25 the
381 1695 67 24 hand
462 1702 23 18 to
495 1696 43 25 the
550 1696 62 25 book

76 1737 31 24 ho
118 1737 102 28 deshvd,
233 1738 88 28 which,
335 1747 32 15 on
381 1738 42 25 the
436 1747 89 24 money
539 1738 73 33 being

75 1782 133 31 deposited,
244 1782 109 31 dropped
379 1785 43 23 out
449 1783 82 25 before
555 1783 53 25 him

76 1826 104 23 without
189 1826 42 23 the
244 1826 121 31 necessity
378 1826 27 24 of
414 1834 95 24 anyone
524 1827 84 31 speak-

75 1868 52 32 ing.
163 1868 97 28 Carlile,
280 1869 98 31 writing
396 1868 64 25 from
473 1870 137 25 Doneasfcer

76 1912 71 29 Gaol,
175 1912 26 24 m
222 1912 44 25 the
286 1912 65 25 sixth
375 1921 58 24 year
455 1914 27 24 of
506 1914 36 24 liis
563 1914 45 24 im-

74 1956 163 29 piisomnent,
273 1962 47 16 was
338 1956 66 26 .able,
419 1958 27 22 to
469 1963 43 24 say
514 1970 32 3 —

75 1999 40 23 the
137 1997 165 31 publications
316 1998 54 25 that
390 1999 62 24 have
472 2001 60 22 be^n
553 2007 55 23 pro-

74 2041 98 23 secuted
180 2041 67 24 .have
259 2042 67 27 bean,
345 2042 49 23 and
407 2049 48 20 are,
474 2042 134 25 continued

73 2083 23 24 i»
110 2092 62 23 open
262 2099 32 4 —
297 2086 24 23 J.
337 2086 34 24 M.
374 2085 134 31 .Wheeler.

68 2252 197 30 MEETING
316 2253 53 30 OF
422 2254 184 30 SAWMIL-

141 2316 111 48 LERS
276 2321 53 31 AT
352 2322 182 32 OXFOED.

108 2424 38 25 On
154 2425 136 32 .Thursday
307 2427 117 31 morning
435 2427 40 24 Mr
485 2427 120 25 Meradith

71 2467 103 30 M.H.a.
198 2470 48 23 for;
258 2469 100 33 Ashley,
388 2471 49 25 and
461 2471 40 25 Mr
518 2472 87 25 Moore

70 2513 105 24 M.11.R.
196 2513 37 24 for
245 2514 109 30 Kaiapoi,
382 2515 92 24 arrived
494 2518 26 22 at
542 2516 61 24 East

71 2556 92 25 Oxford
177 2558 27 29 i>y
218 2556 42 26 the
273 2557 116 32 morning
410 2558 75 29 train,
509 2559 96 31 having

67 2599 63 27 been
142 2600 92 26 invited
246 2603 25 23 to
283 2605 66 21 meet
361 2602 43 24 the
414 2603 69 30 [Saw
496 2603 105 30 Millers,

67 2646 25 22 to
105 2645 112 23 consider
239 2645 43 24 the
304 2646 114 30 question
442 2646 27 24 of
493 2646 110 25 Govern-

36 2688 99 30 _jnent
147 2687 104 30 sleepers
275 2686 37 25 for
335 2687 42 24 the
401 2687 93 26 Oxford
523 2689 78 25 Mills.

66 2730 93 24 Messrs
189 2730 75 30 Ryde,
292 2730 118 30 Eassitor,
442 2731 160 32 YouDgman,

66 2773 93 28 Booth,
179 2773 74 25 Clark
266 2773 47 25 and
335 2774 84 25 others
431 2775 134 25 interested
576 2776 27 24 m

66 2818 43 24 the
122 2817 90 25 timber
234 2818 79 30 trade,
330 2820 52 24 met
405 2819 42 24 the
470 2820 131 29 Members,

65 2862 49 24 and
127 2862 27 24 m
166 2869 121 25 company
307 2863 61 25 with
381 2863 43 25 the
448 2864 68 25 local
537 2864 65 25 Gov-

65 2907 112 23 ernment
189 2907 128 32 Inspector
328 2907 27 25 of
365 2908 153 25 Permanent
526 2916 75 24 ways,

66 2950 93 25 walked
185 2951 75 33 along
281 2951 42 26 the
336 2952 51 25 line
405 2952 64 25 from
490 2953 63 24 East
577 2954 26 24 to

64 2993 70 26 West
147 2994 98 29 Oxford,
264 2994 130 34 observing
408 2996 43 25 the
475 2997 128 25 condition

64 3038 26 24 of
100 3038 42 24 the
167 3039 106 31 sleepers
295 3040 26 23 m
345 3040 42 25 the
407 3040 59 30 line,
487 3048 69 18 some
579 3041 27 25 of

63 3082 41 24 the
118 3082 104 31 sleepers
241 3082 73 31 being
326 3084 79 25 Bx9
418 3084 50 24 and
486 3085 85 24 others
584 3087 16 23 7

62 3132 18 16 x
92 3127 23 26 5,
135 3127 65 22 most
220 3125 27 25 of
257 3126 40 24 the
321 3127 107 31 sleepers
450 3135 40 17 are
509 3128 94 24 Oxford

64 3168 78 31 birch,
161 3169 56 24 with
231 3178 13 15 a
269 3169 46 25 few
339 3170 146 25 Australian
508 3172 93 31 jarrah.

64 3213 74 23 Many
163 3214 25 22 of
212 3214 43 24 the
281 3214 101 24 smaller
404 3214 67 24 sized
492 3215 107 31 sleepers

64 3255 132 25 estimated
213 3257 25 23 to
260 3256 61 24 have
343 3256 62 25 been
428 3257 27 24 m
483 3258 44 24 the
552 3258 51 25 line

61 3299 60 24 irom
138 3300 29 23 13
179 3307 71 23 years
262 3301 27 23 to
313 3301 31 22 20
356 3308 71 23 years
447 3308 61 17 were
521 3302 81 24 sound

62 3342 48 24 and
122 3342 71 32 good.

94 3385 40 24 On
146 3385 43 24 the
207 3386 144 31 suggestion
372 3386 26 24 of
417 3386 40 24 Mr
478 3387 122 25 Meredith

62 3435 14 17 a
88 3428 110 32 meeting
217 3436 50 17 was
287 3428 57 25 hell
361 3431 26 23 at
404 3429 97 32 Paget's
514 3430 86 30 Hotel,

62 3473 25 22 to
105 3472 54 31 give
180 3471 43 25 the
238 3472 56 25 Mill
306 3480 94 18 owners
421 3480 33 17 an
467 3476 134 29 opportun-

61 3516 37 31 ity
115 3515 27 26 of
156 3517 151 31 venti'ating
327 3517 67 25 their
415 3518 150 31 grievances,
582 3519 20 24 if

65 3558 60 33 they
142 3559 51 24 had
211 3567 55 24 any.
285 3560 50 24 and
354 3561 86 31 giving
461 3562 43 25 the
521 3562 80 25 Mem-

62 3602 54 25 bers
140 3610 33 16 an
198 3603 55 25 idea
332 3604 66 25 what
421 3605 58 30 they
506 3606 96 24 wanted

63 3644 62 25 from
138 3645 42 24 the
193 3645 177 30 Government,
388 3647 50 24 and
458 3648 67 25 what
542 3648 59 32 they

65 3687 116 31 expected
207 3688 43 25 the
269 3689 122 25 Members
415 3692 25 22 to
453 3690 42 30 do.
543 3691 59 24 This

66 3730 146 32 suggestion
225 3739 49 17 was
288 3732 72 25 acted
371 3741 76 23 upon,
465 3741 15 17 a
491 3735 112 31 meeting

64 3781 50 17 was
127 3774 57 23 held
195 3774 28 24 m
245 3774 101 31 Paget's
359 3784 67 16 room
447 3777 50 24 and
508 3777 41 25 Mr
561 3777 39 25 W.

66 3816 71 32 Ryde
149 3824 50 18 was
212 3817 73 25 voted
294 3819 26 24 to
331 3818 43 25 the
386 3819 84 25 Chair.
609 3822 2 23 I

99 3859 40 25 Mr
163 3860 70 32 Ryde
257 3861 101 31 pointed
384 3864 44 23 out
453 3863 55 25 that
532 3863 69 25 there
609 3852 2 7 '

66 3903 71 24 could
150 3903 29 24 be
191 3911 32 16 no
233 3904 112 31 question
358 3912 28 17 as
397 3906 25 23 to
434 3904 44 25 the
487 3906 114 31 strength

67 3945 49 24 and
142 3946 136 33 durability
306 3948 28 24 of
360 3948 75 24 heart
461 3948 27 24 of
508 3949 93 26 Oxford

43 3987 104 31 •birch;
174 3989 46 26 but
242 3991 155 32 considering
420 3991 44 25 the
487 3991 111 26 distance

64 4031 89 25 timber
163 4039 56 18 now
231 4033 50 24 had
293 4035 26 23 to
340 4034 28 23 be
381 4034 106 31 brought
507 4036 44 23 out
573 4036 25 23 to

64 4073 43 25 the
119 4074 67 25 Mills
209 4076 50 25 and
278 4076 42 25 the
338 4084 107 24 expense
462 4077 137 24 connected

64 4117 137 30 therewith,
220 4119 143 33 they^could
374 4122 45 23 not
439 4122 43 24 cufc
494 4120 104 32 sleepers

63 4161 27 23 at
100 4161 38 23 2s.
147 4161 68 30 each,
236 4163 50 24 and
297 4163 33 25 he
342 4163 108 33 thought
474 4163 60 32 they
545 4164 51 24 had

63 4202 62 24 been
137 4202 70 33 badly
220 4206 91 24 treated
324 4205 26 25 m
370 4206 42 24 the
424 4207 101 23 matter.
560 4207 38 23 2s.

64 4244 39 24 6d.
128 4245 58 24 each
209 4254 48 17 wa?
285 4248 43 24 the
353 4248 88 25 lowest
462 4248 66 32 price
539 4247 59 32 they

62 4288 71 25 could
158 4292 42 23 cut
222 4291 70 25 them
320 4290 53 32 for,,
391 4291 50 26 and
458 4299 61 18 even
542 4291 56 26 that

61 4332 79 25 would
163 4332 66 27 leave
247 4336 59 32 only
328 4344 16 16 a
370 4335 74 27 small
446 4334 109 33 jnargin
572 4334 28 26 of

62 4374 84 31 profit.

95 4418 42 24 Mr
158 4417 67 28 John
243 4421 83 27 Booth
347 4421 80 30 state}
436 4421 35 29 .he
488 4420 60 34 had,
556 4428 51 20 j*6v

61 4456 83 33 cently
177 4460 115 26 returned
310 4462 62 25 from
396 4468 16 18 a
440 4461 49 31 trip
507 4461 27 24 to
556 4454 42 38 tjie

60 4495 73 27 West
143 4496 81 35 Coast,
237 4500 48 27 and
296 4505 51 23 saw
360 4499 43 28 tH'e
414 4495 90 31 timber
516 4499 67 27 tliere
594 4519 6 12 ,

657 173 48 24 and
717 176 151 24 ascertained
890 176 56 25 that
967 184 15 17 a
1001 177 67 32 large
1087 177 108 25 number

656 211 28 24 of
706 212 105 33 sleepers
829 222 62 18 were
913 216 51 29 cut,
991 215 74 26 silver
1084 216 65 31 pine,
1168 216 26 24 at

657 257 64 20 trom
734 253 36 25 2s.
783 253 41 25 4d.
836 255 26 23 to
875 256 36 24 2s.
925 254 41 25 Bd.
977 255 70 29 each,
1059 255 50 24 and
1124 254 69 25 birch

656 290 65 28 from
733 294 36 25 Is.
789 294 40 25 7d.
842 296 26 24 to
881 296 37 24 Is.
942 295 40 25 Bd.
996 295 70 29 each,
1100 295 32 25 he
1144 303 49 17 was

643 343 1 22 j
656 330 27 25 of
700 331 43 26 the
755 332 99 32 opinion
877 334 57 24 that
957 333 41 25 tho
1023 332 70 26 West
1115 334 76 25 Coast

655 368 83 31 Birch,
781 371 50 24 and
854 371 90 26 should
965 372 30 24 be
1017 371 58 31 paid
1099 371 38 26 for
1161 373 27 24 m

655 410 143 30 proportion
807 412 26 23 to
845 411 64 24 their
917 411 102 25 relative
1031 411 92 26 values.

688 446 40 25 Mr
749 447 150 32 Youngrnan
911 449 72 24 could
995 452 45 21 not
1057 451 44 23 cut
1114 451 75 31 sleep-

654 491 39 17 ers
705 486 26 22 at
754 486 36 24 2s.
812 485 68 30 each,
898 486 21 24 it
943 494 49 16 was
1016 494 14 16 a
1043 486 87 25 shame
1153 488 38 25 for

654 522 41 24 the
718 522 169 26 Government
889 539 33 4 —
922 524 42 24 the
986 524 111 32 people's
1124 526 65 25 Gov-

654 564 114 22 ernment
788 563 26 23 to
835 570 137 24 encourage
998 564 128 30 sweating,
1145 573 43 17 no-

652 601 73 31 thing
749 602 50 24 less
812 602 61 24 than
898 604 37 22 2s.
960 605 40 24 6d.
1025 605 62 25 each
1106 606 83 25 would

652 640 78 30 tempt
742 639 51 24 him
807 641 26 23 to
856 640 86 25 tender
954 642 39 24 for
1016 643 172 26 Government

652 676 112 31 sleepers,
789 677 31 24 he
838 678 143 25 considered
1004 680 92 25 Oxford
1121 682 65 24 Saw-

651 713 95 26 Millers
770 715 48 24 had
838 718 43 22 not
904 716 63 25 been
989 717 72 32 fairly
1083 719 102 30 treated,

650 753 54 26 that
725 764 31 15 an
769 754 82 26 undue
870 757 144 30 proportion
1035 759 27 24 of
1080 759 106 32 sleepers

649 803 62 16 were
722 800 40 20 cut
774 796 27 23 m
813 796 43 25 the
873 797 71 24 West
963 797 85 26 Coast.
1091 800 95 25 Oxford

649 834 68 25 Mills
735 836 87 23 should
841 837 89 31 supply
942 837 43 24 the
997 839 107 31 sleepers
1123 840 61 25 from

650 873 91 25 Oxford
769 877 26 22 to
824 875 140 26 Culverden
988 877 130 33 including
1143 880 42 24 the

650 912 91 24 branch
758 913 71 28 lines,
848 915 49 23 and
910 914 57 25 that
979 917 72 23 could
1069 917 29 23 be
1121 918 63 23 done

647 950 21 24 if
677 950 41 24 the
730 950 171 27 Government
919 953 81 25 would
1019 954 60 24 offer
1101 964 14 14 a
1139 955 45 24 fair

647 989 71 31 price,
737 997 44 22 say
793 990 36 23 2s.
855 990 40 24 6d.
909 991 70 23 each.
1015 992 41 24 He
1075 992 108 31 thought

645 1026 21 25 it
678 1026 154 25 undesirable
851 1028 53 23 that
923 1028 106 32 sleepei'3
1050 1037 63 17 were
1136 1030 45 25 im-

646 1066 86 33 ported
747 1066 64 25 from
829 1067 136 30 Australia,
984 1068 72 26 when
1076 1077 37 17 we
1134 1070 49 25 had

646 1113 27 16 so
690 1104 76 25 much
788 1105 64 30 good
869 1105 90 26 timber
977 1107 26 24 m
1024 1107 44 25 the
1093 1109 89 31 colony

645 1142 104 25 suitable
772 1143 36 24 for
828 1151 45 16 our
890 1143 112 33 railways
1021 1145 49 24 and
1090 1146 91 25 Public

647 1182 94 24 Works.

678 1220 54 24 The
751 1220 165 26 Government
929 1222 129 32 Inspector
1077 1224 25 23 of
1116 1225 63 23 Per-

645 1264 103 22 manent
763 1268 72 24 ways,
855 1262 80 25 stated
954 1263 56 25 that
1022 1263 37 25 for
1071 1264 41 25 the
1123 1267 57 29 past

645 1300 46 24 five
703 1307 26 17 or
742 1299 37 25 six
797 1307 71 23 years
880 1308 33 18 no
925 1300 107 32 sleepers
1055 1301 51 25 had
1118 1302 61 25 been

644 1338 121 31 imported
795 1337 31 32 by
855 1338 42 25 the
922 1339 175 27 Government
1115 1341 64 25 from

645 1376 134 25 Australia.
803 1376 40 24 Mr
855 1377 123 25 Meredith
988 1379 191 32 complimented

645 1415 42 24 the
717 1414 55 26 Saw
801 1415 94 26 Millers
924 1424 32 17 on
985 1417 66 25 their
1079 1421 100 29 present

643 1453 90 29 action,
751 1454 27 23 m
795 1453 134 33 bestirring
944 1454 150 27 themselves
1114 1465 32 17 on
1165 1466 14 16 a

642 1493 114 31 question
769 1493 59 26 vital
848 1496 25 23 to
897 1495 63 25 tbeir
978 1503 56 18 own
1053 1496 124 27 interests,

643 1531 38 24 Mr
712 1532 84 24 Moore
814 1533 48 24 and
896 1533 102 26 himself
1025 1543 60 17 were
1111 1537 68 24 there

642 1574 25 21 to
694 1572 61 23 hear
781 1571 66 25 their
872 1574 148 30 grievances,
1047 1574 50 24 and
1115 1583 63 17 were

641 1610 75 32 ready
734 1613 25 22 to
782 1613 106 23 contend
913 1613 37 24 for
975 1613 89 32 justice
1089 1616 27 23 to
1134 1615 43 25 the

642 1650 57 25 Saw
717 1651 101 32 Milling
835 1652 120 32 industry.

673 1690 99 32 During
784 1691 42 24 the
838 1692 157 26 Parliament
1015 1694 25 24 of
1059 1695 117 29 1890-93,

640 1729 32 25 he
683 1730 82 25 raised
775 1731 41 24 his
824 1732 67 25 voice
912 1741 33 16 on
958 1733 42 25 the
1012 1733 62 25 floor
1091 1734 27 25 of
1134 1735 42 24 the

640 1769 85 24 House
748 1769 97 32 against
871 1771 135 32 importing
1028 1772 90 25 timber
1139 1773 37 24 for

638 1818 44 16 our
693 1810 115 32 railways
826 1811 63 24 from
913 1812 134 30 Australia,
1066 1813 50 24 and
1134 1814 42 24 the

638 1850 99 29 present
757 1848 167 26 Government
949 1850 49 24 had
1019 1851 90 24 almost
1132 1851 43 25 ab-

639 1888 104 31 solutely
772 1888 172 26 discontiaued
970 1885 84 37 doing,
1090 1895 86 29 except

638 1928 37 25 for
703 1928 91 31 special
844 1938 126 22 purposes.
973 1945 29 3 —
1002 1931 174 25 -Government

637 1966 50 24 had
706 1969 45 21 not
763 1968 103 24 lowered
878 1969 42 23 the
932 1969 67 30 price
1027 1969 25 24 of
1065 1969 107 32 sleepers

638 2008 25 23 to
692 2008 36 23 2s.
758 2007 70 28 each,
846 2008 43 24 the
925 2008 71 25 West
1024 2009 75 25 Coast
1127 2011 47 24 and

637 2044 102 25 Pelorus
753 2044 99 25 &ounds
876 2046 70 24 Mills
957 2046 52 24 had
1020 2047 63 24 done
1105 2055 70 20 so,-

638 2085 58 31 they
721 2093 61 17 were
807 2085 144 32 furnishing
976 2086 69 26 birch
1066 2087 106 32 sleeper

638 2122 123 26 delivered
781 2126 26 23 at
826 2124 151 32 Wellington
998 2126 37 24 for
1056 2127 34 24 2s.
1104 2127 68 30 each,

637 2163 20 24 if
678 2163 43 24 the
745 2163 170 26 Government
939 2173 63 16 were
1029 2167 26 23 to
1073 2166 58 24 offer
1160 2175 14 16 a

636 2201 80 25 bonus
728 2201 27 24 of
764 2209 32 16 an
808 2204 68 22 extra
891 2202 39 30 6d,
953 2210 14 17 a
980 2202 95 33 sleeper
1087 2204 25 24 to
1132 2204 42 25 the

637 2241 91 24 Oxford
752 2241 76 28 Mills,
847 2241 61 25 then
939 2242 43 25 the
1005 2243 170 26 Government

636 2278 82 26 would
728 2278 65 25 have
816 2280 26 23 to
854 2279 31 24 do
909 2279 42 24 the
969 2288 69 17 same
1059 2281 34 24 all
1117 2289 58 17 over

635 2317 43 25 the
690 2317 97 32 Colony
798 2324 28 18 or
838 2317 67 25 leave
916 2317 149 26 themselves
1078 2327 63 24 open
1149 2324 26 21 to

635 2366 26 17 or
669 2358 28 24 be
702 2357 106 25 accused
820 2357 27 25 of
855 2357 98 33 bribery
963 2359 47 24 and
1024 2360 150 31 corruption.

635 2398 40 24 He
687 2398 82 24 would
781 2399 30 23 do
835 2398 38 24 his
892 2399 54 24 best
965 2399 38 24 for
1023 2399 93 25 Oxford
1146 2401 26 24 m

635 2436 82 31 seeing
725 2436 90 31 justice
829 2437 113 32 properly
956 2438 80 24 moted
1047 2439 50 24 out-
1134 2439 36 24 To

635 2476 67 24 show
722 2477 53 24 that
796 2476 94 26 Oxford
908 2477 50 25 had
976 2483 45 20 not
1042 2486 59 17 ceen
1129 2488 43 15 un-

634 2517 73 30 fairly
729 2517 95 24 treated
852 2517 32 24 he
908 2518 58 24 read
991 2519 42 24 the
1050 2519 124 31 following

633 2557 81 29 letter,
734 2557 113 32 showing
856 2557 42 25 the
908 2557 161 32 possibilities
1081 2559 95 25 Oxford

635 2597 56 27 Saw
704 2597 68 26 Mills
783 2597 49 25 had
845 2601 26 22 to
890 2601 42 22 cut
951 2599 89 25 timber
1059 2600 26 24 m
1106 2601 66 24 1895

633 2639 26 23 to
670 2637 42 23 the
724 2637 72 24 valiw
808 2637 27 24 of
845 2637 97 25 £1533.
970 2637 30 25 In
1014 2639 64 23 1890
1093 2639 25 24 to
1132 2639 42 24 the

634 2676 71 24 value
719 2676 25 23 of
755 2676 92 24 £1955.

648 2743 85 30 Birch,
751 2743 110 28 Timber,
881 2744 48 24 and
952 2744 113 31 Sleepers
1090 2744 65 26 from

789 2782 92 24 Oxford
912 2782 113 26 District.

636 2826 189 24 Memorandum
839 2826 109 24 received
960 2827 29 30 by
999 2827 30 24 R.
1043 2827 131 30 Meredifh,

812 2863 62 33 Esq..
893 2864 106 26 M.H.R.

670 2916 31 24 In
722 2915 69 33 reply
815 2917 26 23 to
858 2924 62 23 your
944 2917 111 31 enquiry,
1081 2917 13 24 I
1113 2916 63 26 have

634 2958 41 24 the
692 2956 96 26 honour
807 2958 25 24 to
843 2957 56 30 give
917 2965 50 24 you
985 2957 44 25 the
1049 2957 127 32 following

630 2996 163 25 information
820 3003 27 17 as
876 2997 27 23 to
932 2996 42 24 the
1003 2996 113 31 quantity
1151 2996 27 25 of

632 3034 88 28 timber
740 3034 49 25 and
811 3034 67 24 birch
891 3035 105 30 sleepers
1016 3034 114 32 supplied
1146 3035 26 24 m

632 3074 65 24 1895
709 3072 49 25 and
778 3073 65 25 1896
855 3072 61 26 from
930 3073 42 24 the
989 3072 95 25 Oxford
1102 3072 71 25 Dist-

631 3113 47 24 rict
801 3112 67 25 £585
977 3113 195 24 £1000—1585.

664 3153 32 24 In
718 3154 63 24 1895
802 3154 42 24 the
860 3152 168 32 Department
1062 3152 114 32 required

634 3192 92 30 90,000
735 3191 29 25 ft.
786 3191 76 24 Birch
883 3191 49 26 and
946 3192 92 28 10,000
1062 3191 114 31 Sleepers

668 3229 57 25 The
742 3229 113 31 quantity
876 3229 98 26 settlers
995 3229 137 24 undertook
1150 3231 26 22 to

632 3269 122 31 supply—
756 3269 94 28 Bs,ooo
966 3285 5 11 ;
975 3286 6 11 ,
1096 3267 81 24 10200

664 3307 108 31 actually
782 3305 113 32 supplied
956 3305 9 37 ]

631 3349 33 23 up
669 3346 25 19 to
706 3340 49 24 end
767 3340 26 24 of
805 3339 75 29 June,
894 3340 40 25 '96
959 3331 10 44 \
979 3337 69 26 70267
1048 3337 42 26 ft.
1096 3337 77 24 Birch

956 3373 9 30 J
987 3372 63 23 6349
1068 3370 106 31 sleepers

680 3432 33 4 —
715 3416 132 34 18/.looft.
861 3417 69 25 £956
965 3417 85 23 £1000
1085 3416 85 24 £1955

666 3461 29 24 In
710 3462 64 24 1896
788 3460 43 25 the
843 3460 163 32 Department

631 3501 115 32 required
764 3500 85 27 147000
849 3500 43 27 ft.
929 3499 76 26 Birch
1018 3502 25 23 at
1069 3500 43 23 13s
1129 3507 43 24 per

632 3540 39 25 100
671 3540 39 25 ft.
729 3540 49 24 and
791 3540 92 28 10,000
902 3539 110 31 Sleepers

632 3579 103 25 Settlers
747 3577 138 25 undertook
898 3579 26 24 to
937 3577 90 31 supply

697 3619 108 27 108,000
813 3617 29 24 ft.
861 3617 76 24 Birch
956 3618 82 23 13000
1056 3616 117 32 Sleepers

630 3656 64 24 have
706 3655 111 31 supplied
831 3662 33 24 up
876 3656 26 23 to
915 3654 57 24 date

838 3693 82 24 13000
996 3692 51 24 and
1113 3692 67 23 2000

634 3731 49 25 and
704 3730 70 25 these
798 3730 63 25 have
890 3731 63 24 been
982 3730 130 24 furnished
1147 3731 30 30 by

636 3770 118 31 Sharplin
774 3770 51 24 and
848 3770 113 24 Ro3siter
983 3770 39 24 for
1047 3770 43 24 the
1109 3773 67 21 most

629 3819 46 23 par
683 3813 18 21 t.

768 3877 47 24 GE
825 3876 29 24 O.
869 3876 150 25 FULTON.

831 3946 68 24 Store
911 3947 131 29 Inspector.

666 4030 41 24 Mr
727 4029 86 25 Moore
835 4028 97 25 desired
949 4029 26 23 to
988 4036 40 16 see
1047 4028 89 31 justice
1149 4029 25 22 to

629 4069 35 26 all
675 4069 100 32 parties,
798 4068 52 24 and
870 4068 31 24 he
922 4074 52 18 was
998 4067 122 31 prepared
1141 4068 27 23 to

629 4110 69 25 work
709 4109 63 25 with
789 4108 42 25 Mr
843 4107 127 25 Merhdith
990 4106 38 26 for
1040 4106 44 25 the
1111 4106 64 31 good

628 4149 27 25 of
668 4150 41 24 the
734 4148 113 29 District,
883 4150 56 23 true
966 4146 44 25 the
1033 4146 136 26 Saw-mills

629 4196 60 18 were
700 4188 28 24 m
741 4188 43 25 the
796 4188 100 31 Ashley
907 4187 152 25 Electorate,
1080 4185 45 24 but
1142 4193 37 16 we

629 4224 49 26 feel
685 4224 135 26 interested
840 4225 28 24 m
889 4224 44 25 the
944 4222 91 26 timber
1054 4221 123 31 industry,

629 4263 32 25 ho
673 4262 145 25 considered
829 4258 44 30 the
885 4262 66 32 price
977 4259 93 28 offered
1086 4259 32 32 by
1135 4259 44 25 the

885 4301 40 25 for
929 4306 3 8 1
1069 4305 53 19 was
1132 4299 44 24 too'

630 4340 75 28 little,
722 4340 51 25 and
791 4340 20 25 if
813 4351 2 7 :
821 4340 118 26 assisted;
950 4339 34 32 by
1003 4339 80 25 those,
1095 4338 74 25 inter-

631 4376 70 26 ested
713 4377 32 25 he
757 4377 85 25 would
849 4377 33 26 do
889 4378 38 25 his
935 4377 57 26 best
1008 4379 26 23 to
1045 4375 75 33 bring
1125 4375 49 28 ;tbe

630 4414 116 37 £upstio$
749 4430 6 19 {
757 4414 95 34 <befose.
862 4415 55 31 th.ej
924 4414 37 36 M!
960 4415 24 25 ni
986 4417 52 32 ?.!*iC
1045 4408 124 42 :?\>sss-

630 4445 88 41 ways.'
848 4475 3 3 .
881 4457 2 1 '
936 4449 191 19 -.-••■••■■

665 4491 40 27 On
728 4491 45 26 the
788 4489 97 28 motion
896 4492 29 25 of
948 4490 40 26 Mr
1000 4490 157 33 Youngman

1223 179 122 26 seconded
1363 179 34 33 by
1409 180 39 25 Mr
1463 180 83 30 Clark,
1588 189 16 17 a
1621 182 136 25 resolution

1223 227 47 17 was
1278 221 89 31 agreed
1374 223 27 22 to
1408 220 55 25 that
1471 220 93 26 Messrs
1574 221 122 26 Meredith
1709 221 49 25 and

1223 259 82 26 Moore
1316 260 31 25 be
1367 261 129 31 requested
1515 262 26 23 to
1560 269 45 16 use
1621 262 64 24 their
1703 261 55 24 best

1222 299 152 25 endeavours
1388 301 26 23 to
1432 307 103 24 procure
1553 300 39 25 for
1609 300 43 25 the
1666 300 92 25 Oxford

1223 337 57 25 Saw
1301 338 69 24 Mills
1397 338 64 25 their
1493 338 48 25 fair
1574 340 71 23 share
1665 339 27 23 of
1715 338 43 25 the

1221 375 104 32 sleepers
1337 376 115 31 required
1463 377 40 23 for
1514 384 46 16 our
1571 376 122 31 Railway,
1706 377 52 23 and

1220 416 26 22 at
1258 422 33 16 an
1303 414 125 24 advanced
1444 414 65 30 price
1522 423 32 15 on
1567 414 65 24 what
1644 423 47 15 was
1704 423 54 17 now

1219 452 82 31 given.
1339 452 19 23 A
1370 454 56 23 vote
1438 452 28 24 of
1475 452 92 24 thanks
1589 454 25 22 to
1628 452 43 25 the
1684 452 73 25 Chair

1219 492 49 23 and
1291 492 126 23 Members
1443 492 148 24 terminated
1612 492 44 25 the
1679 494 77 24 meet-

1219 531 49 31 ing.

1401 685 168 24 CONCERT.

1249 790 22 24 A
1289 793 66 22 most
1367 788 129 33 enjoyable
1509 788 104 26 Concert
1632 796 52 17 was
1694 788 59 24 held

1214 833 27 24 m
1262 833 43 24 the
1327 833 137 24 Methodist
1494 831 92 31 Chapel
1605 831 50 23 last
1679 830 73 24 Wed-

1213 876 93 31 nesday
1326 875 81 32 night,
1428 883 14 16 a
1468 875 68 31 large
1555 873 106 25 number
1677 872 76 32 being

1213 920 108 31 present.
1374 919 22 23 A
1424 926 57 23 very
1506 916 63 32 good
1595 923 156 25 programme

1212 963 125 30 provided.
1374 962 54 24 The
1440 962 61 24 Rev.
1515 960 94 25 Dellow
1626 960 25 24 of
1661 959 89 25 Wood-

1212 1006 49 24 end
1271 1014 62 22 sang
1345 1007 49 23 two
1409 1004 75 29 solos,
1504 1003 81 25 which
1597 1009 65 17 were
1674 1001 76 25 much

1212 1049 163 34 appreciated.
1410 1048 64 25 Miss
1494 1049 71 24 Scolt
1594 1054 63 23 sang

1210 1094 81 32 valley
1304 1094 31 31 by
1348 1094 43 24 the
1490 1091 82 25 which
1590 1099 51 16 was
1654 1089 96 33 greatly

1210 1137 148 32 applauded,
1384 1137 50 23 and
1579 1135 28 23 m
1626 1133 123 26 excellent

1210 1181 70 31 style.
1299 1200 3 3 .
1316 1180 40 24 Mr
1368 1180 62 23 Hall
1442 1186 60 23 gave
1511 1178 95 24 several
1615 1185 59 22 very
1685 1176 63 30 food

1209 1225 142 24 recitations
1358 1224 27 23 m
1402 1222 80 32 grand
1490 1223 73 31 style,
1583 1221 50 24 and
1639 1220 109 24 received

1209 1268 131 31 deafening
1358 1275 106 17 encores.
1501 1266 125 30 Amongst
1635 1265 42 24 the
1684 1263 63 26 local

1209 1308 79 24 talent
1306 1315 49 16 was
1381 1307 63 23 Miss
1461 1305 88 31 Fanny
1574 1304 94 24 Dorn's
1686 1312 62 22 song

1277 1347 41 24 the
1339 1347 97 30 cottage
1463 1343 31 31 by
1511 1343 43 25 the
1666 1341 80 25 which

1208 1385 118 24 deserved
1344 1384 43 25 the
1405 1384 88 29 hearty
1511 1383 119 31 applause
1644 1389 10 15 ?
1659 1382 28 22 he
1695 1383 50 28 got.

1208 1423 151 25 Recitations
1377 1430 62 16 were
1457 1421 53 25 also
1536 1421 74 31 given
1628 1419 31 32 by
1680 1419 64 25 Mes-

1208 1472 37 16 srs
1280 1463 85 28 Jones,
1387 1462 101 31 Whyte,
1509 1460 122 25 Clarkson
1651 1460 50 24 and
1713 1459 32 28 D,

1208 1502 100 32 Whyte.
1346 1501 75 24 Great
1442 1500 77 24 credit
1530 1499 23 24 is
1564 1498 30 24 de
1610 1500 26 22 to
1648 1497 35 25 all
1704 1496 42 26 the

1207 1543 76 24 ladies
1301 1541 50 25 and
1363 1541 140 32 gentlemen
1522 1540 57 24 who
1593 1538 107 24 assiste:!
1720 1538 25 24 m

1207 1580 104 31 making
1320 1580 43 24 the
1377 1579 106 25 Concert
1497 1578 62 24 such
1570 1585 16 16 a
1604 1583 107 18 success.

1257 1721 71 24 THE
1347 1719 158 25 PRIMATE
1533 1719 71 25 AND
1622 1719 70 24 THE

1390 1758 168 25 PREMIER.

1238 1825 32 24 In
1282 1826 40 23 his
1332 1825 110 24 farewell
1454 1825 100 24 address
1572 1825 26 24 at
1617 1823 128 25 Auckland

1204 1868 44 25 the
1259 1868 72 25 other
1349 1868 48 32 clay
1420 1867 95 32 Bishop
1539 1867 89 28 Cowie,
1649 1867 54 24 who
1723 1867 21 24 is

1203 1920 56 16 now
1271 1920 31 17 on
1326 1911 40 25 his
1379 1921 50 22 way
1442 1913 25 23 to
1480 1911 44 25 the
1541 1910 126 26 Lambeth
1679 1911 63 25 Con-

1205 1957 103 26 ference,
1327 1955 52 24 said
1396 1955 63 25 that'
1475 1955 64 24 after
1559 1954 85 31 nearly
1665 1954 78 30 thirty

1203 2001 78 28 years'
1306 1998 106 24 colonial
1436 1998 152 31 experience,
1610 1997 33 24 he
1666 1997 77 24 found

1203 2041 83 31 ample
1320 2041 77 31 proof,
1436 2040 64 29 that,
1531 2041 42 24 the
1597 2040 71 31 spirit
1718 2040 28 24 of

1205 2084 165 25 brotherhood
1409 2092 50 17 was
1485 2085 111 31 growing
1628 2084 28 24 m
1683 2084 60 24 New

1205 2129 116 25 Zealand.
1357 2129 48 25 His
1426 2128 132 32 Lordship,
1577 2128 120 32 referring
1718 2130 25 24 to

1205 2173 143 25 Seddonian
1369 2173 149 31 legislation,
1537 2173 128 24 remarked
1686 2173 56 24 that

1204 2217 97 31 though
1325 2224 74 24 many
1428 2216 82 32 might
1540 2216 111 32 disagree
1681 2216 62 25 with

1203 2267 65 16 some
1280 2260 26 23 of
1328 2260 41 23 the
1381 2259 139 30 legislation
1543 2261 27 22 of
1582 2265 80 18 recent
1673 2266 70 23 years

1202 2302 27 24 m
1242 2303 50 23 this
1312 2303 96 31 colony,
1428 2302 31 24 he
1471 2302 110 31 thought
1602 2302 20 24 it
1635 2305 67 21 must
1714 2302 29 24 be

1204 2346 120 24 admitted
1337 2346 55 24 that
1417 2347 20 23 it
1448 2354 50 17 was
1511 2346 178 24 characterised
1713 2347 30 30 by

1205 2398 14 16 a
1242 2391 87 31 regard
1351 2391 38 23 for
1402 2390 69 25 those
1489 2392 45 23 not
1546 2399 26 15 so
1594 2390 51 24 well
1657 2390 34 24 off
1715 2397 28 16 as

1203 2441 75 23 many
1292 2434 26 24 of
1330 2433 64 25 their
1405 2433 102 25 fellows.
1538 2433 67 24 That
1618 2433 49 24 had
1679 2433 62 23 deen

1205 2477 41 25 the
1269 2477 183 25 characteristic
1473 2478 24 25 of
1511 2477 65 26 their
1593 2477 149 32 legislation.

1205 2521 120 24 Mistakes
1345 2522 83 31 might
1439 2523 62 23 have
1525 2522 61 25 been
1598 2523 81 28 made,
1699 2521 44 24 but

1205 2564 42 25 the
1259 2564 70 32 spirit
1353 2564 26 25 of
1392 2565 125 33 brotherly
1530 2567 55 23 love
1609 2574 50 16 was
1671 2566 71 24 char-

1205 2611 122 23 acteristic
1338 2610 25 24 of
1375 2611 41 23 the
1423 2610 141 31 legislation
1574 2610 25 24 of
1610 2611 47 24 this
1668 2618 75 18 coun-

1205 2655 47 29 try.

1271 2819 407 31 CORRESPONDENCE.

1210 2875 65 18 While
1285 2878 37 14 our
1332 2875 89 17 columns
1435 2878 36 14 are
1486 2878 51 20 open
1548 2876 19 17 to
1577 2875 38 22 all,
1630 2879 28 14 ice
1668 2875 26 18 do
1709 2876 32 17 not

1231 2911 91 26 identify
1341 2912 104 19 ourselves,
1459 2911 51 20 xoith
1527 2912 96 25 opinions
1638 2912 103 26 expressed

1231 2949 87 20 therein.

1240 2987 34 23 To
1287 2987 37 23 the
1343 2988 88 23 Editor
1453 2988 32 28 of
1502 2988 36 23 the
1563 2988 145 23 'Observer.'

1287 3054 202 21 OPPOSITION
1513 3054 146 21 TACTICS.

1205 3118 110 29 Madam,

1238 3156 32 24 In
1294 3165 14 16 a
1327 3157 90 31 speech
1439 3157 111 32 recently
1572 3158 122 25 delivered
1715 3158 29 31 by

1205 3197 107 30 Captain
1332 3198 101 24 Russell
1452 3198 115 31 (Leader,
1582 3199 27 23 of
1630 3199 43 24 the
1696 3199 48 31 Op-

1200 3235 123 32 .position)
1337 3235 32 25 he
1382 3236 53 24 said
1458 3236 57 24 that
1531 3238 36 23 the
1590 3237 155 25 Government

1205 3283 59 16 were
1288 3283 57 23 very
1368 3285 78 16 severe
1465 3285 29 15 on
1507 3278 47 23 the'
1564 3278 85 23 wealth
1670 3278 32 32 of
1708 3278 38 24 the

1205 3316 82 30 colony
1299 3316 38 31 (or
1349 3316 80 24 words
1450 3318 26 22 to
1487 3316 57 25 that
1557 3316 93 33 effect.)
1686 3317 60 25 Was

1201 3353 25 24 it
1237 3354 43 23 the
1293 3353 144 24 Graduated
1449 3354 102 25 Income
1564 3354 53 25 Tax
1628 3356 56 24 that
1697 3356 49 24 had

1207 3392 99 25 clashed
1318 3392 62 25 with
1391 3393 44 25 the
1447 3395 84 23 wealth
1547 3396 30 30 of
1584 3395 37 24 the
1635 3396 90 31 Colony
1736 3398 9 22 1

1207 3436 35 24 Or
1259 3443 51 17 was
1322 3436 20 24 it
1355 3436 55 25 that
1423 3437 177 26 Landlordism
1612 3439 51 25 and
1675 3439 72 25 Mon-

1207 3474 71 32 opoly
1292 3474 44 25 felt
1351 3474 40 25 the
1403 3474 84 25 effects
1497 3475 27 24 of
1534 3476 42 24 the
1589 3476 73 26 Land
1673 3478 53 24 Tax
1735 3478 11 24 ?

1207 3514 51 25 Did
1276 3514 33 25 he
1331 3522 75 17 mean
1430 3514 56 26 that
1510 3516 43 24 the
1577 3516 171 25 Government

1207 3561 63 16 were
1282 3552 99 33 against
1397 3553 135 31 capitalists
1550 3561 27 17 or
1588 3553 137 26 land-lords
1736 3556 11 23 ?

1208 3591 115 24 Another
1341 3592 26 23 of
1387 3591 42 24 the
1452 3593 144 29 arguments
1623 3593 125 23 advanced

1202 3631 76 31 .(such
1291 3638 27 17 as
1330 3631 61 31 they
1406 3631 50 30 are]
1478 3631 32 31 by
1522 3631 42 24 the
1580 3631 131 31 upholders
1724 3631 26 24 of

1208 3670 173 25 Landlordism
1406 3670 21 24 is
1449 3670 56 25 tltat
1533 3670 43 25 the
1597 3670 112 25 Premier
1728 3671 20 24 is

1209 3710 42 23 not
1271 3716 32 17 an
1316 3707 122 25 educated
1459 3715 68 23 man,
1548 3716 35 17 we
1604 3708 64 25 need
1691 3709 57 31 only

1207 3747 71 31 point
1290 3747 70 25 them
1381 3749 26 21 to
1419 3754 69 17 some
1501 3747 26 24 of
1549 3747 44 25 the
1604 3747 144 25 Presidents

1208 3786 27 25 of
1245 3786 123 29 America,
1381 3786 38 24 for
1428 3786 122 31 example,
1565 3794 41 17 are
1619 3786 130 26 self-made

1208 3834 66 16 men.
1285 3842 3 5 .
1310 3826 53 24 The
1372 3827 99 30 present
1493 3826 171 25 Government
1684 3826 65 25 have

1208 3866 26 22 at
1246 3864 62 25 least
1329 3864 120 31 governed
1473 3864 43 24 the
1529 3866 104 29 country
1645 3873 28 16 as
1694 3866 55 23 well

1208 3911 27 17 as
1264 3904 44 24 the
1343 3904 182 24 conservatives
1539 3913 6 20 ;
1583 3904 166 25 Conservative

1208 3949 94 21 means,
1333 3941 131 30 according
1488 3946 26 19 to
1543 3942 41 23 the.
1601 3941 145 31 dictionary,

1271 3986 119 17 conserve
1411 3978 43 25 the
1471 3978 81 32 rights
1570 3979 27 24 of
1612 3979 136 31 everybody

1207 4016 47 24 but

1441 4075 72 27 I;»m
1532 4076 49 28 &c,

1555 4142 123 26 VOTER.

1239 4271 25 24 It
1276 4271 69 25 takes
1364 4280 16 17 a
1396 4280 86 24 young
1499 4281 56 17 man
1574 4281 57 17 man
1632 4281 15 25 y
1670 4281 69 25 years

1210 4312 25 24 to
1244 4311 151 32 distinguish
1405 4313 105 24 himself
1521 4313 64 24 from
1594 4321 15 17 a
1616 4315 95 29 genius.

1204 4376 61 25 •The
1278 4377 130 25 workman
1419 4377 80 26 works
1512 4378 60 25 with
1583 4378 40 25 Ins
1635 4387 61 23 arm,

1243 4414 54 27 The
1310 4414 133 35 Capitalist
1454 4417 80 26 works
1546 4417 60 26 with
1615 4417 39 26 his
1661 4417 70 26 brain
1739 4426 7 22 ;

1206 4453 142 26 Landlords
1360 4454 32 26 do
1401 4457 47 23 not
1459 4454 69 26 w6rk
1535 4458 29 23 at
1574 4456 41 29 all,

1232 4493 54 26 Bat
1298 4494 60 32 they
1369 4495 42 32 get
1423 4494 67 26 there
1499 4494 56 33 just
1566 4495 43 27 the
1629 4504 76 18 same.

1823 184 50 27 Sad
1888 186 21 25 it
1920 187 21 25 is
1953 189 26 23 to
1991 186 72 26 think
2075 187 26 25 of
2113 188 65 24 what
2191 188 51 25 this
2253 190 71 30 great

1787 237 60 16 man
1861 228 93 33 (Roger
1968 229 95 32 Bacon)
2081 230 83 31 might
2178 230 62 28 haye
2252 231 72 31 given

1788 274 25 23 to
1825 271 41 26 the
1877 273 76 24 world
1962 273 49 24 had
2020 273 43 24 the
2082 273 76 25 world
2169 275 45 24 not
2226 273 98 26 refused

1786 316 38 25 his
1836 315 55 32 gift.
1929 317 40 24 He
1981 317 59 24 held
2052 316 43 25 ihe
2107 316 46 32 key
2165 317 28 24 of
2202 320 122 23 treasures

1787 356 79 24 which
1878 357 81 24 would
1971 357 63 24 have
2045 357 68 24 freed
2124 358 122 23 mankind
2261 358 61 24 from

1786 407 58 24 ages
1861 399 27 25 of
1906 407 65 17 error
1990 400 49 24 and
2056 400 100 31 misery.
2192 400 69 25 With
2282 400 40 26 his

1785 442 146 25 discoveries
1944 451 25 16 as
1983 451 14 16 a
2009 443 73 28 basis,
2095 443 62 25 with
2169 444 38 24 his
2219 444 103 24 method

1785 493 27 17 as
1824 493 16 16 a
1851 486 80 31 guide,
1950 485 68 25 what
2040 485 82 32 might
2134 487 44 23 not
2188 485 45 25 the
2245 487 77 23 world

1784 531 45 23 not
1840 529 63 25 have
1914 529 98 32 gained.
2115 537 48 17 was
2175 529 51 24 this
2239 538 84 24 wrong

1784 572 65 25 done
1860 574 26 23 to
1898 573 50 24 this
1960 579 44 24 age
2014 572 73 25 alone
2096 575 5 22 f
2119 572 21 25 it
2152 580 49 17 was
2220 572 64 25 done
2296 574 26 24 to

1784 615 51 25 this
1847 623 45 23 age
1905 616 60 24 also.
2002 616 53 24 The
2067 616 140 24 nineteenth
2219 618 102 30 century

1784 666 50 17 was
1846 659 92 24 robbed
1950 662 26 21 at
1986 659 41 24 the
2038 667 70 17 same
2127 660 59 24 time
2204 659 62 26 with
2279 659 43 25 the

1784 701 145 26 thirteenth.
1964 702 52 24 But
2035 703 39 24 for
2086 703 50 24 this
2159 703 162 25 interference

1783 745 61 26 with
1857 746 107 30 Science,
1985 746 43 26 the
2056 746 137 26 thirteenth
2218 749 102 31 century

1783 790 88 29 would,
1902 790 104 25 without
2035 790 85 29 doubt,
2152 791 31 25 be
2203 791 118 32 enjoying

1782 832 145 25 discoveries
1948 833 56 24 that
2027 833 51 25 will
2103 836 45 22 not
2171 835 29 24 be
2211 835 107 24 reached

1782 875 78 24 before
1880 875 42 25 the
1935 876 129 25 twentieth
2087 879 111 31 century.
2233 878 85 25 Thou-

1781 919 73 24 sands
1866 919 27 24 of
1901 920 112 30 precions
2025 920 62 25 lives
2112 921 63 25 shall
2188 921 31 25 be
2230 921 50 25 lost
2291 922 33 24 in-

1781 962 49 24 this
1854 965 111 30 century,
1985 966 55 22 tens
2061 965 26 23 o!
2098 965 137 24 thousands
2254 966 65 24 shall

1779 1004 75 25 suffer
1866 1006 152 29 discomfort,
2038 1007 132 31 privation,
2196 1008 119 31 sickness,

1779 1049 108 31 poverty,
1905 1049 140 32 ignorance,
2064 1050 39 24 for
2115 1051 57 24 lack
2185 1051 26 24 of
2221 1051 94 26 discov-

1778 1093 62 25 eries
1849 1094 51 23 and
1911 1094 115 25 methods
2039 1094 91 29 which,
2149 1095 44 25 but
2214 1094 38 25 for
2263 1095 52 25 this

1778 1134 122 27 mistaken
1913 1138 119 31 religious
2043 1138 65 31 fight
2117 1139 99 30 against
2228 1139 86 25 Bacon

1777 1180 49 23 and
1853 1179 41 25 his
1922 1188 136 24 compeers,
2092 1181 82 24 would
2202 1190 56 16 now
2284 1181 30 26 be

1778 1223 107 32 blessing
1918 1232 33 16 on
1986 1225 80 24 earth.
2069 1239 32 3 —
2101 1226 104 24 Andrew
2233 1227 81 24 Dixon

1779 1268 85 23 White.

1962 1419 162 21 MUSINGS.

1917 1492 36 26 By
1974 1492 87 26 Joseph
2079 1492 85 26 Symes.

1807 1553 26 24 If
1844 1554 43 24 the
1906 1555 99 31 planets
2017 1564 40 17 are
2076 1557 131 24 inhibited
2220 1558 93 32 )which

1774 1591 14 23 1
1808 1592 73 24 think
1892 1593 162 34 improbable)
2077 1595 50 24 and
2148 1595 42 25 the
2209 1596 61 25 lives
2288 1597 25 24 of

1774 1629 63 25 their
1847 1629 156 27 inhabitants
2013 1641 42 16 are
2067 1634 136 24 controlled
2224 1634 31 31 by
2268 1635 44 25 the

1773 1667 139 27 conditions
1931 1670 71 25 there
2025 1672 49 24 and
2089 1674 184 29 proportionate
2286 1676 26 22 to

1774 1706 64 24 their
1848 1708 97 30 periods
1957 1708 28 25 of
1994 1710 146 30 revolution,
2160 1712 43 24 the
2221 1712 90 25 results

1774 1748 67 23 must
1851 1747 27 25 b
1878 1747 27 25 3
1891 1748 107 25 curious.
2035 1749 51 25 The
2095 1758 58 23 year
2161 1751 27 25 of
2198 1751 112 33 Mercury

1773 1787 21 24 is
1805 1787 48 24 less
1866 1788 62 25 than
1941 1790 32 24 90
1984 1789 27 24 of
2020 1799 44 16 our
2181 1792 129 26 Measured

1773 1826 31 31 by
1816 1828 135 31 Mercury'?
1963 1837 66 23 year,
2049 1839 32 15 an
2102 1831 42 24 old
2155 1839 60 17 man
2234 1832 27 24 of
2279 1835 33 23 70

1786 1875 56 26 thai;
1854 1876 102 31 planata.
1965 1880 8 28 |
1986 1879 87 29 would,
2110 1880 27 24 of
2153 1888 94 22 course,
2282 1882 29 25 be

1772 1916 33 24 70
1818 1925 5 20 ;
1861 1915 40 25 buf
1911 1916 39 26 his
1971 1917 40 25 life
2022 1918 81 25 would
2113 1921 45 22 not
2171 1919 29 26 be
2210 1929 15 16 a
2237 1928 72 23 quar-

1772 1955 39 21 ter
1822 1959 28 18 so
1863 1953 61 30 long
1936 1962 25 16 as
1983 1954 54 24 that
2049 1955 25 24 of
2089 1963 45 16 our
2153 1956 42 24 old
2208 1964 57 16 man
2284 1959 27 23 at

1774 1990 38 24 70.
1849 1990 40 25 He
1901 1991 81 24 would
2005 1991 47 25 live
2065 1993 59 31 only
2148 2001 14 16 a
2174 1994 66 24 little
2252 2002 58 17 over

1774 2032 30 22 17
1816 2038 72 23 years
1900 2031 27 24 of
1932 2039 44 16 our
1988 2032 66 24 time.

1809 2068 54 25 The
1878 2077 57 23 year
1954 2069 26 25 of
1994 2070 84 25 Vnnus
2091 2070 22 25 is
2131 2072 73 25 about
2219 2073 54 25 .225
2286 2073 26 25 of

1772 2116 46 17 our
1837 2108 61 32 days
1920 2109 60 33 (and
1998 2109 27 25 of
2049 2110 126 33 Venus's),
2216 2119 31 17 an
2269 2112 42 25 old

1772 2157 59 16 man
1850 2149 25 24 of
1893 2152 31 22 70
1943 2150 68 24 there
2029 2151 81 24 would
2132 2151 28 25 be
2182 2152 75 24 about
2277 2154 33 23 43

1772 2189 26 24 of
1807 2197 46 16 our
1864 2197 77 23 years.

1806 2228 39 23 On
1858 2229 97 29 Jupiter
1967 2236 32 17 an
2012 2229 42 24 old
2076 2238 60 17 man
2149 2232 27 24 of
2186 2234 32 24 70
2231 2233 81 23 would

1772 2265 30 23 be
1825 2265 75 23 about
1924 2267 50 22 830
1994 2266 27 24 of
2041 2275 46 16 our
2104 2276 79 22 years.
2220 2269 57 25 Was
2290 2272 20 23 it

1771 2312 31 16 on
1816 2304 95 31 Jupiter
1924 2306 40 24 the
1985 2305 71 26 Bible
2068 2307 137 32 patriarchs
2223 2309 64 25 lived
2298 2312 11 23 ?

1805 2344 37 24 On
1856 2345 97 30 Jupiter
1965 2353 32 17 an
2010 2347 42 24 oil
2072 2355 56 16 man
2141 2349 25 24 of
2179 2350 31 23 70
2228 2350 80 24 would

1772 2383 29 25 be
1814 2384 90 25 almost
1917 2386 31 23 12
1960 2386 74 25 times
2051 2396 27 15 as
2091 2388 41 24 old
2145 2397 26 16 as
2184 2397 46 17 one
2243 2399 66 23 upon

1772 2423 103 23 earth—
1877 2422 33 24 he
1932 2424 82 24 would
2027 2424 29 25 be
2068 2426 75 24 about
2167 2429 49 22 830
2229 2428 27 24 of
2265 2437 45 16 our

1771 2469 70 24 years
1887 2462 58 25 Was
1957 2462 19 25 it
1999 2470 34 18 on
2053 2463 97 32 Jupiter
2174 2465 42 25 the
2240 2463 70 29 Bible

1771 2502 137 29 patriarchs
1926 2502 83 24 lived?

1807 2540 115 24 Saturn's
1935 2548 58 23 year
2004 2542 22 24 is
2038 2542 75 25 about
2131 2544 50 24 29£
2193 2544 71 25 times
2282 2553 27 17 as

1771 2579 60 33 long
1842 2587 28 18 as
1894 2589 66 17 ours.
1997 2581 134 27 Therefore
2143 2592 31 17 an
2197 2585 41 25 old
2251 2594 40 17 ma
2291 2594 4 3 >
2293 2596 17 15 viu
2315 2614 6 8 i

1772 2621 27 23 of
1811 2622 32 23 70
1856 2621 69 25 there
1935 2622 81 24 would
2030 2622 29 26 be
2072 2625 169 32 considerably
2252 2634 58 16 over

1772 2661 67 23 2000
1851 2661 26 23 of
1887 2669 46 15 our
1944 2670 81 22 years.

1805 2698 54 24 The
1882 2706 59 23 year
1964 2698 27 25 of
2013 2700 102 24 Uranus
2138 2701 21 24 is
2180 2702 75 24 about
2279 2704 31 22 84

1773 2736 73 25 times
1866 2736 42 25 the
1920 2737 85 31 length
2027 2738 27 25 of
2072 2747 56 16 ours
2142 2747 5 21 ;
2167 2740 51 24 and
2240 2740 70 25 there

1772 2785 13 14 a
1815 2778 206 31 septuagenarian
2051 2779 81 25 would
2160 2780 49 25 live
2235 2781 75 25 about

1774 2818 73 27 5,880
1860 2817 27 24 of
1896 2825 45 16 our
1951 2825 79 24 years.

1806 2857 95 31 Lastly.
1953 2857 138 33 Neptune's
2114 2868 58 23 year
2195 2860 21 25 is
2234 2860 76 26 about

1774 2897 47 24 164
1834 2895 27 25 of
1870 2904 55 17 ours
1936 2904 5 22 ;
1960 2897 50 24 and
2030 2897 69 26 there
2112 2907 29 16 an
2162 2899 41 25 old
2216 2907 58 17 man
2286 2899 27 25 of

1773 2938 32 23 70
1816 2937 80 24 would
1909 2937 63 24 have
1986 2945 64 23 upon
2062 2939 39 24 his
2122 2938 129 27 shoulders
2268 2940 42 25 the

1774 2977 52 31 tidy
1846 2977 93 31 weight
1950 2977 28 24 of
1988 2978 92 29 11,480
2092 2978 26 25 of
2129 2987 44 16 our
2185 2988 79 23 years.

1809 3017 136 24 Whatever
1956 3017 44 25 the
2021 3018 63 25 facts
2095 3027 58 23 may
2164 3019 38 29 be,
2221 3020 21 25 it
2253 3028 58 17 can-

1773 3056 45 23 not
1830 3055 28 23 be
1870 3055 108 25 doubted
1991 3057 55 24 that
2056 3065 45 16 our
2113 3057 49 28 life,
2176 3059 134 28 somehow,

1773 3095 21 24 is
1806 3095 102 24 affected
1920 3095 32 33 by
1964 3104 45 16 our
2024 3104 101 18 seasons
2137 3098 50 25 and
2200 3099 111 24 seasonal

1774 3135 117 31 changes.
1936 3136 59 24 And
2015 3137 20 24 if
2057 3137 55 25 that
2135 3138 30 25 be
2189 3140 63 26 true,
2277 3147 36 18 we

1774 3173 89 25 should
1873 3176 85 29 expect
1967 3174 26 25 m
2006 3175 61 25 eich
2074 3175 86 32 planet
2170 3177 42 26 the
2225 3177 87 33 length

1774 3212 73 24 oflife
1861 3213 24 23 to
1899 3213 28 23 he
1939 3212 100 25 decided
2052 3213 31 32 by
2103 3214 43 24 the
2159 3215 107 32 rapidity
2287 3224 27 17 or

1774 3250 44 24 the
1838 3249 120 25 slowness
1967 3250 28 24 of
2004 3251 44 25 the
2061 3253 113 24 seasonal
2195 3253 118 33 changes.

1775 3288 34 24 Of
1819 3296 93 20 course,
1931 3289 20 24 it
1969 3289 22 24 is
2004 3290 34 23 all
2060 3299 69 16 mere
2152 3292 162 31 speculation,

1774 3326 50 25 and
1844 3328 70 23 must
1924 3329 42 23 not
1987 3328 28 24 be
2027 3329 76 24 taken
2124 3332 38 22 for
2173 3338 67 16 more
2252 3331 63 24 than

1775 3365 33 24 its
1821 3365 81 24 value.

1811 3549 25 24 It
1849 3557 49 17 was
1910 3558 14 16 a
1947 3551 106 25 familiar
2064 3552 149 33 philosophy
2226 3553 27 26 of
2275 3557 44 22 the

1776 3591 95 24 church
1883 3593 55 24 that
1950 3594 133 25 afflictions
2105 3604 59 16 were
2174 3597 141 31 previously

1776 3636 55 22 sent
1843 3642 34 17 on
1900 3637 107 23 account
2019 3636 26 24 of
2067 3640 80 22 man's
2171 3640 54 24 sins
2245 3648 28 16 or
2293 3642 25 22 to

1776 3676 93 24 incline
1892 3678 65 24 their
1980 3679 85 25 hearts
2078 3685 23 19 to
2120 3681 54 25 love
2194 3682 50 24 and
2266 3683 53 24 fear

1778 3719 64 26 God.
1877 3720 70 25 Thus
1966 3721 20 25 it
1999 3730 50 17 was
2061 3723 56 25 held
2132 3726 25 23 to
2168 3725 31 25 he
2212 3725 107 31 impious

1777 3763 25 24 to
1816 3763 107 30 attempt
1946 3765 26 23 to
1993 3768 103 26 prevent
2120 3766 96 25 disease
2240 3775 27 17 or
2292 3770 27 23 to

1778 3805 76 31 allay
1876 3805 119 33 suffering
2014 3807 33 32 by
2069 3808 44 25 the
2132 3817 42 16 use
2197 3810 27 25 of
2233 3810 84 33 drug?,

1778 3848 103 25 because
1902 3850 58 30 pain
1984 3850 49 24 and
2045 3851 76 25 death
2143 3860 63 18 were
2226 3854 91 24 instru-

1779 3894 82 22 ments
1873 3892 28 24 of
1911 3892 65 24 God.
2012 3894 62 25 This
2098 3895 146 32 philosophy
2267 3899 51 23 met

1778 3935 60 23 with
1851 3942 15 16 a
1878 3935 143 32 staggering
2033 3937 70 24 blow.
2138 3938 142 25 November
2292 3941 25 22 1.

1779 3978 73 28 1755,
1871 3978 119 25 occurred
2009 3979 44 24 the
2076 3981 150 31 earthquake
2238 3982 81 24 which

1777 4020 129 31 destroyed
1927 4021 103 24 Lisbon.
2066 4023 26 24 It
2105 4031 48 16 was
2166 4024 43 24 the
2232 4024 48 31 day
2292 4024 28 24 of

1777 4070 15 17 a
1802 4062 119 32 religious
1932 4063 106 26 festival.
2074 4065 111 32 Perhaps
2204 4074 55 17 one-
2263 4066 56 25 half

1777 4106 27 23 of
1813 4106 42 24 the
1877 4106 146 31 population
2035 4115 60 17 were
2108 4109 26 24 at
2154 4109 93 25 church
2266 4109 51 25 and

1776 4156 68 24 upon
1854 4149 66 24 their
1931 4149 84 25 knees.
2050 4151 26 24 It
2084 4159 52 18 was
2147 4153 93 29 twenty
2252 4153 63 24 min-

1777 4192 54 23 utes
1843 4191 27 24 of
1879 4192 42 23 ten
1930 4191 103 26 o'clock.
2070 4193 45 25 Six
2127 4194 111 25 minutes
2254 4194 63 25 later

1776 4233 80 31 thirty
1884 4233 120 26 churches
2027 4235 52 26 had
2115 4236 84 30 fellen,
2226 4240 9 21 ]
2242 4238 75 28 s^ooo
2331 4247 4 9 «

1776 4275 87 33 people
1875 4284 63 18 wore
1960 4276 72 33 dead,
2052 4280 92 30 15,000
2161 4287 69 18 more
2252 4288 67 19 were
2334 4291 2 6 ■

1778 4317 77 35 dying
1866 4320 26 24 m
1905 4321 118 32 anguish,
2042 4322 72 26 while
2127 4323 43 25 the
2186 4323 133 26 miserable

1779 4363 124 25 survivors
1915 4370 64 18 were
2002 4364 52 25 face
2076 4367 27 23 to
2119 4365 55 25 face
2196 4365 62 26 with
2277 4366 41 26 be-

1777 4409 148 27 reavement,
1944 4407 63 32 ruin,
2021 4408 164 34 devastation,
2198 4410 119 37 anarchy,

1780 4450 54 30 fire,
1852 4451 50 24 and
1923 4452 96 31 rapine.
2133 4467 4 4 ■
2249 4450 5 7 T
2258 4460 12 9 *
2283 4447 47 24 '.'"*l

2076 4495 25 27 J.
2119 4496 33 26 E.
2171 4497 116 27 Roberts.

2429 200 236 28 TEMPERANCE
2678 204 150 27 REFORM.

2394 273 45 27 We
2450 283 43 19 are
2515 277 58 33 glad
2585 280 26 25 to
2622 281 59 25 note
2702 280 55 27 that
2769 282 43 26 the
2834 285 60 24 Pro-

2358 318 132 27 hibitionist
2509 329 74 24 urges
2594 324 33 24 its
2650 325 100 27 readers
2766 329 31 22 -to
2821 327 73 33 study

2358 360 43 25 the
2413 363 112 30 question
2537 365 28 24 of
2573 367 73 31 party
2663 371 174 28 government.
2872 371 21 23 A

2359 404 75 25 series
2459 406 27 24 of
2507 407 98 26 articles
2628 418 34 16 on
2687 412 47 24 this
2759 413 135 31 important

2356 449 114 28 question
2502 449 22 25 is
2535 450 73 32 being
2639 453 132 31 published
2794 455 27 25 m
2849 456 44 24 the

2355 491 113 26 columns
2480 492 27 25 of
2583 503 82 24 paper.

2390 576 87 33 Surely
2497 578 118 33 thinking
2637 588 60 17 men
2721 582 50 24 and
2793 590 96 17 women

2354 618 52 26 will
2417 627 41 17 see
2478 621 42 24 the
2531 621 61 33 folly
2604 622 27 25 of
2646 623 122 33 licensing
2785 632 14 17 a
2811 626 78 25 traffic

2355 662 56 24 that
2433 664 120 30 produces
2576 667 48 24 law
2649 666 110 25 breakers
2785 669 50 23 and
2847 669 41 25 de-

2354 706 129 26 moralises
2495 707 92 33 society
2598 710 132 30 generally.

2565 763 14 4 *r
2615 763 14 4 -3f
2664 763 15 5 jf-

2387 782 54 26 The
2462 784 80 25 drink-
2546 785 62 33 shop
2630 786 21 25 is
2675 786 43 26 the
2737 795 104 26 nursery
2864 789 28 26 of

2353 826 85 25 crime.
2474 828 122 31 Suppress
2608 830 28 24 it.

2402 971 81 26 WHO
2497 972 138 26 SHOULD
2659 976 90 24 VOTE
2770 978 67 24 FOE

2493 1016 247 28 PROHIBITION!

2384 1080 52 25 The
2447 1082 93 25 farmer
2557 1084 88 24 should
2667 1091 57 20 vote
2744 1085 38 26 for
2800 1087 84 26 Prohi-

2348 1122 87 31 bition,
2471 1127 26 23 to
2520 1127 113 25 increase
2655 1129 44 24 the
2718 1131 108 24 demand
2847 1132 38 25 for

2347 1167 70 30 grain
2436 1168 57 25 that
2503 1171 81 23 would
2595 1171 85 25 follow
2696 1173 41 24 the
2756 1174 129 25 increased

2347 1212 176 31 consumption
2543 1214 27 24 of
2580 1215 73 24 bread
2674 1217 78 25 under
2770 1218 112 31 prohibi-

2347 1254 62 25 tion.

2381 1298 53 25 The
2462 1300 158 32 woolgrower
2648 1302 91 25 should
2761 1305 57 24 vote
2845 1305 40 25 for

2349 1342 158 32 prohibition,
2536 1345 26 24 to
2582 1346 111 25 increase
2713 1347 43 24 the
2779 1348 105 26 demand

2347 1385 38 24 for
2394 1386 61 24 wool
2467 1386 54 25 that
2533 1388 82 24 would
2626 1389 83 25 follow
2721 1390 42 24 the
2777 1391 105 26 increas-

2348 1428 31 25 ed
2401 1429 49 25 call
2473 1429 40 25 for
2537 1431 111 32 clothing
2674 1433 77 25 under
2775 1435 108 30 prohibi-

2347 1472 61 24 tion.

2380 1515 54 26 The
2455 1517 101 25 butcher
2573 1519 49 24 and
2646 1520 44 25 the
2707 1520 75 26 baker
2794 1522 89 25 should

2346 1561 56 24 vote
2414 1560 39 25 for
2464 1562 160 30 prohibition,
2643 1565 26 23 to
2681 1565 88 25 hasten
2782 1566 42 24 the
2836 1566 47 33 day

2346 1603 71 25 when
2441 1613 97 23 mono}',
2558 1607 78 25 which
2655 1607 23 25 is
2700 1617 57 16 now
2775 1611 71 29 spent
2857 1611 24 23 m

2346 1647 91 25 whisky
2459 1649 48 24 and
2527 1649 64 30 beer,
2622 1651 65 26 shall
2708 1652 31 25 be
2757 1654 72 30 spent
2846 1653 37 26 for

2346 1690 149 30 beefsteaks,
2516 1694 96 24 mutton
2626 1694 81 32 chops,
2721 1695 50 24 and
2782 1696 83 24 bread.

2379 1734 53 25 The
2462 1735 145 26 bootmaker
2629 1738 50 24 and
2704 1739 73 24 tailor
2796 1740 84 24 should

2344 1780 57 23 vote
2413 1778 38 26 for
2462 1779 160 32 prohibition,
2635 1782 27 24 to
2674 1783 55 30 stop
2737 1782 42 25 the
2789 1783 92 24 drunk-

2344 1821 43 24 ard
2399 1821 64 25 from
2476 1823 115 31 covering
2603 1823 42 24 the
2664 1824 66 25 faces
2742 1825 25 24 of
2777 1826 39 23 his
2827 1826 56 24 wife

2344 1864 50 24 and
2406 1865 114 24 children
2540 1866 61 24 with
2614 1866 93 30 shame,
2727 1868 48 25 and
2787 1870 26 23 to
2823 1868 59 33 help

2344 1907 53 26 him
2410 1909 26 24 to
2448 1916 72 18 cover
2532 1909 66 25 their
2606 1909 49 26 feet
2670 1911 60 25 with
2741 1912 81 29 shoes?,
2833 1912 48 25 and

2343 1950 65 26 their
2420 1952 75 24 backs
2506 1952 136 31 withgood
2654 1953 121 31 clothing.
2873 1973 7 8 ,

2377 1988 53 25 The
2442 1994 129 26 carpenter
2582 1990 50 24 and
2642 1991 43 24 the
2694 1999 88 17 mason
2792 1992 90 24 should

2343 2032 55 23 vote
2410 2032 38 23 for
2466 2032 158 31 prohibition,
2643 2042 28 16 so
2683 2034 54 24 that
2756 2035 57 32 they
2824 2044 57 23 may

2343 2074 63 25 have
2419 2075 26 25 to
2457 2075 69 25 build
2539 2084 68 17 more
2627 2077 51 24 and
2690 2078 80 25 better
2781 2079 99 30 houses,

2344 2118 50 25 and
2405 2119 75 24 fewer
2492 2119 69 32 gaols
2575 2120 49 25 and
2636 2122 169 30 poor-houses.

2377 2162 54 25 The
2459 2171 166 23 wage-earner
2648 2165 91 25 .should
2763 2168 56 23 vote
2845 2168 37 24 for

2343 2206 163 31 prohibition,
2524 2208 27 24 to
2568 2207 110 25 increase
2698 2209 44 25 the
2763 2209 118 26 demands

2343 2248 38 24 for
2393 2249 43 23 the
2459 2249 118 31 products
2589 2251 26 23 of
2636 2251 34 23 all
2683 2252 79 23 useful
2785 2252 95 29 labour,

2343 2291 58 23 with
2414 2291 32 24 ifca
2459 2292 101 23 natural
2572 2300 167 24 consequence
2742 2308 26 4 —
2768 2294 112 26 increas-

2343 2335 30 24 ed
2385 2343 89 23 wages.

2375 2378 149 33 Everybody
2547 2380 91 24 should
2660 2382 57 23 vote
2739 2380 38 25 for
2797 2382 83 31 prohi-

2344 2422 75 24 bition
2434 2423 51 23 who
2507 2425 77 23 wants
2607 2425 26 23 to
2645 2432 41 16 see
2709 2425 78 24 better
2799 2425 80 31 times,

2344 2467 75 23 better
2440 2474 90 24 wages,
2549 2467 91 25 clearer
2662 2467 104 32 politics,
2785 2470 96 30 greater

2343 2510 179 30 opportunities
2551 2510 38 24 for
2616 2510 97 29 labour,
2745 2519 67 17 more
2832 2512 49 24 and

2343 2552 78 24 better
2433 2552 104 30 schools,
2557 2561 15 15 a
2583 2552 91 32 higher
2696 2554 84 31 public
2791 2555 89 24 moral-

2342 2597 45 30 ity,
2405 2597 51 23 and
2467 2605 16 16 a
2494 2597 155 32 community
2673 2599 109 30 growing
2804 2599 26 23 m
2848 2599 32 24 all

2344 2640 39 23 the
2396 2641 119 22 elements
2528 2640 80 24 which
2621 2649 32 22 go
2666 2644 25 21 to
2704 2641 72 24 make
2786 2649 15 16 a
2812 2643 69 29 great

2342 2682 49 24 anil
2403 2681 51 24 free
2470 2682 94 31 people.

2343 2848 109 26 STATE
2465 2848 115 25 BANK-
2583 2848 176 25 ANOTEHR
2764 2849 45 24 SMAS
2813 2848 67 26 H

2475 2891 94 23 Bevieio
2588 2890 32 32 of
2631 2890 115 24 Reviews.

2344 2938 112 26 Victoria
2469 2947 8 14 :

2422 2977 69 25 don't
2503 2976 49 25 like
2565 2976 112 31 shutting
2689 2984 41 23 up.
2776 2976 14 24 I
2807 2976 71 25 reck-

2343 3018 65 25 oned
2420 3018 14 24 I
2456 3025 49 17 was
2522 3017 39 25 for
2580 3025 15 16 a
2614 3016 60 32 long
2698 3016 69 25 billet
2787 3017 26 24 m
2833 3017 51 25 this

2345 3058 62 31 shop

2378 3096 111 25 Turner:
2639 3103 62 23 your
2728 3096 83 31 spirits
2840 3102 42 25 up.

2345 3136 73 25 We'll
2430 3136 64 25 Lave
2510 3136 43 25 the
2562 3136 112 25 shutters
2686 3136 71 25 down
2779 3136 73 32 again
2865 3135 21 25 if

2345 3175 43 26 the
2400 3176 85 31 people
2496 3175 127 31 patronise
2635 3184 26 16 us
2679 3177 61 23 next

2376 3313 71 24 THE
2467 3312 107 26 CROPS
2592 3312 71 24 AND
2681 3312 71 24 THE
2768 3312 89 24 WEA-

2566 3353 103 24 THER.

2383 3418 22 25 A
2414 3427 58 24 very
2480 3418 145 32 refreshing,
2644 3418 85 33 steady
2741 3418 61 30 rain,
2821 3426 66 17 com-

2350 3464 103 24 meTQce.il
2466 3465 25 23 to
2503 3463 42 25 fall
2554 3471 33 17 on
2601 3463 92 31 Friday
2707 3463 41 25 the
2761 3462 33 24 22
2809 3463 59 24 inst.
2881 3480 5 10 ,

2351 3508 50 25 and
2413 3507 132 26 continued
2554 3509 26 24 to
2591 3507 45 25 fall
2648 3507 91 31 during
2751 3506 43 25 the
2808 3506 80 25 whole

2351 3552 26 24 of
2385 3552 43 25 the
2436 3551 128 31 following
2585 3550 115 33 (Friday)
2723 3550 78 32 night.
2837 3549 51 25 The

2350 3597 99 29 pasture
2461 3603 51 17 was
2524 3594 96 32 greatly
2637 3594 131 24 freshened
2780 3594 108 31 thereby,

2350 3639 51 23 and
2410 3639 41 23 the
2470 3639 51 23 late
2540 3646 71 23 crops
2623 3637 49 25 will
2684 3637 52 24 also
2747 3636 31 24 be
2789 3636 99 31 slightly

2352 3681 132 24 benefited.
2504 3681 116 30 Turnips,
2634 3688 27 16 as
2668 3680 53 24 will
2729 3679 28 25 be
2767 3680 122 30 expected,

2352 3732 64 16 were
2425 3724 52 24 also
2489 3723 145 28 benefitted,
2654 3724 40 24 the
2715 3723 108 26 weather
2834 3731 55 16 con-

2352 3767 88 24 tinued
2451 3767 96 30 cloudy,
2564 3774 71 17 more
2646 3775 27 15 or
2684 3766 57 30 less,
2759 3766 66 24 until
2842 3766 49 24 last

2352 3810 112 31 Tuesday
2474 3810 123 31 morning,
2617 3817 27 17 so
2656 3810 41 24 the
2708 3810 101 31 turnips
2828 3810 64 24 have

2352 3854 60 24 been
2424 3853 56 25 able
2493 3855 25 22 to
2527 3853 86 25 utilise
2625 3853 43 25 the
2680 3854 120 24 moisture
2809 3853 83 24 which

2353 3897 47 24 has
2412 3897 77 24 fallen
2505 3898 26 22 to
2706 3898 94 23 extent.
2834 3897 60 24 Part

2354 3939 26 23 of
2390 3937 45 26 the
2458 3939 66 31 Eyre
2541 3942 157 21 water-race
2705 3942 8 21 3
2722 3939 51 24 had
2790 3939 101 31 stopped

2353 3981 112 32 running
2476 3980 80 25 before
2567 3982 42 24 the
2618 3982 64 29 rain,
2702 3982 50 24 and
2764 3982 45 24 the
2820 3982 76 31 sheep

2354 4031 61 17 were
2442 4024 119 30 suffering
2587 4024 105 31 greatly,
2710 4025 133 31 especially
2864 4034 32 16 on

2356 4067 44 24 the
2411 4066 83 24 Burnt
2506 4065 56 25 Hill
2573 4066 51 24 and
2636 4066 104 25 Warren
2751 4075 72 17 runs.
2845 4068 53 25 The

2357 4117 69 17 races
2449 4117 42 16 are
2514 4116 57 17 now
2590 4109 111 32 running
2723 4111 112 31 merrily,
2854 4112 46 25 but

2357 4152 47 25 but
2432 4156 92 21 cannot
2546 4152 117 25 continue
2689 4152 77 33 doing
2790 4162 28 17 so
2840 4156 60 31 long

2359 4194 107 24 without
2477 4194 64 24 rain.
2578 4194 103 24 Thanks
2705 4196 26 24 to
2754 4196 44 26 the
2816 4198 87 25 Water

2361 4236 93 33 Supply
2468 4236 89 31 Board,
2576 4234 95 28 Oxford
2693 4238 48 26 has
2747 4240 76 26 Jbem
2847 4241 53 26 well

2359 4279 88 26 served
2458 4279 32 32 by
2503 4272 52 33 the*
2567 4280 118 32 Cooper's
2708 4283 73 26 creek
2805 4286 95 31 system

2359 4322 92 33 during
2461 4323 45 25 the
2517 4323 80 26 whole
2608 4324 62 27 time
2681 4326 26 25 of
2725 4328 28 24 tb
2756 4335 12 17 a
2778 4327 112 33 drought
2899 4332 3 8 '

2359 4365 50 25 and
2429 4365 88 33 people
2540 4374 47 20 are.
2606 4367 136 35 beginning
2764 4372 27 24 to
2813 4372 90 29 realise;

2359 4408 43 26 the
2425 4409 72 26 value
2521 4410 27 26 of
2569 4419 17 17 a
2613 4413 85 28 water,
2714 4414 96 34 supply,
2818 4426 2 1 ■
2831 4424 71 19 .even

2360 4453 98 32 though
2480 4453 44 26 the
2546 4455 56 26 first
2620 4459 55 24 cost
2694 4466 106 25 appears
2823 4461 27 24 to
2874 4460 35 25 be

2360 4497 134 26 excessive.
2541 4498 75 32 Quite
2628 4508 28 18 as
2668 4509 75 27 many
2765 4502 37 27 fat
2821 4503 81 27 lambs

2926 205 41 18 are
2978 199 73 33 being
3073 201 90 26 tucked
3176 203 72 26 down
3266 206 26 24 to
3303 206 44 26 the
3365 207 93 33 factory

2924 248 27 17 as
2973 242 28 24 m
3011 242 93 26 former
3126 253 78 23 years,
3223 247 51 25 and
3295 256 38 17 we
3343 249 61 26 hear
3425 259 33 17 no

2923 286 136 31 complaint
3071 294 27 18 as
3110 289 26 24 to
3148 290 96 32 quality
3264 299 28 17 or
3303 292 44 25 the
3357 301 101 23 percen-

2922 329 57 30 tage
3002 328 75 33 being
3086 355 3 4 ,
3100 331 97 26 drafted
3218 336 52 23 out.
3323 336 53 25 The
3395 338 63 24 milk

2921 371 64 30 yield
3006 371 56 31 has,
3079 373 28 24 of
3126 381 95 23 course,
3239 377 75 25 fallen
3337 380 41 29 off,
3408 380 50 25 and

2923 413 41 25 the
2976 417 116 23 constant
3103 416 82 25 advice
3196 420 26 22 to
3233 420 104 25 farmers
3349 423 24 23 to
3389 430 68 23 grow

2919 457 100 25 lucerne
3031 458 46 24 has
3100 461 46 23 not
3169 460 60 25 been
3253 461 112 26 followed
3387 464 68 25 here.

2919 499 26 24 If
2954 500 20 25 it
2985 500 58 29 had,
3061 501 14 24 I
3097 509 42 17 am
3162 503 127 26 confident
3310 505 44 25 the
3377 507 79 25 result

2919 543 81 24 would
3011 543 61 24 have
3084 544 63 25 been
3157 553 61 22 very
3229 547 121 26 different.

2919 708 125 42 EVENTS
3060 711 38 39 OF
3120 711 69 41 THE
3205 712 128 42 COMING
3346 714 95 40 WEEK

2917 802 117 35 Monday,
3071 806 118 28 Gibson's
3203 807 85 27 Steam
3298 807 101 30 .Circus.
3413 815 4 6 '

2918 841 119 36 Tuesday,
3056 844 102 35 Library
3178 851 63 28 open
3253 846 63 26 from
3330 849 13 23 6
3364 850 39 23 15.
3425 851 26 23 to

2983 885 14 23 8
3008 892 61 23 p.m.

2917 921 163 34 Wednesday,
3100 922 111 33 Meeting
3222 925 25 23 of
3258 924 68 25 Road
3343 922 89 28 Board.

2916 961 135 33 Thursday,
3071 964 111 31 Meeting
3194 964 27 26 of
3241 964 70 26 W.S.
3324 965 91 29 Board,
3436 978 3 3 •

2980 1001 73 24 Bank
3065 1010 70 22 open.

2916 1039 131 33 Saturday,
3065 1041 106 33 Library
3192 1051 64 23 open
3274 1042 65 25 from
3361 1044 22 24 6.
3408 1051 40 24 pm

2980 1083 26 24 to
3027 1082 22 24 8.
3062 1090 61 24 p.m.

2912 1250 189 61 LOCAL
3129 1261 32 55 and
3181 1254 269 61 GENERAL

2945 1366 107 27 Eclipse
3065 1378 29 15 of
3114 1379 48 16 the
3176 1371 60 25 Sun.
3243 1372 69 24 —On

2911 1416 60 23 next
2997 1414 124 32 February
3139 1415 58 24 2nd.
3215 1416 18 24 tl
3245 1424 37 16 ere
3303 1416 51 24 will
3374 1424 72 16 occur

2911 1465 32 17 an
2962 1458 106 24 annular
3085 1458 90 32 eclipse
3193 1458 26 25 of
3235 1459 48 23 the-
3294 1467 55 16 sun.
3393 1459 53 25 The

2911 1502 95 24 central
3035 1502 89 31 eclipse
3154 1502 85 31 begins
3264 1504 28 22 at
3308 1505 57 22 5.56
3385 1510 59 17 a.m.

2910 1545 50 24 and
2972 1545 60 24 ends
3058 1548 25 22 at
3101 1546 24 25 9,
3145 1547 41 23 35.
3205 1554 70 16 a.m..
3282 1546 50 24 and
3352 1546 47 25 will
3418 1548 28 23 be

2911 1589 84 24 visible
3012 1597 58 17 over
3087 1590 43 24 the
3147 1590 78 25 whole
3243 1590 27 25 of
3286 1591 43 24 the
3347 1592 96 29 colony.

2910 1633 54 23 The
2981 1640 47 17 sun
3053 1633 60 25 rises
3131 1635 26 23 at
3184 1634 179 25 Christchurch
3392 1637 22 21 5.
3429 1637 13 21 G

2910 1684 57 17 a.m.

2943 1760 139 25 Notice.—
3085 1761 87 31 Owing
3181 1760 42 26 '"io
3246 1762 133 24 continued
3404 1762 40 24 ill-

2910 1804 92 29 health,
3028 1805 39 23 Mr
3084 1805 104 32 Mayson
3211 1806 21 24 is
3255 1806 91 24 unable
3363 1809 25 23 to
3407 1815 37 17 re-

2910 1854 69 18 sume
3000 1847 95 25 lessons
3109 1848 38 25 for
3170 1849 105 24 another
3294 1849 73 30 week,
3395 1850 50 24 and

2909 1891 46 24 has
2972 1892 137 32 postponed
3120 1892 42 24 the
3173 1893 55 23 date
3242 1893 61 24 until
3318 1893 127 33 February

2910 1938 43 23 the
2972 1938 54 23 Bth.

2944 2026 101 24 Oxford
3065 2026 135 25 Sports.—
3203 2026 58 25 Just
3284 2028 125 28 received,,
3430 2037 15 15 a

2910 2077 61 24 copy
2994 2068 26 26 of
3042 2069 42 25 the
3108 2070 92 25 Oxford
3227 2071 86 31 Sports
3336 2072 110 25 Balance

2911 2113 82 25 Sheet.
3042 2113 51 25 The
3115 2114 76 24 rosult
3214 2122 40 18 are
3277 2122 28 18 as
3332 2115 94 26 follows
3437 2124 6 17 :

2910 2157 111 31 Receipts
3033 2157 54 26 £G6
3101 2159 53 24 13s.
3177 2158 56 25 lOd.
3275 2159 169 31 Expenditure

2910 2200 54 25 £64
2990 2201 52 24 19s.
3066 2201 42 24 Od.
3142 2201 100 33 leaving
3265 2210 15 16 a
3303 2202 99 26 balance
3417 2204 27 25 m

2909 2243 68 24 hand
3000 2244 26 24 of
3047 2244 37 23 £1
3109 2246 53 22 14s.
3184 2244 56 25 lOd.
3259 2246 51 24 this
3322 2247 57 25 does
3395 2249 49 23 'not

2908 2286 98 24 include
3018 2286 48 24 last
3079 2289 80 29 year's
3171 2288 102 24 balance
3286 2290 42 23 £5.
3341 2291 103 31 making

2908 2329 28 25 m
2955 2329 33 25 all
3000 2338 15 17 a
3025 2329 100 26 balance
3138 2332 24 23 to
3179 2334 60 23 nest
3250 2334 80 29 year's
3341 2333 40 32 a/c
3405 2334 37 25 £6

2910 2374 52 24 14s.
2977 2373 55 26 lOd.
3079 2374 25 25 It
3123 2374 22 25 is
3160 2374 99 26 decided
3279 2376 56 25 that
3358 2385 87 17 means

2909 2416 89 25 should
3021 2418 28 23 be
3073 2418 74 24 taken
3169 2419 28 23 m
3219 2420 63 24 raise
3305 2428 90 25 money
3408 2423 36 28 {to

2908 2461 89 25 extend
3008 2461 43 25 the
3063 2462 77 31 track,
3159 2463 50 24 and
3226 2464 60 31 keep
3298 2464 20 25 it
3329 2465 26 24 m
3373 2465 71 25 order

2909 2504 38 23 for
2964 2507 60 21 next
3040 2513 65 23 year.

2941 2575 135 27 Accident.
3078 2592 33 3 —
3112 2577 83 26 When
3223 2580 113 32 entering
3358 2580 40 26 Mr
3418 2581 24 25 J.

2910 2618 160 33 Flamiigftn's
3093 2624 66 29 gate,
3193 2623 39 23 Mr
3255 2623 27 25 C.
3311 2624 133 25 Davison's

2910 2661 71 25 horse
2993 2663 73 24 made
3086 2672 15 16 a
3127 2664 60 28 bolt,
3206 2666 47 23 and
3280 2666 25 23 m
3319 2668 81 30 trying
3419 2670 28 22 to.

2910 2703 75 26 cbeck
2993 2705 28 28 it,
3039 2705 32 25 he
3080 2709 44 29 got
3135 2714 15 17 a
3162 2710 71 29 nasty
3249 2708 56 25 kick
3324 2710 64 25 from
3400 2711 44 24 the

2910 2748 82 30 horse,
3010 2749 49 24 and
3070 2750 169 33 immediately
3251 2752 76 25 found
3344 2752 104 26 himself

2911 2792 150 32 scrambling
3073 2796 115 29 amongst
3200 2795 43 24 the
3260 2795 91 25 wheels
3369 2797 26 25 of
3404 2797 41 26 his

2911 2844 110 24 waggon.
3057 2837 51 25 The
3129 2838 73 25 horse
3213 2839 109 31 plunged
3339 2840 54 25 into
3406 2841 39 24 the

2911 2882 59 23 next
2989 2880 77 31 fence.,
3084 2882 80 25 where
3181 2882 33 25 he
3232 2884 98 25 became
3341 2888 104 29 entang-

2911 2924 47 28 led,
2977 2924 133 33 damaging
3122 2925 43 25 the
3177 2934 102 24 waggon
3289 2928 49 24 and
3350 2929 96 24 smash-

2911 2968 44 31 ing
2967 2976 68 16 some
3047 2969 27 24 of
3082 2970 33 24 its
3127 2972 122 23 contents.
3284 2971 42 25 Mr
3333 2972 48 24 and
3393 2973 53 24 Mr
3472 2968 26 31 3

2913 3011 140 32 Flannigan
3074 3012 86 32 kindly
3177 3013 89 33 lodged
3289 3016 50 23 and
3355 3016 91 26 tended

2913 3055 40 24 Mr
2976 3056 122 24 Davisson
3119 3057 12 23 f
3131 3065 26 16 jr
3176 3057 43 24 the
3246 3058 81 31 night,
3346 3060 50 24 and
3414 3060 33 25 he

2913 3098 44 25 has
2969 3098 108 26 received
3093 3107 33 17 no
3143 3103 146 28 permanent
3305 3102 98 33 injury...

2947 3164 100 25 Oxfobd
3075 3164 125 25 Kaces.—
3202 3166 21 23 A
3251 3166 111 32 meating
3397 3175 52 17 was

2913 3209 26 22 to
2957 3207 61 25 have
3037 3208 59 24 been
3113 3208 58 24 held
3183 3210 25 25 at
3226 3208 42 25 the
3289 3209 58 25 Sale
3365 3218 84 17 rooms

2914 3258 31 16 on
2958 3250 130 32 Thursday
3106 3250 70 26 29th.
3190 3252 38 24 for
3245 3252 44 24 the
3308 3261 104 25 purpose
3425 3255 24 23 of

2915 3293 114 31 deciding
3045 3293 112 26 whether
3183 3295 40 24 the
3268 3296 72 24 usual
3369 3298 80 24 Rices

2915 3331 89 25 should
3026 3331 56 25 take
3099 3332 77 32 place,
3195 3333 45 25 but
3259 3342 32 15 on
3309 3338 105 21 account
3426 3336 27 24 of

2915 3374 47 25 the.
2981 3382 84 25 fparse
3080 3375 149 26 attendance
3246 3377 20 24 it
3282 3385 52 17 was
3351 3378 102 25 decided

2917 3415 24 22 to
2953 3412 60 25 hold
3025 3420 15 17 a
3051 3413 112 31 meeting
3174 3418 25 20 at
3212 3415 134 26 Mitchell's
3358 3417 95 24 Boards

2915 3453 43 31 ing
2960 3453 2 13 !
2974 3453 78 24 house
3071 3452 117 32 to-night,
3207 3453 72 26 when
3298 3454 17 25 ii
3334 3455 22 24 is
3373 3455 81 33 hoped

2917 3493 55 25 that
2984 3502 14 17 a
3009 3494 64 31 good
3084 3494 36 25 lot
3138 3494 27 24 of
3179 3502 45 17 our
3241 3496 112 32 sporting
3359 3497 94 24 friends

2917 3532 48 25 will
2977 3533 59 23 turn
3048 3540 42 25 up.

2939 3618 7 6 %
2950 3592 179 25 Influenza.—
3135 3593 67 27 Now.
3216 3595 50 25 this
3295 3596 119 29 epidemic
3433 3596 23 24 is

2917 3635 130 31 becoming
3058 3636 129 30 prevalent
3195 3644 37 18 we
3244 3637 112 33 strongly
3366 3646 90 16 recom-

2918 3678 73 24 mend
3003 3678 42 24 the
3057 3679 50 25 free
3119 3688 44 16 use
3174 3680 28 24 of
3212 3681 122 31 Platypus
3341 3681 84 24 Brand
3433 3681 28 24 of

2918 3721 155 33 Eucalyptus
3088 3722 124 27 Globulus
3241 3724 112 28 Extract,
3381 3724 76 25 taken

2920 3772 68 24 upon
3010 3772 74 24 sugar
3113 3774 28 17 or
3160 3767 28 24 m
3212 3768 70 23 milk.
3317 3767 53 24 The
3392 3768 68 23 most

2920 3808 115 31 pleasant
3046 3817 55 24 way
3112 3811 26 23 to
3147 3810 57 24 tako
3216 3810 154 32 Eucalyptus
3392 3810 22 24 is
3432 3810 28 25 m

2922 3851 43 25 the
2998 3851 117 33 Platypus
3143 3853 87 25 Brand
3258 3854 28 25 of
3307 3854 154 31 Eucalyptus

2922 3885 116 31 Jujubes.
3075 3886 70 32 They
3157 3895 42 16 are
3209 3888 26 23 m
3251 3886 62 26 such
3326 3895 14 16 a
3351 3886 111 33 portable

2923 3924 71 28 form,
3007 3925 116 31 pleasant
3134 3929 26 22 to
3171 3928 75 28 taste,
3265 3927 50 25 and
3331 3926 131 32 antiseptic

2925 3962 144 26 stimulant.

2960 4033 38 24 To
3009 4041 53 16 the
3073 4034 201 30 ELECTORsT^T-It
3285 4043 58 22 may
3360 4036 105 24 interest

2928 4076 44 24 the
2984 4078 105 24 electors
3114 4078 28 24 of
3162 4076 92 27 Oxford
3278 4079 26 24 to
3327 4078 68 26 know
3410 4078 55 27 thatj

2929 4119 61 33 they
3006 4128 48 17 can
3078 4121 72 32 stndy
3174 4128 116 24 economy
3315 4120 32 32 by
3371 4121 95 31 buying

2931 4163 66 24 their
3016 4163 113 32 Drapery
3148 4164 51 23 and
3210 4163 126 31 Clothing-
3343 4165 27 23 at
3383 4164 31 24 R.
3432 4163 36 27 H,

2932 4206 120 30 Parish's,
3065 4207 69 31 High
3147 4206 88 29 Street,
3249 4206 80 25 where
3344 4206 59 31 they
3414 4206 53 28 will

2934 4252 42 29 get
2986 4250 119 25 Trousers
3115 4249 64 25 from
3200 4250 37 24 6s.
3235 4252 6 10 1
3254 4256 44 25 per
3317 4249 73 31 pair;
3407 4248 63 26 Col-

2935 4293 69 26 onial
3015 4292 89 26 Tweed
3117 4292 69 26 Suits
3197 4292 62 26 from
3272 4293 74 26 21s.al
3348 4300 28 18 so
3389 4292 83 34 splen-

2937 4337 42 24 did
2996 4336 74 26 value
3087 4337 28 24 m
3126 4337 76 29 Boy's
3223 4333 110 30 Knicker
3346 4337 70 25 Suits
3433 4339 38 25 ss,

2930 4403 2 2 ■
2959 4396 5 33 {
3042 4424 2 2 .
3077 4403 2 2 •
3110 4403 5 5 -
3139 4395 2 2 '
3155 4396 42 21 r-Y
3215 4402 48 17 .-nr
3283 4403 4 3 -
3425 4393 68 31 \j.sl

2958 4436 4 21 i
2986 4427 132 26 Ciecus,—
3121 4426 363 36 Gibßon'BvSteam:Circiiii.jHi

2941 4471 63 27 open
3016 4467 26 24 at
3054 4465 71 26 West
3136 4464 94 27 Oxlord
3238 4465 52 27 this
3299 4467 113 32 evening.
3430 4466 52 32 Fojj

2941 4504 148 26 partioulors
3101 4511 40 19 see
3153 4503 67 27 advt.

1120 33 175 34 OXKOKD
1339 38 231 33 OBSERYEB
1613 39 238 41 SATUBDAY,
1900 42 205 39 JANUARY
2161 45 50 37 30,
2256 45 88 33 1897.
