3300 4360
251 91 413 380 Hot
802 91 689 380 Lakes
1629 91 1378 380 Chronicle.

492 406 216 40 -A-HSTID
759 410 499 44 TOTJBISTS'

2126 424 481 40 JOTJH,K-AL.

502 519 450 94 Circulating
973 522 453 86 throughout
1448 524 127 70 the
1599 524 287 74 Tourist
1931 529 303 78 Resorts
2281 541 81 68 of
2395 542 126 70 the
2564 545 266 73 World.

124 672 61 19 VOL.
200 673 18 18 5.
246 672 40 19 No.
301 673 37 18 219

1289 674 139 24 EOTOEUA,
1444 676 57 22 N.Z.,
1517 677 160 22 SATURDAY,
1695 678 153 20 FEBRUARY
1862 681 30 18 13,
1910 681 49 18 1897

2878 704 252 27 PEICE—THREEPEN
3135 713 32 18 CE

104 755 37 29 X.

191 810 49 27 Do
252 811 57 26 not
320 811 120 32 Forget

191 859 249 44 CRAIG'S

153 922 165 20 CURIOSITY
332 922 81 19 SHOP
425 922 55 19 and'

242 949 141 24 MUSEUM,

173 989 112 24 Opposite
291 990 79 19 Grand
376 989 78 23 Hotel,

132 1034 125 26 PRINCES
269 1034 44 29 ST,
323 1034 170 26 AUCKLAND.

184 1156 138 17 INSURS
347 1156 95 16 SBCITH

94 1190 54 17 THE
153 1189 80 18 SOUTH
238 1189 100 16 BRITISH
344 1190 58 16 FIRE
408 1190 14 16 &
431 1189 97 17 MARINE

171 1211 42 17 Co*.
223 1211 29 16 OF
261 1211 57 16 NEW
325 1211 122 16 ZEALAND.

92 1241 79 17 Capital
424 1241 103 19 £1,900,000

140 1270 95 16 Unlimited
248 1269 74 21 liability
330 1269 18 16 of
355 1269 130 17 Shareholders.

96 1291 57 21 Being
162 1297 8 10 a
180 1291 75 16 Colonial
268 1291 102 16 Institution
384 1291 62 16 Profits
460 1296 28 11 are
501 1291 17 16 in-

245 1312 58 16 vested
308 1312 68 21 locally.

95 1334 52 16 Head
162 1334 57 20 Office,
436 1333 91 16 Auckland

94 1356 54 16 Local
156 1356 53 19 agent
384 1354 13 16 J
414 1354 27 18 W.
448 1354 79 21 Wrigley

92 1422 166 44 BOTORUA
281 1423 91 41 BOOT
394 1423 25 41 &
437 1422 90 42 SHOE

245 1488 126 42 DEPOT.

91 1878 21 19 A
131 1877 67 26 Large
216 1878 61 19 Stock
296 1879 22 18 of
334 1878 96 22 German,
445 1876 80 19 French

161 1904 40 19 and
210 1904 92 19 Colonial
312 1904 62 19 Boots
384 1901 76 27 always

254 1931 22 19 in
293 1930 67 19 Stock.

95 1968 70 19 BEST
172 1968 152 19 MATERIAL.
362 1966 69 20 BEST
439 1966 86 20 WORK

169 2008 158 19 AUCKLAND
338 2006 106 21 PRICES.

91 2086 164 24 Hand-sewn
265 2086 79 23 Boots
353 2093 16 16 a
384 2086 138 30 Specialty.

92 2151 241 47 KUSABS
366 2151 155 45 BROS

197 2206 220 33 SOJSOJKU

88 2246 76 42 SAW
179 2246 24 40 &
230 2246 153 42 PLANING
404 2245 117 41 MILLS,

89 2377 135 20 GENUINE
238 2377 59 19 DRY
314 2377 79 19 LAND
411 2376 111 20 TIMBER

193 2408 30 15 IN
235 2408 52 15 THE
300 2407 116 16 MARKET.

106 2453 110 29 i/TESSRS
235 2453 99 18 KUSABS
351 2453 72 18 EROS,
437 2453 38 21 beg
491 2458 20 11 re-

107 2478 32 19 **.
164 2476 101 24 spectfully
270 2478 20 16 to
298 2476 70 18 inform
377 2476 33 17 tlie
422 2476 67 17 Public
502 2476 20 17 of

135 2505 31 11 rua
174 2500 34 15 and
217 2500 72 19 vicinity
299 2500 39 15 that
345 2500 42 20 they
402 2499 43 16 have
461 2500 48 14 estab-

86 2521 56 17 lished
151 2527 9 10 a
170 2521 42 20 yard
221 2521 17 15 in
252 2521 126 19 Hiuemoa-st.,
388 2521 33 15 and
437 2525 31 10 can
482 2525 38 10 now

87 2544 63 19 supply
158 2542 30 16 the
195 2542 51 16 finest
254 2542 43 16 class
311 2542 19 16 of
344 2542 84 19 Building
440 2541 80 16 Material

86 2564 19 15 iu
113 2565 29 14 the
151 2563 74 16 Market.
241 2564 18 15 It.
267 2563 15 16 is
288 2563 103 21 unequalled
400 2564 16 14 in
426 2562 94 22 durability

87 2585 34 16 and
130 2585 104 21 impervious
242 2587 17 12 to
270 2585 28 15 the
306 2586 68 14 attacks
390 2584 19 16 of
423 2584 48 15 borer
485 2584 34 15 and

86 2606 32 20 dry
131 2609 31 14 rot.
186 2606 52 16 Their
246 2605 83 17 sawmills
337 2611 28 11 are
374 2606 50 16 fitted
434 2605 41 15 with
491 2605 28 15 the

85 2630 47 13 most
139 2627 70 16 modern
217 2627 99 21 appliances
325 2627 35 16 and
369 2627 28 16 the
407 2627 26 16 fin

85 2652 19 12 to
120 2648 63 22 supply
198 2653 34 16 any
248 2649 81 20 quantity
345 2649 19 15 of
379 2648 38 21 Dry

85 2670 82 16 Material
176 2675 21 10 on
206 2670 29 16 the
244 2672 74 13 shot-test
326 2670 62 16 notice.

87 2721 141 29 Skirtings,
235 2720 180 28 Architraves,
420 2720 82 23 Mould-

122 2756 68 30 ings,
202 2756 50 23 and
262 2756 112 23 Dressed
384 2756 103 23 Timber

151 2795 29 24 of
188 2802 81 22 every
283 2795 167 30 description,

178 2838 109 29 Always
298 2845 33 16 on
341 2838 84 23 Hand.

111 2872 120 23 HENAU
242 2872 106 23 HOUSE
361 2871 130 24 BLOCKS.

106 2920 49 16 Price
164 2920 47 15 Lists
219 2925 21 10 on
249 2920 104 20 application
363 2921 19 14 to

84 2954 226 33 KUSABS
346 2953 151 33 BEOS

159 3005 118 17 MAMAKU
289 3009 26 13 ou
328 3003 113 19 OHAUPO.

212 3041 26 18 Or
247 3043 21 16 at
275 3041 32 18 tbo
319 3041 70 21 Yards,

107 3078 124 17 HINEMOA
244 3078 102 19 STREET,
366 3076 128 18 ROTORUA.

191 3125 216 62 BELL,

84 3205 27 32 C
129 3205 32 32 A
173 3205 33 31 38L
224 3205 27 31 P
271 3207 32 29 JK
321 3208 31 28 JN
375 3208 23 28 U.
426 3204 32 32 jG
476 3204 40 36 JB.,

188 3253 104 19 FENTON
309 3253 103 21 STREET,

177 3304 99 18 Opposite

108 3339 66 18 Sasbes
183 3338 53 18 made
245 3340 20 16 to
274 3339 60 17 order.

108 3383 384 46 G-°-M°A'"T"

83 3462 123 25 Plumber
223 3462 21 23 &
254 3461 113 24 General
378 3461 138 23 Mechanic

175 3520 130 19 Tutanekai
324 3519 93 22 Street,

132 3633 133 43 HORACE
287 3632 180 42 STEWART.

82 3702 108 20 SADDLE,
204 3700 125 20 HARNESS,
343 3700 54 18 AND
414 3699 101 18 COLLAR

250 3732 99 21 MAKER,

125 3772 179 24 FENTON-ST.,
319 3771 153 20 ROTORUA.

81 3836 104 22 Saddles,
202 3835 94 23 Bridles,
311 3835 95 22 Collars,
421 3834 91 23 Chains,

104 3868 56 22 Bits,
167 3868 79 22 Spurs,
255 3867 105 19 Harness
372 3867 68 23 Soap,
450 3866 39 19 &c.

103 3932 119 20 Coaebalino,
231 3938 11 10 a
258 3932 114 23 waterproof
388 3931 125 23 preservative

118 3956 26 18 all
152 3955 55 18 kinds
216 3955 20 17 of
247 3955 78 17 leather.

104 3988 85 19 Axleino,
207 3993 11 10 a
231 3986 72 23 porfeet
318 3986 96 17 lubricant
428 3986 30 17 for
472 3991 30 12 car-

80 4012 66 22 riages,
157 4015 97 18 waggons,
265 4010 31 17 &e.

103 4042 73 18 Collars
184 4040 54 19 made
251 4042 20 16 to
285 4046 84 11 measure
383 4046 25 11 on
423 4040 33 17 the
470 4045 32 17 pre-

80 4066 55 18 mises
143 4071 11 11 a
162 4064 104 23 speciality.
304 4063 124 22 Lengthened
438 4063 64 22 experi-

79 4095 44 11 ence
132 4088 19 18 in
160 4089 26 16 all
194 4088 67 17 classes
270 4087 20 16 of
296 4086 94 18 Saddler's
398 4086 58 17 ■work.
482 4086 31 17 All

78 4112 66 18 orders
153 4110 97 24 promptly
258 4109 90 18 attended
361 4110 26 16 to.

83 4162 77 22 Agent
168 4160 36 19 for
212 4160 28 19 H.
251 4160 28 18 H.
289 4158 113 23 Howden,
416 4158 80 18 Watch-

102 4184 81 20 maker
188 4183 46 19 and
240 4183 112 19 Jeweller.
360 4181 127 21 Hamilton.
520 4179 3 25 I

551 761 165 132 W
754 764 533 132 GOVERNMENT
1336 764 548 124 SANATORIUM,

840 903 278 50 ROTORim
1164 903 126 46 .NEW
1325 903 273 49 ZEALAND.

551 990 154 44 ROTOEUA.
708 991 67 18 —This
783 994 104 18 wonderful
893 995 73 17 district
973 994 15 17 is
997 992 129 24 unparalleled
1134 992 19 17 in
1162 993 32 17 the
1203 993 69 17 known
1280 994 60 17 world
1349 994 30 17 for
1386 994 33 17 the
1427 994 80 18 number
1515 995 37 17 and
1561 997 73 21 variety
1644 997 20 17 of
1671 997 25 17 its
1705 997 87 18 Thermal
1801 997 84 24 Springs.

619 1015 26 17 As
654 1020 11 11 a
672 1015 66 17 health
747 1016 58 18 resort
814 1016 23 19 its
845 1018 108 22 popularity
961 1017 16 18 is
985 1016 74 23 rapidly
1068 1016 110 23 increasing,
1188 1016 38 17 and
1238 1016 43 18 that
1296 1017 80 22 entirely
1392 1023 25 11 on
1430 1017 25 17 its
1471 1023 43 12 own
1531 1019 69 21 merits,
1619 1026 20 11 as
1656 1020 83 17 hitherto
1756 1020 82 23 nothing
1854 1021 32 17 has

549 1037 48 18 been
606 1037 48 18 dc::e
662 1037 21 18 in
690 1037 33 18 the
732 1043 42 17 way
782 1039 20 17 of
809 1040 120 23 advertising.

573 1060 86 17 Patients
667 1060 91 22 suffering
766 1062 48 17 from
822 1063 86 21 Chronic,
917 1062 99 21 Articular,
1026 1062 38 17 r.nd
1073 1062 97 17 Muscular
1177 1062 127 20 rheumatism,
1316 1063 56 19 Gout,
1383 1063 164 21 RhumaticGout,
1562 1065 45 17 Skin
1616 1065 92 21 Diseases,
1725 1066 86 18 Sciatica,
1828 1067 44 17 Lum-

549 1082 56 24 bago,
617 1082 4 30 _
624 1083 110 23 Neuralgia,
752 1084 84 20 Nervous
852 1086 124 20 Exhaustion,
993 1085 78 18 Uterine
1087 1085 99 18 Ailments,
1203 1085 39 17 and
1257 1086 56 22 tardy
1329 1086 141 18 convalescensc
1487 1087 47 17 from
1552 1089 55 16 acute
1623 1088 81 18 diseases
1721 1095 43 16 may
1781 1089 39 23 rely
1837 1096 49 16 upon

549 1106 101 23 obtaining
658 1107 90 17 immense
756 1107 58 22 relief,
823 1109 38 17 and
869 1110 20 16 in
894 1110 33 17 the
935 1109 89 23 majority
1032 1109 21 16 of
1061 1114 50 11 cases
1120 1114 11 11 a
1140 1108 91 23 complete
1240 1114 50 11 cute.

573 1167 53 17 THE
638 1166 113 19 PRIEST'S
759 1168 143 19 BATH.—This
910 1170 15 17 is
934 1169 87 22 strongly
1028 1168 48 18 acid,
1090 1168 112 21 aluminous,
1218 1169 79 22 sulphur
1314 1171 63 19 water,
1395 1170 66 22 acting
1477 1176 20 11 as
1514 1177 11 10 a
1542 1172 91 21 powerful
1651 1172 42 17 skin
1710 1173 104 17 stimulant.
1847 1174 39 17 Hot

549 1190 39 17 and
596 1190 42 17 cold
647 1190 87 20 showers,
744 1190 38 18 and
790 1192 79 18 douches
878 1199 31 11 are
916 1192 91 23 provided
1015 1192 37 17 and
1061 1192 126 21 comfortably
1195 1192 85 17 enclosed
1290 1192 86 23 dressing
1385 1199 61 11 rooms

572 1213 115 17 MADAME
708 1213 123 20 RACHEL'S
851 1216 144 17 BATH.—This
1003 1215 106 17 celebrated
1118 1215 70 22 Spring
1196 1215 14 17 is
1219 1221 11 11 a
1245 1215 62 17 Saline
1323 1218 58 15 water
1393 1216 47 18 with
1457 1216 90 21 Silicates,
1562 1218 37 17 and
1612 1218 34 18 has
1663 1224 24 12 an
1701 1219 82 17 alkaline
1798 1220 88 17 reaction.

549 1236 40 17 The
598 1237 58 16 water
663 1237 17 16 is
688 1236 40 17 also
737 1242 21 11 us
764 1237 18 17 >d
790 1238 100 24 internally
899 1239 29 17 for
936 1239 24 17 its
968 1238 96 18 beneficial
1073 1238 63 17 action
1144 1244 25 11 on
1177 1238 32 17 the
1217 1238 85 22 kidneys.

572 1259 54 17 THE
646 1259 69 17 BLUE
735 1260 143 19 BATH.—This
894 1262 15 17 is
926 1262 32 17 the
974 1262 71 21 largest
1060 1261 77 17 natural
1153 1261 106 23 swimming
1275 1262 47 17 batli
1337 1262 19 17 in
1372 1262 32 17 the
1420 1262 94 18 Southern
1522 1263 131 24 Hemisphere.
1679 1265 20 17 It
1707 1265 69 17 affords
1785 1265 102 19 rheumatic

549 1282 81 18 invalids
638 1289 11 10 a
658 1288 64 12 means
730 1282 21 17 of
758 1283 67 24 taking
833 1286 80 21 painless
922 1285 85 20 exercise,
1017 1284 61 18 which
1087 1284 46 22 they
1141 1284 68 23 highly
1217 1285 112 22 appreciate,

572 1305 53 18 THE
635 1305 122 18 SULPHUR
765 1306 104 19 VAPOUR
878 1307 143 18 BATH.—This
1027 1307 16 17 is
1048 1312 11 12 a
1065 1307 75 17 natural
1146 1307 35 17 hot
1185 1313 78 16 vapour,
1270 1307 68 23 highly
1344 1308 82 22 charged
1432 1309 45 17 with
1484 1309 80 22 sulphur
1572 1316 60 16 gases,
1644 1310 106 18 conducted
1763 1312 40 16 into
1818 1318 11 11 a
1842 1318 33 17 pro-

549 1328 54 22 perly
611 1329 120 17 constructed
737 1329 57 20 chest,
802 1330 19 17 in
826 1331 61 18 which
892 1331 31 17 the
930 1331 32 17 the
967 1331 73 21 patient
1046 1330 39 20 sits,
1094 1330 55 17 while
1156 1330 78 22 sulphur
1239 1331 19 16 in
1264 1336 24 11 an
1294 1331 115 23 impalpable
1416 1331 48 18 form
1470 1332 15 17 is
1491 1332 57 22 being
1554 1334 107 22 constantly
1666 1334 98 22 deposited
1770 1341 23 11 on
1800 1334 32 19 the
1839 1336 46 16 skin.

572 1352 53 17 THE
645 1352 61 16 NEW
726 1352 121 19 SULPHUR
867 1354 143 17 BATH.—This
1023 1354 14 16 is
1050 1359 12 11 a
1074 1359 45 16 very
1132 1354 66 22 strong
1209 1354 60 17 acidic
1280 1355 59 17 water
1351 1355 21 16 of
1384 1354 46 22 high
1443 1357 131 21 temperature,
1588 1356 37 17 and
1642 1357 87 23 strongly
1746 1359 140 17 recommended

549 1374 20 17 in
586 1380 50 12 cases
652 1375 20 17 of
688 1375 122 19 rheumatism
818 1377 38 17 and
864 1377 55 17 allied
927 1377 85 17 diseases.
1037 1376 39 17 The
1085 1376 47 18 bath
1146 1376 58 18 house
1219 1377 16 17 is
1252 1377 75 17 divided
1344 1377 40 18 into
1400 1378 68 18 Ladies
1484 1378 38 18 and
1538 1379 121 18 Gentlemens
1676 1380 128 23 departments
1819 1382 35 17 and
1871 1382 15 17 is

549 1397 78 23 capable
635 1398 20 17 of
662 1398 163 24 accommodating
832 1401 34 16 400
875 1400 74 18 bathers
958 1400 56 22 daily.

572 1420 100 18 LADIES'
686 1421 60 17 NEW
755 1422 137 19 SWIMMING
903 1423 145 18 BATH.—This
1056 1423 15 17 is
1080 1429 12 11 a
1105 1425 64 16 recent
1181 1429 72 12 annexe
1262 1425 20 16 to
1292 1424 31 17 the
1332 1425 72 17 Rachel
1412 1425 92 18 Pavilion.
1530 1426 19 17 It
1557 1426 15 17 is
1581 1427 23 16 50
1614 1427 37 17 feet
1660 1427 47 22 long
1715 1427 26 22 by
1750 1429 21 15 24
1781 1428 38 16 feet
1832 1428 53 21 wide,

549 1443 25 18 its
582 1445 84 21 greatest
673 1444 60 22 depth
741 1444 15 18 is
764 1446 11 16 4
784 1446 38 17 feet
829 1446 37 17 and
875 1447 23 17 its
909 1446 84 23 capacity
1002 1447 65 20 25,000
1076 1446 80 23 gallons.
1181 1447 21 16 It
1209 1446 16 17 is
1233 1447 53 17 filled
1299 1448 46 17 with
1353 1452 59 13 water
1421 1448 49 17 from
1478 1449 33 16 the
1520 1449 70 18 Rachel
1599 1450 70 22 Spring
1679 1451 60 16 which
1748 1451 15 17 is
1772 1451 114 18 maintained

549 1468 21 16 at
577 1473 12 11 a
596 1468 127 21 temperature
732 1467 20 17 of
760 1469 22 16 98
791 1469 82 22 degrees.

572 1490 53 17 THE
635 1490 161 19 ELECTRICAL
803 1492 180 18 DEPARTMENT.
985 1492 68 17 —This
1063 1491 120 23 department
1196 1493 16 17 is
1229 1493 70 23 replete
1316 1493 47 18 with
1376 1493 33 18 the
1424 1496 49 16 most
1487 1495 78 17 modern
1581 1496 108 22 appliances
1706 1496 29 18 for
1751 1497 88 23 carrying
1853 1500 33 15 out

549 1513 74 17 various
633 1514 57 16 forms
699 1514 20 16 of
727 1514 78 18 medical
813 1516 92 17 electrical
913 1516 101 16 treatment
1023 1516 19 16 in
1052 1516 49 17 their
1111 1516 87 22 entirety.

572 1536 52 18 THE
631 1536 188 20 HYDROPATHIC
826 1538 114 18 PACKING
946 1538 53 18 AND
1007 1538 118 18 MASSAGE
1132 1539 223 18 DEPARTMENT.—A
1363 1540 54 17 series
1423 1541 21 16 of
1450 1547 61 11 rooms
1518 1547 30 12 arc
1557 1542 98 17 furnished
1664 1543 38 16 and
1710 1544 29 16 set
1745 1543 53 23 apart
1806 1543 29 18 for
1841 1544 45 17 each

548 1565 40 15 sex,
594 1559 20 18 in
619 1559 55 18 order
679 1561 20 16 to
708 1566 54 16 carry
768 1563 32 15 out
808 1562 37 17 this
850 1562 103 22 important
958 1561 78 23 adjunct
1042 1563 20 16 to
1069 1563 108 16 treatment.
1183 1562 39 18 The
1228 1563 77 17 services
1313 1564 19 16 of
1337 1570 11 10 a
1353 1563 89 23 qualified
1449 1564 95 18 Masseuse
1549 1565 38 17 and
1592 1566 86 17 Masseur
1686 1571 31 12 are
1725 1566 113 19 obtainable.

548 1615 90 18 Resident
647 1615 108 22 Engineer:

618 1637 117 19 CAMILLE
748 1639 129 22 MALFROY,
887 1641 44 19 Esq.

1435 1620 90 17 Resident
1533 1620 81 18 Medical
1623 1620 170 24 Superintendent:

1512 1644 103 18 ALFRED
1628 1644 121 20 GINDERS,
1762 1646 54 17 M.D.

765 1740 904 75 WHAKAREWAREWI.

754 1883 57 24 Two
823 1884 70 23 miles
905 1884 74 31 from
998 1884 122 28 Rotorua,
1142 1882 133 32 adjoining
1289 1884 151 31 interesting
1449 1886 82 23 native
1543 1887 144 23 settlement.

724 1937 363 57 GEYSER
1141 1936 176 81 sgs
1369 1941 338 54 HOTEL.

1063 2039 306 28 PATRONS;

688 2079 55 19 Earl
767 2079 25 19 of
813 2079 104 23 Kintore,
944 2080 54 18 Earl
1023 2080 27 18 of
1072 2080 100 23 Onslow,
1194 2081 104 23 Marquis
1320 2081 26 18 of
1364 2081 129 24 Drogheda,
1516 2081 60 19 Lord
1598 2082 146 24 Carrington.

609 2110 27 20 IS
649 2111 94 20 HOTEL
753 2111 35 19 has
798 2112 88 24 receutly
896 2112 50 18 been
957 2112 141 24 considerably
1107 2112 102 24 enlarged,
1221 2113 117 23 renovated,
1349 2113 40 19 and
1399 2113 130 20 refurnished
1539 2114 114 25 regardless
1663 2115 21 18 of
1700 2121 92 19 expanse,
1812 2115 39 19 and
1867 2115 17 19 is

612 2137 74 25 widely
696 2137 75 19 known
781 2138 31 18 for
821 2138 26 18 its
857 2138 97 19 excellent
964 2138 177 23 accommodation,
1153 2138 88 23 Cuisine,
1254 2140 33 17 &c.

920 2173 73 22 Here
1005 2181 46 15 are
1062 2173 41 23 the
1117 2173 80 31 Chief
1204 2173 89 31 Sights
1303 2173 33 32 of
1343 2175 40 22 the
1394 2174 118 23 District.

677 2213 47 19 The
879 2214 78 18 Steam
966 2215 47 17 and
1022 2215 49 18 Hot
1079 2214 83 19 Water
1171 2214 129 24 Petrifying
1309 2215 100 22 Geysers
1423 2215 79 24 playing
1514 2216 66 21 nearly
1598 2217 32 16 100
1647 2217 39 17 feet
1701 2216 53 23 high.

545 2235 134 25 Petrifying
687 2236 105 24 Geysers,
802 2237 126 19 Cauldrons
936 2237 27 19 of
969 2237 92 24 Boiling
1068 2237 58 19 Mud
1135 2237 46 19 and
1191 2237 41 19 Oil.
1258 2238 77 23 Spout
1344 2237 65 24 Bath,
1420 2239 36 17 Oil
1465 2238 65 23 Bath,
1541 2239 71 18 Alum
1620 2239 61 19 Bath
1690 2239 20 19 &
1725 2239 78 19 Jack's
1816 2241 66 19 Bath.

545 2260 82 19 Known
637 2261 32 18 for
677 2260 34 19 the
717 2261 152 24 extraordinary
877 2267 56 12 cures
939 2263 21 17 of
971 2261 148 24 Rheumatism,
1259 2261 114 26 Lumbago,
1383 2263 90 21 Sciatica,
1482 2263 88 24 Kidney,
1584 2263 60 19 Liver
1652 2263 41 19 and
1700 2263 57 19 other
1765 2265 118 24 complaints

662 2294 43 47 C.
731 2295 41 46 E.
793 2295 233 51 .NELSO.N,
1138 2322 18 6 -
1244 2322 17 6 -
1349 2323 18 5 -
1488 2296 280 56 Proprietor.

952 2352 103 28 Guide
1159 2367 9 5 -
1237 2367 12 5 -
1351 2353 124 32 Sophia.

960 2516 40 23 On
1023 2516 41 24 the
1088 2516 90 24 Direct
1201 2517 81 23 Route
1302 2521 23 20 to
1343 2518 120 23 Rotonia-

779 2555 44 18 For
839 2555 105 23 Scenery,
960 2556 110 20 Curative
1081 2556 132 24 Properties
1222 2557 26 18 of
1254 2557 41 19 the
1303 2557 74 20 Baths
1386 2558 46 19 and
1441 2559 206 23 p-oommodation,

687 2586 122 26 EXCEL
839 2586 70 26 ALL
940 2587 141 26 PLACES
1112 2588 47 26 OF
1188 2588 74 26 THE
1296 2589 87 26 KIND
1416 2590 33 25 IN
1481 2590 73 25 THE
1587 2591 161 26 COLONY.

569 2651 66 19 Theee
646 2651 92 25 Springs,
750 2651 65 20 which
825 2651 31 19 for
867 2651 52 20 their
937 2651 95 20 Curative
1042 2653 117 24 Properties
1169 2653 40 18 and
1220 2652 137 20 Comfortable
1475 2654 51 18 have
1538 2653 50 20 been
1606 2656 130 23 pronounced
1750 2656 28 24 by
1794 2657 26 19 all
1837 2657 44 19 who

542 2677 53 19 have
614 2677 73 20 visited
708 2678 55 19 them
780 2683 74 13 second
872 2683 23 12 to
912 2684 54 13 none
981 2684 23 13 in
1020 2678 54 19 New
1090 2678 105 20 Zealand.
1223 2679 43 19 The
1279 2686 110 12 numerous
1399 2680 135 18 testimonials
1544 2681 92 19 received
1646 2688 22 12 as
1680 2684 20 16 to
1710 2682 54 19 their
1773 2689 57 13 cures
1840 2683 41 19 and

542 2704 86 18 comfort
639 2704 74 19 should
733 2704 26 18 be
776 2704 97 18 sufficient
891 2706 20 16 to
926 2704 73 19 induce
1013 2704 93 20 Tourists
1122 2704 40 19 and
1175 2707 67 17 others
1259 2707 20 17 to
1290 2705 48 19 visit
1348 2705 62 19 them.
1439 2705 32 19 No
1481 2709 59 16 extra
1549 2707 75 25 charge
1634 2707 18 19 is
1662 2707 59 20 made
1731 2709 32 18 for
1772 2709 34 19 the
1817 2715 34 13 use
1861 2710 20 18 of

542 2730 34 18 the
587 2729 61 19 baths
658 2732 21 16 to
689 2736 84 18 persons
783 2730 80 24 staying
872 2732 21 16 at
903 2730 33 18 the
947 2730 60 19 hotel.

860 2777 80 26 THE
966 2765 531 41 OKOR^RE~SANATORIUM

567 2817 23 19 Is
599 2818 109 19 connected
719 2818 50 19 with
780 2818 33 18 the
823 2817 132 26 Telegraphic
966 2822 74 22 system
1050 2819 22 19 of
1081 2819 35 19 the
1126 2818 82 26 Colony,
1219 2818 34 20 the
1260 2819 117 26 Telegraph
1387 2820 62 19 Office
1459 2820 108 26 adjoining
1576 2820 36 20 the
1622 2821 71 20 Hotel.
1721 2822 35 19 All
1763 2822 118 26 Telegrams

542 2843 101 26 promptly
654 2844 77 24 replied
743 2848 26 14 to.

567 2869 96 22 Coaches,
676 2870 98 25 Buggies,
786 2869 39 19 and
835 2869 141 25 Conveyances
984 2871 22 19 of
1015 2871 27 19 all
1053 2871 61 19 kinds
1133 2871 57 19 leave
1206 2871 42 19 this
1265 2871 63 19 Hotel
1345 2878 24 12 on
1389 2872 109 25 Tuesdays,
1520 2872 124 26 Thursdays,
1663 2874 40 18 and
1722 2873 118 25 Saturdays,
1859 2881 22 13 or

542 2895 55 26 daily
606 2895 17 20 if
634 2896 102 25 required.
779 2896 86 18 Persons
884 2902 23 12 en
926 2900 57 16 route
1002 2897 32 19 for
1051 2897 93 19 Rotorua
1158 2903 34 13 are
1210 2897 104 19 therefore
1333 2898 86 18 enabled
1440 2900 19 18 to
1478 2898 47 19 visit
1535 2898 35 20 the
1586 2899 92 20 wonders
1688 2900 21 19 of
1723 2900 102 25 Okoroire,
1841 2901 40 20 and

542 2921 61 26 enjoy
613 2922 34 18 the
658 2922 89 19 Natural
757 2922 44 19 Hot
811 2921 64 19 Baths
884 2921 39 19 and
931 2929 12 11 a
953 2923 56 25 day's
1019 2926 42 16 rest
1070 2923 94 26 previous
1175 2925 20 17 to
1205 2923 139 25 undertaking
1354 2930 12 12 a
1375 2923 87 26 journey
1472 2926 21 17 to
1503 2925 35 18 the
1549 2925 73 19 Lakes.

1098 2971 83 16 THIS
1205 2971 121 16 HOTEL

714 2998 45 19 Has
766 2998 88 24 recently
866 2997 4 27 I
879 3004 35 13 een
925 2999 84 24 erected,
1019 2999 40 19 and
1073 3000 18 18 is
1100 2999 77 25 replete
1187 2999 49 19 with
1252 3006 62 18 every
1322 3001 86 18 comfort
1418 3001 33 18 for
1460 3001 91 19 Tourists
1561 3001 40 19 and
1611 3001 99 20 Invalids.

570 3024 185 19 Note.—Tourists
766 3027 21 16 to
796 3023 101 30 Sotorua!
926 3024 29 19 Be
964 3032 46 12 sure
1023 3028 21 17 to
1061 3025 47 20 take
1127 3032 51 18 your
1196 3026 84 24 railway
1298 3026 73 19 tickets
1389 3027 33 18 for
1438 3026 113 20 Okoroire.
1589 3027 142 26 Conveyances
1746 3030 53 18 meet
1817 3029 63 19 trains

542 3050 102 24 Okoroire,
656 3052 96 24 carrying
761 3056 121 20 passengers
891 3053 20 16 to
921 3050 62 20 Hotel
993 3052 42 19 free
1051 3052 22 19 of
1082 3052 81 24 charge.

714 3085 51 46 L.
803 3084 379 56 CALLAGHAN,

1507 3086 255 58 Manager.

663 3348 61 53 E.
795 3347 474 57 ROBERTSON
1336 3350 163 54 AND
1546 3350 207 58 CO.'S

798 3418 242 40 EXPRESS
1075 3420 137 40 LINE
1246 3420 71 41 OF

541 3470 230 57 Carrying
789 3470 95 46 Her
908 3470 253 60 Majesty's
1197 3471 137 47 Mails

703 3542 272 19 TAURANGA-ROTORUA
986 3543 71 18 LINE.

537 3575 106 23 Tauranga,
693 3575 68 22 dopart
807 3573 86 23 Tuesday
901 3574 37 17 and
947 3574 95 23 Saturday
1097 3576 11 16 8
1116 3582 44 11 a.m.

691 3603 61 12 arrive
840 3609 11 7 ~
993 3611 12 8 ~

691 3621 68 22 dopart
839 3632 11 7 >,
993 3634 11 8 ~

693 3643 60 18 arrive
838 3655 12 7 ~
992 3657 12 8 ~

689 3667 68 22 depart
803 3665 85 23 Monday
904 3666 37 18 and
957 3667 71 23 Friday

1056 3599 52 17 10.30
1116 3604 44 12 a.m.

1055 3623 52 16 10.45
1115 3628 45 11 a.m.

1096 3646 11 16 6
1113 3650 46 17 p.m.

1096 3668 9 17 7
1114 3674 44 11 a.m.

1052 3691 52 17 12.30
1113 3696 45 17 p.m.

1208 3576 86 18 Rotorua

1207 3599 99 17 Ateamuri

1207 3622 94 17 Wairakei

1207 3645 70 22 Taupo,

1205 3669 72 21 Taupo,

1205 3691 94 17 Wairakei

1354 3422 264 38 COACHES.

1366 3484 50 35 as
1455 3484 82 44 per
1567 3473 309 56 Time-tables,

1386 3545 218 19 ROTORUA-TAITPO
1619 3546 71 18 LINE,

1348 3576 68 23 depart
1463 3577 118 23 Wednesday
1597 3578 38 17 and
1656 3577 96 23 Saturday
1814 3578 10 18 7
1833 3583 42 12 a.m.

1349 3599 67 23 dopart
1510 3613 12 8 ~
1690 3614 11 7 ~
1820 3606 56 12 noon,

1348 3622 67 23 depart
1510 3636 11 8 „
1689 3637 12 7 „
1794 3625 30 16 4.5
1830 3629 46 17 p.m.

1350 3646 67 17 arrive.
1509 3659 11 8 „
1688 3660 11 7 „
1812 3648 10 15 5
1830 3652 45 17 p.m.

1349 3669 67 22 depart
1463 3669 99 22 Thursday
1576 3669 38 17 and
1630 3669 85 22 Monday
1810 3670 9 18 7
1832 3676 43 11 a.m.

1051 3714 52 17 12.45
1112 3719 46 17 p.m.
1205 3714 105 21 Ateamuri,

1062 3737 41 17 3.15
1112 3742 45 16 p.m.
1181 3731 2 28 |
1205 3737 91 20 Rotorua,

705 3790 125 32 Special
843 3790 229 35 Conveyances
1085 3792 158 32 arranged
1254 3791 49 26 for
1317 3793 33 25 at
1362 3792 54 28 the
1430 3793 146 27 Shortest
1588 3792 121 28 Notice.

861 3828 200 27 STABLES:
1078 3828 169 27 Tutanekai
1276 3829 111 31 Street,
1411 3830 142 26 Rotorua.

701 3868 114 34 Buggies,
832 3869 117 33 ©oaofyes
966 3869 52 33 ar?d
1034 3869 97 28 <§addle
1150 3870 92 33 gorges
1256 3878 33 24 or?
1306 3870 52 33 tyre
1375 3879 31 25 or?
1424 3871 45 33 tf?e
1486 3870 120 33 <§f?ortest
1623 3870 96 35 %>tioe.

1019 3911 132 17 TEF27VCS
1178 3911 216 19 MODEHHT9.

885 3941 145 31 Telegrams
1042 3940 54 24 and
1104 3940 100 24 Letters
1211 3941 151 32 punctually
1374 3941 118 25 attended
1500 3944 29 22 to.

537 4009 76 27 NB,
649 4005 114 28 Please
776 4006 74 26 note
863 4006 132 26 address

657 4048 61 64 e.
767 4046 471 65 ROBeRTSON
1271 4048 50 63 &
1357 4048 125 66 CO..
1520 4054 235 50 Rotorua.

865 4126 306 44 contractors
1194 4121 77 47 for
1284 4123 182 48 Messrs
1486 4123 45 45 T.
1555 4123 127 47 Cook,
1702 4123 47 47 &
1771 4123 101 48 Son.

1912 786 435 64 GEYSER
2422 795 366 65 HOUSE

1940 899 339 59 Hydropathic
2300 906 159 57 Hotel,
2493 910 265 50 Wairakei.

2105 983 36 19 Six
2152 983 57 20 miles
2217 985 53 20 from.
2279 986 57 20 Lake
2345 987 71 26 Taupo
2427 989 99 24 (Rotorua
2535 991 60 26 side.)

2086 1044 179 29 SUPERIOR
2286 1047 332 34 ACCOMMODATION.

2109 1101 51 18 ALL
2171 1103 53 17 THE
2236 1104 135 20 COMPORTS
2384 1106 32 18 OF
2427 1107 17 17 A
2457 1108 74 18 HOME
2544 1110 52 18 FOE

2156 1137 145 22 TOURISTS
2317 1141 67 19 AND
2396 1142 152 22 INVALIDS.

1910 1206 65 26 Hot
2000 1206 188 34 Swimming
2209 1210 110 32 Baths,
2344 1212 184 29 Kiri-o-Kai
2548 1223 37 19 or
2610 1218 78 27 New
2711 1220 80 27 Skin

1985 1247 93 33 Bath,
2091 1249 66 26 Hot
2168 1249 131 29 Douche
2312 1253 111 31 Baths,
2444 1255 108 27 Grand
2573 1258 144 29 Climate.

2027 1289 171 28 Elevation
2218 1292 91 32 1,350
2328 1293 64 27 feet
2404 1295 101 27 above
2518 1303 54 21 sea
2584 1299 91 27 level.

1911 1336 197 25 COMPETENT
2123 1336 120 28 GUIDES
2258 1348 123 20 accompany
2396 1345 82 19 tourists
2494 1348 21 17 to
2530 1347 36 19 the
2587 1349 80 19 various
2688 1350 66 23 places
2772 1353 20 18 of

2041 1368 90 19 interest,
2141 1366 64 19 winch
2218 1367 58 20 baffle
2288 1368 33 19 the
2332 1373 52 15 most
2393 1371 60 19 facile
2462 1378 45 18 pen,
2519 1373 41 19 and
2575 1380 38 13 can
2632 1375 47 22 only
2699 1376 24 20 be
2741 1378 41 19 real-

2041 1392 43 17 ized
2095 1392 58 18 when
2162 1398 53 13 seen.

1911 1454 197 24 G6YS6R
2126 1457 197 26 VHLL6Y
2338 1461 91 19 contains
2444 1462 35 19 the
2497 1463 104 26 following
2618 1466 123 23 unequalled
2750 1467 28 20 Na-

1988 1482 56 18 tural
2062 1482 92 19 wonders
2175 1484 157 24 :—Suhuatahi,
2352 1493 23 12 or
2397 1487 63 20 Great
2483 1488 133 27 Champagne
2632 1482 112 33 Cauldron;
2759 1494 33 20 the

1987 1508 65 18 Great
2061 1508 106 20 Wairakei
2175 1508 90 26 Geyser;
2277 1512 35 19 the
2323 1512 87 26 Donkey
2420 1513 91 26 Engine;
2524 1515 35 19 the
2570 1515 54 21 Bath
2634 1518 21 18 of
2664 1518 35 19 the
2708 1518 73 21 Fairies-

1987 1534 36 17 the
2042 1534 114 23 Lightning
2171 1535 63 24 Pool;
2248 1536 35 20 the
2298 1538 89 19 Cascade
2403 1538 82 25 Geyser,
2503 1547 22 12 or
2544 1541 102 25 Dragon's
2662 1543 73 20 Mouth
2742 1534 3 32 •
2759 1546 34 20 the

1987 1560 66 18 Black
2062 1560 88 24 Geyser;
2165 1560 36 20 the
2212 1562 51 19 Mud
2275 1564 88 24 Geyser;
2378 1564 34 19 the
2430 1564 53 21 Blue
2500 1566 69 25 Lake;
2578 1568 37 19 the
2631 1569 33 19 Oil
2681 1560 64 29 Bath'
2759 1571 33 20 the

1987 1585 66 24 Eagle
2061 1592 9 11 s
2078 1585 62 31 Nest;
2154 1587 34 18 the
2196 1587 77 20 Devil's
2279 1589 71 20 Punch
2359 1585 70 31 Bowl;
2444 1592 35 19 the
2486 1592 73 20 Prince
2567 1594 22 19 of
2597 1594 76 20 Wales'
2683 1595 96 21 Feathers
2787 1605 5 4 •

1987 1611 36 19 the
2042 1611 85 24 Mirror;
2143 1613 34 18 the
2196 1613 57 20 Twin
2273 1614 88 26 Geyser:
2376 1616 35 19 the
2427 1616 59 21 Coral
2503 1618 89 26 Geyser;
2608 1620 33 19 the
2652 1620 66 21 Green
2732 1613 60 29 Pool'

1989 1637 128 19 Terekerehe
2127 1644 23 13 or
2168 1639 50 19 Hell
2236 1640 87 25 Geyser;
2346 1642 36 19 the
2400 1642 69 20 Steam
2488 1644 106 21 Hammer.
2622 1646 83 21 Guide's
2723 1649 32 19 fee
2773 1639 20 29 td

1987 1664 78 23 Geyser
2077 1664 76 25 Valley,
2164 1667 23 16 5s
2195 1664 4 29 ;
2213 1665 90 21 distance
2313 1668 53 19 from
2374 1668 34 19 tho
2422 1669 61 24 hotel,
2497 1672 6 17 1
2516 1670 53 20 mile.

1987 1750 79 23 Kapids
2076 1755 20 13 in
2108 1750 34 18 the
2153 1750 100 20 Southern
2264 1752 146 26 Hemisphere;
2425 1754 75 26 falling
2515 1755 20 19 in
2552 1756 32 19 six
2603 1756 81 21 distinct
2702 1760 91 20 cascades

1988 1777 94 22 amongst
2093 1776 62 18 weird
2164 1777 40 18 and
2215 1778 78 25 rugged
2311 1785 82 19 scenery
2421 1780 95 20 Distance
2533 1781 53 20 from
2606 1783 33 19 tho
2657 1783 61 25 hotel,
2738 1785 54 21 three

1988 1801 64 18 miles.
2079 1801 75 19 Saddle
2164 1802 69 20 horses
2243 1807 20 16 to
2272 1805 48 18 visit
2334 1805 34 19 the
2383 1805 78 26 Rapids
2476 1806 22 20 7s
2508 1808 25 19 6d
2543 1809 55 19 each.

1912 1860 230 24 KGRHPITI
2161 1868 22 12 or
2192 1861 34 20 the
2236 1862 78 20 Devil's
2323 1863 98 26 Trumpet
2439 1865 17 19 is
2475 1866 43 19 said
2536 1868 21 17 to
2575 1868 50 19 emit
2644 1875 12 13 a
2671 1875 92 19 pressuro
2773 1871 20 19 of

1991 1886 41 18 1801
2037 1886 23 19 bs
2070 1888 21 17 of
2101 1890 63 16 steam
2176 1890 21 17 to
2206 1889 35 18 the
2251 1889 52 22 inch,
2316 1890 52 19 from
2379 1897 26 12 an
2422 1895 93 21 aperture
2524 1893 22 19 of
2564 1893 63 19 about
2645 1895 71 19 twelve
2725 1896 68 19 inches

1987 1912 21 19 in
2020 1912 103 19 diameter.
2152 1913 97 20 Distance
2268 1915 19 19 fr
2300 1922 20 13 m
2340 1915 56 20 hotel
2415 1917 56 19 three
2489 1918 41 20 and
2549 1925 14 13 a
2580 1919 45 20 half
2642 1921 68 24 miles;
2725 1922 67 19 saddle

1986 1938 70 19 horses
2067 1941 19 16 to
2094 1938 48 20 visit
2152 1939 34 19 the
2196 1940 70 22 above,
2277 1943 22 17 2s
2309 1942 26 19 6d
2345 1942 57 20 each.

1909 1998 101 22 THG
2030 1999 141 23 HUKH
2189 2000 165 27 F=7n_l_S,
2371 2001 35 20 the
2424 2001 99 21 Grandest
2541 2003 57 20 Falls
2606 2004 21 19 in
2645 2005 35 19 the
2698 2006 94 20 southern

1990 2023 134 26 hemisphere.
2154 2025 42 19 Tho
2206 2025 56 20 Falls
2272 2032 45 20 may
2331 2028 23 18 b<*
2364 2027 72 19 visited
2446 2034 26 13 on
2481 2029 34 19 the
2527 2035 55 14 same
2601 2031 115 25 expedition
2726 2038 21 13 as
2758 2033 34 19 the

1989 2049 78 19 Devil's
2077 2051 105 25 Trumpet.
2211 2051 96 20 Distance
2317 2053 53 20 from
2380 2053 55 20 hotel
2444 2055 57 19 three
2512 2055 38 19 and
2562 2062 11 13 a
2590 2056 44 19 half
2643 2057 67 24 miles;
2724 2058 68 20 saddle

1985 2075 61 20 horse
2055 2082 22 13 or
2088 2076 70 26 buggy
2168 2079 22 17 2s
2201 2077 26 20 6d
2241 2078 56 20 each.

2108 2280 59 27 Hot
2194 2282 96 26 Lakes
2309 2284 33 24 of
2359 2283 71 25 New
2448 2283 144 25 Zealand.

2367 2449 375 47 [^TYi^IMIM

2046 2545 27 19 IS
2086 2545 22 19 A
2121 2545 191 22 PIRST-CLASS
2325 2548 205 21 TEMPERANCE
2543 2550 108 21 HOTEL.

1994 2613 236 24 HINe7WTOK
2248 2616 198 25 STREET,
2466 2616 208 25 ROTORUK-

1906 2675 82 20 nnHIS
2002 2677 59 18 NEW
2074 2677 53 18 AND
2141 2677 189 19 COMFORTABLE
2343 2679 216 18 ESTABLISHMENT
2567 2680 15 18 is
2591 2680 82 18 situated
2681 2679 19 19 in
2709 2680 31 17 the
2748 2684 38 12 now

1912 2696 21 23 X
1967 2701 96 21 township
2072 2701 19 18 of
2100 2701 88 20 ltotorua,
2199 2702 49 17 close
2256 2703 20 16 to
2285 2702 32 17 the
2326 2703 127 16 Government
2468 2702 119 19 Sanatorium
2600 2703 37 18 and
2650 2703 64 20 Baths,
2728 2702 58 17 which

2225 2724 90 24 comprise
2323 2726 33 17 the
2365 2724 105 19 celebrated

1904 2752 93 18 Priest's
2006 2752 66 22 Bath,
2083 2752 107 19 Madame
2199 2752 87 19 Rachel
2294 2752 79 23 Baths,
2384 2753 138 19 Chameleon
2531 2754 96 19 Douche
2636 2754 64 22 Bath,
2716 2754 71 22 Large

1974 2775 57 18 Blue
2040 2775 138 24 Swimming
2186 2775 65 23 Bath,
2268 2776 103 23 Sulphur
2383 2776 94 24 Vapour
2486 2777 60 18 Bath
2555 2777 47 19 and
2611 2776 108 20 Galvanic

2260 2799 97 23 Battery
2366 2800 64 22 Bath,

1904 2822 69 17 OVER
1986 2822 90 17 WHICH
2093 2822 85 17 LARGE
2195 2822 118 18 BATHING
2330 2823 140 18 PAVILIONS
2489 2823 72 18 HAVE
2582 2824 71 17 BEEN
2672 2823 114 18 ERECTED

2009 2845 45 17 with
2064 2851 100 11 numerous
2173 2845 90 23 Dressing
2279 2846 75 21 Rooms,
2365 2848 35 15 etc.
2425 2846 75 17 Besides
2509 2847 52 17 these
2569 2848 53 16 Ihere
2630 2847 16 17 is
2654 2846 32 17 the

1904 2867 134 19 Pain-killer
2049 2867 65 22 Bath,
2131 2868 132 23 Coffee-pot,
2279 2869 132 19 Cameron's
2424 2869 46 19 and
2484 2869 129 19 Kinemaru
2626 2869 72 19 Baths
2710 2869 24 18 in
2750 2869 36 18 bhe

2206 2891 151 19 Sanatorium
2374 2892 112 20 Grounds.

1904 2936 114 19 Bathgate
2036 2936 73 19 House
2126 2935 37 19 has
2180 2935 50 20 been
2250 2936 79 25 greatly
2346 2936 97 25 enlarged
2458 2937 31 19 for
2505 2937 93 20 Tourists
2615 2943 21 13 as
2655 2937 46 19 well
2717 2943 21 13 as
2756 2937 31 19 fur

2138 2962 72 25 people
2223 2962 73 25 taking
2306 2969 12 13 a
2328 2969 69 13 course
2407 2963 21 19 of
2437 2963 35 19 the
2482 2963 71 19 Baths.

2158 2996 132 20 TERMS
2310 2997 229 22 MODERATE.

2079 3058 54 35 S.
2180 3058 52 35 T.
2286 3060 181 35 BRe
2489 3062 122 36 NT.

2224 3104 242 19 PROPRIETOR.

1902 3128 126 19 N.B.—Most
2037 3130 21 17 of
2065 3130 54 17 those
2127 3131 42 18 who
2178 3132 44 17 visit
2230 3133 74 18 Brent's
2314 3134 24 18 do
2346 3140 21 12 so
2376 3135 83 24 through
2468 3136 32 18 the
2514 3136 47 19 kind
2573 3138 178 18 recommendations
2768 3139 18 17 of

2241 3157 86 21 previous
2336 3159 108 17 customers.

1994 3263 229 41 RORRRT
2254 3267 254 39 RDR.NRSS
2540 3270 45 37 &_
2619 3270 60 35 Hn

1938 3364 380 32 MANUFACTURERS
2355 3370 113 26 AND
2503 3371 250 32 IMPORTERS,

2093 3457 182 37 FORT
2310 3461 291 37 STRSST,

2037 3585 160 26 ROTORTJA.

1922 3810 49 22 (One
1977 3810 89 17 minute's
2074 3810 50 17 walk
2133 3811 48 17 from
2187 3811 33 18 the
2226 3812 73 18 Govern-

2050 3834 53 17 ment
2110 3833 76 24 Baths.)

2356 3591 34 19 TO
2405 3591 58 19 THE
2477 3591 105 20 PUBLIC
2597 3592 34 20 OF
2648 3592 135 20 KOTORUA.

2359 3694 24 43 I
2396 3695 56 19 BEG
2462 3697 20 17 to
2491 3695 66 19 thank
2566 3696 35 18 the
2613 3695 73 19 Public
2696 3695 21 19 of
2723 3695 48 19 Roto-

2410 3726 40 13 rua
2468 3721 32 19 for
2513 3721 53 19 their
2571 3722 84 18 favours
2666 3721 74 24 during
2750 3721 33 18 the

2357 3749 45 22 past
2411 3746 70 19 fifteen
2490 3753 64 18 years,
2566 3747 41 19 and
2620 3751 21 15 to
2657 3747 65 24 notify
2740 3745 43 20 that

2357 3772 31 19 for
2398 3771 34 20 the
2442 3773 133 19 convenience
2585 3773 22 19 of
2615 3772 98 20 residents
2722 3772 21 19 in
2750 3772 33 19 the

2358 3798 51 19 New
2419 3798 114 25 Township,
2545 3799 42 18 and
2595 3805 34 18 ray
2640 3798 57 20 trade
2714 3804 58 20 gener-

2357 3824 47 24 ally,
2415 3824 12 19 I
2435 3824 53 19 have
2498 3824 52 19 built

2383 3878 52 20 New
2442 3879 104 19 Pbejiises
2554 3885 22 13 in
2583 3879 84 20 Fenton
2673 3878 83 24 Street,

2019 3931 173 22 TGRmS
2201 3936 6 16 :
2357 3936 65 20 which
2432 3943 35 13 aie
2475 3943 46 13 now
2531 3943 52 18 opnn
2590 3937 33 19 for
2631 3936 97 23 business,
2744 3934 40 20 and

1925 3972 46 24 35s
1978 3979 46 24 per
2043 3973 88 28 week;
2150 3973 30 23 6s
2193 3980 46 23 per
2247 3974 58 31 day.
2355 3962 55 19 lam
2427 3963 100 25 prepared
2548 3966 21 16 t0
2581 3962 74 26 supi)ly

1926 4018 61 25 Two
1998 4019 90 24 weeks
2097 4026 28 16 or
2134 4019 100 30 longer,
2250 4020 55 25 30s.
2495 4009 71 20 Pbime
2585 4008 63 20 Meat

1934 4118 29 31 C.
1996 4118 135 32 HAWKER
2158 4118 140 38 WILSON,

2026 4169 193 23 PROPRIETOR.!

2356 4047 22 20 in
2388 4047 51 20 both
2449 4048 51 20 New
2510 4048 39 19 and
2560 4048 39 19 Old
2608 4046 123 26 Townships.

2388 4125 42 23 An.
2443 4126 152 30 Inspection
2609 4125 23 23 is
2646 4125 106 24 invited.

2564 4171 101 20 HENRY
2679 4169 79 21 KIRK.

2906 772 120 43 Jdßl
3080 776 140 52 HOTEL,

2852 823 121 25 PORT
2996 828 191 27 STREET.

2942 864 158 22 AUCKLAND.

2812 948 5 4 _
2837 923 94 25 Splendid
2946 929 164 21 accommodation
3122 932 31 19 for
3163 934 51 19 Tour-

2812 951 35 16 ists
2856 949 38 20 and
2904 951 115 22 Travellers.

2828 987 179 33 High-class
3025 992 107 28 Wines
3152 998 60 25 and

2919 1021 113 33 Spirits
3045 1025 80 33 kept.

2856 1099 38 26 W.
2929 1101 30 25 H.
2987 1103 85 26 PEA
3088 1105 19 26 R
3121 1106 21 26 C
3159 1107 27 31 E,

2935 1138 173 35 Proprietor.

2841 1192 49 47 E.
2939 1195 261 61 LYONS,

2932 1259 181 41 TAILOR,

2815 1304 35 25 (la
2859 1305 33 21 the
2905 1309 96 23 premises
3017 1310 60 25 lately
3097 1314 92 22 occupied
3206 1315 27 21 bv

2918 1333 27 19 H.
2956 1334 32 20 W.
2998 1335 134 28 Neighbour.)

2834 1364 79 20 MAIN
2926 1366 87 24 ROAD,
3027 1369 187 25 OHINEMUTU.

2817 1413 240 47 RESPECTFULLY
3065 1420 47 18 calls
3120 1421 34 19 the
3170 1425 53 17 atten-

2888 1441 42 19 tion
2940 1442 20 18 of
2970 1442 104 21 Residents
3081 1448 20 16 to
3109 1446 30 19 his
3147 1454 40 13 new
3196 1450 37 18 and

2815 1467 68 18 varied
2892 1467 55 19 stock
2961 1468 21 20 of

2817 1498 121 27 SPRING
2947 1501 22 23 &
2980 1502 136 26 SUMMER
3128 1507 103 25 GOODS.

2829 1567 64 20 Style
2907 1570 16 18 &
2932 1569 90 21 Perfect
3032 1572 37 19 Fit
3077 1573 142 22 Guaranteed.

2864 1616 158 48 Steele
3044 1620 133 49 Bros.

2828 1714 208 69 MARAEROA_
3055 1717 164 46 SAWMILL.

2816 1797 129 43 DESIRE
2954 1801 24 17 to
2987 1801 73 19 thank
3068 1802 39 19 the
3115 1804 74 22 public
3198 1806 35 18 for

2882 1823 53 21 past
2948 1823 76 19 favors
3038 1825 44 18 and
3096 1825 43 24 beg
3156 1828 25 18 to
3195 1834 26 13 an-

2815 1849 89 14 nounce
2912 1846 51 18 that
2971 1847 84 23 having
3063 1853 14 14 a
3090 1849 61 23 large
3165 1851 68 19 stock

2815 1867 26 18 of
2850 1867 169 21 well-seasoned
3027 1871 117 20 first-class
3152 1874 81 19 timber

2815 1895 30 13 on
2853 1890 61 19 hand
2922 1891 55 23 they
2984 1898 38 13 are
3031 1896 108 21 prepared
3146 1897 24 17 to
3177 1897 56 19 fulfil

2815 1914 77 17 orders
2900 1916 26 17 at
2934 1916 96 19 reduced
3039 1917 67 19 rates.

2817 1979 49 44 T.
2903 1982 63 44 M.
3162 1974 39 34 ,A
3204 1988 23 18 *-

2848 2044 139 19 BARRISTER
3001 2046 52 17 AND
3062 2046 136 24 SOLICITOR,

2827 2083 38 20 118,
2885 2083 95 19 VICTORIA
3000 2086 86 21 ARCADE,
3107 2087 115 19 AUCKLAND.

2852 2162 52 18 rister
2916 2163 38 17 and
2967 2164 85 18 Solicitor
3066 2165 19 17 of
3100 2165 31 18 the
3147 2166 64 23 Suprei

2905 2186 63 21 Court,
2975 2187 82 21 Ontario,
3064 2187 79 20 Canada.

2813 2430 49 17 Fire
2874 2430 96 19 Premium
2986 2432 92 18 Exceeds
3123 2433 107 22 £1,100,000

2945 2466 13 13 d
2962 2462 67 17 Funds
3034 2464 80 17 Exceed
3122 2464 108 22 £1,000,000

2879 2500 37 19 W.
2939 2501 92 19 WARD
3048 2502 106 23 BAKER,

2843 2540 96 19 District
2947 2540 113 24 Manager,
3069 2542 125 20 Auckland.

2895 2580 37 18 W.
2945 2580 27 19 A.
2986 2580 160 24 WILLIAMS,

2867 2619 70 19 Local
2956 2620 82 23 Agent,
3065 2620 105 21 Rotorua.

2864 2667 105 41 DAVID
2998 2667 178 50 SHERRIFF,

2892 2742 109 19 FAMILY
3017 2742 134 26 BUTCHER,

2860 2791 79 20 Abawa
2961 2793 89 22 Stjjeet,
3072 2792 103 21 Rotokua.

2834 2839 21 20 Is
2872 2846 44 12 now
2935 2840 91 25 carrying
3044 2846 24 12 on
3087 2841 33 19 the
3136 2841 91 21 business

2809 2874 60 24 lately
2888 2874 108 19 conducted
3015 2874 26 25 by
3057 2874 74 20 Messrs
3147 2876 79 19 Jecklin

2822 2908 26 19 nd
2858 2908 72 23 Cotter,
2942 2908 38 18 and
2990 2908 16 19 is
3017 2909 96 24 prepared
3122 2912 19 16 to
3154 2910 73 25 supply

2809 2942 34 19 the
2852 2942 66 25 public
2928 2942 46 20 with
2986 2942 61 26 prime
3055 2943 76 25 quality
3141 2944 20 18 of
3174 2947 52 16 meat

2809 2977 38 19 and
2856 2977 56 19 small
2921 2977 62 24 goods

2878 3020 34 19 AT
2926 3020 115 23 LOWEST
3055 3020 99 19 PRICES.

2834 3084 167 23 WYNYARD
3015 3083 182 29 &PURCHAS,

2867 3135 124 19 Barristers
2999 3140 40 13 and
3050 3134 115 23 Solicitors,

2808 3189 76 20 B.N.Z.
2892 3190 115 23 Chambers,
3016 3189 66 21 Queen
3086 3190 27 22 St,
3121 3189 103 19 Auckland

2817 3287 45 21 \\/
2870 3284 18 20 E
2900 3285 51 19 havo
2961 3292 70 17 money
3040 3287 19 16 to
3069 3284 44 19 lend
3124 3290 25 13 on
3163 3283 49 20 Mort-

2824 3309 11 17 ▼
2842 3309 11 17 T
2895 3317 54 18 gage
2958 3311 20 18 of
2992 3311 96 18 Freehold
3102 3310 39 18 and
3154 3309 59 20 Lease-

2808 3335 47 19 hold
2864 3341 88 20 property
2952 3335 4 26 -
2967 3339 20 16 at
2996 3340 78 15 current
3083 3340 57 14 rates.

2808 3397 40 39 Go
2879 3397 42 39 e.
2958 3396 264 43 mmmm®,

2846 3448 98 27 SHIPS
2954 3447 98 26 YACHT
3065 3446 120 27 BROKER.

2865 3479 187 20 COMMISSION
3064 3478 102 22 AGENT,

2815 3517 77 44 HAS
2914 3516 54 20 FOR
2990 3514 67 19 SALE
3074 3521 12 12 a
3104 3514 82 18 number
3203 3513 20 18 of

2886 3546 63 15 steam
2971 3541 98 21 launches,
3088 3540 73 25 yachts,
3183 3539 39 18 and

2806 3569 79 25 pulling
2895 3568 57 19 boats
2971 3566 84 20 suitable
3074 3566 32 18 fur
3122 3566 43 18 Lko
3182 3567 40 15 and

2806 3595 51 19 river
2865 3594 61 20 work.

2869 3624 180 19 Correspondence
3069 3621 89 20 Invited.

2966 3674 98 20 Address:

2832 3714 29 21 15,
2875 3710 148 22 QUEEN-ST.,
3038 3706 154 22 AUCKLAND.

2808 3765 205 45 Rotorua
3036 3758 184 55 Library

2806 3844 99 48 OPEN
2915 3844 53 18 from
2979 3844 22 18 10
3011 3845 44 14 a.m.
3065 3841 20 16 to
3095 3840 11 16 5
3115 3844 47 18 p.m.
3182 3838 40 19 and

2864 3871 43 18 6.30
2917 3873 22 15 to
2949 3871 22 17 10
2977 3873 44 20 p.m.
3026 3864 89 24 Sundays
3120 3864 31 18 till
3156 3865 30 24 9p
3196 3871 26 15 m.

2824 3901 167 30 Subscription:
3002 3902 41 19 20s
3052 3902 40 18 Per
3101 3901 101 19 Annum.

2830 3943 85 20 Visitors
2931 3946 42 17 may
2989 3942 81 20 procure
3085 3935 68 19 Books
3172 3937 51 18 from

2806 3970 33 18 the
2849 3968 84 25 Library
2942 3972 23 12 on
2982 3961 82 25 making
3079 3968 13 13 a
3110 3962 77 24 deposit
3203 3963 21 18 of

2806 3998 33 16 not
2847 3995 40 18 less
2896 3994 46 19 than
2960 3992 27 20 ss,
3005 3988 39 19 and
3060 3987 123 26 purchasing
3205 3989 20 18 Is

2806 4026 76 19 coupon
2890 4021 30 17 for
2929 4021 57 18 every
2998 4014 52 18 Four
3060 4014 68 18 books.

2830 4046 42 18 The
2888 4043 82 22 Library
2991 4039 17 18 is
3027 4045 51 19 open
3100 4039 74 26 during
3191 4040 35 19 the

2806 4073 77 22 evening-

2892 4116 139 21 PRINTING
3053 4116 21 19 of
3098 4123 58 17 every
3181 4117 45 19 des*

2806 4143 22 22 tl
2861 4144 84 24 cription
2955 4141 97 20 executed
3068 4142 46 19 with
3135 4146 92 16 ueatuosi

2806 4172 37 20 and
2852 4168 93 24 despatch
2954 4171 21 17 at
2987 4168 34 19 the
3031 4167 118 21 Chronicle
3161 4167 4 25 '.
3173 4170 54 18 )llice.
