3258 4197
1190 57 58 20 THE
1263 58 56 19 HOT
1333 57 92 20 LAKES
1439 58 165 20 CHRONICLE
1617 57 158 24 SATURDAY,
1792 58 157 21 FEBRUARY
1963 61 31 22 13,
2011 59 48 20 1897.

2759 4023 80 18 Printed
2857 4024 39 17 and
2912 4025 101 22 published
3024 4026 25 22 by
3059 4027 20 17 F.
3090 4027 21 18 F.
3126 4026 68 20 Watt.

2782 4047 21 16 ut
2811 4047 33 17 tho
2853 4048 103 22 registered
2970 4049 87 23 printing
3066 4050 58 19 office,
3134 4050 52 19 Hiue-

2781 4075 43 12 moii
2834 4071 63 20 street,
2907 4071 89 18 Rolorua.

2752 4100 3 28 I
2771 4100 150 23 SATURDAY,.
2926 4102 141 18 FEBRUARY
3079 4104 29 22 .13,
3131 4104 51 20 1807*

72 147 154 22 fayfflr

606 147 269 33 WATCDC

181 278 45 19 One
242 277 22 21 of
280 278 34 20 the
324 279 117 19 necessities
451 277 22 19 of
483 277 34 20 tbo
527 278 80 25 comiug
616 278 75 19 Season
703 279 40 19 will
753 279 24 19 be

40 334 21 25 A
100 334 113 23 COOL
254 334 98 24 AID
392 333 330 25 EEFKESHING
762 335 162 24 DRINK

65 394 138 20 Untinttured
216 394 24 26 by
249 401 39 17 auy
298 393 127 20 Deleterious
441 393 99 19 Chemical
552 393 137 25 Compounds.
717 392 19 21 A
746 394 59 19 drink
815 395 22 18 at
847 401 50 12 once

261 447 182 28 Exhilarating
464 446 51 23 and
532 446 155 30 Refreshing
687 446 4 30 1
693 465 5 10 ,

41 503 36 20 unil
91 503 62 19 which
171 503 35 19 .viil
218 510 61 18 prove
289 509 11 12 a
310 501 116 26 preventive
437 501 21 19 of
466 501 115 25 Dyspepsia
599 502 38 18 and
653 502 28 19 ail
696 502 92 19 Internal
808 503 114 21 Disorders.

66 529 85 19 Aerated
164 530 81 19 Waters
257 529 37 18 and
306 528 96 22 Cordials,
421 528 121 24 comprising
558 528 35 19 the
602 528 75 19 Purest
686 528 120 24 Lemonade,
823 530 35 19 the
868 531 56 20 Most

40 552 30 24 l)e
79 556 62 19 icious
152 556 33 19 Gn
195 561 35 19 ger
239 555 46 23 Ale,
299 554 176 25 Highly-charged
493 554 52 19 Soda
555 554 80 24 AVater,

243 604 398 37 ZOLMKON
663 608 56 36 E,

39 668 12 18 &
60 671 41 13 new
108 663 152 27 Invigorating,
269 663 149 20 nnn-a'cobolic
427 663 104 26 Beverage
539 672 5 17 ;
560 665 56 18 Lime
625 665 59 19 Juice
701 665 86 24 Cordial,
799 665 125 25 Raspberry,

40 693 136 23 I'eppeiuiu.i,
189 691 77 23 Cloves,
277 689 51 19 Pino
337 689 73 25 Apple,
421 690 40 19 and
472 691 76 18 Ltiuon
558 691 77 24 Syrups
645 692 38 18 and
703 691 134 26 Sarsaparilla
853 698 35 12 are
898 692 26 18 all

307 716 154 19 manufactured
472 723 24 12 on
506 717 34 18 the
548 717 104 24 premises.

228 741 115 20 Lemonade
353 742 40 18 uud
404 742 75 24 Ginger
489 742 44 23 Ale,
544 745 70 21 quarts
625 743 40 18 and
671 743 62 25 pints.

58 1085 116 33 'eapots
204 1085 62 26 and
296 1086 115 24 Butter
440 1084 117 25 Dishes
585 1083 35 27 in
650 1083 99 27 Great
778 1084 145 34 Variety.

108 1164 152 19 SUITABLE
272 1163 60 19 FOE
346 1163 122 21 HOTELS,
479 1161 151 19 WEDDING
639 1161 161 22 PRESENTS,
814 1161 41 19 &c.

166 1276 120 41 GOOD
313 1276 154 40 VALUE
496 1276 50 41 IN
574 1276 228 41 CUTLERY.

73 1408 115 18 Tea-table
198 1408 46 19 and
254 1408 73 19 Bread
336 1408 95 22 Knives,
446 1408 81 22 Steels,
538 1408 103 20 Carvers,
652 1409 88 18 Pocket
749 1409 90 18 Knives
847 1409 46 18 and

367 1439 119 18 Butchers'
500 1440 96 17 Knives.

92 1537 24 22 A
129 1537 111 22 L.ARG-E
253 1537 216 23 ASSORTMENT
484 1537 146 24 SCISSORS
644 1538 64 23 ALL
725 1538 87 23 SIZES
826 1538 46 23 AT

583 1599 12 14 *
637 1599 34 21 fcf*
679 1597 74 19 NEW

706 1630 159 19 PREMISES.
872 1632 32 20 42

470 1688 302 34 STREET,

320 1747 3 18 !
337 1748 106 15 E37SNK
461 1747 47 17 OF
527 1748 87 15 N)=iA£
631 1748 185 17 ZEHLHND,

59 2074 15 36 •:
102 2078 10 38 3

336 1932 66 22 (Late
411 1931 26 18 of
441 1931 150 23 Melbourne.)

515 1982 158 24 TAILOR.

231 2090 125 26 Clothes
372 2090 89 26 made
481 2093 33 23 to
536 2090 93 25 order
651 2096 36 18 on

286 2124 55 25 the
355 2123 142 26 Shortest
513 2123 115 25 Notice,
672 2126 23 25 .j
740 2129 6 22 f

369 2220 50 16 f.ED
430 2220 28 18 IN
469 2219 80 19 TOWN.

360 2312 165 18 s:—ARAWA
539 2312 124 21 STREET,.

369 2353 184 16 RGTQHUK.

736 2276 46 40 II
806 2276 19 42 I

708 2332 109 48 iiW

294 2780 51 32 By
362 2780 164 26 ELSDON
548 2780 114 26 BEST.

54 2899 6 15 d
75 2889 65 26 'HE
160 2889 122 32 Papers
297 2890 107 26 which
417 2890 157 32 appeared
583 2890 34 25 in
626 2890 54 26 the
689 2891 83 25 HOT
785 2891 136 26 LAKES

49 2917 17 36 1
117 2922 243 27 CHRONICLE
376 2924 101 24 under
489 2924 54 24 tlie
566 2924 102 25 aloove
687 2923 71 26 title
778 2930 54 20 are
851 2931 70 20 now

32 2955 167 32 published
212 2956 34 25 in
257 2955 164 34 pamphlet
433 2956 89 26 form.

236 3013 130 45 Price
391 3012 94 46 One
519 3013 201 55 Shilling.

165 3103 70 25 Post
252 3103 73 25 Free
338 3104 75 24 from
442 3103 217 26 CHRONICLE
682 3104 104 26 Office.

33 3232 78 18 UnHfiv
118 3233 40 17 the
164 3233 172 23 disting-uished
341 3234 127 23 patronag-e
476 3234 25 17 of
505 3234 42 18 His
553 3234 140 24 Excellency
702 3236 61 17 Lord
772 3235 96 25 Carring
873 3237 40 18 ton

55 3264 117 19 Governor
182 3265 25 18 of
214 3265 100 22 N.S.W.,
324 3265 50 19 and
379 3265 61 19 Lord
457 3265 94 19 Onslow
560 3266 119 19 Governor
688 3267 26 19 ©f
720 3267 58 18 New
788 3268 108 19 Zealand.

190 3468 40 32 T
257 3469 47 32 7X
331 3469 48 33 \J
409 3469 44 33 R
478 3469 47 34 M
557 3469 45 33 N
634 3469 44 35 G
705 3471 60 34 K.

33 3549 8 15 r
47 3549 69 21 V¥LE
275 3549 16 18 is
301 3549 129 25 pronounced
439 3550 27 24 hy
482 3550 26 18 its
518 3549 88 19 Patrons
624 3552 20 17 to
659 3550 25 19 bo
699 3551 34 19 the
750 3551 46 21 Ust
808 3552 54 21 built
877 3554 40 20 and

38 3571 23 21 _l
97 3575 44 18 best
150 3574 108 20 furnished
269 3575 63 19 Hotel
341 3575 21 19 in
372 3575 34 19 the
416 3575 67 19 North
492 3575 77 19 Island.

64 3605 134 26 Private
211 3606 107 26 Suites
327 3607 21 18 of
357 3606 132 25 Apartments
498 3607 33 18 for
541 3606 102 21 Families.

344 3639 101 30 Sample
460 3641 95 23 Rooms
575 3643 32 18 for
622 3642 131 22 Commercial
763 3644 126 22 Gentlemen.

31 3672 87 21 Coaches
126 3672 56 19 leave
192 3673 34 18 the
236 3673 63 18 Hotel
308 3673 32 19 for
355 3674 35 19 the
402 3674 68 19 Lakes
488 3681 27 13 on
530 3676 75 19 arrival
621 3678 21 18 of
659 3678 25 18 all
703 3680 102 18 steamers.
836 3680 79 25 Special

135 3698 92 25 Buggies
244 3699 40 19 and
295 3699 74 19 Saddle
380 3700 77 19 Horses
467 3707 36 13 can
520 3701 25 20 bo
562 3702 97 20 obtained
675 3704 32 19 for
716 3704 27 19 all
755 3709 56 20 parts

383 3726 21 19 of
414 3726 35 19 the
465 3727 96 25 Country.

33 3758 183 26 First-class
228 3759 125 32 Sailing
366 3760 62 25 and
440 3761 136 33 Rowing
590 3761 98 28 Boats
700 3764 48 26 for
760 3765 155 27 Pleasure

292 3792 61 26 and
372 3792 134 33 Fishing
518 3794 134 28 Parties.

31 3832 61 26 The
125 3832 162 25 Saltwater
317 3833 127 33 Bathing
478 3835 126 26 Pavilion
641 3838 23 24 is
699 3839 100 25 within
824 3841 89 26 three

230 3865 139 26 minutes'
391 3867 74 26 walk
485 3869 33 24 of
533 3869 55 25 the

249 3905 116 26 Telegrams
385 3908 77 19 receivo
489 3911 81 24 prompt
588 3911 106 19 attention.

333 4052 285 31 PROPRIETOR..

1277 131 229 32 ROTORUA,

1337 219 100 22 THE

1215 327 88 23 (Under
1315 326 58 19 New
1385 327 183 23 Management.)

972 393 92 19 Situated
1075 393 22 19 in
1107 393 34 19 the
1150 396 54 17 most
1211 394 76 19 central
1303 393 88 25 position
1408 393 20 19 in
1448 394 34 18 the
1501 400 45 13 new
1563 393 107 25 township,
1690 392 92 25 opposite
1797 392 33 19 the

947 419 125 20 Courthouse
1082 419 40 19 and
1132 420 21 19 in
1164 420 52 19 dose
1226 420 109 25 proximity
1344 421 21 16 to
1375 419 35 19 the
1421 419 48 20 Post
1479 420 68 24 Office,
1557 419 134 23 Sanatorium,
1712 418 64 19 Baths
1792 418 38 19 and

947 445 47 19 Kail
995 451 43 18 way
1053 445 85 19 Station.

972 479 42 19 The
1025 479 73 19 Hotel
1107 480 116 19 commands
1234 487 12 12 a
1255 479 129 25 magnificent
1394 479 51 20 view
1455 480 21 19 of
1486 480 34 19 tho
1530 479 58 20 Lake
1597 479 40 19 and
1647 479 17 19 is
1670 477 106 19 furnished
1783 479 47 19 with

947 512 26 12 an
982 512 35 17 eye
1027 508 19 16 to
1056 505 35 19 the
1101 506 85 19 comfort
1195 507 22 18 of
1227 506 26 19 its
1263 509 88 22 patrons.

973 539 42 20 The
1025 539 87 25 position
1122 540 21 19 of
1152 540 35 19 the
1199 540 71 19 House
1285 539 82 19 renders
1383 539 18 19 it
1419 539 112 26 peculiarly
1549 539 87 20 suitable
1654 539 32 18 for
1707 539 123 20 commercial

947 572 46 13 men
1002 566 84 24 visiting
1095 566 35 19 the
1140 568 61 17 town.

983 610 167 27 BILLIARD
1172 612 112 26 ROOM.
1427 612 149 27 SAMPLE
1598 611 136 31 ROOMS,
1747 612 51 25 Ac.

1113 665 176 32 Telegrams
1305 666 152 32 promptly
1470 666 151 27 attended
1635 666 41 24 to.

949 737 48 46 F.
1021 738 269 54 WATERS,

1576 737 252 56 Manager.

1147 1109 56 25 AT
1223 1110 238 28 AUCKLAND
1472 1112 159 26 PRICES.

1380 1152 64 18 ALSO

948 1181 191 20 HOUSEHOLD
1156 1181 186 25 FURNITURE,

1228 1214 161 23 CLOTHING,
1405 1214 151 24 DRAPERY,

1552 1247 144 21 GENERAL
1710 1250 115 19 STORES

1374 1285 24 12 ~o

1171 1314 54 34 S.
1268 1314 44 33 D
1336 1314 45 33 7\
1409 1314 45 33 N
1485 1315 44 32 D
1554 1314 55 36 O.

993 1368 239 26 AUCKLAND
1258 1370 89 25 AND
1375 1370 206 26 WAIKATO
1606 1372 183 32 AGENCY,

1189 1418 86 19 NEAR
1293 1419 150 18 CATHOLIC
1457 1419 133 20 CHURCH.

1274 1460 238 23 ROTORUH.

965 1764 247 29 TAURANGA,
1378 1767 169 27 THAMES
1557 1768 29 26 &
1596 1769 49 25 TE
1656 1769 158 28 AROHA.

1158 1806 108 24 Through
1279 1806 39 18 the
1335 1807 117 19 Beautiful
1465 1808 70 24 Oropi
1550 1809 69 19 Bush.

948 1835 41 18 The
1008 1834 39 26 trip
1065 1837 21 17 to
1105 1835 69 20 Waihi
1195 1836 25 26 by
1241 1837 40 18 this
1300 1840 57 15 route
1375 1838 17 17 is
1411 1844 37 12 one
1465 1838 21 19 of
1502 1839 34 18 tho
1552 1842 51 16 most
1618 1838 105 26 charming
1733 1838 67 21 drives
1809 1840 19 19 in

1310 1863 49 18 Now
1369 1863 98 20 Zealand.

973 1895 123 26 Passengers
1106 1896 79 18 hooked
1196 1896 55 25 right
1261 1896 89 26 through
1361 1901 19 16 to
1391 1898 112 23 Auckland,
1520 1899 105 25 including
1635 1898 103 20 Northern
1755 1899 61 20 Steam-

948 1921 44 25 ship
1004 1921 119 26 Company's
1133 1924 103 18 steamers.

1114 1957 123 25 Return
1251 1957 99 25 Fares
1363 1959 32 24 at
1412 1958 124 32 Special
1555 1959 107 26 Rates.

1017 1997 57 18 Mail
1089 1997 75 18 Coach
1180 1997 78 19 leaves
1274 1998 104 19 Rotorua
1391 2004 69 18 every
1472 1999 121 24 Thursday
1601 2001 26 17 at
1636 2001 63 22 eight
1707 2006 24 13 a.:

975 2060 128 27 BUGGIES
1125 2060 58 27 AND
1204 2060 117 28 SADDLE
1340 2062 115 28 HORSES
1474 2063 38 27 AT
1530 2064 61 26 ANY
1610 2064 76 26 HOUR
1708 2064 95 27 DAILY.

948 2114 261 40 MUSGRAVE
1234 2115 95 41 AND
1351 2116 244 50 MAHGNEY,
1615 2139 18 18 p
1634 2139 19 18 E
1655 2139 38 19 op
1694 2140 128 19 EIETOEs
1825 2114 2 52 .

1119 2168 101 28 Agents
1238 2170 28 21 in
1281 2169 136 30 Tauranga
1427 2170 38 22 for
1481 2171 69 22 Cook
1566 2171 21 22 &
1601 2171 55 23 Son.

1076 2203 137 25 Rotorua
1243 2203 115 30 Agent:
1391 2204 39 25 W.
1462 2204 240 26 HENSHAW.

1310 2311 150 34 THE

947 2560 242 54 Published
1228 2573 142 45 every
1404 2563 236 59 Saturday
1672 2566 124 46 .Morn-

1345 2619 86 57 ing,

1109 2817 62 17 PAID
1184 2817 30 17 IX
1227 2817 127 19 ADVANCE.

1129 2848 44 23 Six
1186 2848 107 25 Months
1304 2850 27 22 5s
1343 2848 4 25 ;

1128 2874 52 23 One
1197 2875 69 22 Year
1276 2875 43 22 10s
1330 2883 5 19 ;

1124 2970 334 35 ADVERTISING
1477 2975 178 33 BATES:

973 3025 62 18 Throe
1047 3025 99 26 Shillings
1157 3033 35 18 per
1203 3026 45 19 inch
1257 3033 35 18 per
1303 3026 58 24 issue,
1373 3033 25 19 up
1408 3031 19 16 to
1436 3030 8 17 3
1453 3031 113 19 mseutions.
1584 3031 128 27 Subsequent
1720 3033 109 19 Insertions

945 3050 44 21 half
998 3055 58 15 rates.
1087 3051 80 26 Special
1177 3055 61 16 terms
1251 3054 31 17 i'ur
1293 3052 70 25 longer
1378 3055 82 24 periods.

970 3106 177 19 Announcements
1157 3106 22 18 of
1189 3105 71 20 Births
1270 3106 40 18 and
1320 3105 77 21 Deaths
1408 3114 32 13 are
1450 3109 87 24 charged
1554 3113 22 15 2s
1592 3111 54 23 each,
1668 3114 34 17 not
1721 3112 108 24 exceeding

945 3134 23 16 30
980 3132 68 18 words.
1077 3132 105 24 Marriage
1192 3135 170 16 aiMioancemeuts
1378 3135 27 18 3s.
1433 3127 330 34 NOTE.—These'charees
1787 3146 42 15 are

943 3159 39 22 for
992 3158 176 30 Prepayment
1178 3158 73 25 Only-

1121 3326 52 25 OF
1199 3326 144 27 EVERY
1371 3328 285 31 DESCRIPTION

1002 3386 122 47 Done
1159 3393 51 40 at
1247 3388 79 53 ttje
1349 3389 221 56 Shortest
1591 3395 177 47 JSfotiee.

943 3516 343 61 NEWS
1350 3522 470 64 AGENCY.

1002 3602 192 55 EJnglisfr
1221 3603 202 58 Foreign,
1453 3608 90 45 and
1568 3608 199 49 Colonial

1091 3661 180 54 Papers,
1293 3661 278 57 JVlagazines,
1595 3666 86 47 &e.

941 3721 185 42 SYDNEY
1165 3723 236 43 BULLETIN
1440 3727 30 40 k
1509 3728 315 45 CANTERBURY

1187 3769 146 40 TIMES
1359 3772 62 41 ON
1449 3773 133 42 SALE.

1131 3890 93 69 To
1274 3870 351 95 tourists*

936 3985 192 59 Agency
1152 3988 77 47 fop
1250 3990 215 47 Martin's
1490 3993 167 54 Photos
1677 3996 146 56 oftfte

1279 4047 211 50 District..

1884 249 339 57 Hydropathic
2266 249 161 52 Hotel,
2475 255 235 42 Rotorua.

2138 331 224 33 ESTABLISHED
2383 332 76 32 1881.

1856 391 72 20 Under
1941 392 34 18 the
1985 392 110 23 patronage
2105 389 23 18 of
2138 390 33 19 Sir
2181 390 35 19 W.
2237 390 86 24 Jervois,
2339 390 49 19 Earl
2406 392 37 18 and
2462 392 101 20 C.-unteps
2582 392 21 19 of
2623 392 117 24 Ilop.-tuun,

2024 415 34 20 the
2070 416 56 19 Hoe.
2136 416 90 19 Premier
2236 417 39 19 and
2290 417 102 20 Members
2409 418 21 18 of
2441 418 128 21 Parliament.

1881 521 41 20 The
1933 521 64 19 Hotel
2008 520 16 19 is
2034 520 89 19 situated
2133 527 26 11 on
2170 526 26 13 an
2204 520 93 21 elevated
2308 521 88 25 position
2408 528 24 12 on
2443 522 33 21 the
2487 524 68 19 shores
2571 522 22 20 of
2609 521 55 20 Lake
2679 522 51 18 Koto-

1855 554 44 18 ma,
1910 548 120 19 convenient
2041 550 20 15 to
2071 546 27 19 all
2108 546 35 19 lho
2154 546 64 25 sights
2229 546 20 20 in
2260 547 35 20 the
2305 548 87 19 district.

1926 598 113 30 Sulphur
2051 598 51 23 and
2116 597 113 25 Mineral
2242 599 83 23 Baths
2339 600 21 18 in
2370 599 36 19 the
2417 600 95 21 Grounds
2523 602 22 19 of
2555 601 35 19 the
2601 600 70 19 Hotel.

1987 702 18 20 A
2022 701 106 20 reduction
2145 702 17 19 is
2180 703 57 19 made
2254 706 21 16 to
2286 704 77 25 weekly
2374 710 22 12 or
2407 705 88 26 monthly
2507 705 104 21 boarders.

1936 755 66 19 Books
2013 754 38 19 and
2061 754 135 20 information
2206 756 64 22 gratis
2281 758 21 17 at
2312 755 55 20 Cook
2383 756 37 18 an.!
2440 757 56 20 Sons'
2513 759 51 24 (sole
2581 757 81 25 agent-)
2679 756 63 20 offices

2168 781 126 23 throughout
2305 782 34 19 the
2350 781 85 21 Colonv.
2732 791 10 11 «

2311 872 7 11 ,
2375 860 17 5 -
2445 861 17 5 -
2506 836 236 50 .Manager.

2211 936 177 26 TAUPO.

2055 1076 204 29 LAKE
2293 1077 247 30 TATJPO.

1880 1141 122 27 TARIFF:
2016 1141 62 19 Four
2088 1141 111 24 Shillings
2208 1147 41 18 per
2258 1141 67 19 Diem
2333 1141 4 27 ;
2359 1143 98 23 Twenty
2468 1144 110 24 Shillings
2587 1150 41 17 per
2637 1144 82 19 Week.

1905 1225 137 42 ROBERT
2066 1225 160 42 WILLIAM
2254 1226 116 43 PRINN,

2504 1251 194 18 PROPRIETOR.

2104 1400 290 36 }^omr^<^:c

1891 1455 273 64 Nonee
2198 1456 102 63 TO
2329 1456 377 66 TOURISTS,

1889 1595 63 26 The
1971 1595 216 33 undersigned
2207 1596 28 25 is
2258 1603 73 20 now
2354 1597 138 34 running
2515 1599 143 32 Buggies
2682 1601 61 24 and

1857 1628 138 26 Coaches
2017 1630 32 24 to
2070 1629 54 25 the
2138 1629 165 32 following
2316 1630 106 32 places
2437 1632 33 24 of
2484 1632 133 26 interest
2636 1633 34 25 in
2690 1634 53 24 the

1855 1662 239 31 neighborhood
2112 1664 33 24 at
2164 1663 127 32 greatly
2316 1664 137 25 reduced
2477 1667 93 24 rates.
2619 1667 124 31 Special

1855 1695 182 25 reductions
2045 1695 49 26 for
2107 1696 89 32 large
2206 1696 126 32 parties.

1855 1736 327 23 WHAKAEEWAEEWA;
2220 1737 171 22 WAIRAKEI,
2414 1738 100 20 TAUPO
2530 1740 20 18 &
2568 1740 60 18 THE

1993 1759 145 19 TIKITERE
2151 1760 20 18 &
2185 1760 105 18 OKERE
2303 1759 110 24 FALLS;
2427 1762 174 20 WAIOTAPU.

1877 1790 127 19 N.B.—The
2014 1790 101 19 Tikitere
2125 1791 53 24 Trip
2188 1797 43 13 can
2240 1797 54 14 now
2302 1792 28 19 be
2339 1793 117 18 extended
2463 1794 25 18 to
2497 1795 40 18 the
2546 1795 60 18 head
2615 1795 26 18 of
2648 1795 93 23 Rotoiti,

1855 1814 83 18 thence
1952 1815 25 17 to
1991 1814 113 23 Rotoehu,
2122 1815 102 23 opening
2237 1821 32 17 up
2286 1821 65 13 some
2368 1816 26 18 of
2409 1817 39 18 the
2468 1818 116 18 Grandest
2597 1818 102 24 Scenery
2720 1818 23 19 in

1855 1837 57 18 New
1921 1837 104 18 Zealand.

1867 1884 92 22 Special
1971 1886 169 26 Conveyances
2152 1886 45 19 and
2209 1887 87 19 Saddle
2308 1887 83 20 Horses
2403 1891 21 16 to
2436 1888 26 19 all
2474 1892 61 23 parts
2551 1890 23 19 of
2587 1889 38 20 the
2642 1889 86 20 district

2178 1916 22 16 at
2213 1914 115 22 ]Vloderate
2340 1915 78 22 FJates.

1900 1960 47 18 Bus
1952 1960 77 18 leaves
2037 1960 63 18 Lake
2107 1961 87 22 House,
2203 1962 83 23 calling
2293 1963 26 17 at
2325 1963 31 17 all
2363 1963 82 18 Hotels
2451 1964 45 18 and
2503 1964 116 23 Boarding
2626 1964 93 19 Houses

1876 1983 36 18 for
1920 1983 224 24 Whakarewarewa,
2156 1985 68 18 twice
2233 1985 117 23 forenoon,
2361 1986 69 18 twice
2439 1987 127 19 afternoon.

2378 2106 301 44 rroprietor.

2004 2154 134 26 STABLES
2163 2156 80 26 NEAR
2268 2156 75 26 LAKE
2364 2157 98 25 HOUSE
2486 2157 103 25 HOTEL.

1969 2905 195 31 I^ryoldspeoai!

2131 3166 40 60 iI
2206 3174 205 45 Proprietor*:-
2476 3170 15 36 i

2109 3203 105 72 *
2234 3222 281 63 DISTILLERS
2554 3227 46 59 C*
2630 3228 51 60 is?

2206 3324 5 12 ,
2262 3300 169 35 rMMWtf,
2452 3300 142 35 SCOft/im

1895 3366 463 33 WHOLESALE
2395 3369 296 35 AQ-EIsTTS

1858 3420 59 54 L.
1988 3423 67 52 D.
2127 3425 324 54 NATHAN
2516 3425 50 58 &
2631 3429 99 54 Go.

1894 3510 298 57 mxk*a\

1948 3581 166 36 QUEEN
2141 3583 204 37 STHEKT,
2363 3584 273 34 AUCKLAND,

2075 3622 108 19 UNDER
2196 3624 75 19 NEW
2283 3624 223 19 MANAGEMENT.

2064 3653 457 66 JOSEPOieRJIE,

1973 3738 61 26 (Late
2043 3740 22 18 of
2074 3740 36 18 tlie
2119 3740 58 20 Lake
2186 3741 72 20 House
2272 3742 41 19 and
2328 3742 73 19 Palaco
2411 3742 79 23 Hotels,
2500 3742 109 27 Rotoruti,)

2093 3771 50 19 Has
2149 3772 52 23 just
2209 3773 72 18 taken
2293 3778 56 14 over
2357 3773 47 19 this
2413 3773 75 19 Hotel.

1849 3791 127 21 Travellers
1985 3793 47 19 will
2039 3793 49 19 find
2097 3799 71 20 every
2176 3796 97 18 Modern
2283 3796 160 19 Convenience
2451 3797 122 19 combined
2578 3798 58 19 with
2643 3799 94 25 Civility

2152 3819 47 18 and
2205 3819 96 23 Prompt
2308 3820 122 19 attention.
2726 3817 3 25 '

1874 3859 43 20 The
1929 3860 98 20 situation
2037 3861 21 18 of
2072 3861 36 20 tho
2124 3862 125 20 Waveicley
2267 3864 83 19 renders
2369 3865 16 18 it
2403 3864 97 26 specially
2518 3866 119 19 convenient
2654 3867 32 19 for
2701 3869 35 19 the

1849 3884 118 28 Travelling
1976 3887 73 19 Public
2059 3888 41 19 and
2118 3888 88 20 Visitors
2223 3893 20 16 to
2260 3890 35 19 tl>e
2311 3890 46 25 City
2372 3891 53 19 from
2441 3890 33 19 tho
2491 3891 89 26 Country
2597 3892 27 25 by
2644 3893 54 20 train
2714 3902 23 12 or

1849 3912 92 20 steamer.

1851 3935 102 31 Special
1963 3939 207 29 Arrangements
2181 3942 74 22 made
2265 3942 40 23 for
2316 3941 45 24 the
2376 3943 175 23 convenience
2566 3944 27 22 of
2604 3944 131 27 Families.

2039 3977 202 19 MIGHT
2286 3980 261 18 F>OFJTER.

1850 4015 175 29 First-class
2041 4019 117 27 Billiard
2176 4021 117 26 Rooms.
2331 4022 99 26 Wines
2444 4024 59 24 and
2521 4024 108 32 Spirits
2643 4025 33 25 of
2681 4026 54 26 the

1927 4051 69 27 best
2013 4052 124 26 Brands.
2183 4053 169 27 Hancock's
2375 4056 81 25 Prize
2472 4055 103 28 XXXX
2589 4057 68 26 Ales

2119 4085 113 34 always
2251 4093 37 20 on
2316 4088 140 32 draught.

2765 120 421 45 HIHKMOASTORE

2764 188 168 23 TtrrLLIAM
2953 189 108 22 ROGERS
3077 191 84 18 directs*
3168 194 17 17 at-

2780 211 11 8 *
2843 215 78 19 tention
2932 218 21 16 to
2960 216 34 19 the
3003 217 106 25 following
3118 217 51 19 lines
3179 219 19 18 of

2764 293 102 25 Bycroft's
2876 294 111 19 Snowdrift
2996 296 52 19 N.Z.
3057 296 61 21 Flour
3118 293 3 25 1

2765 319 102 24 Sultanas,
2879 320 100 23 Muscatel
2987 322 40 19 and
3036 322 98 21 Valencia
3149 324 48 20 Rai«

2817 345 48 21 sins,
2876 346 41 19 and
2927 346 96 20 Currants

2764 371 50 23 Figs
2823 372 40 18 and
2873 371 111 21 Preserved
2994 373 84 27 Ginger,
3090 375 69 25 Spices

2764 397 76 19 Lemon
2852 399 39 17 and
2902 397 80 27 Orange
2994 400 49 19 Peel

2822 424 68 18 White
2901 424 111 26 Sugar—A
3029 427 117 24 Speciality.

2765 449 52 19 New
2827 449 91 19 Zealand
2925 450 62 20 Dairv
2994 453 147 19 Association's
3149 451 50 23 Bu'S

2870 478 37 17 ter.

2791 501 61 19 TEA.
2911 501 112 21 COFFEE.
3078 505 95 20 COCOA.

2765 550 88 19 General
2866 551 127 20 Assortment
3010 554 21 19 of
3049 553 151 27 Storekeeper'?

2944 578 73 19 Goods.

2826 614 313 59 HIHEHJWTSTORE.

2754 703 25 17 >ld
2788 703 86 17 warriors
2895 703 43 17 who'
2951 703 53 17 lftado
3024 703 73 23 history
3111 709 24 12 on
3148 703 20 18 tli

2753 724 55 19 iattle
2825 726 84 22 grounds
2926 726 20 17 of
2961 726 115 17 Ruatahuna
3097 726 38 17 and
3155 727 26 16 Ti:

2753 749 76 20 iVairoa,
2838 750 21 16 of
2867 749 26 17 Te
2902 749 73 22 Papuni
2984 748 37 18 and
3030 749 25 17 To
3064 749 115 17 AVhaiti-nui

2753 772 57 17 i-Toii
2834 772 53 23 They
2896 772 34 17 tell
2939 772 17 16 in
2967 773 70 16 serious
3050 773 53 16 tones
3119 773 20 16 of
3148 772 33 18 the

2753 795 97 23 [ormation
2865 795 20 17 of
2904 795 31 17 the
2949 792 155 21 Waittaremoana
3122 792 57 22 Lak<;,

2753 819 13 16 >f
2781 818 60 17 Malm
2853 818 37 17 and
2907 818 130 22 Haumapuhi;
3059 818 37 17 and
3114 819 20 16 of
3149 819 32 16 the

2753 847 45 16 mgo
2807 841 90 17 Taniwha
2912 839 97 19 ltuamano
3027 843 20 15 at
3059 839 26 19 To
3099 841 80 23 Papuni,

2754 865 12 16 if
2784 865 32 16 the
2826 864 105 17 enchanted
2940 864 46 22 dogs
2994 865 20 17 at
3022 865 102 19 Taneatua,
3143 865 37 17 and

2755 888 24 17 he
2788 891 74 13 woman
2877 884 74 23 demon,
2970 887 157 21 Iliile-rtiarangi,
3139 888 42 17 who

2753 916 73 17 ippcars
2834 911 19 17 in
2869 911 32 17 the
2910 911 47 16 form
2967 911 19 16 of
2995 917 11 10 a
3014 910 43 17 bird
3066 911 38 17 and
3118 911 63 17 whose

2753 930 130 29 [ppearanceis
2893 940 11 10 a
2912 934 41 21 sign
2960 934 23 16 .of
2992 933 70 18 death.'

2770 957 44 17 Two
2824 956 20 17 of
2852 957 32 17 the
2900 958 49 16 most
2965 957 112 21 interesting
3094 953 87 27 chapters

2754 986 11 11 n
2775 980 32 16 Mr
2816 980 60 17 Best's
2887 980 48 17 book
2952 980 48 17 refer
3014 981 21 16 to
3052 980 31 17 the
3100 980 46 17 relic
3162 981 19 16 of

2753 1001 64 26 [hallio
2834 1003 80 22 worship
2932 1005 87 20 amongst
3036 1002 32 19 the
3084 1003 95 17 Urewera,

2753 1026 52 17 [hero
2820 1032 32 11 arc
2866 1027 38 16 two
2921 1026 62 17 sacred
2998 1026 58 17 hinau
3073 1027 54 19 trees,
3146 1032 35 12 one

2753 1049 52 18 sailed
2817 1050 36 16 'Te
2869 1049 58 18 Iho-o
2945 1049 88 20 K&taka,'
3051 1049 60 18 which
3128 1049 16 18 is
3161 1050 20 17 at

2753 1070 113 22 iuatahuna,
2888 1072 38 17 and
2942 1073 32 16 the
2990 1073 54 16 other
3059 1073 36 16 'Te
3112 1073 55 16 Huna-

2753 1096 118 20 mna-a-Po,'
2888 1098 21 14 at
2925 1096 31 16 the
2973 1095 124 23 Horonianga
3115 1096 64 17 Creek.

2753 1119 48 17 Jntil
2809 1120 64 16 recent
2880 1125 54 16 years
2942 1119 67 17 barren
3019 1124 72 12 women
3097 1119 44 17 who
3147 1119 21 16 do-

2754 1142 40 17 ired
2803 1142 82 17 children
2900 1148 48 11 were
2964 1141 119 19 accustomed
3100 1143 20 16 to
3132 1142 48 17 -visit

2754 1166 44 16 hesc
2807 1167 48 16 trees
2864 1166 36 16 and
2909 1165 84 17 embrace
3000 1166 57 16 them.
3083 1165 41 17 One
3142 1165 38 17 side

2753 1190 12 16 >f
2773 1189 33 17 the
2815 1189 70 17 former
2893 1190 39 15 tree
2940 1185 15 20 is
2964 1186 59 20 called
3033 1189 32 16 the
3080 1188 101 18 taha-tane

2753 1212 49 18 male
2811 1211 53 23 side),
2880 1211 38 18 and
2931 1211 31 18 the
2979 1211 55 18 other
3050 1211 130 18 taha-wahine

2753 1235 69 18 female
2838 1235 53 22 side).
2925 1235 37 16 The
2975 1232 158 26 Ngati-manawa
3142 1235 37 16 and

2754 1259 98 23 Jgati-apa
2860 1258 67 22 people
2936 1258 38 17 still
2982 1258 61 17 retain
3059 1263 12 11 a
3087 1258 58 17 belief
3160 1258 19 16 in

2754 1282 43 18 hese
2804 1283 46 20 tapu
2856 1283 54 15 trees.
2935 1281 54 17 After
2995 1281 67 22 giving
3069 1281 112 22 particulars

2753 1304 94 20 Connected
2856 1305 46 16 with
2911 1304 32 17 the
2951 1304 63 17 sacred
3029 1304 72 20 hinaus,
3118 1304 61 17 wh.'oh

2753 1329 22 16 *lr
2784 1328 46 17 Best
2838 1328 33 16 has
2880 1328 48 17 been
2936 1327 32 18 the
2977 1327 40 18 first
3030 1329 20 15 to
3059 1326 119 24 investigate,

2753 1358 14 11 le
2777 1351 93 18 remarks:
2873 1361 22 2 —

2754 1373 2 23 ,
2769 1373 4 23 '
2780 1375 39 16 The
2829 1374 38 18 cult
2883 1374 21 17 of
2920 1374 33 16 the
2968 1373 72 21 phallic
3056 1373 73 22 symbol
3146 1374 34 16 has

2781 1621 105 33 BAKER
2898 1623 25 31 &
2934 1623 255 34 CONFECTIONER.

2820 1701 85 23 Bread
2918 1702 133 24 delivered
3068 1704 78 30 daily.

2820 1769 165 25 GROCERIES,

2963 1806 146 24 DRAPERY,

2958 1844 44 15 AND

2766 1870 124 20 GENERAL
2896 1872 206 21 STOREKEEPER'S
3111 1875 90 19 GOODS,

2785 1924 42 45 J.
2858 1924 47 46 R.
2942 1926 237 52 LUNDOJI

2900 1995 165 23 SOLICITOR,

2764 2030 28 17 TE
2794 2035 13 12 S\
2811 2034 37 14 PLE
2855 2030 116 23 CHAMBERS,
2976 2032 98 22 HIGII-ST,
3078 2033 124 19 AUCKLAND..

2763 2075 156 20 N.B.—Attends
2928 2079 78 22 country
3016 2079 69 18 Courts
3093 2080 26 23 by
3131 2082 69 21 special

2763 2102 140 20 arrangement.

2820 2155 313 51 J3UCK.LJLND

2775 2225 174 42 COFFEE
2990 2228 193 44 PALACE.

2813 2298 144 31 QUEEN
2978 2300 167 34 STREET,

2760 2356 65 25 Also
2849 2359 107 30 opposite
2977 2360 109 24 Herald
3114 2361 84 32 OJjlce.

2751 2468 90 47 «,.E,
2892 2469 271 59 WATERS,

2751 2546 41 11 onie
2815 2538 70 24 capital

2754 2563 63 18 atural
2826 2564 85 16 beauties
2919 2563 19 17 of
2947 2564 31 16 the
2989 2558 24 22 ifc
3026 2558 4 23 '
3043 2558 56 18 Un.

2754 2586 85 23 npaired.
2864 2587 77 21 Among
2948 2586 44 18 wild
3004 2592 13 11 si

2754 2610 92 17 tilisation
2867 2610 21 17 of
2907 2610 99 20 Niagara's
3029 2610 93 22 strength,
3146 2609 31 18 Mr

2754 2633 59 17 lartin
2823 2633 106 17 mentioned
2939 2632 42 18 that
2989 2633 61 17 which
3058 2633 92 22 proposed
3158 2635 19 14 to

2754 2658 61 21 roject
2823 2662 48 17 open
2880 2656 55 18 tubes
2947 2656 59 17 under
3022 2656 35 17 the'
3072 2656 49 20 falls,
3140 2656 37 17 and

2754 2680 41 17 itch
2804 2680 32 16 the
2846 2685 71 17 energy
2926 2680 19 16 of
2951 2679 32 17 the
2990 2679 115 21 descending
3112 2681 63 18 water;

2754 2705 21 15 ut
2784 2703 15 17 it
2808 2703 32 17 did
2849 2704 33 15 not
2891 2703 44 17 take
2943 2703 40 16 into
2996 2704 80 16 account
3090 2703 32 16 the
3139 2703 28 17 ice-

2754 2732 42 17 ergs
2806 2726 19 17 of
2834 2726 75 17 winter.-

2751 2779 43 17 ?HE
2803 2778 76 18 RISKS
2891 2776 32 20 OP
2938 2776 112 20 MODERN
3063 2776 96 20 TRAVEL-

2925 2799 69 21 LING.

2751 2823 240 29 I.T
3065 2845 7 8 ,
3114 2823 2 31 ,

2804 2866 35 40 A,
2863 2867 72 40 AND
2959 2867 31 42 Cf.
3018 2870 127 48 BROOK,

2758 2934 83 23 BOOT
2855 2935 70 23 AND
2942 2936 82 23 SHOE
3046 2938 148 31 MAKERS,

2817 2975 88 19 Pen-ton
2921 2976 88 25 Street,
3032 2978 108 21 Kotorua.

2758 3015 47 19 And
2827 3017 23 18 at
2878 3016 83 20 Parnell
2984 3018 40 19 and
3054 3020 140 21 Newmarket.

2785 3101 66 25 Large
2861 3102 39 19 and
2912 3103 66 19 varied
2995 3104 63 19 Stock
3069 3105 22 18 of
3102 3105 91 25 English,

2758 3128 88 24 Foreign
2858 3130 39 17 and
2909 3129 91 20 Colonial
3010 3131 62 18 Boots
3085 3133 36 17 and
3132 3133 62 19 Shoes

2820 3156 22 17 to
2853 3154 73 20 choose
2937 3156 49 19 from
2998 3159 22 17 at
3031 3157 34 19 the
3077 3160 53 18 most

2796 3196 214 33 REASONABLE
3034 3199 127 33 PRICES.

2759 3251 36 19 All
2811 3252 70 20 orders
2898 3253 38 19 and
2953 3254 77 25 repairs
3046 3256 151 24 expeditiously

2925 3281 102 19 eseeuted.

2760 3321 22 17 S.
2799 3321 25 19 B.
2839 3321 148 24 FORDYCE,
3014 3334 8 3 -
3046 3334 8 3 -
3080 3324 121 25 Manager

2752 3374 37 20 .W.
2796 3375 22 17 L.
2825 3375 99 21 FORSTEIt,
2935 3381 42 16 C.E.,
3003 3377 26 17 11.
3040 3378 29 18 W.
3079 3378 114 23 MITCHELL,

2844 3411 39 11 LATE
3014 3412 99 13 AUISJOR-fcED
3121 3415 42 11 LAND

2760 3427 80 11 ENGINEER
2847 3428 69 11 MIDLAND
2923 3429 75 13 RAILWAY.
3018 3430 10 11 4
3038 3430 55 11 MINING
3109 3432 79 11 3URVEYOR-

2760 3444 88 16 IIaURAKI
2857 3445 106 17 PtNINfaULA.
3001 3446 85 17 RoTOHUA
3094 3448 15 16 &
3117 3448 70 17 PaEHOA

2762 3505 160 42 FORSTER
2949 3507 24 40 &
3006 3509 193 48 MITCHELL,

2789 3564 111 27 MINING
2917 3566 171 28 ENGINEERS
3109 3569 60 25 AND

2889 3600 185 31 SURVEYORS,

2759 3641 120 19 VALUERS
2893 3643 32 17 OF
2933 3644 101 18 MINING
3044 3645 55 17 AND
3109 3646 92 18 OTHER:

2893 3667 166 22 PROPERTIES,

2829 3702 107 22 Hatjraki,
2954 3703 49 18 New
3019 3705 105 18 Zealand.

2782 3765 95 17 Members
2886 3766 59 17 of-the
2954 3766 47 18 N.Z.
3012 3768 92 17 Institute
3116 3770 21 16 of
3150 3769 36 18 Sur

2828 3857 119 19 Noumanby
2959 3858 63 23 Road,
3034 3859 96 20 Paeroa.-

2791 3907 67 19 TOTE
2878 3916 64 19 paper
2959 3911 41 19 and
3016 3911 116 26 Envelopes
3148 3913 51 19 witL

2773 3930 23 21 -1
2839 3935 83 24 printed
2935 3935 90 27 heading
3036 3939 21 17 at
3067 3937 65 26 cheap
3140 3940 49 18 ratea-

2759 3962 21 16 at
2791 3959 107 21 Chronicle
2913 3962 62 18 oilice.
