2550 4039
45 254 161 32 New
260 254 377 32 Zealand
691 254 376 32 Gazette
1121 254 161 32 and
1336 254 537 32 Wellington
1927 254 538 32 Spectator.

2322 522 100 41 [Vol.
2444 524 27 30 I.

536 526 130 32 PORT
689 524 288 36 NICHOLSON,
1000 520 260 35 SATURDAY
1282 520 240 39 MORNING,
1546 522 265 31 DECEMBER
1837 525 48 32 12,
1910 524 88 28 1840.

48 535 63 31 No.
132 534 66 38 35.]

2005 614 105 21 TOWN
2124 615 112 20 ACRES
2251 616 45 20 TO
2310 617 75 20 LET.

1900 646 180 48 NUMBERS
2095 654 28 14 on
2136 647 37 22 the
2183 648 242 28 Surveyor-General's
2435 649 52 23 Plan

1983 674 26 20 of
2020 673 38 21 the
2068 677 67 23 town,
2174 675 40 21 179

2185 702 27 20 75

2185 729 27 19 62

2171 755 43 21 330

2159 782 53 21 1097

1928 806 36 22 On
1976 806 132 28 application
2124 810 23 18 to
2164 807 41 21 Mr.
2223 807 23 22 F.
2262 807 84 28 Logan,
2366 808 123 28 Clyde-ter-

1899 840 59 20 race,
1972 833 85 27 Petoni,
2068 838 67 18 terms
2145 834 43 22 will
2199 835 27 21 be
2236 835 65 21 mnde
2312 835 88 22 known.

1922 860 178 27 .Clyde-tetrace,
2112 860 57 22 Nov.
2180 862 33 25 23,
2226 863 61 21 IS4O.

1901 914 174 20 BUILDING
2094 915 235 21 ALLOTMENTS
2353 917 44 19 TO
2415 917 76 20 LET.

1905 947 90 48 THE
2014 947 200 22 ADVERTISER
2229 948 65 22 offers
2311 956 60 18 upon
2388 950 106 27 Building

1979 974 88 25 Leases,
2079 981 12 14 a
2101 974 94 21 number
2205 974 27 21 of
2241 975 70 21 Town
2321 976 137 22 Allotments
2467 977 25 21 in

1904 1000 37 21 the
1950 1005 59 17 most
2019 1001 106 21 desirable
2136 1005 60 23 parts
2206 1001 26 22 of
2243 1001 44 22 this
2298 1002 139 23 Settlement.

1930 1027 48 22 The
1997 1028 109 21 attention
2124 1028 25 21 of
2167 1027 37 22 the
2221 1028 75 26 public
2314 1029 18 21 is
2348 1030 145 27 particularly

1904 1053 70 22 called
1995 1057 22 18 to
2036 1054 38 21 the
2092 1054 124 27 advantage
2235 1055 26 21 of
2281 1055 105 28 Building
2404 1056 87 27 Leases,

1905 1081 70 21 which
1987 1081 36 21 the
2033 1081 151 26 undersigned
2194 1082 17 20 is
2223 1082 95 21 enabled
2327 1088 23 15 to
2360 1089 73 20 grant,
2441 1084 50 26 viz.,

1904 1107 56 22 from
1971 1115 68 14 seven
2090 1111 137 24 twenty-one
2244 1115 72 20 years,
2335 1110 119 28 according
2470 1114 23 17 to

1905 1134 36 21 the
1960 1134 65 22 value
2044 1134 27 21 of
2091 1135 37 21 the
2151 1135 113 27 buildings
2288 1136 108 27 proposed
2420 1141 22 17 to
2465 1137 29 22 be

1905 1161 97 22 erected.

2148 1188 24 22 F.
2190 1188 28 22 A.
2235 1188 230 23 J'OLESWORTH.

2010 1244 105 21 TOWN
2129 1244 113 21 ACRES
2257 1246 45 19 TO
2316 1246 76 24 LET,

1906 1277 179 49 NUMBERS
2099 1284 30 15 on
2138 1277 37 22 the
2186 1278 241 27 Surveyor-General's
2437 1286 63 19 map,

2041 1305 41 21 199
2175 1307 42 20 470
2313 1307 41 19 288

2042 1332 40 20 168
2176 1333 42 19 559
2313 1333 43 21 314

2042 1359 41 20 156
2178 1359 40 21 19G
2313 1359 43 21 310

2041 1386 41 20 423
2176 1387 42 20 306
2313 1387 44 21 424

2054 1412 29 21 47
2176 1413 42 20 305
2314 1413 41 21 723

2041 1439 39 21 sfil
2178 1440 40 20 IG7
2313 1440 42 20 343

1934 1465 53 22 And
1998 1472 67 20 many
2077 1465 73 21 others
2160 1465 22 21 in
2194 1465 37 21 the
2241 1469 58 18 most
2313 1465 110 23 desirable
2437 1469 60 25 parts

1908 1492 25 21 of
1944 1492 37 22 the
1993 1496 66 18 town.
2089 1491 43 23 For
2141 1492 132 27 particulars
2289 1493 65 26 iipply
2366 1496 22 17 to

2307 1520 20 21 J.
2340 1521 35 20 W.
2387 1520 80 22 Child.

1936 1546 85 27 Petoni,
2033 1546 59 21 Nov.
2102 1548 33 23 30,
2148 1547 59 21 1340.

2110 1601 69 21 FOR
2194 1601 98 24 SALE,

1910 1634 175 50 SEVERAL.
2092 1634 69 22 Town
2178 1635 46 21 and
2240 1634 100 28 Country
2360 1636 99 20 Sections
2476 1636 27 20 of

1976 1662 70 21 Land.
2076 1661 76 28 Apply
2162 1665 22 18 to

2227 1688 92 21 Robert
2331 1688 28 22 R.
2371 1689 97 21 Strang.
2483 1698 4 3 -

1953 1743 106 21 TOWN
2085 1743 54 21 and
2155 1743 168 21 COUNTRY
2338 1743 104 21 LAND.

1910 1778 50 47 A
1979 1776 107 22 LARGE
2105 1777 95 22 number
2221 1776 25 21 of
2266 1776 68 23 Town
2360 1778 71 21 Acres
2453 1777 46 22 and

1989 1804 98 26 Country
2098 1804 101 21 Sections
2211 1808 22 16 to
2244 1803 27 22 be
2281 1803 38 22 let.
2348 1804 70 21 Town
2430 1804 70 22 Acres

1910 1831 42 21 will
1965 1831 27 21 be
2003 1830 140 22 sub-divided
2155 1834 21 17 to
2191 1830 43 22 suit
2251 1834 96 18 tenants.

1938 1858 43 21 For
1990 1857 87 22 further
2085 1857 139 28 particulars,
2239 1858 67 26 apply
2316 1861 23 18 to

2246 1884 97 21 Dudley
2356 1884 116 23 Sinclair.

1938 1910 57 22 Nov.
2007 1912 33 25 2S,
2054 1912 58 20 1840.

2014 1966 105 21 TOWN
2133 1966 113 21 ACRES
2261 1967 45 20 TO
2320 1967 75 20 LET.

2103 2006 30 15 on
2144 1999 37 21 the
2192 1999 241 29 Surveyor-General's
2440 2008 53 21 map

2181 2053 42 21 553

2181 2080 42 21 627

2181 2106 40 22 775

2170 2134 53 21 1007

2169 2161 55 21 1057

1939 2187 44 21 For
1996 2187 130 27 particulars
2141 2187 92 27 enquire
2249 2191 24 17 at
2289 2187 35 22 the
2343 2187 64 23 office
2424 2188 25 22 of
2465 2187 38 23 the

1940 2241 58 21 Nov.
2009 2243 33 21 26,
2055 2242 60 21 1840.

1913 2296 116 49 LAND
2040 2296 61 22 FOR
2111 2296 113 22 SALE.
2226 2297 18 21 O
2254 2304 21 14 le
2286 2300 58 18 town
2352 2297 45 22 and
2406 2301 95 24 country

1989 2323 86 22 section
2085 2323 37 21 No
2130 2324 47 21 838.
2206 2324 76 27 Apply
2295 2328 21 16 to

2294 2351 28 21 A.
2339 2351 134 22 Anderson.

1941 2377 146 27 Wellington,
2098 2377 55 22 Dec.
2165 2378 32 25 10,
2209 2378 61 21 1840.

2136 2432 146 21 TIMBER.

1917 2458 184 50 SEASONED
2110 2459 88 27 boards,
2211 2461 8 19 1
2232 2460 38 25 in.,
2284 2460 10 25 |
2305 2459 39 27 in.,
2354 2458 45 23 and
2411 2460 10 25 J
2432 2459 29 22 in.

1999 2485 104 22 Weather
2112 2486 88 21 boards.

1998 2512 117 28 Scantling
2124 2514 26 19 of
2161 2513 29 21 all
2200 2514 64 21 sizes.

1998 2539 98 28 Norway
2106 2539 68 23 deals.

1998 2566 101 22 Battens.

1997 2595 28 20 50
2035 2594 59 26 pairs
2103 2593 87 23 French
2200 2594 113 27 windows,
2324 2597 45 18 two
2379 2594 63 23 sizes.

1999 2620 123 22 Pdiinelled
2132 2620 72 22 doors.

2094 2648 25 21 T.
2136 2648 33 21 M.
2186 2647 183 22 PARTRIDGE
2379 2648 47 21 and
2435 2648 45 22 CO.

1917 2674 195 26 Manners-street,
2123 2674 145 27 Wellington,

1968 2703 32 20 Ist
2011 2701 129 27 December,
2154 2703 58 20 1840.

2125 2757 68 20 FOR
2204 2756 97 24 SALE,

1917 2791 70 48 BY
1994 2790 41 22 TH
2042 2790 16 21 E
2068 2789 236 23 UNDERSIGNED,
2313 2798 12 13 a
2332 2790 65 22 small
2406 2790 102 27 quantity

1995 2817 24 21 of
2025 2817 53 21 seed
2088 2824 60 18 corn,
2165 2816 51 22 seed
2227 2824 60 19 peas,
2300 2817 77 24 (white
2386 2817 43 21 and
2437 2817 69 27 blue,)

1918 2844 91 22 kitchen
2019 2843 82 27 garden
2115 2843 69 26 seeds,
2205 2843 63 28 hops,
2285 2844 42 22 salt
2337 2844 23 21 in
2371 2843 136 28 hogsheads;

1917 2871 50 28 pale
1979 2871 35 21 ale
2023 2871 22 21 in
2058 2878 61 14 cases
2129 2871 43 21 and
2183 2870 69 26 casks,
2264 2871 59 26 good
2334 2871 107 25 muskets,
2451 2878 58 19 gun-

1917 2897 97 33 powder,
2025 2897 51 22 shot
2091 2897 70 27 (large
2171 2897 44 21 and
2230 2897 82 28 small,)
2329 2905 68 20 paper
2407 2897 34 21 for
2449 2898 60 21 roof-

1917 2932 47 19 ing,
1977 2925 59 27 lamp
2046 2928 75 18 cotton
2130 2932 5 19 ;
2152 2924 45 22 also
2208 2931 29 15 an
2254 2928 136 19 assortment
2408 2925 27 21 of
2447 2925 63 22 iron-

1917 2958 118 21 mongery.

2071 2978 65 22 Luke
2146 2978 128 27 Nattrass,
2289 2978 109 22 Lambton
2410 2979 71 26 Quay.

2000 3033 145 26 QUEEN'S
2159 3033 98 20 HEAD
2272 3033 159 20 TAVERN.

1919 3061 36 48 J
1991 3059 108 22 HOWES
2124 3060 52 26 begs
2196 3063 22 17 to
2235 3063 76 18 return
2327 3059 83 22 thanks
2418 3059 34 22 for
2468 3059 38 22 the

2002 3090 92 23 support
2103 3086 28 21 he
2141 3087 40 20 has
2190 3086 103 21 received
2303 3086 61 21 since
2379 3086 29 21 he
2423 3087 87 27 opened

1920 3114 37 21 the
1968 3114 70 21 above
2049 3113 175 26 establishment,
2242 3113 47 21 and
2305 3113 63 22 takes
2385 3113 37 21 the
2431 3121 79 19 oppor-

1920 3140 75 27 tunity
2005 3145 21 16 to
2038 3147 118 14 announce
2167 3139 48 22 that
2222 3139 28 22 he
2259 3139 42 22 has
2312 3139 81 28 always
2404 3147 29 14 on
2447 3140 63 22 hand

1920 3168 26 21 of
1958 3167 38 22 the
2014 3174 52 20 very
2085 3167 49 20 best
2150 3166 85 27 quality
2251 3173 68 21 every
2336 3167 133 27 description
2487 3167 27 21 of

1920 3195 59 25 beer,
1992 3193 40 27 ale,
2044 3193 63 27 wine,
2117 3193 44 22 and
2171 3193 79 27 spirits,
2258 3196 24 18 at
2289 3193 113 22 moderate
2411 3193 99 28 charges.

1948 3220 145 27 Wellington,
2105 3220 125 21 December
2238 3221 21 26 4,
2272 3221 60 20 1840.

1921 3275 36 48 J
1991 3273 105 22 ALLEN
2105 3277 89 18 returns
2204 3274 85 21 thanks
2299 3278 22 17 to
2339 3274 36 22 his
2391 3281 121 15 numerous

2004 3300 84 22 friends
2097 3300 44 22 and
2152 3300 36 21 the
2198 3300 81 28 public,
2287 3301 35 21 for
2327 3301 39 22 the
2373 3309 54 19 very
2434 3301 77 22 liberal

1921 3332 93 24 support
2022 3328 29 21 he
2061 3327 39 22 has
2116 3327 96 22 hitherto
2229 3328 110 26 received,
2357 3328 45 22 and
2418 3328 52 26 begs
2488 3332 23 17 to

1921 3356 83 20 inform
2023 3354 61 21 them
2105 3354 48 21 that
2170 3354 84 27 having
2273 3354 66 22 made
2360 3354 152 23 considerable

1922 3381 113 22 additions
2044 3384 22 18 to
2076 3381 35 22 his
2120 3381 82 22 former
2212 3381 70 27 stock,
2294 3381 28 22 he
2339 3381 40 22 has
2395 3385 62 23 great
2473 3381 39 22 ad-

1922 3412 107 22 vantages
2040 3411 22 18 to
2073 3408 54 21 offer
2136 3408 21 21 in
2169 3408 118 27 groceries,
2306 3408 117 28 preserved
2440 3408 70 26 fruits,

1924 3435 90 28 pickles,
2034 3434 100 27 vinegar,
2155 3434 45 22 and
2214 3435 125 27 provisions
2356 3435 26 21 of
2393 3434 28 22 all
2439 3434 72 23 kinds.

1951 3462 64 26 Also,
2035 3469 27 14 an
2084 3462 115 21 extensive
2217 3466 135 17 assortment
2369 3461 25 22 of
2410 3461 99 27 muslins,

1924 3489 77 27 prints,
2009 3488 85 26 shawls,
2098 3488 81 26 cloaks,
2186 3488 74 27 scarfs,
2269 3489 102 26 calicoes,
2376 3488 54 26 long
2435 3487 77 26 cloths,

1924 3515 101 27 shirting,
2038 3514 94 28 hosiery,
2144 3515 44 21 and
2196 3514 166 28 haberdashery
2369 3523 5 18 ;
2392 3514 68 22 ladies
2467 3514 47 22 and

1925 3542 120 21 children's
2054 3542 103 26 bonnets,
2165 3542 64 22 shoes
2235 3542 45 21 and
2287 3542 70 25 boots,
2366 3541 147 27 gentlemen's

1925 3568 55 27 hats,
1999 3576 59 20 caps,
2079 3568 143 27 Wellington,
2234 3568 114 26 Cbu-ence,
2361 3568 45 21 and
2416 3567 97 23 Blucher

1925 3596 71 26 boots,
2008 3595 100 27 clothing
2118 3596 21 21 in
2150 3600 62 21 great
2223 3595 92 27 variety.

1951 3622 110 27 Shipping
2070 3622 101 27 supplied
2182 3622 50 21 with
2244 3621 113 22 butcher's
2367 3624 61 19 meat
2442 3621 68 27 daily,

1924 3656 27 14 on
1964 3648 38 22 the
2012 3653 58 17 most
2080 3648 115 23 resonable
2205 3652 75 17 terms.

1924 3702 71 21 THE
2019 3703 93 20 HOPE
2138 3702 131 21 COFFEE
2294 3701 55 21 and
2375 3701 139 21 EATING

2157 3728 121 21 HOUSE.

1926 3755 33 48 S
1993 3755 174 22 MARSHALL
2183 3755 51 26 begs
2252 3754 64 21 leave
2335 3757 23 18 to
2376 3754 82 21 inform
2477 3753 36 22 his

2007 3782 85 21 friends
2101 3781 45 22 and
2157 3781 36 21 the
2202 3781 75 27 public
2289 3781 22 21 in
2321 3781 99 26 general,
2429 3781 48 21 that
2483 3781 29 21 lie

1925 3808 39 22 has
1974 3808 87 27 opened
2070 3808 36 21 the
2117 3808 69 21 above
2196 3807 76 27 house,
2281 3807 45 22 and
2334 3807 68 28 hopes
2413 3808 28 25 by
2450 3807 64 22 strict

1924 3835 109 22 attention
2044 3838 22 17 to
2077 3842 109 19 economy
2195 3834 45 21 and
2249 3834 93 28 qxiality,
2362 3835 48 21 that
2425 3833 28 22 he
2468 3834 48 23 will

1924 3862 87 21 receive
2021 3869 14 14 a
2044 3861 64 22 share
2118 3861 26 22 of
2155 3861 57 21 their
2223 3862 98 26 support.

1951 3889 50 21 Hot
2011 3888 70 27 joints
2093 3888 69 27 ready
2174 3887 58 22 from
2247 3889 26 20 12
2284 3887 33 23 till
2326 3889 21 20 2.
2377 3887 57 22 Cold
2443 3887 72 27 joints

1925 3915 82 27 always
2017 3915 75 28 ready.

695 620 116 19 UNION
826 618 101 21 BANK
942 618 43 20 OF
1000 616 219 21 AUSTRALIA.

660 646 94 21 London
774 646 92 21 O-fice.
884 645 43 21 No.
942 645 35 22 33.
996 644 49 21 Old
1064 643 184 21 Bkoad-street.

713 672 94 27 Capital,
818 673 123 23 500,000;
962 670 52 28 paid
1023 677 36 20 up,
1075 670 118 25 300,000.

892 698 62 21 Direc
962 702 55 17 tors:

715 726 88 26 George
814 725 48 21 Fife
873 725 85 25 Angas,
972 724 59 27 Esq.,

714 752 86 22 Robert
810 751 92 27 Brooks,
915 751 43 27 Esq
969 767 6 11 ,

714 780 77 20 James
802 778 60 21 John
873 778 87 21 Cumm'
965 776 36 28 us,'
1008 777 60 27 Esq..
1170 787 13 7 *

715 806 85 21 Robert
808 804 124 26 Gardener,
944 804 61 28 Fsq.,
1017 803 150 26 Manchester,

714 833 62 21 John
787 832 68 26 Gore,
869 832 59 27 Esq.,

715 860 62 21 John
786 858 101 22 William
897 857 93 27 Buckle,
1002 857 60 28 Esq.,

715 886 118 28 Benjamin
847 885 110 22 E.Lindo
974 885 57 27 Esq.,

715 913 92 21 Charles
818 912 95 22 Edward
922 911 109 26 Mangles,
1043 910 61 27 Esq.,

715 939 144 27 Christopher
870 939 102 25 Rawson,
984 938 58 26 Esq.,
1056 936 98 26 Halifax,

714 967 98 21 Thomas
823 966 78 26 Sands,
914 966 43 26 Esq
969 981 5 9 ,
987 963 122 28 Liverpool,

715 994 77 21 James
803 992 68 26 Bogle
883 991 79 22 Smith.
976 992 56 26 Esq.,

715 1021 78 21 James
803 1018 98 23 Ruddell
909 1018 72 24 Todil,
992 1018 51 26 Esq.

660 1054 103 21 Trustees
772 1061 5 13 :
803 1053 97 21 George
920 1051 64 22 Caisk
1007 1051 75 26 Glvn,
1106 1050 60 27 Esq.,
1188 1049 62 21 John

698 1081 74 26 Gore,
783 1079 60 28 Esq.,
860 1079 46 21 and
915 1078 76 22 Javks
1002 1077 21 22 J.
1035 1078 116 25 Cummins,
1163 1077 51 26 Esq.

662 1110 120 26 Bankers':'
802 1113 90 22 Messrs.
917 1112 35 22 Gl
972 1119 21 19 n,
1019 1112 127 24 Hallifax,
1168 1110 83 26 Mills,

909 1139 45 21 and
971 1138 36 23 30.

745 1176 117 26 Secretary
871 1182 5 13 :
892 1175 63 20 Samu
965 1181 22 13 -:l
998 1173 109 25 Jackson,
1118 1171 53 27 Esq.

700 1209 101 22 Colonial
812 1208 130 27 Inspector:
958 1208 21 20 J.
991 1207 23 21 C.
1027 1206 122 26 M'Laren,
1165 1204 51 28 E3q.

784 1263 71 21 New
873 1262 124 20 Zealand
1014 1260 116 21 Branch.

664 1296 67 23 Local
742 1297 115 22 Directors
865 1303 4 14 :
887 1295 58 22 Geo.
957 1295 21 21 S.
990 1294 83 24 Evans,
1088 1293 60 28 Esq.,
1161 1292 93 27 D.C.L.,

810 1322 45 23 and
866 1322 58 22 Geo.
937 1322 107 26 Hontf.r,
1057 1321 51 27 Esq.

665 1358 122 27 Manager:
804 1357 63 21 John
879 1356 83 24 Smith,
975 1355 58 27 Esq.,
1049 1354 45 21 late
1104 1353 26 22 of
1141 1353 37 22 the
1189 1353 65 22 Com-

714 1383 92 23 mercial
816 1383 64 22 Bank
891 1383 26 21 of
930 1382 109 27 England,
1052 1380 151 22 Manchester.

774 1417 115 23 Branches
899 1420 24 18 at
939 1416 96 26 Sydney,

941 1443 7 21 1
955 1443 73 21 lobart
1035 1442 76 26 Town,

941 1470 8 21 1
961 1472 128 23 aunceston,
1101 1467 45 22 and

941 1497 8 21 I
960 1500 33 17 ort
1005 1495 78 27 Philip.

665 1533 53 22 Port
727 1532 131 27 Nicholson,
871 1530 79 23 March
961 1531 34 26 24,
1007 1531 61 21 1840.

666 1587 90 29 rjIHE
774 1586 115 22 Directors
906 1585 26 21 of
948 1583 38 23 the
1004 1583 55 22 New
1076 1582 100 22 Zealand
1191 1582 64 22 Land

681 1605 11 27 I
739 1614 117 27 Company
871 1612 80 27 herebj
972 1611 51 27 give
1040 1618 29 14 no
1073 1610 47 26 'ice,
1139 1609 48 21 that
1202 1609 53 27 they

664 1640 58 23 have
730 1648 112 15 EFFECTED
854 1647 29 14 AN
894 1645 172 15 ARRANGEMENT
1075 1637 50 21 with
1134 1636 37 22 the
1180 1636 74 22 UniOll

665 1668 63 21 Bank
744 1668 26 21 of
786 1666 121 26 Australia,
925 1665 44 21 N.>.
986 1667 33 24 38,
1035 1664 45 22 Old
1096 1663 158 25 Broad-street,

665 1695 102 26 London,
779 1695 34 20 for
823 1693 37 21 the
874 1692 168 22 establishment
1056 1691 26 21 of
1095 1698 13 14 a
1125 1689 129 23 BRANCH

665 1721 88 22 BANK
770 1721 33 21 IN
819 1719 71 23 NEW
906 1718 157 27 ZEALAND,
1078 1717 96 27 through
1184 1716 72 22 which

665 1749 38 21 the
712 1749 101 21 business
827 1747 27 21 of
868 1747 36 21 the
924 1746 55 22 New
997 1744 99 22 Zealand
1110 1743 65 23 Land
1191 1743 66 21 Com-

664 1782 61 21 pany
734 1775 45 21 will
788 1775 27 21 be
826 1773 135 22 transacted.
990 1771 46 22 The
1053 1772 114 21 Directors
1183 1770 73 22 there-

666 1803 45 20 fore
722 1801 146 22 recommend
876 1804 23 18 to
917 1799 111 23 Colonists
1043 1799 39 21 the
1101 1797 73 22 Union
1192 1797 64 21 B.mk

666 1829 25 21 of
711 1829 113 21 Australia
843 1836 23 13 as
885 1835 28 13 an
941 1825 168 23 establishment
1130 1824 127 27 possessing

666 1856 57 21 their
739 1855 70 22 entire
833 1854 137 25 confidence,
992 1853 44 21 and
1056 1852 49 22 able
1125 1855 21 17 to
1166 1851 101 27 provide,

666 1882 125 27 effectually
808 1881 35 22 for
859 1881 37 21 the
911 1879 106 23 financial
1031 1883 71 17 wants
1118 1878 26 22 of
1156 1877 37 22 the
1210 1878 48 21 first

665 1909 136 22 settlement.

835 1935 35 27 By
881 1934 66 22 order
956 1933 26 21 of
993 1933 36 21 the
1040 1932 79 25 Board,

913 1967 85 22 JOHN
1013 1966 103 26 WARD,
1132 1966 125 26 Secretary.

666 2004 56 21 New
732 2003 101 21 Zealand
843 2002 64 21 Land
918 2001 135 26 Company's
1063 2000 78 25 Office,

708 2028 177 27 ptcTain-street,
897 2027 105 26 AdcUphi,
1013 2026 53 22 27th
1076 2027 67 24 Aug.,
1154 2027 62 19 1839.

680 2082 231 22 DISSOLUTION
928 2081 41 21 OF
984 2079 259 22 PARTNERSHIP.

667 2116 145 49 NOTICE
828 2116 18 21 is
862 2115 84 26 hereby
960 2114 73 26 given,
1049 2113 48 21 that
1111 2112 37 21 the
1158 2116 101 22 partner-

748 2143 50 27 ship
808 2142 97 21 hitherto
916 2140 137 23 maintained
1063 2140 100 21 between
1176 2139 29 21 H.
1214 2138 44 22 and

666 2171 25 21 T.
704 2170 60 21 Cook
774 2170 19 21 is
808 2169 44 21 this
869 2169 43 27 clay
929 2167 110 22 dissolved
1056 2167 29 27 by
1103 2165 84 22 mutual
1206 2173 53 14 con-

667 2201 57 17 sent.
754 2196 39 22 All
803 2196 78 21 claims
891 2202 29 14 on
932 2195 37 20 the
979 2194 48 22 said
1042 2194 51 21 firm
1109 2199 22 15 to
1149 2192 42 22 this
1209 2192 50 21 date

668 2224 43 22 will
722 2224 27 21 be
759 2227 47 18 met
815 2224 30 26 by
855 2222 26 22 T.
890 2222 69 21 Cook.

1038 2247 85 22 Henry
1134 2246 70 27 Cook,

1035 2274 96 22 T.iomas
1143 2274 69 21 Cook.

669 2305 99 21 Witness
797 2303 34 21 W.
844 2303 120 21 Johmton.

695 2331 146 27 Wellington,
858 2331 33 20 Ist
901 2329 126 22 December
1036 2329 61 21 1840.

695 2385 27 22 T.
732 2385 63 22 Cook
805 2384 63 22 tnkes
879 2383 44 22 this
934 2383 101 22 occasion
1052 2382 26 21 of
1096 2381 110 27 thanking
1223 2380 37 22 the

668 2412 74 27 public
756 2412 35 21 for
806 2411 37 21 the
857 2410 80 22 liberal
951 2412 187 24 encouragement
1152 2409 45 21 and
1210 2415 51 20 sup-

669 2444 51 22 port
733 2439 28 21 he
775 2439 39 21 has
831 2438 105 21 received
950 2438 22 20 in
988 2436 143 28 conjunction
1149 2435 51 22 with
1217 2435 43 22 Mr.

672 2466 28 22 H.
711 2465 68 27 Cook,
792 2465 44 22 and
847 2465 53 25 begs
911 2468 23 17 to
944 2464 100 21 intimate
1053 2463 48 21 that
1109 2462 28 22 he
1148 2462 40 22 has
1194 2462 67 21 taken

669 2493 47 21 into
727 2492 141 28 partnership
877 2492 34 20 his
923 2491 95 25 brother,
1035 2490 44 21 Mr.
1095 2489 106 26 S.Cuok,
1217 2488 44 22 and

671 2520 68 27 hopes
758 2520 29 26 by
803 2519 108 26 assiduity
929 2518 43 21 and
991 2517 109 21 attention
1120 2516 23 22 in
1162 2516 36 21 the
1218 2516 44 21 dis-

671 2547 80 27 charge
763 2547 25 20 of
802 2546 100 22 business
913 2545 52 27 they
982 2544 45 22 will
1042 2544 71 22 retain
1130 2551 14 14 a
1158 2543 104 22 continu-

671 2582 56 14 ance
737 2573 26 21 of
775 2573 37 21 the
824 2580 60 14 same
894 2573 82 21 favors.

683 2627 232 21 DISSOLUTION
930 2627 42 20 OF
988 2624 258 22 PARTNERSHIP.

671 2662 146 49 NOTICE
833 2661 19 22 is
867 2660 86 27 hereby
967 2660 74 26 given,
1058 2659 48 21 that
1116 2659 37 21 the
1163 2662 100 23 partner-

753 2688 49 28 ship
812 2688 70 26 lately
892 2688 85 21 carried
988 2694 29 14 on
1031 2686 72 21 under
1118 2685 38 22 the
1176 2685 47 21 firm
1241 2685 25 21 of

679 2715 101 27 Reading
790 2715 45 22 and
845 2714 94 27 Newell,
951 2714 18 21 is
986 2714 43 21 this
1046 2713 44 27 day
1106 2711 111 23 dissolved
1234 2711 29 27 by

671 2742 85 23 mutual
769 2746 101 18 consent.

697 2770 47 21 The
755 2770 102 21 business
868 2769 21 21 in
901 2768 74 22 future
986 2767 43 21 will
1043 2767 28 21 be
1087 2765 85 23 carried
1188 2773 29 13 on
1233 2765 30 26 by

671 2797 21 22 J.
705 2796 95 26 Newell,
810 2799 22 18 to
849 2796 73 21 whom
940 2794 27 22 all
986 2794 64 21 debts
1065 2794 42 21 due
1125 2797 22 17 to
1163 2792 37 22 the
1217 2791 46 22 said

671 2824 51 21 firm
732 2831 37 14 are
781 2827 22 17 to
812 2824 28 20 be
850 2822 59 27 paid,
922 2821 42 22 and
975 2822 30 25 by
1022 2820 72 21 whom
1110 2820 30 21 all
1157 2822 106 19 accounts

671 2850 88 26 against
768 2850 39 21 the
817 2850 49 21 said
876 2849 50 22 firm
937 2848 44 22 will
990 2848 27 21 be
1029 2847 57 27 paid.

1001 2874 22 21 J.
1038 2874 26 21 B.
1083 2873 153 21 READING.

1001 2900 22 21 J.
1038 2899 139 22 NEWELL.

672 2930 146 26 Wellington,
839 2928 131 23 November
984 2929 34 25 26,
1039 2928 61 21 1840.

700 2956 98 22 Witness
827 2956 72 22 Jabez
911 2956 89 21 Allen.

699 3010 23 22 J.
737 3010 29 22 N.
782 3013 89 18 returns
982 3012 23 17 to
1019 3007 37 22 the
1071 3006 73 28 public
1158 3006 35 21 for
1209 3006 56 21 their

671 3038 56 21 kind
742 3040 123 24 patronage
882 3036 55 21 from
954 3034 37 22 the
1008 3035 53 20 time
1076 3034 28 21 hi*
1120 3032 145 23 commenced

673 3065 102 22 business
790 3064 24 21 in
835 3064 43 21 this
898 3062 94 26 Colony,
1013 3061 44 22 and
1076 3060 81 27 during
1176 3060 34 21 his
1229 3067 35 14 co-

672 3090 142 28 partnership
829 3090 54 21 with
900 3090 43 21 Mr.
959 3088 21 22 J.
998 3088 24 21 B.
1040 3087 108 27 Reading.
1178 3087 33 21 As
1228 3087 36 20 the

672 3118 112 26 buildings
796 3118 58 20 from
864 3116 44 22 this
924 3116 53 21 time
994 3114 167 22 henceforward
1177 3113 45 22 will
1238 3113 26 21 be

672 3144 176 28 superintended
858 3143 53 27 only
922 3143 29 26 by
962 3142 21 21 J.
996 3141 36 27 N.,
1051 3141 27 22 he
1096 3140 64 22 holds
1177 3139 92 22 himself

671 3172 67 22 liable
754 3172 33 21 for
803 3178 44 20 any
865 3170 93 21 mistake
973 3168 49 22 that
1037 3175 52 20 may
1106 3168 63 21 arise.
1198 3167 22 22 J.
1236 3166 28 21 N.

673 3203 66 17 trusts
755 3198 49 21 that
817 3196 116 23 moderate
949 3195 91 27 charges
1054 3194 45 22 and
1115 3201 109 19 economy
1242 3193 22 21 in

673 3226 101 26 erecting
783 3232 69 20 every
868 3224 57 21 kind
941 3222 24 22 of
984 3222 112 26 buildings
1113 3220 114 22 entrusted
1243 3223 22 18 to

672 3253 55 26 him,
746 3252 43 22 will
808 3251 78 22 entitle
903 3250 48 22 him
965 3253 23 18 to
1002 3248 66 23 merit
1081 3255 13 14 a
1108 3247 64 22 share
1187 3247 27 21 of
1229 3247 36 21 the

673 3280 75 27 public
759 3283 130 24 patronage.

849 3333 29 21 T.
894 3332 56 21 and
964 3332 24 19 S.
1005 3329 91 22 COOK

674 3368 92 49 BEG
781 3370 22 19 to
817 3367 104 21 intimate
931 3369 22 18 to
969 3363 105 23 Families
1089 3362 43 22 and
1150 3362 115 27 Shipping,

751 3394 49 22 that
810 3394 54 27 they
873 3393 107 22 continue
996 3394 22 18 to
1033 3390 80 27 supply
1130 3389 59 22 fresh
1206 3387 58 27 beef,

674 3422 56 26 veal,
741 3424 97 23 mutton,
849 3420 62 28 pork,
925 3420 38 21 &c.
972 3419 47 25 &c,
1029 3424 23 14 as
1061 3417 45 21 also
1116 3423 68 20 every
1191 3415 75 22 article

673 3449 24 21 in
708 3448 37 22 the
756 3448 112 27 provision
880 3446 71 22 trade.
980 3446 38 20 An
1033 3443 120 23 allowance
1171 3446 22 18 to
1212 3443 56 25 Cap-

675 3476 57 21 tains
751 3475 28 20 of
798 3473 82 22 vessels
898 3473 47 22 will
962 3473 29 21 be
1010 3470 65 23 made
1094 3470 23 22 in
1136 3469 78 26 taking
1231 3468 37 22 the

675 3509 93 14 carcass.

702 3534 147 28 Wellington,
865 3534 56 21 Dec.
931 3535 20 25 2,
962 3534 62 20 1840.
1033 3548 5 3 -

706 3589 104 24 COWS,
826 3587 190 23 BULLOCKS,
1031 3586 56 21 and
1100 3583 140 22 HORSES.

679 3621 88 48 FOR
782 3621 86 26 SALE,
879 3619 84 22 several
974 3619 69 22 Milch
1052 3619 70 24 Cows,
1131 3617 53 21 with
1191 3615 78 23 Calves

751 3652 24 17 at
784 3647 58 22 their
853 3647 65 26 sides,
934 3647 45 21 and
987 3647 23 20 in
1022 3645 55 22 Calf.
1107 3644 63 25 Also,
1181 3650 14 14 a
1203 3649 66 15 num-

678 3675 40 21 ber
728 3675 25 20 of
764 3674 110 27 Working
885 3673 111 25 Bullocks,
1008 3672 44 21 and
1062 3679 14 14 a
1085 3671 41 21 few
1137 3670 91 21 Horses.

705 3708 76 27 Apply
792 3711 22 17 to
826 3707 45 21 Mr.
883 3706 73 27 Bligh,
967 3706 146 25 Wellington.

915 3760 116 21 SPARS.

678 3795 89 49 FOR
789 3795 87 26 SALE,
897 3801 14 14 a
929 3793 96 22 number
1043 3792 27 21 of
1086 3791 62 26 large
1166 3790 100 27 SPARS,

751 3822 56 21 used
815 3822 24 21 in
850 3821 88 26 getting
955 3820 34 22 off
1003 3819 37 21 the
1056 3818 110 22 schooner
1181 3817 87 21 Jewess

678 3854 24 17 at
712 3849 88 22 Petoni.

706 3875 76 28 Apply
792 3878 22 19 to
822 3874 73 22 Willis
903 3873 46 22 and
958 3873 46 26 Co.,
1013 3880 25 14 or
1048 3875 23 19 to
1078 3871 26 23 T.
1111 3871 33 22 M.
1153 3869 116 28 Partridge

678 3902 46 22 and
733 3903 39 20 Co.

706 3929 86 26 Petoni,
803 3928 60 24 Nov,
873 3928 19 27 7,
906 3928 62 21 1840.

1506 615 45 20 TO
1566 615 76 24 LET,

1282 649 41 33 rp
1328 648 70 22 OWN
1414 647 105 27 ACRES,
1534 649 42 20 304
1590 648 45 21 and
1649 648 50 21 395.
1727 647 45 21 For
1781 646 89 22 further

1287 669 28 28 X
1352 675 140 28 particulars,
1504 675 94 26 enquire
1610 675 25 21 of

1453 708 26 23 T.
1496 709 33 21 M.
1547 703 182 30 PARTfttDGE
1739 707 44 22 and
1794 707 46 22 CO.

1506 764 45 19 TO
1566 764 76 24 LET,

1282 799 42 22 /T1
1329 797 72 23 OWN
1416 797 104 26 ACRES,
1536 799 40 19 245
1591 797 46 21 and
1650 797 49 21 392.
1728 796 44 21 For
1784 795 87 22 further

1287 818 29 29 _t
1357 825 139 28 particulars,
1516 824 94 27 enquire
1628 827 24 18 at
1670 823 38 22 the
1752 823 96 21 Gazette

1282 849 80 26 Office.-

1282 905 90 49 THE
1395 904 158 27 Undersigned
1570 904 58 22 have
1645 904 71 21 Town
1736 903 71 22 Acres
1826 902 45 22 and

1355 932 101 27 portions
1475 932 24 20 of
1517 938 62 15 acres
1597 934 22 18 to
1635 931 31 21 let
1680 931 23 21 in
1723 930 28 21 all
1769 934 62 23 parts
1850 929 25 22 of

1282 954 144 34 Wellington.
1440 958 47 22 The
1498 962 69 18 terms
1574 957 43 23 will
1623 958 27 21 be
1657 957 67 28 given
1732 964 61 20 upon
1801 956 71 28 appli-

1282 980 80 28 cation.

1282 1002 29 37 if
1490 1011 132 22 HANSON
1633 1010 46 23 and
1689 1009 155 23 ALZDORF.

1309 1038 85 27 Petoni,
1407 1039 60 27 Sept.
1478 1039 33 26 29,
1524 1039 60 21 1840.

1282 1092 91 52 rHE
1394 1091 229 23 UNDERSIGNED
1638 1092 66 21 offers
1721 1091 34 21 for
1774 1090 54 26 sale,
1849 1097 23 14 or

1331 1136 4 4 .
1356 1119 67 26 lease,
1435 1119 52 21 land
1497 1119 23 21 in
1538 1119 38 21 the
1587 1122 58 18 most
1656 1117 109 22 desirable
1776 1121 62 23 parts
1851 1117 25 21 of

1283 1145 36 33 tjie
1329 1146 77 26 Town,
1417 1145 71 23 either
1496 1145 24 22 in
1531 1145 104 27 building
1641 1145 43 21 lots
1696 1152 23 14 or
1736 1151 69 19 acres,
1825 1143 47 21 also

1283 1177 42 17 two
1335 1173 100 27 Country
1447 1172 101 23 Sections
1558 1172 26 22 of
1596 1171 61 28 early
1672 1171 77 22 choice
1758 1179 6 18 ;
1786 1170 87 22 further

1283 1200 130 27 particulars
1424 1199 26 22 of

1624 1225 30 21 A.
1670 1224 94 27 HORT,

1352 1253 138 22 Auctioneer
1501 1251 46 23 and
1557 1251 149 23 Commission
1718 1250 127 22 Merchant.

1310 1280 123 27 Britannia,
1446 1279 58 22 Nov.
1515 1281 35 25 28,
1564 1280 60 21 1810.

1284 1334 116 49 LAND
1423 1334 41 21 TO
1487 1333 40 22 BE
1555 1333 57 21 LET
1640 1333 43 21 OR
1711 1331 79 23 SOLD
1799 1331 76 21 The

1358 1360 159 27 Undersigned
1527 1360 57 21 have
1599 1367 29 14 on
1638 1359 62 22 hand
1710 1359 84 21 several
1804 1359 69 21 Town

1285 1388 68 22 Acres
1363 1388 46 21 and
1418 1387 100 27 Country
1529 1387 108 26 Sections,
1649 1390 22 17 to
1682 1386 31 21 let
1723 1393 24 14 or
1757 1385 40 22 sell
1804 1385 72 22 either

1283 1415 23 22 in
1317 1415 70 21 whole
1397 1415 71 21 Acres
1479 1413 44 22 and
1534 1413 108 26 Sections,
1654 1420 25 14 or
1689 1411 97 23 divided.

1539 1447 63 22 John
1613 1446 44 22 and
1669 1446 57 21 Geo.
1738 1446 81 24 Wade,

1464 1474 65 22 Land
1539 1474 45 21 and
1594 1473 147 22 Commission
1755 1473 92 27 Agents.

1311 1509 129 22 November
1449 1509 33 26 20,
1494 1509 62 20 1840.

1285 1562 143 49 LAND
1453 1561 259 22 AGENCIES.
1712 1561 39 21 TO
1778 1561 97 21 LAND-

1361 1589 183 22 HOLDERS.
1544 1589 47 21 The
1613 1587 155 28 Undersigned
1786 1588 45 26 beg
1854 1591 22 17 to

1285 1617 53 21 offer
1348 1616 134 22 themselves
1492 1620 22 17 to
1525 1615 58 22 their
1591 1615 87 22 friends
1688 1615 44 21 and
1748 1615 36 21 the
1801 1614 75 27 public

1285 1651 23 14 as
1318 1643 87 26 Agents
1415 1643 34 22 for
1459 1643 37 20 the
1506 1642 97 27 disposal
1611 1642 102 25 of/l'own
1724 1641 44 22 and
1776 1641 100 28 Country

1286 1670 79 27 Lands,
1379 1670 44 21 and
1434 1674 56 17 trust
1500 1669 58 22 their
1568 1669 95 21 colonial
1677 1669 133 26 experience
1826 1676 50 19 may

1285 1698 76 21 entitle
1372 1696 62 22 them
1445 1700 22 17 to
1478 1704 12 13 a
1503 1696 64 21 share
1578 1695 26 21 of
1614 1696 38 21 the
1662 1695 74 28 public
1746 1699 130 23 patronage.

1312 1723 62 27 They
1385 1723 43 22 will
1440 1724 26 21 be
1477 1723 74 27 happy
1562 1727 22 16 to
1594 1730 94 19 arrange
1703 1723 33 20 for
1746 1721 44 22 and
1800 1729 78 20 super-

1286 1750 76 23 intend
1373 1750 37 22 the
1420 1757 93 20 surveys
1521 1749 44 21 and
1573 1749 159 22 sub-divisions
1741 1749 25 21 of
1773 1749 36 21 the
1816 1749 60 21 land.

1288 1777 86 22 Liberal
1385 1777 111 22 advances
1506 1776 45 21 will
1565 1776 27 21 be
1609 1776 64 21 made
1685 1783 27 13 on
1723 1775 66 22 lands
1798 1775 79 27 placed

1286 1804 90 22 imtheir
1386 1804 71 21 hands
1464 1804 34 21 for
1506 1804 54 21 sale.
1588 1803 64 27 They
1661 1803 42 20 will
1712 1803 46 20 also
1766 1803 28 20 be
1802 1802 75 27 happy

1286 1835 22 18 to
1318 1832 65 21 assist
1392 1831 136 24 proprietors
1537 1830 22 21 in
1570 1830 88 25 leasing
1668 1829 59 21 their
1736 1829 72 21 lands.

1540 1857 84 21 JOHN
1636 1857 45 20 and
1693 1856 71 21 GEO.
1775 1855 102 22 WADE.

1301 1903 3 7 ,
1313 1885 146 27 Wellington,
1471 1884 50 21 Oct.
1533 1886 20 24 7,
1565 1885 61 20 184!).

1336 1939 205 22 WASGANUI
1557 1938 55 21 and
1626 1937 201 21 TARANAKI.

1286 1973 131 51 LAND
1435 1972 171 22 AGENCIE
1613 1972 50 22 S.
1663 1971 48 21 The
1722 1970 157 27 Undersigned

1367 2001 85 24 having
1467 2000 54 20 been
1539 1998 101 22 solicited
1656 1999 29 26 by
1700 1997 84 22 several
1801 1998 27 20 of
1845 1997 34 32 hjs

1287 2027 83 21 friends
1380 2030 23 17 to
1413 2025 90 28 explore
1514 2025 37 21 the
1562 2029 102 23 country,
1676 2024 49 21 and'
1736 2023 83 22 select"'"
1821 2023 59 23 their

1288 2053 98 26 Country
1398 2052 82 25 Lands,
1488 2052 55 26 begs
1553 2055 22 17 to
1585 2051 80 22 inform
1682 2051 35 21 his
1732 2050 85 22 friends
1834 2051 44 21 and

1288 2080 37 22 the
1336 2079 80 28 public,
1429 2079 48 21 that
1486 2077 80 23 should
1574 2086 13 13 a
1595 2078 111 22 sufficient
1713 2078 96 21 number
1816 2077 61 27 offer,

1289 2107 27 21 he
1330 2107 42 21 will
1391 2109 77 24 accept
1483 2105 37 22 the
1530 2112 86 21 agency
1627 2105 26 21 of
1663 2104 106 22 selection
1779 2112 5 16 ;
1800 2104 45 21 and
1857 2104 21 21 in

1289 2134 64 21 order
1367 2137 22 18 to
1405 2133 28 21 do
1450 2140 66 19 every
1532 2132 82 27 justice
1633 2136 21 17 to
1670 2132 35 21 his
1724 2131 154 25 constituents,

1289 2161 43 21 will
1343 2164 34 18 set
1391 2164 39 18 out
1446 2159 152 26 immediately
1616 2166 28 14 on
1661 2166 26 13 an
1708 2158 117 27 exploring
1842 2165 37 14 ex-

1288 2187 99 28 pedition
1398 2186 94 27 through
1508 2186 38 21 the
1557 2185 71 22 whole
1638 2185 26 22 of
1677 2185 36 22 the
1724 2191 95 21 country
1830 2192 49 14 now

1289 2215 66 21 about
1365 2218 23 17 to
1397 2215 29 20 be
1437 2213 86 27 opened
1532 2212 35 22 fur
1581 2213 115 21 selection.
1725 2212 68 27 Early
1810 2212 70 27 appli-

1290 2241 72 22 cation
1374 2241 18 21 is
1403 2240 124 28 requested.

1699 2266 60 22 John
1771 2265 82 22 Wade.

1317 2295 125 22 December
1452 2293 45 27 3rd,
1510 2296 7 18 1
1524 2295 46 20 840.

1445 2347 127 22 FLOUR!
1598 2347 127 21 FLOUR!

1291 2383 118 49 FIFTY
1426 2382 79 22 TONS
1527 2382 73 21 BEST
1618 2382 89 21 FIRST
1727 2381 110 26 FLOUR,
1856 2387 24 15 ex

1508 2413 24 18 at
1541 2409 19 22 XJ2OX
1554 2410 6 8 J
1562 2410 26 21 2O
1598 2416 39 20 per
1646 2413 47 20 ton,
1703 2412 22 17 at
1733 2408 37 21 the
1779 2409 75 20 Stores
1862 2408 18 21 of

1577 2436 60 21 John
1651 2436 45 21 and
1706 2436 58 21 Geo.
1774 2434 82 22 Wade.

1360 2493 49 19 ON
1428 2492 96 24 SALE,
1544 2491 51 20 EX

1294 2525 130 49 FLOUR
1440 2525 56 26 (first
1506 2523 105 28 quality,)

1376 2552 122 22 Preserved
1511 2551 72 27 fruits,

1374 2579 111 26 Walnuts,

1375 2607 70 21 Straw
1456 2605 55 27 hats,

1376 2633 98 27 Liqueur
1484 2639 61 15 cases
1555 2631 123 26 furnished,

1375 2660 53 21 Best
1439 2659 88 22 French
1537 2659 86 27 brandy
1633 2659 23 20 in
1667 2658 72 21 dozen
1751 2664 46 21 case
1797 2664 23 21 3,

1321 2687 32 22 At
1362 2687 38 22 the
1411 2688 73 21 Stores
1496 2686 26 21 of

1605 2712 61 21 John
1679 2711 45 22 and
1734 2711 58 22 Geo.
1804 2711 76 22 Wade.

1320 2740 127 23 December
1457 2740 46 26 3rd,
1515 2740 61 21 1840.

1295 2795 68 48 ON
1382 2795 84 22 SALE,
1479 2801 27 14 ex

1372 2824 25 19 15
1410 2827 49 16 tons
1470 2821 112 22 excellent
1592 2817 102 25 Colonial
1709 2819 63 27 flour,
1790 2819 37 22 the
1837 2819 43 21 best

1294 2849 43 22 and
1347 2848 107 28 cheapest
1463 2848 22 21 in
1496 2848 38 21 the
1545 2847 93 27 Colony.

1323 2878 24 19 10
1357 2879 52 18 tons
1423 2875 121 22 American
1560 2874 63 22 ditto,
1641 2874 22 21 in
1682 2873 112 22 excellent
1810 2872 70 22 condi-

1294 2902 53 25 tion,
1364 2903 96 27 cheaper
1470 2902 55 21 than
1536 2909 52 14 ever
1598 2900 83 23 offered
1699 2900 75 22 before
1791 2900 23 21 in
1833 2899 47 22 New

1295 2930 107 21 Zealand.

1320 2958 28 20 50
1358 2956 64 22 casks
1432 2956 100 26 tobacco,
1544 2954 125 23 warranted
1680 2954 37 22 the
1724 2954 56 26 best,
1789 2953 23 22 in
1823 2953 57 22 small

1294 2983 76 27 handy
1382 2983 117 27 packages.

1323 3012 25 19 10
1360 3010 53 26 bags
1424 3010 53 21 rice.

1323 3036 144 28 Gunpowder
1477 3036 20 21 in
1510 3038 91 24 quarter
1610 3034 92 23 barrels.

1323 3064 91 25 Biscuit,
1427 3064 34 20 Ist
1469 3062 93 28 quality.

1324 3091 116 21 Molasses.

1322 3120 12 19 3
1344 3118 64 21 bales
1417 3116 77 26 calico,
1506 3123 55 19 very
1571 3114 77 28 cheap.

1323 3144 114 26 Blankets,
1449 3143 55 21 from
1515 3144 38 20 9-4
1563 3146 22 17 to
1596 3143 57 20 12-4.

1323 3170 119 23 Excellent
1457 3169 90 27 Sydney
1557 3169 57 22 beef,
1630 3168 24 22 in
1663 3168 88 22 tierces.

1323 3198 63 21 Ditto
1399 3197 128 25 American,
1539 3196 23 21 in
1574 3196 63 21 ditto.

1323 3224 90 27 Sherry,
1424 3224 58 21 from
1490 3224 47 21 245.
1549 3227 21 17 to
1580 3224 46 20 355.
1637 3229 40 20 per
1686 3221 82 22 dozen.

1325 3252 60 26 Por,t,
1397 3252 22 20 in
1430 3250 77 21 bottle.

1325 3278 84 26 Porter,
1419 3278 23 21 in
1454 3276 63 22 wood
1527 3276 46 23 and
1581 3274 79 23 bottle.

1325 3305 51 25 Ale,
1387 3305 23 20 in
1422 3304 56 21 ditto
1488 3303 63 22 ditto.

1325 3331 98 27 Brandy,
1435 3338 55 18 rum,
1502 3330 47 27 giu,
1560 3330 40 21 &c.
1612 3329 40 21 &c.

1490 3363 74 28 Apply
1575 3367 22 17 to
1609 3363 62 21 John
1682 3361 45 23 and
1738 3362 57 22 Geo.
1807 3361 73 21 Wade

1501 3418 69 20 FOR
1588 3417 96 24 SALE,

1316 3454 16 20 A
1354 3450 277 26 THOROUGH-BRED
1645 3449 235 22 MAREandFOAL

1299 3478 50 24 jGL
1377 3480 48 21 The
1442 3486 61 15 mare
1520 3481 40 23 got
1576 3478 29 26 by
1620 3477 48 22 that
1680 3477 87 21 famous
1781 3477 99 26 importec

1299 3507 64 21 horse
1400 3506 65 22 Peter
1551 3508 38 18 out
1600 3504 25 21 of
1631 3511 12 14 a
1649 3511 62 14 mare
1719 3504 30 26 by
1783 3503 92 22 Buffalo.
1879 3502 1 9 1

1298 3534 47 22 The
1356 3533 44 21 foal
1411 3533 30 27 by
1452 3540 27 14 an
1489 3530 113 28 imported
1610 3530 60 22 Arab
1678 3530 65 21 horse
1783 3529 97 27 Bagdat.'

1325 3567 54 22 Two
1389 3566 72 22 Milch
1472 3566 71 25 Cows,
1554 3572 42 14 one
1613 3564 52 21 with
1683 3571 14 14 a
1713 3570 77 26 young
1805 3563 49 21 calf
1870 3570 10 14 a

1299 3595 40 21 her
1348 3594 55 27 foot,
1414 3593 38 22 the
1462 3592 65 22 other
1536 3591 97 22 forward
1642 3591 22 21 in
1677 3590 49 22 calf.
1756 3589 77 28 Apply
1844 3593 22 17 to

1613 3625 61 21 John
1686 3624 44 21 and
1742 3624 57 21 Geo.
1811 3623 69 21 Wade

1301 3682 90 49 MR.
1409 3681 28 21 D.
1455 3680 93 22 MUNN
1565 3680 53 25 begs
1637 3683 20 16 to
1673 3678 80 21 inform
1766 3678 32 21 his
1808 3676 72 23 friend:

1391 3708 46 21 and
1447 3707 37 21 the
1497 3706 76 28 public
1590 3706 49 21 that
1656 3705 28 22 he
1701 3704 40 22 has
1758 3704 94 27 opened,
1869 3704 11 21 it

1299 3735 37 22 the
1355 3735 70 21 house
1442 3737 55 18 next
1512 3737 22 17 to
1553 3732 106 22 Barrett's
1678 3732 75 25 Hotel,
1772 3739 13 13 a
1800 3737 80 21 genera

1300 3763 100 25 Grocery
1410 3762 70 23 Store,
1489 3759 74 22 where
1574 3758 52 28 they
1637 3765 41 14 can
1690 3758 27 21 be
1727 3757 103 28 supplied
1840 3756 40 22 witl

1300 3788 88 22 articles
1409 3788 25 20 of
1454 3787 36 21 the
1510 3786 50 21 best
1579 3785 135 27 description
1734 3788 23 17 at
1776 3783 104 22 moderate

1299 3815 79 28 prices.

1327 3842 28 21 D.
1367 3841 75 22 Munn
1458 3839 44 22 will
1517 3839 48 21 also
1580 3838 58 22 have
1655 3838 82 26 always
1753 3844 29 15 on
1799 3836 64 22 hand
1879 3843 1 14 i

1298 3869 61 26 large
1374 3867 81 28 supply
1469 3867 25 21 of
1510 3865 116 27 Scantling
1642 3864 46 22 and
1703 3864 91 22 Timber
1810 3863 27 22 of
1854 3862 26 22 the

1300 3896 49 21 best
1358 3894 96 29 quality.

1283 3920 3 28 i
1330 3921 124 23 December
1463 3919 46 26 3rd,
1520 3920 61 21 1840.

94 628 81 20 NEW
194 626 171 21 ZEALAND
384 621 186 23 COMPANY.

37 654 93 28 Capital,
145 655 119 24 100,000,
280 653 22 21 in
312 653 55 20 4000
377 650 81 22 Shares
468 648 26 22 of
504 649 47 20 25
562 647 63 26 each,

263 679 28 22 all
302 679 52 28 paid
364 685 37 19 up.

120 708 129 21 Governor:
264 707 48 20 The
324 705 63 21 Earl
399 711 27 13 of
436 703 113 21 Durham.

84 735 89 27 Deputy
183 734 118 21 Governor
308 740 5 13 :
329 732 88 21 Joseph
431 730 81 25 Somes,
529 728 52 26 Esq.

272 759 112 22 Directors
393 765 5 13 :

94 788 109 21 Viscount
214 787 109 27 Ingestre,
340 784 68 27 M.P.,

97 814 56 21 Lord
165 814 71 24 Petre,

94 841 78 27 Henry
183 842 29 20 A.
223 839 122 28 Aglionby,
356 837 63 28 Esq.,
433 837 61 22 M.P.

95 868 60 21 Hon.
168 868 91 21 Francis
270 867 88 26 Baring,
372 865 68 26 M.P.,

93 894 60 23 John
165 894 102 22 Ellorker
276 893 110 25 Boulcott,
404 893 60 26 Esq.,

93 922 60 22 John
165 922 100 21 William
276 920 91 26 Buckle,
379 919 61 28 Esq.,

96 949 85 22 Russell
193 948 77 26 Ellice,
281 948 61 26 Esq.,

93 976 78 22 James
182 975 85 22 Robert
276 974 92 27 Gowen,
380 973 62 28 Esq.,

95 1002 59 22 John
167 1002 67 24 Hine,
249 1002 58 26 Esq.,

95 1029 98 22 William
204 1028 60 22 Hutt
281 1028 61 26 Esq.,
354 1026 69 27 M.P.,

95 1057 92 21 Stewart
198 1054 162 28 Majoribanks,
372 1053 61 27 Esq.,

94 1083 36 22 Sir
139 1082 97 21 William
249 1079 150 27 Molesworth,
411 1080 69 25 Bart.,
492 1077 68 27 M.P.,

97 1108 128 23 Alexander
235 1108 79 26 Nairn,
327 1107 59 27 Esq.,

95 1136 59 22 John
165 1136 66 26 Pirie,
243 1135 60 27 Esq.,
317 1134 130 26 Alderman,

95 1164 35 21 Sir
140 1164 87 25 George
238 1161 102 26 Sinclair,
352 1161 68 25 Bart.,
433 1159 70 27 M.P.,

95 1190 59 22 John
167 1189 58 22 Abel
236 1188 79 23 Smith.
327 1188 59 27 Esq.,
400 1187 68 26 M.P.,

96 1218 58 21 Win.
165 1216 136 27 Thompson,
314 1215 60 27 Esq.,
384 1214 134 23 Alderman,
530 1212 69 26 M.P.,

95 1245 61 21 Hon.
168 1242 119 23 Frederick
298 1242 47 21 Jas.
356 1241 152 25 Tollemache,
520 1239 68 26 M.P.,

96 1270 96 23 Edward
202 1270 29 21 G.
243 1268 132 27 Wakefield,
387 1268 61 27 Esq.,

96 1300 34 20 Sir
141 1298 79 25 Henry
231 1296 78 26 Webb,
322 1296 69 26 Bart.,

97 1325 84 22 Arthur
191 1323 80 26 Willis,
282 1323 62 26 Esq.,

96 1353 87 25 George
195 1349 119 23 Frederick
325 1349 89 26 Young,
426 1347 52 27 Esq.

153 1379 128 23 Secretary:
298 1376 62 21 John
374 1371 81 30 Ward,
469 1374 51 26 Esq.

43 1412 89 49 THE
142 1411 59 22 main
213 1411 97 20 features
318 1409 26 21 of
351 1408 36 22 the
396 1413 82 22 system
488 1408 25 21 of
520 1407 113 22 coloniza-

117 1439 45 21 tion
173 1436 98 29 adopted
280 1436 29 27 by
321 1435 35 22 the
370 1436 124 26 Company,
511 1441 78 19 are,-
593 1435 37 25 lst,

43 1467 35 21 the
89 1466 45 22 sale
144 1465 26 21 of
180 1464 73 26 lands,
267 1466 23 18 at
304 1470 29 14 an
348 1462 99 22 uniform
461 1461 45 22 and
520 1461 113 21 sufficient

43 1493 70 28 price;
131 1492 44 22 and
190 1491 76 26 2ndly,
283 1489 38 22 the
337 1489 154 27 employment
505 1488 25 21 of
544 1495 13 14 a
571 1488 61 26 large

43 1520 85 27 portion
139 1519 25 21 of
171 1519 37 21 the
217 1517 211 28 purchase-money,
440 1523 24 14 as
474 1522 28 14 an
514 1514 118 27 Immigra-

42 1548 45 20 tion
100 1546 70 22 Fund.
201 1545 26 21 In
240 1544 60 21 these
311 1547 105 23 respects,
433 1543 38 21 the
480 1542 120 27 principles
610 1542 26 20 of

43 1574 68 22 South
126 1572 113 22 Australia
254 1569 57 23 Have
326 1570 57 21 been
400 1569 104 22 followed
516 1576 25 14 as
554 1568 79 27 nearly

43 1608 21 15 as
84 1601 173 21 circumstances
273 1597 80 26 would,
373 1597 23 21 in
412 1596 38 22 the
468 1599 90 24 present
575 1603 56 19 case,

43 1627 87 28 permit.

67 1654 48 22 The
130 1652 71 28 grand
217 1652 74 27 object
306 1651 27 21 of
347 1650 38 22 the
401 1658 56 18 new,
473 1656 24 15 or
508 1649 125 28 improved,

41 1686 84 23 system
135 1680 26 21 of
172 1679 36 22 the
220 1678 97 28 disposal
332 1677 25 22 of
375 1676 97 23 colonial
485 1676 73 26 lands,
575 1677 19 21 is
610 1680 23 17 to

41 1708 99 27 regulate
156 1707 38 21 the
208 1705 80 28 supply
305 1705 26 21 of
347 1712 50 14 new
411 1704 62 26 land,
490 1704 30 26 by
535 1703 38 21 the
587 1703 47 21 real

43 1738 70 18 wants
126 1734 24 21 of
165 1733 36 21 the
218 1732 117 25 Colonists,
353 1738 23 14 so
392 1731 48 21 that
456 1731 38 21 the
508 1730 54 21 land
577 1730 58 21 shall

43 1770 68 13 never
128 1761 27 21 be
174 1760 73 22 either
265 1758 190 28 superabundant,
477 1765 25 13 or

43 1789 71 21 either
130 1792 35 17 too
182 1787 78 26 cheap,
278 1794 25 13 or
323 1789 36 17 too
378 1785 60 22 dear.
478 1784 22 22 It
517 1784 41 22 h:is
577 1784 56 21 been

43 1815 76 21 shown
130 1815 47 21 that
187 1814 37 21 the
236 1814 42 20 due
291 1813 130 27 proportion
436 1812 102 21 between
554 1811 81 27 people

43 1843 44 20 and
95 1841 54 22 land
155 1849 51 19 may
214 1841 27 21 be
250 1840 125 26 constantly
382 1838 93 22 secured
483 1839 29 26 by
519 1838 116 21 abandon-

43 1870 38 25 ing
93 1869 35 21 the
139 1868 37 22 old
186 1872 84 23 system
281 1867 26 21 of
319 1874 96 18 gu&nts,
426 1865 45 22 and
481 1865 115 28 requiring
605 1872 28 14 an

44 1897 96 20 uniform
151 1895 61 28 price
222 1901 40 21 per
271 1900 57 20 acre,
345 1893 33 21 for
388 1893 29 21 all
428 1900 48 14 new
487 1891 71 26 lands,
571 1891 64 22 with-

44 1926 39 19 out
93 1923 124 26 exception.
249 1921 24 21 If
283 1921 38 20 the
332 1921 59 26 price
404 1921 27 20 be
445 1923 41 18 not
501 1923 36 17 too
551 1919 50 26 low,
617 1919 19 21 it

43 1950 73 21 deters
126 1949 136 27 speculators
272 1947 57 21 from
345 1947 118 26 obtaining
476 1945 61 27 land,
554 1946 53 21 with
622 1954 12 13 a

45 1977 55 21 view
110 1980 22 17 to
142 1975 89 26 leaving
241 1974 57 22 their
307 1978 106 28 property
423 1974 21 21 in
457 1980 12 14 a
481 1973 75 21 desert
569 1976 64 23 state,

45 2004 44 21 and
104 2003 49 21 thus
167 2004 106 28 prevents
282 2001 109 26 injurious
401 2000 122 27 dispersion
532 2008 5 16 ;
553 1999 18 21 it
581 1999 61 31 also^

45 2030 28 25 by
84 2029 134 26 compelling
226 2034 68 19 every
300 2027 105 20 labourer
412 2029 22 17 to
443 2025 104 21 workfor
554 2025 86 26 wsij^ss^

45 2055 55 22 until
111 2055 28 21 he
149 2054 40 21 has
198 2053 69 22 saved
281 2053 37 21 the
330 2053 52 26 only
393 2059 79 14 means
482 2051 26 21 of
519 2051 118 26 obtaining

45 2081 59 26 land,
115 2081 86 21 insures
216 2087 14 13 a
245 2079 80 27 supply
341 2079 25 21 of
376 2079 80 21 labour
471 2078 34 21 for
519 2078 56 21 hire.
605 2078 28 26 If,

45 2116 28 14 on
85 2108 36 22 the
132 2107 64 21 other
204 2106 69 27 hand,
289 2106 38 21 the
337 2106 61 27 price
407 2105 27 21 be
445 2109 40 17 not
495 2109 37 17 too
542 2104 61 27 high,
619 2105 18 21 it

45 2135 86 22 neither
140 2134 100 22 confines
252 2133 35 21 the
299 2133 87 21 settlers
402 2132 74 21 within
494 2139 12 14 a
521 2139 65 20 space
602 2132 35 20 in-

45 2161 158 27 conveniently
220 2168 94 18 narrow,
332 2167 40 14 nor
387 2159 54 21 does
455 2159 19 21 it
490 2162 94 24 prevent
598 2158 38 22 the

45 2189 78 27 thrifty
137 2188 104 22 labourer
255 2187 58 21 from
327 2186 120 27 becoming
462 2194 13 13 a
487 2185 148 26 land-owner,

46 2217 57 21 after
113 2215 100 26 working
222 2222 61 14 some
295 2214 54 21 time
358 2213 36 21 for
405 2220 80 20 wages.

75 2243 19 21 A
112 2242 118 26 sufficient,
248 2241 40 21 but
307 2244 40 18 not
365 2247 62 14 more
448 2239 54 22 than
522 2239 116 21 sufficient

46 2269 60 27 price
118 2269 33 21 for
163 2269 29 21 all
207 2275 50 14 new
271 2267 61 26 land,
349 2267 18 21 is
382 2267 38 21 the
436 2267 61 21 main
513 2267 86 21 feature
614 2265 27 21 of

46 2297 37 21 the
102 2304 48 14 new
165 2298 84 24 system
265 2295 26 20 of
307 2294 159 22 colonization.
500 2293 21 21 It
537 2293 101 21 obviates

45 2331 68 19 every
124 2323 84 27 species
224 2322 26 21 of
264 2321 113 27 bondage;
398 2321 29 27 by
443 2321 120 27 providing
577 2327 61 14 com-

45 2350 89 21 binable
143 2349 85 26 labour,
240 2349 18 21 it
267 2348 90 22 renders
367 2348 104 27 industry
478 2355 54 20 very
542 2347 96 27 produc-

46 2378 51 25 tive,
109 2377 44 21 and
162 2375 121 23 maintains
292 2375 55 22 both
356 2375 56 27 high
427 2382 80 19 wages,
524 2373 46 23 and
582 2373 55 28 high

46 2404 87 27 profits;
155 2404 18 21 it
189 2403 78 21 makes
285 2402 38 22 the
342 2402 81 27 colony
439 2409 24 15 as
480 2401 117 22 attractive
614 2408 24 14 as

46 2431 101 27 possible,
163 2429 55 22 both
234 2433 23 17 to
273 2429 121 27 capitalists
410 2429 45 21 and
471 2432 23 18 to
508 2428 115 22 labourers
632 2436 5 18 ;

46 2458 45 21 and
100 2462 40 17 not
149 2456 85 28 merely
246 2460 21 17 to
277 2456 70 26 these,
359 2456 42 21 but
410 2455 54 27 also,
474 2455 31 28 by
514 2455 126 26 bestowing

45 2492 29 14 on
91 2485 36 21 the
139 2484 88 27 colony,
245 2483 36 21 the
292 2483 74 21 better
380 2483 119 21 attributes
514 2482 25 22 of
556 2489 29 14 an
602 2481 38 22 old

45 2512 91 26 society,
147 2515 23 17 to
179 2510 62 22 those
251 2509 48 22 who
307 2509 57 22 have
372 2517 13 14 a
393 2509 90 22 distaste
493 2509 33 21 for
533 2509 60 21 what
598 2509 42 21 has

45 2538 125 22 heretofore
179 2538 59 21 been
250 2537 36 21 the
300 2537 114 27 primitive
425 2536 115 22 condition
551 2536 27 22 of
588 2543 51 14 new

46 2565 107 22 colonies.

73 2592 48 22 The
130 2594 63 25 great
202 2591 75 26 object
286 2590 27 22 of
324 2590 36 22 the
370 2590 61 27 pi*ice
441 2590 18 22 is
473 2593 22 19 to
509 2596 78 15 secure
602 2588 38 22 the

46 2623 58 18 most
114 2618 108 22 desirable
233 2617 141 28 proportions
382 2617 102 21 between
499 2616 80 27 people
594 2615 46 22 and

46 2646 54 21 land
106 2654 5 18 ;
127 2646 41 21 but
176 2644 38 22 the
224 2645 54 26 plan
288 2645 42 20 has
339 2644 38 21 the
384 2643 87 22 further
478 2643 71 22 result
556 2643 26 21 of
588 2650 52 20 pro-

46 2673 84 26 ducing
140 2680 13 13 a
162 2679 107 18 revenue,
285 2671 71 22 which
374 2671 45 21 will
434 2674 41 18 not
490 2670 54 27 only
559 2669 82 28 supply

46 2700 38 21 the
97 2700 104 27 requisite
215 2699 68 27 profit
297 2702 24 17 to
335 2698 38 21 the
388 2697 157 22 shareholders
560 2697 25 21 of
601 2697 39 21 the

47 2728 123 26 Company,
194 2726 41 21 but
259 2725 111 21 furnishes
393 2725 38 21 the
455 2732 77 14 means
551 2725 35 21 for
610 2731 28 14 an

48 2753 154 27 Immigration
214 2752 71 27 Fund,
321 2759 13 14 a
342 2751 56 22 fund
405 2751 128 28 constantly
541 2751 100 28 applica-

46 2781 36 21 ble
99 2784 22 17 to
139 2780 36 21 the
191 2786 96 20 purpose
304 2779 26 20 of
344 2779 106 26 bringing
464 2779 80 20 labour
561 2782 23 17 to
601 2777 39 22 the

46 2807 81 27 colony
160 2806 49 21 that
223 2806 26 26 is,
266 2805 23 21 in
307 2805 94 26 causing
418 2805 37 21 the
473 2805 50 21 best
541 2812 56 14 sort
617 2805 26 21 of

46 2834 150 22 colonization
207 2836 22 17 to
240 2832 96 27 proceed
346 2836 22 17 at
379 2832 39 21 the
431 2834 99 25 greatest
542 2831 98 27 possible

46 2865 54 18 rate.
129 2860 54 22 And
191 2859 45 22 this
242 2860 20 20 is
269 2859 37 21 the
314 2859 84 21 second
407 2859 88 21 feature
505 2858 26 21 of
542 2858 39 21 the
590 2865 50 14 new

46 2892 92 24 system.

73 2921 48 23 The
132 2920 153 28 employment
295 2919 26 21 of
337 2919 37 21 tlie
388 2919 212 27 purchase-money,
616 2925 26 14 or

47 2949 38 21 the
95 2947 108 28 principal
214 2950 50 24 part
274 2946 25 22 of
310 2946 24 26 it,
345 2946 22 21 in
379 2946 127 27 conveying
515 2945 88 21 settlers
617 2947 24 18 to

46 2975 38 22 the
95 2975 87 26 colony,
194 2973 41 22 has
245 2973 36 21 the
292 2973 115 27 following
418 2972 83 22 effects.
532 2972 22 21 It
563 2971 78 22 makes

47 3002 37 22 the
99 3001 133 28 purchasers
248 3000 25 22 of
288 3000 55 21 land
356 3007 38 14 see
408 3000 94 27 plainly,
518 2998 50 22 that
583 2998 59 21 their

48 3037 82 19 money
140 3028 42 22 will
193 3028 28 21 be
231 3027 108 22 returned
348 3027 22 21 in
386 3027 38 21 the
438 3026 69 27 shape
521 3026 27 21 of
561 3025 81 21 labour

47 3056 46 22 and
101 3055 138 28 population.
270 3055 21 21 It
300 3053 73 28 tends,
389 3054 23 20 in
423 3053 52 27 fact,
492 3057 22 17 to
523 3052 69 22 lower
603 3052 38 21 the

48 3090 117 19 necessary
183 3081 107 22 standard
310 3081 26 21 of
352 3081 68 27 price,
436 3081 103 25 because,
559 3078 52 22 with
628 3086 13 14 a

48 3113 104 18 constant
160 3108 73 21 influx
243 3108 26 21 of
280 3107 78 24 people
368 3111 23 18 to
401 3107 39 22 the
450 3107 89 26 colony,
549 3106 37 22 the
597 3106 44 21 due

48 3135 127 28 proportion
183 3140 99 16 between
290 3140 79 21 people
377 3134 45 22 and
431 3134 52 22 land
491 3141 53 19 may
550 3133 29 21 be
586 3133 55 27 kept

49 3170 29 21 up
87 3163 31 26 by
128 3170 13 14 a
149 3162 68 21 lower
226 3161 68 26 price,
307 3161 54 21 than
371 3161 21 21 if
403 3161 63 21 there
478 3168 56 14 were
545 3167 29 14 no
584 3160 56 21 such

48 3189 163 27 immigration.
232 3187 22 21 It
264 3187 110 21 therefore
380 3187 131 23 diminishes
520 3187 36 21 the
565 3186 77 28 period

50 3217 81 26 during
140 3215 73 22 which
222 3214 39 22 the
270 3214 104 22 labourer
387 3218 61 18 must
460 3214 60 22 work
535 3214 36 22 for
584 3214 57 27 hire,

50 3244 45 22 and
103 3244 30 27 by
144 3243 36 21 the
196 3241 64 28 rapid
274 3248 101 26 progress
391 3241 73 22 which
478 3242 18 21 it
510 3241 94 28 imparts
618 3243 23 19 to

50 3271 37 21 the
96 3271 50 21 best
154 3273 47 18 sort
210 3268 26 22 of
248 3267 157 27 colonization,
421 3267 17 22 it
453 3267 101 28 explains
570 3271 23 18 to
603 3267 38 22 the

50 3297 117 26 labouring
171 3296 62 22 'class
244 3295 26 21 of
275 3295 149 26 immigrants,
434 3294 49 22 that
494 3302 66 19 every
568 3302 43 14 one
619 3294 26 22 of

50 3324 61 22 them
125 3323 48 23 who
190 3323 19 21 is
224 3321 137 23 industrious
379 3321 45 21 and
441 3321 86 27 thrifty,
544 3328 54 19 may
612 3321 29 21 be

49 3358 50 16 sure
109 3354 22 18 to
141 3351 93 21 become
248 3352 39 18 not
302 3347 85 28 merely
403 3355 29 14 an
448 3354 75 15 owner
538 3348 27 21 of
579 3347 62 27 land,

50 3379 40 21 but
106 3377 46 23 also
168 3377 23 21 in
211 3376 36 22 his
267 3379 59 21 turn,
347 3382 29 14 an
397 3374 116 27 employer
532 3374 26 22 of
577 3374 66 22 hired

49 3405 121 25 labourers,
182 3411 14 15 a
204 3406 83 19 master
297 3402 27 21 of
334 3405 109 18 servants.

78 3432 66 22 From
153 3431 63 21 these
226 3428 185 27 considerations,
426 3427 38 22 the
475 3427 118 27 Company
602 3427 41 23 has

50 3458 96 28 adopted
165 3457 38 23 the
220 3464 61 14 same
299 3459 82 24 system
401 3454 25 22 of
442 3454 116 27 disposing
574 3454 26 20 of
614 3454 30 22 its

52 3489 66 19 waste
129 3485 72 27 lands,
217 3492 25 14 as
258 3483 40 22 has
313 3482 92 27 already
419 3481 86 28 proved,
518 3480 80 27 highly
610 3480 35 22 fa-

51 3512 104 22 vourable
170 3515 23 18 to
207 3511 40 21 the
260 3509 185 29 productiveness
460 3508 26 21 of
501 3507 105 27 industry
619 3507 24 21 in

50 3539 71 22 South
131 3538 123 22 Australia.
282 3537 29 21 In
321 3544 14 14 a
346 3543 49 15 new
407 3535 89 26 colony,
511 3534 95 27 planted
619 3534 24 20 in

50 3573 12 14 a
73 3565 71 23 fertile
154 3565 46 22 and
215 3564 117 22 extensive
347 3563 112 26 territory,
476 3561 19 21 it
508 3561 19 21 is
543 3561 101 26 obvious,

51 3593 48 21 that
118 3593 36 21 the
171 3591 172 23 establishment
357 3589 26 22 of
400 3589 55 21 such
471 3595 13 14 a
499 3591 83 24 system
598 3587 19 21 is
632 3594 13 14 a

52 3623 79 18 matter
147 3619 26 21 of
191 3619 38 21 the
247 3618 92 27 deepest
355 3619 104 19 moment
475 3619 23 17 to
516 3614 37 22 the
570 3614 75 21 future

52 3647 87 21 welfare
151 3646 26 21 of
189 3645 92 28 society.
418 3642 18 22 it
451 3641 37 22 the
504 3641 50 21 best
570 3640 76 21 effects

51 3680 50 19 may
112 3673 51 21 with
174 3672 132 24 confidence
315 3671 29 22 be
354 3668 150 28 anticipated:
521 3675 12 14 a
541 3669 106 21 constant

51 3700 44 22 and
104 3699 89 28 regular
201 3699 82 26 supply
294 3698 27 21 of
330 3705 51 15 new
390 3695 55 23 land
455 3695 23 22 in
495 3694 43 22 due
553 3701 93 21 propor-

48 3727 47 21 tion
106 3730 22 18 to
139 3726 36 22 the
196 3728 72 19 wants
276 3725 26 21 of
313 3732 14 14 a
334 3723 132 29 population
480 3720 127 27 increasing
617 3720 31 27 by

48 3753 71 22 births
128 3753 46 21 and
187 3751 166 27 immigration;
372 3751 31 21 all
418 3749 38 23 the
471 3749 137 25 advantages
624 3750 23 18 to

49 3780 72 22 which
130 3779 104 23 facilities
243 3779 28 21 of
280 3781 114 24 transport
401 3777 46 21 and
454 3774 191 24 communication

48 3814 37 15 are
96 3806 104 22 essential
208 3814 6 18 ;
231 3805 112 27 certainty
356 3805 26 21 of
393 3804 77 26 limits,
487 3802 45 22 and
548 3800 98 28 security

48 3834 26 21 of
85 3833 48 22 title
144 3837 22 17 to
175 3835 107 25 property
292 3831 24 22 in
329 3831 56 21 land
391 3838 5 19 ;
413 3830 38 22 the
461 3832 100 24 greatest
573 3828 73 21 facili-

47 3861 41 21 ties
99 3868 29 14 on
139 3859 118 28 acquiring
266 3858 37 22 the
315 3857 43 22 due
368 3857 116 28 quantity;
500 3855 38 22 the
548 3857 100 25 greatest

48 3889 190 25 encouragement
252 3889 22 17 to
283 3885 153 26 immigration
448 3883 47 21 and
503 3882 131 22 settlement
640 3889 5 19 ;

48 3915 45 20 and
107 3913 38 22 the
160 3916 59 18 most
233 3911 63 28 rapid
311 3917 105 22 progress
431 3909 26 22 of
473 3909 37 21 the
524 3908 81 28 people
620 3908 24 22 in

48 3940 100 22 material
158 3939 97 23 comfort
265 3937 46 23 and
320 3937 68 22 social
