2550 4039
1949 1229 39 23 On
2002 1229 37 23 the
2051 1229 44 24 9th
2106 1230 64 27 inst.,
2184 1237 33 15 we
2230 1230 124 23 circulated
2366 1231 22 22 in
2402 1230 37 24 the
2453 1231 55 24 form

1915 1269 25 23 of
1956 1277 27 15 an
1998 1275 65 18 extra
2076 1270 64 23 sheet
2152 1275 23 18 to
2186 1270 47 23 this
2245 1278 78 24 paper,
2337 1279 14 15 a
2363 1279 55 23 copy
2431 1272 25 23 of
2471 1271 38 25 the

1915 1310 194 31 correspondence
2138 1310 73 24 which
2243 1311 82 31 passed
2349 1312 99 24 between
2471 1313 37 23 the

1914 1350 114 31 Deputies
2039 1351 51 23 who
2103 1351 81 23 visited
2197 1351 95 31 Sy.lney
2305 1352 44 23 and
2367 1353 37 23 Sir
2417 1353 90 31 George

1915 1391 83 31 Gipps.
2047 1391 39 23 On
2109 1399 30 15 no
2163 1393 104 22 occasion
2294 1393 39 23 has
2353 1401 13 15 a
2385 1393 89 31 subject
2485 1394 24 23 of

1914 1431 66 31 equal
1992 1432 141 30 importance
2145 1432 58 23 been
2215 1432 125 24 submitted
2361 1438 22 18 to
2401 1433 37 23 the
2450 1435 57 22 seri-

1914 1479 41 15 ous
1986 1471 168 24 consideration
2178 1473 26 22 of
2220 1473 38 23 the
2290 1473 90 23 settlers
2403 1474 26 23 of
2451 1474 56 24 Port

1914 1511 136 25 Nicholson.
2089 1513 37 23 Sir
2140 1513 91 30 George
2245 1513 75 31 Gipps
2337 1514 41 23 has
2396 1515 111 24 conceded

1913 1552 69 23 much
2004 1553 23 22 in
2053 1553 187 31 recommending
2258 1554 65 24 these
2343 1560 69 18 terms
2430 1560 21 18 to
2471 1556 36 23 the

1914 1592 108 31 approval
2034 1593 24 23 of
2074 1593 38 23 the
2124 1593 104 24 Colonial
2241 1595 85 23 Office.
2340 1617 4 3 .
2364 1596 39 23 He
2414 1596 50 29 has,
2478 1605 28 16 on

1914 1641 41 15 our
1967 1633 84 29 behalf,
2069 1635 172 23 recommended
2255 1643 13 15 a
2280 1635 112 24 deviation
2403 1637 58 24 from
2470 1637 37 24 the

1913 1673 49 32 JBill
1981 1674 23 22 in
2023 1673 89 24 several
2130 1675 89 30 points;
2239 1675 24 23 in
2282 1677 80 30 giving
2373 1685 28 15 us
2412 1685 13 15 a
2438 1682 67 25 town,

1914 1714 106 29 harbour,
2034 1715 44 23 and
2091 1715 132 28 headlands,
2248 1716 45 23 and
2307 1717 21 22 in
2342 1718 98 30 treating
2453 1718 53 24 with

1914 1763 94 23 persons
2029 1760 40 18 not
2088 1755 71 24 direct
2177 1757 139 30 purchasers
2335 1757 58 24 from
2410 1760 95 23 natives.

1915 1796 50 23 Our
1978 1796 85 23 thanks
2076 1804 38 15 are
2126 1797 61 23 alike
2201 1797 43 23 due
2257 1797 34 24 for
2305 1798 44 23 this
2362 1798 77 24 liberal
2454 1807 53 17 con-

1914 1837 97 28 cession,
2025 1837 45 23 and
2084 1838 33 22 for
2130 1837 37 24 the
2180 1838 125 30 quickness
2323 1839 53 24 with
2396 1840 72 23 which
2480 1840 27 24 he

1914 1877 41 24 has
1968 1877 65 24 made
2045 1878 38 23 his
2102 1879 73 30 reply.
2213 1879 23 23 It
2256 1887 58 16 were
2328 1880 24 23 of
2358 1880 46 23 -the
2424 1885 85 20 utmost

1914 1919 141 30 importance
2065 1918 50 24 that
2127 1927 32 14 we
2170 1919 66 23 shoul
2246 1919 5 22 1
2264 1925 24 18 at
2301 1920 37 23 the
2357 1920 89 24 earliest
2460 1929 48 16 mo-

1914 1964 63 17 ment
1989 1959 43 22 feel
2046 1959 114 23 confident,
2179 1960 22 22 in
2215 1967 41 16 our
2276 1962 137 29 possession,
2434 1961 44 24 and
2491 1962 17 23 it

1914 2009 51 21 may
1978 2002 28 22 be
2020 2002 50 22 said
2083 2002 48 23 that
2144 2002 37 23 the
2199 2008 80 24 people
2299 2003 25 23 of
2340 2004 58 22 Port
2410 2004 83 31 Nichpl
2495 2018 11 16 r

1914 2047 41 14 son
1975 2039 65 23 alone
2060 2040 52 22 hold
2133 2048 13 15 a
2159 2040 61 23 valid
2239 2041 49 22 title
2302 2046 22 18 to
2337 2042 58 22 their
2407 2042 65 23 lands
2486 2043 21 22 in

1916 2079 56 23 New
1985 2079 103 24 Zealand
2097 2089 5 18 ;
2123 2080 35 23 for
2171 2088 32 15 we
2216 2081 105 24 consider
2340 2090 12 15 a
2370 2090 139 16 recommen-

1914 2119 78 24 dation
2004 2120 58 23 from
2077 2120 39 23 Sir
2129 2121 93 31 George
2235 2121 76 32 Gipps
2324 2127 22 18 to
2357 2122 37 24 the
2407 2122 103 24 Colonial

1916 2160 82 28 Office,
2011 2160 76 24 where
2099 2169 33 15 we
2149 2161 67 24 know
2236 2162 28 23 he
2284 2162 41 23 has
2345 2163 109 23 immense
2474 2164 35 23 in-

1914 2201 95 28 fluence,
2024 2202 86 30 arising
2123 2207 39 18 out
2175 2202 25 23 of
2215 2202 36 23 his
2264 2203 88 30 ability,
2373 2203 136 24 determina-

1916 2242 54 27 tion,
1984 2242 45 23 and
2036 2242 93 31 general
2138 2242 101 31 aptitude
2248 2244 35 22 for
2291 2243 113 29 business,
2417 2245 93 30 equiva-

1914 2282 48 23 lent
1974 2286 23 19 to
2009 2290 14 15 a
2035 2282 49 23 title
2097 2282 53 31 duly
2163 2283 81 30 signed
2257 2284 45 22 and
2315 2284 122 23 delivered.

1949 2322 76 24 There
2050 2324 20 21 is
2090 2323 52 30 only
2163 2331 41 15 one
2224 2325 66 30 point
2310 2324 74 23 which
2401 2324 53 24 does
2471 2330 40 19 not

1914 2369 60 17 meet
1987 2363 53 23 with
2053 2371 42 15 our
2106 2363 112 32 complete
2231 2373 160 20 concurrence,
2404 2365 75 23 which
2491 2366 19 23 is

1914 2404 23 22 in
1950 2404 119 30 requiring
2081 2412 26 15 us
2121 2409 22 18 to
2157 2404 52 23 take
2222 2404 31 23 all
2265 2413 42 15 our
2318 2404 54 24 land
2384 2406 22 22 in
2419 2414 13 15 a
2443 2406 66 24 block

1914 2454 61 23 upon
1989 2446 37 23 the
2039 2446 99 24 harbour
2148 2456 6 18 ;
2174 2447 45 23 and
2237 2455 35 15 we
2291 2447 75 24 would
2386 2449 45 23 fain
2450 2448 59 32 hope

1914 2494 61 23 upon
1987 2487 70 31 being
2070 2487 65 23 made
2149 2487 87 24 further
2250 2489 135 30 acquainted
2404 2489 53 23 with
2471 2489 37 23 the

1915 2527 117 24 character
2060 2528 26 24 of
2119 2528 37 24 tha
2187 2529 62 29 land,
2274 2529 45 24 and
2348 2538 14 15 a
2392 2530 117 24 memorial

1914 2576 60 23 upon
1996 2569 37 23 the
2053 2569 90 32 subject
2162 2570 69 30 being
2251 2570 137 29 forwarded,
2411 2571 28 23 he
2464 2570 45 25 will

1915 2609 65 23 allow
1993 2617 27 15 us
2032 2614 23 18 to
2069 2610 70 23 salect
2156 2611 22 23 in
2188 2619 13 14 a
2213 2610 91 24 distiict
2320 2611 82 28 where,
2423 2611 86 31 though

1916 2649 36 23 the
1965 2649 66 23 lands
2044 2658 52 22 may
2107 2655 41 18 not
2167 2651 128 30 ultimately
2315 2659 69 23 prove
2403 2659 70 20 more,
2493 2652 19 23 if

1916 2697 31 20 so,
1970 2689 111 28 valuable,
2102 2689 54 32 they
2180 2691 47 23 will
2256 2696 23 18 at
2304 2691 59 23 least
2391 2691 28 23 he
2443 2691 68 24 much

1916 2737 61 15 more
1990 2729 110 23 available
2113 2734 23 18 to
2149 2730 36 23 the
2198 2731 170 30 agriculturists
2381 2736 22 18 to
2415 2731 96 31 proceed

1916 2775 22 18 to
1950 2770 72 29 work,
2040 2771 62 23 alike
2112 2771 56 24 with
2184 2773 128 29 advantage
2332 2777 22 19 to
2374 2772 136 24 themselves

1916 2812 44 23 and
1972 2813 46 22 this
2030 2818 61 25 port.

1950 2853 75 23 Could
2043 2861 36 16 we
2099 2855 105 23 conceive
2217 2854 36 23 for
2270 2863 14 15 a
2302 2860 102 18 mormnt
2421 2855 49 22 tint
2488 2855 22 23 in

1916 2894 120 30 accepting
2048 2893 65 24 these
2127 2899 77 23 terms,
2220 2895 37 23 the
2272 2895 116 23 Colonists
2401 2895 73 23 would
2483 2895 27 24 be

1916 2934 135 30 weakening
2070 2935 38 23 the
2128 2935 57 23 New
2206 2935 103 24 Zealand
2330 2936 124 31 Company,
2479 2943 31 16 we

1916 2975 83 23 should
2009 2975 59 23 have
2081 2975 40 24 felt
2133 2976 18 23 it
2164 2980 21 19 to
2198 2976 29 23 be
2238 2984 41 15 our
2293 2976 54 30 duty
2361 2980 23 19 to
2404 2983 56 21 urge
2473 2976 37 24 the

1916 3015 108 31 rejection
2037 3015 26 23 of
2078 3023 44 23 any
2142 3020 162 26 arrangement
2322 3015 75 23 which
2415 3015 39 23 did
2472 3020 38 19 not

1916 3056 111 30 originate
2039 3055 56 23 with
2106 3056 45 22 and
2168 3055 98 30 through
2288 3055 64 23 those
2370 3055 53 23 with
2435 3055 74 24 whom

1916 3095 37 23 the
1966 3095 129 31 prosperity
2107 3095 26 22 of
2149 3095 44 22 this
2206 3095 132 23 settlement
2351 3096 19 22 is
2386 3095 123 24 indissolu-

1916 3136 37 30 bly
1966 3135 134 24 associated.
2138 3135 46 24 But
2196 3136 19 23 it
2226 3136 21 23 is
2265 3144 42 15 our
2326 3136 71 23 belief
2410 3136 50 24 that
2473 3136 37 25 the

1917 3175 119 31 Company
2048 3175 47 24 will
2107 3176 28 23 be
2154 3176 130 32 materially
2304 3176 98 24 relieved
2420 3177 30 31 by
2464 3176 45 25 this

1916 3220 172 26 arrangement:
2109 3216 44 23 and
2166 3216 49 24 that
2227 3225 26 15 as
2265 3225 33 15 we
2316 3218 102 30 perceive
2435 3218 22 23 in
2472 3217 37 24 the

1915 3249 124 30 principles
2052 3249 45 23 laid
2110 3249 65 24 down
2187 3250 31 31 by
2238 3250 46 24 His
2298 3250 147 31 Excellency,
2471 3251 36 23 the

1916 3289 78 16 means
2006 3283 22 22 ol
2027 3279 5 9 1
2047 3282 39 23 the
2096 3283 118 31 Company
2228 3284 135 31 continuing
2376 3284 27 23 \U
2417 3284 88 24 invalu-

1916 3315 50 23 able
1978 3316 130 31 operations
2118 3317 53 23 with
2182 3317 85 24 benefit
2281 3322 22 19 to
2315 3325 26 15 us
2350 3317 43 23 and
2406 3317 68 31 profit
2485 3322 22 19 to

1916 3353 22 18 to
1950 3349 147 29 themselves,
2110 3357 34 16 we
2156 3350 26 23 do
2195 3350 43 23 feel
2253 3350 38 24 the
2304 3358 79 15 course
2396 3350 72 24 which
2476 3358 32 16 we

1915 3382 58 31 hope
1982 3382 39 24 the
2027 3382 118 24 Colonists
2154 3383 42 23 will
2205 3392 85 23 pursue
2297 3383 44 23 will
2348 3384 27 22 be
2382 3383 78 32 highly
2468 3392 40 23 ap-

1915 3416 86 30 proved
2007 3416 30 30 by
2046 3416 38 23 the
2094 3416 127 32 Company,
2234 3417 45 23 and
2287 3417 44 22 will
2340 3417 47 22 also
2395 3417 28 23 he
2431 3422 76 19 mutu-

1916 3448 45 31 ally
1972 3449 128 25 beneficial.
2139 3450 23 24 It
2175 3451 19 22 is
2206 3450 62 31 plain
2281 3450 38 24 the
2333 3450 118 31 Company
2464 3449 45 25 will

1915 3482 57 23 have
1985 3488 22 18 to
2022 3483 52 23 take
2086 3483 80 24 blocks
2180 3484 25 23 of
2221 3483 60 29 land,
2302 3483 44 24 and
2364 3483 92 31 placing
2471 3483 36 24 the

1916 3521 94 26 country
2017 3516 54 23 land
2079 3522 23 18 at
2109 3517 36 23 1
2154 3517 74 23 derive
2238 3517 123 23 therefrom
2370 3524 29 15 no
2407 3517 85 23 benefit
2500 3525 7 20 ;

1915 3549 41 23 but
1967 3549 59 24 from
2040 3550 37 23 the
2090 3550 47 23 sale
2150 3550 26 23 of
2190 3556 60 17 town
2263 3550 45 23 and
2318 3550 114 23 suburban
2441 3550 67 23 allot-

1916 3587 83 24 ments,
2009 3583 75 32 ample
2097 3583 87 32 profits,
2204 3583 46 23 ami
2262 3583 38 23 the
2320 3591 79 15 means
2417 3583 26 23 of
2460 3583 47 24 fur-

1916 3615 93 31 nishing
2021 3624 13 15 a
2046 3622 59 17 town
2119 3617 139 31 population,
2280 3624 51 22 may
2342 3617 28 22 be
2381 3616 124 24 furnished.

1916 3649 58 23 This
1994 3650 45 22 will
2057 3650 29 23 be
2098 3658 28 15 an
2141 3650 69 22 union
2224 3650 26 22 of
2265 3650 38 23 the
2316 3650 60 23 fixed
2388 3650 43 23 and
2444 3650 63 23 suffi-

1916 3683 60 22 cient
1987 3683 63 31 price
2062 3683 111 31 principle
2184 3682 37 23 for
2233 3683 39 23 the
2285 3688 104 26 country,
2409 3683 44 24 and
2472 3683 37 23 the

1916 3716 90 24 auction
2020 3721 84 25 system
2120 3716 34 22 for
2166 3715 38 23 the
2217 3721 68 23 town,
2307 3724 27 15 an
2354 3717 70 23 union
2437 3715 72 25 which

1916 3757 31 16 we
1961 3749 113 31 sincerely
2086 3749 87 23 believe
2185 3749 47 23 will
2251 3757 71 24 prove
2341 3749 80 31 highly
2439 3750 70 23 bene-

1915 3782 68 22 ficial.

1949 3815 24 23 It
1985 3816 19 22 is
2017 3815 62 31 plain
2091 3815 39 23 the
2143 3815 159 24 Government
2311 3816 58 23 have
2377 3824 69 15 never
2453 3815 55 24 been

1916 3848 127 23 reconciled
2062 3853 22 18 to
2104 3848 38 24 the
2162 3849 76 23 South
2259 3850 136 23 Australian
2414 3853 93 26 system,

1916 3881 121 32 especially
2050 3886 22 18 to
2085 3882 50 23 that
2145 3883 91 31 portion
2246 3883 72 23 called
2326 3883 84 31 special
2417 3889 90 23 survey.

1916 3914 50 24 The
1972 3914 102 31 grounds
2080 3915 25 23 of
2110 3916 60 22 their
2177 3916 116 31 objection
2298 3921 23 17 to
2328 3916 49 23 that
2381 3920 50 27 part
2436 3916 20 22 is
2463 3915 45 23 evi-

1916 3947 54 24 dent
1978 3956 6 18 ;
1998 3948 19 22 it
2023 3947 78 24 allows
2109 3948 38 23 the
2155 3949 72 30 buyer
2235 3954 23 17 to
2264 3949 78 24 obtain
2350 3956 61 16 more
2420 3948 55 23 than
2481 3947 27 23 he

526 57 100 29 THE
646 55 109 31 NEW
775 54 228 31 ZEALAND
1023 50 227 33 GAZETTE
1274 50 99 30 AND
1397 48 327 31 WELLINGTON
1750 47 292 31 SPECTATOR.

2078 128 251 18 THERMOMETER.

2096 836 114 16 LATEST
2226 836 106 16 DATES.

1917 864 96 21 London
2284 864 54 29 July
2371 864 35 26 12,
2434 864 71 23 1840.

1917 895 92 30 Sydney
2286 895 60 23 Nov.
2368 897 38 24 11,
2433 898 72 21 1840.

1917 928 50 23 Van
1980 928 123 23 Dieman's
2116 928 67 23 Land
2203 944 57 7 ....
2285 928 54 23 Oct.
2368 930 39 27 23,
2435 930 70 22 1840.

1917 961 55 23 Port
1987 962 87 31 Phillip
2286 961 54 24 Oct.
2369 963 39 25 21,
2435 963 70 22 1840.

1917 995 109 23 Adelaide
2286 995 53 23 Oct.
2370 996 38 23 17,
2438 997 67 22 1840.

1963 1116 66 21 AND
2045 1116 214 22 WELLINGTON
2277 1117 186 22 SPECTATOR.

1931 1172 16 21 \
2046 1172 132 21 Saturday,
2196 1172 57 19 Dec.
2269 1172 33 21 12.
2319 1172 59 19 1840.

1354 3550 169 25 SHIPPING
1547 3550 276 26 INTELLIGENCE.

1326 3604 37 22 No
1378 3604 87 22 vessels
1484 3604 58 21 have
1562 3604 88 21 arrived
1668 3611 26 14 or
1714 3604 71 23 sailed
1804 3604 81 31 during

1296 3636 35 24 the
1343 3635 72 24 week.
1452 3636 76 23 There
1541 3636 19 22 is
1573 3643 14 15 a
1604 3641 76 25 report
1699 3636 50 23 that
1768 3637 64 23 there
1849 3646 36 14 are

1296 3674 40 17 two
1348 3669 85 22 vessels
1445 3673 24 18 at
1480 3669 85 22 anchor
1578 3669 72 22 under
1664 3669 113 22 Barrett's
1790 3670 56 21 reef.

1521 3719 33 17 IN
1573 3719 86 17 PORT.

1328 3750 81 21 Cutter

1327 3781 91 30 Barque
1644 3780 139 26 Kettlewell.

1328 3814 56 30 Ship
1428 3814 94 23 Martha
1695 3815 91 24 Bissett.

1328 3847 116 24 Schooner
1646 3848 124 24 Richards.

1311 3902 2 3 .
1328 3880 57 32 Ship
1565 3881 106 24 Stevens.

1328 3912 57 32 Brig
1555 3914 67 23 Fish.

1328 3946 91 27 Barque
1569 3946 147 23 Newcombe.

28 82 27 17 2

1924 160 72 22 Week
2005 160 88 27 ending
2101 160 126 27 Thursday,
2245 160 127 22 December
2382 162 33 25 10,
2426 162 61 22 1840.

2017 203 59 17 Morn.

2127 204 57 16 Even.
2207 203 3 21 |
2232 204 63 17 Wind.
2313 215 2 9 ,

2370 206 88 16 Weather.

1910 245 29 17 Pri
2036 247 20 15 61
2145 247 20 15 65

1910 267 29 16 S:it
2036 267 21 16 57
2145 267 20 16 58
2207 266 2 21 j

1910 288 43 15 Sun.
1972 298 18 6 ...
2036 287 22 16 60
2144 288 23 15 64

1910 307 50 17 Mon.
1972 320 18 5 ...
2036 308 22 15 60
2144 308 21 15 63

1910 329 53 17 Tues.
1973 340 18 6 ...
2037 329 22 15 59
2144 328 21 16 62

1910 349 50 17 Wed.
1974 361 18 6 ...
2038 349 21 16 59
2145 349 19 16 01

1910 370 82 17 Thuri...
2038 370 22 16 58
2145 370 22 16 60
2207 366 2 25 j

1931 410 64 18 Mean.
2036 412 51 16 59.14
2145 412 49 15 61.85

2209 241 54 25 (S.E.

2207 266 24 21 is

2221 287 45 17 N.E.

2221 307 52 18 N.V.

2221 328 52 17 N.W.

2221 349 54 17 N.W.

2207 371 5 20 !
2221 370 54 17 N.W.

2313 259 3 4 .
2329 247 53 18 LiKlit
2387 247 14 16 &
2409 247 42 16 fine.

2329 267 66 20 Strong
2400 267 13 16 &
2417 267 42 18 fine.

2329 287 54 20 Light
2388 288 14 16 &
2407 288 41 17 tine.

2330 308 91 17 Moderate
2427 309 13 16 ft
2445 308 41 19 fine.

2330 329 93 17 Moderate
2428 330 14 15 &
2447 330 42 16 fine.

2330 350 65 20 Strong
2399 350 14 16 &
2417 349 43 18 fine.

2314 366 2 11 '
2329 370 66 21 Strong
2399 370 14 17 &
2417 370 44 17 fine.

38 127 39 34 V
122 140 272 25 -GOVERNMENT
412 139 139 24 NOTICE.

359 178 73 21 Police
442 177 77 26 Office,

280 204 52 22 Port
344 203 126 23 Nicholson.
484 204 55 21 Dec.
549 204 20 26 5,
581 205 60 20 1840.

148 237 133 22 NOTICE
296 238 44 21 TO
354 237 196 21 MARINERS.

57 271 91 23 rriHE
153 271 114 27 following
274 271 150 21 observations
430 277 28 15 on
464 270 37 21 the
508 269 134 27 appronche.-i

63 292 30 28 JL
118 304 21 15 to
150 298 37 22 the
199 302 58 17 town
270 298 24 20 of
306 297 119 22 Auckland
436 304 36 14 are
484 296 118 27 published
609 297 34 20 for

54 325 91 26 general
153 325 152 24 information,
313 324 28 27 by
351 323 63 22 order
421 323 26 21 of
454 323 36 21 the
498 323 142 21 Lieutenant-

56 353 123 21 Governor.

247 376 148 22 MICHAEL
411 375 141 26 MURPHY,

314 410 69 21 Chief
393 409 74 22 Police
477 408 139 28 Magistrate.

134 449 50 24 The
193 453 61 20 town
264 450 27 22 of
300 448 130 27 Auckland,
444 455 30 16 on
489 448 38 23 the
536 448 106 23 southern

162 477 61 22 bank
234 477 26 22 of
270 477 38 22 the
319 477 68 22 River
400 476 139 26 Waitemata,
548 476 18 20 is
576 475 64 22 situa-

162 504 37 21 ted
209 504 22 21 in
242 503 93 22 latitude
349 505 38 19 36
401 504 34 20 51'
504 501 77 28 South,
598 502 46 21 and

164 530 115 27 longitude
290 531 51 21 174
399 529 52 22 East
461 529 86 27 nearly.

133 563 48 22 The
192 568 106 17 entrance
309 567 23 17 to
343 563 36 21 the
390 562 134 22 Waitemata
537 562 20 21 is
566 568 27 14 on
606 561 37 21 the

162 594 93 18 western
270 590 45 21 side
326 589 26 21 of
364 590 36 20 the
410 589 51 26 gulf
472 589 26 21 of
510 588 60 22 Shou
580 588 64 22 Raka

163 617 36 26 (or
210 617 36 21 the
259 616 60 22 Frith
329 617 26 20 of
371 616 38 22 the
425 615 114 27 Thames,)
564 615 43 21 and
625 615 19 21 is

162 643 108 22 screened
286 643 57 21 from
362 642 37 22 the
417 642 125 21 north-east
559 642 29 27 by
606 642 37 20 the

162 670 89 21 Islands
258 670 26 21 of
291 670 134 25 Rangetoto,
436 669 62 21 Moto
506 668 83 25 Taboo,
598 668 45 21 and

162 704 12 14 a
185 697 127 21 succession
327 696 26 21 of
367 695 51 22 bold
433 695 133 27 precipitous
583 695 61 21 islets

160 723 65 26 lying
243 723 34 21 off
292 723 38 21 the
351 722 131 22 north-west
499 722 44 20 end
564 722 26 20 of
606 721 37 21 the

160 750 62 26 large
233 749 77 22 Island
321 749 26 21 of

277 790 142 14 DIRECTIONS.

80 817 91 21 Vessels
180 816 77 22 bound
268 820 22 18 to
300 816 120 22 Auckland
438 816 56 20 from
512 815 37 21 the
566 815 78 21 north-

54 844 66 22 ward,
132 844 56 21 after
201 843 90 26 mailing
303 843 64 21 Point
378 842 101 27 Rodney,
494 842 81 21 should
585 847 59 16 steer

54 871 35 21 for
104 870 35 22 the
156 870 76 22 Island
251 870 26 21 of
290 869 46 21 Tiri
353 869 53 27 Tiri,
425 869 114 27 Mautangi
557 868 87 28 (hiking

55 905 50 14 care
116 901 22 17 to
148 896 66 22 avoid
223 904 29 14 as
261 896 45 22 nail
313 896 68 27 rocky
388 896 50 21 islet
445 896 111 26 lyingone
564 895 79 27 league

55 923 72 23 North
142 925 41 19 5:50
201 923 60 21 West
281 924 78 25 (mag.)
379 923 56 20 from
454 923 63 20 Point
535 922 107 26 Tnkatoo,

55 951 93 25 Fenoa,)
164 949 46 21 and
220 950 88 27 passing
319 949 16 21 it
345 956 27 14 on
386 949 70 21 either
472 949 46 21 side
536 952 58 18 steer
610 949 34 21 for

54 977 128 26 Rangitoto,
195 977 96 26 keeping
301 977 98 20 between
411 976 47 20 that
467 975 72 21 island
551 975 44 21 and
606 976 38 20 the

54 1004 69 25 main,
134 1003 45 21 and
190 1007 40 17 not
239 1003 150 27 approaching
404 1002 70 21 either
491 1003 21 20 in
529 1002 43 21 less
590 1002 52 21 than

56 1031 43 21 five
110 1030 96 21 fathoms
216 1035 73 16 water.
320 1030 71 20 When
403 1033 22 17 to
437 1029 36 21 the
491 1029 113 21 westward
622 1030 26 20 of

55 1057 50 21 Ran
108 1057 19 26 ?i
131 1061 52 21 toto,
197 1056 36 22 the
249 1056 58 22 bluff
323 1057 66 20 north
405 1055 58 22 head
480 1056 26 20 of
521 1055 38 21 the
577 1056 68 21 River

55 1084 135 21 Waicemata
200 1083 103 22 becomes
314 1083 84 21 visible.

84 1123 89 22 Vessels
192 1123 90 27 coming
299 1123 58 22 from
381 1123 38 21 the
439 1123 106 22 eastward
565 1123 79 21 should

55 1154 63 18 enter
129 1151 36 21 the
177 1150 61 22 Frith
249 1151 98 21 between
363 1151 58 26 Cape
439 1150 92 21 Colville
546 1150 45 21 and
606 1150 38 22 the

56 1178 70 21 Great
143 1178 96 21 Barrier,
257 1177 91 31 passing
363 1184 27 14 on
410 1177 71 21 either
496 1177 47 21 side
561 1177 25 21 of
606 1177 38 21 the

56 1204 63 21 small
132 1204 77 21 Island
218 1204 26 21 of
257 1198 62 27 Kioto
329 1204 100 26 Tapuku,
445 1203 70 22 which
527 1203 39 22 lies
576 1203 69 22 about

42 1252 5 4 ..
56 1238 13 14 a
78 1231 79 26 league
168 1231 84 21 distant
259 1231 98 21 N.N.W.
364 1231 56 21 from
432 1230 37 21 the
478 1231 65 26 Cape,
553 1230 91 22 whence

55 1265 13 14 a
84 1265 76 13 course
179 1265 51 19 may
245 1257 28 21 be
290 1257 83 27 shaped
388 1258 33 20 for
438 1257 37 21 the
491 1257 153 22 mid-channel

55 1285 100 21 between
166 1284 46 21 Tiri
222 1284 53 26 Tiri,
289 1285 108 26 Matangi,
417 1284 44 21 and
479 1284 62 21 Moto
559 1284 83 26 T.ipuu,

55 1311 72 21 which
138 1311 78 26 nearly
228 1311 61 26 j.iins
301 1311 125 26 Rangitoto,
445 1311 44 21 and
505 1318 53 14 over
573 1310 71 22 which

56 1337 37 22 the
103 1338 69 26 peaks
182 1338 27 21 of
219 1337 122 27 Rangitoto
355 1345 37 14 are
409 1337 90 26 visible;
523 1337 53 22 then
594 1345 50 20 pro-

55 1365 55 21 ceed
119 1372 23 14 as
152 1365 20 20 if
183 1365 91 26 coining
284 1365 55 21 from
349 1364 36 22 the
395 1364 134 22 northward.

84 1405 89 21 Vessels
183 1405 101 26 drawing
292 1405 43 21 less
346 1404 52 22 than
411 1406 24 20 18
451 1404 46 22 feet
513 1412 51 19 may
581 1409 65 18 enter

56 1431 38 23 the
117 1432 101 21 Tehauki
244 1432 95 22 channel
358 1439 28 14 on
407 1431 69 22 either
494 1431 47 22 side
561 1432 26 21 of
607 1432 37 22 the

57 1459 135 25 Waittekeh,
204 1459 44 21 and
263 1466 49 20 pass
329 1463 23 17 to
368 1459 38 21 the
421 1458 127 22 southward
566 1459 25 21 of
607 1459 37 21 the

54 1493 71 19 group
136 1485 86 22 formed
233 1486 30 26 by
273 1485 134 26 Waittekeh,
420 1485 63 21 Moto
496 1485 85 27 Tapou,
599 1486 45 21 and

55 1513 129 26 Rangitoto,
197 1517 21 16 to
230 1513 37 21 the
278 1517 105 17 entrance
398 1513 26 20 of
439 1511 37 22 the
496 1511 95 23 VVaitem
599 1517 31 17 tta
638 1521 4 18 ;

55 1539 41 21 but
120 1539 42 21 this
190 1539 97 21 channel
315 1539 19 21 is
362 1543 40 17 not
425 1539 172 22 recommended
621 1544 23 17 to

56 1569 111 23 strangers
177 1566 98 21 unaided
285 1566 28 27 by
324 1574 13 14 a
352 1566 60 27 pilot.
444 1565 25 21 In
486 1565 36 21 the
539 1571 67 17 event
622 1567 27 21 of

56 1600 12 13 a
79 1597 66 17 stress
155 1593 26 21 of
194 1593 101 26 weather,
312 1600 25 14 or
347 1593 62 21 other
419 1600 141 20 emergency,
571 1593 73 21 excel-

55 1619 49 21 lent
117 1619 84 21 shelter
214 1627 52 20 may
283 1620 27 21 be
324 1619 70 22 found
411 1619 71 21 inside
498 1626 45 21 a.iy
559 1625 48 21 part
621 1621 27 20 of

56 1645 135 27 Waittekeh,
213 1654 24 14 or
256 1646 71 22 under
347 1646 37 22 the
404 1650 47 18 east
469 1645 44 22 end
533 1647 26 21 of
581 1647 63 21 Moto

55 1672 84 32 Tapou,
151 1672 37 22 the
200 1680 97 19 passage,
315 1673 45 21 and
377 1673 37 21 the
431 1673 107 21 channels
555 1673 90 27 leading

54 1703 24 18 to
87 1703 24 22 it,
123 1700 67 26 being
200 1699 108 28 perfectly
317 1699 47 22 free
374 1700 56 21 from
442 1699 101 28 dangers.

84 1740 34 21 On
134 1739 152 28 approaching
299 1739 37 22 the
352 1743 105 18 entrance
473 1740 26 20 of
514 1740 38 21 the
567 1740 75 27 River,

55 1774 51 14 care
115 1770 59 18 must
183 1766 28 21 be
222 1766 66 22 taken
306 1770 22 17 to
346 1767 65 21 avoid
427 1774 14 14 a
455 1766 64 27 ledge
537 1767 27 21 of
579 1767 65 21 rocks

55 1793 123 26 extending
186 1793 25 21 in
219 1800 14 14 a
240 1793 178 27 north-westerly
426 1793 107 21 direction
541 1794 56 21 from
606 1794 38 21 the

54 1820 106 21 southern
172 1819 72 27 shore,
254 1820 71 22 which
335 1828 52 19 may
397 1821 28 21 be
435 1820 94 22 avoided
539 1820 29 27 by
576 1821 68 27 keep-

54 1847 40 26 ing
104 1847 35 21 the
151 1847 66 21 north
228 1847 57 21 head
295 1847 127 22 southward
433 1847 25 21 of
470 1851 59 22 west,
546 1848 95 26 (magn.)

54 1873 58 22 until
129 1881 12 13 a
157 1873 140 22 remarkable
314 1874 53 22 rock
385 1881 27 14 on
433 1873 37 21 the
487 1874 66 21 south
570 1874 71 27 shore,

54 1901 136 26 resembling
207 1901 37 21 the
261 1901 86 21 bastion
366 1901 25 21 of
407 1908 12 14 a
437 1901 49 26 fort,
508 1901 81 23 (called
606 1901 36 21 the

54 1927 91 21 Bastion
164 1927 72 26 Rock)
257 1928 64 21 bears
338 1927 70 22 South
426 1928 95 26 (magn.)
553 1927 60 21 With
631 1936 11 13 a

54 1954 42 21 fair
111 1954 58 21 wind
185 1955 36 20 the
239 1955 65 21 north
320 1954 58 22 head
395 1962 51 19 may
461 1955 26 21 be
503 1954 100 22 rounded
621 1959 23 17 at

54 1980 51 22 half
125 1988 12 14 a
156 1981 82 21 cable's
257 1981 77 26 length
354 1981 106 26 distance,
486 1981 44 21 and
550 1989 13 13 a
588 1981 54 21 mid-

54 2007 95 22 channel
160 2015 79 14 course
251 2008 41 21 will
310 2008 50 22 lead
376 2012 23 17 to
416 2008 37 21 the
470 2008 127 27 anchorage
614 2009 34 21 off

54 2032 38 24 the
108 2039 65 17 town.
204 2034 61 21 With
282 2042 12 13 a
310 2035 90 26 beating
417 2034 58 21 wind
491 2035 51 20 tack
560 2042 28 13 on
605 2035 37 21 the

54 2060 64 22 south
131 2061 63 21 --hore
205 2068 28 13 on
245 2061 89 26 coming
345 2061 45 21 into
404 2061 35 21 six
454 2061 96 21 fathoms
567 2065 73 22 water,

54 2087 45 21 and
110 2095 26 13 01.
150 2087 35 21 the
197 2087 66 21 north
273 2087 73 26 shore,
357 2087 71 21 which
438 2088 18 20 is
473 2087 66 22 much
557 2091 86 24 steeper

54 2117 23 18 at
84 2114 35 21 the
138 2119 38 17 ..st
184 2114 63 21 shoal
254 2119 66 17 coast.
346 2114 46 22 The
401 2114 52 27 only
462 2114 96 27 dangers
566 2115 75 21 within

54 2140 37 22 the
103 2141 67 21 heads
180 2148 36 14 are
228 2148 13 14 a
251 2141 43 27 spit
304 2141 26 21 of
339 2141 55 22 land
404 2141 47 21 that
461 2141 97 27 projects
569 2141 50 22 half
630 2150 13 14 a

54 2168 80 21 cableV
146 2167 77 28 length
235 2169 56 20 from
305 2176 13 13 a
333 2168 43 21 low
392 2167 71 28 sandy
479 2169 64 26 point
560 2176 28 14 on
604 2168 38 22 the

54 2194 66 22 north
135 2195 72 25 shore,
224 2195 67 21 about
306 2202 13 14 a
334 2199 89 23 quarter
439 2195 26 21 of
479 2202 12 14 a
506 2195 52 21 mile
572 2195 70 22 inside

51 2221 38 22 the
99 2221 65 22 north
176 2221 64 27 head,
253 2221 45 22 and
308 2229 13 13 a
332 2230 47 13 mud
392 2229 54 14 flat
456 2221 70 22 which
536 2221 57 23 lines
605 2221 37 23 the

52 2249 106 21 southern
180 2249 65 21 shore
263 2253 21 17 to
303 2256 12 14 a
334 2248 100 22 distance
451 2249 26 21 of
496 2249 78 27 nearly
590 2256 52 14 one-

53 2275 59 21 third
124 2276 24 21 of
159 2283 13 14 a
183 2275 52 22 mile
246 2275 136 26 throughout
392 2276 37 21 the
439 2275 71 21 whole
519 2276 66 25 river,
597 2276 45 22 and

54 2302 30 21 all
103 2302 36 22 the
156 2302 55 27 bays
228 2310 28 14 on
274 2303 53 21 both
344 2303 57 21 sides
418 2310 36 14 are
471 2302 70 22 shoal.
570 2303 72 21 These

52 2329 95 27 dangers
158 2329 45 21 will
214 2329 26 21 be
249 2329 94 21 avoided
351 2330 28 26 by
388 2329 109 22 attention
507 2333 22 17 to
537 2329 39 21 the
584 2329 56 28 lead,

53 2356 46 22 and
109 2355 37 22 the
157 2355 121 23 directions
287 2357 66 26 given
365 2356 77 22 above.

81 2397 48 21 The
139 2397 130 27 navigation
280 2397 25 21 of
315 2397 38 22 the
362 2397 52 27 gulf
426 2398 25 20 of
462 2397 116 22 Shouraka
588 2397 52 22 with

54 2424 105 25 ordinary
171 2432 50 13 care
233 2425 18 21 is
260 2424 108 27 perfectly
378 2424 54 27 safe,
447 2425 41 21 but
505 2425 109 21 attention
624 2425 18 21 is

51 2451 104 27 required
165 2451 22 21 in
199 2450 58 28 hazy
267 2451 96 22 weather
377 2458 24 15 or
416 2454 22 18 at
448 2451 69 27 night,
537 2454 22 18 to
576 2452 66 21 avoid

53 2484 69 21 many
138 2478 64 21 small
218 2478 61 21 islets
292 2478 73 22 which
382 2486 54 19 vary
451 2478 23 21 in
490 2478 79 27 height
585 2479 56 21 from

53 2504 34 22 six
98 2512 25 14 or
132 2505 62 26 eignt
204 2505 45 21 feet
258 2508 23 18 to
291 2512 42 14 one
344 2505 101 21 hundred
454 2505 53 25 feet,
517 2505 46 21 and
571 2505 71 22 which

52 2538 38 15 are
99 2531 115 28 generally
225 2531 139 22 surrounded
374 2531 51 22 with
436 2531 55 28 deep
502 2536 67 17 water
576 2540 5 18 ;
604 2533 37 21 the

52 2558 54 27 only
125 2559 82 21 known
228 2559 117 26 exception
366 2562 22 18 to
409 2559 42 21 this
471 2559 47 21 rule
543 2566 37 14 are
604 2559 37 22 the

53 2585 112 26 Perogues
175 2585 22 21 in
208 2587 39 19 39
302 2585 76 24 South,
396 2586 43 21 an'l
457 2585 115 27 longitude
591 2587 51 21 175

102 2613 58 25 East,
173 2612 119 27 according
301 2618 23 16 to
334 2613 22 21 I)
366 2612 70 22 Urvill
445 2621 11 16 ,
472 2613 50 21 and'
527 2620 13 14 a
550 2613 52 21 rock
613 2621 28 14 on

52 2639 73 21 which
136 2639 37 21 the
184 2646 37 14 sea
231 2639 79 21 breaks
320 2639 155 27 occasionally,
488 2639 72 22 called
569 2640 73 27 Simp-

52 2666 60 21 son's
129 2665 70 27 Rock,
216 2666 92 27 bearing
323 2667 68 20 about
473 2674 25 13 or
515 2666 45 21 five
576 2667 66 21 miles

52 2693 90 21 N.N.E.
160 2693 58 21 from
237 2693 37 21 the
289 2693 66 21 north
372 2693 43 21 and
433 2698 53 16 west
504 2693 43 21 end
564 2693 25 21 of
605 2694 37 21 the

54 2720 71 21 Great
133 2719 95 21 Barrier.
257 2719 72 22 There
337 2720 19 21 is
363 2727 13 14 a
385 2720 85 21 sunken
479 2720 53 21 rock
539 2721 104 26 reported

52 2750 27 26 tqt
87 2746 56 21 exist
153 2754 29 13 on
194 2746 38 22 the
242 2747 64 21 north
317 2747 47 21 side
374 2747 25 21 of
412 2747 134 24 Waittekeh,
564 2747 44 22 and
625 2748 17 21 is

53 2773 93 22 nferked
163 2780 30 14 on
211 2773 37 21 the
266 2773 72 22 charts
359 2774 67 21 about
446 2773 65 22 north
527 2774 58 21 from
606 2774 36 22 the

53 2803 76 18 centre
139 2800 26 21 of
176 2799 49 22 that
235 2800 77 21 Island
326 2808 12 13 a
355 2802 54 25 long
424 2801 79 26 league
519 2801 35 20 off
569 2801 72 27 shore,

52 2827 39 21 the
101 2827 95 27 position
208 2834 24 14 or
243 2834 55 14 even
309 2827 38 21 the
364 2828 111 21 existence
491 2828 26 20 of
536 2827 70 22 which
625 2828 17 21 is

52 2856 41 19 not
103 2853 116 28 positively
230 2853 89 22 known.
349 2854 71 21 These
431 2854 70 27 rocks,
519 2861 24 14 as
560 2855 43 20 will
614 2855 28 22 be

52 2888 54 14 seen
116 2880 30 27 by
156 2880 115 21 reference
282 2886 21 15 to
316 2881 37 20 the
371 2881 69 26 chart,
458 2888 37 14 are
513 2885 39 17 out
568 2882 26 20 of
605 2881 37 22 the

53 2907 104 26 ordinary
168 2907 64 21 track
247 2907 26 21 of
289 2908 87 26 vessels,
395 2908 40 21 but
451 2912 104 23 contrary
572 2908 70 22 winds

52 2941 53 20 may
115 2929 73 31 oblige
200 2934 82 21 vessels
291 2938 21 17 to
324 2935 109 27 approach
443 2935 67 26 them,
517 2935 46 21 and
571 2935 72 22 there-

52 2961 48 21 fore
111 2968 35 14 are
158 2960 87 27 worthy
255 2961 28 21 of
297 2961 81 22 notice.
408 2961 46 22 The
465 2961 68 27 rocky
544 2961 50 22 islet
608 2962 34 27 ly-

52 2988 40 23 ing
136 2987 117 22 Tackatou
260 2987 83 26 Fenua,
353 2988 70 21 above
430 2988 90 21 alluded
528 2992 29 23 to,
566 2989 76 22 stands

53 3015 69 22 about
131 3015 61 26 eight
202 3014 45 22 feet
256 3015 70 20 above
336 3015 53 26 high
400 3018 66 18 water
476 3015 70 26 mark,
566 3016 44 21 and
625 3017 17 20 is

54 3041 53 21 bold
117 3044 43 18 too.
191 3041 32 21 Its
233 3041 94 29 position
338 3041 19 22 is
373 3041 126 28 accurately
515 3042 47 21 laid
577 3042 63 22 down

53 3068 31 27 by
94 3068 37 21 the
139 3068 75 21 Baron
225 3068 123 21 D'Urville.

82 3108 60 27 High
153 3112 68 17 water
231 3112 23 17 at
261 3109 134 21 Waitemata
404 3116 29 14 on
444 3109 42 22 full
495 3109 44 22 and
548 3109 93 27 change,

54 3135 37 21 6h.
107 3136 18 19 4.
123 3137 8 8 r
127 3142 46 19 >m.,
191 3135 43 21 rise
252 3135 43 22 and
311 3135 39 22 fall
369 3136 68 21 about
453 3138 27 19 10
494 3136 47 21 feet
557 3144 28 14 on
606 3136 37 22 the

53 3162 76 27 spring
138 3161 65 22 tides.
231 3161 48 22 The
289 3162 58 21 flood
357 3169 54 15 runs
421 3166 22 17 to
460 3163 37 21 the
514 3163 128 22 southward

53 3189 76 20 within
141 3188 38 22 the
190 3189 62 21 Frith
263 3189 26 21 of
294 3189 37 21 the
338 3189 103 27 Thames,
450 3190 41 21 but
501 3194 21 17 to
532 3189 36 22 the
576 3190 66 21 north

54 3222 29 15 on
94 3215 37 21 the
141 3218 70 19 coast.

81 3257 74 22 Dated
164 3260 24 19 at
198 3256 121 23 Auckland
329 3257 43 22 this
381 3258 39 22 Bth
434 3258 44 26 day
494 3258 27 22 of
537 3258 104 26 October,

53 3285 61 22 1840.

148 3310 35 28 By
199 3310 43 22 His
252 3310 155 28 Excellency's
417 3312 127 26 command,

212 3350 215 25 WILLOUGHBY
442 3352 200 27 SHORTLAND,

353 3387 98 22 Colonial
463 3388 124 27 Secretary.

33 3454 25 20 N
179 3445 44 20 TO
239 3445 69 21 THE
324 3446 201 21 INGENIOUS.

54 3483 52 47 A
115 3481 155 22 SUITABLE
285 3481 135 22 REWARD
440 3482 44 21 wiTl
502 3482 28 21 be
548 3483 53 27 paid
620 3486 23 18 to

134 3516 45 19 any
188 3514 82 21 person
280 3507 49 21 who
339 3515 52 20 may
400 3509 80 21 invent
489 3516 13 14 a
509 3509 104 22 machine
621 3514 23 17 to

55 3535 36 22 aid
101 3534 91 22 manual
204 3534 78 22 labour
297 3534 22 21 in
336 3535 118 27 preparing
471 3535 54 22 New
543 3536 101 22 Zealand

55 3561 56 22 Flax
122 3569 24 13 or
157 3562 83 26 Hemp,
256 3561 108 31 provided
379 3564 18 18 it
413 3562 106 27 complies
536 3563 53 22 with
606 3563 38 22 the

54 3589 115 26 following
177 3588 126 22 conditions
312 3604 4 5 .

83 3623 39 20 Ist.
150 3621 50 22 The
210 3620 110 28 machine,
332 3621 21 21 if
363 3623 23 19 to
395 3621 28 21 be
438 3621 54 22 used
502 3622 30 28 by
542 3629 43 15 one
594 3630 50 20 per-

54 3655 49 20 son,
114 3652 60 17 must
183 3651 40 18 not
234 3651 48 18 cost
290 3655 63 14 more
369 3648 54 21 than
440 3648 41 27 b,
496 3648 46 22 and
559 3650 23 21 in
599 3657 44 20 any

55 3683 51 14 case
115 3679 59 18 must
183 3675 29 21 be
222 3674 100 22 durable.

81 3710 22 20 2.
132 3708 21 22 It
173 3711 60 19 must
249 3707 28 22 be
294 3715 24 13 so
336 3707 68 27 easily
423 3707 95 28 applied,
537 3708 49 22 that
601 3717 43 14 one

54 3735 82 22 week's
142 3735 134 21 instruction
284 3734 57 22 shall
349 3734 78 22 enable
434 3734 36 22 the
476 3738 58 18 most
540 3735 106 27 ignorant

55 3765 23 18 to
89 3761 59 22 work
159 3762 24 21 it.

82 3797 22 20 3.
134 3795 21 21 It
164 3797 61 20 must
235 3794 78 22 enable
326 3802 43 14 one
386 3801 80 21 person
485 3797 23 19 to
523 3796 81 21 render
620 3796 26 22 fit

55 3822 35 21 for
106 3821 113 32 shipment
235 3824 40 19 not
296 3821 44 22 less
361 3821 55 22 than
435 3821 69 22 50lbs.
524 3822 81 27 weight
623 3824 25 20 of

56 3848 47 22 flax
112 3844 68 31 daily.

82 3884 21 20 4.
132 3882 23 22 It
164 3885 60 19 must
232 3882 28 22 be
272 3882 68 28 easily
348 3882 64 22 made
423 3882 45 23 and
477 3883 113 22 removed.

208 3915 78 28 Office,
297 3916 193 27 Taranaki-place,

152 3942 127 22 December
288 3944 31 24 10,
332 3945 60 19 1840.

793 135 136 20 CATTLE
950 133 185 22 COMPANY.

672 168 69 48 AT
757 176 13 13 a
779 167 182 27 public-meeting
971 167 52 21 held
1034 170 22 18 at
1072 163 185 25 Barrett's-hotel.

743 193 143 28 Wellington,
896 194 30 27 by
936 194 167 27 adjournment,
1111 198 29 14 on
1147 191 110 26 Tuesday,

672 222 36 20 the
717 221 39 22 Bth
766 221 131 26 December,
909 221 60 26 1840,
980 221 78 20 James
1073 219 68 25 Watt,
1160 218 60 27 Esq.,
1236 224 21 14 in

671 248 38 21 the
721 248 61 21 chair
790 255 5 13 :

700 281 22 21 It
731 288 45 14 was
785 279 109 29 proposed
903 280 30 27 by
950 278 19 23 I.
985 280 26 21 C.
1029 277 119 27 Crawford,
1165 276 45 23 and
1227 284 32 15 se-

672 307 87 22 conded
769 308 28 27 by
809 307 21 21 J.
842 308 85 24 Dorset,
940 306 59 27 Esq.,

725 341 57 20 That
793 340 42 21 this
845 341 99 25 meeting
954 339 78 26 taking
1041 339 48 21 into
1096 336 162 24 consideration

672 367 38 21 the
719 372 64 21 great,
797 367 135 26 advantages
947 366 48 21 that
1012 369 60 18 must
1088 371 79 16 accrue
1184 368 22 16 to
1224 363 38 21 the'

672 393 85 28 Colony
773 393 57 22 from
846 393 39 21 the
898 393 120 21 formation
1036 392 25 20 of
1079 398 14 15 a
1110 390 71 22 Cattle
1196 391 64 20 Com-

671 426 68 21 pany,
755 422 41 19 hot
804 419 52 28 only
867 426 23 15 as
900 426 14 15 a
922 426 79 15 means
1010 418 27 22 of
1047 417 121 26 rendering
1183 416 78 22 labour

671 454 62 14 more
743 445 116 26 available,
870 446 40 22 but
919 445 35 22 for
962 445 39 22 the
1016 445 66 27 equal
1098 443 45 23 and
1157 447 103 17 constant

671 473 81 28 supply
762 473 26 21 of
800 480 40 14 our
849 478 47 16 own
908 471 93 26 market,
1015 479 23 14 as
1049 471 47 21 well
1107 477 23 15 as
1141 470 26 21 of
1180 469 81 22 vessels

671 499 49 22 that
730 507 51 20 may
791 502 70 19 resort
872 503 21 17 to
905 499 42 21 this
963 498 97 21 harbour
1070 496 52 22 with
1132 503 44 14 one
1187 496 26 21 of
1224 496 36 22 the

672 530 59 18 most
740 525 102 23 essential
853 525 88 22 articles
950 525 26 21 of
986 524 60 26 food,
1065 524 29 21 do
1110 523 87 21 resolve
1215 523 45 21 that

671 560 13 14 a
695 553 72 21 Cattle
778 553 113 26 Company
902 552 28 22 be
940 551 88 21 formed
1035 551 72 21 under
1115 549 37 22 the
1161 549 100 22 denomi-

672 579 76 21 nation
766 580 26 20 of
809 578 37 22 the
863 579 61 21 Port
940 578 135 22 Nicholson
1094 578 91 21 Cattle
1201 577 60 21 Com-

700 639 112 27 Proposed
821 638 30 28 by
861 638 59 23 John
932 638 77 26 Wade,
1021 638 60 28 Esq.,
1096 636 45 23 and
1150 636 111 21 seconded

672 666 30 26 by
713 666 65 27 Capt.
789 666 78 26 Smith,
880 666 66 26 R.A.,

723 699 59 22 That
792 699 42 22 this
844 699 99 26 meeting
957 697 104 23 consider
1075 697 53 26 they
1145 696 74 22 would
1235 696 26 22 be

672 726 95 22 enabled
776 731 22 16 to
806 733 63 20 carry
878 725 36 22 the
922 720 75 29 above.
1001 725 120 21 resolution
1129 723 47 21 into
1185 730 67 19 opera

671 753 47 21 tion
731 753 52 21 with
793 760 14 14 a
816 760 48 14 sum
875 752 26 22 of
915 753 33 21 2
957 754 64 24 >,000.
1040 751 44 21 and
1101 750 110 22 therefore
1228 757 28 14 re-

671 779 62 21 solve
751 779 48 21 that
815 779 36 21 the
869 779 80 27 capital
969 779 26 21 of
1013 777 37 23 the
1070 779 117 25 Company
1206 776 54 22 shall

672 806 83 22 consist
766 806 26 21 of

700 839 113 27 Proposed
822 839 29 27 by
863 839 61 27 Capt.
941 838 97 27 Daniell,
1053 838 46 21 and
1112 836 111 23 seconded
1233 837 28 27 by

673 866 33 21 M.
719 866 106 27 Murphy,
838 866 58 27 Esq.,

700 899 13 10 *'
723 899 58 21 That
799 899 42 21 this
865 899 98 26 meeting
986 898 143 25 considering
1152 897 17 21 it
1186 896 75 28 highly

672 926 104 21 essential
788 925 47 23 that
845 934 23 13 as
883 930 63 23 great
962 933 14 14 a
992 925 96 22 number
1105 924 24 21 of
1148 923 38 21 the
1203 930 58 16 com-

672 952 88 27 munity
770 960 24 14 as
805 961 5 18 j
819 952 79 22 ossible
908 952 79 22 should
1004 953 26 21 be
1047 950 121 23 interested
1185 951 21 20 in

672 986 88 14 success
780 979 26 21 of
827 979 37 21 the
883 980 123 26 Company,
1027 979 85 21 resolve
1132 982 23 16 to
1177 977 29 21 fix
1227 977 34 22 the

672 1010 94 17 amount
776 1005 25 22 of
813 1005 36 22 the
860 1005 75 23 shares
945 1010 22 17 at
978 1005 55 21 such
1042 1012 13 14 a
1065 1009 54 21 rate,
1131 1011 24 13 as
1166 1009 22 15 to
1199 1003 62 22 allow

672 1032 38 22 the
720 1033 79 25 saving
810 1036 48 23 part
868 1033 25 20 of
906 1032 36 21 the
956 1033 119 24 labouring
1092 1030 131 29 population
1241 1036 20 16 to

672 1059 92 22 become
775 1059 160 22 shareholders,
947 1059 50 26 viz.,
1016 1064 22 16 to
1049 1059 73 21 divide
1133 1057 38 21 the
1182 1058 78 26 capital

671 1086 49 21 into
730 1087 62 25 2,500
802 1085 75 23 shares
887 1086 26 21 of
924 1087 47 21 ,lO

701 1120 112 26 Proposed
828 1120 30 26 by
875 1119 34 22 W.
928 1119 28 21 V.
974 1120 95 26 Brewer,
1091 1118 59 26 Esq.,
1168 1117 45 22 and
1230 1125 31 14 se-

672 1146 88 22 conded
770 1146 29 27 by
812 1146 73 28 Major
896 1146 78 27 Baker,

722 1180 59 22 That
799 1181 41 21 this
859 1181 98 26 meeting
973 1181 94 26 wishing
1084 1188 25 14 as
1124 1179 101 27 speedily
1240 1187 21 13 as

672 1207 97 28 possible
787 1212 22 16 to
827 1213 38 22 put
884 1207 36 22 the
938 1209 115 25 Company
1073 1208 47 20 into
1140 1207 120 26 operation,

672 1234 88 22 resolve
771 1234 47 21 that
828 1234 37 22 the
881 1242 47 14 sum
947 1235 25 21 of
986 1236 34 20 2
1040 1236 41 20 10s.
1100 1240 39 21 per
1155 1233 65 21 share
1237 1234 24 20 be

672 1261 53 27 paid
734 1269 30 19 up
776 1261 74 21 within
863 1263 25 19 10
903 1261 61 27 days,
982 1261 46 21 and
1044 1268 13 14 a
1074 1259 87 23 further
1175 1267 48 14 sum
1242 1261 23 20 of

672 1289 33 20 2
719 1290 5 18 1
730 1290 30 19 0s.
773 1287 75 22 within
868 1288 61 21 three
947 1288 102 25 months;
1072 1288 56 21 after
1145 1286 71 22 which
1235 1294 27 14 n*

672 1314 87 22 further
768 1314 53 22 calls
832 1318 22 18 to
865 1315 26 21 be
901 1315 65 21 made
976 1315 35 21 for
1021 1315 79 21 twelve
1110 1313 98 26 months,
1220 1314 42 21 and

672 1341 54 21 then
741 1341 63 21 three
818 1341 96 21 months'
931 1342 73 21 notice
1022 1342 26 20 of
1065 1340 54 22 such
1136 1340 43 21 call
1197 1344 23 17 to
1238 1341 24 21 be

671 1369 68 26 given
757 1369 22 21 in
798 1368 36 21 the
884 1368 55 21 New
954 1367 100 22 Zealand
1073 1369 111 24 Gazette;
1209 1374 25 14 su
1248 1367 13 22 h

672 1395 87 21 further
769 1395 43 21 call
821 1399 40 17 not
871 1399 22 17 to
904 1395 84 21 exceed
997 1395 35 22 2
1046 1403 39 19 per
1099 1393 65 23 share
1181 1397 23 18 at
1221 1402 40 14 one

673 1422 61 21 time.
738 1423 4 7 1
746 1422 5 5 '

701 1456 113 26 Pioposed
823 1456 31 27 by
865 1457 31 21 M.
909 1456 106 28 Murphy,
1025 1456 59 28 Esq.,
1097 1454 44 24 and
1152 1455 109 23 seconded

672 1482 30 28 by
713 1484 24 20 F.
750 1483 151 27 Molesworth,
915 1484 58 26 Esq.,

724 1517 58 21 That
793 1524 67 20 every
869 1517 144 21 shareholder
1029 1517 27 21 be
1074 1515 94 24 entitled
1184 1520 22 17 to
1221 1524 41 14 one

673 1547 52 18 vote
734 1544 34 21 for
779 1551 66 20 every
856 1544 63 21 share
931 1543 28 22 he
970 1544 65 21 holds
1045 1544 21 21 hi
1078 1544 37 21 the

701 1577 112 27 Proposed
823 1578 29 26 by
863 1577 60 21 John
935 1577 78 27 Wade,
1027 1578 59 26 Esq.,
1098 1576 45 22 and
1152 1577 111 21 seconded

672 1604 31 27 by
713 1604 28 21 D.
753 1605 68 25 Scott,
834 1604 59 27 Esq.,

722 1637 59 22 That
792 1638 60 21 there
863 1638 56 22 shall
934 1642 40 17 not
983 1638 28 21 be
1022 1646 60 14 more
1093 1638 52 21 than
1159 1644 42 15 one
1213 1642 49 17 vote

672 1665 30 26 by
713 1672 70 20 proxy
795 1665 92 21 allowed
900 1665 33 21 for
944 1672 67 20 every
1023 1667 24 19 10

700 1698 113 27 Proposed
828 1699 29 26 by
872 1699 89 21 Samuel
978 1699 95 26 Revans,
1090 1699 60 26 Esq.,
1168 1698 45 22 and
1230 1706 32 14 se-

673 1725 87 21 conded
771 1725 29 28 by
813 1725 16 22 I.
842 1727 23 20 C.
878 1725 119 27 Crawford,
1011 1726 58 27 Esq.,

723 1759 58 22 That
787 1767 27 14 no
821 1759 143 22 shareholder
973 1760 26 21 be
1007 1760 94 21 entitled
1110 1762 21 19 to
1141 1758 53 23 hold
1201 1767 61 14 more

672 1786 55 21 than
740 1788 38 20 100
788 1786 75 22 shares
874 1787 21 21 in
912 1786 33 22 his
955 1794 49 14 own

700 1819 113 28 Proposed
822 1820 30 27 by
863 1820 59 22 John
934 1820 77 27 Wade,
1024 1821 60 27 Esq.,
1096 1819 45 23 and
1151 1819 111 23 seconded

672 1847 29 26 by
711 1847 63 26 Capt.
787 1847 96 26 Rhodes,

722 1880 59 21 That
791 1880 36 21 the
845 1880 72 21 affairs
934 1880 27 21 of
978 1880 38 22 the
1032 1881 116 27 Company
1163 1880 55 22 shall
1235 1881 26 21 be

671 1907 112 25 managed
792 1907 29 27 by
832 1915 12 12 a
855 1907 57 27 body
924 1907 25 21 of
964 1908 113 21 Directors
1094 1912 38 17 not
1148 1907 44 22 less
1209 1908 51 21 than

672 1934 53 21 nine
741 1934 21 21 in
781 1934 101 26 number,
900 1939 22 16 to
940 1934 26 22 be
983 1934 86 22 elected
1086 1934 29 28 by
1130 1934 38 21 the
1188 1934 73 23 share-

672 1960 88 22 holders
771 1960 172 28 afterpayment
953 1961 26 21 of
991 1961 37 22 the
1039 1962 47 21 first
1096 1961 136 22 instalment.
1244 1962 4 7 '

700 1995 112 26 Proposed
821 1995 30 26 by
863 1995 30 21 M.
907 1995 105 27 Murphy,
1025 1996 59 27 Esq.,
1096 1995 45 22 and
1150 1996 111 22 seconded

671 2021 29 26 by
713 2021 25 21 F.
751 2021 149 26 Molesworth,
914 2022 60 26 Esq.,

722 2054 59 22 That
797 2054 17 21 it
828 2054 56 21 shall
900 2055 27 20 be
944 2055 105 27 requisite
1069 2059 22 18 to
1108 2054 55 22 hold
1180 2058 81 24 twenty

670 2080 77 23 shares
759 2089 22 14 as
792 2088 13 15 a
814 2081 152 27 qualification
981 2082 35 21 for
1027 2082 36 21 the

699 2115 113 27 Proposed
821 2114 29 27 by
861 2115 21 21 S.
894 2115 96 27 Revans,
1010 2116 60 27 Esq.,
1089 2114 44 23 and
1150 2115 111 22 seconded

670 2142 31 27 by
713 2142 32 21 M.
759 2141 104 28 Murphy,
876 2142 60 27 Esq.,

723 2176 58 21 That
792 2183 57 20 upon
861 2177 40 20 500
918 2176 76 22 shares
1011 2177 68 27 being
1094 2176 136 26 subscribed,
1249 2184 13 14 a

671 2204 99 24 meeting
782 2204 26 20 be
818 2203 116 22 convened
945 2207 22 17 to
985 2204 92 27 appoinc
1094 2204 35 21 the
1148 2203 113 22 Directors

671 2230 45 21 and
727 2230 92 21 Officers
830 2230 25 21 of
868 2230 36 21 the

700 2264 111 27 Proposed
821 2264 26 26 by
862 2264 33 21 M.
908 2264 106 28 Murphy,
1027 2265 59 27 Esq.,
1096 2263 45 23 and
1150 2265 111 21 seconded

671 2291 30 26 by
712 2291 63 26 Capt.
787 2291 97 26 Daniell,

721 2324 59 22 That
790 2324 60 22 there
861 2324 56 22 shall
927 2326 27 20 be
965 2333 28 14 an
1004 2326 94 22 election
1111 2325 25 21 of
1148 2326 114 21 Directors

671 2351 115 27 annually,
804 2351 44 22 and
865 2352 48 21 tint
929 2352 37 21 the
985 2353 113 21 Directors
1115 2352 26 21 of
1159 2353 37 21 the
1213 2360 49 20 pre-

671 2378 81 28 ceding
760 2385 54 21 year
823 2379 27 21 be
861 2379 88 27 eligible
961 2379 33 21 for

698 2413 115 26 Proposed
828 2413 30 26 by
877 2413 33 21 W.
928 2413 27 21 V.
974 2414 96 26 Brewer,
1089 2414 61 26 Esq.,
1166 2413 45 22 and
1228 2421 32 14 se-

671 2439 88 22 conded
770 2440 29 27 by
809 2439 21 22 J.
842 2439 77 27 Wade,
931 2440 60 28 Esq.,

720 2473 59 21 That
790 2472 131 28 half-yearly
934 2478 94 21 returns,
1046 2474 52 22 with
1113 2481 12 13 a
1143 2477 120 19 statement

671 2500 26 21 of
708 2500 37 21 the
756 2500 73 21 affairs
840 2500 26 21 of
877 2500 37 21 the
924 2501 123 27 Company,
1066 2501 27 22 be
1108 2501 118 28 published
1239 2502 21 20 in

671 2526 37 22 the
812 2526 99 22 Zealand

698 2560 113 27 Proposed
820 2561 30 27 by
861 2561 27 22 D.
900 2561 67 27 Scott,
979 2562 63 28 Esq.,
1055 2562 46 22 and
1110 2562 114 22 seconded
1232 2562 28 28 by

672 2588 24 21 F.
709 2588 151 26 Molesworth,
874 2588 58 28 Esq.,

722 2621 58 22 That
790 2621 36 22 the
841 2622 116 27 foregoing
972 2623 134 22 resolutions
1122 2623 28 21 be
1164 2623 96 26 printed,

671 2649 44 21 and
731 2649 49 21 lists
796 2648 53 28 kept
867 2656 55 19 open
940 2653 22 17 at
978 2650 104 22 different
1098 2649 19 28 pi
1122 2657 49 14 -ices
1182 2650 33 21 for
1225 2651 36 21 the

670 2683 97 20 pnrpose
785 2676 26 20 of
821 2676 113 27 receiving
951 2676 36 22 the
1004 2684 77 15 names
1098 2677 24 21 of
1134 2677 64 21 those
1214 2678 47 20 who

671 2703 89 21 intend'
769 2707 23 17 to
811 2703 91 21 become
922 2703 157 23 shareholders
1097 2705 23 21 in
1138 2703 38 22 the
1192 2705 70 21 above

700 2762 111 27 Proposed
829 2764 29 26 by
875 2763 34 22 W.
929 2764 28 21 V.
976 2764 96 27 Brewer,
1091 2764 61 27 Esq.,
1169 2764 45 22 and
1230 2772 30 14 se-

671 2790 89 21 conded
769 2790 29 26 by
809 2790 19 21 J.
841 2791 88 26 Dorset,
940 2791 61 27 Esq.,

722 2823 59 22 That
792 2823 35 22 the
838 2824 80 22 thanks
926 2825 26 21 of
964 2825 42 21 this
1015 2825 99 26 meeting
1121 2824 27 22 be
1157 2826 105 21 returned

672 2854 22 18 to
705 2850 92 22 Colonel
813 2851 130 26 Wakefield,
962 2852 111 27 Principal
1091 2853 76 25 Agent
1183 2852 26 21 of
1226 2853 37 21 the

672 2877 55 21 New
734 2877 100 22 Zealand
841 2878 122 27 Company,
973 2879 34 21 for
1016 2878 37 22 the
1064 2877 67 28 ready
1142 2879 121 21 assistance

670 2904 29 21 he
711 2904 39 21 has
759 2904 66 27 given
837 2904 37 22 the
884 2905 112 27 projected
1005 2906 116 27 Company
1128 2905 23 21 in
1158 2907 106 26 granting

672 2931 61 21 them
744 2931 130 26 permission
884 2935 21 17 to
914 2932 117 27 depasture
1041 2933 57 21 their
1106 2933 67 21 Stock
1181 2940 28 14 on
1219 2940 43 20 any

670 2958 142 27 unoccupied
819 2962 50 23 part
876 2959 25 21 of
913 2959 37 21 the
958 2959 55 21 New
1020 2958 100 23 Zealand
1128 2959 135 28 Company's

700 3018 111 27 Proposed
822 3019 28 27 by
865 3020 20 21 S.
903 3020 97 27 Revans,
1013 3020 60 28 Es-j.,
1092 3020 44 22 and
1151 3021 112 21 seconded

670 3046 30 26 by
710 3046 26 21 T.
749 3046 32 21 M.
794 3046 120 28 Partridge,
927 3047 60 27 Esq.,

722 3079 59 21 That
791 3079 36 22 the
839 3080 80 22 th.inks
929 3081 27 21 of
968 3081 43 21 this
1021 3081 100 26 meeting
1130 3088 38 14 are
1186 3081 43 22 due
1241 3085 22 18 to

672 3105 38 22 the
729 3107 119 21 Committe
874 3107 100 26 (Messrs.
992 3108 120 27 Crawford,
1129 3107 69 28 Watt,
1219 3109 43 21 and

673 3133 87 26 Wade,)
777 3140 23 14 as
812 3133 48 22 well
871 3141 22 14 as
905 3139 21 16 to
938 3134 36 21 the
994 3135 119 27 Honorary
1131 3134 118 28 Secretary
1257 3144 4 17 ;

672 3159 45 22 and
734 3156 47 25 that
799 3160 51 27 they
867 3161 26 21 be
910 3162 118 26 requested
1045 3166 22 17 to
1083 3162 107 21 continue
1207 3162 57 21 their

672 3187 96 21 services
778 3186 33 22 till
821 3187 37 21 the
869 3187 77 27 period
955 3189 84 21 arrives
1050 3189 34 21 for
1091 3189 37 20 the
1136 3188 96 21 election
1242 3190 25 20 of

672 3213 115 22 Directors
797 3214 44 22 and
851 3214 94 22 Officers
961 3215 34 21 for
1012 3215 37 22 the
1067 3220 160 21 management
1242 3216 25 21 of

672 3239 38 22 the

699 3273 72 22 These
781 3274 133 22 resolutions
922 3275 85 27 having
1021 3276 57 21 been
1089 3276 126 26 separately
1225 3280 39 23 put

671 3300 30 27 by
712 3300 38 21 the
761 3300 127 27 Chairman,
900 3302 45 21 and
955 3302 93 27 carried,
1061 3303 16 21 it
1089 3309 42 15 was

700 3333 113 28 Proposed
822 3335 30 26 by
865 3335 31 21 M.
908 3335 107 28 Murphy,
1027 3336 61 28 Esq.,
1096 3335 46 23 and
1152 3336 112 22 seconded

672 3361 29 27 by
713 3361 24 21 F.
750 3361 149 27 Molesworth,
912 3363 60 26 Esq.,

666 3399 7 17 1
721 3394 59 21 That
790 3401 12 14 a
813 3398 50 18 vote
874 3395 26 21 of
912 3395 80 21 thanks
1001 3396 29 20 be
1040 3395 107 22 returned
1157 3399 23 18 to
1188 3396 76 22 James

671 3420 70 26 Watt,
753 3421 60 27 Esq.,
828 3421 36 22 for
873 3421 34 22 his
916 3422 50 22 able
977 3422 97 22 conduct
1083 3423 22 21 in
1117 3422 38 21 the

699 3455 48 22 The
759 3462 60 15 same
830 3463 44 14 was
885 3456 85 21 carried
980 3456 167 27 unanimously.

874 3490 86 21 Henry
976 3491 36 21 St.
1029 3491 69 26 Hill,
1115 3490 61 22 Hon.
1188 3491 49 22 Sec.

699 3522 145 28 Wellington,
856 3523 125 23 December
991 3526 20 25 8,
1023 3526 61 21 IS4O.

798 3578 136 21 CATTLE
950 3580 184 21 COMPANY.

672 3611 52 48 IN
740 3611 134 27 conformity
959 3620 12 14 a
985 3613 131 22 Resolution
1128 3613 81 26 passed
1219 3618 24 18 at
1252 3622 11 14 a

735 3637 76 26 public
834 3638 99 27 meeting
955 3639 54 21 held
1030 3643 23 18 at
1076 3641 187 24 Barrett's-hotel,

674 3664 144 27 Wellington,
829 3665 29 27 by
869 3665 164 27 adjournment,
1051 3674 28 14 on
1096 3666 59 22 Tues
1164 3667 44 28 lay,
1227 3668 37 21 the

672 3691 38 21 Bth
721 3691 60 26 inst.,
792 3691 75 21 notice
876 3692 18 21 is
905 3692 83 27 hereby
998 3693 74 27 given,
1086 3694 47 21 that
1147 3694 59 22 from
1220 3695 44 22 and

672 3717 58 22 after
740 3717 37 22 the
787 3718 52 22 14th
847 3719 60 26 inst.,
919 3719 59 21 Lists
988 3720 46 21 will
1043 3720 26 22 be
1079 3727 59 22 open
1147 3724 22 18 to
1177 3721 87 22 receive

673 3744 38 22 the
727 3751 78 15 names
826 3745 26 21 of
870 3752 91 20 persons
980 3746 99 23 desirous
1100 3747 25 21 of
1145 3748 120 27 becoming

673 3771 160 22 Shareholders
842 3772 23 21 in
878 3772 42 21 this
931 3773 122 28 Company,
1070 3778 23 18 at
1102 3773 38 23 the
1150 3774 115 28 following

673 3797 81 28 places,
780 3798 41 22 viz.
832 3815 3 5 .
868 3799 105 22 Barrett's
997 3800 77 27 Hotel,
1100 3799 37 23 the
1162 3801 102 23 Durham

675 3824 73 27 Arms,
761 3825 37 21 the
810 3825 109 22 Lambton
937 3826 96 25 Tavern,
1051 3827 46 22 and
1113 3827 38 22 the
1166 3828 99 24 Queen's

675 3851 72 27 Head,
759 3851 137 27 Wellington
903 3860 5 19 ;
929 3857 23 17 at
961 3853 36 21 the
1005 3853 76 23 Union
1093 3854 65 22 Bank
1169 3855 26 21 of
1206 3856 59 21 Aus-

673 3878 72 27 tralia,
757 3878 45 22 and
811 3882 23 18 at
844 3879 45 22 Mr.
900 3875 95 31 Allen's,
1007 3881 87 22 Petoni.

893 3912 85 23 Henry
990 3914 37 21 St.
1038 3914 70 28 Hill,
1117 3914 63 21 Hon.
1189 3915 48 21 Sec.

661 3948 2 27 I
703 3944 143 26 Wellington,
858 3945 125 23 December
993 3948 20 25 9,
1025 3948 62 21 1840.

2138 451 143 24 NOTICE.

1945 485 152 23 Subscribers
2120 490 24 18 at
2167 485 84 23 Petoni
2275 492 41 16 can
2344 483 76 25 obtain
2449 485 57 24 their

1913 526 83 23 papers
2007 525 29 16 on
2050 518 138 30 application
2203 523 22 18 to
2239 518 48 23 Mr.
2302 517 38 24 W.
2362 518 74 30 Lyon,
2459 518 47 23 who

1913 552 18 22 is
1943 551 49 23 also
2004 550 134 24 authorised
2151 556 21 18 to
2182 551 90 23 receive
2283 556 121 26 payments
2416 551 35 23 for
2463 551 43 24 this

1913 592 78 23 paper.

1946 617 52 23 The
2009 625 72 24 paper
2092 618 20 22 is
2124 624 51 16 now
2187 622 52 18 sent
2246 617 75 23 round
2332 622 22 18 to
2368 617 138 24 subscribers

1913 651 22 22 in
1948 655 69 23 town,
2030 650 46 23 and
2088 658 33 15 we
2141 650 43 23 will
2204 650 73 23 thank
2298 658 44 23 any
2361 650 49 23 who
2423 650 27 23 do
2471 655 35 19 not

1913 688 38 24 get
1962 683 60 24 their
2032 690 85 25 papers
2129 683 124 32 regularly,
2266 689 24 18 to
2302 683 68 24 make
2390 683 38 23 the
2447 691 59 17 same

1913 716 84 23 known
2010 723 22 17 to
2046 725 35 15 us.
2119 716 46 25 For
2177 716 39 24 the
2236 718 151 22 convenience
2407 716 25 23 of
2450 725 56 15 non-

1914 749 151 28 subscribers,
2077 758 32 15 we
2121 750 63 24 leave
2193 757 84 24 papers
2286 758 27 15 on
2323 750 46 23 sale
2378 755 23 17 at
2408 749 98 25 Messrs.

1915 782 86 23 Cooks'
2015 783 44 23 and
2070 783 73 24 Durie
2155 783 42 24 and
2213 784 54 23 Co's
2280 789 82 17 stores.

1422 129 127 20 PUBLIC
1566 127 175 22 MEETING.

1288 162 91 48 THE
1398 162 98 26 meeting
1513 161 35 22 for
1564 162 38 21 the
1620 160 164 22 consideration
1800 160 27 22 of
1842 160 37 22 the

1363 188 196 27 Correspondence
1569 188 102 21 between
1688 187 42 21 His
1742 187 137 27 Excellency

1288 217 34 19 Sir
1333 214 87 28 George
1432 215 70 27 Gipps
1512 214 45 22 and
1568 214 36 22 the
1615 214 135 27 Depuration
1763 214 57 20 from
1829 214 51 20 Port

1289 241 122 22 Nicholson
1421 248 45 14 was
1474 241 87 21 further
1571 240 125 28 adjourned
1711 245 22 16 to
1753 241 24 20 12
1795 240 85 22 o'clock

1289 276 28 13 on
1328 268 106 22 Tuesday
1447 273 60 21 next,
1521 268 24 20 th
1547 275 10 8 a
1571 268 49 20 15th
1632 267 133 26 December,
1781 268 67 25 again
1859 271 21 17 to

1288 295 28 21 be
1326 294 51 22 held
1388 299 23 17 at
1422 295 105 21 Barrett's
1540 294 77 21 Hotel.

1288 349 91 21 PORT
1394 348 199 20 NICHOLSON
1609 347 200 21 EXCHANGE
1826 347 55 20 and

1427 375 127 20 PUBLIC
1569 374 173 21 LIBRARY.

1290 407 92 34 rpHE
1390 407 113 23 members
1512 407 28 22 of
1549 407 37 22 the
1594 407 135 22 Committee
1740 406 26 22 of
1772 405 110 27 Manage-

1297 429 30 28 JL
1364 440 64 17 ment
1437 442 37 14 are
1484 434 118 27 requested
1613 438 23 17 to
1647 438 62 17 meet
1726 433 42 21 this
1785 434 98 25 evening

1290 467 23 16 at
1324 461 183 26 Barrett's-hotel,
1519 464 24 18 at
1552 467 68 15 seven
1632 460 94 25 o'clock,
1745 464 22 16 to
1784 459 69 22 select
1870 466 13 14 a

1289 488 77 27 house,
1377 488 45 21 and
1432 492 99 17 transact
1542 487 64 21 other
1616 488 123 26 important
1748 487 110 21 business.

1484 522 33 21 W.
1535 521 28 22 V.
1579 522 108 26 Bkewer,
1705 521 61 21 Hon.
1778 521 50 21 Sec.

1329 577 43 20 TO
1388 577 70 20 THE
1474 577 117 20 HEADS
1606 577 43 19 OF
1663 575 184 21 FAMILIES.

1291 612 51 46 A
1359 610 148 21 MARRIED
1533 609 92 26 LADY,
1647 609 49 27 just
1715 609 86 21 arrived
1826 609 58 21 from

1371 636 110 26 England,
1493 636 43 21 and
1547 636 54 26 long
1611 635 144 22 accustomed
1764 640 21 15 to
1795 635 88 22 tuition,

1292 663 71 21 would
1382 663 28 21 be
1429 663 74 27 happy
1522 668 24 15 to
1564 662 78 21 attend
1660 662 96 21 families
1773 669 24 14 as
1816 662 68 27 Daily

1291 690 134 21 Governess.
1454 689 44 22 She
1512 689 85 22 flatters
1614 688 84 22 herself
1715 688 39 21 she
1763 688 19 21 is
1793 688 92 28 capable

1291 717 26 20 of
1328 716 134 26 instructing
1471 717 22 20 in
1505 716 37 21 the
1553 715 65 22 u->ual
1635 715 111 22 branches
1763 715 26 21 of
1804 715 81 22 female

1291 743 125 26 education,
1435 743 52 21 with
1504 743 88 21 French
1609 742 44 21 and
1671 742 87 24 music.,
1778 742 51 25 viz.,
1848 742 37 21 the

1291 770 61 26 harp,
1364 770 141 26 piano-forte,
1521 770 81 26 guitar,
1621 769 44 21 and
1681 769 97 26 singing.
1807 769 79 21 Terms

1291 797 120 21 moderate.
1441 796 68 22 Cards
1520 796 44 21 will
1575 796 27 21 be
1611 796 41 21 left
1659 798 24 19 at
1691 796 108 21 Barrett's
1808 795 76 27 Hotel,

1293 823 146 26 Wellington.

1521 876 21 21 A
1562 875 92 22 CARD.

1399 910 76 20 MR.
1505 909 271 24 MONTEITH,

1512 943 62 20 (From
1582 943 79 18 Petoni,)

1463 970 248 26 SURGEON,

1406 1005 106 14 LAMBTON
1524 1005 69 18 QUAY,
1606 1005 159 14 WELLINGTON.

1292 1052 90 34 rpHE
1399 1052 226 21 UNDERSIGNED
1642 1051 63 22 takes
1724 1051 42 22 this
1782 1057 105 21 opportu-

1298 1073 30 27 JL
1352 1079 49 27 nity
1411 1083 22 17 to
1441 1083 76 16 return
1527 1078 82 21 thanks
1618 1078 33 21 for
1659 1078 38 21 the
1706 1078 79 21 liberal
1794 1082 92 23 support

1291 1105 28 22 he
1327 1106 102 21 received
1439 1105 63 21 while
1510 1106 23 20 in
1542 1105 102 22 business
1651 1112 61 19 upon
1723 1104 36 21 the
1769 1104 64 23 Hutt,
1843 1104 44 21 and

1290 1132 55 26 begs
1354 1136 22 17 to
1387 1132 82 21 inform
1477 1132 34 21 his
1521 1131 83 23 friends
1613 1131 43 22 and
1665 1130 38 22 the
1710 1131 82 27 public,
1804 1130 49 22 that
1859 1131 28 22 he

1292 1159 39 21 has
1342 1166 49 14 now
1403 1158 88 28 opened
1500 1158 35 21 his
1545 1165 50 14 new
1606 1162 59 17 store
1684 1165 61 19 upon
1763 1158 123 21 Thorndon

1293 1186 55 26 Flat,
1360 1186 74 21 where
1444 1185 28 22 he
1482 1185 40 21 has
1533 1185 66 21 made
1610 1192 13 14 a
1632 1189 65 22 great
1707 1184 99 22 addition
1819 1190 22 15 to
1853 1184 34 22 his

1291 1213 62 21 uwal
1364 1212 62 21 stock
1437 1212 25 21 of
1474 1212 88 21 various
1573 1212 94 25 articles,
1680 1211 121 28 especially
1816 1210 72 23 ladies

1291 1240 44 21 and
1346 1239 119 22 children's
1476 1238 99 27 wearing
1585 1238 99 28 apparel.

1418 1273 87 21 ladies'
1522 1280 107 14 wearing
1646 1280 110 14 apparel.

1319 1306 73 22 White
1409 1306 89 28 printed
1519 1306 102 24 muslins,
1646 1313 11 14 a
1678 1305 62 26 large
1757 1305 46 22 and
1819 1306 67 21 select

1291 1334 61 21 stock
1363 1333 25 22 of
1400 1333 88 27 printed
1499 1333 88 26 calicos,
1597 1333 56 21 ditto
1662 1332 66 22 white
1738 1332 33 21 for
1782 1332 102 26 shirting,

1290 1364 60 23 stays
1360 1360 26 21 of
1396 1360 99 27 superior
1505 1360 72 26 mike,
1595 1359 154 25 underlineus,
1760 1359 60 27 slip*,
1832 1360 40 21 &c.
1879 1367 5 18 ;

1291 1387 49 25 silk,
1348 1391 72 20 straw,
1427 1387 43 21 and
1477 1386 106 28 gingham
1591 1387 95 21 bonnets
1694 1395 4 16 ;
1712 1386 75 26 scarfs,
1797 1386 86 25 shawb,

1291 1414 45 21 and
1346 1414 103 21 flowered
1459 1414 72 21 fronts
1540 1421 4 18 ;
1564 1413 66 22 white
1648 1413 45 22 and
1710 1412 65 22 black
1792 1413 93 21 worsted

1291 1440 45 22 and
1355 1444 74 18 cotton
1450 1440 114 26 stockings
1573 1449 4 15 ;
1604 1441 64 20 boots
1688 1440 45 21 and
1752 1439 72 27 shoes,
1844 1440 42 21 silk

1292 1468 101 26 mantles,
1406 1467 61 27 plain
1478 1467 44 22 and
1535 1462 52 26 with
1597 1474 73 20 capes,
1679 1467 99 26 ribbons,
1791 1467 41 22 &c.

1430 1501 68 22 men's
1513 1508 108 14 wearing
1637 1508 111 14 apfarix.

1320 1535 128 27 Consisting
1471 1534 26 22 of
1517 1534 113 27 superfine
1654 1534 53 21 blue
1728 1534 89 26 jackets
1842 1534 44 21 and

1291 1566 108 22 trowsers,
1412 1562 111 26 superfine
1534 1562 105 26 shooting
1649 1565 61 18 coats
1726 1561 25 20 of
1763 1560 59 22 cloth
1841 1561 44 21 and

1292 1589 105 21 cassinett
1406 1596 4 18 ;
1430 1588 88 27 jackets
1536 1588 26 21 of
1577 1588 91 25 fustian,
1688 1588 116 26 corduroy,
1822 1588 62 26 jean,

1292 1615 46 22 and
1354 1615 59 22 duck
1423 1623 5 17 ;
1452 1619 101 18 trowsers
1572 1616 25 20 of
1616 1615 135 26 everlasting
1768 1614 116 27 corduroy,

1291 1642 88 26 fustian,
1391 1642 118 27 moleskin,
1520 1642 131 26 gambroon,
1663 1642 46 20 and
1721 1640 57 22 duck
1787 1649 5 17 ;
1814 1642 72 20 waist-

1291 1673 61 18 coats
1368 1669 24 21 of
1404 1669 88 27 printed
1510 1669 81 26 velvet,
1610 1668 106 27 valentia,
1733 1668 46 21 and
1797 1671 73 18 tartan
1879 1676 5 18 ;

1290 1696 111 27 superfine
1409 1696 51 21 blue
1469 1696 60 21 cloth
1538 1703 59 19 caps,
1607 1695 81 22 Scotch
1696 1696 104 25 bonnets,

1292 1723 49 24 (red
1350 1722 45 21 and
1406 1723 68 25 blue,)
1491 1722 54 21 whit
1568 1722 45 21 and
1623 1722 84 26 striped
1719 1722 113 26 stockings
1841 1717 45 26 and

1290 1750 64 21 socks
1365 1749 23 22 of
1403 1750 108 25 varieties,
1529 1750 63 21 boots
1602 1750 44 20 anJ
1656 1749 68 21 shoes
1735 1749 26 20 of
1773 1749 111 25 varieties,

1289 1776 149 25 gentlemen's
1457 1776 102 27 dressing
1576 1783 77 20 gowns
1673 1776 47 21 and
1738 1775 57 29 pilot
1816 1779 68 23 coats,

1290 1803 83 27 braces,
1387 1804 40 21 &c.

1525 1837 121 14 SUNDRIES.

1318 1863 113 26 Blankets,
1456 1863 54 26 (red,
1531 1864 60 26 blue,
1618 1863 44 22 and
1684 1863 84 26 white.)
1792 1863 92 26 flannel,

1290 1898 100 19 canvass,
1418 1891 118 25 moleskin,
1564 1890 96 26 threads
1689 1895 69 22 tapes,
1788 1890 96 27 buttons,

1289 1917 70 22 hooks
1370 1917 45 22 and
1425 1925 59 20 eyes,
1495 1917 99 27 needles
1606 1917 57 27 pins,
1676 1918 41 21 &c.

1488 1958 133 19 GROCERIES,
1639 1952 39 20 &O.

1319 1985 68 21 Black
1404 1985 43 21 and
1464 1992 67 20 green
1553 1990 43 21 tea,
1615 1992 84 19 sujrars,
1722 1985 53 23 (raw
1793 1985 46 21 and
1853 1992 33 14 re-

1289 2012 79 25 fined,)
1385 2012 57 25 blue,
1454 2012 61 24 soda,
1525 2019 61 18 soap,
1596 2011 98 26 candles,
1703 2012 81 24 starch,
1794 2012 90 25 pickles,

1289 2037 106 25 mustard,
1422 2038 80 23 butter,
1525 2037 88 24 cheese,
1632 2037 99 25 tob.icco,
1753 2037 66 21 black
1840 2037 44 21 and

1292 2064 100 21 Jamaica
1403 2071 89 20 pepper,
1502 2068 112 22 nutmegs,
1623 2063 82 25 cloves,
1714 2064 85 27 ginger,
1809 2063 74 21 cinna-

1290 2098 60 17 mon,
1361 2098 73 19 curry,
1447 2098 108 20 cayenne,
1568 2091 51 26 rice,
1631 2090 65 27 flour,
1716 2094 107 23 currants,
1841 2090 44 22 and

1291 2118 86 21 raisins.

1502 2152 198 14 COJ.TECTIONARY.

1321 2177 79 22 Scotch
1411 2185 131 20 carraways,
1559 2178 110 26 almonds,
1688 2177 47 26 red,
1753 2176 72 28 white,
1843 2177 43 22 and

1290 2204 76 22 brown
1378 2204 80 27 candy,
1470 2204 87 22 refined
1566 2204 115 28 liquorice,
1698 2204 62 28 pink,
1771 2204 60 28 pine,
1843 2204 45 21 and

1291 2232 107 27 liquorice
1411 2232 124 28 jub-jubes.

1492 2273 137 18 HARDWARE,
1646 2266 40 20 &C.

1319 2299 91 25 Knives,
1428 2300 102 26 scizzors,
1550 2306 82 19 razors,
1649 2298 70 28 locks,
1736 2298 87 28 hinges,
1842 2299 46 21 and

1292 2326 130 22 fish-hook*.

1398 2368 117 14 CROCKERY
1532 2368 23 14 IN
1575 2368 73 14 GRE\T
1664 2368 107 14 VARIETY.

1632 2395 28 21 A.
1678 2394 208 22 HORNBROOK.

1319 2421 145 27 Wellington,
1475 2421 60 22 Nov.
1547 2424 20 24 6,
1579 2423 62 20 1840.

1336 2477 239 20 WELLINGTON
1597 2477 242 21 ACADEMICAL

1467 2504 244 25 INSTITUTION,

1292 2537 84 17 UXDEIt
1392 2538 52 16 THE
1459 2538 240 16 SUPERINTEXDEN'CE
1716 2538 29 16 OF
1761 2538 43 16 MR.
1819 2538 68 17 CHAS.

1542 2559 86 16 GRACE.

1292 2590 8 12 r
1309 2590 9 17 1
1326 2585 65 22 1HIS
1413 2586 130 21 Institution
1566 2594 45 13 was
1633 2586 87 27 opened
1736 2594 61 19 upon
1814 2586 72 21 Tuns-

1299 2607 29 27 _l_
1368 2620 49 17 day,
1434 2614 34 20 Ist
1484 2613 134 23 D.-cember,
1637 2613 20 21 in
1678 2613 38 21 the
1733 2613 154 22 commodious

1292 2647 104 18 prenrses
1413 2639 116 28 adjoining
1549 2640 36 21 the
1604 2640 82 21 Native
1707 2647 88 14 reserve
1815 2640 72 21 called

1295 2667 74 21 Kumu
1379 2666 64 21 Toto.

1321 2693 73 21 Hours
1406 2693 24 21 of
1444 2693 134 21 attendance
1593 2693 34 21 for
1641 2693 85 27 Young
1742 2693 144 26 Gentlemen,

1291 2722 13 19 9
1315 2720 32 21 till
1360 2721 21 20 11
1394 2728 59 18 a.m.,
1465 2720 45 21 an.l
1521 2721 8 20 1
1545 2720 31 21 till
1588 2722 11 17 H
1611 2728 54 17 p.m.

1322 2747 73 21 Hours
1412 2747 26 21 of
1453 2747 135 21 attendance
1606 2747 34 21 for
1654 2747 84 26 Young
1754 2747 89 26 Ladies,
1863 2748 21 20 11

1293 2774 31 21 till
1336 2775 25 20 12
1371 2781 59 18 a.m.,
1442 2773 44 22 and
1494 2774 13 21 3
1517 2773 33 22 till
1560 2775 15 20 4
1585 2781 53 19 p.m.

1346 2801 77 21 Terms
1432 2808 38 19 per
1478 2805 97 23 quarter,
1583 2800 96 27 payable
1689 2801 23 20 in
1724 2800 108 22 advance.

1295 2827 90 27 English
1407 2827 107 27 Reading,
1533 2827 104 27 Writing,
1655 2827 47 21 and
1720 2827 45 22 Ac-
1773 2826 5 6 *

1320 2859 79 17 counts
1771 2855 35 21 2
1834 2856 13 19 2
1875 2856 13 20 0

1292 2881 48 21 The
1359 2881 69 21 above
1449 2881 118 26 branches,
1588 2881 103 27 together
1712 2881 52 21 with

1321 2908 118 21 Grammar
1449 2908 44 21 and
1502 2908 136 27 Geography
1790 2910 14 19 3
1832 2910 14 19 3
1875 2910 13 20 0

1294 2935 47 20 The
1350 2935 69 21 above
1427 2935 117 26 branches,
1554 2935 102 27 together
1665 2935 53 21 with
1727 2935 37 22 the

1320 2962 93 21 Classics
1423 2962 45 21 and
1480 2962 161 21 Mathematics
1792 2964 14 19 4
1834 2964 14 19 4
1876 2964 12 20 0

1321 2988 31 21 As
1366 2988 42 22 Mr.
1420 2988 80 22 Grace
1510 2988 80 22 wishes
1601 2993 21 16 to
1633 2989 51 27 give
1696 2996 66 20 every
1771 2989 86 27 facility
1867 2994 21 16 to

1293 3020 88 22 parents
1392 3016 83 25 having
1484 3016 62 26 large
1556 3016 102 25 families,
1679 3022 23 14 to
1720 3016 93 21 educate
1832 3016 56 21 their

1293 3042 108 26 children,
1411 3042 29 21 he
1449 3042 54 27 begs
1514 3048 22 15 to
1547 3047 57 17 state
1616 3042 47 21 that
1674 3042 63 22 three
1747 3043 73 27 pupils
1832 3043 55 21 from

1293 3068 36 23 the
1340 3077 60 14 same
1411 3069 77 27 family
1497 3069 45 22 will
1556 3070 54 26 only
1628 3070 27 21 be
1673 3070 98 26 charged
1788 3077 24 14 as
1830 3073 56 22 two;

1293 3095 45 22 and
1348 3096 71 21 where
1429 3096 64 21 there
1503 3096 18 22 is
1531 3103 13 14 a
1554 3102 89 21 greater
1649 3096 97 21 number
1753 3096 53 22 than
1817 3096 69 27 three,

1292 3122 28 22 he
1336 3123 42 21 will
1392 3122 66 22 make
1475 3130 13 14 a
1504 3124 84 26 special
1604 3129 159 21 arrangement
1781 3123 53 22 with
1852 3124 36 21 the

1293 3154 88 22 parents
1395 3157 25 14 or
1429 3150 128 26 gmrdians.

1341 3176 77 22 Terms
1428 3176 26 22 of
1466 3177 70 22 board
1547 3184 39 19 per
1595 3180 98 24 quarter,
1709 3176 95 28 payable
1815 3176 24 22 in

1533 3204 109 21 advance.

1293 3230 43 21 For
1345 3230 111 26 boarders,
1471 3230 74 22 under
1552 3233 15 19 9
1576 3237 65 20 years
1794 3232 12 19 8
1834 3232 15 19 0
1875 3232 13 20 0

1294 3257 49 25 D.>.,
1355 3257 70 22 above
1435 3258 13 20 9
1459 3257 44 21 and
1514 3257 73 22 under
1598 3258 25 20 12
1792 3258 14 20 9
1834 3259 14 19 0
1875 3259 13 19 0

1296 3284 49 26 Do.,
1355 3284 71 21 above
1439 3285 24 20 12
1473 3284 44 21 and
1531 3284 73 21 under
1615 3284 24 21 15
1780 3285 26 20 10
1834 3286 14 19 0
1875 3286 13 19 0

1293 3310 51 25 Do.,
1355 3310 70 22 above
1435 3312 25 20 15
1780 3311 25 20 12
1834 3312 14 19 0
1875 3312 13 20 0

1319 3337 78 22 Terms
1411 3345 40 19 per
1465 3341 90 23 quarter
1571 3337 33 21 for
1620 3337 42 27 day
1680 3336 114 27 boarders,
1810 3336 50 22 who

1415 3364 52 26 only
1478 3364 52 21 dine
1541 3364 23 21 in
1575 3364 37 21 the
1624 3363 139 22 Institution.

1295 3390 43 22 For
1347 3390 111 27 boarders,
1469 3391 73 21 under
1550 3392 14 20 9
1574 3397 66 21 years
1771 3390 34 22 j4
1834 3392 14 20 0
1874 3392 14 20 0

1295 3418 50 25 Do.,
1355 3418 70 21 above
1435 3420 14 18 9
1458 3417 45 21 and
1514 3417 72 21 under
1601 3418 25 20 12
1791 3418 13 20 5
1834 3419 14 20 0
1875 3420 13 19 0

1294 3444 50 24 Do.,
1355 3444 71 21 above
1437 3445 25 20 12
1472 3444 45 21 and
1528 3444 72 21 under
1611 3444 25 21 15
1792 3446 13 18 fi
1834 3446 14 20 0
1875 3447 13 20 0

1320 3470 114 28 Washing,
1452 3471 32 22 1
1504 3472 43 20 10s.
1566 3477 39 21 per
1622 3475 98 22 quarter.
1750 3470 87 23 Classes
1855 3472 33 21 for

1295 3497 84 22 French
1390 3505 25 13 or
1428 3493 78 26 Italian
1519 3500 23 18 at
1552 3505 13 13 a
1575 3497 64 22 small
1650 3501 65 18 extra
1724 3498 90 24 charge.
