2550 4039
1901 3912 70 15 Printed
1982 3912 36 15 and
2029 3912 95 19 published
2135 3912 17 15 at
2164 3912 33 15 the
2204 3912 55 15 Office
2267 3912 19 15 of
2295 3912 32 15 the
2335 3912 48 16 New
2390 3912 96 16 Zealand

1919 3932 91 16 Gazette
2022 3936 40 12 and
2074 3931 136 18 Wellington
2222 3932 124 21 Svxciaxos*
2359 3932 44 18 Fort
2414 3932 72 18 Nichol-

1919 3956 38 10 son,
1966 3952 45 14 New
2019 3951 85 15 Zealand.

509 37 100 33 THE
627 37 111 32 NEW
757 37 227 32 ZEALAND
1003 35 225 32 GAZETTE
1248 34 101 31 AND
1368 32 330 33 WELLINGTON
1720 30 293 34 SPECTATOR.

804 1694 159 20 FENCING
979 1694 115 20 POLES.

772 1727 144 22 TELFOIID
935 1727 18 22 is
972 1727 127 22 authorised
1121 1731 21 17 to
1159 1728 85 21 receive

658 1749 59 26 JuViL
748 1754 74 22 orders
832 1755 35 20 for
877 1754 44 21 this
931 1754 82 26 article,
1027 1758 21 17 to
1060 1755 27 20 be
1098 1754 115 22 delivered
1223 1759 22 17 al

658 1781 137 27 Lowryßay,
802 1781 37 21 the
847 1781 193 26 BeachatPetoni,
1048 1781 196 27 oratWelliugton.

813 1815 104 21 HOUSE
933 1815 60 21 FOlt
1008 1815 85 21 SALE.

682 1842 60 21 That
756 1842 48 21 well
820 1841 95 22 finished
929 1842 45 21 and
989 1846 68 17 water
1071 1841 58 27 tight
1144 1841 100 23 Wooden

656 1869 85 26 House,
754 1869 105 26 occupied
870 1869 30 26 by
913 1869 42 21 Mr.
967 1869 84 26 Grace;
1068 1870 26 20 14
1103 1870 47 20 feet
1159 1876 85 20 square,

655 1896 43 22 and
711 1897 26 24 7.}
751 1896 44 21 feet
809 1895 52 27 high
878 1897 24 19 in
921 1896 36 21 the
976 1896 66 21 walls.
1072 1895 22 22 It
1110 1897 18 20 is
1144 1895 38 22 the
1199 1897 48 21 best

655 1923 75 21 model
741 1923 26 21 of
777 1930 13 14 a
800 1923 145 21 comfortable
955 1922 65 22 small
1029 1922 70 22 house
1108 1926 39 24 yet
1156 1923 59 21 built
1223 1924 22 20 in

655 1949 38 22 the
704 1950 95 27 Colony.

683 1983 86 26 Petoni,
787 1984 59 26 Sept.
858 1984 33 25 18,
904 1984 60 20 1840.

787 2029 154 19 WEEKLY
955 2029 164 19 MARKET.

660 2063 90 47 MR.
765 2062 21 21 J.
801 2061 144 22 TELFORD
960 2061 39 21 has
1013 2061 110 27 arranged
1133 2065 22 17 to
1166 2061 57 22 have
1233 2069 13 14 a

749 2096 91 15 WECKLY
866 2096 93 13 MARKET
986 2095 28 14 Oil
1040 2088 138 21 MONDAY
1202 2088 44 22 aild

656 2116 169 21 SATURDAY
841 2114 167 26 EVENINGS,
1023 2119 24 17 at
1056 2114 34 22 his
1100 2115 145 27 Warehouse,

658 2143 56 21 from
724 2145 14 20 4
748 2147 21 17 to
781 2144 13 21 7
805 2142 93 26 o'clock,
910 2142 68 26 being
990 2141 109 22 intended
1116 2142 82 27 chiefly
1214 2143 33 21 for

656 2169 37 22 the
715 2169 194 23 accommodation
929 2169 25 20 of
975 2168 140 22 Workmen's
1135 2169 111 22 Families.

652 2197 51 21 •The
722 2197 115 25 following
855 2196 89 21 articles
962 2195 44 22 will
1024 2196 28 21 be
1071 2196 50 21 sold
1139 2196 23 21 in
1182 2196 64 22 small

656 2224 127 27 quantities,
795 2227 23 18 at
827 2222 131 23 reasonable
968 2222 82 28 prices:
1052 2234 31 4 —

685 2257 74 27 Flour,
770 2264 72 19 sugar,
855 2260 44 23 tea,
911 2257 75 26 coffee,
1004 2256 80 27 butter,
1095 2255 88 28 cheese,
1195 2264 52 14 can-

658 2284 54 27 dles,
722 2292 62 19 soap,
801 2285 39 21 &c.
852 2284 40 21 &c.

686 2318 53 21 Port
748 2317 129 26 Nicholson,
889 2317 59 22 June
960 2318 32 25 15,
1005 2318 60 21 1840.

1481 2345 69 20 FOR
1566 2346 96 24 SALE,

1277 2370 201 48 BLANKETS,
1488 2373 39 19 9-4
1536 2371 45 22 and
1592 2373 56 20 10-4.

1359 2398 81 21 Prints.

1358 2424 118 28 Crockery,
1494 2425 61 25 (blue
1566 2426 130 27 Stanhope,)
1713 2427 122 28 consisting
1845 2428 26 21 of

1277 2454 97 23 tureens,
1392 2459 55 19 soup
1463 2452 78 27 plates,
1559 2452 76 28 plates,
1656 2453 75 22 dishes
1755 2455 63 25 (with
1842 2462 27 14 or

1278 2478 92 21 without
1379 2480 93 24 covers.)
1489 2483 37 17 tea
1535 2487 54 19 cups
1599 2480 43 21 and
1652 2487 97 18 saucers,
1764 2485 36 17 tea
1810 2485 56 24 pots,

1277 2504 54 22 milk
1342 2508 55 23 pots,
1409 2513 66 19 sugar
1484 2506 76 26 bowls,
1573 2514 66 14 ewers
1650 2507 45 21 and
1705 2507 82 27 basins,
1799 2509 39 21 &c.

1303 2532 22 21 A
1335 2532 113 27 40-gallon
1460 2540 88 20 copper,
1559 2534 51 20 with
1622 2534 62 21 cock.

1303 2558 61 22 Tubs
1375 2559 25 21 of
1412 2559 88 22 various
1509 2560 62 26 sizes,
1584 2560 48 22 well
1641 2560 97 28 adapted
1745 2561 35 22 for
1786 2562 83 27 salting

1277 2585 54 27 pork
1342 2593 28 14 an
1378 2586 8 20 1
1398 2586 92 27 milking
1500 2587 79 21 bacon.

1304 2612 140 28 Carpenters'
1455 2613 46 21 and
1509 2613 128 27 gardeners'
1648 2614 64 22 tools.

1690 2641 22 22 J.
1729 2642 108 22 MINET.

1303 2665 147 27 Wellington,
1463 2667 51 21 Oct.
1524 2668 34 24 30,
1571 2669 58 20 1840.

1279 2720 126 48 FRESH
1422 2721 120 21 PORK.—
1542 2721 47 22 The
1608 2722 157 27 Undersigned
1786 2723 84 27 having

1350 2748 125 26 purchased
1495 2748 37 21 the
1552 2749 69 21 entire
1638 2756 67 20 cargo
1722 2749 27 21 of
1767 2750 53 27 pigs,
1841 2758 28 14 ex

1456 2775 47 21 and
1516 2775 72 21 which
1603 2783 37 14 are
1651 2775 94 23 allowed
1754 2781 23 17 to
1787 2777 28 21 be
1825 2784 44 14 one

1278 2801 25 21 of
1315 2801 37 21 the
1362 2801 50 21 best
1421 2797 42 26 iots
1474 2809 53 14 ever
1536 2802 95 27 brought
1644 2805 23 19 to
1682 2803 43 22 this
1743 2803 70 28 place,
1830 2812 40 14 are

1279 2828 94 22 enabled
1393 2831 22 19 to
1435 2829 80 26 supply
1533 2829 59 21 fresh
1615 2829 56 28 pork
1690 2830 27 22 of
1737 2838 14 14 a
1769 2831 101 27 superior

1278 2855 85 28 quality
1374 2855 60 28 daily
1443 2859 22 17 at
1476 2855 58 22 their
1544 2856 69 22 Store.

1304 2881 48 23 The
1359 2882 105 27 shipping
1470 2883 103 27 supplied
1580 2883 51 21 with
1639 2883 60 22 fresh
1707 2884 57 26 beef,
1772 2887 97 24 mutton,

1278 2909 44 21 and
1332 2909 56 27 pork
1396 2917 5 15 ;
1418 2909 45 21 also
1473 2913 70 18 stores
1553 2910 25 21 of
1595 2918 65 19 every
1672 2911 142 26 description.

1305 2937 21 19 A
1335 2936 156 27 consignment
1502 2937 26 20 of
1538 2936 78 22 cheese
1625 2937 104 22 received
1739 2938 29 27 by
1780 2938 37 22 the
1823 2938 47 22 late

1278 2962 93 22 arrivals
1380 2963 57 21 from
1449 2963 99 27 Sydney.

1305 2989 97 22 Wanted
1413 2995 23 16 to
1446 2991 96 26 charter,
1553 2998 13 14 a
1576 2991 63 21 small
1651 2991 121 23 Schooner.

1588 3017 126 23 KNIGHT
1724 3019 46 21 and
1780 3019 89 23 HAIR.

1309 3042 145 28 Wellington,
1467 3043 59 23 Nov.
1539 3046 32 25 12,
1583 3046 60 20 1840.

1441 3095 76 25 £600
1541 3099 33 21 W
1575 3100 129 21 ANTED.

1277 3132 185 47 WANTED,
1474 3132 38 22 the
1522 3140 49 14 sum
1579 3133 25 20 of
1610 3133 67 27 £600,
1686 3141 60 19 upon
1754 3133 59 27 good
1820 3141 50 19 per-

1375 3159 63 22 sonal
1449 3167 24 13 or
1483 3159 84 22 landed
1575 3160 104 26 security,
1688 3160 34 21 for
1730 3160 33 21 six
1771 3160 98 22 months.

1307 3191 43 22 For
1365 3192 132 27 particulars
1514 3193 66 27 apply
1597 3196 21 18 to
1635 3193 39 21 the
1694 3193 63 21 office
1778 3193 25 21 of
1823 3193 45 22 Mr.

1280 3219 35 21 W.
1326 3219 29 22 V.
1366 3219 96 27 Brewer,
1474 3220 198 26 barrister-at-law,
1684 3219 145 28 Wellington.

1280 3273 90 48 ALL
1385 3273 136 22 PERSONS
1535 3273 106 22 indebted
1651 3277 23 17 to
1684 3273 37 22 the
1731 3274 45 21 late
1786 3274 50 22 firm
1846 3274 28 22 of

1359 3300 99 27 Hopper,
1470 3301 73 26 Petre,
1556 3300 43 22 and
1615 3300 152 27 Molesworth,
1783 3308 37 14 are
1834 3308 32 14 re-

1280 3327 93 26 quested
1383 3330 23 18 to
1416 3334 42 20 pay
1470 3327 58 21 their
1536 3327 122 27 respective
1673 3330 107 18 accounts
1794 3330 23 18 to
1830 3328 39 21 the

1282 3355 59 20 Hon.
1354 3354 29 21 H.
1395 3354 72 25 Petre,
1479 3361 26 13 or
1515 3358 21 16 to
1554 3353 22 22 F.
1593 3354 27 21 A.
1637 3353 153 24 Molesworth,
1807 3355 60 26 Esq..

1279 3381 76 21 before
1366 3381 38 21 the
1413 3380 52 22 20th
1475 3380 44 33 day
1529 3380 26 21 of
1567 3380 124 22 December
1701 3383 54 19 next
1763 3388 5 18 ;
1785 3381 44 22 and
1839 3381 31 22 all

1279 3414 92 20 persons
1380 3410 24 18 to
1413 3407 72 21 whom
1496 3405 38 23 the
1544 3407 49 21 said
1608 3406 49 22 firm
1675 3407 18 21 is
1709 3407 107 22 indebted
1830 3416 40 14 are

1279 3434 118 27 requested
1408 3437 21 18 to
1439 3433 57 21 send
1505 3433 24 21 in
1540 3432 57 22 their
1605 3436 108 19 accounts
1728 3437 23 19 to
1768 3434 37 22 the
1822 3436 48 21 said

1279 3461 89 27 parties,
1377 3461 25 21 in
1412 3460 65 22 order
1486 3460 49 22 that
1542 3459 36 23 the
1586 3467 61 15 same
1653 3468 55 21 may
1715 3461 27 22 be
1750 3463 120 22 examined

1279 3487 45 22 and
1333 3487 59 27 paid.

1307 3515 87 23 Petoni,
1406 3514 57 21 Nov.
1474 3513 34 28 27,
1521 3515 59 21 1840.

1385 3569 99 20 BILLS
1500 3569 43 20 OF
1557 3569 207 22 EXCHANGE.

1281 3605 164 48 PRINTED
1460 3604 104 22 FORMS
1580 3604 59 22 FOR
1655 3605 79 23 SALE
1749 3607 42 22 AT
1805 3607 65 23 THE

1354 3631 109 22 OFFICE
1479 3631 39 21 OF
1532 3631 72 23 THIS
1619 3632 111 23 PAPER.

1307 3659 130 21 November
1446 3659 20 24 4,
1481 3660 61 20 1840.

1281 3714 71 49 ON
1367 3713 85 26 SALE,
1468 3717 23 18 at
1502 3713 41 22 this
1554 3713 76 28 Office,
1643 3714 48 22 files
1702 3715 26 21 of
1738 3714 38 23 the
1814 3715 56 22 New

1357 3741 99 22 Zealand

1459 3774 79 26 Office,
1549 3774 57 21 Nov.
1616 3776 34 24 28,
1663 3776 61 21 1840.

1505 3830 139 20 NOTICE.

1281 3862 94 48 ANY
1392 3869 81 20 person
1491 3862 100 22 desirous
1607 3863 25 21 of
1650 3863 102 28 building
1770 3871 29 14 on
1817 3864 54 22 land

1358 3889 116 27 adjoining
1484 3889 38 21 the
1532 3892 66 23 town,
1616 3896 42 15 can
1669 3897 93 20 procure
1771 3891 55 22 land
1836 3891 36 22 for

1280 3915 36 21 the
1326 3922 96 22 purpose
1429 3916 47 21 free
1487 3915 27 22 of
1523 3918 57 23 rent,
1597 3915 28 28 by
1642 3916 108 27 applying
1759 3920 23 18 to
1792 3917 80 22 James

1279 3941 134 37 Watt^Esq:
1412 3945 4 5 1

242 2223 181 20 WATCHES.

37 2249 95 48 JUST
146 2248 159 22 RECEIVED
326 2249 56 22 from
402 2249 94 22 London
517 2249 78 27 direct,
616 2257 11 14 a

89 2278 42 19 few
140 2276 68 21 silver
217 2276 98 26 hunting
326 2276 102 26 watches,
440 2276 44 21 and
494 2276 51 21 four
555 2281 73 17 crates

37 2303 26 22 of
82 2303 106 26 crockery
209 2310 52 14 now
279 2303 80 27 selling
375 2306 22 17 at
413 2303 113 21 moderate
543 2304 84 26 prices;

38 2329 55 27 also,
105 2330 56 21 from
172 2329 140 27 Valpairaso,
324 2337 61 14 some
396 2329 62 22 dried
474 2330 97 26 peaches
588 2330 40 21 im-

37 2356 80 27 ported
141 2356 114 27 expressly
275 2356 35 21 for
329 2356 37 21 the
378 2356 76 22 Xmas.
472 2357 119 22 festivities
608 2360 19 18 oi

40 2383 53 21 Port
102 2383 130 25 Nicholson,
242 2387 23 17 at
275 2383 21 21 J.
303 2383 19 21 T
327 2383 69 22 vine's
406 2384 69 25 Store,
484 2383 136 26 Wellington

41 2427 71 49 ON
124 2427 85 26 SALE,
222 2434 28 14 ex
380 2428 28 26 by
420 2428 36 22 the
464 2428 164 27 Undersigned,

105 2459 22 17 at
137 2454 57 21 their
201 2454 92 27 general
305 2454 116 22 wholesale
431 2455 44 21 and
484 2455 65 21 retail
557 2457 71 24 Store,

68 2483 26 19 12
108 2481 72 27 pieces
195 2481 67 26 print,
275 2481 145 28 exceedingly
430 2481 49 22 well
489 2481 98 28 adapted
595 2483 35 21 for

38 2508 74 26 lining
122 2508 37 21 the
169 2507 63 22 walls
242 2508 27 21 of
280 2515 81 14 rooms.

67 2535 62 26 Rugs
139 2534 46 22 and
195 2539 163 23 counterpanes
369 2535 25 21 of
406 2535 87 22 various
503 2535 63 28 sizes,

68 2561 113 26 Blankets,

68 2588 58 22 Pilot
136 2588 44 21 and
190 2588 99 27 flushing
298 2592 108 23 trowsers,

68 2615 112 21 Moleskin
192 2615 45 21 and
245 2615 108 27 corderoy
363 2615 62 28 ditto,

68 2641 66 22 Duck
150 2645 100 18 trowsers
261 2642 45 21 and
316 2642 79 27 frocks,

68 2669 97 26 Regatta
174 2669 46 21 and
230 2669 83 27 striped
323 2669 72 27 shirts,

70 2695 92 22 Cheneil
170 2699 75 17 cotton
256 2696 45 21 and
311 2696 92 22 woollen
414 2696 88 28 shawls,

70 2722 160 27 Sou-westers,
241 2722 39 22 red
291 2722 45 22 and
345 2723 80 21 Scotch
436 2731 57 20 caps,

69 2748 133 27 Umbrellas,

69 2775 114 22 Women's
193 2775 46 22 and
245 2776 70 22 men's
323 2775 60 28 hose,
392 2776 92 28 mohair,
494 2781 83 24 cotton,
588 2778 44 22 and

40 2803 103 25 worsted,

70 2829 47 21 Silk
127 2829 163 27 hankerchiefs,
299 2829 45 22 and
354 2829 62 23 other
426 2830 93 28 drapery
531 2831 25 21 of
564 2839 66 20 every

42 2855 141 28 description.

68 2883 48 21 The
126 2883 157 26 Undersigned
289 2883 57 21 have
354 2883 44 22 also
404 2883 36 22 for
447 2884 44 22 sale
500 2884 36 22 the
545 2885 84 21 follow-

40 2909 41 27 ing
87 2910 93 25 articles,
188 2910 37 20 viz
232 2917 26 14 :—
259 2909 64 26 flour,
332 2910 86 26 biscuit,
428 2911 78 21 cheese
515 2911 115 25 (Cheshire

41 2936 47 21 and
98 2936 92 26 Dutch,)
202 2937 81 26 butter,
294 2937 51 25 rice,
358 2937 35 21 the
405 2937 49 21 best
462 2938 23 21 in
496 2937 37 22 the
541 2939 88 27 colony,

42 2970 84 19 sugars,
138 2967 53 20 teas,
204 2963 76 26 coffee,
298 2963 97 27 tobacco,
414 2969 106 22 currants,
541 2966 88 27 raisins,

42 2991 80 26 spices,
134 2991 40 21 &c.
186 2989 40 22 &c.
238 2990 39 21 &c.

70 3016 61 27 Also,
152 3024 12 14 a
183 3016 60 27 good
263 3016 78 28 supply
361 3017 26 21 of
405 3017 160 29 ironmongery
585 3019 45 21 and

42 3043 115 27 crockery.

69 3070 29 21 N.
115 3071 24 20 B.
155 3070 49 22 The
213 3069 85 28 baking
306 3069 46 23 and
360 3071 133 27 butchering
503 3072 74 22 trades
588 3073 43 21 still

40 3097 105 26 carrying
155 3104 36 14 on.

331 3123 30 22 D.
377 3124 21 22 S.
413 3125 78 22 Durie
506 3125 45 22 and
565 3127 39 21 Co.

70 3149 144 28 Wellington,
228 3150 54 22 Dec.
294 3152 33 24 10,
340 3152 59 20 1840.

43 3195 89 48 FOR
145 3195 87 27 SALE,
247 3202 29 15 ex
403 3200 23 17 at
437 3196 146 28 exceedingly
591 3197 41 22 low

124 3222 72 27 prices
205 3229 5 14 :
212 3233 28 4 —

70 3250 12 20 1
98 3256 49 14 case
158 3252 110 23 nutmegs,

70 3276 11 21 1
97 3275 55 22 ditto
162 3275 107 27 mustard,

70 3303 11 20 1
98 3302 66 21 tierce
179 3302 73 26 corks,

70 3330 10 20 1
97 3329 50 21 bale
157 3328 111 25 blankets,

70 3357 27 20 16
112 3363 60 14 cases
183 3355 78 26 claret,
272 3356 23 22 in
306 3356 59 27 pints
380 3356 44 22 and
439 3360 82 24 quarts,

69 3383 14 22 7
98 3389 61 14 cases
172 3382 86 27 sherry,

70 3411 15 20 4
98 3416 61 15 cases
170 3409 139 27 champagne
319 3409 67 27 cider,

72 3436 49 21 One
132 3435 103 22 hundred
244 3436 45 21 and
300 3436 50 27 fifty
360 3436 48 23 doz.
420 3438 99 26 superior
534 3438 43 28 ale,

70 3463 14 22 7
99 3470 61 14 cases
169 3462 87 21 bottled
266 3463 70 25 fruits,
348 3463 38 22 &c.
398 3464 40 21 &c.
450 3464 38 22 &c.

73 3489 62 25 Also,
152 3489 65 21 Land
226 3489 37 21 for
271 3489 50 22 Sale
331 3497 26 14 or
364 3490 76 27 Lease,
448 3491 22 21 in
478 3491 89 23 various
573 3496 59 24 parts

45 3517 27 21 of
83 3516 37 22 the
134 3516 77 21 Town.

403 3544 85 22 Henry
501 3545 105 23 Taylor.

71 3569 146 27 Wellington,
233 3569 126 22 December
369 3571 32 26 10,
418 3572 61 21 1840.

45 3614 93 49 MR.
160 3614 63 21 JAS.
244 3614 162 22 WILLIAMS
430 3615 52 27 begs
502 3619 23 18 to
544 3617 88 26 apprise

137 3643 95 20 masters
242 3640 26 22 of
282 3641 88 26 vessels,
382 3641 90 27 traders,
483 3643 45 21 and
538 3643 93 27 settlers,

44 3667 51 22 that
103 3667 54 27 they
167 3675 42 14 can
218 3668 29 21 be
256 3668 103 27 supplied
369 3671 22 18 at
410 3668 34 21 his
460 3669 74 21 Stores
551 3670 53 22 with
620 3678 14 14 a

44 3694 93 27 general
152 3697 135 19 assortment
303 3694 26 21 of
338 3694 69 27 goods
425 3695 94 27 adapted
537 3699 23 19 to
578 3697 56 21 lheir

44 3721 91 22 various
143 3725 78 21 wants,
233 3721 46 22 and
289 3725 23 17 at
321 3721 38 22 the
368 3721 96 22 reduced
476 3723 71 26 prices
556 3723 27 21 of
596 3724 37 20 the

45 3747 51 27 day.
136 3747 105 27 Whaling
257 3755 53 19 gear
326 3748 22 21 in
367 3748 28 21 all
411 3748 29 21 its
456 3749 109 22 branches
581 3750 53 27 kept

46 3774 128 32 constantly
200 3781 30 14 on
253 3774 68 27 hand,
343 3775 33 21 for
395 3775 72 22 which
486 3776 83 22 British
589 3777 43 21 and

46 3801 96 27 Foreign
153 3800 73 22 fished
235 3801 49 27 oils,
295 3802 45 21 and
348 3801 135 27 whalebone,
493 3802 38 22 the
536 3803 98 27 produce

45 3828 28 22 of
84 3828 36 21 the
132 3827 82 22 British
224 3828 89 27 fishery,
331 3828 44 21 will
385 3828 26 21 be
428 3828 66 22 taken
512 3829 22 22 in
552 3830 80 27 barter,

45 3862 27 15 or
81 3854 126 28 purchased
218 3854 36 22 for
272 3855 54 22 cash
341 3858 24 19 at
382 3854 38 23 the
438 3855 89 27 highest
545 3861 90 17 current

45 3881 79 27 prices.

89 3907 78 22 Kains'
178 3907 55 27 Bay,
244 3907 87 28 Cloudy
341 3908 54 27 Bay,
407 3908 55 22 New
472 3908 108 28 Zealand,

157 3934 127 21 December
293 3936 19 24 J,
324 3936 60 20 1840.

680 2373 168 24 LEDGERS,
863 2373 166 20 ACCOUNT
1044 2373 120 24 BOOKS,
1181 2374 42 20 &c.

660 2408 71 49 ON
747 2408 85 27 SALE,
848 2412 24 17 at
881 2408 38 22 the
929 2408 70 22 Office
1009 2408 28 22 of
1048 2408 38 22 the
1192 2410 52 21 Zea-

738 2435 53 22 land

686 2462 105 27 Ledgers,
803 2462 67 28 demy
881 2462 45 22 and
936 2462 106 28 foolscap.

686 2489 107 22 Journals
803 2490 44 21 and
858 2490 52 21 cash
921 2489 77 22 books.

686 2516 52 28 Day
748 2516 77 26 books,
835 2516 79 22 bound
922 2516 23 21 in
957 2516 91 22 vellum.

686 2542 108 28 Foolscap
804 2544 44 21 and
858 2546 80 25 quarto
948 2543 53 22 cash
1008 2544 46 21 and
1063 2546 98 19 account
1168 2544 78 26 books,

658 2570 52 21 half
719 2570 85 21 bound.

686 2597 105 27 Superior
800 2596 171 23 memorandum
983 2596 79 28 books,
1080 2597 89 22 various
1184 2598 64 21 sizes.

686 2624 85 21 Pocket
782 2624 75 26 books,

686 2650 134 23 Parchment
831 2650 78 22 bound
922 2650 45 22 and
976 2650 91 28 clasped
1076 2651 171 22 memorandum

658 2677 80 22 books.

687 2704 126 22 Portfolios.

687 2731 72 27 Large
769 2731 44 22 and
823 2731 65 22 small
899 2731 69 22 wafer
976 2731 65 22 seals.

688 2758 81 21 Patent
779 2758 85 21 wafers.

687 2785 106 27 Superior
803 2785 73 27 quills.

688 2812 71 21 Office
769 2819 43 19 pen
823 2812 87 21 knives.

687 2839 91 27 Sealing
788 2846 54 20 wax,
854 2843 44 17 two
909 2839 111 27 qualities.

689 2865 66 22 India
764 2866 87 21 rubber.

687 2892 50 21 Red
747 2892 44 21 and
801 2892 64 22 black
875 2892 47 26 ink,
933 2892 24 23 in
967 2892 91 28 powder
1067 2893 46 22 and
1121 2893 91 22 bottles.

688 2919 87 24 Rulers,
786 2919 88 21 various
884 2919 64 22 sizes.

687 2946 54 21 Best
750 2946 53 21 steel
815 2953 54 20 pens
879 2946 45 21 and
936 2946 113 22 rosewood
1058 2946 98 22 holders.

687 2972 73 28 Large
770 2972 44 22 and
825 2973 64 22 small
900 2973 66 22 slates
980 2973 45 22 and
1034 2974 55 21 slate
1100 2973 94 27 pencils.

687 3000 50 21 Red
748 3004 57 23 tape,
817 3000 39 22 &c.
868 3000 42 21 &c.

661 3033 28 22 In
712 3033 38 21 the
773 3033 119 22 wholesale
911 3041 69 20 paper
997 3033 143 27 department
1158 3033 45 22 will
1222 3033 27 22 be

782 3061 20 21 fc
808 3061 46 21 und
863 3068 29 14 an
904 3060 115 22 extensive
1029 3060 64 22 stock
1103 3060 28 22 of

688 3094 57 21 Fine
755 3094 46 21 laid
810 3097 55 24 pott,

687 3120 56 22 Fine
753 3120 62 22 thick
825 3128 61 14 wove
897 3124 79 24 quarto
985 3123 57 24 post,

688 3147 63 22 Ditto
806 3148 56 21 ditto
896 3151 79 18 octavo
985 3148 43 26 do.,

687 3174 118 28 Superfine
814 3182 62 14 wove
886 3177 80 25 quarto
975 3174 55 21 satin
1041 3177 58 25 post,

688 3202 64 21 Ditto
807 3202 56 20 ditto
890 3204 79 18 octavo
979 3200 63 28 ditto,

688 3228 64 22 Ditto
762 3228 47 22 thin
820 3228 45 22 laid
875 3231 79 24 quarto
964 3227 63 27 ditto,

689 3255 64 21 Ditto
807 3255 56 21 ditto
874 3259 79 17 octavo
963 3254 62 27 ditto,

688 3282 116 27 Superfine
816 3282 61 27 large
891 3282 49 21 thin
953 3281 52 21 blue
1021 3289 63 13 wove
1098 3284 81 25 quarto
1192 3285 57 24 post,

661 3309 110 27 stamped,

688 3336 117 27 Superfine
813 3335 47 22 laid
868 3335 108 27 foolscap,

689 3362 73 27 Large
771 3362 49 22 thin
830 3365 80 25 quarto
920 3365 57 24 post,

689 3389 59 21 Note
758 3396 75 20 paper,

689 3416 80 22 Brown
779 3423 75 20 paper,
861 3416 104 27 imperial
975 3423 57 20 cap.,

689 3443 49 27 Bag
747 3442 62 27 ditto,

689 3470 64 21 Kent
762 3470 63 26 ditto,

689 3496 72 27 Royal
771 3496 68 27 hand,

689 3523 99 21 Lumber
797 3523 64 33 dityo,

689 3550 57 22 Blue
756 3550 73 27 demy,

688 3577 76 26 Demy
770 3577 97 27 blotting
874 3584 76 20 paper,

689 3603 89 22 Double
786 3611 81 20 crown,

689 3630 70 22 Small
768 3630 68 27 hand,

689 3657 87 26 Crown,

689 3684 73 21 Blank
773 3683 71 26 cards,
856 3684 42 21 &c.
909 3684 40 22 &c.
960 3684 40 22 &c.

1918 3437 38 16 The
1969 3437 48 16 New
2028 3437 96 16 Zealand
2137 3437 92 15 Gazette
2241 3437 42 18 will,
2295 3437 28 15 for
2334 3437 31 16 the
2377 3440 79 17 present,
2467 3439 20 17 be

1898 3457 94 21 published
1999 3458 73 20 weekly,
2081 3461 53 16 every
2141 3457 88 20 Saturday
2238 3461 50 12 morn
2291 3457 37 21 ing.
2351 3458 22 16 So
2378 3463 44 12 soon
2429 3463 20 13 as
2455 3459 14 17 it
2474 3459 13 17 U

1898 3478 107 21 sufficiently
2012 3478 102 21 supported,
2125 3478 15 16 it
2147 3478 38 16 will
2196 3478 21 17 be
2224 3478 61 17 issued
2292 3480 131 20 semi-weekly.
2445 3480 42 17 Sub-

1898 3499 59 21 joined
1964 3504 30 12 are
2003 3499 29 17 the
2041 3501 55 15 terms
2101 3504 4 10 :
2107 3507 21 3 —

1919 3527 62 16 Price
1988 3530 25 13 op
2020 3531 40 12 tiie
2068 3525 74 18 Paper.
2142 3534 22 3 —
2164 3526 56 20 Forty
2225 3526 84 20 shillings
2317 3530 32 17 per
2359 3532 76 16 annum,
2445 3532 42 18 pay-

1898 3548 39 17 able
1944 3548 18 17 in
1970 3548 88 19 advance;
2070 3551 20 12 or
2097 3551 34 12 one
2138 3546 77 21 shilling
2221 3547 28 16 for
2255 3547 58 20 single
2321 3549 92 16 numbers.
2433 3552 4 4 •

1918 3577 210 16 Advertisements.—
2129 3575 30 16 Six
2171 3574 47 17 lines
2230 3575 36 16 and
2278 3576 62 17 under,
2353 3577 25 15 3s.
2387 3577 63 16 6d.'for
2457 3577 30 17 tht

1899 3597 38 17 first
1949 3597 94 18 insertion,
2053 3596 35 17 and
2101 3600 33 12 one
2145 3595 77 21 shilling
2229 3595 26 16 for
2262 3596 43 16 each
2313 3597 112 20 subsequent
2431 3598 56 16 inser-

1898 3618 37 17 tion
1942 3623 3 14 ;
1957 3618 47 16 from
2011 3618 29 16 six
2048 3619 17 14 to
2073 3618 30 15 ten
2111 3617 52 18 lines,
2173 3616 33 16 five
2215 3616 83 20 shillings
2311 3617 29 16 for
2351 3618 31 16 the
2394 3618 44 19 first,
2451 3619 36 16 and

1898 3643 33 13 one
1943 3638 75 19 shilling
2028 3639 36 16 and
2075 3637 84 20 sixpence
2171 3637 29 16 for
2210 3637 44 16 each
2267 3638 111 20 subsequent
2389 3638 98 21 insertion;

1899 3660 54 16 above
1964 3661 29 15 ten
2006 3659 52 19 lines,
2070 3658 35 17 five
2116 3657 85 20 shillings
2213 3658 27 15 for
2253 3659 28 15 thd
2293 3659 38 16 first
2344 3661 29 14 ten
2387 3659 52 19 lines,
2451 3660 36 17 and

1899 3681 94 20 fourpenre
2001 3684 31 16 per
2039 3680 37 16 line
2083 3679 27 16 for
2117 3679 30 15 the
2154 3682 65 12 excess
2226 3679 22 15 of
2255 3679 40 17 that
2304 3680 85 19 number;
2401 3681 37 16 and
2445 3682 42 15 two-

1898 3706 55 16 pence
1961 3706 31 16 per
1998 3701 38 16 line
2043 3701 27 16 for
2076 3699 44 17 each
2128 3699 113 21 subsequent
2248 3699 94 19 insertion.

1919 3729 154 16 Advertisements
2081 3727 36 16 will
2124 3729 32 14 not
2163 3731 67 16 appear
2241 3727 18 17 in
2272 3728 30 16 the
2314 3732 80 17 ensuing
2405 3729 82 19 number,

1900 3749 14 16 if
1922 3750 82 16 received
2011 3750 46 15 later
2064 3748 43 17 than
2119 3747 71 21 Friday,
2204 3749 19 15 10
2234 3748 73 19 o'clock,
2320 3753 42 12 a.m.
2385 3750 102 16 Advertise-

1899 3774 58 12 ments
1966 3770 35 16 will
2009 3771 22 15 be
2038 3768 97 18 continued
2142 3769 36 16 and
2185 3769 78 19 charged
2269 3770 47 16 until
2321 3770 166 20 counter-ordered;

1898 3791 45 16 such
1950 3791 52 16 order
2008 3792 50 15 must
2065 3791 21 15 be
2093 3791 41 14 sent
2141 3790 18 15 to
2168 3790 31 15 the
2204 3790 55 17 Office
2267 3791 51 16 three
2325 3791 44 20 days
2377 3791 60 16 before
2443 3792 44 20 pub-

1899 3812 78 18 lication,
1985 3812 36 15 and
2029 3811 48 17 must
2084 3810 23 16 be
2114 3810 18 16 in
2141 3810 79 21 writing.

1919 3838 28 17 All
1956 3839 66 18 orders,
2034 3838 157 18 advertisements,
2203 3838 36 17 and
2252 3839 163 17 communications
2427 3840 19 16 to
2457 3839 30 17 the

1900 3860 66 18 Editor,
1973 3864 30 12 are
2011 3858 94 22 requested
2113 3861 18 14 to
2138 3859 22 16 be
2168 3859 98 17 addressed
2274 3861 16 15 to
2298 3860 37 16 this
2343 3860 62 17 Office.

838 3735 54 24 £10
907 3739 165 21 REWARD.

661 3772 90 47 WE
764 3771 84 28 hereby
856 3772 55 22 offer
921 3772 36 21 the
975 3772 70 23 above
1060 3774 87 21 reward
1162 3774 36 21 for
1214 3774 35 22 the

760 3798 126 22 conviction
898 3798 25 21 of
934 3806 44 20 any
988 3807 80 19 person
1085 3801 127 21 concerned
1226 3802 22 21 in

663 3824 36 23 the
710 3825 80 26 killing
800 3833 25 12 or
840 3826 136 26 purchasing
990 3826 75 28 cattle,
1085 3834 50 15 now
1152 3828 98 26 running

663 3859 28 14 on
702 3852 38 21 the
751 3849 77 24 Island
839 3852 72 21 called
922 3852 82 26 Kapiti,
1015 3853 98 22 situated
1128 3854 24 21 in
1170 3854 79 22 Cook's

663 3878 86 27 Straits,
769 3878 45 22 and
833 3878 44 22 Mr.
899 3878 81 28 Bundy
996 3880 19 20 is
1035 3880 112 21 stationed
1166 3888 30 14 on
1213 3881 36 22 the

664 3904 77 23 Island
750 3908 21 19 to
779 3913 60 14 warn
846 3905 29 22 all
882 3905 82 27 parties
973 3907 163 26 transgressing
1143 3914 23 15 as
1172 3908 76 21 above.

891 3938 35 20 W.
943 3939 25 21 B.
983 3939 127 22 RHODES
1121 3940 45 22 and
1176 3941 46 22 CO.

1891 114 86 47 FOR
1996 111 85 26 SALE,
2102 118 14 15 a
2133 111 66 22 9mall
2216 112 105 28 quantity
2337 112 28 22 of
2380 112 103 28 superior

1962 140 79 22 SEKD
2057 136 121 24 WHEAT.
2208 138 76 28 Apply
2300 142 25 19 to
2342 138 45 24 Mr.
2401 138 80 24 Jamet

1893 166 65 25 Watt,
1968 165 144 26 Wellington.
2300 174 3 6 ■
2321 176 5 5 <
2404 166 51 16 ■-'-■'-

32 125 74 48 TO
122 124 38 23 BE
175 123 65 27 LET,
257 131 29 14 on
298 122 104 27 Building
413 121 86 26 Leases,
517 122 24 20 in
560 121 64 20 allot-

100 156 79 22 ments,
190 150 71 23 Ttfwa
272 151 77 24 Acre?,
358 148 107 26 N05.43!),
475 148 47 25 373,
534 147 87 25 78,67(5.

37 177 48 22 and
93 178 46 21 o<7.
179 177 44 22 For
233 176 137 32 particular?,
381 174 66 28 apply
458 179 21 16 to
489 173 38 22 the
536 172 85 22 Under-

37 204 88 26 signed,
143 210 26 15 or
181 208 25 17 to
216 207 46 18 Me:
267 209 41 16 aw.
322 202 61 21 John
393 208 46 15 ana
449 201 87 26 George
547 199 75 24 Wade,

38 234 25 18 at
72 230 74 22 whose
156 230 72 21 Office
237 229 38 22 the
286 230 69 21 Plans
363 227 29 23 lie
402 227 35 22 for
446 226 131 27 inspection.

385 254 21 21 J.
422 254 25 21 C.
462 254 135 21 Crawford.

38 309 209 48 HROBSON
264 309 53 26 begi
329 312 24 17 to
363 314 116 15 announce
490 307 48 21 that
548 305 28 22 he
588 306 37 20 has

103 347 10 10 •
144 343 28 14 on
185 336 92 25 Sale,-at
286 335 34 22 his
336 335 64 25 Tent,
419 338 23 17 at
457 340 60 14 more
534 338 91 15 reason-

37 363 52 20 able
98 362 69 27 prices
178 362 54 21 than
244 362 72 21 li.'t'ur
326 368 13 14 o
356 361 82 21 offered
451 360 22 21 in
484 359 36 21 the
532 359 91 26 Colony,

38 388 39 22 the
87 389 115 26 fallowing
211 388 94 26 articles,
317 388 50 21 viz..

66 415 80 22 Ladies
157 418 45 19 and
209 415 150 27 gentlemen's
374 411 172 24 London-made
560 411 65 22 boots

37 442 47 21 and
93 442 71 21 shoes.

66 469 80 26 Strong
156 468 78 25 men's,
245 467 113 25 women's,
369 465 44 23 and
428 464 119 23 children's
561 464 62 22 ditto.

67 495 102 21 Summer
178 495 125 21 waistcoats
313 493 45 22 and
368 496 107 18 trowsers.

65 521 76 26 Black,
154 521 86 26 Genoa,
307 520 84 21 merino
402 526 94 15 scarves.

66 548 86 21 French
164 547 38 22 kid
212 547 44 22 and
268 547 58 21 Lisle
338 546 77 21 thread
423 545 84 26 gloves.

66 575 70 21 Black
142 575 58 20 satin
209 574 44 21 and
261 574 113 20 armozine
382 573 79 25 stocks,
471 571 71 21 men's
550 573 73 19 cotton

37 601 84 26 braces,
146 601 136 27 carpenter's
301 599 102 26 marking
423 597 92 28 pencils,
541 597 86 26 sealing

37 635 57 20 wax,
114 629 84 25 wafers,
214 627 45 21 and
270 627 38 21 ink
318 625 100 28 powders
426 634 4 16 ;
447 633 13 13 a
468 628 63 23 great
541 624 84 26 variety

38 655 27 21 of
82 655 55 21 lead
154 654 125 25 necklaces,
298 654 83 20 lunette
401 652 44 21 and
462 655 78 22 strong
554 650 71 22 watch

36 681 84 27 glasses
130 681 44 22 and
183 681 62 26 keys,
258 679 106 23 mounted
374 677 154 28 Rockingham
540 677 53 27 jugs
604 678 21 20 in

38 713 51 22 sets,
110 708 43 21 and
172 716 13 13 a
205 707 85 26 variety
310 707 25 21 of
354 705 62 22 other
434 705 86 21 articles
540 703 85 28 worthy

39 735 60 27 early
108 735 133 26 inspection.

66 761 144 26 Wellington,
223 761 55 21 Dec.
289 761 33 24 10,
334 760 59 21 1840.

94 816 48 20 EX

38 841 171 50 BOTTLED
221 841 84 26 sherry,
316 841 22 20 in
349 842 13 20 3
373 839 71 22 dozen
454 839 69 21 casks.

121 869 63 21 Ditto
221 871 57 24 port,
334 867 36 21 do.
399 867 36 20 do.

122 896 61 20 Ditto
221 898 81 24 porter,
334 893 35 22 do.
399 893 36 21 do.

120 922 63 21 Ditto
220 921 50 27 pale
281 921 41 26 ale,
334 921 35 21 do.
399 919 35 22 do.

93 948 76 22 Paints
179 948 27 22 of
216 948 29 21 all
256 947 151 27 descriptions.

94 975 134 27 Negrohead
239 975 98 21 tobacco.

94 1001 144 28 Gunpowder
246 1001 24 21 in
282 1001 42 21 lib.
331 999 115 23 canisters.

93 1028 81 22 Patent
183 1028 57 26 shot,
252 1027 105 22 assorted.

94 1056 49 20 11-4
154 1055 109 21 blankets.

92 1081 98 27 Brandy.

92 1108 119 27 Liverpool
221 1107 50 22 salt.

94 1135 79 21 Brown
183 1135 79 21 biscut.

94 1161 63 22 Lime
169 1162 70 26 juice.

259 1195 30 14 EX

92 1215 96 21 Manilla
199 1215 78 26 cigars.

92 1242 47 21 Ash
152 1249 56 14 oars.

238 1268 131 25 Ridoways,
381 1267 104 26 Guyton,
497 1266 45 22 and
552 1266 71 22 Earp.

65 1295 145 27 Wellington,
223 1295 55 21 Dec.
290 1297 32 24 11,
335 1296 58 20 1840.

40 1349 72 48 ON
127 1349 85 26 SALE,
230 1356 28 14 ex

121 1378 28 19 40
159 1376 54 26 bags
224 1376 48 21 best
283 1375 97 22 colonial
388 1375 64 27 flour,

119 1404 13 20 2
146 1403 80 21 tierces
237 1403 99 26 tobacco,

119 1431 9 19 1
140 1429 50 22 bale
202 1429 40 21 sail
253 1436 100 19 canvass,

119 1458 27 19 60
160 1457 74 26 pieces
249 1456 66 27 fancy
325 1456 77 27 prints,

118 1484 15 20 4
147 1490 62 15 cases
219 1483 66 26 slops.

187 1509 55 22 And
263 1510 28 26 by
310 1509 44 22 late
374 1509 97 26 arrivals,

120 1538 26 20 10
160 1536 74 22 chests
249 1536 71 27 hyson
338 1536 49 22 skin
406 1540 43 23 tea,

119 1565 27 20 50
160 1563 70 21 boxes
247 1563 95 21 London
359 1570 59 20 soap,

119 1591 13 20 5
147 1594 51 17 tons
213 1590 118 27 Liverpool
346 1590 48 27 salt,

118 1618 14 20 3
147 1617 56 21 ditto
218 1617 76 21 brown
309 1624 72 19 sugar,

119 1645 13 19 6
146 1643 55 27 kegs
214 1643 101 27 superior
324 1643 97 27 tobacco,

118 1672 13 19 (J
147 1675 47 17 cwt.
211 1670 137 27 gunpowder
362 1671 22 20 in
400 1669 113 28 canisters,

118 1698 28 20 20
159 1697 55 26 kegs
230 1697 99 21 assorted
346 1697 62 26 nails,

118 1725 27 20 50
160 1723 54 27 kegs
230 1723 56 21 ditto
305 1723 79 27 paints,

117 1751 15 20 2
146 1750 65 22 hhds.
226 1751 65 26 paint
309 1749 36 27 oil,

119 1778 40 20 100
173 1777 50 21 doz.
242 1777 115 21 Dunbar's
374 1776 86 22 bottled
475 1777 41 26 ale,

119 1804 37 20 An
166 1804 114 21 extensive
287 1807 133 18 assortment
426 1804 26 20 of
459 1804 166 26 ironmongery,

120 1830 66 22 Paint
200 1831 99 26 brushes,
312 1831 40 21 &c.
368 1831 39 21 &c.
423 1831 40 21 &c.

338 1857 80 21 Waitt
434 1857 44 21 and
491 1857 108 22 Tinline.

65 1884 53 21 Port
128 1883 131 26 Nicholson,
272 1884 55 21 Dec.
339 1886 32 24 10,
388 1885 61 20 1840.

36 1937 94 49 JUST
145 1937 165 27 RECEIVED,
326 1938 45 21 and
381 1945 28 14 on
420 1938 45 21 sale
475 1942 23 17 at
508 1938 37 21 the
553 1939 74 20 Scores

102 1965 26 21 of
136 1964 35 22 the
183 1965 158 26 Undersigned
350 1972 6 14 :

92 1992 26 20 10
127 1991 54 27 kegs
193 1991 58 21 Irish
263 1992 80 26 butter,

92 2018 109 21 Chatham
213 2018 78 20 Island
301 2021 106 23 potatoes,
426 2018 52 26 only
493 2019 32 20 ss.
536 2018 36 21 6d.
589 2025 39 20 per

37 2047 50 19 cwt.

92 2072 13 20 2
121 2071 63 21 casks
195 2071 103 26 oatmeal,
309 2071 67 21 finest
385 2071 91 28 quality.

92 2098 21 20 A
129 2097 61 27 large
207 2098 104 27 quantity
327 2098 26 20 of
371 2097 79 22 biscuit
465 2097 74 27 newly
554 2097 73 22 baked

37 2124 27 22 of
75 2123 37 22 the
124 2125 66 21 finest
199 2124 64 22 flour.

449 2151 28 21 A.
493 2152 133 21 Anderson.

65 2178 146 27 Wellington,
224 2178 55 21 Dec.
291 2180 33 23 10,
337 2180 58 19 IS4O.

795 119 169 21 GENERAL
979 118 118 21 STORE.

655 152 92 49 MR.
761 152 144 22 TELFORD
919 151 83 27 lwving
1015 150 102 28 recently
1128 150 66 22 made
1204 157 38 16 ex-

745 179 87 21 tensive
847 177 128 27 purchases,
994 179 52 25 begs
1056 181 23 18 to
1089 184 122 15 announce
1220 181 22 18 to

652 206 35 21 his
696 204 87 23 friends
792 204 47 22 that
849 204 28 22 he
888 204 40 22 has
938 211 30 15 on
978 204 53 26 sale,

682 230 184 23 HARDWARE
881 231 27 22 of
919 231 36 22 the
966 230 47 23 first
1022 229 93 29 quality,
1125 229 118 28 including

652 266 14 13 a
675 263 64 22 great
746 258 86 26 variety
841 258 26 21 of
878 257 65 22 nails.
1241 263 3 9 '

680 284 104 22 FLOUR
794 286 22 19 of
831 284 48 21 first
889 284 45 22 and
943 283 83 22 second
1037 283 93 27 quality.

681 310 181 23 GROCERIES.
864 322 32 5 —
896 310 52 28 Tea,
964 317 83 20 sugars,
1066 310 77 25 coffee,
1159 310 82 26 butter,

652 345 62 20 3oap,
727 337 97 26 candles,
835 338 53 25 rice,
903 344 66 20 curry
984 336 97 28 powder,
1098 336 87 27 pickles
1199 337 44 21 and

652 371 86 19 sauces,
749 364 111 26 spiceries,
872 364 40 21 &c.

680 390 101 22 WINES
795 390 68 21 AND
874 389 249 22 SPlßlTS.—Besides
1132 390 39 21 the
1180 389 64 22 usual

653 417 81 27 supply
745 417 25 21 of
781 418 68 21 wines
858 416 47 22 and
914 416 79 28 spirits,
1008 416 62 21 there
1079 416 20 21 is
1108 423 14 14 a
1131 416 113 21 consider-

653 440 50 25 able
710 444 103 26 quantity
817 444 25 21 of
851 444 88 21 Scotch
948 442 112 22 Whiskey
1069 451 5 18 ;
1086 442 46 22 and
1138 450 14 14 a
1158 442 86 23 limited

653 470 104 27 quantity
767 470 27 21 of
804 470 117 21 Colonial
932 469 121 22 Whiskey.

681 497 97 22 BOOTS
794 496 67 22 AND
877 496 137 23 SHOES.—
1014 496 74 21 There
1097 495 41 22 has
1145 496 58 21 been
1211 503 33 14 re-

653 524 80 21 ceived
751 531 13 14 a
783 524 102 27 quantity
908 523 26 21 of
954 522 138 27 Wellington
1116 522 66 22 boots
1200 523 44 22 and

654 550 115 21 Warren's
775 550 114 26 blacking.

682 576 171 23 BLANKETS.
854 589 32 4 —
887 576 68 22 Fresh
973 575 92 22 arrivals
1079 575 59 22 have
1148 583 65 14 come
1222 580 22 18 to

652 603 63 22 hand
725 604 23 21 in
759 605 38 20 8-4
806 603 45 22 and
861 604 58 26 11-4,
937 602 25 22 of
976 602 89 22 various
1080 602 105 28 qualities
1201 603 43 21 and

653 630 81 28 prices.

682 656 299 23 HABERDASHERY.—
981 655 74 22 There
1070 655 19 22 is
1104 663 14 14 a
1127 656 70 21 select
1206 656 39 21 but

652 683 89 22 limited
766 684 104 27 quantity
894 690 28 15 on
948 682 67 27 hand,
1039 682 117 27 including
1175 688 67 22 tapes,

654 710 98 26 threads,
764 710 65 21 black
839 710 46 21 and
900 709 104 22 coloured
1019 712 92 19 sewing'
1122 717 65 14 silks
1201 717 43 14 ana

654 738 65 26 twist,
742 737 95 26 darning
856 740 84 23 cotton,
959 736 97 26 needles,
1074 736 83 26 combs,
1180 736 65 22 India

653 764 42 21 silk
704 764 46 21 and
758 768 74 17 cotton
840 762 180 27 handkerchiefs,
1028 762 86 27 braces,
1123 763 40 21 &c.

680 790 168 22 DRAPERY.-
854 790 92 21 -White
967 793 75 18 cotton
1065 789 102 27 shirting,
1187 793 59 18 stout

653 817 142 22 unbleached
809 821 84 22 cotton,
907 816 60 22 40in.
983 816 63 27 wide,
1064 820 76 17 cotton
1155 816 88 27 checks,

653 844 56 21 dark
721 844 76 26 prints,
810 844 40 21 &c.
862 844 41 21 &c.

682 870 54 22 OIL
758 870 67 22 AND
850 870 17 21 L
870 870 19 21 A
894 870 99 21 MPS.—
994 869 54 22 This
1150 869 42 22 has
1211 877 32 14 re-

653 897 80 22 ceived
742 905 27 14 an
781 897 100 22 increase
891 896 26 22 of
928 896 37 21 the
975 897 48 21 best
1038 896 86 28 quality
1141 896 50 22 that
1206 896 38 22 has

652 928 40 22 yet
701 924 58 22 been
770 924 83 21 offered
862 924 24 21 in
898 923 37 22 the
946 923 94 26 Colony.

680 950 74 22 There
764 950 40 21 has
814 950 46 21 also
872 957 63 14 come
945 954 23 17 to
987 949 61 22 hand
1065 957 12 13 a
1093 949 65 22 small
1173 949 34 22 lot
1223 950 24 21 of

652 980 67 19 straw
738 977 58 25 hats,
821 977 48 21 sou'
895 980 95 23 westers,
1014 976 82 21 Scotch
1116 983 59 21 caps,
1195 984 49 14 um-

652 1004 91 25 brellas,
754 1004 40 21 &c.

680 1030 170 27 CLOTHING,
862 1030 123 27 consisting
990 1030 26 21 of
1023 1029 93 22 Jackets
1122 1030 24 21 in
1152 1030 92 21 beaver-

653 1061 59 23 teen,
724 1058 116 26 corduroy,
851 1057 45 21 and
907 1056 58 23 duck
973 1065 5 18 ;
996 1056 132 26 waistcoats,
1140 1057 22 20 in
1173 1064 71 14 swan-

653 1084 65 21 down
730 1084 44 21 and
783 1084 136 21 beaverteen
926 1092 5 18 ;
950 1083 59 22 duck
1019 1086 110 23 trowsers,
1140 1084 41 20 &c.
1191 1091 4 19 ;
1211 1091 33 14 re-

651 1114 70 24 gatta,
731 1110 139 23 unbleached
879 1114 83 23 cotton,
973 1110 19 21 &
999 1113 62 18 stout
1069 1110 85 27 striped
1163 1110 66 21 shirts
1237 1119 5 18 ;

654 1138 119 27 Guernsey
792 1138 81 26 frocks,
894 1138 74 25 shirts,
987 1137 52 21 blue
1058 1137 46 21 and
1122 1137 40 21 red
1182 1144 62 20 serge

653 1164 64 27 ditto,
731 1169 76 17 cotton
817 1164 45 22 and
873 1164 96 21 worsted
978 1163 62 22 hose.

92 1215 96 21 Manilla
199 1215 77 26 cigars.

92 1242 47 19 Ash
152 1249 56 12 oars.

759 1225 39 22 TO
813 1225 64 22 THE
892 1225 116 21 RETAIL
1022 1224 117 22 TRADE.

682 1260 45 21 Mr.
737 1259 91 22 Telford
840 1258 41 22 has
890 1258 122 28 peculiarly
1022 1258 132 21 favourable
1164 1261 80 19 attrac-

653 1286 61 21 tions
723 1286 36 21 for
769 1286 37 21 the
815 1286 73 21 Trade
898 1286 23 21 in

682 1314 37 20 An
731 1313 115 21 extensive
856 1312 81 28 supply
948 1311 27 22 of
984 1311 53 27 rice,

682 1340 55 21 Raw
751 1347 84 18 sugars.

682 1365 204 27 STATIONERY,
912 1364 122 27 consisting
1057 1364 26 21 of
1102 1364 45 28 day
1167 1365 77 28 books,

653 1394 83 26 pocket
750 1393 94 26 ledgers,
861 1395 61 23 note,
938 1391 179 27 memorandum,
1135 1392 46 21 and
1197 1400 48 20 pass

653 1420 78 26 books,
743 1420 87 26 writing
838 1426 76 20 paper,
930 1418 48 27 ink,
993 1418 74 26 slates,
1083 1418 56 22 slate
1153 1420 91 26 pencils,

654 1448 40 21 &c.

681 1473 104 27 Ticking.

684 1501 19 20 A
718 1500 43 21 few
774 1503 45 18 sets
834 1500 26 21 of
875 1507 82 14 scales
972 1498 44 22 and
1030 1506 105 14 weights
1154 1499 47 22 still
1217 1507 27 14 on

653 1527 71 22 hand.

682 1554 105 21 SNUFF.
788 1566 31 4 —
821 1554 44 21 Mr.
876 1552 92 23 Telford
978 1559 131 15 announces
1119 1560 13 14 a
1142 1553 60 21 fresh
1213 1561 33 14 ar-

653 1580 56 22 rival
717 1580 28 22 of
754 1580 42 21 this
804 1580 83 26 article,
896 1580 24 21 in
928 1580 88 21 various
1022 1580 102 26 superior
1131 1580 112 27 qualities;

654 1607 46 22 and
710 1607 63 22 snuff'
783 1607 70 22 boxes
862 1610 24 18 at
896 1606 113 22 moderate
1020 1606 79 27 prices.

683 1640 130 22 November
820 1641 21 26 9,
853 1641 61 20 1840.

1399 116 195 20 BARRETT'S
1608 115 124 21 HOTEL.

1351 148 144 23 BARRETT
1510 148 53 27 begs
1575 152 23 18 to
1609 148 82 21 inform
1702 147 38 22 the
1750 147 110 22 Colonists

1326 187 12 10 •
1369 176 27 21 of
1408 176 51 21 Port
1469 176 132 25 Nicholson,
1610 174 48 22 that
1666 173 38 22 tlie
1713 174 70 21 .ibove
1794 174 66 21 Hotel

1270 204 19 20 is
1297 209 50 15 now
1356 209 67 21 open,
1434 202 43 21 and
1488 206 68 17 trusts
1571 201 29 27 by
1616 200 111 28 affording
1742 207 68 21 every
1823 208 37 14 ac-

1270 228 167 23 commodation
1446 233 24 17 to
1480 227 36 22 his
1525 234 82 21 guests,
1618 232 23 17 to
1651 228 66 21 merit
1729 234 13 14 a
1757 227 104 22 continu-

1270 263 56 14 ance
1337 256 25 21 of
1373 255 38 22 the
1425 260 124 23 patronage
1565 254 90 27 already
1671 253 114 22 bestowed
1801 261 59 20 upon

1272 282 53 21 him.

1299 308 84 27 Wines,
1400 308 81 27 spirits,
1498 307 42 28 ale,
1556 307 45 22 and
1616 310 83 25 porter,
1717 307 26 21 of
1758 307 39 21 the
1813 307 49 21 best

1272 336 92 26 quality.

1300 363 36 20 An
1347 361 104 27 ordinary
1462 361 60 27 daily
1532 364 23 19 at
1564 364 42 18 two
1620 360 95 21 o'clock.
1743 360 56 21 Cold
1816 368 11 13 c
1836 359 27 22 il-

1272 388 82 22 lations
1363 389 83 26 always
1454 388 78 27 ready.
1562 387 63 22 Good
1635 387 63 22 beds.

1274 442 211 48 FBRADEY,
1505 442 53 21 boot
1571 442 83 25 maker,
1672 441 143 28 respectfully
1825 441 36 21 in-

1322 480 11 10 •
1364 469 69 22 forms
1444 468 36 22 the
1498 468 105 22 colonists
1622 468 26 21 of
1661 468 52 21 Port
1730 468 130 25 Nicholson,

1274 496 48 21 that
1331 496 29 21 lie
1371 496 40 21 has
1420 496 106 21 removed
1535 501 21 16 to
1566 495 144 26 Wellington,
1722 500 54 16 m-xt
1784 500 21 15 to
1817 495 43 21 Mr.

1274 522 146 27 Goodfellow,
1431 522 76 26 baker,
1519 522 73 21 where
1602 521 33 22 his
1652 522 101 21 business
1771 521 44 21 will
1835 522 27 21 be

1273 549 86 21 carried
1376 556 29 14 on
1422 549 22 21 in
1464 549 82 26 future,
1568 548 42 21 and
1626 548 128 27 gentlemen
1775 555 42 14 can
1833 548 29 21 bo

1273 575 102 27 supplied
1384 576 53 21 with
1445 576 64 21 boots
1517 576 25 20 of
1553 583 13 13 a
1574 575 100 27 superior
1679 575 84 27 quality
1770 583 5 18 ;
1787 575 28 21 he
1822 575 40 21 has

1274 602 46 21 also
1331 603 33 20 for
1375 603 45 20 sale
1430 609 14 14 a
1460 602 63 21 stock
1539 602 27 21 of
1583 602 169 27 Ironmongery,
1771 601 45 22 and
1832 601 29 22 all

1273 633 56 17 sorts
1340 629 26 21 of
1373 629 64 26 nails,
1449 629 28 21 all
1489 629 26 21 of
1523 629 36 21 the
1571 635 49 20 very
1631 629 50 20 best
1690 629 93 26 quality,
1795 628 43 21 and
1849 636 13 13 a

1274 656 102 27 quantity
1387 656 26 21 of
1425 655 63 22 other
1498 655 70 27 goods
1577 655 69 27 really
1657 655 70 21 worth
1744 655 117 26 attention,

1274 689 23 14 as
1309 682 36 21 the
1357 682 70 21 whole
1439 682 44 21 will
1493 682 28 21 be
1531 682 47 21 sold
1634 686 24 17 at
1668 689 53 20 very
1730 681 41 21 low
1783 682 79 27 prices.

1275 736 34 48 S
1345 736 157 26 HARTLEY,
1514 736 76 21 Cutler
1599 736 45 21 and
1654 736 53 21 Gun
1718 736 80 26 Smith,
1809 736 55 26 begs

1315 773 11 10 •
1350 767 59 17 most
1418 763 144 27 respectfully
1577 768 22 16 to
1613 763 83 21 inform
1707 763 38 21 the
1755 762 74 27 public
1840 765 22 18 of

1274 789 146 27 Wellington,
1430 790 50 21 that
1489 790 28 21 he
1537 790 39 21 has
1596 789 146 22 commenced
1761 791 103 20 business

1274 823 54 14 near
1338 820 22 17 to
1371 816 37 22 the
1419 816 62 21 Store
1493 816 26 21 of
1536 816 42 21 Mr.
1592 816 96 27 Rhodes,
1701 816 44 21 and
1754 816 69 27 hopes
1832 816 31 27 bj'

1274 843 105 26 punctual
1392 843 134 21 attendance
1537 843 43 21 and
1592 843 115 21 moderate
1721 843 99 26 charges,
1841 848 23 15 to

1274 870 66 21 merit
1356 877 13 14 a
1385 870 64 21 share
1465 870 26 21 of
1505 870 57 21 their
1577 874 122 22 patronage
1709 869 44 22 and
1764 875 99 22 support.

1369 924 50 21 EX

1274 958 73 48 ON
1362 959 85 26 SALE,
1458 964 23 15 at
1491 957 38 23 the
1540 959 73 21 Stores
1619 958 27 22 of
1653 958 37 22 the
1698 959 164 27 Undersigned,

1354 985 73 22 Men's
1437 989 77 22 strong
1524 985 74 21 nailed
1607 985 71 27 hoots,

1300 1011 116 23 Women's
1429 1012 45 22 and
1487 1012 119 22 children's
1620 1012 64 22 boots
1700 1012 45 22 and
1761 1013 65 22 shoes
1841 1013 28 21 of

1272 1038 30 22 all
1313 1039 63 26 sizes,

1300 1065 81 22 Ladies
1392 1066 53 26 jean
1455 1066 73 27 boots,

1300 1092 70 21 Small
1380 1093 69 21 scales
1460 1093 43 21 and
1516 1092 97 27 weights,

1300 1118 74 22 Horse
1385 1119 53 22 shoe
1449 1119 63 26 nails,

1300 1145 57 22 Boat
1367 1147 56 21 nails
1434 1147 44 21 and
1488 1153 85 15 reeves.

1301 1172 110 28 Muskets,

1300 1199 84 32 Cigars,

1302 1229 66 24 Hoop
1378 1234 57 19 iron,

1303 1253 48 26 Bar,
1363 1253 46 26 rod,
1422 1253 44 21 and
1476 1253 64 22 sheet
1549 1253 56 26 iron,

1301 1279 82 27 Spices,
1394 1281 85 26 ginger,
1491 1281 49 26 &c,
1551 1288 29 14 an
1590 1283 133 19 assortment
1732 1281 34 21 for
1773 1280 93 27 making

1272 1307 80 26 ginger
1362 1307 53 21 beer
1422 1315 5 18 ;

1301 1333 107 28 Allspice,
1420 1341 89 20 pepper,
1524 1334 40 22 &c.

1507 1368 35 21 W.
1557 1368 26 22 B.
1599 1368 125 22 RHODES
1735 1368 46 22 and
1791 1368 45 22 CO.

1416 1423 166 21 GENERAL
1601 1424 118 20 STORE.

1274 1456 163 48 KNIGHT
1451 1457 45 21 and
1512 1457 82 21 HAIR
1604 1457 145 27 respectfully
1762 1458 103 21 intimate

1361 1487 22 17 to
1402 1483 57 22 their
1474 1484 83 21 friends
1574 1484 42 21 and
1634 1484 38 21 the
1688 1484 137 22 inhabitants
1842 1486 27 20 of

1275 1510 53 21 Port
1338 1510 131 26 Nicholson,
1484 1511 49 20 that
1543 1511 52 27 they
1604 1511 57 21 have
1672 1518 29 14 on
1712 1512 51 25 sale,
1775 1517 24 16 at
1808 1512 57 21 their

1274 1537 71 26 Store,
1364 1537 38 21 the
1420 1537 115 27 following
1553 1538 94 26 articles,
1665 1538 71 21 which
1752 1538 52 28 they
1822 1547 42 14 can

1275 1563 51 21 with
1338 1564 131 21 confidence
1479 1565 151 25 recommend,
1638 1564 43 22 viz.
1690 1582 6 3 .
1698 1577 32 5 —

1301 1591 77 26 Sugar,
1390 1595 54 22 teas,
1455 1591 65 27 flour,
1538 1592 79 26 butter,
1634 1592 87 27 cheese,
1737 1592 57 27 lard,
1812 1593 52 27 rice,

1274 1618 76 25 coffee,
1362 1618 99 27 tobacco,
1472 1618 110 27 almonds,
1599 1623 101 18 currants
1716 1619 45 21 and
1778 1620 86 26 raisins,

1274 1644 102 27 together
1387 1645 50 21 with
1448 1652 13 14 a
1470 1645 92 27 general
1572 1650 133 17 assortment
1713 1646 25 21 of
1747 1646 117 26 groceries.

1274 1671 63 26 Also,
1354 1679 13 13 a
1376 1672 79 27 supply
1466 1672 27 21 of
1503 1672 119 28 hardware,
1634 1673 174 27 haberdashery,
1820 1674 45 20 and

1274 1698 95 27 drapery
1379 1698 27 21 of
1416 1706 67 20 every
1494 1698 141 29 description.

1301 1725 57 21 N.B.
1366 1737 25 4 —
1393 1726 20 20 A
1433 1726 80 27 supply
1532 1726 25 21 of
1575 1726 86 22 refined
1679 1734 73 20 sperm
1772 1727 29 22 oil
1817 1728 49 26 just

1274 1759 64 14 come
1348 1756 23 17 to
1380 1752 69 22 hand.

1302 1805 45 22 Mr.
1359 1806 29 21 K.
1399 1806 41 21 has
1450 1814 29 14 on
1497 1806 68 26 hind,
1584 1814 13 14 a
1612 1807 62 27 L'.rge
1691 1811 136 18 assortment
1843 1808 26 21 of

1276 1832 149 27 Agricultural
1446 1834 44 21 and
1512 1834 89 21 Garden
1620 1834 69 21 Seeds
1714 1834 44 22 ar.d
1785 1835 80 27 Imple-

1274 1864 80 22 ments,
1366 1860 28 21 all
1406 1860 26 21 of
1442 1860 72 22 which
1524 1860 28 22 he
1563 1868 40 14 can
1617 1861 52 22 with
1686 1862 131 21 confidence
1831 1869 34 14 re-

1275 1887 126 26 commend,
1419 1888 36 21 the
1472 1888 64 21 seeds
1556 1888 66 26 being
1636 1888 30 22 all
1687 1889 26 20 of
1733 1889 43 20 last
1794 1890 72 26 year's,

1275 1913 89 22 harvest
1371 1921 5 18 ;
1392 1914 46 22 and
1448 1921 23 14 as
1481 1914 29 22 he
1519 1914 43 22 will
1572 1916 25 20 be
1604 1915 140 27 continually
1751 1916 22 21 in
1783 1916 83 27 receipt

1275 1940 26 21 of
1318 1936 60 26 fresh
1396 1942 97 26 supplies
1510 1942 58 21 from
1586 1942 33 21 his
1637 1942 102 26 relative,
1760 1942 37 21 the
1817 1943 48 22 well

1275 1967 81 22 known
1368 1968 99 27 Nursery
1478 1969 46 21 and
1539 1968 120 22 Seedsman
1676 1969 22 21 in
1719 1969 101 27 London,
1837 1970 29 21 ho

1274 1993 70 26 iiopes
1354 1998 22 17 to
1386 1994 28 21 be
1423 1995 94 21 favored
1533 1995 53 22 with
1602 1995 37 22 the
1654 1999 123 23 patronage
1792 1998 25 20 of
1828 1997 39 21 the

1275 2020 118 21 Colonists.

1303 2045 145 27 Wellington,
1461 2046 92 24 0ct.16,
1566 2048 59 20 1840.

1275 2100 195 47 WORKING
1511 2101 158 23 BULLOCKS
1705 2102 66 22 AND
1808 2103 59 22 FAT

1373 2127 190 22 WETHERS.—
1564 2128 46 21 The
1625 2128 157 28 Undersigned
1792 2130 42 27 bog
1845 2135 22 17 to

1275 2154 73 26 notify
1367 2154 49 21 that
1434 2154 51 28 they
1503 2154 57 22 have
1579 2162 28 14 on
1625 2155 63 22 hand
1705 2159 43 18 two
1764 2157 102 27 splendid

1276 2180 109 27 Working
1403 2181 107 22 Bullocks
1520 2190 5 17 ;
1550 2182 53 25 also,
1622 2189 62 15 some
1707 2184 101 26 superior
1826 2185 42 21 Fat

1276 2207 110 23 Wethers,
1399 2208 47 27 just
1455 2208 95 26 arrived,
1565 2209 63 21 offers
1638 2209 36 21 for
1683 2210 72 21 which
1767 2210 52 28 they
1829 2219 38 14 are

1275 2234 69 28 ready
1354 2238 9 18 t
1373 2244 2 6 <
1386 2236 88 21 receive
1484 2239 25 18 at
1518 2235 57 22 their
1585 2236 70 22 Store.

1557 2262 127 23 KNIGHT
1693 2264 46 21 and
1750 2264 88 23 HAIR.

1303 2288 44 22 Oct
1364 2291 19 22 8,
1397 2290 59 21 1840.
