2550 4010
592 523 132 31 PORT
748 523 287 39 NICHOLSON,
1056 523 263 33 SATURDAY
1339 524 242 43 MORNING,
1602 530 175 32 MARCH
1799 535 52 33 27,
1877 535 89 28 1841.

61 529 62 31 No.
146 527 66 39 50.]

2331 537 98 40 [Vol.
2452 539 28 30 1.

1240 40 100 32 THE

66 96 462 134 NEW
635 96 874 134 ZEALAND
1618 103 858 137 GAZETTE

1225 260 102 31 AND

57 291 1155 149 WELLINGTON
1328 291 1156 149 SPECTATOR.

1908 623 72 47 ON
2003 624 78 22 SALE
2092 625 44 27 ,the
2161 628 70 21 entire
2251 635 66 21 cargo
2336 630 28 21 of
2378 630 37 22 the
2432 632 60 24 Lady

1970 651 86 26 Nugent
2061 662 6 10 :
2068 663 29 5 —

1946 685 27 20 50
1982 684 83 23 barrels
2075 685 58 23 Irish
2141 687 64 27 pork,

1946 711 27 21 50
1983 711 35 21 do.
2030 711 101 23 Hambro
2141 713 57 26 beef,

1933 737 40 21 150
1982 745 62 15 cases
2053 739 83 27 pickles
2147 741 43 21 and
2201 749 82 20 sauces,

1960 765 13 20 6
1983 764 36 22 do.
2028 765 86 23 bottled
2124 766 71 27 fruits,

1947 791 26 20 36
1983 790 35 22 do.
2029 793 128 21 maccaroni
2166 794 45 22 and
2220 796 129 28 vermicelli,

1948 818 26 20 10
1983 817 54 28 kegs
2047 819 63 27 tripe,

1947 845 26 20 10
1983 844 35 21 do.
2030 848 101 23 tongues,

1948 871 25 20 10
1980 870 47 26 jars
2034 871 39 21 red
2084 872 107 28 herrings,

1946 897 27 20 24
1984 897 52 27 kegs
2046 898 83 26 barley,
2141 901 102 27 oatmeal,
2253 901 52 27 split
2313 910 59 18 peas,
2383 907 80 21 groats.

1934 925 39 19 100
1985 924 59 22 York
2054 925 44 22 and
2107 925 135 29 Westphalia
2253 928 69 28 hams,

1959 952 13 20 2
1983 958 60 14 cases
2056 952 79 27 bacon,

1948 978 25 20 10
1984 984 60 15 cases
2055 979 63 26 Loaf,
2131 979 45 22 and
2181 980 54 22 Pine
2241 981 79 23 cheese
2327 990 54 21 very
2388 985 105 27 superior,

1960 1005 13 19 8
1983 1003 64 22 hhds.
2058 1005 45 21 and
2114 1007 24 21 18
2150 1014 31 19 qr.
2193 1007 62 22 casks
2270 1009 84 28 sherry,

1948 1031 26 21 60
1984 1038 60 14 cases
2054 1033 100 26 superior
2164 1033 99 28 Geneva,

1947 1059 27 19 40
1985 1061 50 18 tons
2045 1058 45 22 fine
2100 1059 48 26 salt,

1947 1085 27 20 50
1983 1084 83 22 barrels
2075 1086 127 22 Stockholm
2214 1090 40 24 tar,

1948 1111 26 20 25
1985 1111 34 21 do.
2031 1111 67 27 pitch,

1936 1138 75 24 15,000
2020 1138 49 21 best
2080 1139 61 21 stock
2151 1139 81 26 bi-icks,

1964 1165 7 19 1
1985 1171 49 15 case
2044 1166 100 25 superior
2154 1166 201 25 double-barrelled
2369 1169 50 23 flint
2432 1177 65 18 guns,

1934 1191 54 20 8000
1999 1190 44 22 feet
2053 1193 9 19 1
2075 1192 52 21 inch
2139 1193 70 22 Baltic
2219 1194 88 27 boards,

1935 1218 53 20 ICOO
2007 1218 47 21 doz.
2077 1219 25 21 of
2117 1219 101 27 Taylor's
2239 1221 66 23 India
2327 1223 49 26 pale
2394 1223 33 22 ale
2451 1225 45 21 and

1907 1247 80 23 porter.

2218 1273 81 23 Waitt
2310 1275 45 22 and
2364 1276 105 24 Tinmne.

1936 1296 144 29 Wellington,
2091 1299 53 22 25th
2156 1300 86 27 March,
2255 1303 59 20 1841.

1910 1354 70 47 ON
2001 1355 84 23 SALE,
2101 1360 22 18 at
2133 1357 38 21 the
2184 1360 58 19 store
2253 1359 26 20 of
2292 1359 36 22 the
2339 1360 156 28 uii'lersigncd,

1986 1381 37 22 the
2038 1382 114 29 following
2162 1384 173 28 consignments,
2348 1393 26 15 ex
2385 1386 35 22 the
2434 1388 60 26 Lady

1908 1409 85 24 Nugent
2002 1418 5 10 :
2010 1420 26 4 —

1936 1442 131 28 Edinburgh
2077 1444 43 21 and
2132 1444 67 22 Alloa
2208 1445 87 23 bottled
2305 1446 40 27 ale,

1936 1469 79 27 Sherry
2027 1470 21 21 in
2059 1470 67 27 butts,

1935 1495 93 26 Pickles,
2040 1497 105 27 mustard,
2156 1498 45 22 and
2211 1499 110 27 spiceries,

1936 1522 89 28 Cheese,
2038 1524 103 27 oatmeal,
2152 1525 113 27 molasses,

1935 1549 94 25 Raisins,
2041 1555 107 23 currants,
2161 1552 46 21 best
2218 1552 92 27 English
2320 1553 80 29 honey,

1934 1575 51 26 Tea,
1999 1576 75 27 coffee,
2086 1578 43 21 and
2139 1586 71 19 sugar,

1936 1602 44 21 Silk
1992 1603 43 21 and
2047 1607 74 18 cotton
2134 1605 177 28 handkerchief*,

1935 1629 234 24 Mousselin-de-laine
2179 1633 44 20 and
2234 1633 89 28 Saxony
2333 1634 91 29 dresses,

1934 1656 143 22 Assortment
2087 1658 24 21 of
2119 1659 31 20 tin
2161 1666 64 20 ware,

1936 1682 94 28 Hosiery
2041 1684 27 21 of
2074 1684 27 21 all
2112 1685 71 27 kinds,

1935 1708 111 29 Blankets,
2058 1718 58 20 rugs,
2128 1712 45 21 and
2183 1717 169 24 counterpanes,

1935 1735 65 22 Paint
2009 1737 98 27 brushes,
2118 1739 85 21 clothes
2213 1740 99 27 brushes,

1936 1762 78 23 Planes
2025 1764 45 21 and
2081 1767 132 25 carpenters'
2223 1767 61 26 tools,
2298 1767 26 21 of
2329 1768 29 22 all
2368 1768 71 28 kinds,

1937 1789 41 25 Pit,
1990 1795 107 18 cross-cut
2107 1792 45 21 and
2161 1792 60 22 hand
2230 1801 63 19 saws,

1936 1816 102 22 Window
2047 1818 65 27 glass,
2124 1819 64 27 nails,

1934 1842 127 24 Umbrellas
2077 1846 44 21 and
2139 1853 13 14 a
2167 1846 60 27 large
2242 1851 134 19 assortment
2395 1849 26 22 of
2434 1849 65 23 small

1908 1877 75 20 wares,

1935 1897 38 21 An
1984 1901 133 19 assortment
2128 1898 25 22 of
2160 1900 128 28 stationery,

1935 1923 53 27 Salt,
2000 1932 60 20 soap,
2072 1925 44 22 and
2123 1927 143 26 gunpowder,

1935 1950 154 23 Gentlemen's
2101 1953 96 26 wearing
2206 1954 97 27 apparel,

1934 1976 96 28 Regatta
2037 1978 44 21 and
2091 1979 70 21 calico
2171 1980 71 26 shirts,

1934 2002 104 21 Sheffield
2049 2004 92 26 cutlery,
2153 2005 40 20 fish
2204 2004 77 28 hooks,

1934 2028 57 27 Caps
2001 2030 44 21 and
2058 2030 91 21 London
2161 2031 57 26 hats,

1933 2055 125 27 Tumblers,
2070 2058 57 20 wine
2136 2057 89 27 glasses,

1934 2082 21 21 A
1970 2083 65 21 small
2054 2087 133 18 assortment
2206 2086 26 21 of
2246 2086 71 28 seeds,
2336 2094 58 21 rape,
2416 2088 79 29 wheat,

1907 2108 83 28 barley,
2001 2117 45 20 rye,
2060 2114 52 23 oats,
2124 2118 59 20 peas,
2195 2112 75 22 beans.

1933 2162 19 8 m
2021 2162 6 8 
2071 2164 6 6 ,
2275 2140 108 24 William
2399 2141 71 24 Lyon.

1933 2162 193 28 Taranaki-place,
2137 2164 31 21 Te
2180 2165 46 22 Aro
2234 2166 55 22 Pah.

2114 2220 69 20 FOR
2199 2221 94 27 SALE,

1912 2251 118 47 GOOD
2040 2251 84 28 sherry,
2136 2252 23 22 in
2171 2258 89 22 quarter
2270 2255 70 22 casks.

1993 2277 110 28 Crockery
2115 2279 44 21 and
2169 2281 124 22 iron-stone
2303 2290 65 15 ware.

1938 2303 123 28 Eight-day
2071 2305 43 21 and
2126 2306 75 22 Dutch
2213 2307 81 22 clocks.

1938 2330 100 27 Fowling
2049 2332 79 27 pieces,
2138 2334 106 27 muskets,
2256 2335 44 21 and
2310 2337 125 23 umbrellas.

1940 2359 103 25 Cooper's
2056 2366 62 19 ware,
2131 2360 54 21 such
2192 2368 27 17 #s
2229 2361 100 29 buckets,
2341 2364 87 27 churns,
2441 2366 57 25 tubs,

1912 2385 114 27 kneading
2034 2386 98 27 troughs,
2145 2387 39 21 &c.
2196 2388 39 21 &c.
2246 2389 41 22 &c.

1940 2411 96 23 Brushes
2047 2413 26 20 of
2083 2413 30 21 all
2122 2413 73 22 kinds.

2026 2446 46 14 AND
2081 2447 112 14 RECEIVED
2202 2448 28 15 BY
2241 2449 57 15 LATE
2309 2451 62 16 SHIPS
2381 2452 6 14 :

1943 2465 74 22 Prime
2028 2466 57 21 Cork
2094 2466 82 27 butter,

1941 2491 89 23 Bottled
2040 2496 75 23 porter
2125 2494 44 21 and
2180 2494 48 26 pale
2239 2495 42 26 ale,
2291 2498 14 20 3
2316 2496 48 23 doz.
2375 2505 67 21 cases,

1941 2519 75 21 Dutch
2027 2517 85 29 cheese,
2124 2521 102 26 oatmeal,
2239 2522 44 22 and
2293 2523 75 28 barley
2379 2526 64 28 meal,

1941 2545 93 27 Pickles,
2047 2546 106 27 mustard,
2165 2554 84 21 sauces,
2261 2550 71 21 salted
2341 2551 93 28 salmon,

1940 2572 89 22 Hawes'
2051 2572 94 23 London
2162 2581 60 20 soap,
2244 2576 77 22 mould
2331 2578 95 29 candles,
2447 2580 49 28 &c,

1915 2599 39 21 &c.

2151 2627 26 22 T.
2189 2628 32 21 M.
2234 2629 140 25 Partridge.
2378 2633 50 23 and,
2434 2634 38 22 Co.

2132 2682 147 22 TIMBER.

1913 2706 181 48 SEASONED
2104 2708 88 27 boards,
2205 2711 10 19 1
2225 2710 40 27 in.,
2278 2712 10 24 |
2299 2712 39 26 in.,
2348 2713 43 22 and
2403 2716 10 24 J
2423 2714 32 23 in.

1992 2735 106 21 Weather
2107 2735 88 22 boards.

1991 2761 117 27 Scantling
2118 2762 26 21 of
2154 2762 29 21 all
2194 2763 64 22 sizes.

1990 2787 98 28 Norway
2099 2788 69 23 deals.

1991 2813 100 23 Battens.

1989 2842 28 20 50
2026 2841 60 27 pairs
2095 2842 88 22 French
2193 2844 112 28 windows,
2317 2849 42 19 two
2369 2848 63 22 sizes.

1991 2867 125 23 Pannelled
2126 2869 73 23 doors.

2128 2896 26 21 T.
2171 2897 33 22 M.
2221 2897 134 26 Partridge
2371 2902 44 22 and
2430 2903 38 22 Co.

2114 2949 67 21 FOR
2197 2950 95 22 SALE.

1910 2973 50 48 A
1975 2973 107 23 LARGE
2093 2975 49 21 well
2157 2976 56 21 built
2221 2981 63 23 punt,
2298 2978 70 23 which
2383 2981 43 22 will
2438 2989 65 19 carry

1987 3001 69 21 about
2067 3001 61 28 eight
2141 3005 57 24 tons,
2210 3011 25 14 or
2251 3005 55 22 4000
2315 3006 46 22 feet
2376 3007 26 22 of
2415 3008 87 24 timber.

1910 3027 62 26 Sails,
1981 3034 56 19 oars,
2046 3028 38 21 &c.
2094 3029 117 27 complete.

1936 3053 44 22 For
1985 3054 131 26 particulars
2124 3055 66 28 apply
2197 3060 26 17 to

1937 3107 26 4 --
2001 3107 6 7 ,
2026 3109 13 7 „
2063 3107 5 4 .
2154 3083 19 20 T
2174 3098 5 5 -
2192 3083 24 21 M
2218 3097 6 7 «
2236 3083 133 25 Partridge
2380 3087 45 22 and
2434 3088 40 22 Co.

1937 3107 79 21 March
2025 3107 59 27 26tb,
2096 3109 61 21 1841.

1912 3161 71 49 ON
2008 3161 84 28 SALE,
2115 3166 23 18 at
2157 3163 37 22 the
2213 3164 76 23 Stores
2310 3166 25 21 of
2355 3166 39 23 the
2413 3168 90 23 Under-

1989 3189 78 26 signed
2075 3196 5 14 :—:
2083 3200 29 4 —

1938 3222 92 28 Pomy's
2041 3223 83 22 Medoc
2134 3223 75 28 claret,
2220 3225 24 22 in
2256 3233 67 21 cases,
2336 3229 9 20 1
2358 3227 48 23 doz.
2419 3229 62 22 each.

2021 3249 63 22 Ditto
2223 3251 56 23 ditto
2334 3256 13 20 2
2383 3255 63 24 ditto.

1940 3275 61 28 Very
2011 3277 101 26 superior
2119 3280 52 24 port
2181 3277 63 28 wine,
2256 3279 57 23 ditto
2335 3283 12 19 3
2384 3282 62 22 ditto.

2022 3303 63 21 Ditto
2223 3305 63 28 ditto,
2297 3307 24 22 in
2332 3312 89 25 quarter
2430 3310 71 22 casks.

1940 3330 109 26 Sherry—
2051 3330 82 28 brown,
2153 3331 60 27 gold,
2232 3333 57 28 pale,
2312 3335 35 22 old
2371 3336 82 27 brown,
2478 3337 24 22 in

1913 3359 89 25 quarter
2012 3357 70 21 casks.

1941 3383 97 27 Brandy,
2050 3383 22 21 in
2084 3392 62 14 cases
2156 3385 26 21 of
2193 3387 10 19 1
2216 3386 49 22 doz.
2276 3387 62 23 each.

2023 3410 63 22 Ditto
2196 3414 13 18 :i
2249 3413 63 28 ditto,

1941 3436 67 27 Rum,
2024 3437 23 21 in
2062 3437 67 23 hhds.
2144 3438 26 22 of
2180 3440 27 20 43
2216 3440 96 26 gallons.

2023 3464 63 22 Ditto
2183 3467 26 21 47
2248 3467 63 23 ditto.

1942 3489 52 25 Gin,
2006 3490 50 22 half
2068 3498 68 18 cases,
2148 3493 10 21 1
2171 3493 71 22 dozen
2255 3494 61 23 each.

1941 3516 101 27 Taylor's
2053 3521 66 23 stout,
2130 3519 23 21 in
2165 3520 70 22 wood.

1960 3543 63 21 Ditto
2051 3545 49 27 pale
2111 3545 43 27 ale,
2167 3545 62 23 ditto.

1960 3570 62 22 Ditto
2051 3575 66 23 stout,
2129 3573 22 21 in
2161 3573 74 26 bottle,
2249 3574 63 22 casks
2318 3575 25 21 of
2348 3576 13 20 3
2370 3574 48 22 doz.
2427 3575 63 23 each.

1941 3596 177 24 Hebblewhite's
2127 3603 65 24 stout,
2204 3601 57 21 ditto
2368 3601 61 23 ditto.

1987 3624 64 22 Ditto
2128 3626 40 26 ale,
2204 3627 54 22 ditto
2367 3629 62 22 ditto.

2187 3660 107 23 RiciiAjin
2305 3660 85 28 Baker,

2132 3686 127 22 Wholesale
2270 3686 63 23 Wine
2344 3688 126 23 Merchant.

1940 3711 146 28 Wellington,
2099 3712 53 22 Feb.
2164 3715 32 24 18,
2208 3714 60 21 1841.

1915 3765 159 48 MESSRS.
2112 3766 158 28 WALLACE,
2310 3768 111 26 WHITE,
2456 3770 46 22 and

2006 3792 153 23 WALLACE
2174 3793 55 21 have
2244 3801 29 14 on
2284 3794 52 24 sale,
2347 3802 28 15 an
2386 3796 114 22 extensive

1913 3822 135 19 assortment
2054 3820 25 21 of
2091 3827 64 19 guns,
2165 3819 81 22 double
2254 3820 45 21 and
2306 3821 70 27 single
2382 3822 116 28 barrelled,

1914 3848 55 24 pots,
1990 3846 85 26 kettles,
2096 3853 130 20 saucepans,
2249 3846 40 23 flat
2306 3848 65 26 irons,
2394 3850 108 28 crockery

1914 3879 64 18 ware,
1999 3873 134 26 carpenters'
2153 3872 56 22 tools
2228 3873 25 22 of
2274 3881 66 19 every
2359 3876 141 27 description,

1913 3899 142 26 agricultural
2071 3899 149 27 implements,
2238 3900 48 27 &c,
2305 3901 70 22 which
2393 3902 53 24 they
2463 3910 38 15 are

1912 3925 82 26 selling
2002 3929 24 18 at
2036 3926 145 28 exceedingly
2193 3926 42 23 low
2243 3927 79 29 prices,
2333 3932 23 19 at
2363 3928 57 23 their
2427 3929 73 27 Store,

1912 3958 54 16 near
1975 3949 32 24 Te
2019 3952 46 21 Aro
2076 3952 55 22 Flat.

104 621 84 21 NEW
206 619 168 21 ZEALAND
395 617 184 21 COMPANY.

50 655 92 28 Capital,
156 654 120 26 £100,000,
290 652 24 21 in
323 653 55 20 4000
388 650 82 22 Shares
478 650 27 21 of
515 650 47 23 £25
573 649 63 28 each,

273 678 31 22 all
313 678 52 28 paid
373 685 39 20 up.

183 715 91 15 Governor
279 718 5 11 :
298 713 75 16 Joseph
380 712 72 18 Somes,
460 711 44 20 Eiq.

111 742 181 22 Deputy-Governor:
304 740 49 17 Hon.
358 739 75 17 Francis
439 739 73 21 Baring,
520 738 52 20 M.P.,

284 770 109 14 DIRECTORS
398 770 5 13 :

131 797 90 17 Viscount
227 797 88 19 Ingestre,
323 794 52 20 M.P.,

132 818 48 17 Lord
188 817 57 18 Petre,

132 838 64 21 Henry
203 838 21 16 A.
231 837 95 20 Aglionby,
335 837 48 19 Esq.,
391 835 54 21 M.P.,

130 860 49 16 John
188 858 81 17 Ellorker
276 857 88 19 Boulcott,
376 857 50 20 Esq.,

131 880 50 17 John
189 879 79 16 William
275 878 74 20 Buckle,
355 878 48 20 Esq.,

133 901 74 17 Russell
215 899 61 19 EUice,
285 899 48 20 Esq.,

131 922 64 16 James
202 921 66 16 Robert
275 920 72 19 Gowen,
355 919 50 20 Esq.,

130 943 50 15 John
187 941 54 18 Hine,
250 941 47 19 Esq.,

131 962 81 17 William
219 962 53 17 Hutt,
281 961 48 19 Esq.,

132 984 76 16 Stewart
215 981 127 21 Majoribanks,
355 981 48 20 Esq.,

130 1003 103 18 Alexander
240 1002 64 18 Nairn,
311 1002 50 19 Esq.,

130 1025 50 16 John
187 1023 52 19 Pirie,
248 1023 48 19 Esq.,
304 1021 104 19 Alderman,

131 1046 28 16 Sir
167 1045 67 19 George
242 1043 81 18 Sinclair,
332 1042 54 19 Bart.,
395 1042 54 19 M.P.,

130 1066 49 16 John
186 1065 43 16 Abel
238 1064 65 18 Smith,
309 1063 51 21 Esq.,
370 1062 55 19 M.P.,

132 1087 47 16 Wm.
191 1085 109 20 Thompson,
315 1084 47 19 Esq.,
377 1083 105 18 Alderman,
497 1082 53 20 M.P.,

132 1107 49 17 Hon.
188 1105 95 18 Frederick
289 1105 38 16 Jas.
334 1104 120 19 Tollemache,
465 1103 52 19 M.P.,

131 1128 77 17 Edward
216 1127 20 16 G.
245 1125 103 19 Wakefield,
354 1125 36 20 Esq
398 1136 5 8 ,

131 1149 29 16 Sir
167 1148 62 19 Henry
238 1147 61 17 Webb,
308 1146 55 19 Bart.,

131 1169 69 17 Arthur
207 1167 64 19 Willis,
280 1167 48 19 Esq.,

132 1191 69 20 George
209 1188 95 17 Frederick
313 1188 70 19 Young,
391 1186 44 21 Esq.

194 1217 91 18 Secretary
290 1220 4 11 :
306 1214 52 17 John
367 1214 69 19 Ward,
446 1214 43 20 Esq.

50 1245 87 30 npHE
147 1244 62 22 main
218 1244 97 21 features
323 1242 27 21 of
355 1241 37 22 the
401 1246 82 22 system
492 1241 26 21 of
524 1240 113 22 coloniza-

57 1263 27 32 X
122 1272 48 21 tion
181 1269 95 29 adopted
285 1269 30 27 by
325 1268 37 22 the
376 1268 123 27 Company,
516 1275 44 19 are,
562 1280 31 4 —
596 1269 39 25 Ist,

49 1301 35 20 the
95 1299 45 21 sale
150 1298 27 21 of
186 1296 71 27 lands,
272 1299 23 18 at
308 1303 29 14 an
352 1295 98 22 uniform
465 1294 46 22 and
525 1294 112 22 sufficient

49 1327 69 27 price;
136 1324 47 22 and
196 1323 75 27 2ndly,
287 1322 38 21 the
341 1322 154 27 employment
509 1322 26 20 of
548 1329 13 14 a
574 1321 61 27 large

49 1353 84 27 portion
144 1352 27 21 of
177 1351 36 21 the
223 1350 209 28 purchase-money,
444 1356 24 14 as
478 1355 28 14 an
518 1348 118 27 Immigra-

49 1381 43 21 tion
104 1378 72 22 Fund.
206 1378 26 21 In
245 1376 61 22 these
315 1379 105 24 respects,
436 1375 38 22 the
483 1375 120 28 principles
614 1376 26 21 of

49 1406 66 23 South
129 1404 114 23 Australia
257 1403 58 22 have
330 1403 56 21 been
402 1402 104 21 followed
520 1409 24 14 as
558 1402 78 28 nearly

47 1441 22 14 as
88 1433 173 21 circumstances
276 1429 79 27 would,
376 1429 24 22 in
416 1428 36 23 the
470 1433 92 23 present
577 1433 58 23 case;

49 1459 85 29 permit.

72 1493 48 22 The
133 1491 73 28 grand
221 1491 74 26 object
309 1489 27 23 of
350 1489 38 22 the
403 1496 56 20 new,
474 1496 25 14 or
510 1489 124 28 improved,

47 1524 81 24 system
139 1519 26 21 of
176 1519 36 20 the
223 1517 97 28 disposal
334 1516 26 22 of
377 1516 97 22 colonial
488 1517 72 26 lands,
577 1517 19 21 is
612 1522 23 16 to

47 1546 97 28 regulate
160 1545 37 22 the
211 1545 80 27 supply
307 1543 25 22 of
349 1550 49 14 new
414 1543 60 26 land,
492 1543 29 27 by
536 1543 38 21 the
588 1543 46 22 real

47 1577 69 18 wants
127 1572 26 21 of
168 1572 37 21 the
220 1571 117 26 Colonists,
353 1578 24 14 so
394 1569 48 23 that
456 1570 38 22 the
510 1570 53 22 land
577 1570 58 22 shall

47 1607 67 15 never
131 1599 28 21 be
178 1599 70 21 either
266 1597 190 27 superabundant,
478 1604 25 14 or
522 1597 111 27 deficient,

45 1627 71 22 either
131 1630 38 17 too
186 1625 76 26 cheap,
280 1631 25 14 or
323 1629 37 16 too
379 1623 60 22 dear.
479 1623 22 22 It
518 1623 41 23 has
577 1624 57 22 been

46 1654 75 21 shown
132 1653 49 20 that
190 1652 36 21 the
236 1652 44 21 due
293 1651 129 27 proportion
437 1651 102 21 between
555 1652 80 26 people

47 1680 44 22 and
98 1680 53 21 land
158 1686 51 20 may
215 1679 28 21 be
250 1677 127 27 constantly
384 1677 93 22 secured
483 1677 30 27 by
520 1678 116 21 abandon-

47 1708 37 26 ing
94 1706 36 22 the
141 1706 38 21 old
189 1708 82 25 system
282 1705 26 21 of
320 1712 96 19 grants,
427 1704 45 22 and
482 1705 114 27 requiring
606 1712 28 15 an

47 1734 97 21 uniform
155 1733 59 27 price
224 1739 40 20 per
273 1738 57 20 acre,
345 1731 34 21 for
389 1731 30 21 all
428 1738 50 15 new
488 1731 72 27 lands,
570 1733 67 20 with-

50 1760 171 26 outexception.
250 1759 25 21 If
285 1757 37 23 the
333 1759 60 26 price
405 1758 27 21 be
446 1761 41 18 not
501 1761 37 19 too
552 1759 50 26 low,
619 1759 18 21 it

48 1788 72 21 deters
127 1785 137 29 speculators
274 1785 57 21 from
346 1785 118 27 obtaining
477 1785 61 26 land,
555 1785 52 21 with
623 1793 14 14 a

48 1814 54 21 view
110 1818 24 17 to
143 1813 91 26 leaving
243 1812 58 21 their
309 1816 106 23 property
424 1812 22 21 in
457 1820 14 13 a
482 1812 75 21 desert
569 1816 65 23 state,

47 1841 45 22 and
104 1840 52 22 thus
170 1842 105 25 prevents
283 1838 110 27 injurious
403 1838 122 27 dispersion
533 1846 6 19 ;
554 1839 17 21 it
581 1839 54 27 also,

48 1868 28 27 fay
86 1867 135 27 compelling
228 1873 68 20 every
304 1865 104 22 labourer
414 1868 22 18 to
444 1865 61 22 work
512 1866 36 21 for
555 1873 80 20 wages,

47 1894 55 22 until
112 1894 29 21 he
151 1894 40 21 has
200 1892 68 23 saved
282 1892 38 21 the
330 1893 54 26 only
394 1899 79 14 means
483 1893 25 20 of
520 1892 117 27 obtaining

47 1921 59 26 land,
116 1922 87 21 insures
217 1926 14 14 a
245 1919 80 28 supply
341 1919 26 21 of
377 1919 79 21 labour
471 1919 34 21 for
520 1919 55 22 hire.
605 1919 29 27 If,

47 1956 28 13 on
86 1948 36 21 the
133 1947 64 22 other
205 1945 68 28 hand,
290 1946 37 21 the
337 1945 61 26 price
409 1945 26 21 be
446 1949 40 18 not
495 1949 37 18 too
543 1946 59 27 high,
619 1947 18 20 it

47 1975 85 22 neither
141 1973 100 22 confines
251 1972 37 22 the
299 1973 87 21 settlers
402 1972 75 21 within
492 1980 14 13 a
520 1980 65 19 space
601 1973 35 21 in-

46 2000 158 25 conveniently
220 2005 93 19 narrow,
330 2005 42 14 nor
387 1997 53 21 does
455 1999 18 20 it
489 2002 94 22 prevent
597 1999 38 21 the

47 2027 77 27 thrifty
138 2026 103 21 labourer
255 2024 57 22 from
327 2024 120 27 becoming
461 2031 14 14 a
487 2024 148 27 land-owner,

49 2054 56 21 after
114 2053 100 26 working
223 2059 62 14 some
295 2051 53 22 time
358 2051 37 21 for
405 2058 79 19 wages.

78 2087 18 21 A
114 2087 116 26 sufficient,
249 2086 40 21 but
308 2088 39 19 not
365 2092 63 14 more
448 2085 53 21 than
523 2085 114 22 sufficient

50 2114 58 27 price
118 2114 35 21 for
165 2113 29 21 all
207 2119 50 15 new
271 2112 61 26 land,
347 2112 20 21 is
382 2112 38 21 the
435 2112 61 21 main
512 2113 86 21 feature
614 2113 26 21 of

50 2141 36 21 the
105 2148 48 14 new
168 2143 82 24 system
265 2139 25 21 of
308 2138 157 23 colonization.
498 2139 22 22 It
536 2140 101 21 obviates

50 2175 63 19 every
125 2174 84 21 species
224 2167 26 20 of
263 2166 113 26 bondage;
398 2166 29 26 by
442 2166 119 27 providing
576 2174 61 14 com-

50 2195 85 21 binable
145 2194 83 26 labour,
240 2194 17 20 it
266 2192 91 22 renders
366 2192 104 28 industry
478 2201 54 20 very
542 2194 95 27 produc-

50 2221 49 26 tive,
111 2221 44 21 and
163 2220 120 22 maintains
293 2219 52 22 both
356 2219 54 27 high
428 2227 78 19 wages,
522 2220 46 21 and
583 2220 53 28 high

49 2248 85 27 profits;
157 2248 18 20 it
189 2246 76 22 makes
285 2246 37 22 the
339 2246 84 27 colony
438 2254 25 14 as
479 2247 116 21 attractive
612 2255 25 14 as

50 2274 99 28 possible,
165 2274 52 22 both
233 2277 23 17 to
271 2273 123 27 capitalists
409 2273 45 21 and
469 2277 23 17 to
506 2274 116 22 labourers
630 2282 5 19 ;

49 2301 43 21 and
102 2305 40 18 not
151 2300 82 28 merely
243 2303 22 18 to
276 2300 68 26 these,
358 2300 43 22 but
409 2300 54 27 also,
473 2300 30 28 by
513 2301 124 27 bestowing

49 2335 28 14 on
92 2328 36 21 the
139 2328 87 26 colony,
243 2326 37 22 the
290 2327 74 21 better
379 2327 117 21 attributes
511 2328 27 20 of
553 2335 30 14 an
599 2328 38 22 old

48 2355 88 27 society,
148 2358 22 18 to
179 2354 61 22 those
248 2354 49 21 who
304 2354 58 21 have
370 2361 14 14 a
391 2354 91 21 distaste
489 2354 35 22 for
531 2354 60 22 what
595 2354 42 23 has

47 2381 123 22 heretofore
178 2381 58 22 been
246 2381 38 21 the
297 2381 114 27 primitive
423 2381 115 22 condition
549 2381 27 22 of
585 2390 51 14 new

49 2409 104 21 colonies.

74 2435 46 22 The
129 2437 62 26 great
200 2435 75 27 object
283 2434 26 22 of
320 2434 37 22 the
367 2435 61 26 price
438 2434 19 23 is
470 2437 22 20 to
506 2442 78 16 secure
598 2435 39 23 the

48 2466 57 17 most
113 2462 108 22 desirable
230 2461 142 28 proportions
380 2461 102 23 between
496 2463 80 27 people
590 2463 47 22 and

48 2488 53 22 land
106 2497 5 18 ;
127 2489 41 21 but
177 2488 36 22 the
223 2489 53 27 plan
286 2488 41 22 has
336 2488 39 22 the
382 2488 87 22 further
475 2489 71 22 result
553 2490 26 21 of
585 2497 52 20 pro-

49 2515 81 28 ducing
141 2524 13 13 a
163 2522 103 20 revenue,
282 2515 73 22 which
370 2515 47 21 will
430 2519 43 18 not
487 2516 54 27 only
555 2517 82 28 supply

49 2542 36 22 the
97 2543 103 27 requisite
214 2543 68 26 profit
296 2545 22 18 to
332 2542 39 21 the
387 2542 154 22 shareholders
556 2543 26 22 of
598 2544 39 22 the

49 2569 121 32 Company,
192 2569 43 21 but
256 2569 113 22 furnishes
391 2569 38 22 the
452 2577 79 15 means
548 2571 35 21 for
607 2578 29 14 an

49 2595 153 28 Immigration
212 2595 72 27 Fund,
286 2608 31 5 —
319 2603 13 14 a
338 2595 58 22 fund
403 2597 129 27 constantly
539 2597 98 28 applica-

49 2623 34 21 ble
101 2627 21 17 to
139 2623 37 22 the
190 2630 96 21 purpose
302 2623 27 21 of
341 2623 107 27 bringing
462 2624 80 22 labour
558 2627 23 19 to
598 2625 38 21 the

48 2650 79 27 colony
128 2662 32 5 —
162 2649 46 23 that
222 2649 25 27 is,
264 2650 24 21 in
305 2649 94 28 causing
416 2650 37 22 the
470 2651 50 21 best
537 2659 57 14 sort
613 2652 27 21 of

49 2677 147 21 colonization
206 2680 23 18 to
239 2676 95 32 proceed
343 2679 24 19 at
377 2675 39 23 the
428 2681 99 23 greatest
539 2678 98 27 possible

48 2707 53 17 rate.
129 2703 55 22 And
190 2703 45 22 this
240 2710 19 15 is
266 2703 38 22 the
312 2703 85 22 second
404 2703 87 23 feature
502 2705 27 21 of
539 2705 38 22 the
587 2713 50 15 new

49 2734 90 23 system.

73 2763 47 22 The
130 2764 153 28 employment
292 2764 27 21 of
332 2763 40 22 the
386 2764 211 29 purchase-money,
613 2773 25 14 or

48 2789 36 23 the
94 2790 108 28 principal
212 2794 50 24 part
271 2791 25 20 of
306 2790 24 26 it,
341 2790 24 22 in
377 2792 126 26 conveying
513 2792 87 22 settlers
614 2796 23 19 to

48 2816 35 23 the
95 2818 87 27 colony,
192 2817 41 22 has
243 2817 37 22 the
290 2817 115 28 following
415 2818 83 22 effects.
528 2819 22 21 It
560 2820 77 21 makes

48 2843 36 22 the
98 2844 132 28 purchasers
245 2844 26 21 of
285 2844 55 21 land
354 2851 37 14 see
406 2844 93 28 plainly,
515 2845 49 22 that
579 2846 59 22 their

49 2877 81 21 money
139 2870 44 22 will
192 2871 29 21 be
230 2870 106 21 returned
346 2870 24 21 in
385 2870 36 22 the
435 2871 69 28 shape
518 2872 26 21 of
557 2872 81 23 labour

48 2897 44 22 and
100 2897 138 28 population.
268 2896 22 23 It
299 2896 72 28 tends,
388 2898 22 21 in
420 2897 52 27 fact,
489 2902 22 17 to
521 2898 69 23 lower
599 2899 38 22 the

49 2930 116 21 necessary
182 2923 108 22 standard
309 2924 25 21 of
350 2924 67 26 price,
433 2924 104 28 because,
555 2926 54 21 with
624 2934 14 14 a

49 2954 102 19 constant
159 2950 72 23 influx
242 2950 26 21 of
277 2949 79 29 people
367 2954 23 17 to
399 2950 38 22 the
448 2952 88 26 colony,
544 2952 39 22 the
594 2953 43 22 due

49 2978 125 26 proportion
181 2981 101 18 between
288 2982 79 22 people
375 2977 44 22 and
426 2978 55 22 land
488 2986 52 20 may
546 2980 30 21 be
583 2980 54 27 kept

50 3011 26 20 up
85 3005 29 26 by
125 3012 14 14 a
147 3004 68 23 lower
223 3004 68 28 price,
303 3003 55 22 than
368 3004 22 21 if
399 3004 64 23 there
473 3013 58 14 were
540 3013 30 15 no
580 3007 55 22 such

49 3030 146 28 immigration
201 3048 6 5 .
227 3032 22 21 It
258 3030 112 23 therefore
376 3031 130 24 diminishes
514 3032 37 23 the
558 3034 79 27 period

50 3056 78 29 during
137 3058 72 22 which
218 3058 37 21 the
265 3058 105 21 labourer
383 3062 60 19 must
454 3060 63 21 work
530 3060 35 22 for
579 3060 56 29 hire,

50 3084 42 21 and
100 3085 32 27 by
141 3084 36 23 the
190 3084 64 28 rapid
268 3092 102 20 progress
386 3085 73 23 which
472 3088 18 21 it
504 3087 94 28 imparts
613 3091 23 19 to

50 3110 36 22 the
94 3111 50 22 best
152 3115 45 19 sort
206 3112 26 21 of
243 3112 156 27 colonization,
414 3113 19 21 it
448 3114 102 28 explains
565 3118 23 19 to
598 3115 37 22 the

50 3137 114 29 labouring
172 3139 56 22 class
239 3139 25 21 of
269 3139 149 27 immigrants,
429 3140 49 22 that
487 3149 67 20 every
562 3149 44 15 one
614 3143 26 21 of

51 3163 58 23 them
121 3166 49 21 who
186 3166 19 21 is
219 3165 137 22 industrious
374 3167 45 22 and
435 3167 86 29 thrifty,
537 3176 55 20 may
607 3170 28 21 be

49 3197 47 16 sure
106 3195 23 18 to
138 3193 91 22 become
242 3196 40 18 not
296 3193 87 27 merely
396 3201 29 14 an
442 3202 76 15 owner
532 3196 26 21 of
572 3196 62 28 land,

51 3217 38 22 but
102 3218 47 23 also
164 3220 24 21 in
207 3219 35 22 his
261 3222 58 24 turn,
341 3227 29 14 an
391 3222 116 28 employer
525 3223 27 22 of
571 3223 66 23 hired

50 3243 117 29 labourers,
177 3254 14 14 a
200 3250 82 18 master
292 3246 26 22 of
327 3252 110 17 servants.

77 3271 64 24 From
151 3272 60 23 these
221 3274 184 27 considerations,
420 3276 38 21 the
468 3276 118 28 Company
595 3277 40 21 has

51 3297 93 28 adopted
163 3299 36 23 the
215 3307 61 15 same
293 3304 83 24 system
393 3302 27 21 of
435 3302 116 28 disposing
565 3304 27 22 of
607 3304 28 22 its

52 3330 63 16 waste
127 3326 71 28 lands,
213 3334 24 14 as
252 3327 40 22 has
307 3328 91 28 already
412 3330 85 26 proved
512 3330 78 27 highly
602 3331 34 21 fa-

52 3352 101 22 vourable
167 3357 22 18 to
203 3353 37 22 the
254 3354 184 28 productiveness
453 3356 25 22 of
493 3356 104 28 industry
611 3358 23 22 in

51 3377 67 23 South
129 3380 118 22 Australia.
276 3381 28 22 In
314 3389 13 14 a
338 3389 50 14 new
400 3382 88 29 colony,
503 3384 93 26 planted
611 3385 23 22 in

50 3410 13 14 a
72 3404 70 23 fertile
152 3406 44 23 and
210 3408 114 22 extensive
340 3409 112 28 territory,
468 3411 19 21 it
500 3418 19 14 is
534 3411 101 28 obvious,

50 3430 46 22 that
114 3432 38 22 the
167 3434 169 23 establishment
350 3436 27 21 of
391 3437 56 21 such
463 3444 13 14 a
490 3442 83 23 system
589 3438 19 22 is
623 3446 12 14 a

51 3462 78 18 matter
144 3460 26 21 of
187 3460 37 23 the
240 3460 90 29 deepest
348 3468 102 16 moment
466 3467 23 19 to
508 3464 36 22 the
561 3465 74 23 future

51 3484 85 23 welfare
148 3487 24 21 of
184 3488 91 28 society.
408 3490 18 21 it
442 3490 38 23 the
494 3491 51 22 best
559 3492 78 22 effects

50 3517 49 20 may
108 3512 51 23 with
169 3514 130 23 confidence
308 3516 28 22 be
345 3518 137 27 anticipated
489 3526 5 13 :
511 3526 14 14 a
531 3523 106 18 constant

50 3538 40 21 <md
100 3540 88 26 regular
196 3542 80 26 supply
287 3542 25 21 of
322 3550 51 15 new
382 3544 55 22 land
446 3545 24 22 in
485 3545 43 23 due
543 3553 94 21 propor-

46 3567 43 18 tion
101 3569 22 17 to
134 3567 35 20 the
188 3571 70 18 wants
268 3569 26 22 of
304 3577 12 14 a
324 3571 132 27 population
468 3573 129 28 increasing
607 3575 30 26 by

68 3617 19 12 v-
127 3620 12 9 *
339 3605 5 18 ;
363 3598 31 21 all
407 3598 39 22 the
461 3599 138 30 advantages
613 3606 23 18 to

48 3620 69 19 which
127 3620 100 23 facilities
236 3622 27 21 of
272 3626 113 25 transport
392 3625 46 21 and
445 3628 190 23 communication

47 3650 36 15 are
93 3648 102 21 essential
202 3655 6 19 ;
224 3650 110 26 certainty
348 3651 28 21 of
384 3651 76 28 limits,
477 3654 45 21 and
537 3656 98 25 security

49 3674 24 17 of
83 3674 47 21 title
141 3676 21 19 to
171 3679 104 24 property
283 3677 24 21 in
321 3677 67 27 land;
404 3679 39 21 the
452 3684 99 22 greatest
563 3682 72 22 facili-

47 3702 39 16 ties
96 3705 28 16 on
134 3707 115 21 acquiring
257 3703 38 22 the
306 3704 44 21 due
360 3706 115 27 quantity;
490 3707 38 22 the
537 3712 100 22 greatest

47 3729 184 24 encouragement
243 3733 24 18 to
276 3730 152 28 immigration
439 3733 45 21 and
494 3735 129 23 settlement
630 3745 5 6 •

49 3754 41 18 and
104 3754 38 20 the
156 3758 57 18 most
226 3757 63 27 rapid
304 3765 104 20 progress
421 3759 28 21 of
463 3760 39 22 the
515 3763 80 26 people
610 3764 23 22 in

48 3782 98 19 material
155 3782 94 22 comfort
257 3784 46 21 and
311 3785 69 21 social

152 3834 97 24 BILLS
263 3838 43 21 OF
320 3839 207 23 EXCHANGE.

51 3863 448 72 p^are^sfffA^?
512 3877 43 24 AT
568 3878 65 24 the
642 3901 2 24 1

78 3920 124 26 November
210 3926 20 26 4,
244 3927 59 22 1840.
642 3920 1 29 i

706 616 117 21 UNION
837 617 101 20 BANK
952 617 43 21 OF
1010 618 220 20 AUSTRALIA.

670 649 96 22 London
784 649 94 27 Office,
894 649 44 22 No.
953 651 35 26 33,
1005 650 51 22 Old
1073 650 185 22 Broad-street.

725 682 94 28 Capital,
829 682 122 28 £500,000;
972 683 52 27 paid
1033 690 36 21 up,
1084 683 120 28 £300,000.

906 720 109 14 DIRECTORS
1021 722 4 11 :

776 743 68 21 George
852 743 39 17 Fife
898 744 27 16 An
928 748 36 17 gas,
974 744 48 21 Esq.,

776 764 68 17 Robert
852 764 73 20 Brooks,
936 765 48 20 Esq.,

776 785 61 16 James
844 784 49 18 John
901 786 98 19 Cummins,
1007 786 49 20 Esq.,

775 805 68 19 Robert
851 806 95 20 Gardener,
959 807 47 20 Esq.,
1019 806 121 20 Mancheiter,

776 826 47 17 John
831 827 52 19 Gore,
894 827 49 20 Esq.,

776 847 48 16 John
831 847 80 17 William
918 847 74 19 Buckle,
998 847 48 21 Esq.,

775 868 96 20 Benjamin
879 868 20 17 E.
907 868 62 20 Lindo,
978 868 48 21 Esq.,

776 889 73 16 Charles
859 889 74 17 Edward
941 889 87 20 Mangles,
1037 889 47 21 Esq.,

776 909 115 21 Christopher
898 910 83 19 Rawson,
990 910 48 21 Esq.,
1049 910 81 19 Halifax,

775 930 79 16 Thomas
861 931 63 18 Sands,
933 931 48 19 Esq.,
989 930 99 21 Liverpool,

774 950 61 16 James
844 950 55 21 Bogle
907 951 64 19 Smith,
978 950 48 21 Esq.,

775 971 60 16 James
844 971 79 16 Ruddell
930 972 55 18 Todd,
994 972 43 19 Esq.

668 997 85 17 Trustees
759 1002 5 12 :
781 997 81 17 George
874 998 56 16 Carb
941 998 60 19 Glyn,
1015 998 47 20 Esq.,
1073 998 52 17 John
1138 998 61 20 Gore,
1209 998 49 21 Esq.,

817 1019 36 15 and
859 1019 67 16 James
933 1019 17 16 J.
957 1019 99 19 Cummins,
1067 1019 43 20 Esq.

695 1044 82 17 Banker*
783 1050 5 11 :
800 1044 75 17 Messrs.
882 1045 61 19 Glyn,
955 1045 113 21 Hallifax,
1077 1046 70 19 Mills,
1156 1047 36 16 and
1200 1047 30 16 Co.

789 1073 102 20 Secretary.
903 1073 82 16 Samuel
991 1073 94 20 Jackson*,
1094 1074 42 20 Esq.

760 1099 80 17 Colonial
847 1100 94 21 Inspector
947 1105 4 12 :
962 1101 17 16 J.
988 1101 17 16 C.
1014 1101 19 16 M
1036 1101 79 19 'Lares,
1124 1102 42 20 Esq.

791 1148 69 20 New
878 1148 122 21 Zealand
1019 1150 115 20 Branch.

668 1179 53 18 Local
729 1180 91 17 Directors
826 1186 5 11 :
847 1181 47 17 G-eo.
906 1182 18 15 S.
936 1181 71 19 Evans,
1022 1182 46 21 Esq.,
1082 1183 68 19 D.C.L.,
1163 1183 36 17 and
1212 1183 46 16 Geo.

892 1202 89 19 Hunter,
994 1203 43 20 Esq.

668 1228 97 21 Manager:
776 1229 48 16 John
833 1230 72 19 Smith,
914 1230 48 20 Es>q.,
972 1230 35 16 late
1015 1230 20 17 of
1044 1231 29 16 the
1082 1231 116 16 Commercial
1206 1231 53 16 Bank

838 1251 21 15 of
868 1251 87 20 England,
969 1250 120 18 Manchester.

779 1277 115 22 Branches
904 1282 24 17 at
943 1278 96 28 Sydney,

944 1305 8 21 1
959 1305 73 22 lobart
1039 1306 76 26 Town,

945 1332 8 21 1
965 1337 127 23 aunceston,
1105 1332 45 23 and

944 1359 9 20 1
963 1364 33 16 ort
1007 1359 79 27 Philip.

668 1392 54 21 Port
732 1392 131 27 Nicholson,
875 1392 78 22 March
965 1394 32 25 24,
1011 1395 59 20 IS4O.

668 1445 92 48 THE
778 1445 114 22 Directors
910 1445 26 22 of
951 1446 37 22 Ihe
1007 1446 55 22 New
1078 1447 100 22 Zealand
1194 1447 65 22 Land

743 1473 118 26 Company
875 1472 82 27 hereby
975 1473 51 26 give
1042 1474 81 26 noJice,
1142 1474 48 22 that
1206 1475 52 26 they

666 1498 59 22 have
732 1506 115 14 EFFECTED
858 1506 27 14 AN
898 1507 170 15 ARRANGEMENT
1077 1501 51 21 with
1137 1501 37 21 the
1185 1501 72 21 Unioll

668 1525 64 21 Bank
747 1526 26 20 of
790 1526 120 27 Australia,
928 1526 43 22 No.
988 1528 35 24 38,
1037 1527 44 21 Old
1099 1527 158 25 Broad-street,
1265 1549 3 4 ,
1271 1527 3 21 l

667 1552 103 26 London,
782 1552 34 22 for
826 1553 37 21 the
877 1553 167 21 establishment
1058 1554 26 21 of
1098 1561 12 14 a
1127 1554 131 22 BRANCH

667 1578 89 22 BANK
774 1579 33 21 IN
821 1579 73 21 NEW
908 1579 157 28 ZEALAND,
1080 1581 96 27 through
1186 1581 72 22 which
1272 1577 2 34 j

666 1605 38 21 the
715 1606 101 22 business
829 1606 28 21 of
870 1606 36 22 the
925 1607 55 21 New
998 1607 100 21 Zealand
1110 1607 66 22 Land
1193 1608 66 22 Com-

666 1639 61 20 pany
736 1632 45 22 will
791 1633 27 21 be
829 1633 134 22 transacted.
991 1633 47 21 The
1054 1634 115 22 Directors
1186 1634 72 22 there-

666 1659 48 21 fore
725 1659 145 22 recommend
880 1663 23 19 to
920 1660 109 22 Colonists
1045 1660 38 22 the
1101 1661 76 21 Union
1193 1661 65 22 Bank

666 1686 27 20 of
712 1686 114 21 Australia
845 1694 24 14 as
887 1694 28 14 an
942 1687 168 22 establishment
1132 1689 127 26 possessing

666 1712 59 21 their
741 1713 71 21 entire
836 1713 136 27 confidence,
993 1713 44 22 and
1056 1714 50 22 able
1125 1717 23 19 to
1167 1715 91 26 provide

666 1739 128 27 effectually
810 1740 35 21 for
861 1740 38 22 the
913 1741 106 21 financial
1032 1745 71 17 wants
1120 1742 26 20 of
1158 1741 36 22 the
1211 1741 48 23 first

666 1766 137 22 settlement.

837 1800 34 27 By
882 1800 65 22 order
957 1800 26 22 of
992 1800 38 23 the
1040 1801 80 27 Board,

915 1834 83 22 JOHN
1015 1834 102 27 WARD,
1134 1836 124 27 Secretary.

666 1866 57 22 New
733 1867 102 22 Zealand
844 1867 66 22 Land
918 1868 135 27 Company's
1063 1868 79 28 Office,

694 1895 20 25 1,
726 1894 160 26 Adam-street,
898 1894 104 28 Adelphi,
1014 1895 52 22 27th
1075 1896 69 26 Aug.,
1155 1898 62 20 1839.

731 1948 238 21 WELLINGTON
984 1950 209 22 EXCHANGE.

667 1980 93 33 rpHE
776 1980 111 21 PUBLIC
905 1988 36 14 are
958 1981 112 23 informed
1085 1982 49 21 that
1149 1983 37 21 the
1202 1988 56 16 ter-
1277 2002 2 3 ,

674 2002 30 25 X
743 2013 80 19 porary
840 2006 83 21 Rooms
937 2006 26 21 of
978 2006 38 22 the
1036 2007 129 22 Institution
1183 2016 38 14 are
1236 2013 22 17 at

667 2032 39 21 the
722 2032 75 21 Stores
814 2032 26 21 of
853 2032 43 22 Mr.
913 2032 94 22 Robert
1023 2033 89 27 Waitt,
1132 2035 73 22 where
1221 2035 37 22 the

666 2058 66 22 latest
743 2058 101 27 English,
854 2059 135 27 Australian,
997 2060 43 21 and
1049 2061 121 22 American
1180 2062 78 22 News-

666 2092 81 20 papers
767 2085 44 22 and
831 2086 130 26 Magazines
980 2087 45 21 will
1045 2088 28 20 be
1092 2087 79 23 found.
1210 2089 46 22 The

667 2112 152 28 Subscription
830 2112 19 22 is
858 2113 41 22 £2.
914 2115 31 19 2s.
956 2121 39 20 per
1009 2121 92 19 annum,
1123 2115 96 27 payable
1234 2117 23 21 in

667 2138 109 23 advance.

861 2166 30 22 G.
906 2166 25 22 B.
948 2167 70 27 Earp,

905 2194 118 22 Chairman
1035 2195 27 21 of
1068 2195 36 21 the
1116 2195 141 23 Committee.

731 2247 240 21 WELLINGTON
988 2249 206 21 EXCHANGE.

668 2280 93 49 THE
777 2281 214 22 PROPRIETORS
1002 2282 26 21 of
1034 2282 37 21 the
1082 2282 177 25 EXCHANGE

744 2314 38 14 are
805 2307 88 22 invited
916 2312 23 17 to
962 2313 59 17 meet
1044 2313 22 17 at
1086 2309 37 22 the
1143 2312 76 21 Stores
1240 2312 24 21 of

667 2334 92 21 Messrs.
771 2334 131 28 Ridgways,
923 2335 103 27 Guyton,
1038 2336 46 21 and
1099 2337 72 27 Earp,
1183 2345 30 14 on
1223 2338 38 21 the

667 2361 40 22 7th
717 2361 26 21 of
750 2361 65 26 April
833 2366 61 22 next,
907 2361 34 22 for
951 2362 37 21 the
1004 2370 94 20 purpose
1115 2364 26 21 of
1155 2364 106 28 adopting

668 2387 68 22 Plans
746 2388 46 21 and
802 2388 121 22 Estimates
933 2389 25 21 of
965 2388 37 22 the
1012 2390 107 21 intended
1129 2391 113 24 Building.

862 2415 29 22 G.
907 2415 25 22 B.
949 2416 70 27 Earp,

908 2442 119 23 Chairman
1038 2443 27 22 of
1072 2444 37 22 the
1119 2444 141 23 Committee.

732 2496 238 21 WELLINGTON
988 2498 207 23 EXCHANGE.

863 2531 36 21 TO
913 2532 159 21 BUILDERS.

670 2564 43 34 Tf
720 2564 154 22 STIMATES
890 2565 45 21 and
950 2565 99 23 PLANS
1065 2573 37 15 are
1113 2568 105 27 required
1228 2568 35 22 for

668 2587 49 25 XL*
739 2590 37 22 the
788 2591 158 23 Wellington
957 2592 135 28 Exchange,
1102 2597 23 18 to
1134 2594 28 21 be
1173 2595 88 21 erected

667 2624 62 20 upon
743 2617 39 22 the
791 2617 42 22 flat
849 2622 23 17 at
889 2618 33 22 Te
936 2620 57 21 Aro.
1021 2620 47 21 The
1085 2620 138 22 dimensions
1239 2622 23 21 of

668 2644 39 21 the
721 2644 114 28 Building,
851 2646 28 21 40
895 2646 46 21 feet
956 2646 23 21 in
997 2646 78 27 length
1089 2647 31 27 by
1136 2649 28 20 22
1179 2648 47 22 feet
1238 2649 22 21 in

667 2670 70 23 front.
765 2671 49 22 The
831 2672 62 21 front
905 2675 23 19 to
943 2673 29 22 be
988 2673 86 27 lighted
1082 2674 55 22 with
1153 2678 44 19 two
1207 2676 54 21 win-

669 2698 68 26 dows,
755 2698 45 22 and
817 2698 120 23 decorated
951 2700 54 22 with
1021 2702 141 27 appropriate
1180 2703 81 21 Archi-

668 2725 96 22 tectural
781 2726 143 22 Ornaments.
954 2727 50 22 One
1013 2727 26 22 of
1052 2727 37 22 the
1099 2728 60 22 sides
1168 2729 55 28 only
1238 2733 21 18 to

668 2752 92 21 contain
777 2752 53 22 four
839 2752 104 23 windows
951 2761 6 19 ;
974 2754 36 21 the
1020 2754 62 22 front
1096 2758 23 18 to
1131 2756 28 20 be
1169 2756 92 22 dressed

668 2778 46 22 and
724 2778 121 28 pannelled
854 2780 50 21 with
913 2780 132 28 thoroughly
1052 2782 110 22 seasoned
1172 2783 86 28 timber,

669 2804 38 22 the
716 2809 47 18 rest
772 2809 23 18 to
809 2806 29 21 be
844 2807 222 27 -'weather-boarded,
1078 2809 53 21 with
1146 2809 39 22 the
1195 2809 65 23 doors

669 2831 27 22 of
703 2832 73 21 cedar.

697 2858 84 28 Apply,
792 2859 31 27 by
831 2859 67 22 letter
912 2860 60 28 only,
984 2863 22 19 to
1021 2862 45 21 Mr.
1078 2862 28 22 G.
1117 2863 27 21 B.
1155 2863 73 28 Earp,
1238 2867 23 18 at

668 2885 33 21 Te
715 2886 56 26 Aro,
789 2893 29 14 on
836 2893 24 14 or
875 2886 76 23 before
967 2888 37 21 the
1021 2888 39 22 6th
1078 2889 26 21 of
1117 2890 64 27 April
1198 2894 61 19 next.

668 2910 48 23 The
736 2912 108 28 Building
859 2913 45 22 will
923 2914 27 21 be
966 2914 104 28 required
1085 2919 24 18 to
1126 2917 28 21 be
1171 2918 90 22 erected

668 2937 163 29 immediately,
843 2940 45 21 and
898 2940 37 22 the
945 2942 133 26 proprietors
1089 2943 29 21 do
1129 2947 40 18 not
1178 2945 80 27 pledge

669 2964 134 23 themselves
814 2970 21 17 to
844 2971 77 23 accept
931 2968 37 21 the
976 2968 78 22 lowest
1063 2970 106 22 Tenders.

685 3022 124 24 UNION.
815 3023 121 21 STEAM
950 3025 88 21 MILL
1054 3026 185 24 COMPANY.
1273 3031 4 18 i

671 3056 145 48 NOTICE
823 3057 21 22 is
859 3056 85 29 hereby
959 3059 74 27 given,
1047 3059 48 22 that
1104 3068 14 14 a
1135 3062 43 21 call
1188 3062 27 21 of
1227 3062 33 22 £2

737 3084 44 21 10s.
792 3091 41 20 per
842 3084 64 22 share
922 3086 40 21 has
974 3086 56 21 been
1047 3087 66 22 made
1129 3088 31 27 by
1171 3088 37 22 the
1218 3089 41 21 Di-

668 3113 85 18 rectors
760 3119 6 18 ;
782 3111 46 22 and
837 3111 38 22 the
891 3111 153 24 shareholders
1060 3121 38 15 are
1108 3116 119 26 requested
1237 3119 23 18 to

668 3143 43 21 pay
722 3137 38 21 the
771 3145 60 14 same
840 3138 49 21 into
898 3139 38 21 the
946 3139 74 22 Union
1031 3140 65 23 Bank
1104 3142 27 21 of
1137 3142 122 28 Australia,

668 3163 77 22 within
756 3171 42 15 one
810 3165 80 22 month
899 3166 57 22 from
967 3166 37 22 the
1014 3166 51 23 date
1075 3168 94 23 thereof.

696 3216 29 3 __.
738 3217 24 7 .
944 3192 28 22 G.
985 3193 24 22 B.
1021 3194 71 27 Earp,
1103 3195 129 23 Chairman.

696 3216 146 28 Wellington,
854 3218 80 22 March
943 3220 20 26 4,
976 3221 59 21 1841.
1274 3220 3 17 :

677 3271 44 20 TO
740 3272 248 23 LANDOWNERS
1011 3276 75 20 AND
1100 3277 151 23 AGENTS,
1275 3268 3 37 j

667 3304 180 48 WANTED
863 3306 29 27 by
904 3306 36 22 the
957 3306 64 24 Land
1037 3310 151 30 Association,
1204 3315 57 20 town

751 3339 63 14 acres
824 3339 22 15 111
858 3333 129 23 favourable
999 3336 125 28 situations,
1136 3339 45 21 and
1194 3345 67 16 terms

668 3366 17 14 11
696 3359 130 21 reasonable
838 3359 43 23 will
891 3366 59 16 meet
958 3361 129 24 immediate
1106 3366 119 23 attention.

778 3386 33 22 R#
819 3386 74 27 Davis,

779 3411 29 23 G.
817 3413 70 28 Scott,
964 3408 12 27 I
993 3416 112 24 Trustees.
1183 3436 10 2 _

777 3439 37 23 W.
821 3441 28 21 A.
858 3440 90 29 Cooper.
957 3437 11 32 J
1179 3436 15 18 *

868 3474 34 23 W.
916 3476 28 22 H.
957 3478 146 29 Bottomley,
1113 3481 120 27 Secretary.

681 3528 233 24 DISSOLUTION
929 3533 43 19 OF
987 3533 260 24 PARTNERSHIP.

668 3561 148 49 NOTICE
837 3562 27 23 IS
887 3563 127 25 HEREBY
1033 3566 109 28 GIVEN,
1160 3568 49 22 that
1223 3568 38 23 the

750 3591 141 27 partnership
910 3592 121 28 subsisting
1049 3594 101 23 between
1170 3603 33 19 us,
1223 3595 37 22 the

668 3615 62 22 Hon.
750 3616 29 21 H.
798 3615 36 23 W.
849 3617 73 26 Petre,
944 3619 46 22 and
1010 3620 25 22 F.
1056 3621 28 22 A.
1107 3622 151 27 Molesworth,

668 3643 89 26 trading
767 3644 102 25 together
878 3648 24 18 at
911 3645 86 28 Petoni,
1014 3647 24 22 in
1058 3648 53 21 Port
1126 3648 132 28 Nicholson,
1275 3658 2 6 ■

668 3676 24 14 as
701 3670 92 26 general
809 3676 85 22 agents,
911 3672 92 28 dealers,
1021 3674 45 22 and
1083 3674 119 28 chapmen,
1220 3676 39 22 has

667 3697 44 21 t.iis
721 3696 44 28 day
775 3697 58 22 been
842 3698 111 24 dissolved
964 3700 27 27 by
1002 3700 84 23 mutual
1103 3707 101 18 consent.

978 3726 22 22 i\
1014 3728 28 22 A.
1056 3728 81 22 Moles
1140 3736 88 21 worth,

977 3753 52 23 Hen
1034 3762 13 13 11
1051 3761 10 15 v
1075 3754 33 22 W.
1121 3755 84 23 Pltre.

668 3777 126 21 Witness—
795 3777 36 22 W.
842 3778 28 23 V.
880 3779 96 28 Brewer,
987 3780 199 30 barrister-at-law,
1202 3783 56 22 New

832 3805 107 23 Zealand.

798 3831 26 22 T.
835 3832 34 21 M.
880 3832 122 28 Partridge.

692 3855 115 29 February
817 3859 34 26 23,
868 3860 59 21 1841.

664 3906 119 48 BILLS
799 3908 39 22 OF
854 3909 125 24 LADING
992 3919 31 15 on
1038 3912 46 22 sale
1102 3916 23 19 at
1136 3913 38 23 the
1185 3914 71 23 Office

743 3934 26 20 of
779 3934 45 22 this
833 3942 76 21 paper.
1270 3938 5 10 '

1397 619 98 21 LAND
1511 621 253 21 DEPARTMENT.

1290 650 91 37 npHE
1393 651 68 23 Court
1470 653 26 21 of
1502 653 112 22 Directors
1625 653 26 22 of
1660 654 37 21 the
1708 654 56 22 New
1775 654 99 22 Zealand

1296 675 29 24 JL
1357 678 116 28 Company
1491 679 85 27 hereby
1595 680 51 26 give
1664 680 82 28 notice,
1766 681 47 22 that
1835 682 38 21 the

1288 703 98 23 uniform
1397 705 59 27 price
1468 706 26 21 of
1506 706 100 28 Country
1621 706 75 23 Lands
1712 708 24 20 in
1753 707 38 22 the
1807 708 67 21 Com-

1287 731 79 27 pany's
1376 731 143 22 Settlements
1529 732 18 21 is
1557 733 68 22 about
1641 736 22 19 to
1675 734 28 21 be
1717 734 115 21 advanced
1851 737 23 19 to

1288 758 138 26 twenty-five
1443 758 100 28 shillings
1560 766 40 20 per
1617 760 70 26 Acre;
1704 760 46 22 and
1765 761 74 21 notice
1855 761 19 21 is

1287 783 83 28 hereby
1379 784 67 26 given
1456 785 149 28 accordingly,
1616 786 49 22 that
1674 787 55 22 such
1740 787 99 22 advance
1851 788 26 21 of

1287 810 60 27 price
1358 810 44 23 will
1412 811 51 22 take
1469 811 63 28 place
1541 812 59 22 from
1609 813 45 22 and
1663 814 57 21 after
1729 814 38 21 the
1778 814 47 21 first
1830 814 44 28 day

1288 837 26 21 of
1320 837 56 27 May
1385 841 64 19 next.

1545 866 34 26 By
1589 866 64 21 order
1663 867 26 21 of
1695 866 37 22 the
1743 867 75 25 Court,

1626 892 21 22 J.
1659 893 105 27 LEWIS,

1461 917 66 23 Chief
1534 918 65 22 Clerk
1609 919 28 22 of
1643 919 36 22 the
1689 919 66 23 Land
1767 920 78 23 Office.

1289 943 63 22 Land
1364 944 78 27 Office,
1453 944 146 28 Wellington,

1316 971 79 21 March
1406 971 59 27 20th,
1477 973 60 20 1841.

1329 1024 43 21 TO
1387 1026 246 22 LANDOWNERS
1647 1028 20 20 &
1682 1028 150 21 AGENTS.

1519 1061 240 26 Surveyor-General's
1769 1061 77 28 Office,

1586 1088 77 22 March
1673 1089 34 25 24,
1723 1090 61 20 1841.

1288 1118 145 48 NOTICE
1456 1120 27 21 IS
1504 1120 128 23 HEREBY
1653 1122 109 25 GIVEN,
1785 1122 48 22 that
1851 1129 24 14 as

1368 1145 37 22 the
1415 1147 55 22 road
1477 1150 22 18 to
1511 1147 89 23 Porirua
1611 1148 17 21 is
1639 1151 39 18 not
1686 1149 23 20 in
1719 1156 12 13 a
1741 1148 134 28 sufficiently

1288 1172 116 22 advanced
1414 1176 56 19 state
1479 1178 20 17 to
1508 1174 78 22 enable
1599 1174 150 23 Landowners
1757 1179 23 17 to
1790 1175 33 22 ins
1835 1180 40 17 iect

1289 1198 36 21 the
1343 1204 101 23 country,
1456 1200 37 21 the
1510 1200 43 28 day
1565 1201 25 22 of
1602 1201 106 22 selection
1719 1202 19 21 is
1752 1202 123 27 postponed

1288 1225 57 22 until
1357 1225 35 22 ihe
1404 1226 47 22 first
1461 1226 115 28 Thursday
1586 1228 22 21 in
1623 1228 60 26 May.

1451 1253 36 22 W.
1502 1254 34 21 M.
1552 1254 106 27 SMITH,
1670 1255 63 27 Capt.
1743 1254 28 22 R.
1776 1255 34 26 A.,

1632 1282 119 26 Surveyor-
1756 1281 105 22 General.

1500 1336 160 20 TENDERS

1289 1367 91 49 ARE
1399 1369 103 27 required
1520 1369 35 21 for
1575 1369 126 27 Thatching
1717 1369 45 22 and
1780 1369 96 28 keeping

1352 1395 22 21 in
1393 1395 83 27 Repair
1486 1395 35 22 the
1536 1396 84 22 Mouses
1632 1395 21 22 in
1672 1397 36 21 the
1720 1396 154 27 Immigration

1289 1421 78 27 Dopdt.
1412 1422 75 27 Apply
1518 1426 23 17 at
1566 1423 36 21 the
1620 1423 69 21 Oflice
1710 1423 26 21 of
1757 1423 36 22 the
1811 1424 68 21 Chief

1291 1448 74 25 Agent
1380 1449 26 21 of
1418 1449 37 21 the
1466 1449 53 21 New
1531 1449 98 21 Zealand
1641 1450 123 27 Company.

1318 1475 144 26 Wellington,
1475 1475 78 22 March
1565 1477 31 24 25,
1610 1477 60 21 IS4I.

1316 1529 254 23 IMMIGRATION
1593 1531 254 21 DEPARTMENT.

1291 1564 204 25 /CLASSIFIED
1515 1564 39 21 list
1570 1565 25 21 of
1614 1565 151 27 Immigrants,
1781 1566 95 27 brought

1291 1592 36 19 V-y
1327 1595 4 8 1
1361 1590 70 26 ought
1440 1594 23 17 at
1473 1591 36 21 the
1520 1598 97 20 expense
1628 1592 25 20 of
1661 1592 37 21 the
1710 1592 54 21 New
1776 1593 99 21 Zealand

1290 1617 121 27 Company,
1423 1618 23 21 in
1457 1616 36 23 the
1505 1618 81 28 barque
1597 1619 60 25 Lady
1664 1620 94 25 Nugent,
1766 1621 41 21 600
1816 1623 58 24 tons,

1290 1644 92 26 Captain
1393 1644 87 27 Santry,
1491 1645 58 21 from
1559 1644 101 23 London.

1589 1672 53 17 Male.
1686 1673 78 17 Female.
1807 1673 58 18 Total.

1317 1690 89 25 Adtilts,
1413 1691 95 22 married
1604 1694 26 20 36
1711 1695 29 20 36
1821 1696 28 20 72

1343 1717 52 28 Do.,
1425 1718 69 27 single
1603 1720 27 21 29
1713 1722 26 20 15
1820 1722 30 21 44

1603 1774 26 21 65
1711 1775 27 21 51
1809 1776 40 20 116

1317 1797 78 23 Under
1406 1800 26 20 14
1441 1806 64 19 years
1515 1799 27 22 of
1548 1807 40 19 age
1602 1811 29 4 —
1711 1812 30 5 —
1822 1803 27 20 83

1506 1853 63 22 Total
1576 1868 3 5 .
1587 1869 6 4 .
1807 1857 43 21 202

1575 1907 83 17 Married.
1698 1908 67 21 Single.
1807 1910 71 21 Total.g

1317 1926 151 26 Agricultural
1484 1927 114 23 labourers
1605 1930 25 19 12
1727 1931 13 21 7
1823 1933 26 19 19

1316 1952 83 22 Bakers
1620 1957 8 19 1
1726 1958 14 20 2
1834 1959 14 19 3

1282 1999 2 6 J
1315 1979 89 21 Brewer
1617 1983 13 19 0
1728 1985 10 20 1
1837 1985 10 20 1

1316 2004 130 28 Bricklayer
1619 2008 9 20 1
1727 2011 13 19 0
1837 2011 9 20 1

1317 2031 144 22 Brickmaker
1619 2035 8 19 1
1726 2038 15 19 o
1837 2037 10 21 1

1316 2058 133 28 Carpenters
1618 2061 12 21 8
1728 2064 10 20 1
1836 2065 13 19 9

1316 2085 86 27 Cooper
1619 2088 9 20 1
1727 2091 14 20 0
1838 2091 9 20 1

1316 2111 104 22 Jeweller
1616 2115 12 20 0
1727 2117 10 20 1
1837 2118 10 20 1

1316 2138 125 23 Labourers
1617 2141 14 21 4
1714 2143 27 21 10
1825 2144 26 21 14

1317 2165 81 22 Mason
1621 2169 5 19 1
1727 2171 15 19 0
1839 2171 9 20 1

1317 2192 77 22 Miller
1620 2196 9 20 1
1728 2197 14 20 0
1839 2198 10 20 1

1317 2218 90 23 Painter
1620 2223 10 20 1
1729 2225 14 19 0
1839 2225 10 20 1
1888 2214 2 21 '

1317 2246 152 26 Rope-maker
1618 2250 14 20 0
1729 2251 11 19 1
1840 2252 10 20 1

1317 2272 94 22 Saddler
1620 2277 13 19 0
1731 2277 10 21 1
1840 2279 11 21 1

1318 2300 89 26 Sawyer
1620 2303 13 20 2
1729 2305 14 19 2
1839 2306 14 20 4

1318 2326 72 22 Smith
1621 2330 11 20 1
1730 2332 14 20 0
1840 2333 11 20 1

1319 2354 95 21 Servant
1621 2357 14 19 0
1730 2358 15 20 2
1839 2359 14 21 2

1319 2380 75 22 Tailor
1621 2383 11 21 1
1732 2385 10 20 1
1840 2386 14 20 2

1319 2406 90 28 Wright
1623 2410 10 21 1
1731 2412 14 20 0
1841 2413 10 21 1

1609 2465 26 20 36
1717 2466 29 20 29
1828 2467 26 21 65

1319 2488 135 27 Sempstress
1733 2493 13 19 8
1842 2495 13 20 8

1320 2514 95 22 Servant
1733 2519 14 21 7
1842 2520 13 23 7

1828 2575 28 21 80

1509 2597 30 22 D.
1555 2597 137 28 RIDDirORD,

1644 2625 139 28 Emigration
1794 2627 85 26 Agent.

1317 2648 146 29 Wellington,
1477 2650 78 23 March
1564 2652 34 25 22,
1609 2653 61 21 IS4I.

1379 2705 255 22 IMMIGRATION
1653 2709 133 21 OFFICE.

1291 2737 28 22 T
1339 2736 62 23 ISTS
1413 2738 26 21 of
1444 2738 75 28 newly
1529 2740 85 21 arrived
1625 2740 146 28 Immigrants
1781 2750 37 15 are
1827 2743 54 28 kept

1289 2763 47 22 JLi
1366 2768 22 18 at
1407 2765 44 22 this
1470 2763 77 29 Office,
1569 2766 72 23 where
1661 2769 84 26 parties
1762 2771 117 27 requiring

1290 2790 112 23 workmen
1414 2799 25 14 or
1454 2796 100 19 servants
1564 2801 42 14 can
1622 2795 88 22 receive
1725 2796 152 28 information,

1289 2818 45 21 and
1351 2818 63 22 those
1431 2822 38 18 out
1483 2820 27 21 of
1520 2820 152 28 employment
1686 2830 43 14 can
1745 2822 57 24 have
1821 2823 59 24 their

1289 2851 78 15 names
1376 2846 128 27 registered,
1517 2854 27 14 on
1557 2848 106 28 applying
1672 2852 22 18 to

1465 2873 94 22 Daniel
1574 2874 138 29 Riddiford,

1616 2902 157 27 Immigration
1791 2905 87 27 Agent.

1316 2927 123 21 Thorndon
1451 2927 72 28 Quay,
1534 2927 145 29 Wellington,

1385 2953 126 23 December
1524 2956 33 25 30,
1573 2956 59 21 IS4O.

1423 3008 213 22 WAKEFIELD
1651 3011 97 21 CLUB.

1289 3041 51 47 A
1355 3040 151 23 GENERAL
1526 3041 144 24 MEETING
1691 3044 27 21 of
1734 3044 37 23 the
1794 3046 84 23 MEM-

1369 3067 77 23 BERS
1456 3068 45 22 will
1511 3069 49 22 take
1571 3069 62 26 place
1644 3074 22 17 at
1677 3070 37 22 the
1725 3072 55 21 Club
1792 3072 85 28 House,

1289 3100 28 16 on
1335 3094 109 28 Monday,
1462 3095 37 22 the
1515 3096 39 21 sth
1562 3097 66 26 April
1643 3101 61 23 next,
1720 3101 23 18 at
1753 3100 26 20 12
1792 3099 87 24 o'clock

1289 3121 117 28 precisely.

1493 3149 145 23 RICHARD
1653 3151 115 27 BAKER,

1623 3177 122 29 Honorary
1753 3179 124 27 Secretary.

1318 3201 145 29 Wellington,
1475 3203 79 22 March
1564 3204 34 26 25,
1610 3205 59 21 1841.

1292 3256 153 48 NOTICE.
1446 3269 28 4 —
1475 3258 94 22 Persons
1578 3258 97 22 desirous
1680 3260 27 21 of
1711 3260 67 27 being
1784 3262 98 21 married

1372 3284 30 26 by
1412 3284 38 22 the
1460 3284 55 22 Rev.
1527 3284 59 22 John
1600 3285 136 25 M'Farlane,
1748 3287 47 22 first
1804 3288 78 22 minis-

1293 3312 32 19 ter
1335 3310 26 21 of
1372 3310 37 22 the
1421 3311 80 22 Scotch
1512 3311 87 22 Church
1609 3312 23 21 in
1648 3312 57 22 New
1715 3314 107 27 Zealand,
1844 3322 37 15 are

1292 3338 117 25 requested
1421 3341 21 18 to
1452 3338 93 26 register
1554 3338 57 22 their
1621 3346 79 15 names
1716 3340 53 22 with
1786 3345 37 18 tne
1840 3349 44 15 un-

1293 3363 121 28 dersigned
1421 3368 23 18 at
1452 3365 67 21 latest
1527 3365 37 22 the
1574 3366 109 27 Saturday
1694 3368 103 26 previous
1813 3371 21 18 to
1844 3369 38 22 the

1292 3397 127 21 ceremony,
1432 3392 21 21 in
1465 3392 64 21 order
1537 3396 22 17 to
1569 3392 160 26 proclamation
1739 3395 21 21 of
1771 3394 71 23 banns
1853 3403 29 14 on

1292 3417 105 22 Sabbath.
1427 3418 95 22 Persons
1531 3418 47 23 also
1588 3419 99 22 desirous
1698 3421 27 22 of
1732 3420 84 29 having
1826 3422 58 22 their

1292 3443 101 23 children
1398 3471 4 6 a
1412 3444 110 28 baptised,
1541 3450 59 17 must
1616 3446 104 27 previous
1736 3448 86 22 thereto
1832 3450 51 26 give

1293 3470 37 22 the
1339 3471 107 28 requisite
1454 3472 144 23 information
1609 3472 22 22 in
1646 3473 67 22 order
1723 3478 22 18 to
1755 3476 94 27 registry
1860 3479 23 18 to

1587 3506 124 22 ROBERT
1721 3507 132 28 STRANG,

1319 3537 104 23 Solicitor
1432 3539 43 22 and
1487 3539 113 27 Registrar
1609 3539 35 22 for
1654 3540 37 21 the
1701 3540 79 23 Scotch
1786 3542 97 22 Church.

1292 3570 226 29 Woollcomb-street,
1528 3573 52 21 24th
1591 3573 79 23 March
1681 3575 60 21 1841.

1433 3625 43 20 to
1492 3612 239 34 carpenters!

1291 3651 72 47 AS
1381 3651 45 21 Mr.
1442 3651 91 23 Grace's
1548 3651 68 22 house
1632 3652 41 21 has
1691 3653 56 21 been
1762 3653 43 22 left
1820 3654 23 22 in
1854 3662 28 15 an

1355 3678 129 22 unfinished
1501 3681 56 19 state
1567 3678 80 27 during
1665 3678 63 23 three
1744 3680 98 27 months,
1853 3681 28 22 lie

1289 3704 44 21 will
1343 3704 28 21 be
1382 3704 74 28 happy
1466 3708 24 18 to
1501 3705 88 21 receive
1597 3705 65 22 ofiers
1672 3706 59 22 from
1742 3706 36 22 the
1788 3707 61 23 trade
1861 3713 23 17 to

1291 3730 66 22 finish
1367 3731 25 22 it.
1423 3731 85 22 Parties
1524 3731 93 27 wishing
1628 3736 22 16 to
1666 3737 102 17 contract
1785 3741 52 17 may
1848 3742 37 14 Fee

1290 3757 58 21 what
1358 3758 98 21 remains
1466 3761 23 18 to
1501 3758 26 21 be
1539 3758 57 22 done
1608 3763 21 16 to
1640 3759 69 21 finish
1719 3759 22 26 it,
1753 3760 30 26 by
1795 3756 85 33 calling

1289 3787 23 18 at
1334 3784 38 22 the
1390 3791 115 21 premises,
1528 3785 105 28 adjacent
1650 3790 22 17 to
1691 3785 37 23 the
1739 3786 48 22 Pali
1805 3787 78 24 Kumii

1289 3810 63 22 Toto.

1290 3864 153 47 NOTICE.
1467 3864 118 27 -Captain
1614 3865 82 28 Santry
1720 3866 43 22 will
1788 3871 40 18 not
1852 3868 28 22 be

1370 3890 138 22 answerable
1517 3892 35 20 for
1562 3899 44 19 any
1617 3892 71 22 Debts
1706 3894 131 23 contracted
1852 3895 30 28 by

1291 3916 35 23 the
1338 3917 62 22 Crew
1412 3918 25 21 of
1444 3918 36 21 the
1491 3918 60 25 Lady
1561 3919 93 25 Nugent.

1318 3942 146 28 Wellington,
1475 3944 80 23 March
1566 3947 33 25 25,
1611 3947 63 21 1841.
