3300 4360
1088 1453 124 19 VISITORS'
1225 1456 62 17 LIST.

1101 1504 82 19 Geyser
1199 1506 76 19 Hotel.

995 1535 105 18 Mesdanie's
1121 1536 73 23 Baylds,
1224 1538 60 24 Eady,
1308 1540 81 18 Victoria
1400 1535 3 27 ;

974 1556 84 23 Lundon,
1077 1558 70 23 Mahor,
1166 1560 81 22 Zohrau,
1270 1562 116 24 Wellington
1400 1556 4 30 ;

972 1581 63 21 Baird,
1042 1579 108 30 Tasmania,;
1165 1583 100 23 Saunders,
1284 1579 120 30 Sutherland]

972 1605 127 20 Palmerston;
1119 1605 81 23 Rayuer;
1218 1608 82 22 Nelson;
1320 1602 84 30 Stanley]

972 1628 89 23 Spender;
1065 1628 95 23 England;
1168 1629 107 24 Cutnmiug,
1285 1631 118 25 Waymouth,

971 1648 104 21 Auc-landi
1108 1652 67 18 Misses
1195 1654 38 21 Fry
1257 1649 34 28 '(•_>),
1315 1655 88 23 Spender,

972 1673 93 23 England;
1081 1675 73 21 Bayles,
1164 1675 89 20 Victoria.
1263 1678 70 19 Messrs
1341 1679 56 19 Jenes

971 1697 101 22 Chalmers,
1098 1698 75 23 Hodgo,
1201 1699 60 23 Eady,
1288 1701 115 23 Weatlierill,

971 1720 70 23 Scully,
1052 1721 87 19 Kitchen,
1150 1722 66 21 Hurlc,
1227 1724 93 20 Victoria;
1335 1725 67 22 Peak'e,

971 1743 28 17 Wi
1021 1741 108 24 Australia;
1156 1745 120 22 Eekenstein,
1303 1740 100 31 England';

971 1766 86 22 Bennett,
1065 1767 83 20 Thames;
1296 1771 106 24 Cuniming,

971 1790 97 19 Harrison;
1081 1790 79 22 Robson,
1167 1792 105 22 Auckland;
1289 1794 61 21 Baird,
1360 1796 45 16 Tasr

971 1813 72 19 mania;
1074 1814 80 21 Zohran,
1183 1816 66 22 Smith,
1277 1813 125 27 Wellington;

971 1836 98 20 Saunders,
1086 1836 115 20 Palmcrstdn
1209 1835 4 24 :
1233 1835 122 23 Friediander
1367 1842 36 17 arid

971 1859 54 21 valet,
1057 1859 107 25 Germany;
1189 1861 106 24 Hoymann,
1321 1865 81 20 Franco;

971 1882 80 23 Eayner,
1061 1883 76 18 Nelson.

1037 1928 86 19 Brest's
1136 1931 111 18 Bathgate
1260 1932 76 18 Hocse.

994 1960 104 18 Mesdamtfs
1107 1961 98 20 McEnnis,
1215 1963 121 24 Wellington;
1348 1965 54 21 Pirie',

971 1984 66 18 Smith,
1056 1983 79 23 Harper,
1147 1985 97 19 Auckland
1255 1983 3 28 :
1288 1987 114 24 Langridge,

970 2007 69 16 Nelson
1050 2012 5 14 :
1060 2007 135 23 Engelbreeht,
1206 2011 17 15 S.
1233 2011 100 19 Australia.;
1343 2011 48 18 Snod-

971 2035 58 16 grass,
1047 2030 97 23 Tatii-aiign
1154 2028 3 28 ;
1173 2028 84 25 Cornish,
1273 2033 114 22 Kiatangiitu
1399 2028 4 28 ;'

971 2053 60 20 Ralfe,
1042 2053 101 22 Taranafei;
1159 2054 108 22 Chambers,
1279 2056 123 24 Cambridge;

973 2075 109 24 Bucktrout,
1098 2076 80 23 Sydney.
1213 2078 64 19 Mdlls.
1295 2080 109 19 Antoinette

970 2099 85 21 Trebelli,
1066 2096 94 24 Vanttour,
1176 2101 76 18 Franco.
1279 2103 66 18 Misses
1361 2103 43 19 Sin-»

971 2122 50 19 olair,
1037 2122 88 23 Graham,
1147 2124 109 22 Auckland,'
1275 2126 80 18 Siddells
1369 2127 33 23 (2).

971 2145 96 21 McEnniS,
1079 2146 120 23 Wellington;
1227 2148 26 18 Dr
1266 2148 79 23 Russell,
1364 2151 32 16 lrcr-

971 2164 44 22 land
1025 2164 3 31 ;
1043 2168 112 19 Lieut.-Col.
1172 2170 91 21 Ellisdon,
1282 2172 120 23 Melbourne;

971 2191 54 17 Revs.
1036 2191 90 22 Binsfeld,
1136 2193 71 22 Napier
1217 2191 3 25 ;
1308 2195 82 18 Rotoi-da
1399 2191 3 25 ;

971 2211 64 26 Major
1042 2214 89 21 Dow'son,
1141 2216 100 23 England;
1261 2217 28 18 Dr
1306 2218 97 22 Leatham,

971 2237 46 17 Now
1038 2235 113 25 Plymouth;
1178 2239 64 24 Major
1259 2240 55 21 Pirie,
1335 2242 71 18 Messrs

971 2260 80 22 Harper;
1068 2261 56 21 Roth,
1140 2261 85 23 Sinclair,
1243 2263 80 22 Russell,
1342 2261 50 22 Auck-

971 2283 54 21 land;
1052 2284 133 23 Engelbreeht,
1208 2287 58 16 South
1295 2288 108 21 Australia;

971 2303 59 24 Price,
1052 2307 51 19 Vert,
1125 2303 100 30 England;
1251 2310 45 17 Cox.
1315 2311 75 22 Sydney
1400 2303 3 30 ;

971 2329 108 21 Chambers,
1095 2330 124 25 Cambridge;
1234 2333 85 18 Cornish.
1336 2334 57 18 Kiata-

971 2353 70 23 ngata;
1056 2353 138 24 Montgomery,
1206 2355 120 24 Dcvbnport;
1346 2357 57 20 Scott,

972 2375 89 18 Pohiatuii
1071 2375 3 25 ;
1089 2376 110 24 Snodgrass,
1211 2379 96 18 Blenheim
1316 2375 3 25 ;
1334 2381 69 19 Evans,

971 2398 165 24 Wolverhampton
1147 2398 3 25 ;
1173 2400 26 19 M.
1220 2402 104 21 Haurwitz,
1343 2404 46 17 Ham-

971 2421 55 23 burg.

1074 2464 57 23 Lake
1131 2464 2 25 1
1143 2470 73 18 House
1227 2472 78 17 Hotel.

995 2500 94 18 Mesdains
1096 2501 126 24 McCullough
1232 2503 38 17 and
1280 2504 125 18 twochildreri

971 2523 110 20 Auckland;
1095 2524 130 23 McWilliams,
1239 2520 80 24 Victoria'
1327 2520 4 27 ',
1346 2524 59 21 Grant

971 2547 36 15 and
1018 2547 37 17 two
1065 2546 89 22 children,
1166 2545 76 22 Galatea
1253 2545 3 23 .
1270 2550 87 17 Beddard
1368 2551 36 16 and

972 2569 49 17 maid
1032 2569 36 18 and
1078 2570 46 17 Miss
1132 2571 93 21 Beddard,
1241 2573 80 17 London
1330 2569 3 23 ;
1352 2574 39 17 Mar-

971 2592 37 22 ley,
1030 2592 115 22 Masterton;
1172 2594 80 20 Balmer,
1275 2595 129 19 Switzerland.

972 2616 50 16 Hon.
1042 2616 26 16 \V.
1094 2616 132 23 McCullough,
1245 2620 70 16 Messrs
1333 2619 70 22 Fratdr,

971 2638 115 21 Bradstreet,
1096 2639 75 21 Forder,
1190 2637 97 23 Auckland
1296 2637 3 27 ;
1323 2642 80 22 Balmer,

971 2661 75 21 Bernet,
1057 2662 126 22 Switzerland;
1195 2664 108 22 Blacldock,
1310 2665 93 19 Schacfcrr.

971 2681 127 26 Wellington;
1194 2688 111 23 Tauranga;
1328 2688 75 23 Soppet,

971 2707 110 22 Hamilton;
1095 2708 80 23 Molony
1182 2710 36 18 and
1228 2717 40 14 son,
1279 2712 125 21 Queensland;

972 2731 57 17 Banc.
1047 2731 89 21 Thames;
1157 2733 129 21 McWilliams,
1307 2735 96 20 Victoria;

972 2752 65 22 Grant,
1048 2754 76 17 Galatea
1133 2752 3 28 ;
1152 2755 30 17 DV
1197 2756 26 18 Le
1241 2757 58 21 Brun,
1316 2758 76 22 Sydney
1399 2752 4 28 ;

971 2776 32 18 Mr
1011 2776 37 18 and
1056 2777 40 18 Mrs
1105 2778 65 23 Parry,
1180 2779 86 18 London.

1103 2825 44 16 Tin:
1160 2825 73 18 La.voir
1235 2831 36 12 am.

995 2850 105 22 Mesdames
1110 2853 73 26 Bibley,
1190 2856 104 24 Waipaw'a;
1309 2858 93 23 Handley,

971 2876 85 24 Pindley,
1068 2877 45 19 Miss
1123 2879 73 19 Brown,
1205 2881 105 17 Auckland.
1335 2882 69 17 Messrs

972 2900 72 22 Bibley,
1060 2901 105 22 Waipawa;
1187 2903 90 22 Handley
1295 2904 33 23 (2),
1347 2905 46 17 Coro-

973 2923 203 23 nmndel;.Spadaciui,
1185 2923 167 27 Murrumbidgeo;
1367 2928 28 17 TJs-

971 2946 43 18 sher
1039 2946 33 23 (.2),
1093 2947 98 21 Duiicdjn;
1218 2947 87 25 Findley,
1326 2950 77 22 Turner,

972 2969 109 20 Auckland;
1096 2970 76 24 Bussey,
1187 2972 130 23 Wellington;
1340 2973 64 23 Corry,-

972 2993 67 19 Smith,
1052 2993 94 22 England.

1107 3039 82 19 Mokoia

995 3070 68 18 Messrs
1082 3070 99 23 Cuminon,
1195 3072 47 17 Now
1260 3073 60 17 South
1329 3074 62 17 Wales
1400 3070 3 24 ;

972 3093 92 21 Simpson,
1075 3094 98 17 Auckland
1181 3093 3 25 ;
1192 3096 75 18 Morris.
1275 3096 128 22 Canterbury,

972 3116 25 16 Pa
1002 3122 22 13 it,
1048 3117 84 20 Timarn;
1148 3118 63 21 Wells,
1226 3119 47 17 Now
1289 3119 114 21 Plymouth;

973 3138 125 23 Kensington,
1107 3140 88 19 Dunedin
1205 3148 5 14 ;
1218 3142 64 22 Sykos,
1293 3138 111 28 Wangarei;

973 3162 67 20 Smith,
1049 3162 119 19 Melbourne.'

974 3221 56 23 THE
1051 3221 56 26 HOT
1126 3221 92 26 LAKES
1237 3221 167 26 CHRONICLE

1158 3263 13 11 AND

1076 3289 106 18 Tourists'
1200 3290 101 22 Journal.

986 3350 142 19 SATURDAY,
1141 3351 145 18 NOVEMBER
1294 3353 29 20 28,
1343 3353 51 16 1896.

996 3407 81 18 Tenders
1086 3408 38 16 will
1130 3408 23 16 be
1159 3408 83 18 received
1256 3408 26 23 by
1291 3408 28 17 Dr
1328 3408 78 18 Grinders

973 3437 25 16 up
1012 3432 20 15 to
1055 3431 43 16 13th
1115 3431 110 20 December',-
1241 3432 30 16 for
1287 3431 119 18 Sanatorium

973 3454 82 22 supplies
1064 3454 30 17 for
1105 3454 32 17 tlio
1143 3454 81 22 ensuing
1237 3460 51 16 year.

996 3485 32 17 Mr
1032 3485 64 17 James
1105 3485 19 17 S.
1130 3485 55 17 Bond
1193 3485 34 18 lins
1239 3486 47 16 boon
1304 3486 100 21 appointed

973 3514 12 11 a
993 3508 83 18 member
1084 3509 20 16 of
1112 3508 32 17 the
1152 3508 102 23 Licensing
1260 3509 111 17 Committee
1377 3509 29 17 for

973 3532 32 17 the
1012 3532 73 17 district
1094 3532 20 16 of
1125 3531 93 18 'VVuikato.

996 3563 32 17 Mr
1045 3563 20 17 C.
1082 3562 57 21 Birss,
1164 3563 138 21 poundkeeper,
1315 3562 67 18 inserts
1396 3570 10 9 a

972 3586 118 17 notification
1105 3586 20 16 in
1141 3586 70 22 regard
1218 3590 20 13 to
1253 3586 82 17 ccrtaian
1344 3586 62 17 liorseS

973 3609 19 17 in
1001 3609 32 17 the
1042 3608 70 23 pound.

997 3640 71 22 Bislicp
1077 3640 78 17 Weidon
1163 3640 93 22 preaclied
1265 3645 23 12 an
1298 3639 107 22 impressive

974 3666 74 15 serfnon
1056 3664 19 16 in
1082 3664 32 16 the
1123 3663 74 18 Church
1215 3663 20 17 of
1252 3662 21 18 St
1285 3662 83 18 Michael
1382 3669 23 10 on

974 3687 77 22 Sunday
1060 3687 88 21 morning
1156 3686 43 18 last,
1209 3686 32 16 the
1255 3685 68 17 Divine
1338 3685 68 17 service

974 3709 58 23 being
1040 3709 103 18 conducted
1152 3709 26 22 by
1187 3709 45 17 Rev.
1242 3709 72 17 Father
1322 3708 72 22 Kreijru-

971 3733 55 22 borg.

997 3765 18 16 It
1024 3764 15 17 is
1048 3763 78 18 notified
1140 3763 20 18 in
1175 3764 80 17 another
1272 3763 75 16 column
1363 3762 43 17 that

973 3787 34 17 thh
1017 3787 63 17 school
1089 3788 61 20 picnic
1157 3787 37 16 this
1204 3792 45 17 year
1256 3786 40 17 will
1304 3785 23 17 bo
1336 3785 69 17 lield-at

973 3810 80 22 Ngatira
1062 3816 23 12 on
1092 3810 39 17 Dec
1148 3810 51 18 17th.
1223 3810 40 16 The
1279 3808 49 18 train
1345 3808 60 18 leaves

972 3833 43 16 here
1025 3835 19 15 at
1053 3834 42 16 5.30
1103 3839 44 11 a.m.
1157 3833 100 21 returning
1269 3832 47 16 from
1325 3831 80 21 Ngatira

972 3857 20 15 at
1001 3856 10 17 3
1020 3862 45 16 p.m.
1091 3856 38 17 The
1137 3857 67 16 return
1216 3857 40 16 fare
1265 3855 30 17 for
1310 3854 63 17 adults
1390 3855 14 16 is

974 3879 17 16 Is
1001 3879 29 20 (id,
1041 3879 82 17 children
1133 3879 30 17 9d.

995 3910 16 16 A
1021 3910 117 22 supplement
1145 3911 20 16 to
1174 3910 33 17 the
1213 3910 116 18 Government
1337 3907 68 19 Gazette

971 3932 47 17 fixes
1027 3933 102 17 December
1137 3933 34 16 3rd
1180 3939 20 11 as
1207 3934 31 17 the
1243 3932 118 17 nomination
1368 3932 36 21 day

971 3956 30 16 for
1009 3956 33 16 the
1058 3957 72 17 eastern
1145 3956 63 18 Maori
1223 3955 89 18 electoral
1324 3955 78 17 district.

971 3978 38 17 The
1018 3979 45 21 poll,
1073 3979 15 16 if
1096 3984 103 18 necessary,
1215 3979 40 17 will
1267 3979 24 16 be
1307 3978 55 17 taken
1380 3983 24 12 on

970 4001 104 18 December
1093 4002 49 17 19th.
1168 4003 17 16 A
1201 4002 33 17 list
1248 4002 20 17 of
1283 4002 32 16 the
1331 4000 73 22 polling

970 4024 62 18 Dlaces
1041 4030 79 17 appears
1129 4026 19 16 in
1157 4026 33 16 the
1201 4026 74 17 Gazette.

1051 4052 61 27 £SO,
1129 4052 60 26 £lO,
1206 4052 57 27 £lO,
1281 4051 42 26 £5.

971 4083 64 18 Given
1046 4090 55 18 away
1113 4084 31 18 for
1155 4090 11 12 n
1178 4084 64 25 single
1251 4089 66 18 gue.-s.
1351 4083 51 19 Send

971 4111 66 22 stamp
1047 4109 32 18 for
1088 4109 120 25 particulars
1218 4110 40 19 and
1273 4109 95 18 circulars
1383 4113 20 14 to

971 4134 44 19 Box
1028 4136 42 22 17G,
1082 4135 22 24 P.
1104 4135 34 24 0.,
1152 4136 132 24 Wellington.

1457 143 16 16 A
1482 145 75 16 concert
1565 144 20 17 in
1594 144 31 17 aid
1643 145 19 16 of
1670 145 32 17 the
1718 145 87 23 building
1820 145 47 18 fund

1433 166 20 16 of
1461 166 32 16 the
1502 166 134 22 Presbyterian
1647 168 81 19 Church,
1738 168 60 17 which
1803 169 15 16 is
1825 175 42 11 now

1434 189 37 16 fast
1486 190 131 23 approaching
1631 190 120 22 completion,
1777 192 39 16 will
1824 192 43 18 take

1432 211 52 22 place
1494 212 18 16 in
1521 213 33 16 the
1563 213 87 17 Pnkeroa
1665 213 47 17 Hall
1729 220 23 10 on
1768 214 99 23 Thurcday

1432 235 81 22 evening
1521 237 52 16 next.
1598 237 26 16 As
1634 237 14 16 it
1660 237 16 16 is
1685 236 90 17 desirable
1784 237 41 17 that
1834 238 33 17 the

1432 257 88 21 building
1528 258 68 18 should
1604 259 23 18 be
1640 259 72 23 opened
1729 260 37 17 free
1775 260 20 17 of
1803 260 45 18 debt
1857 267 10 10 a

1432 281 50 21 good
1490 281 114 19 attendance
1613 283 15 17 is
1637 283 67 17 looked
1714 283 35 17 for.

1456 312 39 16 The
1503 314 94 21 secretary
1613 314 21 16 of
1641 314 32 16 (he
1690 314 98 17 Auckland
1805 315 51 17 Accli-

1421 333 1 26 !
1432 340 18 11 m
1457 335 83 17 itisation
1554 336 75 23 Society
1642 337 73 17 notified
1732 337 41 17 that
1789 337 78 18 licenses

1432 361 21 14 to
1464 358 36 17 fish
1509 359 31 16 for
1547 360 52 16 trout
1608 359 68 18 within
1684 360 32 17 the
1725 360 111 18 boundaries
1845 362 21 16 of

1421 380 1 29 |
1432 380 32 17 the
1479 384 70 20 county
1563 388 35 11 can
1606 382 23 17 be
1638 382 89 17 obtained
1735 384 48 16 from
1797 384 31 16 Mr
1836 384 29 17 W.

1421 404 34 25 jA.
1465 404 97 20 Williams,
1572 406 30 16 for
1610 412 12 10 a
1630 406 28 17 fee
1667 406 21 16 of
1705 406 35 16 10s.
1766 407 38 16 Tue
1818 413 35 16 pen-

1432 427 40 21 alty
1483 427 31 17 for
1529 428 71 22 fishing
1612 429 82 16 without
1711 435 11 11 y.
1740 429 69 17 license
1824 430 16 17 is
1854 436 11 11 a

1421 449 1 18 |
1432 449 60 18 heavy
1500 456 42 11 one.

1455 481 44 17 Tins
1516 483 67 16 week's
1601 483 117 17 Government
1735 484 69 16 Gazette
1820 490 32 12 con-

1432 504 48 16 tains
1488 505 113 21 particulars
1609 506 21 17 of
1638 506 69 17 certain
1723 507 57 19 town,
1795 507 56 17 subur-

1432 526 35 18 ban
1477 527 37 17 and
1523 528 51 17 rural
1583 529 80 17 sections
1672 530 18 15 in
1703 529 84 18 Rotorua
1803 531 59 18 which

1432 550 37 16 will
1479 551 23 16 Ijo
1509 551 70 17 offered
1589 552 29 16 for
1625 552 50 17 lease
1683 552 25 21 by
1716 552 64 22 public
1788 554 74 17 auction

1432 578 23 11 on
1464 573 86 23 January
1559 575 46 19 21st,
1615 577 21 15 at
1644 575 33 17 the
1685 575 116 17 Courthouse
1813 577 49 17 here.

1431 596 38 17 The
1486 597 106 18 conditions
1608 598 21 17 of
1644 598 49 17 lease
1709 604 31 11 are
1756 599 71 17 similar
1843 601 19 16 to

1431 618 53 18 those
1493 620 20 16 of
1521 620 37 17 last
1565 626 51 17 year.

1454 650 69 18 Messrs
1531 651 52 18 John
1592 652 16 17 I.
1618 652 72 22 Philips
1699 653 37 16 and
1742 653 40 20 Co.,
1790 654 72 23 mining

1431 673 102 22 engineers,
1544 675 106 21 Auckland,
1659 676 48 17 have
1721 676 40 22 just
1774 677 62 17 issued
1852 684 10 11 a

1431 697 78 17 circular
1517 697 101 19 addressed
1626 700 20 15 to
1655 699 33 17 the
1700 699 89 18 directors
1802 701 20 16 of
1830 701 32 17 the

1431 719 73 17 various
1513 721 46 21 gold
1573 721 74 23 mining
1661 723 106 21 companies
1783 722 79 23 offering

1430 742 129 19 inducements
1568 744 19 16 in
1596 745 67 21 regard
1681 747 19 15 to
1714 745 32 17 the
1761 746 101 22 periodical

1431 765 103 22 inspection
1544 767 19 17 of
1571 767 49 17 their
1634 768 103 22 properties
1751 769 61 17 which
1827 776 35 11 can

1430 789 82 19 scarcely
1521 789 33 17 fail
1563 791 19 16 to
1592 791 99 17 command
1699 792 99 16 attention.

1453 821 17 16 A
1479 827 49 12 mass
1537 822 83 23 meeting
1629 824 38 16 will
1679 824 43 16 take
1730 824 53 22 place
1791 831 25 11 on
1830 825 32 17 the

1430 843 86 18 Pukeroa
1533 845 79 17 Reserve
1630 853 23 10 on
1671 846 116 23 Wednesday
1803 848 50 17 after-

1429 872 49 11 noon
1487 869 46 16 next
1547 869 29 16 for
1590 869 32 17 the
1636 875 81 17 purpose
1733 871 19 16 of
1769 867 93 27 affording

1430 890 31 16 the
1470 890 63 21 public
1544 897 23 11 an
1576 893 124 21 opportunity
1713 893 30 17 for
1756 893 106 24 discussing

1430 912 31 17 the
1469 915 75 20 present
1555 915 95 18 condition
1660 916 21 17 of
1689 916 32 17 the
1729 916 133 22 liceusinglaw

1429 935 19 17 in
1468 937 47 15 view
1538 938 20 16 of
1578 938 32 17 the
1632 939 127 21 forthcoming
1775 939 85 19 election.

1429 958 69 18 Messrs
1506 960 65 21 Brent,
1582 961 51 18 Reed
1646 962 37 16 and
1696 962 74 18 Seddon
1784 969 31 11 are
1829 965 32 15 the

1429 987 107 12 conveners.

1453 1011 16 16 A
1486 1011 83 18 farewell
1586 1012 59 18 dance
1661 1019 38 10 was
1716 1013 54 21 given
1786 1013 27 22 by
1829 1015 31 16 the

1429 1033 83 18 Rotorua
1522 1035 91 17 Amateur
1622 1036 97 17 Dramatic
1728 1036 48 17 Club
1793 1039 20 14 to
1829 1038 31 16 the

1429 1056 66 18 Misses
1508 1058 70 17 Martin
1589 1059 37 16 and
1635 1059 112 17 McFarlane
1763 1065 24 11 on
1803 1060 43 17 Mon-

1429 1079 36 22 day
1481 1081 82 23 evening
1578 1081 38 16 lawf.
1632 1084 19 13 nf
1660 1082 33 15 the
1707 1082 84 17 Pu-eroa
1808 1083 51 17 TTa.ll.

1428 1102 58 18 There
1503 1109 39 12 was
1558 1111 10 10 a
1577 1104 54 23 large
1646 1105 113 17 attendance
1773 1106 38 17 and
1827 1107 33 17 the

1428 1127 37 16 two
1474 1132 66 17 young
1547 1127 64 19 ladies,
1622 1128 43 17 who
1681 1128 96 22 acquitted
1793 1129 51 17 them-

1427 1149 59 17 selves
1495 1156 19 10 so
1523 1150 105 22 creditably
1636 1151 19 16 in
1665 1151 32 16 the
1710 1153 63 15 recent
1787 1152 63 22 perfor-

1428 1178 64 11 mance
1500 1173 21 17 of
1526 1173 33 18 the
1568 1174 125 20 Shaughraun
1701 1175 83 17 received
1792 1182 11 10 a
1813 1177 47 15 most

1427 1196 123 17 enthusiastic
1582 1197 45 16 send

1451 1223 65 18 Millie.
1527 1224 85 19 Trobelli,
1628 1224 31 18 the
1677 1224 137 23 distinguished
1830 1232 20 10 so-

1427 1252 65 15 prano,
1502 1247 37 17 and
1548 1247 96 23 daughter
1652 1248 21 16 of
1678 1247 88 18 Madame!
1770 1249 90 17 Trebelli-

1427 1269 71 17 Bettini
1510 1276 21 11 so
1539 1270 74 18 famous
1623 1277 24 10 on
1661 1271 33 16 the
1708 1271 83 22 operatic
1807 1273 54 21 staple

1428 1292 52 18 when
1491 1292 31 18 the
1531 1294 59 17 world
1599 1299 38 12 was
1646 1299 85 17 younger
1739 1296 20 15 to
1776 1296 49 16 most
1840 1296 20 16 of

1428 1321 26 13 us,
1469 1316 74 17 arrived
1555 1317 18 16 in
1589 1317 17 17 It
1607 1323 11 11 o
1619 1318 42 16 torn
1663 1323 12 11 a
1690 1317 48 17 from
1755 1318 64 22 Taupo
1836 1324 24 12 on

1427 1339 104 22 Thursday.
1564 1339 66 18 Mdlle.
1652 1339 79 18 Trebelli
1750 1340 17 17 is
1786 1346 62 12 accom-

1427 1362 68 20 panied
1503 1362 26 21 by
1538 1363 65 17 Mdlle.
1609 1363 96 18 Yaudour,
1713 1363 37 17 and
1757 1364 34 17 her
1795 1367 65 19 agent,

1427 1384 31 17 Mr
1466 1385 72 17 Martin
1546 1386 106 21 Haurwitz,
1661 1386 37 17 and
1707 1386 32 17 '.lie
1753 1390 56 19 party
1817 1388 44 16 toolc

1428 1413 24 16 up
1473 1408 49 17 their
1538 1410 85 21 quarters
1638 1411 20 15 at
1675 1409 74 17 Brent's
1766 1410 95 21 Bathgate

1427 1430 71 18 House.
1524 1432 32 17 Mr
1564 1432 99 17 Ilaurwitz
1673 1433 49 16 went
1731 1438 22 11 on
1769 1435 19 14 to
1796 1430 52 21 Auck-

1427 1453 45 18 land
1480 1456 100 20 yesterday
1590 1456 88 20 morning
1688 1456 30 16 for
1732 1456 32 17 the
1780 1462 81 16 purpose

1426 1478 21 15 of
1454 1478 105 23 arranging
1567 1478 30 17 for
1604 1484 12 11 a
1625 1478 52 18 short
1686 1478 55 18 series
1750 1479 20 17 of
1776 1481 85 16 concerts

1427 1501 20 16 to
1455 1500 57 22 begin
1520 1501 59 17 about
1592 1502 103 16 December
1705 1502 38 17 Ttli:

1450 1531 39 18 The
1496 1532 42 18 first
1546 1533 89 22 open-air
1651 1534 75 16 concert
1734 1533 19 17 of
1771 1534 31 17 the
1819 1540 31 11 sea-

1427 1560 32 11 son
1470 1555 45 17 took
1523 1556 53 21 place
1585 1556 17 16 in
1612 1556 34 17 the
1652 1556 119 18 Sanatorium
1778 1557 83 22 grounds

1426 1577 37 17 last
1472 1577 62 23 night,
1545 1579 54 16 when
1616 1579 54 17 there
1684 1585 38 11 was
1734 1586 11 11 a
1763 1580 52 22 large
1823 1581 38 16 and

1427 1600 68 23 highly
1503 1602 127 22 appreciative
1638 1602 95 17 audience.
1757 1603 39 17 The
1805 1604 56 17 Brass

1427 1624 52 17 Band
1489 1625 69 17 turned
1567 1626 33 16 out
1609 1626 19 16 in
1639 1625 36 17 full
1684 1625 55 20 force,
1757 1626 37 17 and
1813 1627 48 17 after

1426 1647 79 22 playing
1514 1649 38 15 two
1562 1654 21 10 or
1591 1648 53 17 three
1652 1649 21 15 of
1685 1648 49 17 their
1743 1649 80 17 choicest
1832 1656 19 10 se-

1427 1670 78 17 lections
1514 1671 29 16 Dr
1552 1671 85 20 Ginders,
1647 1671 43 17 who
1705 1671 90 23 presided,
1808 1673 53 17 made'

1426 1699 11 10 a
1447 1694 35 16 few
1491 1694 121 22 appropriate
1620 1694 101 21 inaugural
1733 1696 88 17 remarks.
1845 1692 13 21 A

1426 1722 46 16 very
1496 1718 100 16 attractive
1620 1723 120 16 programme
1761 1724 38 12 was
1816 1719 44 17 (hen

1427 1741 48 15 most,
1484 1740 101 19 efficiently
1591 1741 73 18 .carried
1674 1742 38 18 out,
1724 1741 40 17 Mrs
1781 1742 77 20 Wilson,

1426 1763 37 16 and
1472 1763 69 17 Messrs
1551 1764 98 19 Williams,
1659 1764 55 17 Cross
1731 1764 26 23 (2)
1776 1765 84 20 Samson,

1427 1785 65 22 Mayes
1501 1786 37 17 and
1547 1786 79 18 Holmes
1635 1786 68 21 taking
1710 1789 49 20 part,
1776 1788 37 17 and
1828 1788 33 17 the

1426 1809 53 16 Band
1489 1809 80 22 playing
1578 1813 19 13 at
1609 1810 96 17 intervals.
1740 1810 86 18 Pressure
1837 1818 23 10 on

1426 1837 34 11 our
1468 1838 55 16 space
1532 1833 71 17 forbids
1610 1839 11 11 a
1632 1838 50 12 more
1689 1833 93 18 extended
1791 1834 69 18 notice.

1449 1863 24 17 At
1483 1864 32 16 the
1530 1865 83 20 meeting
1630 1865 20 17 of
1665 1865 31 16 the
1713 1865 66 17 Crown
1797 1865 64 18 Lands

1426 1886 60 17 Board
1497 1887 44 17 hold
1549 1888 18 16 in
1583 1887 97 18 Auckland
1689 1893 23 11 011
1722 1888 86 22 Tuesday
1824 1889 36 17 last

1426 1908 109 23 (according
1543 1912 20 15 to
1572 1910 32 17 the
1614 1910 70 17 Ilertild
1691 1911 71 23 report)
1768 1917 23 11 an
1799 1912 51 22 appli-

1426 1933 61 16 cation
1497 1939 38 11 was
1543 1933 85 18 received
1641 1934 30 17 for
1686 1939 23 11 an
1727 1934 51 18 hotel
1790 1935 34 17 site
1841 1937 19 15 sit

1426 1955 99 23 Waiotapu
1534 1957 66 21 Valley
1614 1957 48 17 from
1671 1957 67 17 Messrs
1745 1957 73 18 liuss'ell
1823 1958 38 17 and

1426 1979 103 21 Campbell,
1539 1986 23 11 on
1569 1980 66 18 behalf
1639 1981 20 17 of
1666 1981 30 16 Mr
1703 1981 75 18 Nelson.
1792 1983 69 17 Messrs'

1425 2002 136 18 Mackenchnic
1573 2004 38 17 and
1628 2004 108 19 Nicholson,
1754 2005 64 21 acting
1832 2006 29 17 for

1426 2025 31 17 Mr
1465 2026 84 19 Nathan,
1567 2026 95 23 produced
1680 2033 11 11 a
1707 2028 90 21 telegram
1813 2029 47 17 from

1426 2049 32 16 the
1479 2049 93 21 Surveyor
1583 2059 7 4 -
1600 2049 80 18 General
1707 2052 153 21 recommending

1426 2072 42 16 that
1477 2072 48 17 lease
1535 2073 23 17 be
1567 2073 81 21 granted
1662 2073 60 17 under
1734 2075 71 16 section
1819 2077 39 15 242.

1426 2094 93 19 Resolved
1532 2097 20 16 to
1569 2096 118 17 recommend
1705 2098 92 22 granting
1812 2098 49 18 lease'

1426 2118 60 16 under
1494 2119 70 17 section
1574 2120 40 18 242,
1622 2119 49 17 lease
1680 2120 28 16 for
1718 2120 21 17 30
1747 2126 60 15 years,
1817 2127 43 12 area

1426 2146 54 12 seven
1490 2147 56 15 acres,
1557 2144 42 15 rent
1608 2141 38 18 £l2
1664 2142 29 17 for
1711 2144 19 16 14
1745 2149 60 16 years,
1823 2144 38 18 £24

1426 2164 30 16 for
1466 2162 26 21 12,
1503 2165 36 16 and
1551 2165 37 17 £IS
1599 2166 29 17 for
1638 2167 20 16 12
1673 2171 58 15 years,
1748 2167 45 17 with
1809 2167 52 21 right

1426 2187 20 16 of
1454 2188 82 17 renewal
1545 2189 28 16 for
1583 2194 23 11 an
1615 2188 104 18 additional
1729 2190 21 16 27
1757 2195 59 16 years,
1825 2192 35 16 etc.

1451 2218 24 17 At
1492 2219 32 16 the
1538 2221 160 16 commencement
1716 2220 19 17 of
1744 2221 32 16 the
1792 2222 69 17 tourist

1426 2247 65 11 season
1501 2242 15 16 it
1525 2242 15 17 is
1546 2242 113 21 interesting
1665 2244 19 15 to
1692 2245 44 14 note
1743 2244 31 16 the
1783 2246 78 15 amount

1426 2264 21 16 of
1456 2270 68 16 money
1533 2265 98 22 expended
1639 2261 69 26 locally
1716 2266 25 22 by
1750 2267 32 17 the
1798 2268 62 17 hotels

1426 2287 44 17 here
1493 2288 50 17 since
1567 2289 49 16 their
1645 2289 152 19 amalgamation.
1823 2291 38 17 The

1427 2316 53 15 gross
1489 2313 78 15 amount
1577 2312 14 16 is
1600 2311 70 22 £3,350
1684 2313 30 15 15s
1733 2312 23 17 2d
1765 2314 96 21 expended

1426 2333 19 16 in
1455 2339 62 16 wages
1526 2340 24 11 an
1557 2334 5 17 1
1572 2334 59 19 labor,
1641 2335 98 21 groceries,
1746 2337 114 21 vegetables,

1426 2358 61 20 meat,,
1493 2357 83 22 poultry,
1593 2357 89 18 firewood
1699 2360 77 21 cartage
1793 2360 37 17 and
1839 2366 21 11 so

1427 2385 29 11 on.
1482 2379 38 18 The
1531 2381 64 21 period
1604 2381 76 17 covered
1690 2381 27 20 by
1725 2382 51 17 these
1792 2383 69 22 figures

1427 2402 43 17 does
1479 2404 34 16 not
1522 2404 70 17 extend
1600 2410 45 11 over
1653 2411 12 10 a
1675 2404 33 17 full
1726 2410 50 16 year,
1792 2412 20 11 as
1821 2407 15 16 it
1846 2407 15 16 is

1427 2425 45 22 only
1480 2427 84 22 recently
1573 2427 42 17 that
1625 2429 37 15 two
1672 2428 19 16 of
1702 2428 31 16 the
1742 2428 61 18 hotels
1814 2429 47 17 have

1427 2454 51 11 come
1490 2449 59 17 under
1565 2450 32 16 the
1614 2456 51 11 same
1681 2451 79 17 control.
1785 2452 76 22 During

1426 2472 33 17 the
1467 2474 48 15 next
1533 2473 67 16 twelve
1614 2473 77 18 months
1706 2474 16 17 it
1728 2474 25 22 ,is
1771 2475 90 22 expected

1426 2495 43 17 that
1478 2495 32 17 the
1519 2501 40 12 sum
1569 2496 98 22 expended
1682 2493 70 26 locally
1767 2498 25 20 by
1809 2499 52 16 these'

1426 2517 68 17 houses
1503 2519 38 16 will
1550 2521 78 15 amount
1637 2521 19 15 to
1671 2520 129 22 considerably
1818 2527 43 12 over

1427 2540 75 17 £o,ooo'.

1450 2573 39 16 The
1497 2574 55 17 Usrial
1561 2574 86 22 monthly
1656 2574 76 22 sittings
1741 2575 20 17 of
1769 2575 33 17 the
1812 2576 48 17 S.M.

1427 2595 58 18 Court
1495 2597 44 16 took
1549 2597 53 21 place
1611 2603 22 10 on
1644 2597 71 18 Friday
1728 2598 42 19 last,
1786 2599 63 18 Lieut.
1853 2609 8 3 -

1427 2618 39 18 Col.
1477 2619 80 17 Roberts
1565 2620 103 21 presiding,
1682 2621 53 17 when
1744 2622 32 16 the
1786 2622 64 17 follow-

1426 2641 35 23 ing
1469 2648 50 12 cases
1530 2648 47 11 were
1586 2643 87 22 disposed
1679 2644 119 18 ofJames
1806 2645 55 17 Head

1426 2670 18 11 v.
1462 2664 72 19 Robert
1551 2665 58 18 Scott.
1635 2667 44 16 This
1696 2672 37 12 was
1750 2674 23 11 an
1790 2669 72 17 assault

1427 2693 41 12 case
1477 2688 37 17 and
1523 2688 93 22 although
1623 2690 32 17 the
1662 2689 102 18 defendant
1769 2691 92 18 admitted

1426 2711 82 21 striking
1517 2712 33 17 the
1558 2712 84 22 plaintiff
1649 2713 32 17 the
1691 2713 86 18 evidence
1784 2716 50 16 went
1840 2716 20 16 to

1427 2734 51 17 show
1487 2735 44 16 that
1538 2735 15 17 if
1562 2741 38 11 was
1609 2735 61 17 under
1681 2737 127 17 considerable
1816 2744 33 15 pro-

1426 2758 93 16 vocation.
1545 2758 16 17 A
1571 2759 50 18 srood
1630 2759 42 17 deal
1680 2760 20 16 of
1708 2759 45 18 time
1760 2766 37 11 was
1805 2766 44 13 occu-

1426 2779 44 22 pied
1483 2786 18 11 m
1519 2781 33 17 the
1565 2781 80 22 hearing
1662 2782 36 17 and
1716 2782 32 17 the
1765 2789 41 11 case
1823 2790 38 11 was

1426 2804 109 21 eventually
1550 2804 102 18 dismissed.
1678 2805 29 17 On
1722 2804 32 19 the
1763 2806 41 18 civil
1822 2807 39 17 side

1428 2826 47 17 Alifa
1483 2827 29 16 Wi
1525 2827 77 18 Karaka
1619 2828 103 22 proceeded
1738 2830 76 20 against
1830 2831 29 16 W.

1427 2848 78 18 Corbett
1522 2851 30 16 for
1568 2851 32 19 ±','3,
1619 2850 80 22 damage
1715 2853 19 15 to
1746 2852 47 22 dray
1811 2853 49 17 axle.

1426 2871 106 22 Judgment
1541 2879 38 12 was
1588 2874 56 22 given
1655 2874 30 17 for
1698 2874 102 18 defendant
1814 2876 47 17 with

1426 2896 49 16 costs
1485 2895 22 17 £l
1519 2893 21 20 (is
1549 2897 29 17 fid.
1604 2897 21 17 C.
1635 2897 51 17 Birss
1695 2898 45 17 sued
1757 2899 53 17 three
1826 2906 24 10 na-

1426 2918 47 17 tives
1482 2918 61 18 fori]
1562 2918 30 26 12s
1609 2920 30 17 for
1656 2926 31 11 use
1705 2921 19 16 of
1739 2921 68 23 buggy
1823 2923 38 17 and

1426 2940 22 18 dr.
1452 2947 27 11 inn
1484 2947 22 15 go
1515 2944 19 14 to
1544 2943 82 17 harness.
1652 2944 17 15 A
1677 2944 71 17 verdict
1757 2951 38 10 was
1805 2946 55 17 driven

1427 2968 29 12 tor
1465 2964 83 22 plaintiff
1555 2966 30 16 for
1595 2966 30 17 19s
1637 2966 24 17 3d
1675 2967 45 17 with
1737 2967 58 17 Court
1812 2970 50 16 costs

1428 2988 5 15 l
1443 2988 15 15 is
1467 2987 37 18 and
1513 2988 129 22 interpreter's
1651 2990 28 16 fee
1689 2989 24 17 £1
1724 2991 19 16 0s
1753 2991 29 17 Gd.

1555 3020 17 17 A
1580 3019 88 19 LARGE
1678 3021 53 17 HAT

1426 3071 38 17 For
1470 3073 89 20 morning
1567 3078 50 11 wear
1625 3073 15 17 is
1649 3074 35 16 riot
1692 3079 96 17 necessary
1805 3076 55 17 when

1426 3094 77 19 Wolfe's
1525 3095 98 23 Schnapps
1639 3097 15 16 is
1661 3096 57 18 taken
1730 3103 22 11 as-
1767 3104 11 10 a
1794 3099 56 22 night-

1426 3123 40 16 cap.

1533 3173 132 19 ELECTION
1675 3173 80 20 NEWS.

1450 3219 32 17 Mr
1498 3220 82 17 William
1598 3220 58 22 Kelly
1672 3221 99 19 addressed
1786 3223 33 18 the
1835 3224 27 17 To

1487 3243 78 17 electors
1574 3243 19 17 in
1602 3243 33 17 the
1644 3243 78 18 Mission
1731 3245 46 17 Hali
1785 3248 24 15 oh
1819 3243 32 21 Fri-

1428 3267 37 20 day
1473 3266 20 15 of
1500 3266 36 17 last
1545 3268 52 15 week
1613 3267 33 16 Mr
1656 3267 66 22 Henry
1741 3270 69 17 Vercoe
1828 3271 22 16 be-

1428 3288 33 22 ing
1478 3288 101 18 chairman.
1604 3290 61 17 There
1680 3296 39 11 was
1735 3297 10 10 a
1761 3292 53 23 large
1831 3295 20 15 at-

1428 3311 97 19 tendance',
1535 3313 32 15 the
1576 3312 59 18 ladies
1644 3313 57 22 being
1710 3314 16 16 in
1744 3316 55 20 great
1804 3316 56 17 force.

1428 3334 31 16 Mr
1467 3334 74 22 Ivelly'S
1549 3334 76 19 address
1641 3342 38 11 was
1694 3342 11 11 a
1715 3342 70 12 resume
1795 3339 19 16 of
1830 3339 30 17 bis

1428 3356 76 19 address
1519 3358 20 16 in
1548 3358 106 21 Tauranga.
1688 3359 30 16 He
1731 3366 36 11 was
1783 3362 66 17 accord-

1428 3379 23 17 ed
1459 3386 11 10 a
1479 3380 112 18 unanimous
1599 3383 44 16 vote
1651 3382 21 17 of
1679 3382 70 18 thanks
1755 3384 38 17 and
1802 3386 49 15 confi-

1428 3402 64 18 dence.

1452 3426 16 16 A
1477 3426 90 22 telegram
1578 3427 49 17 from
1632 3425 116 20 Whakatane
1755 3431 57 16 states
1819 3432 42 16 that

1428 3448 31 17 Mr
1473 3448 73 23 Kelly's
1568 3450 84 22 meeting
1666 3450 52 18 there
1734 3458 25 10 on
1774 3452 86 23 Monday

1428 3471 56 21 night
1510 3474 40 15 was'
1566 3479 12 11 a
1597 3474 54 20 great
1669 3480 76 11 success.
1778 3476 32 16 Mr
1837 3478 23 16 R.

1428 3494 76 19 Wrinrht
1512 3501 38 11 was
1559 3496 19 16 in
1592 3496 33 17 the
1638 3496 56 20 cliair,
1710 3497 36 17 and
1763 3505 11 10 a
1782 3500 43 16 vote
1842 3500 20 17 of

1428 3517 107 18 confidence
1544 3524 38 11 was
1592 3520 72 15 carried
1672 3520 25 21 by
1705 3526 12 11 a
1723 3521 95 21 majority.

1451 3540 32 16 Air
1491 3541 28 17 W.
1530 3541 56 22 Kelly
1595 3542 77 22 writing
1683 3543 46 17 from
1743 3544 118 19 Whakatane

1428 3568 24 11 on
1463 3563 30 17 (he
1503 3565 41 16 21st
1557 3566 59 15 states
1630 3565 42 17 that
1688 3566 25 16 all
1722 3567 28 17 his
1767 3568 92 21 meetings

1429 3586 49 17 since
1486 3586 76 23 leaving
1578 3587 86 18 Rotorua
1677 3588 48 18 have
1741 3589 47 18 been
1800 3592 19 16 of
1829 3592 32 16 the

1430 3610 47 16 most
1510 3610 120 23 satisfactory
1671 3611 102 19 charaetor.
1835 3615 26 17 At

1586 3634 24 16 he
1627 3634 64 20 state's,
1729 3641 32 16 my
1778 3638 83 21 meeting

1428 3660 38 11 was
1475 3661 52 11 more
1535 3653 37 20 like
1581 3662 10 11 a
1599 3657 85 22 meeting
1692 3658 20 16 of
1719 3659 87 18 relatives
1814 3661 47 17 than

1428 3678 104 22 apolitical
1621 3680 38 17 The
1665 3681 73 18 settlors
1743 3688 56 16 every
1800 3683 60 17 whore

1428 3701 51 17 have
1487 3701 47 17 been
1543 3704 49 15 most
1600 3702 106 23 hospitable
1715 3705 37 16 and
1760 3705 32 17 Mr
1801 3706 57 22 Kelly

1428 3724 15 16 is
1451 3723 83 18 satisfied
1550 3725 42 17 that
1609 3726 24 16 lie
1642 3726 16 17 is
1667 3727 59 22 going
1734 3728 20 17 to
1779 3729 40 21 pull
1835 3730 27 17 off

1428 3746 32 17 the
1476 3747 79 17 election
1572 3749 46 16 with
1626 3755 12 11 a
1654 3750 94 23 sweeping
1764 3752 96 22 majority.

1427 3770 32 16 Mr
1466 3770 59 22 Kelly
1542 3771 52 17 takes
1611 3772 99 22 exception
1719 3775 19 15 to
1747 3780 34 11 our
1798 3777 63 20 report

1428 3793 19 16 of
1456 3792 28 17 his
1491 3793 85 18 Rotorua
1583 3795 85 22 meeting
1676 3796 38 17 and
1720 3799 67 15 asserts
1797 3798 42 17 that
1846 3799 14 16 it

1427 3821 38 11 was
1473 3817 33 16 the
1515 3822 35 12 one
1559 3818 20 16 of
1585 3817 33 18 the
1626 3817 42 18 best
1678 3819 92 23 meetings
1778 3821 24 16 he
1818 3827 43 11 ever

1426 3838 45 17 hold
1479 3838 45 18 here
1531 3840 38 17 and
1578 3841 43 16 that
1628 3841 16 16 it
1653 3847 38 11 was
1705 3845 50 14 most
1770 3844 76 17 enthusi-

1427 3861 46 17 astic
1482 3862 17 16 in
1510 3863 54 17 favor
1569 3864 20 16 of
1597 3864 32 16 the
1639 3864 132 19 Government.

1450 3885 32 16 Mr
1490 3885 28 17 W.
1529 3885 24 17 H.
1569 3887 77 17 Herries
1664 3887 99 19 addressed
1779 3895 11 11 a
1807 3890 53 21 large

1426 3907 84 23 meeting
1519 3910 20 15 at
1552 3909 78 22 Opotiki
1644 3910 36 17 last
1694 3911 85 23 Monday
1794 3909 63 21 ni'Hit.

1428 3930 15 16 A
1451 3927 49 24 good
1510 3937 57 17 many
1576 3932 58 18 ladies
1644 3939 49 11 wore
1714 3937 81 19 present.
1814 3928 46 25 °He

1426 3953 58 21 spoke
1498 3955 20 15 at
1527 3956 127 17 considerable
1670 3956 73 22 length,
1769 3960 88 21 strongly

1426 3976 103 23 criticising
1540 3978 33 17 the
1589 3980 76 20 present
1679 3979 127 19 Government
1821 3982 39 18 and

1425 3999 29 16 bis
1468 4000 91 18 audience
1575 4007 48 11 were
1633 4002 47 17 with
1695 4003 46 17 him.
1772 4004 36 17 His
1825 4005 23 17 ad-

1426 4022 51 17 dress
1487 4028 38 12 was
1534 4029 22 11 on
1566 4024 33 17 the
1607 4030 51 12 same
1666 4025 47 17 lines
1730 4033 20 10 as
1766 4026 94 19 delivered

1426 4046 20 16 at
1468 4045 55 17 other
1539 4048 79 16 centres.
1651 4049 17 15 A
1691 4049 67 23 hearty
1775 4052 44 16 vote
1839 4052 21 16 of

1427 4068 67 17 thanks
1504 4075 37 10 was
1551 4070 72 21 passed.

1449 4091 38 17 The
1496 4092 75 17 various
1586 4093 75 23 polling
1675 4094 63 21 places
1754 4096 106 24 througout

1426 4114 37 25 Ihi_s
1472 4114 73 18 district
1554 4116 48 17 have
1611 4116 47 17 been
1672 4117 46 22 duly
1726 4119 77 17 notified
1821 4120 38 17 and

1426 4137 69 22 Friday
1503 4140 47 15 next
1564 4139 94 21 promises-
1669 4141 20 16 to
1697 4141 23 16 be
1729 4148 11 10 a
1749 4142 49 22 busy
1814 4142 44 22 day.

1892 146 23 17 Tn
1923 146 84 17 Rotorua
2015 146 33 17 the
2057 145 75 21 polling
2140 144 38 17 will
2187 143 45 18 take
2242 143 53 22 place
2305 143 18 17 in

1890 168 33 18 the
1932 169 59 18 Court
2003 169 56 16 hou.c
2072 173 21 11 as
2103 168 60 17 usual.
2199 166 95 17 Mamaku.
2309 167 14 16 is

1890 194 35 15 not
1932 192 87 18 included
2028 192 18 16 in
2056 191 33 17 the
2095 191 31 16 list,
2140 190 21 17 of
2174 190 74 22 polling
2262 189 61 22 places

1890 215 73 21 though
1973 215 16 17 it
1998 221 36 10 was
2044 214 48 22 fully
2099 213 117 17 understood'
2228 213 42 16 that
2278 213 45 17 such

1889 238 64 17 ■=rould
1961 238 23 17 be
1993 238 32 16 the
2033 243 46 11 case.

1948 290 74 17 TOWN
2031 288 86 17 BOARD
2133 288 126 18 MEETING.

1912 336 26 16 At
1946 336 33 16 the
1987 335 56 17 nsual
2055 335 88 21 monthly
2156 335 84 22 meeting
2254 335 21 17 of
2290 335 33 17 the

1888 359 57 17 Town
1956 358 61 17 Board
2026 364 24 11 on
2064 357 99 23 Thursday
2178 359 100 16 afternoon
2292 359 31 16 Mr

1888 382 19 17 S.
1917 382 20 16 T.
1948 382 63 19 Brent,
2021 382 20 15 in
2049 381 32 16 the
2090 381 78 17 absence
2177 381 146 22 ofMrMalfroy

1888 405 42 17 who
1940 410 38 12 was
1986 404 85 18 confined
2080 405 20 15 to
2109 404 30 17 his
2147 404 58 17 house
2214 404 25 21 by
2245 410 11 11 a
2263 404 59 21 slight

1886 427 138 22 indisposition,
2034 427 45 17 took
2088 427 31 17 the
2128 427 58 17 chair.
2205 427 29 17 D'r
2242 427 80 17 Ginders

1887 451 38 16 and
1933 451 32 16 Mr
1973 451 76 21 Dansey
2057 456 48 11 were
2114 450 39 17 also
2162 451 82 21 present.

1999 482 45 16 Tue
2055 481 49 17 Wat
2106 481 26 17 isTt
2144 481 62 18 Rati!.

1910 511 93 24 Amongst
2024 513 31 17 the
2071 512 74 18 inward
2164 513 157 23 iorrespondenco

1887 542 47 11 were
1943 536 70 17 several
2022 536 65 17 letters
2093 536 18 17 in
2118 537 69 22 regard
2194 539 18 15 to
2219 537 33 17 tiie
2258 537 62 17 action

1886 560 21 17 of
1914 559 33 17 the
1956 559 62 17 Board
2026 559 20 17 in
2054 560 76 21 cutting
2138 566 21 11 or
2170 560 122 22 threatening
2300 561 20 16 to

1886 585 32 14 cut
1935 578 27 21 off
1976 582 32 17 the
2029 584 59 15 water
2107 583 70 22 supply
2197 583 49 18 from
2267 583 53 17 those

1885 606 64 16 whose
1957 606 49 16 rates
2015 610 47 12 were
2070 604 20 17 in
2100 611 78 12 arrears.

1909 628 39 17 The
1956 628 50 17 clerk
2015 627 61 18 stated
2086 629 42 16 that
2137 629 32 17 the
2178 630 68 21 ac'ion.
2254 630 20 16 of
2287 629 33 17 the

1886 651 62 18 Board
1956 651 38 17 had
2003 651 37 17 had
2048 657 11 11 a
2068 653 48 16 most
2125 652 86 22 salntory
2220 653 54 17 effect
2282 653 38 16 and

1885 674 38 17 had
1931 674 82 17 resulted
2019 675 20 16 in
2048 680 10 11 a
2067 676 41 15 suni
2117 676 21 15 of
2150 681 45 12 over
2207 676 38 17 £oo
2262 676 58 22 being

1885 697 83 17 received
1976 695 67 19 within
2051 698 33 16 the
2092 698 36 16 last
2137 698 36 17 few
2181 699 53 22 days.

1909 720 31 17 Mr
1948 721 76 21 Dansey
2033 720 39 17 said
2087 721 43 17 that
2143 721 53 18 there
2210 722 74 18 seemed
2298 724 21 16 to

1885 744 22 16 bo
1916 749 51 12 some
1975 744 172 22 misapprehension
2156 745 19 16 in
2188 745 33 18 the
2229 745 61 18 minds
2299 746 21 17 of

1885 766 32 18 the
1926 766 66 22 people
2001 773 20 11 as
2029 768 20 15 to
2057 767 86 18 whether
2156 768 32 17 the
2204 770 29 15 fee
2246 775 39 10 was
2298 771 20 15 to

1884 789 23 17 be
1920 789 88 17 collected
2017 790 26 21 by
2052 790 33 17 the
2097 791 50 17 clerk
2164 797 22 11 or
2198 792 84 17 received
2298 794 21 15 at

1885 813 32 17 the
1926 813 58 17 office.

1908 835 38 17 The
1955 836 50 17 cleric
2013 836 61 17 stated
2085 837 41 17 that
2135 838 32 17 the
2177 840 90 16 accounts
2280 839 38 17 had

1884 859 47 17 berti
1940 859 89 17 tendered
2039 861 19 15 to
2067 860 55 18 those'
2133 861 44 17 who
2191 867 47 12 were
2253 862 18 17 in
2287 868 21 11 ar-

1884 888 50 11 rears
1947 882 37 18 and
1998 883 43 17 that
2054 889 12 10 a
2083 884 117 18 notification
2217 885 37 17 had
2271 885 47 17 been

1883 905 83 18 inserted
1974 905 20 17 in
2002 906 32 17 the
2044 905 117 20 CilnoxicLE
2170 908 73 23 stating
2251 908 43 18 that
2303 909 16 16 if

1885 929 32 16 the'
1925 930 50 16 eiime
1985 935 47 11 were
2041 932 32 14 not
2084 930 43 22 paid
2140 931 65 17 before
2219 938 10 10 a
2246 932 72 17 certain

1883 947 45 22 rfatfi
1937 952 19 16 tli
1959 954 10 15 b
1977 952 69 22 supply
2064 953 61 17 would
2139 954 24 16 be
2179 954 138 18 disconnected.

1884 975 23 17 Tii
1916 975 35 17 oiio
1959 975 84 17 instance
2052 976 61 16 where
2122 977 45 17 such
2178 984 11 10 a
2202 984 65 11 course
2280 978 38 16 had

1883 998 46 17 been
1938 1003 98 17 necessary
2044 999 32 17 the
2085 999 70 23 charge
2163 1001 21 16 of
2192 1001 20 17 5s
2219 1001 29 17 for
2252 1007 55 11 recon-

1883 1021 78 21 necting
1969 1022 50 16 after
2027 1022 31 16 the
2071 1028 72 13 arrears
2158 1024 36 17 had
2210 1024 47 17 been
2273 1024 45 22 paid

1883 1044 38 17 had
1929 1045 35 15 not,
1972 1044 46 17 been
2027 1045 66 17 levied.

1906 1067 31 17 Mr
1946 1067 17 17 D
1970 1073 17 11 111
1991 1073 30 16 soy
2029 1067 67 22 tliotigl
2104 1066 9 20 i
2122 1069 41 17 that
2173 1076 37 11 was
2220 1077 10 10 a
2239 1071 43 17 mist
2289 1070 29 17 ike

1906 1113 29 17 Dr
1954 1113 79 18 Ginders
2050 1114 84 22 thought
2150 1116 43 17 that
2209 1117 33 17 the
2260 1118 59 15 water

1881 1137 113 22 rat-papir'i
2003 1137 66 17 should
2081 1139 31 19 git
2120 1137 3 22 •
2132 1139 32 17 the
2170 1139 122 18 information
2298 1146 20 11 as

1883 1161 20 15 to
1912 1159 32 17 the
1953 1160 69 21 charge
2031 1160 29 17 for
2068 1163 139 21 reconnecting,
2226 1163 38 17 and
2278 1163 40 16 also

1883 1183 42 16 that
1940 1184 32 15 the
1988 1189 66 21 money
2068 1184 36 17 had
2120 1187 20 14 to
2155 1186 22 16 be
2190 1186 44 22 paid
2251 1187 21 16 at
2286 1186 32 17 tins

1883 1205 61 17 Board
1954 1205 58 18 office.
2038 1206 44 18 This
2092 1208 62 17 would
2162 1209 57 17 avoid
2227 1205 26 22 all
2266 1215 39 11 com-

1883 1228 106 23 plications;

1905 1252 26 17 At
1940 1258 11 11 a
1959 1248 49 21 later
2017 1253 52 20 stage
2078 1259 11 11 a
2098 1248 58 23 letter
2163 1260 38 12 was
2210 1255 45 18 read
2269 1255 48 18 from

1883 1274 32 19 the
1924 1281 89 15 manager
2027 1276 20 16 of
2059 1276 33 17 the
2109 1276 64 19 Grand
2191 1278 57 19 Hotel
2267 1285 38 11 com-

1883 1298 86 21 plaining
1977 1299 43 16 that
2026 1299 32 16 the
2065 1299 75 22 Geyser.
2148 1295 67 23 Paiaue
2222 1302 37 17 and
2267 1302 51 17 Lake

1883 1321 65 17 House
1956 1318 68 21 Hotels
2034 1321 37 18 had
2080 1322 46 18 been
2137 1324 109 18 threatened
2256 1325 44 17 with
2307 1332 11 10 a

1883 1346 91 20 stoppage
1984 1345 19 16 of
2012 1346 32 15 the
2060 1346 70 22 supply
2146 1347 63 18 unle'ss
2224 1349 31 16 the
2269 1349 49 16 rates

1883 1373 47 11 were
1939 1367 50 22 paid.
2015 1368 16 17 A
2040 1368 71 23 cheque
2126 1376 38 11 was
2181 1372 20 15 at
2219 1371 31 17 the
2267 1377 51 11 same

1883 1391 45 17 time
1937 1391 80 22 waiting
2030 1392 100 18 collection
2144 1393 30 17 for
2190 1394 32 17 the
2239 1396 79 15 amount

1883 1414 42 17 due.
1941 1415 26 16 As
1976 1415 29 16 far
2013 1420 20 11 as
2044 1415 31 17 the
2085 1415 64 18 Grand
2158 1417 59 17 Hotel
2227 1423 37 11 was
2273 1424 33 10 con-

1883 1437 66 18 cerned
1958 1438 23 16 lie
1990 1437 36 17 had
2037 1437 46 18 been
2092 1445 20 10 as
2121 1441 33 20 yet
2163 1438 70 20 unable
2249 1442 20 15 to
2283 1441 23 17 ob-

1882 1461 39 17 tain
1931 1466 37 15 any
1977 1460 122 18 information
2108 1468 20 11 as
2135 1464 19 16 to
2163 1463 32 17 the
2203 1465 41 15 rate
2260 1466 20 14 to
2295 1464 23 16 be

1882 1483 84 23 charged
1982 1489 43 12 save
2041 1485 50 16 what
2104 1485 23 17 he
2142 1486 37 17 had
2193 1492 43 12 seen
2250 1487 19 17 in
2285 1487 33 17 the

1882 1507 49 18 local
1939 1513 63 17 paper.

1906 1531 24 16 In
1946 1531 30 17 the
1997 1531 103 17 discussion
2117 1532 60 17 which
2199 1533 69 17 ensued
2286 1533 30 17 the

1883 1554 77 22 opinion
1969 1560 38 11 was
2015 1554 99 22 expressed
2127 1555 43 17 that
2183 1555 33 18 the
2232 1557 75 16 notifica-

1883 1577 40 17 tion
1933 1577 17 16 in
1962 1577 31 17 the
2001 1577 118 18 Chromcle
2134 1579 88 21 together
2231 1579 46 17 with
2286 1580 30 16 the

1882 1599 102 24 rendering
1993 1601 19 16 of
2020 1600 32 17 the
2066 1600 91 18 accounts
2171 1607 38 12 was
2226 1602 90 17 sufficient

1882 1623 63 17 notice
1953 1624 20 16 to
1981 1628 80 12 anvone.

1906 1646 39 17 The
1953 1646 51 18 clerk
2013 1646 61 17 stated
2084 1647 42 17 that
2134 1648 100 22 exception
2245 1649 72 17 seemed

1883 1671 20 15 to
1912 1670 47 16 have
1967 1670 47 17 been
2023 1670 57 16 taken
2091 1671 18 16 in
2119 1671 68 21 regard
2195 1673 19 15 to
2221 1671 28 18 his
2255 1672 62 17 action

1883 1693 20 17 in
1912 1692 33 18 the
1953 1694 74 16 matter.
2052 1692 31 18 Jto
2096 1693 38 17 had
2152 1694 68 23 simply
2237 1694 80 18 adhered

1883 1717 20 15 to
1920 1715 28 17 his
1966 1715 130 22 instructions;
2119 1717 23 17 ho
2159 1717 38 17 hud
2213 1718 55 22 given
2286 1718 31 17 the

1884 1739 67 16 Palace
1960 1739 58 17 Hotel
2035 1744 23 11 an
2067 1739 64 17 hour's
2148 1741 61 17 notice
2227 1741 43 17 that
2287 1741 30 17 the

1884 1764 59 15 water
1952 1762 62 17 would
2022 1762 23 17 be
2053 1762 132 18 disconnected
2194 1769 20 12 so
2224 1764 43 17 that
2273 1765 44 21 they

1884 1785 61 22 might
1954 1790 78 17 prepare
2041 1785 29 17 for
2083 1786 21 19 it,-
2120 1786 35 17 but
2168 1788 45 16 such
2228 1793 37 11 was
2282 1793 24 11 un-

1882 1814 97 16 necessary
1989 1814 19 11 as
2017 1808 32 17 the
2058 1810 41 16 rate
2107 1809 37 17 had
2154 1809 46 18 been
2209 1811 50 21 paid.
2279 1811 38 17 The

1884 1832 58 15 water
1950 1831 38 17 had
1997 1833 33 15 not
2039 1831 46 17 been
2094 1835 32 14 cut
2140 1833 27 16 off
2181 1834 48 17 from
2244 1840 37 15 any
2298 1834 19 17 of

1883 1854 32 17 the
1915 1854 2 17 1
1922 1854 67 17 hotels.

2024 1883 61 17 More
2094 1884 82 18 Water.

1906 1915 40 17 The
1955 1920 89 17 manager
2053 1916 19 16 of
2087 1916 32 16 the
2127 1917 65 17 Grand
2205 1917 58 18 Hotel
2279 1918 38 18 also

1883 1938 117 22 complained
2011 1939 17 16 in
2042 1938 27 17 Irs
2084 1939 16 16 !,•
2112 1942 28 15 tor
2155 1941 42 16 that
2211 1942 32 16 the
2260 1944 57 15 water

1884 1961 36 17 had
1929 1961 46 17 been
1985 1964 43 14 sunt
2037 1964 21 14 ui.
2058 1961 3 21 l
2071 1963 47 16 iVu.ll
2126 1964 31 16 the
2166 1965 90 17 reservoir
2263 1965 45 17 \vith-

1884 1988 33 14 out
1926 1985 36 16 due
1971 1985 61 17 notice
2040 1985 71 22 having
2119 1986 47 18 been
2181 1988 62 21 given.
2274 1988 43 17 This

1884 2013 38 12 was
1931 2009 102 22 extreitiely
2042 2009 107 21 dangerous
2157 2011 19 16 in
2186 2011 53 17 those
2250 2012 67 17 lioiisas

1884 2032 61 17 which
1967 2037 46 11 were
2034 2032 53 17 fitted
2108 2033 46 17 with
2174 2035 59 17 ste'atrt
2253 2040 53 17 super-

1884 2055 79 20 heaters,
1973 2055 37 17 and
2020 2055 14 17 if
2042 2061 23 11 an
2080 2056 84 17 accident
2173 2057 99 23 happened
2286 2058 31 17 the

1884 2077 62 17 Board
1964 2078 61 17 wonld
2042 2079 91 22 certainly
2150 2080 23 17 be
2194 2080 44 18 held
2254 2080 62 18 liable,

1884 2101 30 17 lie
1923 2096 39 22 also
1971 2101 81 17 referred
2061 2103 21 16 to
2091 2102 32 17 the
2134 2104 103 17 resolution
2251 2104 66 21 passed

1884 2126 19 15 at
1912 2124 33 16 the
1953 2124 86 22 previous
2047 2125 85 23 meeting
2140 2126 20 17 of
2176 2127 32 17 the
2222 2127 63 17 Board
2298 2133 19 11 re

1884 2148 92 20 watering
1986 2147 31 17 the
2027 2149 66 15 streets
2102 2148 50 18 from
2160 2150 32 17 the
2198 2150 119 22 stand-pipes

1884 2170 61 18 which
1954 2170 74 23 though
2038 2176 96 17 necessary
2143 2178 24 12 on
2177 2173 71 17 several
2263 2180 44 11 occa-

1884 2193 49 17 sions
1943 2193 37 16 had
1989 2195 32 15 not
2030 2193 47 17 been
2086 2194 54 16 done.

1908 2217 23 15 In
1940 2216 67 22 regard
2021 2217 20 16 to
2055 2217 32 17 the
2104 2218 42 17 first
2162 2220 70 16 matter
2248 2220 16 16 it
2280 2225 38 11 was

1883 2239 74 18 elicited
1971 2240 49 17 from
2035 2240 30 16 Mr
2082 2240 74 18 Purcell
2173 2243 43 16 that
2232 2249 10 10 a
2259 2243 59 22 .slight

1884 2264 93 20 stoppage'
1985 2262 36 17 had
2031 2263 56 17 taken
2096 2264 73 21 place'a
2177 2265 37 17 fe'w
2223 2265 45 23 days
2281 2272 37 16 ,'igo

1884 2286 64 21 owing
1957 2287 19 16 to
1986 2286 31 16 the
2030 2287 92 22 necessity
2137 2288 30 17 for
2185 2288 83 22 clearing
2285 2290 32 15 out

1884 2309 32 17 the
1937 2309 117 17 water-race.-
2090 2310 28 16 Dr
2138 2311 80 19 Ginders
2239 2312 40 18 said
2296 2312 22 17 lie

1884 2331 113 18 understood
2006 2333 53 16 there
2067 2338 48 12 were
2126 2334 82 22 printed,
2218 2335 56 17 forms
2289 2335 29 17 for

1884 2361 33 11 use
1926 2361 24 10 on
1959 2355 45 16 such
2013 2356 100 21 occasions,
2124 2357 37 17 and
2170 2357 15 18 if
2194 2358 42 17 that
2244 2364 49 11 were
2298 2364 20 11 so

1884 2384 108 11 consumers
2007 2378 68 18 should
2097 2379 48 18 have
2167 2381 46 17 boon
2234 2381 83 18 notified.

1884 2401 99 21 Touching'
1992 2401 31 17 the
2033 2403 92 21 watering
2133 2404 21 16 of
2166 2404 32 17 the
2207 2405 67 17 streets
2288 2405 30 16 Mr

1883 2424 77 22 Danscy
1970 2424 109 18 considered
2087 2425 43 18 that
2138 2427 55 17 when
2199 2434 11 10 a
2216 2427 101 18 resolution

1884 2452 38 12 was
1935 2447 67 22 passed
2016 2448 24 21 by
2057 2448 32 17 the
2107 2450 62 17 Board
2183 2451 15 16 it
2215 2450 67 18 should
2296 2451 22 16 Tin

1884 2471 57 21 given
1949 2470 53 17 effect
2011 2472 26 16 to.
2062 2471 31 18 He
2102 2472 63 18 would
2174 2479 54 12 move
2240 2476 21 15 to
2275 2474 43 17 that

1884 2493 54 18 effect
1958 2493 37 17 and
2015 2493 64 18 would
2096 2495 37 17 add
2150 2496 42 18 that
2214 2497 51 17 hotel
2281 2497 37 17 and

1883 2516 163 22 boarding-liouse
2055 2517 76 20 keepers
2137 2519 67 18 should
2211 2521 23 16 be
2240 2520 78 17 notified

1884 2540 20 17 of
1912 2539 33 17 the
1953 2540 48 16 hour
2007 2546 20 10 so
2037 2540 42 17 that
2087 2541 49 18 their
2145 2543 106 22 employee's
2257 2544 61 21 might

1883 2563 109 17 familiarise
2000 2564 111 18 themselves
2125 2565 46 17 with
2187 2566 33 18 the'
2234 2567 84 22 working

1883 2586 20 17 of
1912 2585 32 18 the
1952 2587 108 21 apparatus.
2086 2587 19 17 If
2118 2588 33 17 the
2164 2589 45 17 hose
2223 2596 38 10 was
2275 2589 19 17 in
2309 2596 9 10 it

1882 2608 64 27 faulty
1955 2609 94 17 condition
2058 2616 21 11 as
2087 2610 32 17 Mr
2128 2607 85 27 Malfroy
2219 2613 72 17 seemed
2299 2613 19 16 to

1882 2631 42 18 fear
1931 2632 15 17 it
1956 2632 61 18 would
2027 2632 22 17 be
2058 2639 21 11 as
2087 2634 43 18 well
2138 2636 21 16 to
2176 2635 56 18 know
2247 2636 16 16 it
2276 2641 42 12 now

1882 2655 75 17 instead
1966 2655 21 16 of
1995 2655 79 22 waiting
2087 2657 29 17 till
2133 2664 11 10 a
2160 2658 34 17 fire
2211 2659 60 17 broker
2286 2660 32 16 out

1883 2678 45 21 only
1938 2679 19 16 to
1966 2678 38 17 find
2014 2679 42 16 that
2063 2679 16 17 it
2087 2686 39 11 was
2134 2681 75 18 useless.
2235 2682 19 17 If
2267 2683 51 16 there

1884 2707 37 11 was
1930 2707 25 11 110
1964 2701 127 18 Government
2100 2709 43 11 man
2151 2705 93 17 available
2250 2706 19 15 to
2275 2705 43 17 look

1882 2725 51 16 after
1948 2725 33 16 the
1997 2725 83 20 hydrant
2095 2733 12 10 a
2124 2728 57 16 Town
2195 2728 65 17 Board
2279 2734 26 11 em-

1882 2747 68 21 ployee
1963 2747 55 18 could
2031 2748 23 17 be
2071 2748 81 19 detailed
2169 2751 30 16 for
2216 2751 31 17 the
2261 2751 57 17 work.

1883 2770 32 17 Mr
1923 2770 91 22 Dansey's
2024 2772 71 17 motion
2103 2779 37 12 was
2148 2774 77 17 carried.

1988 2802 108 18 Dkaixage
2108 2805 105 18 Matters.

1906 2824 33 17 Mr
1946 2824 84 18 Boulton
2039 2825 39 18 also
2087 2829 58 16 wrote
2154 2829 69 21 asking
2230 2829 41 16 that
2288 2825 30 21 {be

1883 2847 46 17 offer
1938 2848 20 17 of
1967 2848 28 16 his
2004 2848 42 17 firm
2062 2851 21 14 to
2096 2851 70 21 supply
2182 2852 52 19 1,500
2248 2852 38 16 feet
2301 2852 17 17 of

1883 2870 54 17 drain
1946 2871 53 22 pipes
2008 2878 24 10 on
2040 2872 96 18 condition
2152 2874 42 18 that
2208 2875 33 17 the
2258 2875 60 17 Board

1883 2893 63 18 would
1956 2894 31 22 lay
1995 2895 33 16 the
2037 2900 50 12 same
2093 2896 48 17 from
2150 2897 33 17 the
2190 2897 64 18 Grand
2261 2899 57 16 Hotel

1883 2918 20 15 to
1912 2923 11 10 a
1932 2917 55 22 point
1992 2917 19 17 in
2020 2918 72 18 Eriiera
2102 2919 62 18 Street
2172 2921 69 17 should
2254 2921 22 17 be
2289 2927 20 11 re-

1883 2940 115 17 considered.
2033 2941 16 16 It
2067 2947 38 12 was
2123 2943 84 23 Unlikely
2223 2944 44 17 that
2282 2950 36 16 any

1883 2964 70 21 system
1964 2964 21 16 of
1993 2963 90 23 drainage
2092 2966 63 17 would
2170 2966 24 18 he
2208 2967 110 17 introduced

1883 2986 30 17 for
1922 2991 51 12 some
1982 2986 45 17 time
2036 2988 20 16 to
2065 2993 58 13 come.

1907 3009 39 17 The
1955 3009 101 18 Chairman
2071 3011 84 23 thought
2170 3013 42 17 that
2225 3013 34 18 the
2274 3012 44 19 offer

1883 3031 69 17 should
1960 3032 25 16 be'
1992 3033 93 22 accepted.
2111 3036 56 16 After
2174 3042 12 11 a
2194 3034 80 25 lengthy
2281 3036 28 17 dis-

1883 3055 74 17 cussion
1970 3056 13 15 it
1999 3061 38 12 was
2050 3056 77 19 decided
2141 3060 20 15 to
2178 3060 92 21 postpone
2287 3060 31 16 the

1884 3078 136 17 consideration
2030 3079 19 16 of
2063 3079 39 18 this
2115 3081 37 17 and
2171 3082 55 17 other
2242 3084 76 16 matters

1883 3100 82 18 touched
1974 3107 24 11 on
2007 3102 18 16 in
2039 3102 32 17 Mr
2084 3104 101 19 Boulton's
2197 3105 57 18 letter
2269 3104 49 19 until

1883 3125 33 15 the
1924 3124 64 17 Board
1996 3125 20 16 of
2024 3125 72 18 Health
2107 3128 85 22 meeting
2199 3130 47 16 next
2261 3129 56 17 week.

1884 3147 20 16 It
1910 3147 75 17 ceemcd
1993 3149 20 16 to
2019 3147 22 18 bo
2050 3149 32 16 the
2091 3151 77 20 general
2177 3151 76 22 opinion
2263 3153 19 15 of
2287 3154 6 14 t
2296 3152 22 16 lio

1879 3170 1 22 -
1884 3170 92 17 members
1992 3173 76 19 present
2084 3172 43 19 that
2141 3174 33 17 the
2190 3174 47 18 offer
2252 3175 19 17 of
2287 3175 31 17 the

1883 3193 54 22 pipes
1945 3193 68 17 should
2019 3194 22 16 be
2051 3195 57 17 takch
2115 3196 108 24 advantage
2232 3198 19 17 of
2267 3200 23 15 as'
2305 3198 13 17 it

1884 3222 38 11 was
1930 3216 83 22 unlikely
2019 3217 42 17 that
2067 3219 32 16 the
2105 3219 134 23 underground
2246 3221 72 17 scheme

1883 3239 123 22 propounded
2015 3240 25 22 by
2049 3241 32 17 Mr
2090 3242 44 22 Ilay
2145 3243 63 17 would
2216 3244 23 17 be
2248 3244 70 17 carried

1964 3293 45 18 The
2021 3295 87 18 Ti-tbee
2124 3297 111 18 Nuisance.

1907 3324 16 16 A
1931 3324 57 18 letter
2003 3326 46 16 from
2063 3327 33 17 the
2113 3328 64 18 Lands
2194 3329 124 22 Department

1883 3352 48 17 gave
1941 3347 32 17 the
1987 3348 121 19 information
2123 3352 71 22 sought
2207 3353 30 16 for
2253 3353 19 15 in
2288 3358 20 11 re-

1883 3370 48 23 gard
1940 3372 20 15 to
1969 3371 33 16 the
2011 3373 104 22 ownership
2124 3374 21 17 of
2152 3375 71 17 certain
2239 3376 79 17 sections

1884 3393 61 17 ■which
1955 3395 15 15 ;t
1979 3400 38 11 was
2026 3395 107 19 considered
2142 3397 69 18 should
2216 3398 24 17 be
2246 3398 72 17 cleared

1883 3417 20 16 of
1913 3417 70 19 ti-tree,
1993 3417 38 17 and
2039 3419 62 17 stated
2109 3420 43 16 that
2158 3421 18 16 in
2183 3422 49 16 most
2239 3422 20 16 of
2265 3422 53 17 those

1884 3440 31 15 the
1936 3445 97 17 necessary
2050 3441 146 23 improvements
2214 3445 37 16 had
2270 3445 48 17 been

1883 3462 60 17 made.
1974 3462 28 17 Dr
2018 3463 80 18 Ginaers
2114 3466 40 17 said
2171 3467 14 16 it
2202 3473 39 12 was
2257 3469 34 16 not
2307 3474 10 10 a

1882 3485 87 22 question
1977 3487 19 15 of
2004 3486 52 18 what
2063 3488 148 21 improvements
2218 3490 39 17 had
2270 3491 47 16 been

1882 3507 61 18 made.
1969 3509 19 16 It
1997 3514 38 12 was
2043 3510 69 23 simply
2129 3513 31 16 for
2173 3513 32 17 the
2220 3513 62 18 Board
2299 3514 19 16 of

1882 3530 73 17 Health
1964 3532 20 16 to
1998 3532 103 19 determine
2117 3535 14 17 if
2145 3535 33 17 the
2192 3536 93 17 existence
2298 3537 20 16 of

1883 3554 32 16 the
1929 3554 65 17 ti-trae
2008 3561 38 11 was
2061 3556 93 23 injurious
2169 3560 20 15 to
2210 3560 32 17 the
2254 3560 64 21 public

1882 3577 65 17 health
1957 3577 36 17 and
2002 3578 17 16 if
2027 3584 19 11 so
2054 3580 21 16 to
2084 3580 54 18 order
2147 3582 53 17 those
2209 3582 79 18 sections
2298 3584 19 16 to

1882 3600 24 17 be
1915 3600 78 17 cleared.
2018 3601 32 17 Mr
2066 3602 76 24 Danscy
2159 3605 102 22 suggested
2275 3606 43 16 that

1884 3624 31 16 'he
1922 3623 51 17 work
1983 3624 66 17 should
2055 3624 24 17 bo
2087 3626 49 18 done
2145 3629 20 15 at
2173 3634 46 11 once
2230 3634 25 11 on
2263 3629 54 17 those

1882 3646 80 17 fccctions
1976 3647 39 17 still
2031 3648 88 18 unleascd
2134 3650 39 17 and
2188 3651 33 17 the
2238 3654 79 15 account

1882 3670 42 16 sent
1933 3669 40 18 into
1982 3670 32 17 the
2030 3671 132 19 Government.
2192 3674 40 18 The
2248 3676 69 16 matter

1882 3697 38 11 was
1936 3693 105 21 postponed
2056 3694 30 17 till
2101 3695 32 18 the
2147 3697 85 20 meeting
2249 3698 19 16 of
2284 3698 33 16 the

1882 3715 61 17 Board
1954 3716 20 16 of
1983 3716 76 18 Health.

2012 3748 176 20 Miscellaneous.

1906 3777 23 17 In
1939 3783 126 18 consequence
2080 3781 20 16 of
2113 3782 33 16 the
2162 3782 68 18 license
2247 3784 20 16 of
2284 3784 32 17 the

1882 3800 85 18 Rotorua
1976 3801 58 18 Hotel
2050 3802 72 25 having
2134 3805 47 17 been
2197 3807 88 17 removed
2301 3807 15 17 it

1882 3829 38 11 was
1929 3824 77 17 decided
2014 3826 20 15 to
2042 3827 41 16 rate
2091 3827 33 18 the
2131 3828 59 18 house
2198 3835 22 12 as
2228 3836 11 11 a
2247 3829 57 18 board-

1881 3846 93 23 ingliouse
1984 3854 20 11 so
2013 3848 29 16 far
2050 3855 21 11 as
2083 3850 32 17 the
2129 3851 70 23 charge
2213 3853 29 16 for
2258 3854 58 16 water

1881 3875 39 11 was
1929 3871 109 20 concerned,
2048 3872 43 21 viz.,
2100 3875 22 15 at
2130 3873 26 18 £3
2165 3880 33 17 per
2207 3881 77 12 annum.

1906 3892 39 18 The
1960 3894 82 17 Colonial
2061 3895 114 24 Secretary's
2190 3899 126 22 Department

1881 3917 59 16 wrote
1950 3917 73 22 stating
2031 3918 43 17 that
2082 3919 54 18 there
2145 3927 38 11 was
2191 3927 25 12 no
2221 3922 94 22 objection

1882 3939 19 16 to
1910 3939 33 17 the
1953 3940 62 16 Board
2025 3941 78 23 making
2112 3943 50 17 their
2170 3950 42 12 own
2225 3951 79 16 arrange-

1880 3962 63 17 ments
1951 3963 30 16 for
1988 3963 73 21 leasing
2071 3965 31 17 the
2110 3966 54 22 right
2176 3969 19 15 to
2211 3968 60 17 bottle
2284 3968 32 17 the

1881 3986 60 15 water
1950 3986 19 16 of
1977 3986 32 17 the
2017 3986 74 18 Kuirau
2098 3989 67 23 spring
2171 3991 52 16 —Dr
2237 3991 79 17 Ginders

1880 4007 85 22 thought
1974 4008 53 18 there
2035 4011 63 17 would
2105 4014 33 15 not
2144 4013 23 16 be
2173 4014 55 17 much
2236 4014 80 17 demand

1881 4031 30 16 for
1920 4031 14 16 it
1944 4032 30 16 for
1982 4031 90 23 drinking
2084 4040 91 17 purposes
2188 4043 44 11 now
2248 4043 20 11 as
2284 4038 32 16 the

1880 4054 73 17 natives
1962 4054 38 17 bad
2009 4055 46 18 been
2064 4056 82 25 bathing
2157 4065 20 11 in
2193 4060 16 16 it
2222 4061 31 17 for
2265 4065 51 13 some

1880 4076 46 17 time
1934 4078 49 21 past.

1905 4099 19 17 It
1934 4106 38 11 was
1983 4101 75 17 decided
2077 4104 19 16 to
2112 4104 74 18 further
2199 4106 69 17 extend
2284 4108 32 15 the

1880 4122 91 21 footpath
1980 4123 101 19 formation
2090 4126 18 16 in
2115 4127 68 18 Arawa
2192 4129 62 18 Street
2261 4130 56 17 when

1880 4145 33 16 the
1923 4146 57 17 funds
1989 4148 62 16 would
2060 4150 70 19 permit
2138 4151 21 16 of
2166 4151 21 18 it.

2371 143 39 17 The
2418 145 93 21 secretary
2519 144 20 16 of
2547 144 33 16 the
2589 143 56 17 Brass
2652 142 56 17 Band
2722 143 57 16 wrote

2338 165 1 22 !
2347 166 68 21 asking
2423 167 42 16 that
2473 167 72 17 certain
2553 165 65 19 stands
2626 165 68 18 should
2700 165 23 17 be
2729 167 42 15 ere'c-

2338 187 1 24 |
2346 188 32 17 ted
2387 187 38 19 and
2433 190 43 16 that
2488 196 11 10 :i
2513 190 56 17 small
2584 188 77 23 subsidy
2675 188 68 18 should
2758 188 21 17 be

2346 212 80 21 granted
2434 212 27 22 by
2473 213 33 17 the
2521 213 70 17 Board.
2617 213 19 16 It
2650 217 39 11 was
2702 211 77 17 decided

2338 234 1 23 I
2346 235 42 16 tnat
2397 235 32 16 the
2435 235 54 18 Band
2498 235 22 18 bo
2527 235 94 18 informed
2630 235 41 17 that
2680 234 53 17 there
2741 240 38 11 was

2346 263 11 10 a
2365 257 60 18 doubt
2433 264 21 11 as
2462 261 20 14 to
2497 259 85 17 whether
2594 259 32 16 the
2641 257 57 17 funds
2710 258 21 16 of
2748 257 31 17 the

2346 280 63 17 Board
2417 281 55 17 could
2481 282 23 16 be
2518 288 20 11 so
2550 281 78 23 applied
2641 281 35 17 but
2690 280 43 17 that
2746 280 33 17 the

2345 303 81 22 position
2435 305 63 16 would
2506 305 22 17 be
2536 304 123 20 ascertained,
2668 303 38 18 and
2712 309 55 16 every-

2345 326 57 22 thing-
2409 327 81 21 possible
2498 328 48 17 done
2555 329 19 16 in
2583 328 33 17 the
2623 329 76 15 matter.

2368 349 32 17 Mr
2408 350 75 23 Dansey
2492 351 51 17 drew
2551 351 95 17 attention
2654 353 19 14 to
2683 350 31 16 the
2724 355 41 11 man-

2344 377 34 11 ner
2386 373 19 16 in
2414 373 60 18 which
2483 374 32 17 the
2524 375 57 17 street
2597 376 49 15 trees
2659 379 48 11 were
2720 373 59 22 being

2344 395 98 22 neglected
2451 397 36 17 and
2494 397 32 17 the
2534 397 52 17 clerk
2594 402 39 11 was
2640 395 104 18 instructed
2757 398 21 14 to

2344 423 30 12 see
2383 418 42 18 that
2433 420 53 17 those
2496 421 62 16 whose
2562 420 49 21 duty
2618 420 17 16 it
2642 425 39 10 was
2696 420 21 15 to
2733 418 44 18 look

2343 442 50 16 after
2401 442 53 18 them
2462 443 90 17 attended
2560 444 20 16 to
2589 443 33 17 the
2631 443 74 16 matter.

2403 473 154 18 POUNDKEEI'ER
2568 477 44 14 AXD
2624 473 92 17 ItANGEIL

2367 496 129 21 Applications
2505 498 29 16 for
2541 498 53 16 those
2606 497 61 16 offices
2683 501 47 12 were
2746 501 20 11 re-

2343 519 63 17 ceived
2414 525 21 11 as
2444 520 79 18 follows.
2549 520 38 17 For
2593 519 145 21 Poundkeeper:
2752 520 22 16 A.

2340 541 50 20 Tait,
2402 542 28 17 W.
2439 543 103 19 Henshaw,
2552 542 38 17 and
2605 542 81 22 Akapita
2702 543 19 15 to
2737 542 39 17 Toa

2342 564 102 19 Hamuera.
2454 566 38 17 The
2497 565 121 18 first-named
2623 570 37 11 was
2666 565 109 21 appointed.

2366 588 38 16 For
2411 587 85 24 Ranger:
2510 589 83 22 Akapita
2601 590 19 15 te
2627 588 38 16 Toa
2671 587 103 21 Hamuera,

2342 611 75 18 Rawiri,
2427 613 23 15 A.
2463 613 48 19 Tait,
2528 612 72 22 Joseph
2617 611 103 20 Henshaw,
2737 611 39 17 and

2342 634 20 17 C.
2371 634 64 17 Wood.
2449 635 38 18 The
2492 634 122 19 first-named
2621 640 38 11 was
2665 634 109 22 appointed.

2365 657 31 17 Mr
2404 658 76 23 Dansey
2488 659 63 22 hoped
2559 659 43 16 that
2616 657 80 17 animals
2708 657 20 17 in
2742 658 33 17 the

2341 681 65 21 pound
2414 681 63 17 would
2485 682 23 17 be
2516 681 90 23 properly
2614 680 91 18 attended
2719 682 20 15 to
2755 681 20 16 in

2341 704 64 17 future
2413 704 19 17 in
2445 705 67 22 regard
2526 707 22 15 to
2563 704 50 17 food.
2639 703 39 17 The
2694 705 49 16 state
2755 705 21 16 of

2340 726 64 18 affairs
2423 729 107 21 previously
2546 728 20 17 in
2583 728 94 16 existence
2692 727 20 16 in
2732 727 43 18 that

2341 752 72 21 respect
2421 757 48 12 were
2477 751 121 23 disgraceful.

2511 775 98 17 FINANCE.

2364 797 38 18 The
2411 797 98 23 following
2517 799 90 17 accounts
2613 802 48 12 were
2669 797 67 22 passed
2745 797 30 17 for

2339 822 148 21 payment:—E.
2498 822 67 17 Porter
2573 822 16 17 &
2597 822 40 19 Co.,
2651 821 26 16 £4
2694 822 30 15 10s
2738 822 11 15 9
2757 821 16 22 1;

2340 845 23 17 Ji.
2372 844 105 18 Robertson
2486 845 16 17 &
2510 845 40 20 Co.,
2561 845 24 17 £1
2602 846 30 16 los
2646 844 24 17 9d
2677 849 5 16 ;
2701 844 28 17 W.
2747 844 26 17 11.

2341 867 82 20 Corbett,
2435 867 24 18 £4
2470 870 19 14 ,3s
2498 868 30 17 Gd.

2364 891 39 17 The
2411 891 88 17 financial
2507 892 104 17 statement
2618 889 76 19 showed
2699 896 11 11 a
2716 890 58 17 credit

2339 914 79 17 balance
2426 914 21 17 of
2456 914 37 17 £44
2503 915 19 16 3s
2531 914 31 17 7d.

2364 937 38 17 The
2411 938 84 20 meeting
2503 938 45 16 then
2557 936 68 19 closed.

2500 987 90 22 TAUPO.

2372 1045 64 22 [FROM
2450 1049 40 14 OUlt
2502 1049 46 14 OWN
2557 1045 183 22 COItItESrOXDENT.]

2367 1078 59 18 After
2442 1084 12 11 a
2465 1078 38 17 few
2521 1077 51 25 days
2588 1077 120 19 excitement
2727 1085 49 12 over

2341 1107 34 16 tlie
2382 1103 92 25 eruption
2486 1110 29 12 we
2524 1103 52 19 have
2585 1110 44 11 now
2639 1103 72 19 settled
2724 1105 50 18 hack

2341 1134 20 15 to
2371 1129 34 19 the
2416 1129 59 19 u-ual
2484 1129 86 23 routine,
2583 1129 33 19 the
2626 1129 53 18 main
2695 1131 80 19 trouble

2341 1156 63 24 being
2412 1156 36 17 the
2458 1156 40 17 Lite
2508 1156 40 17 and
2560 1156 65 23 heavy
2640 1156 61 18 frosts
2709 1157 66 19 which

2341 1183 50 18 have
2411 1182 62 17 taken
2494 1181 28 18 oif
2532 1181 28 18 all
2569 1188 22 11 or
2609 1181 71 24 nearly
2696 1183 28 18 all
2740 1184 34 18 the

2340 1208 56 24 early
2422 1210 97 22 potatoes.
2558 1206 106 24 However,
2686 1215 28 12 we
2741 1216 34 11 are

2340 1241 48 16 very
2399 1233 84 25 hopeful
2494 1234 20 17 of
2534 1233 35 18 the
2581 1234 54 17 main
2652 1240 47 19 crop
2710 1236 64 18 which

2341 1261 16 18 is
2367 1266 44 12 now
2422 1260 63 17 about
2498 1262 19 15 to
2528 1259 25 18 be
2564 1259 90 24 plauted.

2367 1285 109 20 Constable
2496 1286 134 23 Stephenson,
2649 1286 21 17 of
2689 1286 84 24 Nanier,

2341 1312 37 19 iias
2388 1318 43 12 now
2454 1311 50 19 been
2522 1311 79 19 located
2620 1312 47 18 here
2687 1316 76 22 tempor-

2341 1339 57 24 arily.
2427 1338 20 18 It
2459 1344 39 12 was
2508 1341 36 15 not
2562 1337 49 24 long
2631 1344 32 12 ere
2682 1339 32 18 his
2734 1345 32 12 fer-

2341 1366 52 17 vices
2405 1370 51 13 were
2466 1364 21 18 in
2506 1363 121 25 requisition
2645 1364 32 19 for
2687 1372 12 11 a
2709 1364 50 19 dilin-

2341 1394 63 21 quent
2415 1390 44 18 who
2472 1396 40 12 was
2522 1389 84 24 passing
2616 1389 89 26 through
2724 1392 51 18 from

2341 1423 37 12 one
2397 1417 20 17 of
2435 1416 34 18 the
2478 1415 102 19 Southern
2597 1417 115 24 townships.
2732 1417 44 19 The

2341 1446 57 15 exact,
2408 1444 72 16 nature
2499 1442 21 17 of
2539 1441 35 19 the
2593 1443 80 18 trouble
2687 1443 34 19 did
2740 1448 36 14 not

2341 1469 99 24 transpire
2451 1467 36 19 but
2498 1474 38 11 our
2546 1474 42 11 new
2597 1474 103 17 preserver
2710 1470 21 17 of
2741 1469 35 19 the

2342 1500 59 19 peace
2411 1493 59 19 made
2480 1493 68 19 rather
2559 1500 12 11 a
2581 1494 52 23 good
2644 1498 88 22 capture,
2745 1496 31 18 his

2341 1520 154 25 pedestnanism
2517 1519 62 25 being
2593 1519 52 19 tried
2656 1525 20 14 to
2693 1521 34 18 the
2743 1525 22 15 ut-

2342 1550 57 15 most.
2410 1545 48 19 Two
2470 1545 111 19 successive
2601 1546 70 25 nights
2689 1547 40 18 and
2748 1548 28 18 all

2341 1579 37 12 one
2388 1572 106 19 afternoon
2507 1577 41 12 was
2557 1577 12 12 a
2579 1573 53 22 good
2642 1573 75 22 record,
2739 1573 37 19 hut

2340 1599 94 24 securing
2454 1598 31 18 his
2504 1597 68 25 object
2597 1599 21 17 of
2643 1599 69 19 search
2734 1606 42 12 was

2340 1624 67 26 ample
2416 1623 77 19 reward
2504 1624 32 18 for
2546 1629 40 19 any
2598 1625 93 23 personal
2706 1626 59 18 incon-

2341 1651 101 19 venience,
2454 1650 41 18 and
2506 1651 25 16 iie
2543 1656 40 12 wn-
2593 1657 48 12 soon
2652 1658 25 11 on
2689 1651 31 19 his
2731 1658 43 18 way

2341 1677 47 18 with
2401 1676 30 18 his
2442 1676 91 24 prisoner
2543 1679 20 14 to
2572 1675 82 25 Napier.

2366 1703 8 18 J
2381 1710 25 11 .as
2409 1701 3 24 1
2432 1701 95 23 Tuesday
2548 1702 34 18 Mr
2597 1702 89 23 Uerries,
2708 1711 24 11 an
2744 1711 21 12 as-

2341 1730 67 24 pirant
2433 1732 20 14 to
2470 1728 162 24 Parliamentary
2649 1729 79 23 honors,
2740 1731 24 17 ad-

2341 1755 80 19 dressed
2436 1761 12 10 a
2467 1753 53 25 good
2539 1754 51 18 local
2611 1756 102 21 audience,
2736 1756 40 19 and

2341 1788 40 11 was
2393 1780 43 19 well
2449 1780 97 18 received.
2575 1780 64 19 There
2650 1788 39 12 was
2699 1789 11 11 a
2720 1782 56 25 large

2340 1806 120 20 attendance
2480 1806 40 18 and
2532 1806 33 18 the
2581 1806 85 25 speaker
2685 1808 91 19 received

2340 1840 25 11 an
2378 1832 98 19 attentive
2496 1832 92 21 hearing.
2617 1834 18 17 A
2668 1834 83 18 Liberal

2340 1858 100 26 proposed
2460 1857 41 19 and
2514 1865 11 11 a
2562 1858 142 21 Conservative
2736 1867 30 12 sec-

2340 1885 65 19 onded
2425 1891 10 11 a
2455 1888 46 14 vote
2512 1885 22 17 of
2552 1885 76 18 thanks
2651 1881 65 24 which
2736 1891 40 14 was

2340 1911 76 19 carried
2440 1910 84 18 without
2541 1910 84 23 dissent,
2636 1911 94 20 followed
2751 1913 25 24 by

2341 1938 33 18 the
2386 1936 59 19 usual
2453 1936 130 24 compliment
2592 1940 20 14 to
2623 1939 33 17 the
2666 1938 110 20 Chairman

2341 1964 32 18 Mr
2386 1963 90 18 William
2489 1962 72 22 Noble,
2573 1963 19 17 J.
2604 1963 23 18 P.

2367 1989 43 19 The
2431 1994 87 13 vacancy
2539 1989 20 17 in
2574 1989 34 17 tho
2626 1990 72 18 School
2718 1991 44 19 Com-

2341 2016 68 18 mittee
2416 2013 72 19 caused
2501 2014 25 23 by
2539 2014 32 18 Mr
2583 2015 121 19 Bernman's
2714 2017 52 25 resig-

2340 2041 75 23 nation,
2428 2041 35 17 his
2484 2040 48 18 been
2553 2041 54 17 tilled
2619 2048 26 18 up
2655 2045 20 15 at
2695 2043 34 19 the
2738 2043 38 19 last

2339 2069 90 23 meeting
2440 2067 20 18 of
2472 2065 33 19 tho
2523 2065 120 21 Committee
2655 2068 26 24 by
2691 2069 35 18 the
2743 2075 22 19 ap-

2339 2094 114 24 pointment
2470 2092 21 18 of
2506 2092 33 19 Mr
2557 2093 82 19 Salmon
2655 2098 20 14 to
2692 2095 34 18 the
2741 2102 24 12 va-

2339 2126 67 13 cancy.

2366 2147 47 18 hast
2433 2145 87 23 Monday
2542 2145 35 19 tile
2595 2147 68 18 school
2683 2154 39 12 was
2742 2155 23 11 ex-

2340 2173 79 17 amined
2433 2173 24 22 hy
2474 2173 107 22 Inspector
2603 2173 109 18 Dickinson
2732 2174 44 18 who

2340 2198 79 18 arrived
2429 2199 50 17 from
2494 2199 89 17 itotorua
2593 2205 26 11 011
2629 2199 101 24 .Saturday
2744 2199 32 19 for

2340 2224 34 18 the
2395 2227 93 21 purpose'.
2521 2223 190 26 Notwithstanding
2731 2225 45 19 that

2340 2256 61 17 many
2411 2250 91 18 children
2514 2256 51 12 were
2576 2254 20 14 at
2606 2257 13 11 a
2629 2251 147 24 disadvantage

2340 2276 68 24 owing
2418 2279 20 15 to
2448 2283 11 11 a
2469 2275 82 23 general
2570 2275 38 19 and
2626 2277 86 18 unusual
2723 2277 42 19 sick-

2340 2308 46 13 ness
2398 2302 118 24 prevailing,
2529 2303 21 23 (a
2568 2301 49 19 kind
2627 2302 21 17 of
2662 2302 19 18 la
2694 2303 81 25 grippe)

2340 2328 27 18 all
2378 2328 72 24 passed
2462 2331 71 21 except
2543 2335 37 11 one
2590 2328 54 18 child
2655 2328 44 19 who
2723 2330 39 18 how-

2340 2361 46 11 ever
2396 2354 38 18 had
2446 2354 47 21 only
2502 2356 49 16 I'een
2562 2357 20 15 to
2594 2354 34 18 the
2635 2355 67 18 school
2714 2362 11 11 a
2736 2355 39 19 few

2341 2380 72 22 weeks,
2426 2380 40 18 this
2476 2380 16 17 is
2502 2379 73 25 highly
2584 2380 110 19 creditable
2705 2385 20 14 to
2741 2382 34 18 the

2341 2406 79 18 teacher
2431 2406 39 19 and
2479 2406 129 24 .satisfactory
2620 2409 18 15 to
2650 2407 33 18 the
2693 2411 82 20 parents

2340 2432 39 18 and
2397 2432 96 19 children,
2516 2431 20 18 A
2552 2432 68 18 school
2636 2432 82 26 holiday
2735 2440 40 13 was

2341 2458 61 23 given
2412 2458 34 18 the
2457 2462 49 14 next
2516 2457 40 25 day
2566 2464 23 11 as
2599 2465 11 11 a
2620 2458 76 19 reward
2711 2462 19 16 to
2740 2460 35 18 the

2341 2484 52 18 little
2401 2484 44 18 folk
2455 2484 40 18 and
2505 2486 20 16 to
2537 2484 59 18 make
2615 2490 27 18 up
2652 2484 31 19 for
2693 2485 35 19 the
2739 2486 24 18 ab-

2341 2517 58 11 sence
2408 2511 21 17 of
2434 2516 12 12 a
2451 2516 64 12 recess
2520 2516 25 12 011
2551 2510 33 18 tin;
2592 2510 69 19 Prince
2670 2511 20 18 of
2699 2512 75 19 Wales'

2341 2535 106 26 Birthday.
2481 2536 33 18 Mr
2540 2535 112 19 Dickinson
2680 2538 95 19 returned

2341 2562 116 18 northward
2467 2568 26 12 on
2506 2562 33 18 the
2553 2562 100 24 Tuesday,
2665 2563 39 19 and
2715 2564 60 18 while

2341 2588 48 18 here
2399 2588 104 18 conferred
2513 2587 48 19 with
2573 2589 34 17 the
2624 2588 109 20 Chairman
2753 2592 23 17 of

2342 2616 34 16 ilie
2406 2614 73 19 School
2507 2613 120 19 Committee
2651 2615 86 19 relative
2756 2620 19 15 to

2341 2640 68 18 school
2438 2639 164 20 acionniodation
2629 2640 35 18 the
2693 2646 83 19 present

2342 2665 94 26 building
2446 2666 87 23 proving
2543 2666 25 18 its
2578 2666 161 20 itusuitableuess
2749 2675 26 12 011

2342 2692 136 18 examination
2497 2691 42 25 day
2558 2692 59 18 when
2643 2699 38 11 one
2700 2694 21 18 o.?
2739 2701 37 12 out

2343 2718 103 24 prevalent
2463 2719 79 17 breezes
2553 2724 40 12 was
2604 2718 21 18 in
2637 2719 94 19 evidence
2744 2721 32 18 for

2342 2745 34 17 the
2386 2744 105 24 Inspector
2499 2747 19 15 to
2528 2745 124 23 expeiience.

2342 2770 4 24 1
2352 2770 30 18 his
2406 2770 95 24 building
2525 2776 41 11 was
2589 2770 79 19 mooted
2702 2772 35 18 but
2761 2773 15 18 ic

2342 2797 17 17 is
2391 2796 104 24 generally
2528 2796 119 19 considered
2669 2796 15 19 it
2711 2799 64 18 would

2341 2825 41 15 cost
2408 2829 21 11 as
2455 2822 58 18 much
2539 2823 20 16 to
2578 2822 143 26 satisfactorily
2744 2831 22 12 re-

2342 2848 44 24 pair
2410 2848 41 18 this
2475 2847 118 19 unsuitable
2629 2848 96 27 building
2754 2858 22 11 as

2342 2875 15 17 it
2376 2874 67 18 wotilil
2463 2877 20 14 to
2501 2872 72 26 nearly
2596 2880 58 13 cover
2673 2876 34 17 tho
2730 2880 35 15 out-

2341 2900 33 24 lay
2391 2907 24 10 011
2433 2906 12 11 a
2464 2899 124 25 thoroughly
2601 2900 88 19 suitable
2708 2901 57 20 build-

2342 2926 35 24 ing
2387 2925 101 19 therefore
2499 2926 15 17 it
2525 2925 18 18 is
2550 2925 98 25 sincerely
2664 2926 66 26 hoped
2742 2929 34 19 the

2342 2952 61 18 latter
2421 2952 41 18 will
2485 2954 35 15 not
2539 2950 25 20 be
2582 2951 83 20 shelved
2684 2953 38 19 but
2741 2955 34 18 the

2342 2977 56 19 work
2413 2976 113 26 proceeded
2542 2978 48 18 with
2601 2984 22 12 as
2638 2984 48 13 soon
2696 2986 22 12 as
2729 2987 35 17 pos-

2342 3003 51 19 sible
2403 3004 39 18 and
2453 3004 33 18 tho
2498 3010 72 11 sooner
2580 3003 33 19 the
2631 3004 73 19 better.
2739 3008 36 17 Ihe

2342 3029 61 19 Court
2415 3029 71 19 Ilouse
2497 3035 41 13 was
2547 3029 74 19 visited
2632 3031 46 19 with
2692 3038 11 12 a
2723 3032 51 19 view

2341 3056 21 17 of
2379 3055 113 19 utilisation
2505 3055 30 18 for
2553 3055 105 20 scholastic
2678 3063 97 20 purposes

2342 3081 36 18 but
2388 3082 25 17 its
2424 3082 80 18 evident
2514 3081 164 20 unsuitubleness
2690 3090 39 13 was
2740 3091 23 18 ap-

2341 3110 71 22 parent
2422 3109 21 16 at
2453 3113 54 13 once.

2367 3133 43 18 The
2427 3133 83 24 general
2518 3133 87 19 election
2615 3133 18 19 is
2650 3134 74 20 looked
2734 3136 38 18 for>

2405 3162 20 15 to
2443 3159 49 18 with
2502 3166 12 11 a
2522 3159 53 24 good
2586 3159 45 19 deal
2642 3162 21 16 of
2681 3162 89 23 interest,

2341 3192 55 11 some
2417 3185 110 25 enquiring
2551 3186 90 18 whether
2659 3186 33 18 the
2718 3188 58 18 other

2340 3211 113 22 candidate,
2466 3211 31 18 Mr
2505 3211 67 23 Kelly,
2586 3211 40 19 will
2635 3212 47 18 visit
2697 3219 30 12 us.

2367 3236 42 19 The
2418 3236 85 26 [Rabbit,
2510 3241 62 21 agent
2587 3238 36 18 lias
2633 3238 50 19 been

2341 3269 10 7 o
2362 3263 38 17 lew
2468 3262 11 23 11
2483 3269 38 16 PVtJj
2541 3269 18 12 HI
2561 3263 19 18 H.I
2663 3271 49 9 vi»w
2730 3272 43 8 Kirr**.

2341 3288 72 19 cesslul
2421 3290 21 16 in
2449 3289 95 25 catching'
2552 3295 54 13 some
2614 3290 20 18 of
2641 3290 34 18 the
2683 3290 90 25 buumes;

2341 3315 15 17 it
2367 3315 16 17 is
2392 3315 64 24 hoj)e(l
2468 3315 24 17 lie
2507 3321 45 18 may
2572 3316 122 25 thoroughly
2714 3318 59 18 cliuck

2341 3341 54 18 their
2402 3341 89 19 increase
2503 3342 31 17 fur
2545 3341 16 18 if
2571 3342 49 24 they
2637 3345 35 22 get
2682 3342 34 19 the
2738 3349 24 19 up-

2340 3372 36 18 per
2392 3366 55 18 hand
2458 3367 47 18 then
2524 3368 115 25 gardening
2656 3368 39 18 and
2715 3369 49 19 culti-

2340 3392 70 25 vating
2420 3393 105 24 generally
2534 3393 42 19 will
2588 3394 23 18 be
2623 3396 33 17 out
2672 3395 21 17 of
2710 3400 49 19 ques-

2341 3418 49 17 tion.

2366 3443 42 18 The
2418 3443 106 25 following
2533 3444 45 18 civil
2587 3450 55 13 easos
2649 3451 51 12 were
2712 3446 60 19 he:ird

2339 3468 70 19 before
2418 3469 123 19 Lieut.-Col.
2561 3470 94 21 Roberts,
2671 3470 56 25 S.M.,
2743 3476 20 15 to-

2340 3494 38 24 day
2396 3495 116 25 (Monday.)
2544 3496 33 18 Wi
2585 3497 77 19 Ivatine
2669 3503 19 12 v.
2698 3498 60 25 JS'e'pa

2339 3520 59 19 claim
2409 3522 28 17 £o
2449 3521 97 24 damages
2555 3520 4 28 ;
2575 3529 25 11 no
2611 3529 124 19 appearance
2753 3526 19 17 of

2339 3546 96 24 plaintiff.
2482 3547 50 19 Case
2564 3543 80 24 struck*
2664 3552 40 15 out.
2745 3550 27 19 Te

2477 3580 18 12 v.
2508 3573 60 25 Nepa
2576 3581 6 16 ;■
2596 3575 57 19 claim
2671 3576 28 18 £5
2716 3575 42 19 dam-

2339 3604 49 18 ages
2397 3602 20 15 to
2427 3599 45 25 dog.
2501 3599 115 25 Judgment
2624 3601 31 18 for
2664 3601 108 20 defendant

2340 3624 47 18 with
2398 3624 139 26 interpreter's
2544 3629 52 15 costs
2606 3628 5 16 1
2618 3628 21 16 Os
2646 3627 31 18 6d.
2692 3626 80 26 Pa'pata

2339 3650 27 18 Te
2377 3650 69 19 Waha
2456 3658 19 11 v.
2486 3650 98 20 Mereana
2601 3650 92 27 Pupoki;
2714 3654 58 18 claim

2339 3676 29 18 £2
2378 3676 96 25 damages
2484 3679 21 16 to
2514 3683 14 12 a
2538 3677 67 19 whare
2614 3678 25 24 by
2647 3679 41 18 lire.
2705 3679 54 25 Judg-

2338 3705 56 15 ment
2403 3702 32 19 for
2444 3702 112 19 defendant
2570 3704 50 19 with
2635 3705 121 24 interpreter
2763 3712 9 12 s

2338 3730 52 16 costs
2401 3730 33 17 10s
2449 3728 32 19 6d.

2364 3753 77 25 Taupo,
2452 3754 53 19 Nov.
2516 3756 50 17 23rd
2575 3756 57 19 IS9G.

2462 3806 35 21 [by
2510 3807 138 22 telegraph.]

2557 3837 76 24 Taupo,
2644 3838 99 25 Tuesday.

2363 3865 102 21 Since'the
2475 3869 60 21 great
2542 3868 94 19 outburst
2646 3869 21 17 of
2676 3869 29 18 Te
2713 3869 56 19 Mare

2338 3897 55 13 some
2404 3891 50 25 days
2464 3899 39 18 ago
2512 3893 18 19 it
2541 3893 37 19 has
2584 3897 36 16 not
2629 3895 69 18 shown
2711 3895 58 19 much

2338 3918 46 24 sign
2396 3918 20 19 of
2422 3919 84 24 activity
2516 3919 33 19 till-
2563 3920 41 18 this
2615 3921 98 24 morning.
2740 3921 28 18 At

2338 3943 63 19 about
2413 3945 45 18 9.30
2470 3951 47 12 a.m.
2529 3952 26 12 an
2565 3946 97 18 immense
2681 3946 58 18 cloud
2750 3947 19 18 of

2338 3969 51 19 dark
2397 3970 70 19 smoke
2486 3970 47 19 shot
2544 3977 27 19 up
2582 3972 64 18 which
2657 3978 54 18 grew
2720 3972 37 19 don-

2338 4002 32 11 ter
2379 3996 41 19 and
2432 3996 72 19 denser
2512 4003 24 12 as
2551 3998 35 18 the
2596 3998 89 19 volcanic
2704 3999 65 18 action

2338 4021 110 19 increased.
2482 4022 28 19 At
2529 4023 35 18 the
2588 4030 55 12 same
2668 4024 48 18 time
2735 4025 34 18 the

2338 4046 70 20 Crater
2423 4048 57 18 Lalre
2499 4055 26 12 on
2540 4049 111 25 Tongariro

2337 4076 45 15 vast
2392 4074 91 19 volumes
2493 4075 20 17 of
2528 4078 63 16 steam
2603 4076 40 17 and
2664 4076 103 19 Ketotalii.

2338 4105 26 12 an
2383 4099 64 19 outlet
2471 4100 21 18 of
2514 4101 35 18 the
2568 4100 69 20 Crater
2650 4101 57 19 Lake
2730 4103 26 18 im-

2338 4124 108 25 mediately
2456 4125 72 22 below,
2536 4126 42 19 also
2588 4127 83 19 emitted
2678 4128 90 19 columns

2338 4151 21 18 of
2380 4153 70 17 steam.
2487 4152 113 24 Ngaruhoe
2617 4153 21 19 in
2664 4154 33 18 the
2716 4154 52 19 back

2803 150 20 16 g:
2829 143 55 19 ound
2902 148 41 12 was
2959 141 41 18 also
3014 140 72 19 active.
3113 141 42 18 The
3169 143 54 21 whole

2803 169 77 22 picture
2891 175 21 11 :is
2922 173 45 12 seen
2980 167 50 18 from
3049 165 35 20 tlie
3095 168 98 19 vorauddi
3206 176 10 12 o

2802 195 59 19 IJoss'
2883 194 62 18 Hotel
2956 198 38 13 was
3004 199 12 12 a
3027 196 50 15 most
3091 194 86 20 -inking

2802 221 42 18 The
2868 219 94 25 eruption
2978 219 21 17 of
3015 218 28 17 Ta
3054 218 57 18 Mare
3127 220 40 17 still
3184 228 39 12 c.iu,

2886 246 41 18 and
2937 245 34 18 the
2981 244 89 18 volcanic
3080 244 46 18 dust
3136 245 17 17 is
3171 246 52 25 being

2800 272 79 19 carried
2891 274 18 16 in
2920 278 12 11 a
2950 270 59 19 south
3031 270 86 24 easterly
3137 270 86 23 direction

2800 298 89 19 towards
2914 298 36 17 the
2983 296 134 18 KaiiiMiiawa
3154 303 69 16 ranges.

2800 325 66 18 There
2880 324 53 18 have
2950 322 51 18 been
3022 327 27 13 no
3070 322 57 18 earth
3149 326 74 18 tremors

2801 350 36 19 felt
2854 350 49 19 here
2920 348 40 19 and
2976 348 35 18 the
3041 354 81 17 geysers
3152 348 17 18 in
3195 350 28 20 tlio

2800 375 134 26 neiglib'ourh'
2944 380 11 12 o
2963 374 5 18 l
2987 374 22 18 of
3027 373 101 19 Wairakei
3139 374 39 18 mid
3195 380 28 15 the

2799 403 41 20 Spa
2851 403 52 18 have
2917 401 69 19 shown
3002 406 25 12 no
3037 406 12 12 a
3058 406 19 12 >n
3087 400 54 18 •r;iial
3159 401 64 23 action

2799 428 113 25 Ng.iruhoo
2933 426 64 19 which
3007 427 40 17 like
3073 426 100 23 Huap'diu
3189 434 34 10 w.i>

2799 455 73 18 almost
2889 451 85 21 covered
2993 452 49 18 with
3061 458 55 12 snow
3126 454 55 21 early
3188 453 35 20 this

2799 481 95 23 morning
2911 485 46 13 now
2980 479 66 17 i-lioivs
3072 477 57 19 itself
3158 479 65 20 fluiust

2798 507 94 19 denuded
2903 507 21 17 of
2942 505 25 17 its
2982 503 82 19 mantle.

2800 559 420 46 CABLEGRAMS

2820 640 93 18 London,
2931 637 108 18 November
3054 637 94 16 20.—The
3161 640 64 16 annual

2797 664 64 21 report
2875 663 20 16 of
2912 661 32 17 the
2960 660 47 17 New
3023 660 84 17 Zealand
3122 659 53 18 Loan
3193 661 32 18 and

2797 685 112 18 Mercantile
2918 684 98 21 Company
3025 683 62 17 shows
3094 682 33 17 the
3144 684 81 23 earnings

2797 709 31 17 for
2833 710 33 16 the
2874 714 46 16 year
2926 709 20 15 to
2954 708 78 16 amount
3041 707 20 17 to
3079 705 64 25 £193,1
3148 707 28 18 'Si,
3193 708 32 17 and

2797 734 33 16 the
2846 733 53 16 debit
2914 731 88 17 balances
3024 731 20 15 at
3061 729 87 19 £34,0(J3.
3173 729 52 19 There

2797 757 48 16 have
2853 756 47 17 been
2908 755 58 17 losses
2974 759 25 11 on
3016 753 52 17 stock
3086 752 36 17 and
3132 752 35 17 bad
3178 752 47 19 debts

2796 780 38 17 and
2846 778 74 22 though
2934 777 33 17 the
2983 782 42 11 new
3041 775 85 18 business
3142 776 84 21 provided

2796 802 67 23 profits
2870 802 16 16 it
2893 801 16 17 is
2917 805 98 17 necessary
3028 800 21 16 to
3065 799 78 22 provide
3159 799 66 23 largely

2796 825 75 23 beyond
2879 825 33 16 the
2920 823 113 18 indications
3042 822 19 17 of
3070 822 37 17 last
3115 828 45 16 year
3168 822 58 19 before

2796 849 34 17 the
2838 848 50 18 book
2896 848 56 16 value
2964 846 21 17 of
3002 846 32 17 the
3050 846 59 16 assets
3126 851 34 11 can
3176 847 50 17 reach

2796 872 50 17 their
2854 870 130 23 approximate
2993 869 38 17 real
3042 869 61 16 value.

2820 896 28 16 l)r
2856 893 106 19 Jameson's
2967 892 66 17 health
3042 892 14 17 is
3065 891 38 17 still
3120 891 106 22 precarious,

2797 919 28 16 Dr
2835 918 110 21 Allingham
2954 917 15 16 is
2977 915 20 17 in
3006 915 111 17 attendance
3129 914 55 22 daily,
3195 917 32 16 and

2797 942 33 17 the
2836 942 70 17 release
2915 940 19 17 of
2944 940 31 16 the
2983 938 85 23 prisoner
3082 938 15 16 is
3112 938 94 21 expected.

2820 965 40 17 The
2868 962 82 19 General
2958 962 46 17 Post
3012 961 58 17 Office
3083 961 58 17 invite
3157 961 70 18 tenders

2797 989 30 16 for
2833 989 33 15 the
2876 986 70 23 supply
2954 985 20 17 of
2983 985 64 19 10,000
3057 984 80 22 bicycles
3143 984 84 18 intended

2797 1012 30 17 for
2835 1016 33 12 use
2877 1011 19 16 in
2905 1010 32 17 the
2946 1008 61 23 postal
3016 1007 104 18 deliveries;

2821 1034 119 18 Shanghai,
2961 1030 107 19 November
3086 1032 27 16 2(i.
3122 1030 106 22 -—Reports

2797 1058 50 16 from
2856 1056 56 18 Seoul
2920 1056 49 17 state
2974 1055 43 16 that
3023 1060 11 11 a
3047 1054 81 16 number
3136 1053 19 17 of
3161 1053 31 17 Cm
3198 1060 29 12 cm

2797 1081 75 17 officers
2880 1079 47 17 have
2939 1079 46 16 been
3002 1077 84 18 arrested
3102 1077 31 17 for
3148 1076 79 24 plotting

2798 1105 19 16 to
2828 1103 47 18 seize
2883 1103 35 17 the
2929 1102 54 21 King
3003 1100 38 17 and
3060 1100 74 22 compel
3154 1100 38 17 him
3211 1103 17 14 !y

2797 1128 52 16 leave
2859 1126 32 17 the
2905 1123 81 19 Russian
3004 1123 94 23 Legation
3113 1123 39 17 and
3168 1125 60 16 return

2797 1152 20 15 to
2828 1150 31 17 the
2877 1149 73 17 Palace.
2981 1147 24 17 In
3021 1152 128 16 consequence
3165 1147 20 16 of

2798 1172 102 18 rumoured
2920 1171 42 23 plot
2983 1171 33 16 100
3037 1169 64 18 sailors
3134 1170 48 17 from
3199 1170 29 17 the

2797 1196 82 18 Russian
2888 1194 81 22 warship
2978 1194 48 16 have
3035 1192 70 18 landed
3117 1196 21 13 at
3147 1192 60 18 Seoul.

2822 1220 91 18 Sydney,
2924 1216 107 18 November
3041 1218 27 15 -(>.
3072 1216 78 16 —After
3158 1216 70 22 serving

2799 1244 20 16 10
2826 1242 58 22 years'
2894 1241 144 22 imprisonment
3046 1239 33 17 the
3084 1239 70 17 Mount
3162 1239 66 17 Ronnie

2796 1271 101 17 prisoners,
2914 1260 98 23 Newman,
3034 1262 114 19 Donnellan,
3163 1262 66 21 Miller,-

2797 1290 68 20 Ivegau
2875 1288 37 17 and
2922 1287 39 17 Ilill
2971 1286 47 17 have
3026 1286 47 17 been
3086 1285 88 17 released.

2821 1309 244 21 MELBOURNE,November
3110 1309 62 17 —The
3180 1310 50 20 great

2796 1336 45 17 beat
2850 1331 130 26 experienced.
2988 1332 119 23 throughout
3119 1331 33 17 tho
3166 1332 64 22 colony

2797 1359 71 22 during
2877 1359 32 16 the
2917 1358 42 21 past
2968 1356 36 17 five
3013 1356 47 21 days
3068 1356 33 16 has
3118 1354 56 24 given
3192 1361 37 17 way

2797 1384 20 15 to
2826 1389 11 10 a
2846 1381 78 23 general
2933 1379 83 18 rainfall.
3041 1378 76 23 During
3134 1378 32 17 tho
3174 1378 44 17 thun-

2797 1406 93 16 derstorm
2907 1404 33 16 the
2955 1403 15 15 \V
2977 1403 76 21 esloyan
3073 1407 106 16 parsonage
3195 1407 34 11 was

2797 1428 65 18 struck
2882 1428 26 22 by
2928 1425 98 23 lightning
3048 1425 38 16 and
3107 1422 123 20 considerable'

2797 1452 82 21 damage
2904 1450 54 17 done.
3001 1450 26 15 At
3047 1448 76 17 Kaniva
3140 1454 10 11 a
3165 1448 65 17 farmer

2797 1474 69 18 named
2877 1470 59 21 Foote
2946 1478 37 12 was
2993 1472 75 23 getting
3077 1471 84 23 through
3171 1478 9 10 a
3190 1471 40 17 wire

2798 1498 59 19 fence,
2867 1497 38 17 and
2911 1502 20 12 as
2952 1496 22 17 he
2996 1494 81 23 grasped
3100 1495 33 16 the
3150 1495 44 16 wire
3209 1495 21 16 he

2797 1527 40 11 was
2845 1520 64 18 strucd
2918 1519 48 18 defad
2980 1519 25 21 by
3013 1518 33 17 the
3058 1517 104 23 lightning.

2822 1545 113 18 Adelaide,
2944 1542 107 17 November
3056 1541 80 17 20.--At
3143 1542 33 15 the
3183 1541 35 16 Hos-

2799 1568 49 22 pital
2863 1566 83 23 inquiry,
2964 1566 29 16 l)r
3009 1564 75 20 Corbin,
3099 1564 63 17 whilst
3175 1564 56 17 under

2798 1591 129 17 examination
2936 1589 46 17 with
2992 1588 93 17 reference
3094 1589 19 15 to
3127 1593 23 11 an
3167 1593 53 16 opera-

2798 1615 40 16 tion
2847 1612 108 24 performed
2964 1612 25 22 by
2998 1611 27 18 Dr
3034 1611 76 22 Napier,
3126 1617 37 10 was
3177 1610 54 17 asked

2798 1637 27 22 by
2833 1637 32 17 the
2875 1636 54 18 Chief
2943 1636 96 21 Secretary
3054 1634 44 22 why
3115 1634 23 17 he
3155 1634 32 17 did
3199 1637 32 14 not

2799 1662 78 19 suggest
2886 1665 12 12 a
2906 1658 70 18 certain
2986 1663 65 12 course
3061 1657 68 17 should
3138 1657 23 17 be
3171 1657 59 18 taken,

2799 1683 37 17 and
2845 1684 15 16 if
2868 1683 24 17 he
2901 1682 32 17 did
2942 1683 34 15 not
2984 1681 56 17 think
3049 1687 19 11 so
3079 1681 22 16 he
3110 1681 68 17 should
3187 1681 44 16 have

2798 1706 103 18 interfeVed
2912 1706 19 17 in
2941 1705 32 17 the
2987 1705 87 16 interests
3091 1704 20 17 of
3127 1704 104 21 humanity.

2799 1730 28 17 Dr
2836 1729 69 18 Corbin
2915 1728 70 23 replied
2993 1728 23 16 he
3021 1733 38 11 was
3068 1726 122 23 sodisgusted
3197 1726 35 18 and

2798 1753 85 20 thought
2892 1752 42 17 that
2951 1751 32 17 the
3000 1752 82 20 greatest
3099 1751 51 22 good
3166 1753 20 14 to
3202 1751 30 16 the

2799 1777 83 21 greatest
2890 1775 81 17 nuniber
2980 1780 37 11 was
3026 1775 29 16 far
3064 1779 51 12 more
3129 1776 20 15 to
3158 1774 23 17 be
3190 1779 31 12 con-

2799 1799 79 18 sidered.
2905 1799 29 16 He
2946 1798 29 17 diil
2986 1799 34 16 not
3027 1798 88 16 interfere
3125 1797 77 18 because
3212 1797 20 16 he

2799 1822 63 23 hoped
2871 1822 29 17 Dr
2908 1821 71 22 Napier
2988 1820 63 18 would
3060 1820 33 17 kill
3107 1821 33 17 tho
3154 1820 76 23 patient,

2799 1846 38 17 and
2853 1845 44 18 thus
2912 1845 56 17 damn
2985 1844 76 17 himself
3079 1844 28 16 for
3123 1850 49 10 ever.
3204 1844 28 16 He

2799 1869 85 22 thought
2893 1869 15 16 if
2917 1874 35 11 one
2960 1874 42 11 case
3011 1867 55 18 could
3075 1867 48 18 raise
3131 1867 31 17 the
3173 1866 50 21 indig-

2799 1893 66 16 nation
2875 1892 20 17 of
2903 1891 32 18 the
2943 1890 85 24 sluggish
3038 1890 63 22 public
3118 1896 58 16 many
3190 1890 42 17 lives

2799 1916 64 21 in.ght
2871 1915 23 17 be
2903 1914 61 17 saved.

2891 1961 222 31 TELEGRAPHIC.

2835 2028 61 19 THE
2913 2028 102 18 TAUPO
3038 2028 161 19 ERUPTION.

2871 2075 31 18 Te
2914 2075 65 18 Mare
2999 2075 69 23 again
3081 2075 82 19 active.

2823 2103 75 19 Taupo,
2908 2103 167 22 Friday.—About
3090 2105 38 16 l.l'i
3146 2110 15 10 •>.
3172 2110 17 11 11.
3205 2104 19 17 to-

2799 2126 37 22 day
2845 2126 26 17 Te
2880 2126 53 17 Mara
2942 2126 57 22 again
3008 2126 75 17 became
3098 2133 20 10 so
3127 2127 29 16 He
3166 2127 25 21 dy
3204 2133 20 10 ac-

2798 2149 45 19 tive,
2854 2149 90 24 omitting'
2952 2155 11 11 a
2971 2149 53 22 large
3033 2150 51 21 body
3092 2151 21 17 of
3120 2150 10 17 <!
3139 2151 27 16 irl;
3172 2150 61 17 smoke

2798 2172 38 17 and
2846 2173 60 19 aslies,
2916 2171 39 19 also
2972 2174 66 16 steam.
3072 2173 44 17 This
3130 2173 60 18 lasted
3207 2174 26 16 for

2798 2194 60 17 about
2871 2201 24 10 an
2904 2195 54 17 hour,
2968 2195 33 17 the
3010 2196 49 17 wind
3069 2197 89 21 carrying
3167 2198 15 16 it
3191 2198 18 16 in
3224 2206 9 9 a

2798 2218 99 22 northerly
2908 2218 97 17 direction.
3030 2219 31 17 All
3071 2220 31 17 the
3111 2223 54 14 vents
3174 2227 24 10 011
3205 2222 28 17 the

2798 2242 101 16 mountain
2915 2247 48 11 were
2991 2241 156 24 simultaneously
3168 2245 65 19 active,

2798 2264 38 17 and
2857 2265 33 16 the
2908 2265 120 22 atmosphere
3044 2266 58 22 being
3125 2272 46 12 very
3188 2268 45 17 clear

2798 2288 55 16 made
2870 2288 33 17 the
2911 2293 54 12 scene
2982 2294 11 11 a
3010 2294 46 16 very
3073 2289 112 23 interesting
3199 2291 34 17 and

2798 2310 121 23 picturesque
2928 2314 40 14 one'.
2995 2312 55 17 After
3059 2312 58 17 about
3125 2319 34 11 one
3172 2314 61 18 hour's

2797 2334 71 21 partial
2876 2335 70 22 respite
2953 2335 45 21 tliey
3007 2335 57 20 again
3074 2341 52 12 came
3132 2336 40 18 into
3181 2343 42 16 oper-

2797 2357 59 20 ation,
2866 2357 36 18 but
2911 2361 34 14 not
2954 2358 45 17 with
3009 2359 45 16 such
3061 2359 99 23 brilliancy
3177 2367 21 11 as
3212 2367 21 11 011

2797 2380 33 17 the
2838 2380 42 18 first
2888 2381 92 17 occasion.
3005 2381 48 18 Last
3068 2383 82 18 evening
3162 2384 71 22 Nftimi.

2797 2403 36 17 hoe
2851 2409 37 12 was
2897 2409 46 17 very
2951 2404 60 17 active
3027 2406 37 16 and
3079 2412 24 11 on
3119 2407 114 21 Wednesday

2797 2428 20 15 at
2826 2427 48 17 dusk
2892 2428 35 16 Ret
2930 2428 42 16 eta!)
2976 2427 4 26 i
2998 2434 38 11 was
3050 2429 40 17 also
3104 2430 20 16 in
3141 2432 92 21 eruption.

2798 2451 39 17 The
2853 2451 97 17 continual
2967 2451 82 23 changes
3066 2453 18 16 in
3101 2453 52 18 these
3168 2461 52 11 moun-

2797 2474 51 17 tains
2858 2474 55 17 make
2921 2474 53 17 them
2983 2474 20 17 of
3017 2481 51 12 more
3084 2476 46 17 than
3146 2477 87 18 ordinary

2798 2497 78 17 interest
2886 2498 20 16 to
2906 2497 1 24 1
2914 2497 79 18 tourists
3000 2499 21 16 at
3029 2498 33 18 the
3074 2502 75 19 present
3158 2501 52 17 time.

2823 2546 120 20 Auckland,
2954 2546 133 22 Friday.—Mr
3098 2549 60 20 Hugh
3169 2549 54 18 Short-

2798 2569 47 17 land
2854 2575 107 12 announces
2970 2570 43 17 that
3021 2571 23 16 he
3053 2571 34 18 lias
3102 2572 69 19 retired
3187 2573 46 17 from

2798 2593 33 17 the
2841 2593 50 17 Pari)
2894 2593 24 17 ell
2926 2594 79 16 contest.

2823 2616 38 17 The
2883 2616 64 17 Floral
2968 2616 45 18 Fete
3034 2618 112 18 to-niorrow
3168 2620 20 16 at
3204 2620 29 16 the

2798 2639 88 18 Ellerslie
2896 2639 125 18 Race-course
3030 2641 68 17 should
3106 2641 23 18 be
3139 2649 10 10 a
3162 2645 71 19 greater

2799 2667 73 13 success
2881 2662 47 17 than
2938 2662 43 18 that
2990 2664 19 16 of
3017 2664 37 17 last
3067 2670 50 16 year.
3150 2666 40 17 The
3203 2673 20 10 en-

2799 2685 44 17 tries
2852 2691 32 11 are
2893 2692 45 15 very
2954 2692 101 12 numerous
3073 2688 37 17 arid
3126 2689 26 17 all
3169 2689 64 18 classes

2799 2714 31 11 are
2840 2709 42 17 well
2892 2709 124 22 represented.

2823 2732 119 19 Hamilton,
2950 2732 157 22 Friday.—News
3111 2740 38 13 was
3153 2735 80 18 received

2799 2755 45 17 here
2853 2755 68 22 to-day
2930 2756 44 16 that
2983 2756 31 17 Mr
3022 2756 51 18 John
3088 2758 85 23 Deegan,
3183 2760 40 17 well-

2798 2778 71 18 kuown
2884 2779 19 15 in
2920 2779 38 16 this
2975 2779 74 18 district
3065 2780 38 18 and
3119 2782 91 23 formerly
3225 2790 8 10 a

2799 2801 58 18 coach
2873 2801 112 23 proprietor,
3002 2803 39 17 had
3055 2803 85 24 dropped
3152 2805 49 19 dead
3216 2807 17 16 in

2799 2824 33 17 the
2840 2826 58 15 street
2907 2827 19 14 at
2936 2825 77 18 Paeroa.

2823 2848 92 21 OroTiKi,
2923 2848 134 22 Friday.—Mr
3063 2850 58 23 Kelly
3127 2852 38 16 had
3171 2859 12 11 a
3187 2853 46 20 Rood

2799 2871 84 21 meeting
2892 2873 20 15 at
2921 2871 77 23 Opotiki
3007 2878 24 11 on
3040 2873 118 24 Wednesday
3173 2876 60 21 night,

2799 2894 33 17 the
2841 2894 67 17 Public
2915 2895 47 16 Hall
2970 2895 59 21 being
3037 2893 112 22 well-filled.'
3170 2899 17 17 A
3192 2900 41 17 vote

2800 2918 20 16 of
2827 2918 71 17 thanks
2907 2918 35 17 aad
2952 2918 106 19 confidence
3067 2926 38 11 was
3114 2921 77 18 carried.

2824 2940 167 21 CiraiSTCHUKcrc,
3014 2942 130 24 Thursday.—
3149 2945 17 17 A
3187 2947 46 16 most

2799 2963 104 23 important
2912 2966 56 15 event,
2976 2965 18 17 in
3008 2967 111 17 connection
3128 2968 46 17 with
3189 2968 44 18 New

2799 2987 84 17 Zealand
2903 2987 70 18 cricket
2994 2990 119 17 commenced
3129 2992 70 19 to-day
3216 2994 16 15 at

2798 3010 104 17 Lancaster
2910 3011 56 18 Park,
2976 3012 54 17 when
3037 3012 33 17 the
3077 3013 35 17 far-
3118 3014 63 18 famed
3186 3015 36 18 Aus-

2799 3033 68 17 tralian
2877 3034 64 16 eleven
2950 3034 20 17 of
2988 3033 31 22 189
3030 3033 10 22 C
3051 3033 73 22 tackled
3141 3044 11 10 a
3167 3038 66 17 chosen

2798 3055 65 18 fifteen
2871 3057 20 16 of
2899 3057 48 17 New
2955 3057 89 19 Zealand.
3070 3059 38 17 The
3117 3061 116 18 Australians

2797 3079 68 17 batted
2873 3080 21 16 in
2902 3080 26 17 all
2936 3087 12 10 a
2961 3080 49 18 little
3023 3087 45 12 over
3081 3085 10 14 4
3107 3083 58 18 hours
3178 3085 31 17 for
3224 3092 9 10 a

2797 3102 49 17 total
2856 3103 20 16 of
2885 3104 17 15 .'if
2903 3102 21 28 )4.
2936 3104 32 16 the
2977 3104 66 17 fastest
3049 3107 124 21 run-getting
3178 3108 55 22 being

2798 3125 64 17 whilst
2870 3126 58 22 Kelly
2938 3132 37 12 was
2983 3127 19 17 in
3012 3134 20 10 as
3041 3128 23 18 lie
3079 3129 38 17 and
3131 3130 55 23 Eady
3199 3134 34 19 put

2799 3154 24 11 on
2832 3150 23 15 !)()
2863 3154 46 13 runs
2917 3149 20 17 in
2947 3151 75 22 exactly
3032 3153 21 15 GO
3064 3153 88 17 minutes.

3135 3177 77 23 Friday.

2822 3194 39 18 The
2871 3195 71 17 cricket
2950 3196 63 18 match
3023 3203 38 12 was
3067 3200 84 17 resumed
3159 3201 74 21 to-day,

2789 3217 1 24 i
2799 3217 41 18 Cuff
2849 3218 39 17 and
2904 3219 44 17 Mill
2965 3219 73 22 operied
3054 3221 34 17 the'
3103 3222 55 18 home
3169 3224 64 17 team's

2789 3240 1 28 J
2798 3241 82 21 innings,
2891 3241 37 18 and
2938 3244 19 15 at
2966 3248 35 11 one
3010 3244 32 17 the
3051 3245 48 17 total
3115 3252 39 12 was
3170 3248 22 16 21
3207 3248 26 16 for

2789 3264 1 18 !
2798 3264 43 16 four
2849 3264 86 18 wickets.-

3147 3292 64 18 Later.

2821 3310 94 18 Williams
2923 3311 39 17 and
2969 3313 52 18 Ncill
3037 3314 54 17 made
3105 3321 12 11 a
3132 3313 36 20 fair
3180 3316 53 18 stand

2797 3334 38 17 and
2845 3334 72 17 carried
2925 3335 32 17 the
2964 3336 47 17 total
3022 3338 19 15 to
3049 3339 24 15 48
3081 3337 64 18 before
3154 3340 33 16 the
3196 3340 28 16 for-

2799 3362 38 12 mer
2846 3357 19 17 in
2879 3358 66 20 tr\ing
2959 3360 20 15 to
2994 3360 40 21 pull
3052 3360 62 18 Giffen
3128 3368 38 11 was
3182 3363 51 17 clean

2797 3379 84 24 qowlctt;
2896 3381 56 21 Neill,
2963 3384 32 15 not
3010 3385 39 18 out,
3069 3386 10 14 9
3093 3385 49 17 total
3154 3386 31 17 for
3200 3386 33 17 five

2797 3403 82 21 wickets,
2889 3405 28 16 48.

2946 3444 140 20 IMITATION

2987 3468 14 17 is
3013 3469 33 17 the

2855 3513 5 6 r
2868 3489 141 19 SINCEREST
3019 3492 142 20 FLATTERY.

2855 3513 40 16 The
2903 3514 74 16 articles
2988 3516 50 16 most
3046 3516 88 19 imitated
3142 3524 33 11 are

2878 3535 137 21 CLEMENTS
3023 3539 79 18 TOXIC
3113 3541 37 17 and

2896 3560 151 19 FLETCHERS
3056 3563 80 18 PILLS.

2795 3581 64 17 WHY
2866 3581 8 17 ?

2820 3604 118 18 BECAUSE
2954 3606 46 23 they
3016 3608 49 17 have
3074 3609 31 17 the
3117 3610 41 17 best
3175 3617 45 16 repu-

2795 3628 62 16 tation
2874 3629 38 16 and
2928 3635 31 11 are
2968 3630 20 17 in
2996 3633 50 16 most
3059 3632 82 18 demand
3157 3634 26 18 by
3200 3636 24 15 tin-

2795 3650 70 22 public,
2892 3654 140 21 consequently,
3055 3661 56 17 every
3135 3656 97 19 dishonest,

2795 3674 64 16 trader
2872 3675 47 17 tries'
2925 3676 20 17 to
2960 3676 53 18 trade
3023 3683 23 11 on
3061 3678 50 18 their
3128 3680 49 17 fame
3194 3682 36 15 and

2794 3702 83 13 renown.

2819 3720 19 17 It
2851 3720 16 17 is
2875 3716 61 28 really
2944 3723 105 17 wonderful
3066 3725 43 17 that
3122 3726 34 17 the
3172 3728 47 16 Aust-

2794 3743 62 17 ralian
2864 3744 68 23 people
2940 3751 31 11 are
2981 3751 20 12 so
3009 3747 47 16 slow
3065 3749 19 16 to
3092 3754 30 11 see
3130 3749 33 17 the
3176 3751 54 16 truth

2794 3772 21 11 as
2822 3767 120 21 regards'the
2950 3770 138 21 unscrupulous
3103 3772 72 22 quacks
3192 3774 37 16 and

2794 3789 108 18 charlatans
2910 3791 43 19 who
2960 3797 46 17 prey
3015 3799 24 10 on
3053 3794 33 17 the
3103 3795 93 22 credulity
3211 3798 20 16 of

2794 3812 33 17 the
2839 3812 111 19 Australian
2968 3816 69 20 public.
3064 3817 86 23 Scarcely
3159 3826 11 10 a
3178 3820 52 16 week

2794 3840 43 12 ever
2872 3842 65 17 passes
2974 3838 35 17 but
3041 3840 52 17 what
3118 3842 32 17 the
3178 3848 52 16 press

2794 3864 78 16 exposes
2893 3860 33 17 the
2950 3860 101 20 barefaced
3074 3864 38 16 and
3136 3865 94 18 shameful

2792 3882 93 21 practices
2894 3883 20 16 of
2922 3889 51 12 some
2983 3885 19 16 of
3010 3885 53 18 these
3071 3886 80 23 harpies,
3162 3890 38 20 yet.
3210 3889 20 16 in

2794 3906 40 16 lace
2844 3906 20 16 of
2872 3906 26 17 all
2908 3906 45 23 they
2962 3913 48 11 seem
3022 3910 17 15 io
3056 3909 67 21 thrive,
3142 3911 38 18 and
3196 3912 34 17 tins

2792 3932 60 18 paper
2875 3929 43 17 who
2936 3930 73 18 hounds
3027 3932 50 17 them
3102 3933 57 18 down
3180 3937 50 15 most,

2792 3950 72 19 thrives
2869 3952 68 17 fattest
2945 3958 24 12 on
2975 3954 50 17 their
3030 3955 199 25 advertisementsjand

2793 3973 66 18 cracks
2878 3975 132 24 champhague
3027 3984 45 11 over
3087 3979 46 18 each
3149 3972 80 26 bal'inco

2793 3996 59 18 sheet.
2886 3998 96 19 Clements
2995 4001 59 17 Tonic
3070 4002 39 17 and
3124 4003 105 18 Fletcher's

2792 4019 48 18 Pills
2848 4020 48 18 have
2905 4028 57 11 never
2967 4024 32 20 yet
3008 4024 78 23 stooped
3095 4027 20 15 to
3128 4026 100 23 deception

2792 4042 37 17 and
2845 4044 189 22 misrepresentation.
3060 4048 51 22 They
3120 4055 31 11 are
3168 4050 62 17 scion--'

2792 4065 40 18 title
2846 4066 138 24 therapeutical
2997 4071 73 21 agents,
3089 4072 38 17 and
3140 4073 89 17 evidenro

2792 4094 20 10 as
2821 4090 21 16 to
2851 4090 50 17 their
2908 4092 56 16 value
2973 4098 34 11 can
3015 4093 24 17 be
3053 4094 59 17 found
3126 4096 19 16 in
3162 4096 67 22 nearly

2792 4117 57 17 every
2858 4113 79 20 district,
2945 4115 38 17 and
2991 4116 46 17 such
3045 4116 58 23 being
3112 4118 32 17 the
3152 4125 42 11 case
3213 4120 14 16 if

2792 4134 14 17 is
2816 4141 125 19 unnecessary
2949 4139 20 16 to
2980 4139 72 18 further
3065 4141 52 17 extol
3125 4141 50 18 their
3189 4143 29 16 vir-

2790 4160 48 14 tues.

1170 78 60 20 THE
1258 79 58 21 HOT
1343 77 92 21 LAKES
1464 76 176 28 CHRONICLE,
1669 81 158 23 SATURDAY,
1857 76 159 26 NOVEMBER
2044 79 30 25 28,
2095 81 48 19 IS9&

78 238 420 22 rTXrONSTEAMSIIIPCOMPANYOF

78 258 28 27 K_>
163 265 60 17 NEW
235 263 122 18 ZEALAND
365 262 89 18 Limited.

132 297 122 21 Fkui'U-KD
266 293 171 24 duTarrcnu^T

202 334 48 14 i-Uii
329 331 35 17 bY.

68 366 149 17 Rotomahana,
235 362 92 23 Monday,
336 362 45 17 Doe.
399 362 16 18 7,
428 361 11 15 6
453 361 45 20 p.rii.

143 406 48 16 Full
202 405 43 16 ovjU
344 405 46 13 ix>a
396 405 4 17 i
407 406 10 10 s

74 444 6 12 1
85 447 81 11 AKAi'UXA
174 447 52 15 every
235 442 75 18 Monday

68 463 130 17 MaiiinapUa
206 468 55 16 every
268 461 103 21 Thursday.

70 502 90 17 Auckland
167 501 67 16 Brauuli
286 500 104 16 PalineiMiui
402 498 96 16 Uuildiuu».

68 635 160 46 HUDDART,
252 631 112 22 PARKER,
384 632 54 17 AND
459 628 32 19 GO

229 656 107 25 (LllU-IED)i

89 705 95 24 Splendid,
193 701 164 25 Well-appointed
361 701 94 18 Steamers
460 700 38 17 will

66 731 23 16 be
97 727 113 25 despatched
219 728 49 16 from
276 728 118 15 Auckland,
405 730 19 10 as
439 722 59 18 under

64 752 91 24 (weather
170 750 38 18 and
226 750 55 18 other
296 748 143 18 circumstances
455 752 43 16 per-

65 800 42 17 Fon
113 796 134 20 GISBORNE,
254 794 104 20 NAPIER,
366 792 116 17 WELLING-

87 821 56 20 TON,
155 818 157 19 LYTTELTON,
322 819 14 15 &
345 815 128 20 DUNEDIN,

66 844 106 19 Tasmania
209 843 103 18 Tuesday,
327 841 45 17 Dec.
383 840 15 19 1,
411 841 19 15 12
440 844 57 12 noon-.

65 870 99 18 Anglian,
172 867 101 17 Tuesday,
281 865 44 17 Dec.
339 865 27 17 10,
375 864 20 16 1-
402 868 56 11 noon.

191 912 51 17 FOR
257 910 112 20 SYDNEY,

110 936 115 24 (Returning
237 937 19 15 to
265 933 99 19 Auckland
372 932 79 23 Direct;)

65 961 93 21 Carrying
177 959 113 22 Passengers
311 958 29 16 for
362 957 134 19 Meluouhne,

64 979 4 22 t
76 984 55 17 other
136 980 130 20 Australian
273 981 71 18 Pouts,
351 979 37 17 and
394 979 90 19 lloilaiit,

63 1013 95 16 Anglian
212 1010 98 17 Monday,
322 1008 48 17 Nov.
384 1008 28 19 .'id,
429 1009 10 14 -1
449 1013 46 15 p.m.

64 1035 107 17 Tasmania
219 1033 97 18 Monday,
325 1032 45 17 Dec.
381 1032 28 18 14,
423 1033 11 13 4
450 1035 46 16 p.m.

89 1062 30 16 All
129 1060 73 17 Tickets
209 1066 31 11 are
249 1059 91 17 available
349 1058 39 17 also
402 1058 29 16 for
440 1057 45 22 Stop-

65 1091 44 11 over
117 1089 22 11 or
146 1084 34 16 Rel
183 1089 34 11 mil
231 1083 26 21 by
269 1082 54 18 ANY
340 1081 36 17 UN
381 1081 41 17 lON
438 1081 59 17 CO.'S

66 1106 138 20 STEAMERS,
214 1107 37 15 aiui
259 1105 74 17 holders
342 1105 20 16 of
371 1104 66 17 I'.S.S.
455 1104 42 17 Go's

65 1131 74 16 Tickets
158 1135 44 16 may
219 1128 60 18 travel
295 1129 25 18 by
341 1127 118 18 ANGLIAN
475 1133 22 10 or

65 1152 138 19 TASMANIA;

162 1182 22 16 L.
198 1181 24 16 D.
231 1178 107 19 NATHAN
352 1180 15 16 &
381 1176 44 23 GO.,

393 1202 80 23 Agents,

64 1255 220 45 Rotofua
305 1253 187 53 Sights.

64 1333 96 23 rjIRIPS
184 1332 141 17 ARRANGED
339 1333 20 15 to
381 1330 61 19 ALL
461 1331 32 16 tlic

78 1350 9 26 I
127 1355 106 19 SIGHTS
243 1356 19 16 in
270 1356 32 16 the
311 1354 79 17 District
397 1354 24 22 by
431 1354 62 19 coiicli,

63 1379 138 18 steam-launch
211 1384 20 12 or
239 1378 60 18 liorse;

86 1402 88 22 Through
184 1407 87 17 passages
281 1400 73 18 hooked
369 1401 20 16 to
403 1399 79 22 Welling-

64 1426 31 17 ton
104 1426 31 16 via
142 1424 99 20 Wairakei,
256 1425 65 21 Tanpo
334 1423 39 17 and
386 1423 71 21 Napier
474 1428 19 11 or

61 1450 33 15 the
102 1447 105 19 celebrated
217 1447 107 22 Wanganui
332 1446 56 18 River
398 1446 66 17 Routes

131 1479 152 25 LOWEST
302 1477 124 26 RATES.

61 1535 95 19 GUIDE
181 1535 102 17 BOOKS
309 1538 29 14 on
363 1533 52 18 Sale
448 1533 44 18 and

153 1557 150 19 distribution
319 1556 80 24 gratis.

137 1604 72 18 THOS.
220 1604 68 18 COOK
300 1603 54 18 AND
367 1603 55 20 SOX,

114 1632 100 17 HixKMo.v
234 1632 83 19 Street,
342 1631 103 17 Rotoeua.

183 1690 26 13 ]IV
222 1689 149 14 AI'I'OIXT.MEXT.

200 1749 50 19 p-W.:
283 1742 15 26 li
304 1743 56 28 "V'v^

61 1878 250 20 MANUFACTURING
334 1876 158 23 .IEWISLLER,

140 1902 60 22 ANI)
217 1903 197 22 SILVERSMITH,

63 1940 98 25 QUEEN
183 1938 125 28 STREET,
325 1934 168 29 AUCKLAND,

253 1978 41 14 AND

99 2006 28 25 B.
149 2005 190 25 PETERSEN
356 2005 23 24 &
402 2004 20 25 C

63 2047 62 23 High
146 2046 83 22 Street,
248 2045 244 20 GHRISTCHURCH,

83 2095 117 18 HIGHEST
212 2094 108 18 AWARDS
330 2093 138 19 OBTAINED.

62 2125 75 21 Sydney
146 2123 116 19 Exhibition,
273 2125 49 17 1ST!),
332 2123 37 16 and
382 2122 111 18 Melbourne

189 2147 117 19 Exhibition,
318 2147 49 16 1890.

74 2204 11 26 |
95 2203 56 18 OIIN
175 2203 16 16 I.
222 2202 106 18 PHILIPS
360 2202 54 17 AND
447 2201 44 21 CO.,

170 2230 75 13 MIXIXG
259 2229 120 16 EXGIXEEKS,

109 2253 129 14 AL'TirOIMSEI)
253 2253 75 13 MIXING
341 2252 42 13 AXD
393 2252 53 13 LAXI)

154 2276 105 14 'iIIAXSEEIt
271 2275 124 14 SUItVEYOItS.

61 2318 57 18 Head
127 2318 67 18 Office:
217 2318 106 22 Ilalyday's
339 2317 106 22 Buildings,
463 2318 28 19 2(5,

131 2341 176 20 Shortland-street,
317 2340 105 18 Auckland.

61 2371 46 17 P.O.
117 2371 41 16 Box
168 2370 39 17 :3;!2.
337 2369 106 22 Telephone
452 2370 39 16 980.

62 2398 57 17 Cable
127 2398 82 17 Address
217 2396 3 21 :
233 2398 137 19 Theodolite,
387 2396 105 17 Auckland.

189 2443 75 17 Branch
282 2443 78 17 Offices:

63 2473 168 19 WIIAIiF-STUEET,
242 2472 86 16 Paekoa-
329 2471 51 17 —Mr
385 2471 22 17 F.
416 2471 23 16 A.
447 2471 36 17 Cilt-

85 2498 39 18 ten,
135 2496 51 18 C.E.,
196 2495 77 21 Mining
287 2495 93 21 Surveyor
393 2494 19 17 in
424 2493 69 23 charge

85 2520 19 16 of
113 2519 83 20 district;
210 2518 32 17 Mr
253 2518 21 17 T.
291 2517 95 21 Whewell,
405 2517 88 16 Resilient

85 2542 104 21 Secretary.

61 2563 168 21 13IiOWX-STREET,
239 2565 85 16 THAMES
326 2563 53 17 —Mr
392 2563 66 16 Albert
474 2563 18 17 S.

85 2588 69 19 Allom,
165 2587 40 17 Min
215 2593 27 16 ng
251 2587 94 21 Surveyor
353 2586 19 17 in
389 2586 69 22 charge
474 2586 19 17 of

85 2611 79 17 district.

62 2634 101 17 Kataxga
182 2631 64 23 Road,
269 2633 138 17 Coroiiaxdel
447 2632 45 17 P.O.

85 2658 42 16 Box
146 2657 24 17 IT.
196 2656 32 17 Mr
243 2657 23 16 E.
284 2656 25 17 11.
327 2655 74 22 Hardy,
419 2655 74 22 Mining

86 2681 93 20 Surveyor
187 2679 18 16 in
215 2680 69 21 charge
292 2679 21 16 of
324 2678 73 17 district
405 2678 4 23 ;■
422 2678 32 17 Mr
469 2680 23 15 A.

85 2704 21 16 E.
116 2698 77 25 Billing,
207 2702 88 18 Hcsidont
309 2702 102 19 Secretary.

67 2768 227 46 Blocker's
344 2767 147 53 Dutefy

198 2824 161 45 Cocoa,

63 2935 137 32 Highest
210 2935 125 25 awards
350 2935 31 24 at
395 2938 98 28 every

184 2975 195 26 Exhibition.

97 3023 63 25 The
173 3023 97 25 latest
283 3022 27 25 is
323 3022 54 25 tlie
398 3022 95 26 Cross

64 3056 34 25 of
104 3056 110 25 Honor
227 3057 32 24 at
277 3056 53 24 the
351 3055 122 25 Amster-

65 3089 71 25 dam
145 3088 187 25 Exhibition
341 3088 90 28 1895,
441 3088 52 24 the

63 3121 127 31 highest
198 3121 138 32 possible
346 3120 115 26 award.

67 3187 291 44 Ehrenfried
372 3186 121 44 Bros

209 3243 80 18 BREW
293 3243 56 17 KT?R.

144 3275 108 19 ALBERT
266 3273 148 24 BREWERY,

87 3306 216 22 QUEEN-bT\<EET,
318 3305 157 20 AUCKLAND

87 3358 66 16 WINE
167 3358 49 15 AND
228 3358 80 16 SPIRIT
317 3356 154 20 MERCHANTS,

106 3385 122 15 BOTTLERS
240 3385 50 15 AND
307 3383 144 20 IMPORTERS,

150 3407 26 18 •13,
191 3410 131 12 QUEEN-fcTBEET

156 3457 51 12 PRJZK
217 3457 60 12 MEDAL
288 3458 35 10 /NT)
334 3457 70 11 AWARDS

65 3480 24 16 At
97 3479 29 16 the
140 3479 90 16 following
246 3478 111 16 Exhibitions
372 3478 27 15 for
407 3483 32 10 our
447 3478 36 16 well-

160 3501 61 15 known
235 3500 44 15 Bulk
288 3501 32 14 sine!
330 3499 68 16 Battled

176 3521 47 16 ALE
235 3521 50 15 AND
297 3520 85 16 STOUT:

66 3548 68 21 Sydney
143 3548 124 15 International
275 3547 107 18 Exhibition,
394 3548 46 15 1879.

67 3569 100 15 !Mclb<.urne
175 3569 125 15 International
308 3568 106 18 Exhibition,
424 3569 68 14 1880-81

66 3589 43 16 New
117 3589 72 16 Zealand
198 3589 204 19 industii.ilExhibition,
407 3589 77 21 W'jlling-

108 3616 35 13 ton,
155 3612 47 15 ]BSo.

66 3632 43 16 New
128 3631 74 16 Zealand
216 3632 33 15 and
263 3633 53 14 South
329 3632 41 15 Seas
371 3631 3 17 1
386 3631 106 16 Exhibition.

109 3653 84 16 Duncdin.
206 3654 78 15 IBBU-90.

65 3675 21 15 In
96 3674 75 15 addition
181 3676 16 13 to
207 3675 53 15 above
268 3675 43 15 have
329 3675 41 14 been
386 3673 77 16 awarded
477 3676 16 13 at

108 3695 104 15 Tasinanian
243 3696 108 19 Exhibition,
378 3695 115 18 Launcehton,

110 3716 77 16 1891-92.

149 3746 58 16 FIVE
218 3747 71 16 FIRST
305 3747 104 16 AWARDS

263 3774 33 10 F«R

76 3789 67 17 IflK
154 3789 57 17 1011
217 3790 47 16 LIT)
278 3790 58 15 ALES
352 3790 52 15 AND
421 3786 72 20 SfCTTX

151 3831 249 33 CHAMPIQNSKEP

94 3873 65 23 Gold
172 3873 85 22 Sledal
269 3873 27 23 cf
306 3873 163 23 Australasia

169 3912 72 11 AOAINhT
252 3912 96 13 ALLCOMERS
359 3913 32 12 EOR

171 3934 69 23 and
259 3934 144 24 egttled
417 3936 65 22 ale

155 3986 73 19 Having
237 3991 10 11 a
256 3985 58 20 Large
321 3986 51 15 Stock
381 3986 18 16 of

174 4023 49 15 ALE
234 4022 51 16 AND
298 4022 81 20 STOUT,

69 4053 65 15 Mottled
143 4052 17 16 in
169 4056 50 16 quart,
229 4052 34 16 ai;d
278 4052 39 19 pint
329 4052 67 19 bottles,
412 4053 80 20 specially

67 4073 3 17 t
76 4073 55 17 rewed
139 4073 27 16 for
174 4073 29 16 the
211 4078 74 11 summer
294 4073 53 16 tiado.
358 4073 53 15 which
419 4079 28 10 ure
454 4080 38 9 m»\v

64 4095 104 20 tl.otougbly
177 4095 84 18 matured,
273 4099 31 10 can
320 4094 41 15 with
375 4099 49 15 every
439 4096 43 15 eonfi-

75 4116 2 16 •
84 4122 31 10 nee
127 4116 106 15 recommend
248 4120 46 11 same
310 4118 17 12 to
341 4120 117 11 conuoist.eura
475 4122 17 10 as

66 4143 10 9 •/
81 4137 43 16 cond
133 4139 17 13 to
158 4141 45 12 none
212 4137 16 15 iu
238 4137 30 15 ihe
275 4136 72 21 Colony.

673 158 59 23 '••Slfcl
763 161 22 19 '7
786 155 16 16 s
803 161 11 15 *

677 338 56 19 ASK
749 334 52 23 Fori

526 389 426 45 HANCOCKS'

647 461 182 20 CELEBRATED

701 513 85 32 MM

631 570 211 51 ALES,

651 634 58 13 MADE
718 634 54 12 Fl'.OM
781 634 42 12 THE

525 662 115 33 FINEST
665 663 88 32 WALT
774 663 64 31 AND
856 663 96 37 HOPS,

559 751 53 14 FREE
625 750 55 14 FROM
693 751 39 13 ALL
744 750 128 14 ANTISEPTICS
885 752 25 12 OK

627 776 91 14 DELETE!!
722 775 44 15 lots
784 776 63 14 ACIDS.

523 841 138 33 CAPTAIN
684 841 83 32 GGOK
784 841 167 38 BREWERY,

624 882 192 22 NENVMAItKET.

520 952 54 18 rtnO
588 953 52 17 THE
650 952 130 17 ELECTORS
789 952 33 17 OF
835 953 52 16 THE
901 953 49 16 HAY

660 998 32 18 OF
702 999 108 19 PLENTY,

518 1079 79 19 Ladies
606 1084 43 14 and
659 1079 163 23 Gentlemen,—

544 1121 28 17 At
584 1121 34 17 tlio
628 1123 81 22 request
719 1120 21 18 of
749 1126 12 12 a
772 1119 55 26 large
835 1119 88 19 number
930 1121 21 17 of

518 1152 84 19 electors
611 1152 11 18 I
633 1152 50 19 li.vo
694 1152 61 23 again
769 1151 81 19 decided
867 1154 20 16 to
904 1156 36 14 Cou-

518 1187 38 16 lost
567 1183 41 19 this
618 1183 90 23 District,
721 1185 33 16 not
772 1189 21 12 as
802 1189 26 12 an
843 1186 105 22 opponent

518 1218 20 14 to
548 1214 35 18 the
595 1217 81 22 present
686 1213 141 23 Government,
839 1213 36 18 but
885 1219 22 13 as
913 1219 38 12 one

518 1245 63 24 ready
647 1248 84 22 suppoit
753 1250 40 18 any
842 1249 109 14 /verument

518 1277 66 18 whose
593 1277 65 25 policy
667 1283 17 11 is
692 1276 73 19 liberal
772 1276 39 19 and
817 1277 133 24 progressive.

544 1311 10 19 I
564 1310 41 20 will
615 1310 48 20 tako
676 1317 26 12 an
712 1310 55 24 early
781 1312 132 23 opportunity
930 1311 21 18 of

517 1342 90 24 meeting
630 1342 34 19 the
682 1342 83 19 (.-lectors
779 1345 21 16 at
818 1342 34 19 tho
869 1342 82 19 various

517 1378 79 15 centres
606 1374 21 18 of
636 1373 118 26 population
773 1373 126 25 throughout
915 1373 35 19 the

519 1404 119 23 Electorate,
648 1404 21 18 of
686 1404 64 18 which
768 1404 38 18 duo
824 1403 65 19 notice
909 1403 41 20 will

517 1434 25 19 be
551 1434 68 25 given.

821 1467 102 20 KELLY.

544 1504 95 20 Kotorua,

569 1534 86 19 October
666 1534 54 22 24th,
734 1535 55 17 1896.

518 1606 56 42 rjMj
586 1606 53 16 THE
652 1605 130 18 ELECTORS
794 1606 33 17 OF
835 1606 53 18 THE
897 1607 53 17 BAY

593 1652 33 17 OF
635 1651 103 18 PLENTY
746 1651 123 19 DISTRICT.

515 1767 79 19 Ladies
604 1773 41 13 and
657 1766 132 25 Gentlemen,
793 1778 25 3 —

541 1819 10 19 1
562 1816 52 22 iinve
624 1818 35 20 the
671 1818 63 19 honor
743 1820 21 17 to
770 1818 73 20 inform
854 1825 40 18 you
904 1820 44 18 that

516 1862 10 18 I
537 1862 54 18 shall
602 1861 25 19 be
636 1869 12 11 a
657 1861 112 19 Candidate
778 1862 32 18 for
816 1862 41 18 this
864 1862 84 19 District

516 1909 21 14 at
548 1904 34 19 the
590 1904 137 24 forthcoming
735 1903 85 20 General
830 1904 87 20 election
926 1912 22 11 as

515 1953 26 12 an
553 1946 108 26 Opponent
678 1949 19 16 to
709 1946 33 19 the
757 1949 79 23 ptesent
857 1946 90 20 Govern-

608 2039 130 19 WILLIAM
750 2036 27 21 u.
788 2035 112 23 lierßie

567 2134 120 25 September
696 2135 53 22 25th,
763 2136 33 17 189
796 2136 23 17 G.

638 2207 163 23 NOTICE-

558 2257 115 21 IOEXSKS
684 2263 20 15 to
715 2259 36 19 lish
763 2260 29 18 for
809 2262 55 17 trout
875 2260 70 19 within

523 2295 12 10 a
543 2291 12 15 A
584 2286 34 18 the
628 2285 121 19 boundaries
760 2286 20 18 of
790 2286 34 18 the
835 2285 80 24 County
927 2288 22 18 of

515 2313 91 19 Rotoina
622 2318 36 12 can
676 2318 44 12 now
737 2311 26 19 be
781 2312 96 19 obtained
897 2313 51 19 from

515 2339 32 18 Mr
572 2338 19 18 \\
593 2338 5 7 r
601 2337 3 26 .
633 2340 22 16 A.
679 2337 108 21 Williams,
812 2338 134 25 storekeeper,

515 2365 96 21 Rotorna,
624 2370 24 12 on
660 2366 95 21 payment
765 2363 21 19 of
801 2370 11 11 a
828 2364 32 18 fee
877 2365 22 18 of
915 2367 33 16 tpn

515 2391 100 21 shillings.
649 2390 89 18 Licenses
748 2389 101 19 available
864 2390 33 18 for
915 2391 34 18 tho

515 2416 65 19 whole
588 2415 76 24 Colony
675 2421 36 12 can
722 2415 41 18 also
777 2415 24 19 be
811 2415 96 19 obtained
923 2424 24 11 on

515 2444 95 23 payment
622 2444 18 15 ot
653 2448 11 12 a
676 2441 30 19 fee
716 2441 21 18 of
748 2448 37 11 one
795 2441 74 25 pound.
899 2442 37 18 Per-

515 2474 46 13 sons
572 2467 75 21 fij-hiny
660 2467 84 18 without
761 2467 72 19 license
843 2474 34 13 are
887 2467 62 20 liable

516 2497 19 16 to
546 2501 12 12 a
569 2493 81 26 penalty
660 2495 34 16 not
701 2493 98 23 exceding
809 2493 45 20 liftv
862 2494 86 24 pounds.

621 2519 22 18 T.
654 2519 23 18 F.
690 2518 38 19 CII
732 2518 136 20 EE-EMAN.

516 2546 42 19 Sec.
569 2544 107 20 Auckland
683 2544 173 19 Acclimatis.ition
863 2546 85 19 Society.

555 2595 215 24 IMPOUNDING
784 2596 124 23 NOTICE.

715 2647 20 19 in
746 2648 35 18 the
790 2647 73 19 Public
875 2648 71 19 Pound

517 2669 24 22 X
570 2681 37 11 one
619 2674 39 23 bay
669 2673 88 25 Gelding
767 2674 61 18 brand
838 2674 17 18 1'
862 2674 49 20 Ton
920 2676 28 18 off

515 2700 42 25 hip,
570 2706 44 13 sore
624 2699 58 23 back,
699 2699 61 19 white
776 2704 55 19 spots
848 2707 25 11 on
891 2700 57 20 back.

516 2727 48 17 Also
588 2732 38 12 one
647 2725 70 19 brown
742 2725 62 22 Mare,
828 2732 26 12 no
876 2727 74 19 visible

516 2752 72 22 brand,
614 2755 68 21 pretty
706 2751 43 19 well
776 2751 55 19 bred.
875 2753 21 17 If
914 2756 35 15 not

515 2777 85 20 claimed
611 2777 39 19 and
661 2777 28 19 all
697 2783 97 18 expenses
805 2778 47 23 paid
863 2778 41 18 will
923 2779 25 18 be

516 2804 42 18 sold
569 2810 27 12 on
607 2803 108 25 Saturday,
727 2803 33 19 the
767 2803 47 19 28th
826 2803 45 19 inst.
900 2805 50 17 Also

515 2836 38 12 one
568 2829 40 25 bay
624 2829 94 25 Gelding,
740 2829 88 18 branded
848 2829 17 19 E
883 2829 20 19 D
922 2831 28 17 off

515 2856 102 18 shoulder.
633 2856 49 17 Also
692 2862 38 12 one
741 2855 37 25 luiy
786 2855 59 25 Filly,
858 2855 90 19 branded

515 2881 60 20 WH
591 2888 26 12 on
633 2887 49 13 near
697 2881 101 23 shouller,
818 2881 51 25 good
881 2888 69 14 vounjr

515 2908 76 19 horses.
628 2907 21 18 If
664 2910 35 15 not
714 2907 84 19 claimed
816 2907 39 18 and
871 2908 27 18 all

516 2940 72 18 penses
598 2933 45 25 paid
655 2933 41 18 will
708 2933 24 18 be
742 2933 42 18 sold
795 2939 25 12 on
838 2934 109 24 Saturday,

516 2960 34 18 sth
561 2959 117 22 Decemb-r,
692 2960 54 17 1896.

689 2984 78 20 CHAS.
782 2984 86 24 BIRSS,

769 3010 153 22 Poundkeeper.

978 141 110 26 ROLL
1105 141 71 26 UP!
1212 140 109 29 KOLL
1339 143 70 26 UP!

978 199 89 18 GRAND
1088 199 135 19 OPEN-AIR
1241 201 153 19 DEMONSTRA-

1157 224 70 21 TION,

1161 253 24 10 on
1192 247 35 21 jhe

977 268 124 18 PUKEROA
1109 269 166 19 RECREATION
1286 270 124 18 RESERVE.

997 298 150 24 Wednesday
1155 300 138 24 Afternoon,
1305 301 53 19 Dec.
1369 301 20 22 2,

1067 324 27 17 At
1104 324 11 17 S
1124 327 24 14 -jO
1159 324 76 19 o'clock
1245 326 69 24 sharp.

1003 348 41 18 For
1053 348 35 19 tho
1102 355 88 18 purpo-e
1207 352 22 17 of
1244 351 116 24 discussing
1376 351 34 18 the

976 376 82 21 present-
1078 374 102 20 condition
1199 376 22 19 of
1237 377 35 18 the
1303 377 108 22 Licensing

976 399 56 19 Law.

1002 425 44 18 The
1056 425 57 19 Band
1121 426 40 19 will
1172 427 25 19 lie
1208 428 20 18 in
1241 428 120 19 attendance
1371 428 39 19 and

976 451 34 18 tho
1020 451 69 24 public
1098 453 111 24 generally,
1228 460 70 19 young
1315 454 40 19 and
1370 454 39 23 old,

978 483 32 12 are
1020 477 77 19 invited
1108 482 19 14 to
1138 479 76 18 attend.

1162 504 19 17 S.
1191 505 20 16 T.
1225 506 91 20 BRENT,

1161 527 19 17 J.
1190 528 22 17 L.
1223 529 75 19 REED,

1162 550 29 18 W.
1201 551 111 22 SEDDON,

1274 575 112 18 Conveners.

1145 934 112 42 RATES
1284 935 43 41 OF
1352 936 65 41 SUB

1101 1005 62 18 PAID
1178 1006 29 18 IN
1220 1008 129 17 ADVANCE.

1123 1046 45 22 Six
1180 1046 106 24 Months
1297 1048 28 22 5s
1336 1053 5 22 ;

1121 1072 54 23 One
1190 1072 69 24 YV?ar
1269 1074 59 22 10s:

1116 1175 299 35 ADYJKRTISIH

963 1230 65 20 Three
1040 1230 99 26 Shillings
1148 1237 37 19 per
1195 1232 46 19 inch
1248 1239 37 18 per
1295 1233 60 23 issue,
1364 1239 27 19 up
1400 1230 17 25 t(|

964 1256 17 17 If
992 1260 59 14 rates.
1082 1256 79 19 Sner.ial
1172 1260 62 16 terms
1244 1260 33 17 for
1286 1258 72 19 loncer
1369 1260 43 19 ueri

961 1277 1 37 i
978 1284 57 30 \\T
1039 1285 92 17 ANTED.
1173 1286 78 23 Repairs
1268 1290 20 15 to
1312 1288 92 21 Watches,

961 1307 1 23 i
990 1309 27 17 V?
1061 1308 105 22 Jewellery,
1185 1310 39 20 &c.,
1242 1311 40 17 also
1298 1311 64 18 orders
1377 1313 30 17 for

972 1337 42 11 new
1022 1331 88 18 Watches
1117 1332 38 17 and
1171 1332 106 24 Jewellery,
1296 1337 20 15 to
1333 1335 23 17 bo
1371 1335 36 18 left

973 1354 45 17 with
1027 1354 26 17 H.
1063 1354 85 21 Stewart,
1159 1355 84 22 Saddler,
1258 1359 59 20 agent
1333 1358 30 17 for
1379 1359 26 17 H.

973 1377 25 17 If.
1008 1377 99 21 Howdex,
1141 1378 43 18 atch
1187 1379 64 18 maker
1258 1380 38 17 and
1311 1380 93 23 Jeweller,

972 1400 105 17 Hamilton.

501 3231 29 18 [is
536 3231 139 24 Excellency
684 3232 61 18 Lord
754 3232 144 25 Carrington.

501 3267 33 13 dw
543 3263 120 18 Governor
671 3265 27 17 of
703 3265 58 18 New
769 3265 106 20 Zealand.

665 3409 25 19 -Vji

553 3493 14 16 G
571 3493 162 18 OTEEXIIEKT
748 3493 168 19 SANATORIUM

670 3516 126 18 POTORUA.

517 3565 80 19 HPHE
607 3565 106 25 following
722 3566 89 18 Tenders
828 3573 35 12 are
873 3567 77 18 invited

522 3591 25 16 J-
582 3592 29 18 foi
625 3591 90 24 supplies
724 3592 32 18 for
766 3591 34 19 tlie
810 3599 46 17 yeai
874 3593 77 25 ending

517 3616 111 19 December
639 3619 31 20 81,
685 3619 54 16 1890.

547 3645 14 16 1.
577 3643 89 19 General
675 3643 108 23 Groceries,
795 3643 108 26 including
912 3644 30 19 Po
946 3643 2 26 l

595 3671 72 16 tufoes.

543 3696 18 16 2.
576 3694 64 24 Dairy
660 3693 90 19 Produce
788 3695 75 19 Whole
889 3695 59 25 Milk,

594 3721 56 18 fresh
662 3720 78 23 Putter,
751 3721 55 18 fresh
816 3721 63 25 Eggs.

543 3747 18 17 3.
576 3746 107 19 Puteller's,
694 3746 63 19 Meat.

541 3773 19 16 4.
576 3772 73 21 Plead,
662 3772 60 18 white
736 3772 38 18 and
785 3772 76 19 brown.

542 3799 18 16 5.
576 3798 50 18 Pest
637 3798 54 18 Pata
705 3798 104 19 Pirewood
826 3799 21 18 in
869 3801 5 16 1
881 3799 69 19 (i-inch

594 3823 89 25 lengths.
712 3824 49 18 Pest
776 3824 84 25 Taupiri
879 3824 71 20 House

595 3849 56 19 Coal.

542 3874 55 19 Lists
607 3876 21 17 of
638 3875 59 18 items
710 3874 92 26 showing
818 3883 26 11 an
862 3882 88 19 average

515 3900 89 19 month's
615 3900 146 25 requirements
771 3907 46 18 may
827 3902 25 18 bo
870 3909 47 12 seen
929 3907 21 14 at,

516 3927 34 17 the
560 3927 136 18 Sanatorium.

541 3952 34 18 Al!
595 3953 80 18 tenders
694 3954 54 16 must
764 3952 24 19 bo
810 3953 100 20 rendered
928 3954 20 19 in

516 3978 108 24 duplicate.

541 4004 44 18 The
595 4003 70 19 lowest
674 4011 22 11 or
707 4010 38 17 any
756 4004 71 18 tender
836 4009 36 15 not
882 4012 56 12 neces-

515 4029 61 24 sarily
588 4030 100 23 accepted.

541 4055 90 19 Tenders
640 4059 54 15 must
704 4055 24 19 be
748 4055 108 24 addrep-ed
874 4059 20 16 to
914 4057 34 19 the

515 4080 87 19 Medical
613 4081 169 25 {Superintendent
798 4082 39 19 and
856 4083 92 19 received

517 4106 24 24 by
553 4106 41 19 him
605 4113 25 12 on
641 4113 22 12 or
670 4106 70 19 before
747 4107 101 26 Tuesday,
857 4109 34 18 the
902 4109 45 19 loth

515 4133 21 18 of
545 4132 113 19 December
667 4135 55 16 next.

1712 4237 52 29 EE

2208 4250 64 28 iaul
