3300 4360
68 145 51 22 THE
143 143 89 20 SLAVE
253 143 77 18 WIFE
355 143 61 18 AND
440 142 58 18 HER

234 168 96 20 CHILD.

90 223 30 17 •VX
130 220 126 19 INCIDENT
266 221 32 16 OP
308 221 52 17 THE
368 221 68 17 FALL
442 219 32 18 OF

223 244 113 17 MOKOiA.

217 290 34 19 By
264 291 80 18 Tuiioe.

85 326 66 20 When
176 324 34 21 the
239 324 74 20 Ara\va
334 322 118 26 stronghold
476 322 21 19 of

63 351 118 24 •jf>koi\fell
192 353 20 16 to
223 350 34 19 tlii
268 356 78 19 p>wers
357 350 21 18 of
390 351 33 16 the
437 348 44 19 raid-

110 376 97 26 Ngapahi
218 382 43 17 way
274 376 50 19 oack
338 375 19 20 in
381 376 34 18 the
437 374 57 24 oarly

64 404 87 22 twenties,
164 409 61 17 1111113'
240 402 102 24 prisoners
358 407 53 13 -were
431 400 61 19 taken

63 433 22 22 by
94 430 32 19 the
144 434 122 19 conquerors
284 430 20 16 to
320 427 55 18 their
393 425 100 20 northern

64 459 66 18 homes.
168 455 81 23 Among
273 454 57 17 these
350 452 147 19 unfortunatos

63 482 26 22 lod
100 487 55 18 awiy
166 480 41 19 into
219 480 99 24 captivity
330 485 51 12 ware
392 482 38 14 tv>
454 484 26 12 wo-

64 514 44 15 men,
120 507 45 18 who
175 512 51 13 were
238 505 49 19 both
308 505 63 19 taken
391 510 21 13 as
431 504 62 18 wives

65 536 22 22 by
92 540 12 12 a
113 531 98 27 Ngjpuhi
221 531 103 22 chieftain,
337 531 46 18 who
402 529 84 25 explain-

65 560 19 21 ed
94 564 19 14 to
123 559 30 18 hU
164 557 55 19 slave
228 558 59 18 wives
298 557 45 18 tint
354 556 21 18 in
386 556 35 18 the
434 557 62 17 event

66 586 16 20 of
90 585 63 19 either
163 584 20 19 of
194 584 56 18 them
262 583 86 24 bearing
360 582 42 18 him
412 588 12 12 a
440 581 54 19 male

66 611 53 23 child,
138 611 34 18 the
182 609 55 19 child
247 608 74 19 should
332 608 25 19 be
376 607 45 19 well
438 607 62 19 cared

67 639 31 21 for,
129 637 38 18 .'md
183 635 34 19 the
234 635 78 19 mother
333 633 126 19 maintained
478 633 20 18 in

68 663 83 20 comfort.
179 661 27 23 If,
219 667 25 12 on
256 661 33 18 the
308 660 58 19 other
384 659 60 23 hand,
465 659 35 20 the

69 689 47 20 child
132 688 73 18 should
219 687 25 18 be
254 693 12 12 a
285 685 80 23 female,
385 686 49 19 thou
451 685 49 20 both

68 715 74 21 mother
158 714 39 18 and
212 713 67 21 infant
298 712 67 18 would
383 712 24 18 be
423 715 36 21 put
480 713 20 17 to

69 741 56 19 death
137 741 25 24 by
172 740 41 19 this
230 739 38 18 fine
284 738 34 19 old
336 738 68 20 native
422 737 68 26 gentla-

70 774 48 13 -111:111.

92 793 56 18 Then
164 793 34 18 the
218 792 69 20 hearts
307 791 21 18 of
347 790 57 19 those
424 796 76 13 women

71 821 76 18 became
170 818 51 21 diirk
248 817 70 18 within
336 816 61 23 them,
416 816 40 19 and
480 816 21 19 in

71 848 46 17 niter
136 845 47 24 days
195 850 36 12 one
243 842 40 19 fled
299 846 20 16 to
330 842 35 23 the
377 842 122 22 wilderness,

71 872 52 19 there
140 875 20 14 to
175 871 46 22 give
237 869 55 18 birth
310 872 20 15 to
348 868 36 19 her
399 868 60 23 child,
479 875 22 12 so

71 897 69 20 fearful
153 903 40 12 was
210 896 35 18 she
263 895 44 18 that
322 894 18 19 it
358 894 65 25 might
440 901 61 18 prove

70 929 15 14 to
97 924 23 18 be
131 923 20 19 of
158 923 34 18 the
202 927 70 19 wrong
283 927 35 14 sex
332 924 20 15 to
372 921 65 18 retain
456 920 42 18 life.

69 950 26 18 An
104 950 7 17 I
122 950 55 17 there
190 949 18 17 in
219 948 44 18 tint
275 946 61 19 bleak
352 947 39 18 and
399 946 99 19 cheerless

70 978 40 22 spot
128 981 39 12 was
190 975 47 18 born
248 979 11 13 a
275 973 76 18 female
362 972 53 20 babe
426 974 19 16 to
463 973 33 17 the

70 1002 50 18 slave
139 1000 51 20 wife.
220 999 40 19 Sad
280 1006 40 10 was
339 999 35 17 the
400 999 57 17 heart
480 998 21 18 of

70 1028 30 18 the
119 1026 109 25 oppressed
247 1025 85 22 mother,
359 1025 39 18 «ind
419 1025 82 23 gloomy

70 1053 68 20 indeed
149 1053 34 18 the
193 1054 92 23 prospect
297 1050 31 20 for
339 1050 48 18 both
400 1050 3 27 ;
418 1050 32 20 for
461 1056 40 12 was

70 1080 31 19 she
112 1085 32 13 not
154 1079 74 19 unable,
237 1080 19 18 to
263 1079 73 20 .return
347 1079 20 17 to
378 1077 34 19 t'ao
423 1076 76 25 kaiuga

69 1107 63 17 where
143 1105 34 19 her
188 1103 54 22 child
252 1103 65 24 might
329 1103 24 19 be
371 1103 58 19 cared
439 1103 32 18 for
481 1102 20 18 in

70 1131 81 19 warmth
163 1131 39 19 and
218 1130 84 18 comfort
313 1129 9 18 ?
337 1129 65 18 There
421 1134 39 13 was
476 1134 25 13 no

70 1157 107 25 sheltering
187 1157 58 18 home
255 1155 31 19 for
296 1156 63 22 them,
434 1154 67 19 wharo

69 1183 91 25 kohanga
171 1183 20 10 '''-'
191 1184 6 10 ;
207 1182 31 19 for
250 1181 34 18 the
296 1188 45 12 sore
351 1181 53 21 tired
421 1181 80 18 mother

70 1209 37 19 and
125 1209 66 19 feeble
210 1208 73 19 infant.
321 1207 68 19 Death
416 1206 86 19 awaited

70 1237 52 18 them
132 1235 20 19 in
162 1235 35 19 the
207 1233 62 20 tribal
284 1233 83 25 village,
386 1233 40 20 and
445 1233 56 20 there

70 1268 36 12 was
117 1267 25 13 no
153 1262 60 22 hone;
224 1261 35 18 the
266 1260 51 18 road
326 1262 19 16 to
355 1258 96 21 HaWaiki
461 1265 40 12 was

70 1290 30 17 cut
118 1287 33 19 off.
181 1286 27 21 So
226 1286 40 19 this
284 1293 48 17 poor
348 1286 54 19 slave
423 1291 78 12 woman

69 1314 32 20 hid
111 1314 76 18 herself
197 1312 70 20 withiu
279 1319 11 11 a
306 1318 63 18 grove
386 1312 20 19 of
423 1311 79 18 karaka

68 1344 55 15 trees,
136 1340 39 18 and
186 1339 63 21 there,
261 1338 49 19 with
322 1345 24 12 uo
362 1340 104 23 garments
480 1343 22 13 or

70 1366 95 24 covering,
183 1367 35 17 she
237 1367 65 16 strove
319 1367 20 16 to
365 1367 79 22 protect
463 1363 36 20 her

70 1392 50 19 child
132 1392 47 19 with
190 1392 36 18 her
237 1397 45 12 own
299 1390 61 24 body,
373 1390 38 19 and
422 1389 27 25 by
466 1389 34 18 the

70 1418 82 19 warmth
162 1418 80 18 thereof
251 1416 80 19 cherish
342 1417 25 18 its
379 1416 66 19 feeble
458 1415 44 19 life.

70 1444 43 19 And
123 1451 22 12 as
156 1445 35 17 she
202 1442 99 20 crouched
317 1449 48 12 over
374 1442 36 19 her
421 1442 82 24 hapless

70 1470 55 23 babe,
138 1471 40 17 this
189 1469 99 21 banished
304 1469 80 20 mother
400 1468 59 18 lifted
475 1474 28 19 up

69 1497 34 18 her
116 1496 54 19 voico
190 1495 41 19 and
250 1501 53 19 sang
320 1501 26 12 an
381 1494 59 19 oriori
461 1494 3 26 '
481 1500 22 12 or

69 1522 75 25 lullaby
157 1525 19 16 to
187 1522 42 18 still
238 1522 34 18 the
283 1522 51 18 cries
345 1522 21 18 of
385 1522 36 17 her
438 1520 65 24 dying

71 1548 56 21 child.
156 1548 20 19 It
187 1554 40 13 was
241 1548 52 22 thus,
306 1554 25 12 on
348 1548 34 18 the
399 1545 55 21 third
464 1546 39 25 day

70 1577 17 17 id'
99 1576 34 18 her
143 1574 57 23 exile,
220 1574 45 18 that
275 1574 36 18 she
322 1580 40 12 was
380 1573 64 21 found
456 1572 26 25 by
491 1579 11 11 a

69 1602 51 18 slave
131 1602 59 18 sister
201 1601 44 18 who
256 1607 40 11 was
308 1600 108 25 powerless
423 1602 19 15 to
451 1599 48 24 help

71 1629 38 21 her,
127 1628 36 18 but,
173 1627 45 18 who
230 1630 30 16 sat
270 1627 28 24 by
309 1627 36 17 her
364 1626 43 18 side
426 1632 22 12 as
468 1625 35 18 she

70 1653 84 21 chanted
177 1654 20 17 in
221 1653 36 18 low
282 1653 104 18 mournful
411 1654 57 16 tones
491 1657 12 12 a

70 1679 87 21 slumber
169 1685 51 20 song
230 1679 21 21 of
257 1679 43 20 the.
304 1678 73 22 Maori,
415 1677 47 19 And
480 1683 21 12 as

71 1707 33 19 she
114 1705 84 19 finished
218 1706 34 18 the
269 1705 101 24 plaintive
386 1710 51 18 song
456 1703 48 25 they

71 1733 70 19 looked
151 1732 94 24 together
254 1738 54 18 upon
318 1731 35 19 the
364 1731 66 19 feeble
451 1729 53 19 little

71 1760 61 25 figure
150 1758 64 19 which
234 1757 32 25 lay
286 1757 44 19 half
350 1756 107 20 concealed
476 1756 28 24 hy

73 1786 30 19 the
128 1784 112 25 sheltering
255 1783 61 19 limbs
334 1784 21 18 of
372 1784 26 18 its
419 1783 84 18 mother.

72 1813 39 17 ]!ut
122 1812 55 18 there
191 1817 42 12 was
243 1817 24 13 no
285 1810 117 24 answering
417 1808 48 20 look
484 1811 20 15 to

73 1838 61 19 theirs
143 1837 40 19 and
190 1843 26 15 no
234 1839 114 18 movement
369 1837 21 18 of
404 1835 34 20 tin;
459 1834 47 19 frail

73 1865 49 19 little
134 1865 57 23 body.
220 1864 40 18 For
277 1863 34 18 the
322 1863 108 23 flickering
448 1861 58 25 spirit

73 1892 26 17 th.
107 1892 48 20 rein,
173 1896 67 18 weary
258 1896 21 11 so
290 1896 48 11 soon
358 1889 21 18 of
398 1888 42 22 life,
466 1888 40 18 had

73 1918 71 18 drifted
158 1919 111 17 out.across
283 1915 35 19 the
332 1915 66 19 Ocean
414 1914 20 18 of
447 1914 60 19 Kiwa

73 1945 17 17 in
102 1943 69 20 search
188 1944 20 17 of
218 1942 72 23 Kongo
310 1942 35 18 the
356 1940 96 19 Peaceful
466 1940 40 19 and

73 1971 32 18 the
123 1969 115 25 life-giving
248 1969 74 18 waters
329 1968 21 19 of
364 1968 61 18 Tano.

94 2022 66 17 SONG
169 2021 33 17 OF
217 2020 82 17 SLAVE
309 2019 68 17 WIFE
386 2018 31 18 TO
427 2019 56 17 HER

241 2043 88 17 GUILD.

72 2093 14 16 0
96 2091 48 18 little
158 2090 49 18 maid
219 2089 4 20 !
245 2089 35 18 evil
294 2089 18 16 in
329 2089 32 16 the
376 2089 59 17 world
442 2089 16 16 is
475 2089 31 16 the

116 2121 54 10 name
180 2119 27 10 we
216 2114 50 15 bear.
301 2113 46 16 Alas
358 2112 3 19 !

73 2141 23 14 As
106 2144 26 10 wo
150 2137 68 17 shelter
226 2136 82 17 beneath
318 2136 32 16 the
365 2142 57 16 green
439 2134 67 18 karaka

117 2161 67 17 leaves.

74 2184 103 19 Elsewhere
186 2189 31 11 are
225 2183 59 20 there,
295 2182 15 17 O
320 2182 51 17 little
383 2180 61 19 maid'!
459 2182 47 16 from

119 2213 27 11 tar
156 2206 93 19 Hawai'.'i,

72 2232 38 16 The
118 2233 54 19 great
181 2236 45 11 ones
237 2229 19 17 of
264 2229 57 17 noble
330 2228 82 20 descent,

75 2255 40 17 Left
121 2255 25 21 by
157 2254 51 16 thine
217 2254 95 15 ancestors
322 2252 17 16 in
350 2252 38 18 tins
397 2251 60 18 world

73 2279 24 17 To
106 2277 82 18 animate
197 2276 38 17 this
242 2276 50 17 little
301 2275 57 17 maid.

73 2319 45 16 Xow
127 2317 67 18 indeed
203 2317 16 16 is
228 2317 16 16 it
252 2316 40 16 said
303 2316 19 16 of
331 2321 22 11 us

72 2342 50 16 Mine
132 2347 36 10 was
177 2340 32 17 the
220 2339 126 17 fault—t'was
355 2338 24 18 he
388 2338 42 17 that
438 2338 70 21 sought

118 2370 35 11 me.
179 2364 28 16 Ah
217 2363 4 18 :

73 2388 40 16 And
123 2388 54 16 made
186 2387 20 17 of
215 2392 29 11 me
253 2392 11 11 a
273 2385 105 18 slave—lns
387 2385 53 21 wife;

74 2412 61 17 Hence
144 2416 51 13 came
213 2410 48 17 thou
277 2409 53 17 forth
349 2410 20 15 to
386 2408 38 17 this
442 2407 65 17 world.

117 2434 45 17 Alas
172 2434 3 17 !

73 2473 56 16 There
137 2472 21 19 is,
172 2471 16 17 O
197 2470 50 18 little
255 2469 63 18 maid!
332 2475 25 11 no
367 2469 49 17 chief

74 2497 35 16 But
118 2495 84 17 Marateo
214 2494 59 17 alone.

71 2519 47 17 Who
127 2518 65 18 Hnnsri
205 2517 65 17 Ilika.'s
279 2516 53 21 pride
341 2516 37 16 laid
395 2516 42 19 low,

72 2542 83 21 Causing
163 2542 33 21 joy
205 2540 121 21 throughout
335 2539 32 17 the
376 2538 50 18 land.

73 2566 27 17 Sit
108 2571 28 11 wo
145 2566 38 16 two
191 2564 59 21 lowly
258 2569 24 11 on
292 2563 39 17 this
340 2562 58 22 plain.

73 2589 29 17 On
111 2589 32 17 the
151 2588 53 17 earth
214 2587 43 17 that
265 2586 65 17 makes
340 2591 43 12 men
393 2585 57 17 lords.

73 2628 110 17 Tremulous
191 2627 15 16 is
215 2627 32 16 the
257 2632 33 16 cry
299 2625 20 18 of
326 2625 32 18 the
367 2625 49 16 little
426 2624 50 17 maid

73 2653 23 16 At
106 2651 32 18 the
148 2651 61 16 salvos
219 2651 20 16 of
247 2655 57 17 peace
320 2649 50 16 from
384 2648 125 17 Takahorca's

119 2681 55 16 guns.

73 2698 44 18 Thai
130 2697 94 19 shakethe
234 2702 44 15 very
287 2696 89 16 heavens.

75 2723 50 15 \\'<re
134 2721 48 17 thou
190 2721 35 16 but
234 2726 11 11 a
252 2725 44 11 man
302 2719 35 21 thy
344 2723 79 17 weapon
430 2716 81 19 wouldst

118 2745 47 17 thou
174 2744 47 17 seize

73 2768 41 17 And
121 2768 52 17 tread
184 2768 31 16 the
224 2766 44 17 bills
277 2766 20 17 of
306 2765 73 19 distant
393 2763 115 21 liikurangi,

75 2792 64 17 Where
160 2790 65 18 dwells
244 2790 24 16 To
285 2789 115 17 Roki-mara
401 2787 46 17 —he
468 2783 42 21 who

120 2820 47 16 gave

73 2838 38 17 The
120 2838 61 16 subtle
191 2836 75 17 counsel
275 2835 43 18 that
327 2835 63 16 hither
398 2833 65 18 bound

72 2862 38 16 The
118 2860 61 23 proud
188 2866 45 12 ones
239 2860 19 16 of
267 2859 55 17 those
330 2858 56 16 lands

73 2884 85 18 Wherein
169 2890 28 10 wo
205 2883 63 19 dwelt,
279 2888 20 10 as
309 2881 33 17 did
348 2881 35 21 thy
392 2881 95 17 ancestors

73 2909 30 16 On
112 2909 29 16 far
149 2906 92 22 Herangi,
252 2905 16 18 O
277 2905 50 18 little
336 2904 62 18 maid'!

72 2949 47 16 Tam
129 2946 111 22 seeking—-I
249 2952 31 11 am
290 2944 101 22 searching

74 2972 54 17 S'uiic
137 2975 86 13 common
232 2968 67 18 friend.

73 3012 50 16 Turn
132 3010 35 22 thy
177 3015 45 16 gaze
231 3010 19 16 to
259 3009 71 16 Mount
339 3008 26 17 To
376 3007 64 19 Aroha
442 3016 22 2 —

73 3035 26 16 To
108 3034 35 22 thy
151 3034 52 16 lover
211 3032 58 20 there,
285 3033 21 15 to
324 3029 186 22 Herua-i-te-rangi,

74 3057 48 18 Who
130 3057 57 17 drove
197 3056 31 16 the
238 3062 38 10 war
285 3054 56 17 cloud
351 3055 20 16 to
380 3054 32 17 the
422 3053 63 19 north,

73 3080 92 22 Whereby
174 3079 33 18 the
216 3079 53 21 great
278 3077 93 24 Ngapuhj
380 3076 39 22 fell,

74 3104 43 17 And
125 3104 57 17 death
192 3108 38 11 was
239 3102 44 17 thus
293 3100 92 23 avenged.

75 3145 16 16 A
100 3144 50 17 slave
158 3144 16 17 is
183 3144 25 16 To
217 3142 57 17 Kahu
284 3147 24 11 on
318 3141 73 17 distant
397 3140 70 17 shores.

75 3167 43 18 And
127 3167 54 22 great
189 3166 33 18 the
230 3165 34 18 fall
280 3166 20 16 at
315 3165 33 17 the
365 3163 73 23 scaling
455 3163 19 17 of
485 3162 26 17 To

122 3190 70 18 Huaki.

75 3232 52 16 Thou
137 3229 49 19 shalt
203 3229 23 16 be
243 3234 42 11 seen
296 3228 21 17 of
332 3228 33 17 the
383 3231 93 17 company
493 3225 19 17 of

79 3277 133 18 Pare-raututu
223 3275 46 17 shall
278 3274 44 17 lead
330 3274 44 17 thee
384 3274 21 16 to
414 3272 35 23 thy
456 3272 56 17 home

76 3300 43 18 And
128 3300 46 17 deck
184 3299 42 17 thee
235 3299 18 16 in
263 3298 37 16 fine
308 3297 103 23 garments.

76 3325 50 15 Then
137 3323 49 17 shalt
196 3323 46 16 thou
252 3320 80 18 demand
343 3320 33 17 the
388 3319 49 21 silky
450 3318 61 21 fibres,

77 3347 41 17 Ami
129 3346 69 17 stretch
213 3344 49 19 forth
281 3344 36 22 thy
332 3343 51 17 hand
400 3344 30 15 for
447 3342 55 17 sweet-

124 3369 88 21 smelling
222 3368 55 17 herbs

76 3394 27 16 To
112 3394 51 16 scent
173 3392 33 22 thy
216 3391 55 22 body,
283 3391 16 15 O
308 3390 50 17 little
369 3389 48 17 maid
426 3388 4 26 !

103 3438 76 17 •Whare
189 3434 159 25 kohanga.—The
384 3433 112 20 nest-house

78 3462 39 17 into
144 3460 59 17 which
226 3467 11 9 a.
257 3459 75 17 mother
355 3457 36 18 and
415 3456 97 18 new-born

78 3485 49 17 child
146 3490 46 10 were
210 3482 87 17 removed
316 3482 48 17 from
382 3481 32 16 the
452 3479 60 17 wharo

79 3508 48 17 halm
158 3513 21 12 or
190 3509 30 14 tot
226 3513 19 10 us
252 3506 58 16 house
319 3511 35 10 one
362 3504 36 22 day
407 3502 105 18 afterbirth

79 3532 20 17 of
108 3530 55 19 chHd.

104 3581 16 18 A
128 3581 64 18 choice
200 3579 87 18 selection
302 3578 20 18 of
337 3578 23 18 oil
377 3576 97 24 paintings
491 3575 25 22 by

81 3605 25 17 Mi
120 3605 19 17 C.
151 3602 98 20 Blomfield
259 3608 43 16 may
312 3607 43 12 now
364 3601 23 18 be
397 3605 41 13 seen
449 3600 16 17 at
484 3598 32 18 the

80 3628 117 19 Cueonicle
207 3626 63 18 Office.
296 3625 52 22 They
358 3623 91 23 compriso
460 3622 57 18 views

81 3652 17 16 in
109 3650 38 18 this
155 3648 150 25 neighborhood,
317 3647 99 21 Wairakei,
433 3645 70 18 Whaka-

82 3679 103 15 rewarewa,
197 3673 38 20 &c,
249 3671 37 18 and
305 3672 47 17 fvom
367 3670 49 17 their
430 3668 77 19 faithful-

81 3703 41 12 ness
143 3696 36 18 and
199 3695 92 19 attention
310 3697 19 14 In
352 3693 55 21 detail
430 3698 31 15 ar.e
475 3690 42 21 w.ell

82 3720 59 18 worth
156 3720 32 17 the
196 3718 95 19 attention
300 3718 20 17 of
326 3717 64 18 lovers
404 3716 20 18 of
432 3716 36 17 art.
494 3715 22 16 in

82 3744 83 18 addition
177 3743 19 17 to
204 3742 53 18 these
265 3742 54 16 there
333 3746 31 12 are
381 3747 10 9 a
406 3738 80 18 number
499 3738 19 16 of

83 3770 57 14 wilier
147 3767 50 15 color
206 3765 85 18 sketches
301 3763 81 19 suitable
391 3763 30 17 for
427 3760 91 23 birthday

82 3797 21 11 or
112 3790 67 18 Easter
184 3788 74 19 Cards.*

109 3822 40 19 For
159 3819 116 22 Novemb.er
282 3819 48 19 mail
340 3817 90 24 arrifrine
439 3817 18 18 in
465 3815 41 20 Lon-

82 3849 38 18 «l(in
136 3855 23 11 mi
174 3845 109 21 December
293 3844 55 20 30th.
378 3843 76 19 Packet
472 3847 35 14 con-

82 3874 80 25 taining
176 3874 21 18 12
211 3872 113 19 Christinas
342 3870 40 18 and
400 3869 49 19 New
465 3868 31 19 Yo
510 3874 9 11 r

82 3900 64 20 Cards
157 3900 21 18 of
188 3894 50 24 New
249 3896 91 21 Zealand
350 3901 90 18 scenery,
451 3894 68 19 Maori

82 3927 51 22 Life,
146 3927 33 19 &c.
208 3926 44 17 One
265 3923 92 24 shilling.
386 3922 27 19 At
427 3920 82 20 Gi.roni-

83 3959 36 13 clk
128 3951 83 21 Office.?

110 3986 43 20 The
163 3986 106 23 following
279 3990 43 13 n<-w
333 3982 66 20 books
405 3987 34 13 ore
443 3986 27 16 on
479 3980 41 18 sale

84 4017 21 15 at
127 4012 120 20 CmioNiCLE
463 4005 57 19 Xlth

298 4036 26 23 by
356 4034 26 19 IT.
416 4031 103 22 Butcliffe;

318 4061 26 25 by
362 4060 34 18 the
411 4059 73 18 author
500 4058 21 18 of

82 4091 84 23 Trilby;
213 4091 64 17 Seven
291 4087 63 19 Little
371 4082 149 25 Australians/'

85 4117 40 24 pud
136 4111 13 17 '*•
155 4116 44 20 The
209 4115 63 19 Little
284 4113 101 21 Duchess,
388 4110 11 11 0
418 4109 26 25 by
461 4108 59 20 Ethel

83 4144 94 21 Turner;
214 4141 43 19 The
267 4138 56 22 Trail
341 4139 21 17 of
378 4137 35 18 the
428 4134 78 24 Sword,
517 4134 4 31 '

84 4170 29 23 fix
120 4169 82 24 fir.ilb,ert
305 4162 31 28 &q
336 4178 11 16 v
360 4164 32 19 &c.

522 141 58 19 THE
616 139 103 21 POWER
753 139 76 19 THAT
866 139 90 20 PULLS

691 165 94 20 DOWN.

523 219 11 18 I
544 225 52 13 want
607 220 19 17 to
637 219 82 24 present
729 224 12 12 a
752 218 66 24 single
828 218 46 19 idea
884 218 21 19 in
922 218 35 18 the

522 245 71 18 fewest
603 244 40 19 and
652 244 85 19 clearest
751 244 64 18 words
829 247 20 16 at
857 251 32 17 my
903 251 41 12 com-

522 270 67 19 mand.
626 270 56 18 Here
701 275 48 19 goes
765 270 33 17 for
808 276 11 12 a
840 273 33 21 try
892 273 21 16 at
932 270 23 18 it.

523 296 59 19 From
592 296 35 19 the
644 296 49 18 time
703 301 40 18 you
753 301 35 12 are
806 296 44 21 first
870 302 11 12 a
883 296 22 18 |)i
906 302 11 12 e
937 298 20 15 to

522 322 60 18 stand
594 329 31 14 .op
644 327 52 18 your
714 321 47 22 feet,
782 327 27 18 up
819 324 21 15 to
854 321 35 19 the
908 322 49 18 time

522 354 40 18 you
579 354 37 13 can
627 347 60 19 stand
698 353 25 12 no
734 347 77 24 longer,
825 347 57 18 there
892 347 18 19 is
926 347 21 19 al-

523 379 53 18 ways
586 380 12 12 a
607 379 68 20 power
688 372 82 25 pnlling
788 379 40 18 you
847 372 110 20 backward

522 400 40 20 and
578 399 115 20 downward
705 398 3 22 .
738 398 46 19 You
800 399 59 18 resist
882 399 39 19 and
941 399 17 18 it

522 426 90 24 persists.
650 425 21 21 It
692 424 51 19 wins
762 424 76 25 partial
862 425 96 20 victories

522 458 47 12 over
587 458 41 18 you
645 457 60 18 every
721 450 45 23 day,
783 451 41 18 and
848 451 72 24 finally
942 451 16 18 it

522 477 44 24 lays
576 484 41 17 you
627 477 27 25 by
663 477 35 18 the
708 476 63 22 heels.
797 477 57 20 Now,
867 477 55 19 what
938 477 20 19 is

523 503 34 19 the
565 510 60 12 name
644 503 20 19 of
682 504 45 17 that
742 508 68 18 power
819 501 10 19 ?
852 502 63 19 Don't
932 503 27 19 be

522 532 33 16 too
565 529 62 23 quick
644 529 50 21 with
711 534 50 18 your
780 534 85 13 answer.
903 529 21 18 It
941 529 17 19 is

522 555 35 23 tfio
576 562 47 12 over
642 565 9 4 -
670 554 101 19 confident
788 553 97 20 cricketer
910 555 47 21 who

522 585 45 21 gets
600 581 79 21 boiled
705 583 41 16 out.
795 579 92 26 Perhaps
923 581 36 18 the

522 607 86 25 reading
626 607 21 19 of
666 607 56 21 these
747 606 71 19 letters
837 613 47 18 uiay
910 606 49 26 help

522 640 47 18 you-

612 659 35 19 the
665 658 71 25 spring
749 658 21 17 of
877 665 47 18 says
946 665 11 12 a

523 692 84 16 woman,
730 684 76 22 health,
840 684 119 25 previously

523 712 58 23 good,
593 712 66 24 began
672 713 20 16 to
700 710 43 18 fail.
757 710 12 18 I
779 717 32 11 am
821 710 104 25 naturally
938 717 21 12 as

523 738 102 24 energetic
633 744 22 11 as
665 739 52 16 most
732 742 84 18 persons
833 736 40 19 and
893 736 64 26 en-joy

523 763 63 25 being
595 770 28 18 up
631 762 40 19 and
682 762 68 24 doing,
762 761 38 19 but
809 769 45 12 now
863 762 32 19 for
905 769 55 12 some

524 796 21 12 re
552 788 3 23 i
560 795 35 12 sou
602 790 11 17 I
623 788 37 19 felt
671 788 44 22 low,
727 788 63 23 weak,
806 788 40 19 and
861 788 59 19 tired.
948 788 12 19 I

524 815 40 22 h(id
574 822 26 11 no
610 814 62 19 relish
682 815 31 20 fo.r
724 814 48 18 food
779 814 22 18 ef
807 821 39 17 any
855 815 56 22 kind,
920 814 40 19 and

525 842 53 18 what
585 841 11 19 I
604 844 31 16 ate
646 847 51 18 gave
707 846 32 12 me
748 840 50 25 pain
816 843 22 16 at
854 841 35 19 the
903 841 57 18 chest

524 867 40 22 and
580 876 10 10 a
609 867 78 24 feeling
702 867 20 17 of
739 867 101 24 tightness
866 867 40 18 and
924 873 24 18 op-

523 894 91 24 pression
624 893 78 18 around
713 892 33 20 tUo
757 893 64 22 wfiist,
833 893 49 19 with
892 893 57 21 short-

524 926 45 11 ness
578 920 20 17 of
609 919 76 18 breath.

645 952 12 11 a
674 945 48 17 time
741 944 35 19 the
795 945 60 24 pains
865 947 54 16 went
939 947 21 16 to

524 978 33 18 my
567 971 106 19 shoulders
683 970 41 19 and
742 970 29 18 all
783 977 47 12 over
849 978 38 12 me.
916 971 44 18 Tho

523 998 84 18 distress
616 997 53 18 after
679 997 71 24 eating
758 1003 41 12 was
809 1004 21 11 so
841 999 58 22 great
909 997 47 18 that

525 1024 8 15 T
564 1023 101 21 hesitated
701 1023 70 19 before
797 1023 125 24 s\vallo\viug
949 1029 12 12 a

524 1049 108 21 mouthful,
649 1048 43 21 well
704 1049 97 24 knowing
812 1049 54 18 what
882 1049 35 18 the
928 1056 33 11 re.-

523 1076 41 18 sult
574 1075 68 19 would
661 1075 31 18 be.
722 1075 10 18 I
750 1077 48 16 took
819 1082 61 18 many
897 1075 51 18 medi-

523 1103 60 21 cines,
596 1101 36 19 but
647 1107 52 12 none
710 1101 21 18 of
741 1101 56 21 them
809 1108 51 18 gave
872 1108 31 12 me
921 1108 39 17 any

524 1134 45 13 ease
571 1127 4 23 -
595 1128 29 19 A.s
643 1127 48 19 time
718 1129 53 19 went
793 1134 26 16 op.
844 1127 10 19 I
874 1127 85 21 became

525 1154 79 19 weaker
623 1154 40 18 and
693 1153 85 22 \reaker.
792 1153 60 25 ,often
877 1154 84 24 leaving

524 1187 33 12 niv
566 1180 111 19 household
694 1179 56 18 work
759 1180 33 17 for
801 1186 11 12 a
821 1180 30 18 bit
861 1187 22 11 so
903 1186 22 13 as
941 1182 20 15 to

524 1207 26 18 lie
561 1206 58 19 down
630 1213 26 11 on
667 1207 34 17 the
713 1206 63 17 couch
787 1205 40 18 and
837 1209 47 15 rest.
913 1206 47 18 .And

524 1240 22 11 as
566 1232 41 19 this
630 1232 85 24 debility
733 1231 106 20 increased
855 1238 53 18 upon
928 1238 32 14 me

524 1266 34 18 my
566 1258 60 25 spells
637 1258 21 18 of
669 1257 53 21 work
733 1260 36 22 got
779 1258 86 21 shorter,
875 1258 40 19 aud
928 1264 34 18 my

524 1284 62 26 spells
597 1285 21 18 of
628 1287 41 18 rest
679 1284 78 24 longer,

572 1310 119 20 Sometimes
706 1309 78 26 feeling
795 1316 11 12 a
817 1310 55 19 trifle
891 1311 68 18 better

525 1337 39 19 and
581 1337 49 18 then
638 1336 61 25 again
713 1342 68 17 worse,
792 1336 41 18 this
843 1343 42 12 was
904 1343 47 18 prac-

525 1363 68 25 tically
622 1369 33 18 my
682 1362 103 19 condition
814 1362 71 19 month
910 1363 53 18 after

525 1390 76 19 mouth.
616 1389 11 19 I
637 1395 41 13 saw
689 1395 11 11 a
710 1388 75 23 doctor,
797 1388 37 19 but
845 1388 31 19 his
893 1389 53 19 medi-

525 1417 54 21 cines
587 1415 34 19 did
640 1420 30 13 me
685 1414 53 18 little
753 1421 22 12 or
793 1421 26 12 no
838 1415 60 24 good.
928 1415 34 18 He

525 1442 45 19 said
579 1442 11 21 I
608 1448 40 12 was
664 1440 100 24 suffering
780 1441 52 18 from
849 1442 111 21 weakness,

525 1468 40 20 and
586 1467 65 21 would
669 1467 51 21 haye
732 1470 20 16 to
763 1469 35 22 get.
814 1474 34 17 my
868 1467 94 25 strength

526 1494 53 21 back
602 1493 113 26 gradually.
753 1493 44 18 The
816 1496 85 16 autumn
921 1493 41 19 aud

527 1521 70 19 winter
607 1520 20 18 oi
639 1519 74 19 1891-2
721 1519 71 25 slowly
805 1526 13 17 p
826 1520 53 20 i-sed
897 1520 40 18 aud
948 1519 11 19 I

527 1554 40 13 was
575 1546 66 22 .about
658 1546 34 18 tho
708 1552 61 16 same,
787 1546 46 23 only
849 1552 55 16 nmre
918 1545 45 19 thin

526 1573 41 19 and
576 1572 74 19 feeble.
686 1572 11 18 I
708 1571 40 19 had
759 1571 73 19 almost
852 1572 60 25 given
933 1578 27 18 up

527 1601 51 24 hope
588 1599 21 18 of
619 1598 81 25 getting
711 1597 64 23 really
787 1597 44 19 well
841 1599 68 23 again.

609 1625 58 24 April
681 1624 70 24 (1892)
765 1623 9 19 [
785 1630 41 13 was
833 1624 21 19 in
862 1631 37 12 our
910 1624 50 24 shop

527 1659 37 13 one
575 1652 39 23 day
625 1651 41 18 and
681 1650 63 19 heard
753 1657 12 12 a
784 1653 100 16 customer
900 1650 63 25 speak

527 1681 63 17 about
597 1677 81 18 Mother
685 1676 87 26 Seigel's
781 1676 97 19 Curative
887 1676 75 25 Syrup,

527 1705 40 19 and
584 1703 55 19 what
647 1702 131 19 remarkable
790 1709 57 15 ci,ires
861 1703 21 19 of
892 1703 61 21 differ-

527 1734 35 16 ent
581 1729 94 20 ailments
685 1729 16 18 it
720 1729 41 18 had
772 1729 51 18 done
833 1729 22 19 in
866 1729 34 18 the
919 1729 32 18 dis-

528 1758 51 18 trict.
611 1755 33 18 'lt
654 1762 46 18 may
711 1755 25 19 be
746 1756 35 17 the
792 1755 56 23 right
858 1756 61 24 thing
931 1755 31 18 for

527 1783 45 23 me,'
584 1783 11 18 I
604 1782 48 22 said,
663 1782 38 20 ayd
713 1784 44 17 seut
766 1782 32 18 for
816 1782 16 17 it
851 1782 46 17 that
915 1787 49 18 very

528 1810 45 23 day.
598 1809 61 19 After
675 1808 73 24 taking
758 1815 37 11 one
806 1807 64 19 bottle
879 1807 11 18 I
905 1807 58 18 could

528 1839 33 16 eat
588 1835 73 23 better,
682 1834 84 22 without
783 1840 38 18 any
841 1833 83 19 distress
942 1839 23 12 or

527 1862 49 26 pain
592 1865 20 17 to
622 1867 55 14 coine
688 1860 53 19 after
754 1860 23 19 it.
809 1860 56 19 With
876 1860 34 18 the
928 1859 27 21 ad

529 1888 85 19 ditional
630 1886 48 20 food
687 1886 11 19 1
713 1886 75 25 gained
805 1886 100 22 strength,
925 1885 39 19 and

529 1921 36 12 one
585 1914 56 19 week
652 1913 53 18 after
722 1913 90 22 another,
826 1912 59 19 while
903 1912 49 24 keep-

529 1942 35 23 ing
576 1947 24 12 on
615 1940 48 19 with
684 1938 81 19 Mother
785 1938 84 25 Seigel's
889 1943 73 19 >yrup,

529 1968 10 18 I
548 1966 64 19 found
622 1965 74 25 myself
706 1964 45 19 able
762 1968 20 15 to
793 1965 25 18 do
835 1970 56 13 more
910 1964 54 18 work

529 1994 39 18 aud
576 1992 88 24 needing
672 1991 41 21 less
730 1996 41 14 rest
788 1991 91 19 between
898 1991 65 18 times.

529 2020 10 19 I
557 2019 48 19 took
623 2019 47 24 only
688 2018 34 18 the
742 2016 105 24 Seigel's;'
863 2024 26 11 110
907 2016 58 19 other

529 2045 104 20 medicine.
668 2044 10 18 I
696 2044 58 20 could
772 2043 60 19 stand
849 2043 37 19 and
912 2042 52 19 walk

529 2079 48 12 once
591 2077 56 13 more
658 2070 85 19 without
753 2069 98 25 thinking
868 2069 64 19 about
948 2071 17 18 3ft

529 2099 40 18 and
588 2104 42 12 was
640 2103 49 13 soon
699 2097 20 17 in
736 2103 22 11 as
769 2095 53 26 good
836 2095 70 19 health
925 2094 40 22 and

529 2126 68 24 spirits
604 2131 21 11 as
640 2130 52 12 ever.
720 2123 47 19 You
778 2128 33 13 are
821 2122 43 18 free
876 2124 20 15 to
910 2120 55 25 print

529 2158 33 17 my
586 2150 60 19 letter
662 2150 16 18 if
701 2156 39 18 you
760 2149 72 18 desire.
870 2147 94 24 (signed)

531 2178 41 18 Mrs
581 2175 218 24 EmmaCottingham,
809 2174 45 18 wife
865 2173 20 19 of
897 2173 23 18 G.
932 2173 17 17 V\
960 2173 3 26 .

529 2203 139 24 Cottingham,
680 2203 74 18 Grocer
766 2200 39 19 and
823 2203 141 17 Ironmonger.

530 2230 83 20 Scotter,
633 2228 92 22 Lincoln,
741 2226 59 24 April
816 2225 55 19 29th.

580 2256 38 18 For
635 2262 48 12 over
699 2255 47 17 four
863 2258 47 12 s:ivs
930 2258 24 11 an

530 2283 63 22 other,
679 2279 88 20 suffered
795 2279 50 18 from
870 2279 97 18 .constint

531 2309 110 19 weakness.
670 2307 36 24 My
715 2305 82 20 natural
813 2304 93 22 strength
926 2310 39 12 wis

531 2342 57 17 gone,
598 2335 42 19 and
649 2333 89 24 nothing
745 2332 11 19 I
764 2331 34 19 did
807 2337 24 12 <jr
843 2330 47 19 took
902 2337 52 11 seem-

531 2362 23 18 ed
565 2364 19 16 to
598 2361 62 24 bring
668 2361 16 17 it
693 2359 59 19 back.
782 2357 36 25 My
828 2356 115 19 food—and
955 2355 9 19 I

531 2391 32 15 ate
572 2388 37 18 but
624 2387 60 22 little,
705 2385 78 25 having
800 2390 27 11 no
848 2382 104 25 appetite-

531 2414 33 18 did
575 2416 35 16 not
621 2420 25 18 go
656 2416 20 15 to
684 2412 34 19 the
729 2411 61 25 right,
802 2416 22 12 a--
840 2416 29 11 wo
884 2415 42 17 say.
956 2408 10 18 I

531 2446 41 13 was
581 2446 52 13 none
644 2439 34 19 the
696 2439 68 18 better
781 2443 21 12 or
824 2439 93 20 stronger
934 2434 33 18 for

531 2467 70 24 eating
616 2467 21 17 it*
667 2464 78 19 Indeed
755 2464 12 17 I
786 2468 40 12 was
835 2461 35 18 the
892 2467 74 16 worse,;

531 2493 33 18 for
579 2493 16 18 it
611 2491 74 20 caused
699 2497 33 12 me
742 2491 58 22 great
809 2488 49 24 pain
870 2487 40 18 aud
927 2486 32 19 (lis

532 2521 50 17 tress
592 2519 20 18 in
623 2518 35 19 the
668 2516 96 22 stomach.,
782 2514 62 22 chest,
856 2513 59 20 sides,
927 2512 40 19 aud

532 2545 58 19 back.
619 2544 10 19 I
640 2551 42 12 was
693 2542 93 24 working
795 2541 22 18 in
828 2540 35 18 the
874 2539 42 19 mill
927 2538 39 19 aud

531 2578 62 13 never
602 2570 57 25 quite
668 2575 51 19 gave
729 2575 28 18 up
764 2574 34 17 my
814 2566 136 25 employment
964 2566 3 29 ;

532 2599 37 18 but
580 2598 11 18 I
600 2596 36 20 did
645 2603 35 17 my
690 2594 54 19 work
754 2594 21 18 in
785 2594 43 17 face
839 2592 20 18 of
868 2592 47 25 pain
926 2591 40 19 and

532 2624 110 19 weakness.
680 2620 82 25 Finally
774 2620 12 18 1
801 2625 41 13 was
858 2617 62 20 cured
940 2617 27 24 by

532 2650 82 19 Mother
624 2648 84 24 Seigel's
718 2647 73 23 Syrup.
821 2645 9 18 I
840 2643 62 20 heard
921 2644 20 18 of
953 2644 14 17 it

532 2677 27 22 by
576 2681 71 14 means
656 2674 22 19 of
689 2681 11 11 a
710 2672 52 19 little
772 2671 60 19 book,
851 2671 40 17 liie
901 2672 66 22 Syrup

532 2702 86 26 stopped
634 2701 35 18 the
687 2700 49 25 pain
751 2698 53 18 after
830 2697 76 23 eating,
927 2696 40 18 and

532 2736 48 11 soon
593 2728 11 19 I
621 2734 42 12 was
682 2725 85 20 another
786 2723 40 19 and
845 2730 11 10 a
874 2722 93 23 brighter

532 2761 86 13 woman.
656 2752 34 24 My
710 2750 94 24 strength
826 2755 56 12 came
909 2747 57 24 back,

532 2782 40 19 and
583 2781 53 18 lean
646 2778 60 21 walk,
718 2777 65 19 stand,
804 2775 40 19 and
854 2774 54 19 work
919 2774 48 20 with

532 2815 52 12 ease.
613 2805 94 26 (Signed)
781 2801 111 20 Elizabeth,
906 2800 48 19 Jack-

532 2841 43 16 son,
600 2832 44 20 Silk
672 2832 71 21 Street,
765 2828 90 22 Glossop,
880 2826 87 19 October

534 2849 54 33 lOtl'i,

558 2886 53 19 Now
621 2884 56 19 what
687 2889 41 13 was
738 2881 34 19 the
790 2885 68 20 power
865 2879 45 18 that
920 2879 35 24 pul-

532 2912 33 20 led
584 2911 58 19 the-e
668 2915 77 13 women
768 2907 58 18 down
836 2906 8 18 '!
891 2905 61 18 Weak-

611 2943 40 18 you
661 2942 42 15 sa.v,
723 2934 41 18 aud
771 2936 5 15 t
781 2933 38 23 hey
830 2938 36 17 say
900 2938 12 11 \\
919 2931 36 18 eak-

622 2963 41 18 But
671 2961 54 19 what
736 2960 16 19 is
763 2958 103 20 weakness
876 2956 9 19 ?
899 2958 21 17 It
931 2957 15 18 is
957 2963 12 12 a

533 2991 79 19 disease
621 2989 9 19 ?
646 2989 38 22 No,
700 2986 34 19 old
742 2992 39 19 age
800 2984 76 24 always
896 2983 72 23 brings

532 3018 23 21 it,
567 3017 39 19 niid
618 3015 17 19 ii:
650 3015 18 18 is
678 3013 75 24 always
769 3017 38 13 one
817 3011 20 18 of
849 3010 34 18 the
892 3009 75 19 results

533 3050 21 12 01
561 3043 85 19 disease.
685 3038 103 24 Strength,
799 3037 35 18 the
846 3035 92 25 opposite
948 3036 21 17 of

534 3069 110 20 weakness,
659 3067 17 18 is
685 3064 80 21 created
774 3063 46 24 only
830 3063 27 23 by
876 3061 92 25 digested

533 3095 55 20 food.
624 3092 93 24 Nothing
741 3090 41 19 else
797 3088 66 19 under
880 3088 35 18 the
931 3093 36 13 sun

535 3121 40 19 will
586 3119 89 27 produce
692 3113 23 22 it'
752 3117 51 18 Lose
814 3115 33 18 the
866 3114 72 22 ability
947 3115 22 17 .to

534 3148 68 24 digest
616 3152 52 18 your
682 3143 47 19 food
739 3142 41 19 and
795 3147 49 12 soon
859 3146 51 19 your
925 3139 44 24 legs

534 3173 87 20 tremble
644 3170 88 20 beneath
755 3174 45 19 you,
825 3173 50 18 your
894 3166 75 23 fingers

534 3201 42 18 lose
595 3198 54 19 their
657 3196 51 26 grip,
720 3201 51 18 your
781 3193 52 19 head
851 3193 26 18 its
894 3192 64 18 steadi-

534 3233 52 15 ness,
598 3224 41 19 and
646 3229 52 19 your
706 3220 58 20 mind
774 3220 25 18 its
809 3219 100 19 clearness
925 3218 39 18 and

535 3257 95 14 conrntre.
668 3248 43 19 The
740 3246 54 19 word
835 3244 111 22 weakness,

534 3284 68 13 comes
612 3278 51 17 from
680 3281 11 12 a
706 3273 65 19 Saxon
820 3271 35 19 ord
874 3271 96 23 meaning

536 3307 21 16 to
568 3302 61 23 vield,
638 3304 21 16 to
669 3299 42 22 fail,
727 3300 19 17 to
758 3299 46 23 give
814 3303 51 18 way.
875 3295 4 31 _
902 3295 31 25 By
945 3296 24 18 its

536 3330 108 19 wondrous
666 3327 66 19 virtue
752 3325 21 18 in
798 3322 112 24 correcting
936 3321 33 19 the

536 3356 118 23 machinery
665 3353 20 19 of
697 3351 100 25 digestion
814 3349 38 19 and
872 3347 99 24 enabling

537 3383 34 18 the
588 3384 76 21 system
687 3381 19 15 to
727 3380 33 21 get
802 3375 35 19 the
856 3373 52 26 good
950 3373 21 19 of

530 3400 1 27 i
538 3410 25 17 its
571 3402 53 25 dailv
635 3404 103 23 food—by
755 3402 40 19 this
805 3401 11 19 I
826 3407 42 17 say,
889 3400 82 19 Mother

530 3425 1 34 |
536 3433 87 25 Seigel's
640 3433 72 22 Syrup,
732 3428 51 19 used
798 3428 21 18 in
838 3427 55 22 time,
913 3432 46 13 over-

530 3450 1 35 |
538 3450 65 30 conTes
613 3457 105 21 weakness
725 3455 40 19 and
775 3457 86 16 restores
870 3452 100 24 strength.

564 3487 47 21 But,
621 3483 59 21 mark
699 3488 39 18 you
746 3480 4 28 !
762 3480 57 19 there
828 3480 17 17 is
854 3485 13 12 a
882 3480 89 22 mystery

530 3503 1 34 j
539 3513 19 19 in
576 3512 41 18 this
636 3508 71 26 simple
727 3506 136 26 explanation,
878 3511 21 10 so
920 3503 52 25 deep

539 3545 29 12 we
578 3539 54 18 must
641 3540 81 15 reserve
741 3534 36 17 the
796 3530 112 20 discussion
916 3531 21 16 of
957 3530 15 17 it

530 3560 1 23 |
539 3565 31 18 for
578 3563 86 19 another
675 3560 99 20 occasion.

568 3624 61 26 Bijou
648 3621 51 20 local
719 3620 93 23 sketches
830 3619 19 18 in
870 3618 36 18 oils
935 3618 39 18 and

540 3654 63 16 water
613 3649 71 20 colors.
712 3647 49 19 Also
771 3644 95 20 Martin's
872 3644 73 24 photos
955 3644 20 18 of

540 3678 34 18 the
584 3675 78 20 district
675 3680 46 17 may
732 3673 25 18 bo
767 3671 96 19 obtained
873 3673 22 16 at
906 3670 55 19 Chro-

540 3709 59 14 nicle
608 3701 81 20 Office.*

1164 74 60 19 THE
1252 73 58 20 HOT
1337 73 94 19 LAKES
1460 72 178 23 CHRONICLE,
1668 73 159 22 SATURDAY,
1857 72 158 20 NOVEMBER
2043 74 31 21 28,
2092 73 48 18 1896

981 138 43 44 IF
1037 138 60 19 YOU
1118 136 57 20 ABE
1197 135 66 20 SICK
1279 135 21 19 in
1313 141 40 18 any
1368 141 46 18 way

1034 164 101 19 whatever
1150 162 49 19 send
1216 169 12 11 a
1244 161 93 24 stamped
1354 166 49 13 enve-

980 189 45 26 lope
1035 192 21 16 to
1065 196 37 13 our
1112 190 89 23 Agency,
1213 187 138 24 Wellington;
1362 189 52 15 state

980 216 34 18 the
1025 222 43 12 case
1079 222 21 13 as
1116 214 100 25 minutely
1224 220 23 12 as
1265 212 89 26 possible
1374 212 41 18 and

980 248 40 17 you
1035 241 78 19 receive
1131 240 68 19 advice
1219 240 27 23 l>y
1272 241 69 17 return
1362 242 51 20 post.

981 269 41 17 Our
1032 272 72 21 agents
1118 273 34 12 are
1162 265 28 19 all
1201 272 27 18 rju
1235 264 68 19 dified.
1338 264 20 18 If
1374 270 40 18 you

980 294 78 20 enclose
1068 295 23 16 2s
1107 293 26 21 (id
1150 298 28 12 we
1195 291 42 19 will
1254 290 49 19 send
1319 296 40 18 you
1378 296 37 12 our

981 319 44 19 best
1034 319 83 24 remedy
1126 319 31 19 for
1166 317 35 19 the
1212 322 49 16 .ease
1280 316 79 24 lasting
1374 321 42 19 you

981 349 39 15 two
1042 345 73 21 weeks.
1152 344 45 18 You
1216 349 49 13 save
1283 348 74 18 money
1376 342 40 18 and

980 371 85 19 doctors'
1077 370 52 20 bills.
1157 369 46 23 You
1213 369 78 18 receive
1310 368 69 18 advice
1390 373 26 12 ou

981 397 27 20 all
1018 397 73 25 points,
1103 396 40 19 and
1154 396 33 19 the
1197 397 70 23 purest
1279 394 20 18 o£
1317 393 99 18 remedies

981 429 50 17 sent,
1040 426 21 15 at
1069 429 25 12 110
1101 425 58 16 extra
1166 424 41 16 cost
1217 421 50 18 thau
1275 420 16 18 if
1300 420 116 24 personally

981 449 85 24 bought,
1074 448 27 24 by
1110 448 62 24 doing
1178 453 51 18 your
1235 446 92 19 business
1335 445 48 18 with
1392 451 24 12 us

982 474 26 25 by
1098 474 84 21 Consult
1197 477 19 14 ut
1225 479 56 13 once.
1315 470 101 23 Ailments

981 500 65 19 which
1057 507 39 16 are,
1108 503 20 16 at
1136 500 34 17 the
1180 499 48 22 tiipe
1246 497 89 26 thought
1352 500 20 16 to
1390 496 25 19 be

981 527 59 24 light,
1052 533 33 12 are
1095 527 56 17 often
1161 525 33 18 the
1206 524 113 25 beginning
1329 523 22 18 of
1366 523 41 18 seri-

981 559 37 12 ous
1027 557 152 19 consequences,
1191 550 67 19 which
1277 550 17 18 if
1314 549 61 19 taken
1395 549 22 18 in

981 578 48 19 time
1039 585 34 12 are
1082 576 87 20 checked
1180 576 40 20 and
1230 575 68 20 cured.

981 611 168 23 gkeatford
1164 609 161 21 botanical
1345 608 69 24 coy.,

1226 644 2 24 t
1230 659 5 8 ,
1247 644 41 21 and
1298 646 21 16 at

1005 672 81 23 Sydney,
1096 672 117 19 Melbourne,
1224 670 51 22 Cape
1282 670 64 20 Town,
1356 669 38 19 apd

1104 694 84 20 Lincoln,
1201 693 98 22 England.

984 800 201 27 ACCOUNTANT
1200 800 59 25 AND
1276 800 140 25 GENERAL

1142 835 109 26 AGENT.

1004 894 129 21 Tradesmen's
1143 893 61 17 Books
1218 893 52 22 kept,
1288 892 93 22 .balanced
1398 898 20 12 or

982 917 83 18 audited.

1005 945 95 17 Accounts
1114 944 54 18 made
1185 945 33 16 out
1236 943 38 18 and
1290 943 91 18 collected
1395 950 23 11 on

994 1001 115 19 Temporary
1116 998 84 22 address:
1215 998 118 19 CmtcmCLE
1343 999 63 17 Office.

1441 136 46 46 R.
1530 135 352 49 SPRECKLEI!

1538 193 52 16 Next
1598 191 33 18 tlie
1646 191 46 18 Post
1704 191 63 20 Office,

1437 222 237 22 SHORTLAND-ST,
1688 222 180 18 AUCKLAND.
1881 219 1 25 !

1483 254 79 23 Agent
1569 254 35 17 for
1611 253 92 18 Gordon
1711 253 20 18 &
1740 253 82 18 Gotch.

1518 300 56 17 LIST
1584 299 33 19 OF
1625 299 60 20 NEW
1698 299 90 18 BOOKS.

1760 336 111 24 Paper.Cloth

1438 358 70 18 Cameos
1536 370 17 5 ...
1601 370 17 4 ...
1664 358 56 17 Marie
1729 357 62 16 Corelli
1803 358 27 14 26
1843 358 9 14 3
1861 358 9 16 0

1438 379 35 16 The
1491 379 69 21 Mighty
1592 381 36 14 torn
1724 390 12 8 ~
1804 379 27 15 2G
1844 379 10 14 3
1863 379 9 14 6

1437 400 36 16 Toe
1482 400 75 17 Sorrows
1566 400 18 16 of
1592 400 11 16 S
1609 403 36 13 itau
1726 411 11 8 ~
1804 400 10 15 2
1823 400 10 15 6
1845 400 9 15 3
1863 400 9 15 6

1438 421 111 17 Barabbas...
1597 434 17 3 ...
1727 433 11 7 n
1805 421 9 15 2
1823 421 10 15 6
1845 421 10 15 3
1863 421 10 15 6

1437 442 67 16 Behind
1513 443 29 15 the
1551 442 59 21 Magic
1619 442 62 15 Minor
1734 442 59 15 Birrell
1806 445 9 12 2
1824 443 9 14 G
1845 443 9 16 3
1864 443 9 14 6

1438 463 33 16 The
1471 463 91 16 Eleventh
1566 464 147 17 Commandment.,
1720 463 11 16 S
1738 463 60 15 itcliffe
1806 464 6 14 I
1823 464 9 14 G
1846 464 27 16 36

1438 489 15 16 'p
1460 484 63 19 Victim
1528 485 18 15 ot'
1553 484 81 18 Good.Lu
1640 484 21 17 ;k,
1670 484 22 15 W
1704 484 21 17 E,
1732 484 61 15 Norris
1804 485 9 14 2
1821 485 11 18 Ji

1453 506 22 16 ho
1484 506 53 16 Wood
1543 506 71 20 Beyond
1621 508 28 13 the
1654 504 67 21 World,
1731 504 63 16 Morris
1805 506 9 14 2
1824 506 9 16 (3

1439 531 52 15 moiiff
1503 527 28 15 the
1550 527 64 15 Freaks
1666 526 28 16 W.
1703 527 22 15 L.
1735 526 56 16 Alden
1805 527 8 14 2
1823 527 10 14 G
1845 527 9 14 3
1865 527 8 14 G

1440 548 35 16 Out
1483 548 18 16 of
1506 548 38 16 Due
1551 548 63 16 Season
1645 548 56 16 deline
1708 547 83 17 Sirsreiiiit
1805 550 9 13 2
1825 549 8 14 6

1438 569 98 15 Transition
1562 582 17 3 ...
1628 583 16 3 ...
1666 569 21 15 G.
1698 569 19 15 F.
1728 569 65 15 Brooke
1806 571 8 13 2
1825 570 9 15 G

1438 590 93 16 TheYeara
1539 590 37 15 that
1583 591 28 15 the
1619 590 63 16 Locust
1691 590 42 15 hatli
1745 590 52 15 beaten

1600 612 41 15 imie
1649 612 41 15 E.

1440 632 51 17 Isban
1500 632 55 16 Israel
1570 632 4 21 (
1581 639 5 10 t
1595 633 54 16 Sjuth
1663 633 68 15 African
1741 632 57 20 S.ory)

1650 654 67 20 George
1726 654 68 15 Cns«ins
1847 654 9 14 3
1865 654 9 14 G

1440 675 28 15 Mr
1477 675 58 18 Bailey
1544 675 66 16 Martin
1631 689 17 3 ...
1672 675 53 20 Percy
1737 675 57 16 White
1807 676 8 13 2
1825 675 10 14 d
1847 676 27 14 36

1463 696 56 18 Hoiue
1527 697 17 14 in
1555 696 82 18 lu.vere.sk
1677 696 21 19 J\
1708 696 21 16 L.
1739 696 54 15 Patou
1806 699 9 12 'L
1824 698 9 15 0
1847 698 9 13 3
1865 698 9 13 G

1439 717 36 16 Toe
1484 718 55 15 Green
1544 718 70 16 Proves
1629 718 18 15 of
1660 717 98 20 Balgowrie

1644 739 18 16 J.
1672 739 26 16 H.
1729 739 66 16 ndlater
1806 739 29 15 2»6
1847 739 9 14 3
1866 739 9 14 6

1440 760 25 16 Dr
1473 760 113 20 Congallon's
1596 760 69 21 Legacy
1674 760 25 16 11.
1708 760 86 17 Johnston
1807 760 8 14 2
1825 762 9 13 G
1847 761 9 14 3
1865 761 10 14 G

1440 781 36 17 The
1484 781 49 20 Kmg
1541 782 19 15 of
1569 782 92 15 Andaman
1724 781 47 16 Cobb
1777 786 16 10 m
1807 782 8 14 2
1826 783 9 14 G
1847 783 9 14 3
1866 783 9 13 G

1448 803 41 15 M-tn
1498 803 18 15 <»f
1534 804 33 15 the
1574 803 66 22 Fjoids
1755 802 41 16 Deir
1848 804 27 14 3G

1441 825 41 17 Cle<r
1491 824 52 20 Kelly
1568 838 17 4 ...
1635 838 16 3 ...
1663 824 15 16 S.
1686 824 23 16 R.
1716 824 81 17 Crockett
1809 825 7 13 2
1826 825 9 13 6
1849 826 8 12 ,'i
1866 825 9 13 G

1441 846 48 20 Lady
1497 845 156 21 yal'sElopemoiit
1661 846 10 15 J
1691 845 105 20 Biokerdyke
1807 846 28 14 2-6
1849 847 8 13 3
1866 846 9 14 6

1440 868 37 16 The
1484 868 94 21 Expiation
1588 869 17 15 of
1612 867 59 21 Wynn
1680 867 74 16 Pdisser

1694 888 19 16 B.
1724 887 52 16 Mirfo
1786 888 10 15 d
1809 888 8 15 2
1827 889 9 13 6

1461 910 76 17 Humble
1546 910 61 19 3;j

1440 932 37 16 The
1487 932 86 16 Beautitul
1583 932 59 16 White
1648 931 59 20 J)jvil,
1718 931 79 21 Boothby
1809 932 27 15 2.6
1849 932 9 15 3
1867 932 9 14 G

1449 954 11 15 B
1480 954 16 15 id
1504 955 28 14 for
1538 953 80 19 .Fortune
1750 964 10 8 »
1805 953 79 18 £636'

1442 975 21 15 In
1471 975 73 19 Strange
1553 975 91 20 Company
1751 986 10 7 ~
1808 976 9 13 2
1827 975 9 14 6
1849 975 9 14 3
1867 975 10 13 6

1440 997 38 15 Tile
1488 997 86 18 Maniage
1583 998 17 13 ot
1611 995 61 16 Esther
1809 997 8 14 2
1828 997 9 14 G
1849 997 9 14 3
1867 997 9 14 6

1442 1018 35 15 The
1485 1018 28 15 Tn
1520 1018 49 15 inlet.t
1577 1018 23 15 Di
1607 1017 57 16 miond
1670 1022 12 10 .s
1715 1016 26 16 St.
1749 1017 46 20 übyn
1849 1019 9 13 3
1866 1018 9 14 G

1442 1039 20 15 In
1470 1038 55 16 Hnste
1532 1039 34 17 and
1672 1038 16 15 E
1703 1038 20 18 L.
1732 1037 63 16 Linton
1809 1038 27 19 2.(5

1445 1060 32 16 Jhe
1487 1060 64 15 Master
1576 1073 17 4 ...
1642 1073 17 4 ...
1685 1060 17 15 1.
1731 1059 66 19 mgwill
1849 1061 9 14 3
1867 1060 9 14 6

1442 1082 15 15 A
1466 1082 108 17 i{oinar,ceGf
1577 1082 42 15 Two
1626 1080 67 18 Worlds
1704 1080 23 17 M.
1734 1080 61 16 <>r#»lli
1809 1081 9 14 2
1827 1082 9 13 6
1849 1082 9 14 3
1868 1082 9 13 6

1441 1103 46 16 Jude
1495 1103 29 16 the
1534 1103 76 16 Obscure
1651 1103 75 15 Thomas
1734 1102 60 20 Hardy
1809 1104 9 13 2
1827 1104 9 13 G
1849 1103 9 14 3
1867 1103 10 14 6

1442 1124 21 15 In
1472 1124 29 15 the
1510 1124 48 21 Days
1567 1125 17 14 of
1593 1124 94 19 Adversity
1726 1123 65 16 Burtou
1850 1124 8 14 3
1868 1124 9 14 6

1442 1146 8 14 '1
1457 1146 21 15 he
1486 1145 57 19 T;Feart
1551 1146 18 17 qf
1578 1145 29 16 the
1620 1145 59 15 World
1710 1145 87 20 Haggard
1809 1145 28 15 26
1850 1146 8 14 3
1868 1145 9 15 6

1442 1167 35 15 The
1487 1167 92 19 CJourtbhip
1587 1167 18 15 of
1615 1167 34 15 Mo.
1654 1167 24 15 ice
1687 1165 74 16 Bickler

1723 1186 2 17 .
1736 1186 61 16 Mason
1809 1188 9 14 2
1828 1188 9 14 6
1851 1188 8 15 3
1869 1188 9 15 6

1442 1210 36 16 The
1485 1209 58 21 L'ght
1551 1209 39 17 that
1597 1209 61 16 Failed
1711 1208 87 20 l£ippling
1810 1209 9 15 2
1828 1210 9 14 6
1851 1210 7 15 3
1869 1210 8 14 6

1500 1237 39 15 Add
1548 1237 81 20 Postage,
1639 1236 21 15 2d
1670 1236 17 15 in
1697 1236 28 15 the
1734 1235 82 21 bhilliug.

1523 1278 181 19 FORTHCOMING
1713 1278 82 17 BOOKS.

1442 1310 87 16 Vendetta
1576 1322 17 5 ...
1641 1322 18 4 ...
1675 1308 124 16 Marie*Corelli
1811 1309 8 15 2
1829 1310 9 14 6
1851 1309 8 15 3
1870 1310 8 14 6

1443 1332 71 16 Thfllma
1577 1344 18 4 ...
1642 1343 18 5 ...
1732 1341 12 9 >.»
1811 1331 10 14 2
1830 1331 8 14 6
1852 1331 8 14 3
1870 1331 8 15 6

1443 1353 67 15 Ardath
1579 1366 9 3 ..
1644 1366 10 3 ..
1732 1363 13 8 ~
1809 1352 11 18 .2
1830 1353 8 14 0
1852 1353 8 13 3
1870 1353 9 13 6

1442 1374 36 16 The
1486 1374 41 16 Soul
1536 1374 18 15 of
1564 1374 55 19 Xjilith
1638 1387 16 3 ...
1731 1385 11 7 ~
1809 1374 9 14 2
1828 1374 9 14 6
1851 1374 8 14 3
1870 1374 8 13 6

1445 1395 108 16 Wormwood
1571 1409 17 4 ...
1637 1409 17 3 ...
1810 1395 8 14 2
1829 1395 8 14 6
1851 1395 8 14 3
1869 1395 9 14 6

1462 1417 39 20 'Jhe
1509 1417 53 16 above
1572 1417 33 15 will
1614 1416 21 16 bo
1645 1416 54 16 issued
1710 1418 17 14 a.t
1739 1416 48 16 short
1795 1416 84 16 intervals

1443 1439 17 15 in
1471 1439 28 15 the
1511 1439 49 15 order
1576 1438 61 15 named
1653 1438 16 15 in
1687 1437 33 15 Met
1725 1437 61 15 linen's
1802 1437 77 15 Colonial

1443 1460 80 20 Library.
1547 1460 54 20 Early
1609 1460 58 15 orders
1676 1463 28 11 are
1717 1459 95 20 lpquested.

1492 1502 58 16 NEW
1562 1501 116 17 VOLUMES
1694 1501 132 16 EXPECTED.

1444 1532 111 17 Sentimental
1677 1531 18 16 J.
1704 1531 26 19 J\l.
1740 1531 58 17 B.irrje
1811 1532 8 13 2
1830 1531 8 17 Q
1852 1531 9 15 3
1871 1531 8 15 6

1446 1554 51 15 llodn-
1504 1559 11 15 y
1525 1553 10 16 S
1546 1559 31 10 »>ne
1587 1567 17 3 ...
1644 1553 22 15 A.
1676 1552 35 16 Con
1714 1558 20 9 an
1745 1552 55 19 Doyle
1812 1553 26 14 26
1852 1553 9 14 3
1871 1553 8 14 G

1443 1575 37 16 The
1487 1576 54 14 Green
1551 1574 42 16 Mm
1660 1574 16 16 S.
1689 1574 21 16 R.
1720 1573 79 16 Crockett
1812 1575 9 13 2
1831 1575 9 13 6
1852 1574 9 14 3
1871 1574 8 14 6

1443 1597 37 16 The
1496 1596 83 19 Martian,
1595 1602 9 9 m
1620 1601 38 10 new
1673 1595 50 16 novel
1737 1595 21 19 by
1775 1594 29 17 Du

1487 1618 82 18 Maurier,
1590 1617 63 16 author
1669 1617 19 15 of
1703 1616 95 21 ••Trilby"'
1812 1617 9 14 2
1831 1617 8 14 6
1852 1617 9 15 3
1871 1617 8 14 6

1479 1653 83 19 Orders
1574 1658 38 15 koh
1625 1657 67 15 a\joye
1708 1656 101 16 received
1825 1652 21 16 at

1534 1676 152 18 CHRONICLE
1699 1675 80 18 Office.

1444 1734 205 44 SOMETHING
1684 1733 44 44 TO
1762 1733 94 41 READ
1870 1733 9 43 J

1449 1868 241 56 Supplied
1717 1868 130 55 Rcgu

1522 2209 280 38 OFFICe.

1497 2276 194 31 Canterbury
1724 2275 108 30 Times,

1517 2317 196 26 hristchurch
1744 2317 94 31 Press,

1506 2360 71 25 New
1591 2359 136 27 Zealand
1751 2358 75 31 Majl,

1539 2402 111 32 Family
1666 2401 127 30 Reader,

1464 2443 107 32 Young
1594 2442 116 27 Ladies'
1732 2442 134 31 Journal,

1517 2485 90 25 Black
1633 2485 60 25 and
1710 2484 106 30 White,

1449 2527 173 25 illustrated
1643 2526 126 26 London
1788 2526 95 30 News,

1447 2569 63 25 The
1530 2568 117 30 Album,
1682 2568 63 24 The
1760 2568 124 29 Sketch,

1527 2611 122 31 Sydney
1669 2609 136 30 Bulletin,

1582 2672 12 10 „
1700 2651 74 30 Mail,

1503 2693 90 28 Town
1607 2693 60 25 and
1685 2693 143 31 Country,

1557 2735 220 29 Australasian,

1605 2777 134 29 Referee,

1449 2819 231 32 Cosmopolitan
1718 2818 166 31 Magazine,

1550 2860 113 26 Strand

1527 2902 141 25 Windsor-
1772 2921 12 10 „

1529 2944 139 31 Ludgate
1773 2963 11 10 „

1502 2986 118 25 Review
1642 2985 33 25 of
1694 2984 141 30 Reviews,

1516 3028 126 25 Woman
1663 3028 32 24 at
1712 3027 106 29 Home,

1449 3069 151 26 Weldon's
1614 3069 127 25 Fashion
1758 3067 125 26 Journal

1483 3110 129 26 Schild's
1628 3110 128 25 Fashion

1495 3152 182 31 Something
1698 3153 33 23 to
1748 3151 92 30 Read,

1450 3194 183 32 Snapshots,
1657 3194 148 28 Answers,
1826 3192 44 25 Tit-

1531 3236 66 28 bits,
1612 3236 124 29 Scraps,
1757 3234 52 25 &c.

1451 3278 64 25 And
1531 3278 36 24 all
1586 3278 97 24 Home
1701 3277 60 25 and
1778 3276 90 26 Colon-

1469 3319 34 25 ial
1521 3319 114 32 Papers
1648 3319 23 25 &
1684 3318 186 31 Magazines.

1007 1064 30 17 r*
1098 1063 294 24 DiTDTfyM'O

1007 1084 51 28 U.
1099 1084 34 24 r>
1145 1084 77 24 urv
1232 1086 15 21 i
1263 1073 74 34 url
1366 1073 29 36 b

986 1140 221 22 PIONEER
1251 1139 169 24 STORE.

1064 1178 102 23 Opposite
1181 1176 74 20 Palaco
1272 1177 68 19 Hotel.

985 1229 137 23 GROCERY,

1025 1260 137 21 OILMEN'S
1177 1258 112 25 STORKS,

1066 1289 221 27 IRONMONGERY,

1119 1321 73 22 CROC
1196 1320 59 22 KER
1257 1321 18 19 Y
1280 1321 91 23 WARE,

1171 1356 145 23 DRAPERY,
1333 1357 43 22 Ac.,
1386 1357 34 19 &c-

1032 1387 74 23 IjTEW
1119 1387 143 21 SEASOIjr'S
1273 1387 100 18 GOODS

1129 1411 47 18 Just
1186 1414 20 15 to
1216 1410 63 19 hand.

1014 1451 15 13 A
1047 1445 148 20 well-assorted
1213 1445 57 19 st:>ck
1289 1446 20 17 in
1327 1445 26 18 all
1371 1445 51 19 lineo

986 1474 21 17 of
1018 1473 33 18 the
1060 1472 62 19 above
1132 1476 18 14 at
1161 1471 74 24 ,lowest
1247 1478 72 17 prices.

987 1513 48 19 New
1047 1512 85 21 Zealand
1145 1512 61 24 Dairy
1216 1510 149 20 Aspociation's
1373 1510 36 20 Fac-

1022 1542 45 20 tory
1079 1538 74 19 Butter
1164 1538 54 18 fresh
1228 1537 60 19 twice
1299 1537 82 25 \wekly.

1063 1573 49 19 New
1122 1573 50 19 Laid
1185 1573 60 22 Ejys,
1256 1573 43 21 &e.,
1312 1573 34 18 Ac.

988 1775 81 32 'pHE
1093 1773 209 21 UNDERSIGNED
1331 1773 52 26 begs
1401 1776 21 16 to

1002 1804 9 15 1
1055 1801 50 19 offer
1116 1801 100 19 Nuiisehy
1228 1800 66 19 Stock
1304 1801 21 17 of
1336 1800 26 18 all
1377 1800 35 18 des-

986 1828 102 25 criptions,
1108 1827 58 19 seeds
1186 1827 42 21 and
1247 1827 164 24 appliances—in-

987 1855 82 24 cluding
1080 1853 49 19 New
1140 1853 91 19 Zealand
1247 1853 67 23 Trees,
1335 1852 86 23 Shrubs,

989 1881 75 20 Plants,
1084 1879 50 19 Tree
1145 1879 68 23 Ferns,
1232 1879 70 23 Ferns,
1324 1879 40 23 &c.,
1381 1881 40 20 Ac.,

988 1906 77 25 packed
1075 1907 19 17 in
1106 1905 56 19 wood
1176 1905 38 19 and
1230 1912 75 11 canvas
1320 1911 56 13 cases
1392 1905 32 18 for

988 1933 33 18 the
1030 1932 98 22 Colonies,
1141 1931 38 19 and
1192 1932 20 18 in

986 1959 32 18 for
1042 1958 76 19 distant
1141 1958 108 19 countries.
1292 1957 68 19 Medal
1383 1957 40 18 and

991 1984 93 25 Diploma
1094 1984 89 21 received
1194 1984 32 18 for
1239 1984 73 24 plants,
1324 1984 41 22 &e.,
1376 1986 48 16 thus

988 2014 44 16 sent
1042 2014 19 15 to
1074 2011 34 18 the
1234 2010 126 22 Exhibition,
1371 2009 40 18 Lon-

988 2038 45 22 don,
1289 2036 21 18 in
1317 2035 106 19 Auckland

988 2065 23 16 35
1022 2069 65 19 years.

1066 2097 39 35 a
1121 2097 44 36 T„
1181 2096 163 36 WRKN,

987 2140 39 16 Mr.
1037 2138 53 18 hob
1093 2138 49 18 son
1149 2137 130 21 NURSERY,
1288 2137 135 21 REMUERA,

1112 2170 123 21 Auckland,
1247 2168 51 19 N.Z.

1094 2224 223 19 MASSAGE.

990 2271 91 43 MISS
1102 2271 114 19 ERASER,
1229 2271 98 28 (jiialiljed
1345 2271 66 19 Ameri-

1067 2304 38 12 can
1125 2299 111 21 Masseuse,
1257 2297 17 19 is
1285 2298 140 24 permanently

990 2324 77 19 located
1083 2325 20 17 in
1120 2323 97 21 Rotorua.
1258 2324 40 17 She
1324 2323 36 21 has
1385 2324 40 18 had

989 2350 138 20 considerable
1141 2350 118 25 experience
1269 2349 20 19 in
1309 2351 34 19 the
1362 2352 23 16 tr-
1393 2353 22 15 at-

990 2380 55 15 meut
1065 2377 20 17 of
1102 2376 62 18 ladies
1175 2377 39 17 and
1226 2376 115 24 gentlemen
1352 2376 61 22 sneer-

990 2403 35 24 ing
1035 2403 50 18 from
1106 2403 89 21 Scitica,
1218 2402 146 22 Kheuniati-m,
1378 2403 47 17 Stiff

990 2429 73 22 Joints,
1085 2428 113 25 Dyspepsia
1218 2428 40 19 and
1277 2428 28 18 all
1324 2429 62 17 forms
1404 2429 21 18 of

990 2455 93 18 Nervous
1099 2454 112 19 Disorders.

1041 2499 100 17 Adukess:
1157 2497 99 19 GRAND
1272 2497 101 22 HOTEL,

1083 2549 82 29 THE
1184 2549 140 29 MAII^S.

1022 2622 145 19 ROTORUA
1181 2622 75 19 POST
1276 2623 116 22 OFFICE,

1060 2672 68 18 Mails
1138 2673 61 17 close
1208 2678 27 12 as
1244 2672 111 19 under:—

1160 2702 99 17 Monday.

991 2733 45 18 For
1045 2733 122 23 Tauranga
1175 2733 25 18 at
1209 2733 55 18 6.30
1273 2739 52 13 a.m.

1014 2772 11 7 „
1052 2756 123 18 Auckland
1198 2756 46 18 and
1261 2756 165 23 internaediate

1049 2780 83 22 offices,
1143 2779 54 19 7.30
1207 2785 52 13 a.m.

1157 2812 102 17 Tuesday.

991 2843 45 18 For
1052 2843 125 21 Auckland
1194 2843 47 17 and
1261 2843 165 22 intermediate

1054 2866 82 22 offices,
1145 2866 53 22 7-30
1207 2872 52 13 a.m.

1014 2904 11 7 ~
1052 2890 167 18 Rotomaßoad
1226 2890 79 23 Camp,
1312 2890 56 18 9.30
1368 2890 56 18 a.m.

1014 2913 4 26 ,
1019 2928 6 11 ;
1052 2913 96 18 Galatea
1157 2913 45 18 and
1218 2913 135 23 Waiotapu,
1373 2913 53 19 7.30

1053 2941 52 18 p.m.

1014 2974 11 8 ~
1052 2960 84 22 Taupo,
1154 2959 124 23 Atianiuri,
1298 2960 126 22 Waimkei,

1053 2983 46 18 and
1108 2982 91 23 Napier,
1210 2982 55 19 7.30
1277 2988 54 18 p.m.

1136 3015 141 18 Wednesday.

990 3046 46 18 For
1047 3046 123 18 Auckland
1192 3047 47 17 and
1263 3047 163 19 intermediate

1054 3069 83 23 offices,
1148 3067 54 21 7.30
1211 3075 52 17 a.m..

1146 3099 120 17 Tiiuusday.

992 3139 44 17 For
1053 3138 124 22 Auckland
1194 3139 47 17 and
1263 3139 163 19 intermediate

1053 3161 84 22 offices,
1148 3162 54 18 7.30
1211 3167 53 14 a.m.

1014 3200 11 7 ~
1052 3185 96 22 Matata,
1164 3185 155 23 Pongakawa,
1339 3186 86 22 Ohiwa,

1054 3208 155 22 Whakataije,
1219 3208 101 23 Opotiki.
1328 3209 98 18 Maketu

1054 3232 45 18 and
1108 3232 30 18 Te
1148 3232 71 22 Puke,
1230 3231 55 19 7.30
1293 3237 53 18 p.ii).

1166 3264 88 16 Ektday.

993 3294 46 18 For
1048 3295 125 23 Tauranga.
1185 3295 55 18 6.30
1249 3300 52 13 a.m.

1016 3332 10 3 ..
1053 3313 123 22 Auckland
1198 3318 47 17 and
1265 3318 163 19 intermediate

1055 3341 83 22 offices,
1148 3341 53 19 7.30
1210 3346 52 14 a.m.

1016 3379 11 7 ~
1054 3364 85 23 Taupo,
1159 3364 123 22 Atiamuri,
1302 3365 45 18 and
1365 3365 48 18 Wai-

1055 3388 70 21 rakei,
1137 3388 53 18 7.30
1199 3393 55 17 p.rn.

1151 3419 118 18 Saturday.

994 3451 46 17 For
1054 3451 96 22 Matata,
1166 3451 156 22 Pongakawa,
1341 3451 86 23 Ohiwa,

1056 3474 155 22 Wliakatane,
1220 3474 102 23 Opotiki,
1331 3475 98 18 Maketu

1056 3497 47 18 and
1112 3498 30 17 Te
1152 3497 70 22 Puke,
1233 3497 54 19 7.30
1296 3503 53 17 p.m.

995 3541 52 17 THE
1059 3541 115 17 ENGLISH
1188 3541 68 17 MAIL
1270 3545 37 13 via
1325 3541 103 17 'FRISCO.

1020 3594 80 18 Closes
1106 3595 109 20 Rotorua,
1225 3594 91 23 Fi-iday,
1324 3594 58 18 Nov.
1393 3593 35 22 27,

997 3618 25 17 at
1031 3618 54 18 7.30
1094 3622 58 17 a.m.,
1163 3617 45 18 due
1224 3617 23 18 in
1263 3617 98 18 London
1376 3617 52 19 Dec.

997 3641 63 20 30th,

1028 3692 63 18 POST
1103 3692 93 17 OFFICE
1210 3691 189 18 REGULATIONS.

1021 3741 47 18 The
1078 3740 70 23 Offic;e
1157 3740 19 18 is
1186 3746 61 17 open
1256 3740 36 18 for
1301 3740 40 19 the
1352 3740 47 20 sale
1409 3741 24 17 of

998 3765 96 21 stamps,
1105 3763 102 23 delivery
1222 3763 44 18 and
1282 3763 148 23 registration

999 3787 26 18 of
1031 3787 87 21 letters,
1129 3786 87 23 receipt
1232 3786 26 18 of
1270 3786 95 23 parcels,
1384 3786 46 23 &c.,

1000 3810 59 18 from
1070 3810 13 18 9
1092 3814 51 14 a.m.
1154 3811 24 17 to
1188 3810 15 18 5
1212 3814 55 18 p.m.

1024 3833 44 18 For
1086 3838 85 17 money
1188 3833 68 17 order
1273 3831 46 19 and
1337 3832 95 23 savings

1000 3856 63 18 bank
1077 3856 111 22 business,
1204 3856 16 17 9
1235 3861 51 12 a.m.
1305 3857 26 16 to
1347 3856 15 17 4
1379 3861 53 17 p.in.

1001 3879 135 22 Saturdays,
1146 3879 14 17 9
1170 3884 52 15 a.m.
1233 3880 25 17 to
1268 3878 14 18 5
1291 3883 54 18 p.m.

1024 3903 46 17 For
1078 3902 120 23 telegraph
1214 3901 116 20 business,
1345 3901 60 18 from
1420 3901 14 18 9

1001 3930 51 14 a.m.
1064 3925 23 18 to
1097 3925 14 18 5
1121 3930 53 18 p.m.

1025 3948 99 22 Letters,
1135 3948 74 19 books
1226 3947 48 18 and
1286 3952 148 18 newspapers

1002 3977 43 13 can
1049 3971 28 18 be
1082 3970 127 24 registered
1216 3971 26 17 to
1250 3976 46 17 any
1305 3972 54 21 part
1364 3971 26 17 of
1395 3970 40 18 the

1002 3995 72 17 world
1084 4000 29 12 on
1122 3995 113 21 payment
1245 3997 23 14 ol
1285 3998 14 12 a
1312 3993 36 18 fee
1365 3993 26 18 of
1406 3993 29 18 3d

1002 4017 23 18 in
1033 4017 104 19 addition
1145 4019 23 16 to
1171 4017 40 18 the
1218 4016 216 23 ordinarypostage.

1026 4041 47 18 The
1082 4040 70 18 Office
1161 4040 46 17 will
1215 4044 95 18 re-open
1318 4044 30 13 on
1357 4040 66 17 Satur-

1003 4064 57 20 days
1070 4063 55 23 only
1134 4063 35 18 for
1182 4063 29 18 15
1226 4063 103 17 minutes
1345 4063 35 17 for
1397 4063 39 17 the

1003 4086 102 24 delivery
1119 4087 26 17 of
1158 4085 82 19 letters
1254 4085 60 18 after
1329 4085 40 19 the
1383 4085 54 19 mail

1003 4110 102 22 arriving
1113 4110 26 17 at
1148 4108 53 19 7.40
1210 4114 53 18 p.m.
1275 4109 19 18 is
1304 4109 84 19 sorted.

1150 4132 24 19 R.
1190 4132 26 19 D.
1236 4132 130 21 DANSEY,

1262 4155 152 16 Postmaster.

541 3784 193 30 DIARIES!

654 3837 211 30 DIARIES!!

751 3896 225 27 DIARIES!!!

704 3959 52 19 FOR
770 3959 50 17 1897.

545 4048 102 21 ORDERS
653 4046 52 19 ARE
712 4045 61 19 NOW
780 4043 82 19 BEING
872 4042 107 18 BOOKED

749 4086 27 14 AT

633 4123 152 20 .CHRONICLE
813 4121 99 19 OFFICE.

568 4161 161 20 N.B.—Country
737 4158 91 23 residents
837 4158 62 23 pleaso
905 4158 51 17 nolo.

1619 3403 101 22 THO

1451 3455 248 45 MASTERPIECE
1719 3455 163 41 LIBRARY.

1453 3528 141 32 Popular
1607 3528 129 30 Novels,

1486 3589 64 24 Tlie
1565 3589 115 32 Penny
1694 3589 105 31 Poets,

1520 3651 108 25 Books
1640 3651 109 26 fortlie
1761 3651 126 26 Bairns,

1454 3764 204 46 Jewries'
1691 3765 196 48 Famous

1595 3850 161 46 Books.

1550 3933 116 9 #•♦
1678 3933 9 12 *
1767 3935 7 7 »
1789 3935 5 10 f

1493 3982 165 43 BROADER
1698 3982 155 45 BRITAIN.

1459 4053 29 25 A
1519 4052 175 26 Collection
1719 4053 34 24 of
1775 4053 99 26 Photo-

1526 4102 132 31 graphic
1675 4102 107 25 Views
1795 4102 35 26 of

1576 4143 54 24 the
1653 4143 121 26 World.

2068 3606 162 25 HOTORUA.

2119 3692 57 19 THE

1931 3730 425 72 Langham.

1913 3836 42 39 a
1986 3836 44 39 JL
2067 3832 268 42 6BGCQCBM
2336 3860 10 19 ?

1954 3898 69 25 SHIP
2035 3897 19 25 &
2066 3896 100 25 YACHT
2181 3895 127 26 BROKER.

1974 3931 192 22 commission
2179 3931 110 22 agent,

1924 3961 79 44 HAS
2026 3959 55 21 FOR
2104 3959 70 20 SALE
2193 3965 12 13 a
2223 3958 88 19 number
2329 3958 21 19 of

1997 3989 64 17 steajn
2085 3986 103 22 launches,
2209 3984 78 25 yachts,
2311 3984 39 18 and

1915 4013 82 25 pulling
2009 4012 58 19 bunts
2087 4011 88 19 suitable
2195 4011 33 18 fur
2246 4010 46 19 lulte
2311 4012 39 16 anil

1915 4040 54 18 river
1978 4038 62 19 work.

1983 4069 186 18 CoItIIESI'ONPENCE
2190 4066 98 20 INVITED.

2083 4120 102 18 Address:

1945 4153 31 20 15,
1991 4149 154 24 QUEEN-ST.,
2159 4147 167 21 AUCKLAND.

1011 4249 99 40 jfisk
1138 4247 71 40 for
1236 4245 273 43 Ear-cock's
1538 4243 275 41 Celebrated
1845 4242 188 42 XXXX
2064 4241 111 42 Ales
2206 4241 94 39 and
2327 4237 148 42 Stout.

2000 134 154 52 THE
2208 135 151 54 HOT
2410 137 154 52 LAK
2584 139 33 51 E
2636 141 32 49 S
2721 141 127 50 BIS
2865 143 124 53 TRI
3010 146 108 52 £T.

2128 216 91 18 Tourists
2230 217 40 19 and
2283 217 91 20 Invalids
2383 219 85 24 visiting'
2478 217 34 19 the
2522 218 138 21 Wonderland
2671 221 21 18 of
2702 221 49 18 New
2761 221 90 19 Zealand
2862 222 40 18 will
2909 223 41 20 find
2959 225 33 19 tho

2084 256 437 76 GRAND
2612 261 424 79 HOTEL.

2373 348 399 66 ROTORUA,

1897 411 10 14 r
1910 411 67 34 jPH'E
1992 414 51 15 most
2053 410 87 26 elegant,
2152 412 132 19 comfortable
2292 413 41 20 and
2343 413 44 19 best
2397 412 110 26 appointed
2517 413 153 18 establishment
2680 414 22 20 in
2719 414 51 19 New
2787 414 96 25 Zealand,
2902 417 16 18 it
2935 417 61 26 being
3009 420 75 25 .repleto
3100 415 125 25 throughout

1903 434 21 21 -t-
2367 439 49 19 with
2426 439 34 18 the
2471 441 52 16 most
2537 438 82 19 modern
2634 440 146 19 conveniences.

1922 462 58 21 TnE
1994 462 91 19 HOTEL
2102 462 19 21 .Is
2140 463 20 18 in
2180 463 35 19 tho
2234 464 115 19 immediate
2364 464 169 25 neighbourhood
2552 464 21 18 of
2592 464 33 20 the
2644 464 72 23 Priest,
2736 465 82 23 llachel,
2838 466 121 22 Postmaster
2982 471 39 18 and
3035 471 56 19 other
3105 472 60 20 baths
3190 473 35 18 tho

1896 488 91 20 curative
1995 488 113 25 properties
2118 488 20 19 of
2150 488 65 20 which
2231 495 34 13 are
2281 490 147 19 world-famed.
2457 490 54 18 Bath
2523 489 66 19 chairs
2600 490 39 19 and
2650 490 116 19 attendants
2776 497 34 12 are
2819 493 96 23 provided
2926 498 19 15 to
2957 501 73 19 convey
3045 497 84 19 invalids
3145 488 26 28 to'
3184 499 41 19 and

1897 513 52 19 from
1959 514 35 18 the
2003 514 81 18 various
2096 514 141 19 bath-houses.
2266 515 43 20 The
2319 516 106 19 bedrooms
2436 516 40 19 and
2495 515 87 25 retiring
2601 522 69 12 -rooms
2690 522 33 13 are
2739 516 61 20 .fitted
2817 518 48 18 with
2893 520 73 24 special
2978 522 72 19 regard
3064 526 19 15 to
3095 523 35 19 Ihe
3145 525 80 17 reouiro

1896 543 66 15 ments
1973 539 21 19 of
2002 542 70 22 guests
2082 539 21 19 in
2113 540 69 18 search
2192 541 22 18 of
2223 541 92 19 renewed
2326 541 97 24 strength.
3001 537 10 9 0

1923 565 43 18 The
1980 565 62 19 Baths
2052 568 21 15 at
2083 565 35 19 tho
2126 565 130 20 Sanatorium
2267 567 52 18 have
2331 567 97 21 attracted
2438 573 60 17 many
2508 567 82 18 visitors
2610 567 20 18 of
2650 567 40 19 late
2711 574 68 18 years.;
2806 572 93 22 amongst
2914 571 56 19 those
2984 573 41 18 who
3033 574 50 19 have
3095 575 63 19 found
3168 575 58 19 relief

1898 590 31 21 be,i
1939 591 35 21 the
1984 591 145 23 convalescent,
2140 598 92 16 nervous,
2244 591 118 24 rheumatic,
2374 593 40 18 and
2425 592 99 25 sleepless.

1924 616 92 21 Rotqrua
2025 617 17 18 is
2052 617 34 18 the
2105 620 66 16 centre
2189 617 54 19 from
2262 618 65 18 which
2346 618 27 18 all
2394 619 68 24 points
2472 619 21 17 of
2499 618 88 20 .interest
2597 618 20 18 in
2634 618 35 18 the
2677 618 95 19 Thermal
2782 619 85 26 Springs
2883 621 82 21 District
2981 631 44 18 way
3040 625 25 18 be
3079 626 82 19 reached
3187 626 39 20 and

1897 643 75 25 special
1982 643 95 18 facilities
2087 649 34 12 are
2129 642 98 25 provided
2237 644 32 17 for
2277 643 58 19 those
2342 644 21 18 in
2373 644 70 18 search
2452 645 21 17 of
2481 644 34 18 the
2525 643 100 19 beautiful
2638 644 40 18 and
2692 645 126 21 marvellous.

1992 674 181 19 MAGNIFICENT
2185 674 178 18 APARTMENTS.
2491 675 86 17 'LOFTY
2589 675 145 18 BEDROOMS.
2850 678 113 19 PERFECT
2979 681 156 20 SANITATION,

2042 698 25 18 in
2077 697 58 19 short
2144 704 13 11 a
2166 703 127 13 first-class
2307 697 170 21 Estaiuushmbxt
2487 698 87 24 offering
2584 698 59 25 equal
2653 700 123 17 comforts>to
2787 699 33 19 the
2827 700 47 20 best
2888 702 63 20 hotels
2961 704 20 18 in
2990 704 83 25 Europe.

2566 730 11 12 o

2134 749 92 25 ,S,uitets
2243 749 28 23 of
2283 749 168 29 Apartments
2457 749 71 25 with
2538 750 98 28 special
2648 750 156 24 attendance
2818 751 38 23 for
2872 753 126 24 Families-

1898 779 99 30 Spacious
2008 783 127 20 Promenado
2145 783 114 24 Balconies,
2269 784 58 24 Snug
2339 784 89 23 Alcoves,
2440 784 40 18 and
2497 784 125 24 luxuriously
2639 784 108 25 appointed
2758 784 102 27 Drawing,
2880 788 69 23 Music,
2961 789 144 23 (Conversation

2354 809 99 26 bmoking
2462 810 39 18 and
2512 810 86 19 Billiard
2608 810 81 18 Booms.
2717 810 70 21 Baths.

2135 846 40 22 i£3-
2190 843 119 21 SPECIAL
2323 843 159 21 ATTENTION
2496 844 68 19 PAID
2577 844 34 20 TO
2625 843 117 20 CUISINE
2756 845 59 18 AND
2829 845 123 21 SERVICE,

1926 876 34 20 Ail
1969 876 180 20 communications
2162 875 27 24 by
2199 875 61 19 letter
2271 875 3 26 <
2282 882 11 11 r
2304 875 97 24 telegram
2412 875 40 19 will
2462 876 77 19 receive
2548 878 81 23 prompt
2638 876 105 19 attention.

1964 928 71 43 w.
2063 928 59 49 A,
2149 925 312 54 BOULTON,
2928 930 242 59 Manager.

2375 985 59 23 (Laio
2444 986 20 17 of
2474 984 113 20 Grrosvenor
2597 984 68 23 Hotel,
2677 984 96 24 Sydney.)

2176 1052 335 34 ROTORUR

1903 1098 151 45 COAL
2077 1098 124 47 AMD
2226 1096 321 47 JbIKJbWOOD
2584 1095 202 46 DEPOT,

1911 1188 178 25 MESSRS
2109 1188 31 26 F.
2161 1187 198 26 GOODSON
2380 1186 30 26 &
2430 1187 32 25 C.
2484 1185 227 27 GRIFFITHS
2730 1185 58 31 beg

1903 1212 58 43 l@\
1996 1223 32 23 to
2041 1221 106 31 notify
2159 1220 55 25 the
2229 1219 172 26 Residents
2415 1219 33 25 of
2460 1219 143 25 Rotorua
2619 1219 74 24 that
2712 1218 79 32 tjfcey

1902 1261 54 19 are
1964 1260 73 19 now
2051 1254 155 32 prepared
2215 1254 32 24 to
2259 1253 120 24 deliver
2389 1255 31 22 to
2430 1259 65 25 any
2503 1254 72 30 part
2589 1251 34 26 of
2632 1252 54 24 the
2695 1251 96 25 Town

1987 1296 102 31 THE
2114 1295 126 35 BEST
2266 1294 286 33 HOUSEHOLD
2576 1293 126 35 COAL,

2288 1336 125 24 HUSO

1935 1372 156 32 RATA
2115 1371 114 31 AND
2253 1370 167 32 TAIA
2444 1368 315 36 FIREWOOD,

1904 1414 43 25 At
1960 1414 54 24 the
2033 1412 171 27 LOWEST
2220 1412 200 26 CURRENT
2432 1411 136 25 RATES
2583 1412 32 23 at
2627 1411 54 24 the
2691 1409 85 26 short-

2264 1446 48 24 est
2331 1444 112 25 notice.

1929 1502 84 23 Goods
2032 1501 134 26 deliyered
2179 1501 69 24 with
2270 1503 164 27 promptness;
2451 1502 26 21 to
2495 1499 40 23 all
2550 1501 72 28 parts
2637 1500 27 22 of
2678 1499 45 25 .the
2738 1498 42 23 Dis-

1902 1529 63 23 trict
1976 1529 67 22 after
2051 1528 99 22 arrival
2160 1528 27 22 of
2195 1528 91 22 trains-

2102 1562 91 23 Orders
2213 1569 62 22 may
2290 1562 32 23 be
2340 1562 49 22 left
2404 1562 26 22 at
2444 1561 46 23 the
2505 1560 92 27 Yards,

1991 1599 92 34 F>\J
2094 1597 287 35 KUHTUH
2419 1596 81 34 ST
2510 1595 201 35 REET,

1902 1684 139 45 refill]
2051 1684 115 45 «Ml]
2546 1681 89 48 ui
2645 1681 81 48 u:
2737 1681 59 48 m

1928 1745 122 21 AGENTS
2064 1745 60 18 FOR
2133 1745 61 17 THE
2204 1745 53 17 N.Z.
2268 1743 138 19 EXPRESS
2420 1743 38 18 Co.

2206 1926 66 22 (Late
2281 1925 26 18 of
2311 1924 151 23 Melbourne.)

2117 1975 245 26 PRACTICAL
2386 1974 158 26 TAILOR.

2028 2082 46 35 0r
2101 2086 126 24 Clothes
2243 2086 91 25 made
2353 2087 33 23 to
2409 2084 92 25 order
2523 2089 37 19 on

2155 2119 56 28 the
2226 2119 143 26 Shortest
2385 2117 115 26 Notice.

2110 2179 43 20 FIT
2160 2178 55 20 AND
2225 2177 81 18 STYLE
2312 2177 51 18 NOT
2371 2176 32 18 TO
2414 2176 32 17 BE
2453 2175 83 22 EQUAL-

2240 2218 51 17 LED
2302 2217 29 17 IN
2342 2216 80 18 TOWN.

2137 2312 105 18 Address
2248 2317 22 15 ;-
2279 2309 120 19 ARAWA
2413 2308 118 22 STREET,

2241 2350 183 18 ROTORUK.

1909 2482 222 58 Bicycles
2571 2476 35 46 B

1909 2597 223 56 Bicycles
2570 2590 36 46 ®

2109 2702 55 26 AT
2184 2700 240 28 AUCKLAND
2436 2691 160 34 PRICES^

1908 2776 194 20 HOUSEHOLD
2118 2775 187 21 FURNITURE,

2188 2806 162 21 CLOTHING,
2365 2804 153 22 DRAPERY,

2517 2834 144 21 GENERAL
2677 2833 118 22 STORES.

2134 2907 53 34 S.
2232 2907 43 31 D
2300 2906 45 32 M
2375 2905 43 33 N
2452 2903 122 35 DO.

1954 2959 237 28 AUCKLAND
2220 2957 90 26 AND
2340 2957 205 25 WAIKATO
2573 2954 180 31 AGENCY,

2149 3008 88 18 NEAR
2255 3006 152 19 CATHOLIC
2422 3006 133 20 CHURCH,

2237 3039 241 23 ROTORUH.

2116 3095 37 13 _
2161 3100 7 9 ,
2232 3092 12 17 i
2260 3092 10 2 -
2393 3091 41 21 rr
2455 3089 141 26 dT
2611 3088 15 27 I
2642 3107 9 11 ,

2262 3122 242 19 PROPRIETOR.

1937 3142 48 19 N.B.
2011 3144 52 18 Most
2072 3146 20 17 of
2100 3146 54 18 those
2163 3148 43 17 wl.o
2214 3149 45 18 visit
2267 3150 76 20 Brent's
2352 3152 24 18 do
2384 3159 20 11 so
2413 3154 85 24 through
2507 3156 32 17 the
2553 3157 47 18 kind
2612 3159 180 19 recommendations

2277 3180 87 16 previous
2374 3178 107 18 customers.

2028 3281 230 49 ROBERT
2292 3286 254 51 FURNESS
2578 3291 46 47 &
2657 3293 81 49 Co.,

1972 3380 382 35 MANUFACTURERS
2391 3391 112 25 AND
2540 3392 251 34 IMPORTERS,

2127 3478 183 36 PORT
2345 3482 291 37 STRSST,

2924 1051 35 20 TO
2973 1052 148 22 TOURISTS,

2824 1098 15 17 A
2853 1098 128 20 SOUVENIR
2994 1101 31 18 OP
3037 1103 51 17 THE
3100 1103 116 17 DISTRICT

2817 1147 132 44 IDEFORE
2961 1156 39 17 you
3015 1151 55 18 leave
3090 1151 94 24 Rotorua,
3203 1153 33 18 in-

2837 1174 19 18 J
2886 1178 54 20 spact
2948 1175 33 19 the
2988 1176 103 21 miniature
3100 1178 26 18 oil
3133 1179 104 24 paintings

2816 1200 18 18 of
2842 1199 33 19 the
2885 1199 43 19 Hot
2937 1201 64 18 Lakes
3015 1209 84 17 scenery,
3111 1204 31 17 for
3161 1204 40 19 sale
3217 1207 21 16 at

2816 1225 32 19 the
2858 1225 48 19 Hot
2921 1226 68 20 Lakhs
3001 1226 116 21 Cukqxocle
3133 1229 65 24 Office,
3218 1233 20 15 at

2816 1251 50 19 from
2878 1253 20 17 Is
2909 1252 24 18 Sd
2941 1254 53 17 each.

2874 1294 22 27 J,
2909 1295 28 26 P,
2952 1296 230 31 BACKHOUSE,

2965 1344 133 17 HRTIST,

2816 1376 129 28 ttimm
2970 1378 81 29 ROAD,
3074 1379 165 26 AUCKLAND.

2928 1442 205 28 ROTORUA.

2817 1517 235 49 Tarawera
3072 1521 166 51 .House.

2872 1580 178 20 TUTANEKAI
3064 1583 117 19 STREET.

2843 1612 80 21 Within
2946 1619 44 19 easy
3016 1621 63 12 access
3104 1616 21 18 of
3140 1616 33 18 the
3193 1616 48 19 Post

2818 1638 65 23 Office,
2892 1639 68 23 Laths,
2970 1640 38 19 y.nd
3016 1640 124 19 Satiatoriifm
3149 1642 92 19 Grounds

2818 1665 38 18 and
2867 1672 62 11 coinin
2937 1665 67 26 uiding'
3018 1673 12 11 a
3046 1668 127 24 magnificent
3191 1668 50 19 view

2818 1691 20 18 of
2848 1691 33 18 the
2891 1691 61 19 Lake.

2844 1720 87 20 Visitors
2954 1722 37 19 will
3008 1722 43 21 find
3069 1729 59 19 every
3144 1724 97 19 attention

2819 1747 47 24 paid
2876 1750 20 16 to
2906 1748 51 18 their
2966 1749 82 19 comfort
3057 1749 39 18 and
3109 1751 34 16 the
3151 1750 79 25 require-

2819 1777 64 15 ments
2894 1774 20 18 of
2923 1774 75 19 invalid
3007 1777 67 22 guests
3084 1774 40 19 will
3134 1775 25 18 bo
3175 1776 55 19 assid-

2820 1800 71 24 uously
2901 1799 90 20 attended
3003 1804 25 15 to.

2931 1835 69 19 Terms
3011 1835 119 21 Moderate.

2869 1874 36 32 C,
2923 1873 269 38 WILLMOYT,

2914 1926 235 17 PRQPRI6TOR,

2844 1962 79 19 Letters
2940 1963 40 19 and
3004 1963 114 25 Telegrams
3140 1964 102 25 promptly

2818 1988 111 25 responded
2935 1992 24 15 to.

2824 2040 208 46 Rotorua
3074 2042 165 44 Tours.

2822 2123 17 43 1
2845 2123 159 23 PASSENGERS
3012 2126 19 15 to
3040 2125 83 16 Rotorua
3131 2130 30 11 arc
3168 2125 74 16 advised

2883 2147 43 17 that
2934 2153 10 10 a
2957 2147 74 22 regular
3041 2147 50 22 daily
3104 2148 57 17 coach
3177 2148 65 18 service

2820 2170 83 17 between
2912 2169 87 18 Okoroire
3008 2171 36 17 and
3054 2171 83 19 Rotorua
3151 2171 37 16 and
3205 2171 37 17 vice

2818 2199 53 11 versa
2878 2194 16 16 is
2902 2199 42 11 now
2952 2194 87 22 running.

2841 2216 38 17 The
2888 2216 113 23 advantages
3007 2223 11 11 o
3032 2216 37 18 this
3074 2217 52 17 route
3131 2222 31 12 are
3167 2222 63 12 numer-

2818 2245 39 15 ous,
2867 2246 10 10 a
2886 2239 101 17 somewhat
3001 2240 70 16 tedious
3079 2239 77 22 railway
3163 2240 79 21 journey

2817 2263 15 16 is
2841 2262 76 20 broken,
2926 2262 37 17 and
2971 2263 32 17 the
3018 2265 53 15 route
3086 2264 90 16 traverses
3192 2269 50 12 some

2818 2286 20 17 of
2855 2286 33 17 the
2904 2286 82 17 loveliest
3001 2286 51 17 Bush
3069 2286 78 22 Scenery
3163 2286 19 17 in
3196 2287 46 16 New

2819 2308 86 18 Zealand.

2858 2341 101 21 FARES,
2976 2341 39 18 10s
3025 2341 79 18 EACH
3118 2341 80 20 WAY..

2819 2369 90 23 Special
2925 2369 159 23 Conveyances
3102 2375 43 13 can
3165 2369 27 18 be
3209 2373 22 13 ar-

2961 2392 85 23 ranged
3054 2392 39 20 for.

2818 2439 75 18 Leave
2917 2439 108 18 Okoroire
3033 2439 34 18 for
3081 2439 101 17 Rotorua
3196 2439 42 19 and

2887 2462 212 20 WJaakare'syarewa
3128 2461 61 24 daily
3216 2467 13 13 a

2890 2486 27 18 10
2925 2491 51 13 a.m.

2820 2509 199 18 Leave—Rotorua
3027 2508 44 20 and
3078 2508 30 18 'W
3112 2508 12 18 h
3128 2509 55 17 a'kar
3185 2514 42 12 ewa-

2888 2538 59 12 rewa
2963 2533 35 17 for
3011 2531 112 23 Okoroire,
3140 2531 61 23 daily
3217 2533 23 17 at

2890 2556 28 17 10
2926 2561 50 13 a.m.

2843 2580 29 16 All
2893 2585 106 17 passengers
3018 2585 30 11 are
3064 2578 62 17 advise
3159 2579 19 16 to
3193 2578 48 17 avail

2819 2603 109 17 themselves
2937 2603 19 17 of
2963 2602 36 18 this
3016 2602 59 17 Route
3088 2608 21 10 as
3124 2601 88 17 ()koroire
3226 2602 15 15 is

2820 2632 33 11 one
2869 2627 19 16 of
2898 2627 32 16 the
2938 2626 49 17 show
2996 2625 60 23 places
3072 2626 19 16 of
3107 2625 32 17 the
3155 2625 86 17 Thermal

2820 2649 82 20 District,
2923 2649 36 17 and
2973 2655 24 10 no
3013 2649 41 16 visit
3069 2650 19 15 to
3105 2648 31 17 the
3150 2648 60 17 Lakes
3225 2648 15 17 is

2820 2673 90 22 complete
2918 2672 78 18 without
3001 2672 23 17 its
3029 2671 96 17 inclusion.

2843 2696 71 22 Special
2923 2696 89 16 attention
3024 2695 14 16 is
3051 2694 58 18 called
3122 2695 19 16 to
3154 2694 32 16 the
3203 2693 37 17 fact

2820 2720 41 16 that
2870 2726 11 10 a
2889 2719 54 17 coach
2951 2719 59 17 leaves
3023 2718 82 17 Rotonia
3114 2717 37 21 #nd
3159 2717 69 19 Wfcaka-

2819 2748 98 13 rcwarewa
2925 2749 22 10 on
2957 2741 74 23 Sunday
3039 2743 19 14 at
3069 2742 19 15 10
3097 2747 43 12 a.m.

2951 2788 142 16 HCENTS
3102 2788 4 16 :

2820 2816 71 20 THOS,
2904 2816 66 18 COOK
2987 2816 14 16 &
3019 2814 52 20 SON,
3088 2813 97 18 Auckland
3203 2813 36 17 and

2984 2839 88 16 Rotorua,

2821 2896 15 16 A
2853 2893 108 19 MEMBER
2980 2891 31 18 OF
3031 2890 50 17 THE
3102 2889 84 18 HOUSE
3207 2889 31 17 01'

2907 2913 240 20 REPRESENTATIVES.

2843 2957 93 24 Speaking
2948 2963 23 10 on
2985 2956 30 17 the
3027 2955 103 21 Pharmacy
3143 2953 35 17 Bill
3192 2952 44 19 said,

2877 2980 100 23 profession
2990 2979 33 17 has
3034 2977 52 18 made
3102 2976 36 18 less
3152 2980 86 18 progress

2819 3005 68 20 during
2895 3004 31 17 the
2942 3003 34 17 hist'
2994 3003 30 15 100
3038 3006 52 16 years
3105 3000 45 16 than
3163 2999 42 17 that
3218 2999 19 16 of

2820 3028 92 18 medicine,
2922 3027 33 16 'or
2965 3025 57 17 words
3029 3025 19 16 to
3057 3023 41 18 that
3111 3023 56 16 ettect.
3205 3022 32 15 Ihe

2819 3051 78 18 M.T-I.R.
2912 3050 54 22 spoke
2979 3048 78 17 without
3069 3046 91 21 thinking,
3178 3050 21 11 or
3214 3044 22 16 lie

2820 3074 61 17 would
2894 3074 32 16 not
2941 3072 46 18 have
3003 3070 51 18 made
3071 3069 43 17 such
3130 3074 22 11 an
3169 3067 68 17 absurd

2819 3098 104 18 statement.
2947 3096 29 16 He
2985 3093 91 22 evidently
3088 3093 54 16 knew
3157 3091 80 21 nothing

2820 3122 19 17 of
2846 3121 33 17 the
2886 3126 41 12 new
2934 3118 74 18 remedv
3015 3116 69 18 termed

2956 3140 146 17 NEUROL

2820 3166 59 17 which
2888 3165 20 18 is,
2912 3164 18 17 in
2934 3163 111 22 comparison
3051 3161 43 16 with
3101 3159 86 18 remedies
3192 3157 45 17 used

2819 3196 45 10 even
2873 3189 21 16 25
2903 3192 51 18 years
2963 3192 40 16 ago,
3013 3191 19 11 as
3039 3184 48 22 light
3095 3185 19 15 to
3123 3182 91 17 darkness.

2956 3214 146 17 NEURGL

2819 3240 15 17 is
2842 3246 11 10 a
2866 3237 125 21 scientifically
3006 3234 87 24 prepared
3111 3232 91 18 medicine,
3219 3236 19 10 in

2819 3264 32 16 the
2860 3263 47 16 form
2916 3261 19 16 of
2942 3259 88 24 powders.
3054 3258 20 16 It
3078 3257 16 17 is
3102 3257 33 15 not
3147 3255 81 20 disagree-

2820 3287 51 18 able;
2885 3288 15 14 it
2908 3284 15 17 is
2931 3284 33 16 not
2971 3278 107 27 expensive;
3091 3281 16 16 it
3114 3279 33 18 lies
3154 3284 19 11 m
3187 3278 51 15 «miul

2820 3314 82 17 compass
2910 3301 3 30 ;
2926 3307 15 16 it
2950 3305 81 18 contains
3039 3309 23 12 no
3071 3303 67 21 opium,
3156 3301 83 21 morphia

2820 3338 20 11 or
2853 3327 113 25 antipyrine;
2985 3329 13 16 it
3016 3327 37 17 will
3069 3327 33 16 not
3118 3330 41 12 euro
3175 3328 63 12 evei\-

2819 3356 55 17 thinsr
2881 3354 35 17 but
2930 3353 14 17 it
2957 3352 16 17 is
2985 3350 80 18 effective
3077 3349 20 17 in
3110 3348 25 17 all
3149 3352 49 12 cases
3210 3346 29 17 for

2820 3378 59 18 which
2887 3377 15 17 it
2910 3377 15 16 is
2937 3372 141 20 recommonded.

2956 3402 146 18 NEUROL,

2820 3428 36 16 will
2865 3427 66 17 relieve
2939 3430 53 16 every
3000 3424 46 17 form
3064 3422 18 17 of
3098 3420 93 18 headache
3206 3419 34 17 nut

2819 3450 66 19 caused
2893 3450 24 22 by
2926 3448 51 17 brain
2986 3447 73 17 disease.

2957 3474 147 19 NEUROL

2819 3512 52 12 cures
2890 3504 93 20 neuralgia
3004 3502 19 17 of
3038 3502 31 16 the
3086 3502 39 15 taco
3141 3498 36 18 and
3192 3497 48 17 head

2819 3535 50 12 more
2877 3526 94 23 promptlv
2978 3526 45 17 than
3032 3523 79 23 quinine.

2842 3549 136 20 LIGRTPPE,
2987 3554 21 11 or
3013 3542 198 31 INPIjUENZAgoses
3217 3545 10 14 it
3232 3549 7 10 s

2820 3578 67 15 terrors
2895 3574 15 16 if
2917 3571 104 19 NEUROL
3029 3571 15 16 is
3051 3570 56 16 taken
3116 3570 21 15 at
3144 3568 32 16 the
3190 3572 37 12 com-

2820 3598 112 18 mencement
2941 3596 20 17 of
2968 3595 31 17 the
3008 3592 66 19 attack.

2842 3619 85 20 COLDS,
2966 3615 136 20 CATARRHS,
3137 3611 101 20 PE\EI?S,

2820 3641 171 21 RHEUMATISM
3014 3645 30 12 are
3069 3638 24 17 all
3114 3635 78 19 relieved
3216 3634 23 23 ly

2819 3665 111 20 NEUROL.
3109 3665 3 24 ,
3187 3681 11 8 r
3222 3665 3 24 .

2842 3690 37 17 For
2899 3693 70 12 women
2988 3684 103 19 NEUROL
3107 3689 16 11 is
3140 3681 99 23 peculiarly

2820 3712 84 19 suitable,
2914 3711 14 17 it
2937 3715 50 12 cures
2996 3709 24 17 all
3034 3706 71 24 painful
3121 3709 70 17 cramps
3203 3704 36 15 and

2820 3736 53 18 other
2879 3734 59 23 pains,
3213 3748 5 3 .

2842 3759 62 19 Every
2924 3756 63 19 minor,
3007 3754 90 18 buslnntvn
3121 3752 35 16 and
3177 3752 62 15 settler

2820 3781 66 18 should
2895 3785 69 18 possess
2973 3785 11 10 a
2992 3778 35 17 box
3037 3777 18 17 of
3064 3773 107 19 NEUROL
3199 3772 7 15 I
3224 3776 15 11 is

2820 3812 10 10 a
2839 3804 89 18 medicine
2937 3802 50 18 chest
2996 3801 17 16 in
3023 3799 51 18 small
3084 3801 86 17 compass.

2843 3827 44 18 Sold
2896 3827 25 21 by
2930 3825 24 17 all
2963 3824 121 20 storekeepers
3097 3820 34 18 ,md
3147 3820 91 26 yhemists.

2820 3853 20 16 2s
2848 3856 34 17 por
2889 3850 43 17 box.
2942 3854 21 11 or
2970 3848 42 22 post
3025 3846 37 17 free
3078 3845 46 16 from
3137 3843 103 15 JiJil'ivUij

2821 3874 40 19 Co.,
2871 3871 102 20 Auckland,
2984 3871 19 15 2s
3013 3869 26 17 Id.

2844 3895 103 19 Wholesale
2956 3895 45 16 from
3011 3890 123 22 Koiupthorno
3142 3888 36 17 and
3185 3888 9 16 I
3201 3890 29 11 ios-

2821 3926 34 15 ser,
2865 3925 22 14 or
2895 3916 90 23 Shat'land
2994 3914 35 19 and
3038 3914 30 18 Co.

3011 3963 44 17 LEie
3076 3961 137 16 CuLsairactce.

2846 4003 47 14 LOW
2902 3999 110 17 PIIEMIUMK-
3022 3995 73 26 JiABGK
3107 3991 96 16 BOSOSES.

2834 4097 115 17 Accumulated
2957 4095 53 15 I'uudß
3019 4092 54 15 exi.-cd
3083 4090 16 16 <ii
3109 4089 68 13 Millions
3187 4088 28 14 s!«.

2971 4125 13 12 J.
2992 4123 19 13 11.
3019 4118 132 17 ItICiIAItDSON.

3088 4135 127 13 Couuiu-wonefc

2390 3613 34 20 TO
2439 3613 58 20 THE
2512 3615 104 19 PUBLIC
2631 3616 34 19 OF
2682 3606 126 30 HOTORuJ

2378 3706 2 46 |
2397 3718 12 18 ¥
2430 3717 54 20 BEG
2496 3722 19 15 to
2526 3719 64 19 tlinnk
2600 3720 34 18 the
2647 3720 72 19 Public
2729 3721 21 18 of
2757 3706 48 34 Rotij

2377 3740 37 26 |-L
2443 3750 39 12 rua
2501 3745 32 18 for
2547 3745 141 20 theirfavours
2699 3746 74 25 during-
2785 3747 19 18 th

2375 3768 5 39 J
2388 3772 46 22 past
2444 3771 30 17 tilt
2478 3777 35 12 pen
2523 3777 64 18 years,
2600 3772 39 18 anil
2655 3776 19 14 to
2691 3773 63 21 notify
2775 3773 30 18 tin!

2412 3840 114 32 MISS
2557 3835 207 35 FRENCH,

2386 3905 263 30 ANGLO-PARISIAN
2681 3903 88 27 DRESS-

2530 3948 112 29 MAKER,

2472 4008 64 22 (Late
2546 4005 26 19 of
2578 4003 122 21 Dunedin.)

2379 4085 33 23 II)
2441 4091 90 20 ltotorua
2555 4087 45 19 that
2618 4086 35 18 she
2672 4086 36 18 lias
2726 4085 75 17 started

2375 4117 92 19 business
2489 4116 20 20 in
2533 4114 155 20 Fentou-rstreot,
2713 4110 88 25 opposite

2375 4144 33 17 tlio
2418 4142 69 19 Grand
2502 4140 67 20 Hotel.
