2590 4020
686 614 111 31 PORT
819 612 256 36 NICHOLSON,
1093 609 226 33 SATURDAY
1340 609 214 34 MORNING,
1578 609 93 30 MAY
1693 612 32 31 6,
1752 610 88 28 1843.

2257 607 110 42 .[Vol.
2390 609 52 31 IV.

118 621 66 30 No.
207 617 90 41 £43.]

52 258 383 37 NEW
563 258 894 37 ZEALAND
1585 258 895 37 GAZETTE

608 496 221 38 PUBLISHED
874 496 133 37 EVERY
1051 491 251 41 WEDNESDAY
1346 491 90 38 AND
1479 490 230 39 SATURDAY
1755 490 206 37 MORNING.

1498 701 44 21 Ex

1300 735 92 49 THE
1417 734 229 23 UNDERSIGNED
1670 734 41 22 has
1731 734 47 27 just
1803 734 85 28 opened

1374 762 87 22 several
1472 769 69 19 cases,
1552 760 131 27 containing
1690 769 5 13 :
1697 771 27 5 —

1343 789 91 21 'Scotch
1444 788 92 22 Tweeds
1547 787 111 27 shepherd
1667 790 106 24 patterns,

1417 818 82 23 tartan,
1510 817 64 24 great
1584 814 93 26 variety,

1353 842 115 27 Glengary
1477 840 46 23 and
1533 841 56 21 Tarn
1600 840 28 21 O'
1639 840 96 22 Shanter
1742 840 102 27 bonnets,

1353 869 68 26 Navy
1432 868 51 22 blue
1492 868 79 27 prints,

1352 894 100 23 Leather
1462 894 87 27 leggins
1559 893 45 22 and
1613 893 76 27 gloves
1691 909 11 16 (>

1338 943 9 1 _
1352 922 106 21 Woollen
1467 922 97 26 hosiery,
1575 924 87 23 iegatta
1671 920 73 27 shirts,

1317 963 6 4 -
1353 948 65 21 Dark
1428 949 69 27 fancy
1505 948 79 27 prints,

1353 975 100 22 Calicoes
1464 975 41 21 and
1516 974 113 26 shirtings,

1354 1002 102 21 Ribbons
1466 1002 44 21 and
1521 1005 92 22 sarnets,

1353 1028 79 26 Black,
1443 1029 74 25 white,
1530 1028 43 21 and
1583 1028 103 21 coloured
1695 1030 57 24 nets,

1354 1055 57 21 Blue
1422 1054 60 22 cloth
1493 1062 57 19 caps,

1354 1082 56 21 Men
1421 1082 43 21 and
1472 1082 63 26 boys'
1546 1081 85 22 leather
1640 1080 64 28 belts,

1355 1108 88 21 French
1453 1109 103 25 merinos,

1356 1134 78 23 Men's
1444 1138 77 23 strong
1530 1134 64 21 shoes
1606 1133 45 22 and
1660 1134 70 26 boots,

1354 1162 64 26 Rugs
1429 1161 43 22 and
1483 1160 109 27 blankets,

1356 1188 116 27 Guernsey
1483 1187 82 26 frocks,
1577 1186 45 22 and
1632 1186 52 22 blue
1695 1187 71 27 shirts,
1773 1197 4 4 •
1785 1198 5 4 •

1357 1215 79 22 Gents'
1447 1213 153 25 embroidered
1610 1218 95 17 cravats.

1563 1241 71 25 Also,

1382 1268 50 22 The
1441 1268 45 21 real
1497 1267 97 28 genuine
1603 1266 80 23 Scotch
1694 1274 114 15 whiskey.

1789 1301 86 21 Lyon.**

1331 1329 56 28 May
1398 1331 20 24 1,
1431 1330 60 20 1843.
1875 1329 7 33 [

1303 1379 187 49 WANTED,
1506 1386 14 14 a
1535 1378 56 22 Man
1610 1378 43 21 and
1664 1378 34 21 his
1713 1377 59 23 Wife
1787 1385 25 14 as
1826 1378 66 21 Farm

1411 1406 104 21 Servants
1525 1412 6 20 ;
1557 1405 47 21 aho
1624 1412 13 14 a
1655 1404 137 28 respectable
1812 1404 83 27 Young

1304 1433 98 21 Woman
1413 1436 24 18 to
1447 1432 51 22 take
1508 1432 82 26 charge
1603 1432 26 20 of
1643 1431 113 27 Chiidrim.
1784 1432 77 28 Apply
1872 1435 23 17 at

1305 1459 45 23 Mr.
1361 1459 144 27 Riddiford's,
1522 1458 122 28 Aglionby,
1661 1458 70 27 River,
1747 1458 66 27 Hutt;
1825 1465 30 22 pv
1872 1461 23 18 at

1305 1487 40 21 Dr.
1356 1486 102 27 Evans's,
1470 1485 103 22 Golder's
1585 1484 55 28 Hill,
1652 1484 142 28 Wellington.

1333 1520 57 26 May
1401 1521 21 25 4,
1435 1520 60 21 1843.

1535 1571 53 20 For
1602 1570 70 25 Sale,
1715 1579 4 5 -
1782 1578 19 22 ,f

1309 1604 134 50 ABOUT
1457 1606 26 19 16
1500 1607 50 19 tons
1568 1604 26 21 of
1605 1602 58 29 fine,
1667 1603 81 27 picked
1768 1603 128 22 Manawatu

1387 1631 111 22 Potatoes.
1528 1630 76 28 Apply
1655 1626 8 14 ;

1537 1665 102 21 Messrs.
1651 1663 82 23 Waitt
1749 1664 20 22 &
1782 1663 87 23 Tyser.

1336 1697 145 27 Wellington,
1493 1696 65 27 April
1569 1698 32 24 18,
1613 1697 60 20 1843.

1310 1748 93 48 THE
1432 1748 152 21 BUSINESS
1606 1746 68 28 lately
1681 1746 3 4 ■
1698 1746 84 22 carried
1808 1754 34 19 on,
1873 1746 23 23 in

1385 1774 143 27 Wellington,
1540 1774 71 21 under
1622 1774 37 21 the
1666 1773 50 22 firm
1727 1774 62 21 of.D.
1797 1774 21 21 S.
1826 1774 71 21 Durie

1310 1801 45 22 and
1364 1801 49 25 Co.,
1429 1802 65 26 being
1505 1808 58 14 -now
1574 1800 111 22 dissolved
1704 1801 30 26 by
1742 1800 86 22 mutual
1843 1807 54 15 con-

1310 1832 55 22 sent,
1380 1828 32 21 all
1429 1828 62 22 debts
1506 1828 44 21 due
1566 1831 21 18 to
1601 1827 45 22 and
1662 1827 73 27 owing
1752 1828 28 26 by
1796 1827 38 22 the
1850 1828 46 21 said

1310 1854 67 26 Firm,
1389 1854 43 22 will
1443 1855 27 21 be
1487 1854 79 22 settled
1624 1854 29 21 D.
1665 1854 21 21 S.
1698 1854 77 27 Durie,
1786 1854 50 21 who
1853 1854 44 22 still

1310 1882 108 21 conducts
1428 1881 36 22 the
1474 1882 109 21 business.

1679 1908 63 21 John
1759 1908 109 26 Tinline,

1677 1934 30 21 D.
1723 1935 22 21 S.
1760 1934 86 22 Durie.

1310 1962 96 21 Witness
1413 1965 23 18 to
1443 1962 62 21 John
1514 1961 109 22 Tinline's
1634 1960 119 28 signature,

1393 1989 22 21 J.
1431 1989 29 21 D.
1476 1988 140 27 M'Farlane,

1311 2021 97 22 Witness
1418 2024 23 18 to
1450 2021 29 21 D.
1491 2021 21 21 S.
1524 2021 91 22 Durie's
1624 2022 118 26 signature,

1393 2048 84 22 Robert
1486 2047 78 22 Waitt.

1338 2080 143 28 Wellington,
1493 2081 64 28 April
1569 2084 32 24 19,
1614 2083 60 21 1843.

1474 2133 157 26 Wanganui
1646 2134 93 20 Earns.

1318 2167 88 21 TUST
1425 2166 167 27 RECEIVED,
1611 2167 27 21 50
1652 2167 69 27 finely
1738 2166 68 22 cured
1826 2166 71 22 Hams

1310 2199 25 17 V
1373 2194 59 20 from
1444 2194 131 26 Wanganui.

1669 2220 111 22 William
1796 2220 74 22 Lyon.

1337 2247 65 28 April
1411 2249 33 25 21,
1457 2249 60 20 1843.

1512 2298 40 20 To
1572 2298 126 20 Packers.

1309 2330 177 50 WANTED,
1497 2336 12 14 a
1518 2336 78 20 person
1605 2329 125 26 acquainted
1738 2329 51 20 with
1799 2329 98 27 packing,

1392 2360 23 18 to
1425 2358 48 20 take
1483 2358 76 25 charge
1569 2357 24 20 of
1604 2364 13 12 a
1627 2357 50 19 Flax
1688 2357 69 20 Press.

1628 2389 83 20 Waitt
1724 2394 47 15 and
1782 2390 89 21 Tyser.

1311 2417 75 20 March
1396 2418 37 20 31.

1498 2468 36 21 W.
1550 2468 34 21 M.
1599 2468 108 27 SMITH,

1312 2508 56 15 LATE
1380 2508 238 16 SURVEYOR-GENERAL
1629 2508 28 14 TO
1669 2508 45 14 THE
1730 2508 49 15 NEW
1795 2507 103 15 ZEALAND

1549 2535 115 20 COMPANY,

1340 2566 143 24 Surveyor,
1499 2565 212 26 Draughtsman,
1727 2565 53 21 and
1794 2565 78 20 Land

1557 2593 101 25 Agent.

1312 2623 178 27 Tinakori-road,
1502 2623 100 27 January
1615 2624 21 25 4,
1648 2625 62 20 1843.

1488 2675 108 22 Heifers
1611 2676 30 20 in
1656 2675 68 21 Calf.

1313 2707 90 49 FOR
1417 2707 85 27 SALE,
1514 2708 69 21 about
1596 2708 28 21 50
1634 2708 100 27 superior
1742 2707 57 22 bred
1811 2707 88 28 heifers,

1371 2738 61 18 most
1448 2735 25 21 of
1484 2735 62 21 them
1561 2735 73 26 heavy
1648 2735 22 21 in
1690 2734 50 27 calf,
1758 2735 45 21 and
1817 2734 83 27 having

1312 2762 57 21 been
1390 2768 61 15 some
1467 2761 53 22 time
1535 2761 24 21 in
1573 2761 38 22 the
1631 2761 92 27 Colony,
1740 2764 40 18 not
1794 2761 67 22 liable
1878 2765 22 17 to

1313 2789 66 21 suffer
1389 2789 57 21 from
1456 2788 38 21 the
1504 2787 76 22 effects
1590 2788 25 21 of
1626 2788 38 21 the
1681 2788 61 21 Toot.
1770 2788 48 21 The
1831 2788 69 21 above

1314 2816 66 21 cattle
1397 2822 43 15 can
1454 2815 28 22 be
1500 2815 99 27 strongly
1612 2814 180 27 recommended,
1810 2822 24 14 as
1848 2815 52 27 they

1313 2842 57 22 have
1387 2843 57 21 been
1462 2841 97 22 selected
1573 2843 59 20 from
1646 2841 38 22 the
1700 2848 120 15 numerous
1834 2842 66 21 cattle

1313 2869 58 27 ships
1383 2869 72 22 which
1465 2868 56 22 have
1539 2869 88 21 arrived
1640 2869 60 21 here.
1730 2868 75 27 Apply
1818 2871 23 18 to
1855 2869 43 20 Mr.

1313 2896 97 27 Revans,
1425 2897 85 20 Gazette
1521 2895 70 27 ofiice,
1603 2903 24 14 or
1636 2898 24 19 to
1670 2895 44 22 Mr.
1726 2895 84 26 Hulke,
1818 2895 82 22 Evans'

1312 2923 55 27 Bay.

1339 2957 63 26 Also,
1413 2956 63 22 three
1486 2956 115 22 well-bred
1611 2963 72 15 mares
1688 2955 24 21 in
1723 2955 51 27 foal,
1787 2959 22 18 to
1818 2956 81 26 impor-

1312 2983 37 22 ted
1358 2983 85 22 horses.

1338 3018 121 28 February,
1470 3019 62 20 1843.

1498 3070 114 20 Gazette
1627 3069 88 20 Office.

1311 3103 201 23 STATIONERY
1525 3102 198 22 WHOLESALE
1737 3103 21 21 &
1773 3102 124 22 RETAIL.

1310 3138 89 49 WE
1423 3138 44 26 beg
1488 3140 22 18 to
1535 3143 116 16 announce
1669 3137 38 20 the
1729 3136 86 27 arrival,
1840 3136 58 21 from

1407 3164 110 28 England,
1530 3164 26 21 of
1563 3164 37 21 the
1617 3163 47 22 first
1672 3167 50 23 part
1731 3163 25 22 of
1765 3170 41 15 our
1820 3166 78 19 exten-

1310 3191 46 22 sive
1366 3192 77 21 orders
1450 3192 25 21 in
1485 3191 45 22 this
1539 3190 142 28 department
1691 3190 25 21 of
1722 3190 109 22 business.
1853 3190 46 21 Our

1310 3218 63 22 stock
1383 3218 92 28 already
1485 3218 93 22 consists
1594 3218 25 21 of
1631 3224 66 20 every
1706 3217 76 22 article
1797 3217 103 27 required

1311 3245 34 21 for
1359 3246 99 26 Schools,
1475 3244 82 28 Banks,
1575 3244 85 27 Courts,
1678 3244 56 22 Law
1748 3243 88 25 Offices,
1855 3243 45 22 and

1312 3272 90 28 Artists,
1413 3273 40 22 &c.
1463 3280 5 20 ;
1483 3272 75 21 whilst
1566 3272 38 21 the
1621 3271 138 22 ornamental
1769 3270 44 22 and
1829 3266 71 26 draw-

1312 3300 37 25 ing
1361 3306 66 15 room
1441 3299 123 27 stationery
1579 3298 40 22 has
1633 3302 40 18 not
1685 3298 59 21 been
1759 3297 139 24 overlooked.

1312 3326 47 22 The
1369 3326 129 23 difficulties
1507 3325 117 27 attending
1633 3324 38 22 the
1679 3324 49 22 first
1735 3324 166 23 establishment

1312 3353 82 27 having
1403 3354 59 21 been
1477 3359 123 20 overcome,
1613 3351 45 23 and
1668 3359 67 20 every
1749 3351 80 22 arrival
1844 3351 56 22 from

1312 3380 106 26 England
1437 3380 84 26 adding
1536 3378 60 23 fresh
1613 3378 110 22 additions
1737 3381 23 18 to
1775 3385 40 14 our
1829 3377 70 27 stock,

1312 3403 49 26 will
1373 3407 80 22 enable
1468 3414 27 15 us
1504 3410 22 18 to
1543 3405 82 23 reduce
1642 3412 40 15 our
1697 3405 92 27 charges
1799 3411 29 16 on
1843 3408 59 19 most

1312 3434 89 23 articles
1411 3437 24 19 at
1443 3434 57 21 least
1508 3434 28 21 50
1544 3439 40 21 per
1594 3436 59 17 cent.

1340 3466 157 27 Storekeepers
1514 3465 44 21 and
1577 3464 118 22 wholesale
1714 3463 85 22 dealers
1817 3470 43 14 can
1874 3462 27 22 be

1314 3492 103 28 supplied
1431 3496 22 18 to
1469 3499 44 20 any
1523 3493 85 24 extent,
1625 3491 44 21 and
1685 3498 29 14 on
1731 3494 67 18 terms
1814 3490 88 27 equally

1314 3519 165 28 advantageous
1488 3522 24 18 to
1521 3524 45 27 any
1574 3517 106 23 obtained
1688 3517 24 21 in
1723 3516 95 28 Sydney,

1342 3546 90 22 Ladies'
1441 3545 45 23 and
1495 3544 148 28 gentlemen's
1653 3544 53 21 card
1715 3551 68 19 cases,

1342 3573 64 22 Ditto
1476 3571 34 22 do.
1568 3570 73 23 tinted
1650 3570 45 22 and
1706 3570 117 22 embossed
1829 3569 72 28 cards,

1342 3600 95 27 Sponge,
1448 3598 78 24 wafers
1536 3598 23 21 in
1568 3599 14 20 2
1592 3601 39 18 oz.'
1636 3597 85 27 boxes,-;

1341 3626 82 27 Ebony
1431 3625 124 26 inkstands,
1565 3624 54 22 with
1628 3624 102 26 drawers,

1341 3653 75 22 Broad
1428 3652 43 22 and
1479 3658 86 16 narrow
1575 3658 69 20 green
1653 3650 42 22 silk
1707 3650 85 27 ribbon,

1415 3679 45 22 and
1470 3677 58 23 deed
1536 3685 75 20 paper,

1342 3705 74 23 Ruled
1426 3712 67 21 paper
1503 3705 34 25 for
1547 3702 39 24 bill
1595 3704 76 27 heads,
1699 3724 5 2 .
1728 3725 5 5 t

1335 3732 85 27 .Royal,
1430 3729 69 30 hajid,
1511 3731 82 23 double
1611 3727 60 27 hand
1686 3731 84 27 brown,
1787 3730 45 23 and
1840 3730 63 27 royal

1314 3759 76 26 brpwu
1400 3759 115 28 wrapping
1523 3765 74 21 paper,

1342 3785 100 27 Ledgers
1446 3802 4 9 s
1452 3785 46 22 and
1506 3788 96 21 account
1610 3784 78 27 books,
1698 3784 88 22 various
1797 3784 62 25 sizes,

1341 3812 86 23 Pocket
1434 3812 88 27 ledgers
1531 3812 44 23 and
1585 3811 170 24 memorandum
1764 3810 77 26 books,

1341 3839 122 26 Engraved
1472 3845 57 20 copy
1536 3838 112 27 slipscand,
1653 3838 78 26 books,

1342 3866 54 21 Best
1404 3865 80 22 Welch
1493 3860 68 26 slates
1576 3864 62 27 large
1646 3863 44 21 and
1698 3864 72 26 small,
1898 3864 2 14 >

1492 3889 6 4 *
1519 3890 6 10 r
1532 3891 4 4 '
1581 3890 17 10 ■*'
1649 3886 11 11 vv
1666 3888 2 5 '
1677 3890 3 9 '

1316 3917 80 49 ON.
1403 3916 91 24 SALE,,
1505 3918 24 19 at
1537 3916 47 21 this
1594 3914 75 26 office,
1672 3914 75 23 .blank
1756 3915 59 22 Bill
1826 3914 76 23 Books

1394 3941 138 24 •'"Gazetta"
1547 3940 71 28 office,
1629 3940 56 23 Det.
1694 3942 22 19 4.

1918 700 66 20 Port
2003 699 151 21 Nicholson
2173 699 163 23 Mechanics'
2356 702 140 25 Institute,

1994 726 96 21 Public
2104 727 108 25 School,
2227 727 54 21 and
2294 727 120 27 Library.

1919 760 72 49 ON
2012 760 139 24 MONDAY
2155 751 75 36 'next,
2247 760 53 28 May
2319 760 46 27 Bth,
2386 761 36 22 the
2441 762 58 22 First

1996 786 152 28 Anniversary
2155 786 27 22 of
2188 787 37 21 the
2236 787 68 22 above
2316 787 128 23 Institution
2454 788 45 22 will

1918 813 27 21 be
1957 812 126 22 celebrated
2092 813 30 27 by
2132 821 13 14 a

1965 844 113 22 PUBLIC
2093 844 112 22 SOIREE
2219 845 66 22 AND
2300 845 152 23 MEETING.

1918 876 48 22 The
1977 877 121 27 President,
2111 877 47 22 Col.
2166 877 34 22 W.
2208 875 208 29 Wakefield/inthe
2425 879 74 22 CKair.

1946 909 48 23 The
2001 910 134 28 Worshipful
2142 910 38 22 the
2187 911 85 27 Mayor,
2281 911 89 22 Messrs.
2377 911 122 23 Aldermen

1920 936 69 27 Lyon,
1998 936 80 28 -Wade,
2089 937 44 21 arid
2144 937 62 22 Scott
2212 945 6 19 ;
2234 938 54 21 Rev.
2300 938 91 22 Messrs.
2401 938 98 22 Macfar-

1919 962 65 31 laney
1989 964 103 26 Duncan,
2104 963 138 27 Woodward,
2253 964 80 27 Buttle,
2345 965 44 21 and
2406 965 93 27 Smails;

1919 989 51 22 Drs.
1981 990 75 21 Evans
2072 990 44 21 and
2132 990 104 22 Hansard
2243 998 5 19 ;
2265 991 60 27 Capt.
2341 991 79 27 Smith,
2431 991 29 22 R.
2463 992 37 26 A.,

1921 1016 89 26 George
2026 1016 81 25 White,
2125 1016 27 22 R.
2169 1016 83 22 Davies
2269 1017 102 27 Hanson,
2387 1017 32 24 H.
2437 1018 68 27 Ross,-
2516 1023 7 5 '

1921 1042 52 27 and,
1984 1043 89 21 Samuel
2093 1043 98 27 Revans,
2215 1044 82 26 Esqrs.,
2323 1044 101 26 together
2447 1044 54 22 with

1920 1070 85 20 several
2020 1068 64 23 other
2092 1069 140 32 gentlemen,
2245 1077 36 14 are
2295 1070 108 27 expected
2417 1074 23 18 to
2450 1071 51 21 take

1919 1100 51 22 part
1978 1095 24 22 in
2012 1096 37 21 the
2059 1096 152 26 proceedings.

1947 1128 47 22 The
2012 1129 71 21 Soiree
2093 1129 44 22 will
2152 1137 129 14 commence
2296 1132 23 19 at
2335 1130 54 21 Five
2405 1130 44 22 and
2462 1131 38 22 the

1920 1153 104 29 Meeting
2034 1160 27 16 at
2067 1156 71 21 Seven
2149 1156 91 22 o'clock.

1949 1188 64 21 After
2020 1188 52 25 Tea,
2079 1195 14 14 a
2104 1188 120 22 Collection
2234 1187 44 22 will
2287 1188 27 22 be
2320 1188 66 23 made
2395 1191 23 20 to
2426 1188 76 28 defray

1913 1228 3 4 •
1923 1214 36 22 the
1969 1214 109 28 expq'n^es
2088 1214 25 22 of
2121 1214 36 22 the
2171 1215 102 27 evening.

1975 1264 18 14 j,
2139 1248 62 22 John
2217 1248 122 28 Knowles,
2354 1250 121 25 Secretary.

1951 1274 85 33 Majr's,
2048 1281 60 21 1843.

1996 1310 10 15 *
2430 1315 25 5 —
2499 1315 5 7 .

1965 1329 97 21 Notice
2076 1331 29 19 to
2120 1330 115 20 Debtors
2251 1330 53 20 and
2319 1330 145 21 Creditors.

1925 1363 91 48 ALL
2040 1362 135 23 PERSONS
2194 1363 82 27 having
2294 1363 77 22 claims
2388 1371 27 14 on
2434 1364 26 22 P.
2471 1364 31 22 H.

2006 1390 93 26 Gowan,
2111 1390 25 21 of
2142 1390 119 27 Aglionby,
2272 1397 28 14 on
2310 1390 37 21 the
2357 1390 76 22 River-
2438 1390 64 28 Hutt,

1926 1423 37 14 are
1972 1416 116 27 requested
2098 1419 23 18 to
2129 1416 56 22 send
2194 1416 24 22 in
2227 1418 38 20 the
2274 1417 129 27 particulars
2419 1416 87 23 thereof

1926 1445 22 19 to
2006 1443 25 21 B.
2044 1442 88 22 Rhodes
2147 1444 20 21 &
2182 1444 45 26 Co.,
2245 1451 24 14 or
2285 1443 94 22 Edward
2395 1444 109 26 Johnson,

1926 1469 26 22 of
1965 1469 143 27 Wellington,
2123 1477 30 14 on
2172 1477 24 14 or
2213 1470 79 21 beftre*
2304 1470 38 21 the
2360 1470 50 22 10th
2425 1470 45 28 day
2484 1471 26 21 of

1926 1496 56 26 May
1991 1501 59 22 next,
2058 1496 46 21 and
2113 1496 27 22 all
2151 1503 90 21 persons
2248 1496 104 23 indebted
2359 1499 23 20 to
2389 1497 37 22 the
2436 1505 68 18 same,

1919 1522 44 22 'are
1980 1523 118 27 requested
2117 1526 22 19 to
2157 1531 44 19 pay
2214 1524 38 21 the
2267 1527 91 18 amount
2372 1527 23 18 to
2406 1524 37 21 the
2459 1524 47 21 said

1926 1549 36 22 W.
1973 1550 26 21 B,
2011 1550 89 21 Rhodes
2115 1553 23 18 ot
2152 1550 27 22 h.
2189 1550 105 27 Johnson,
2306 1557 28 14 on
2344 1557 26 14 or
2384 1550 75 22 before
2469 1550 37 22 the

1927 1576 46 21 said
1985 1576 58 22 date.

1938 1602 14 23 <:
2295 1603 26 22 P.
2336 1603 33 22 H.
2384 1604 95 21 Gowan.

1954 1630 69 21 River
2032 1630 65 27 Hutt,
2109 1630 64 28 April
2182 1632 33 25 28,
2227 1632 59 21 1843.

1926 1668 3 60 W'
2005 1680 142 22 ANTED
2177 1680 21 21 A
2227 1680 118 22 COOK.
2388 1680 75 28 Apply
2486 1684 23 18 at

2024 1706 36 22 the
2099 1707 94 22 Gazette
2232 1707 76 22 Office.

1954 1740 66 27 April
2029 1743 34 24 28,
2074 1741 61 21 1843.

1982 1792 40 19 To
2038 1791 82 20 stand
2135 1792 29 19 to
2181 1796 80 15 cover
2279 1791 54 20 this
2347 1797 108 19 season,

2086 1826 32 19 At
2126 1826 141 25 Berhampore
2276 1826 71 26 Fatm,

1930 1860 92 33 rpHE
2048 1859 50 22 well
2124 1859 80 23 known
2232 1860 108 27 thorough
2363 1860 54 22 bred
2445 1861 64 21 horse

1936 1882 29 26 X
1993 1887 97 25 Figaro,
2100 1886 38 22 the
2147 1890 105 24 property
2262 1887 24 21 of
2292 1887 78 21 James
2379 1887 68 27 Watt,
2455 1887 53 27 Esq.

1956 1913 80 27 Figaro
2045 1920 43 14 was
2098 1913 75 22 foaled
2181 1913 24 22 in
2215 1913 131 27 December,
2361 1914 60 26 1837,
2431 1917 41 24 got
2481 1914 30 27 by

1930 1941 115 26 Operator,
2057 1940 52 21 dam
2121 1940 106 22 Adelaide
2236 1940 31 27 by
2276 1941 103 21 Teorum.

1956 1972 111 27 Operator
2074 1979 45 14 was
2128 1971 76 22 foaled
2212 1971 24 21 in
2250 1973 57 25 1832,
2319 1975 40 24 got
2367 1973 31 31 by
2408 1971 100 27 Emilius,

1929 1998 50 22 dam
1991 1998 122 22 Worthless
2121 1998 31 28 by
2163 1999 97 26 Walton,
2270 2001 38 19 out
2317 1999 25 21 of
2349 1998 123 22 Altisidora
2481 1999 29 27 by

1930 2023 59 22 Dick
1999 2024 116 22 Andrews.

1956 2055 75 27 Every
2038 2055 106 22 attention
2153 2055 45 23 will
2212 2056 29 21 be
2255 2056 51 28 paid
2316 2058 23 19 to
2347 2063 73 14 mares
2429 2058 50 19 sent
2487 2058 23 19 to

1928 2082 54 22 him.

1957 2114 103 27 Charges,
2086 2114 54 22 with
2161 2117 126 24 guarantee,
2313 2121 68 15 seven
2404 2114 105 27 guineas;

1928 2141 94 23 without
2036 2144 127 24 guarantee,
2182 2141 42 22 five
2239 2141 99 27 guineas,
2348 2148 119 20 groomage
2477 2141 33 22 in-

1929 2168 88 22 cluded.

1958 2202 142 27 Wellington.
2112 2201 96 22 October
2216 2203 34 26 25,
2262 2204 60 20 1832.

2151 2258 53 21 For
2219 2258 67 21 Sale.

1930 2293 50 48 A
2010 2291 287 25 DWELLING-HOUSE
2325 2298 27 15 on
2377 2286 136 33 Wellington

2009 2319 101 26 Terrace,
2121 2318 97 28 adapted
2226 2318 36 22 for
2269 2326 13 13 a
2290 2318 66 22 small
2365 2318 85 27 family.

1958 2346 43 21 For
2010 2345 137 27 particulars,
2157 2345 91 28 enquire
2259 2348 22 19 at
2290 2345 37 21 the
2338 2346 62 21 Store
2410 2346 26 20 of

2078 2379 32 22 H.
2125 2380 97 21 Taylor
2235 2379 21 22 &
2270 2379 46 27 Co.,
2327 2378 158 23 Willis-street.

1958 2413 113 28 February
2080 2415 20 26 3,
2112 2415 60 20 1843.

2074 2465 67 21 Zinc
2147 2465 6 21 !
2179 2465 66 21 Zinc
2251 2465 4 21 !
2283 2465 68 21 Zinc
2356 2465 6 21 !

1933 2499 71 49 ON
2032 2498 86 27 SALE,
2141 2503 24 17 at
2184 2498 37 22 the
2241 2499 73 22 Stores
2332 2499 27 22 of
2374 2498 39 23 the
2430 2499 83 22 under-

2008 2526 86 26 signed.

2056 2559 128 23 SAMUEL
2202 2559 68 22 AND
2288 2559 125 28 JOSEPH,

2195 2593 157 23 Wellington
2372 2594 88 28 House,

2292 2621 54 21 Port
2355 2620 130 23 Nicholson;

1961 2648 63 28 April
2034 2650 18 25 I,
2065 2649 59 21 1843.
2156 2655 5 5 •

2185 2700 29 19 to
2229 2699 158 27 Exchange,

1933 2732 49 48 A
1997 2730 146 22 COUNTRY
2165 2729 137 28 SECTION,
2318 2730 44 22 No.
2381 2731 27 23 37
2426 2738 29 15 on
2475 2731 38 22 the

2012 2757 127 27 Surveyor's
2158 2757 64 26 Plan,
2238 2757 80 21 chosen
2336 2757 30 27 by
2384 2757 44 23 Mr.
2448 2756 66 24 Cnild

1933 2790 22 16 at
1971 2785 37 21 the
2025 2785 133 25 Maiiawatu,
2175 2784 34 21 for
2224 2791 29 14 an
2271 2783 129 23 unselected
2414 2785 100 27 Country

1933 2813 89 21 Section
2032 2812 23 21 in
2066 2811 37 21 the
2114 2811 58 21 First
2349 2811 75 28 Apply
2433 2815 24 18 to

2216 2844 36 22 W.
2267 2844 27 22 V.
2310 2844 107 27 Brewer,
2433 2845 53 27 Esq.

1959 2872 113 27 February
2084 2872 32 26 17,
2129 2872 61 21 1843.

2079 2921 40 21 To
2133 2921 33 20 be
2182 2921 65 20 Sold
2266 2926 29 15 or
2308 2921 58 20 Let.

1930 2955 10 13 rFWOr
1942 2954 82 22 FWO
2038 2953 99 22 Wooden
2147 2952 96 27 Houses,
2253 2959 29 14 on
2288 2952 38 21 the
2332 2952 182 28 Tinakore-road,

1939 2974 26 27 JL
2008 2981 37 20 the
2064 2979 83 22 second
2165 2986 51 14 acre
2234 2978 57 23 from
2311 2978 94 27 Captain
2422 2978 93 23 Smith's

1975 3007 130 26 containing
2111 3006 57 21 -four
2176 3013 74 14 rooms
2259 3005 44 22 and
2318 3013 13 14 a
2344 3012 99 20 passage,
2459 3005 56 22 each
2538 3011 3 7 '

1931 3034 51 22 with
2001 3034 50 21 zinc
2071 3032 65 25 roofs,
2161 3032 46 22 and
2229 3032 24 21 in
2276 3039 67 19 every
2359 3036 89 22 respect
2464 3032 52 23 well

1931 3060 100 23 finished.
2058 3060 78 21 Terms
2139 3070 26 4 —
2165 3058 24 23 If
2196 3058 55 28 sold,
2262 3058 58 23 £150
2331 3059 35 21 for
2372 3058 54 22 each
2431 3059 69 22 house
2506 3067 8 19 ;

1930 3089 19 20 if
1961 3089 37 25 let,
2010 3089 29 20 iil
2052 3093 40 21 per
2100 3086 62 21 week
2171 3086 35 21 for
2215 3085 56 22 each
2278 3085 78 22 house.
2384 3086 76 27 Apply
2469 3089 23 19 to

2318 3120 75 22 James
2407 3119 81 24 Watt.

1941 3149 144 26 Wellington,
2093 3147 59 22 Nov.
2161 3147 34 26 27,
2205 3148 60 21 1841.

1931 3201 121 24 Country
2066 3197 124 22 Sections
2210 3197 42 21 for
2271 3197 59 21 Sale
2351 3203 37 15 on
2407 3198 106 21 Liberal

2149 3232 3 4 -
2173 3224 101 20 Terms.

1933 3257 162 51 SEVERAL
2130 3256 101 21 Sections
2259 3256 25 21 of
2314 3257 100 26 Country
2441 3256 72 27 Land,

1996 3284 90 27 already
2096 3283 83 22 chosen
2187 3283 25 21 in
2221 3283 38 21 the
2272 3283 93 22 Porirua
2379 3283 90 27 district,
2479 3283 36 22 for

1931 3312 58 26 Sale,
2001 3319 73 14 terms
2085 3317 105 15 liberal.
2219 3309 74 28 Apply
2302 3312 24 19 to

2028 3338 23 21 F.
2067 3337 28 22 A.
2110 3337 170 26 Molesworth,
2296 3336 183 28 Murphy-street,
2491 3343 24 15 or

2028 3364 34 22 W.
2076 3364 29 21 V.
2120 3364 107 26 Brewer,
2238 3363 193 22 Manners-street.

1959 3418 43 20 Ex
2229 3414 54 22 and
2409 3414 77 21 York

2342 3437 35 26 V

1936 3476 102 31 O£\f\
2053 3474 101 23 BOXES
2170 3474 40 22 OF
2224 3473 148 26 CANDLES,

1931 3496 107 28 OW
2067 3502 105 27 Superior
2182 3500 94 23 Manilla
2286 3500 77 26 cigars,

2067 3528 104 28 Superior
2183 3527 92 23 London
2288 3526 65 22 made
2367 3524 144 28 gentlemen's

1933 3557 108 26 clothing.

1961 3585 32 21 At
2001 3584 38 22 the
2050 3584 71 21 Stores
2132 3582 25 22 of

2257 3606 21 22 J.
2293 3605 44 22 M.'
2341 3605 102 26 Taylor,

2384 3631 31 21 Te
2429 3631 56 22 Aro.

1963 3664 80 23 March
2052 3664 33 24 21,
2097 3663 61 22 1843.

1935 3713 73 50 ON
2023 3712 84 26 SALE;
2116 3714 23 19 at
2146 3710 38 24 the
2194 3710 72 22 Stores
2274 3707 25 22 of
2306 3707 37 23 the
2352 3707 159 27 undersigned,

2012 3747 29 15 ex
2051 3740 72 20 Scotia
2123 3748 27 5 —

2024 3789 2 3 .
2043 3770 74 26 Flour,
2139 3782 3 5 •
2155 3782 4 6 ,
2184 3784 3 5 .

2043 3798 62 24 Rice,

2042 3825 76 25 Stigar,

2041 3848 96 27 Brandy,

2041 3874 89 24 Bottled
2140 3872 87 23 aJemnd
2239 3874 82 26 porter,
2330 3872 102 28 Dunbar,

2177 3906 96 22 Thomas
2289 3906 26 22 M
2322 3922 6 6 .
2339 3906 149 24 Machattie.

1960 3936 64 28 April
2034 3935 18 27 7,
2064 3935 60 21 1843.

59 720 7 4 -
96 708 3 3 '
124 723 6 3 -
155 710 5 14 ;
197 713 3 7 '
266 713 53 20 For
340 710 112 22 Nelson.

58 758 5 3 ■
223 741 91 31 hPHE
329 747 72 20 cutter
416 743 111 26 LBVEN,
544 741 60 28 daily
615 748 39 14 cx-

59 782 4 11 i
75 765 117 41 '-'^JlpfijL
217 765 42 29 'A
296 770 87 29 pected,
394 769 105 27 Dunning
509 772 88 18 master.

61 798 154 45 ,>|!jijPgM^
250 808 45 22 For
309 807 82 27 freight
405 814 25 14 or
443 812 99 21 passage,
554 804 66 28 apply
630 807 23 19 to

59 851 159 41 '^IBBbBBF
387 861 94 21 Samuel
496 859 21 21 &
531 858 96 22 Joseph.

95 901 145 27 Wellington,
254 898 63 28 April
329 899 33 26 21,
375 899 59 20 1843.
585 908 3 3 •

108 954 55 21 For
177 952 115 24 Nelson,
305 951 71 20 New
388 950 157 26 Plymouth,
561 948 54 21 and

283 978 155 26 Hokianga.

79 1008 59 29 s^^P
135 1008 13 18 3
148 1018 35 15 -**.
224 1011 91 26 npHE
343 1010 44 22 fine
420 1010 43 21 fast
496 1009 78 26 sailing
605 1007 51 27 brig

91 1028 115 40 JS&fet
230 1028 31 33 A
390 1037 147 26 LUNAR,

70 1060 148 36 /jSEl^ggjk
234 1067 43 20 200
294 1068 55 23 tons,
371 1064 35 21 W.
425 1063 56 22 Ellis
505 1061 150 26 commander,

69 1085 152 32 MffSGlSaels
237 1091 54 26 (this
310 1091 72 21 vessel
405 1091 64 20 offers
493 1097 14 14 a
525 1089 132 22 favourable

237 1117 143 28 opportunity
390 1117 33 21 for
439 1117 82 26 parties
531 1115 94 25 wishing
635 1118 23 18 to

146 1148 4 5 '
237 1144 53 21 visit
300 1143 38 21 the
348 1143 70 21 above
434 1142 76 26 places
521 1150 23 14 or
555 1142 37 21 the
609 1142 49 25 Bay

72 1174 26 21 of
105 1172 106 26 Islands,)
223 1170 44 23 will
277 1169 40 22 sail
326 1169 24 21 in
361 1177 13 13 a
381 1169 43 21 few
435 1169 61 26 days.

98 1205 45 21 For
156 1204 81 26 freight
254 1209 25 14 or
294 1207 99 21 passage,
404 1200 84 26 having
502 1199 111 22 excellent
621 1205 37 14 ac-

72 1230 163 23 commodation
266 1229 33 20 for
320 1233 137 21 passengers,
458 1232 4 6 1
484 1223 83 30 apply-
573 1228 23 18 to
618 1225 40 21 the

70 1256 160 28 undersigned.

354 1280 37 23 W.
406 1280 26 22 B.
447 1280 96 22 Rhodes
559 1279 18 22 &
592 1278 38 21 Co.

99 1310 65 27 April
173 1310 35 25 25,
221 1310 64 22 1843,

100 1355 40 22 TO
155 1355 40 21 BE
211 1354 87 26 SOLD,
314 1352 150 22 WITHOUT
482 1350 148 26 RESERVE,

68 1390 87 20 Xiease
182 1388 30 21 of
232 1388 104 23 House,
357 1386 68 20 with
447 1385 73 26 right
538 1385 29 19 to
592 1383 68 21 Pur-

99 1416 81 21 chase
204 1415 46 20 the
275 1413 143 24 Freehold,
442 1412 126 26 together
591 1409 70 21 with

100 1442 106 25 sundry
215 1440 121 21 Articles
352 1439 29 20 of
392 1439 87 20 Trade
488 1444 6 21 ;
510 1439 44 19 the
569 1436 91 21 whole

101 1469 121 21 without
232 1468 118 20 Reserve
358 1466 6 21 !

75 1503 91 49 MR.
183 1499 221 24 FITZHERBERT
414 1498 42 22 will
468 1498 40 22 sell
519 1498 28 28 by
555 1496 105 27 Auction,

167 1536 29 14 on
211 1527 109 28 Saturday
334 1530 60 23 next,
411 1526 38 21 6th
468 1526 61 26 May,
540 1524 36 22 the
591 1525 72 20 House

73 1557 42 21 and
132 1557 67 20 Lease
214 1562 46 14 now
275 1555 23 19 in
313 1555 35 20 the
364 1554 122 25 occupation
500 1553 26 25 of
537 1553 44 19 Mr.
599 1552 60 23 Sear,

67 1583 104 23 -situated
188 1590 55 14 near
263 1582 193 21 Manners-street.
486 1579 46 22 The
553 1579 68 21 house
642 1578 19 21 is

75 1610 157 26 substantially
259 1608 65 27 built,
354 1607 45 22 and
427 1606 50 23 well
505 1606 95 22 situated
627 1605 36 21 for

73 1638 110 21 business.

227 1670 132 15 IMMEDIATE
374 1668 140 16 POSSESSION.

103 1698 66 22 After
187 1696 81 27 -which,
288 1696 85 26 sundry
390 1695 87 22 articles
498 1694 26 21 of
545 1693 69 27 trade,
640 1693 27 21 of

75 1726 74 22 which
159 1724 131 28 particulars
299 1723 45 22 will
353 1723 28 22 be
389 1723 67 27 given
467 1722 23 21 in
500 1729 14 14 a
522 1720 120 23 hand-bill.

101 1759 49 22 The
170 1758 51 22 Sale
244 1757 46 21 will
313 1757 52 21 take
387 1756 64 27 place
475 1762 30 14 on
526 1755 44 23 Mr.
591 1753 72 23 Sear's

74 1786 115 28 premises,
203 1788 23 18 at
234 1784 52 22 half
292 1786 49 24 past
351 1785 26 20 12
387 1782 94 22 o'clock.

274 1818 74 14 TERMS
364 1818 27 14 AT
407 1817 62 15 SALE.

103 1840 56 27 May
169 1841 19 24 2,
202 1839 61 21 1843.

187 1884 114 25 Storage
317 1888 30 15 or
362 1882 75 19 Store
453 1882 29 19 to
499 1881 58 20 Let.

79 1919 91 48 MR.
186 1917 86 22 JOHN
289 1916 93 22 WADE
396 1922 41 15 can
453 1915 54 21 offer
526 1915 90 26 Storage
630 1913 36 22 for

171 1952 45 19 any
224 1943 103 28 quantity
336 1942 26 22 of
369 1942 82 27 Goods,
460 1949 28 14 on
497 1941 78 21 liberal
585 1945 78 22 terms;

81 1980 23 14 or
112 1972 30 22 he
152 1971 45 22 will
207 1971 27 21 be
247 1970 103 27 disposed
360 1973 22 17 to
390 1969 33 21 let
432 1976 14 14 a
456 1969 70 23 Stoic,
538 1967 71 22 which
620 1966 45 22 will

76 1999 108 19 *koW.-600
193 2001 51 16 tons
254 1997 26 19 of
293 1996 83 25 Goods,
387 1999 23 17 to
423 2002 47 19 any
479 1999 64 22 party
551 1994 116 26 requiring

81 2023 35 20 the
127 2030 68 14 same.

106 2054 32 23 Te
149 2055 54 24 Aro,
215 2054 82 21 March
305 2055 34 24 22,
349 2054 64 21 1843.

254 2109 78 20 Land
348 2110 29 19 at
389 2108 106 20 Karori.

80 2143 70 49 TO
165 2143 40 22 BE
221 2142 86 27 SOLD,
324 2145 42 18 two
385 2143 12 19 5
418 2148 49 15 acre
482 2140 131 26 allotments,
634 2143 34 18 to-

156 2170 78 26 gether
244 2176 26 14 or
284 2172 106 23 separate,
402 2175 30 14 on
448 2167 84 22 Yule's
543 2167 86 21 Section
646 2169 23 18 at

81 2197 95 26 Karori;
196 2197 24 21 in
237 2203 43 14 one
300 2195 122 26 allotment,
444 2195 37 21 the
499 2194 70 22 whole
589 2194 26 21 of
630 2193 38 21 the

80 2223 94 22 inferior
182 2223 81 21 timber
273 2222 44 22 and
328 2221 130 22 brushwood
470 2221 19 21 is
505 2224 37 18 cut
549 2228 5 19 ;
569 2221 40 21 has
625 2223 44 18 two

82 2250 58 27 good
155 2254 93 18 streams
264 2249 98 26 running
378 2248 101 27 through,
491 2248 45 21 and
553 2248 18 20 is
586 2254 29 14 an
631 2254 39 14 ex-

84 2277 81 21 cellent
181 2275 105 23 situation
305 2276 34 21 for
358 2283 43 20 any
420 2282 80 20 person
525 2274 99 22 desirous
648 2274 26 20 of

82 2304 103 27 building
194 2303 24 22 in
228 2303 48 21 that
285 2301 189 28 neighbourhood.
505 2300 75 28 Apply
591 2304 24 18 to

303 2336 28 21 R.
347 2336 81 25 Davis,
444 2334 89 22 Aurora
545 2333 96 22 Tavern.

310 2388 54 20 For
378 2387 69 23 Sale,

84 2422 93 50 THE
192 2421 145 23 COTTAGE
352 2420 94 22 situated
456 2421 24 21 in
496 2420 101 21 Oriental
613 2420 57 26 Bay,

159 2449 45 21 and
219 2448 70 28 lately
297 2448 107 27 occupied
417 2448 30 26 by
457 2447 37 21 the
512 2446 158 27 undersigned.

84 2477 22 21 A
119 2476 55 27 long
191 2475 61 22 lease
270 2475 26 21 of
312 2474 38 22 the
366 2474 83 22 section
463 2481 58 21 upon
541 2473 72 22 which
633 2472 38 22 the

82 2503 71 22 house
162 2502 77 22 stands
249 2502 45 22 will
303 2502 28 21 be
340 2501 102 27 granted.

110 2530 70 22 Town
188 2529 57 22 land
254 2529 45 21 will
307 2529 29 21 be
344 2528 68 22 taken
420 2528 25 22 in
454 2527 120 28 exchange.

110 2557 45 21 For
162 2556 87 22 further
256 2555 136 28 particulars,
404 2554 66 28 apply
479 2557 24 19 to

406 2594 97 21 George
518 2593 87 26 Duppa,
621 2599 25 14 or

388 2641 5 4 ,
405 2620 36 21 W.
457 2620 30 21 V.
501 2620 101 21 Brewer

86 2672 67 49 TO
172 2672 39 21 BE
232 2672 86 24 SOLD,
334 2672 24 21 in
374 2670 41 23 lots
429 2673 24 19 to
472 2670 45 21 suit
534 2669 139 28 purchasers

151 2698 38 22 the
204 2698 71 22 whole
293 2698 26 22 of
329 2701 59 18 town
404 2705 50 14 acre
470 2697 45 22 No.
526 2698 45 24 134,
589 2703 29 14 on
634 2695 38 22 the

84 2726 52 26 plan
148 2725 138 23 oftheTown
293 2724 24 22 of
321 2724 143 28 Wellington,
470 2724 84 26 having
559 2724 113 26 frontages

84 2756 23 17 to
116 2752 192 23 Taranaki-street
317 2751 47 22 and
373 2752 195 26 Ingestrie-street.
595 2751 77 22 Terms

83 2778 86 23 liberal.
198 2779 76 27 Apply
284 2782 23 18 to

422 2805 36 21 W.
470 2804 28 21 V.
510 2804 106 27 Brewer,

480 2831 193 22 Manners-street.

279 2883 26 19 J.
319 2883 40 19 M.
374 2881 108 26 Taylor,

99 2917 154 21 LICENSED
279 2915 240 22 CUSTOM-HOUSE
541 2915 115 27 AGENT,

334 2956 28 14 TE
377 2955 51 15 ARO.

252 2999 90 21 Beach
360 2999 144 26 Frontage.

87 3034 66 47 TO
167 3033 40 22 BE
223 3033 65 27 LET,
303 3032 72 23 beach
383 3032 103 26 frontage
498 3032 45 22 lots
553 3032 23 21 in
587 3035 85 18 section

159 3061 42 20 490
211 3067 28 14 on
255 3059 39 22 the
303 3060 58 21 Plan
371 3059 25 22 of
403 3059 38 22 the
450 3059 69 22 Town
533 3059 26 22 of
564 3058 108 28 Welling-

84 3089 47 23 ton,
143 3086 115 27 adjoining
268 3086 43 22 Mr.
319 3086 90 21 Taine's
416 3089 68 23 store;
499 3086 46 21 and
553 3086 23 21 in
587 3086 85 21 section

84 3114 48 25 616,
140 3113 101 21 between
250 3112 75 27 Major
333 3112 90 23 Baker's
434 3112 43 22 and
486 3112 44 23 Mr.
538 3112 134 23 Swainson's

84 3138 90 22 houses.

112 3165 57 21 Also
179 3164 38 22 the
225 3164 115 27 following
349 3164 95 23 sections
454 3172 30 15 on
493 3165 37 22 the
537 3166 57 21 Plan
601 3166 26 21 of
635 3166 37 22 the

84 3190 79 28 Town,
174 3191 47 21 viz:
223 3202 28 4 —

189 3218 29 21 55
354 3218 40 21 319
542 3220 39 19 922

177 3245 43 21 240
354 3244 40 21 718
530 3244 51 22 1079

112 3271 77 28 Apply
204 3274 23 19 to

264 3298 27 22 E.
305 3298 23 21 J.
343 3298 150 26 Wakefield,
509 3305 25 14 or

261 3325 37 21 W.
313 3325 29 22 V.
357 3325 108 27 Brewer,
479 3325 193 22 Manners-street.

316 3376 43 20 On
374 3375 68 25 Sale,

89 3408 91 49 THE
209 3408 73 23 NEW
307 3408 151 23 ZEALAND
488 3408 183 26 PORTFOLIO,

161 3436 128 21 conducted
305 3436 31 28 by
354 3436 32 21 H.
403 3436 21 22 S.
444 3436 121 25 Chapman,
586 3435 36 26 (of
634 3434 38 23 the

89 3461 86 23 Middle
182 3462 111 28 Temple,)
303 3462 215 22 Barrister-at-Law.

115 3489 44 22 No.
171 3489 19 22 I.
192 3500 29 4 —
221 3490 22 20 A
259 3489 77 22 Letter
350 3491 23 20 to
390 3489 38 22 the
446 3489 69 27 Right
532 3488 61 23 Hon.
611 3488 62 22 Lord

90 3514 97 29 Stanley,
206 3516 117 27 Secretary
343 3517 26 20 of
383 3517 61 21 State
462 3516 36 22 for
516 3515 37 22 the
573 3514 100 23 Colonial

89 3541 154 27 Department,
277 3543 35 21 On
319 3542 38 22 the
364 3542 186 22 Administration
557 3542 24 21 of
585 3542 87 22 Justice

89 3567 23 22 in
122 3569 56 22 New

117 3595 43 22 No.
174 3596 33 21 II.
207 3606 29 5 —
237 3596 77 21 Letter
329 3599 23 18 to
367 3596 59 21 John
441 3596 59 22 Abel
516 3595 78 27 Smith,
609 3595 62 28 Esq.,

91 3620 68 29 M.P.,
171 3622 14 19 '.'
192 3622 36 22 On
237 3622 38 22 the
282 3622 144 28 Advantages
432 3622 72 23 which
510 3622 73 22 would
592 3629 80 15 accrue

90 3650 22 18 to
122 3648 94 28 English
227 3649 125 27 Capitalists
361 3649 56 22 from
427 3649 37 22 the
475 3649 166 22 establishment
649 3650 26 21 of

92 3681 13 14 a
112 3676 59 20 Loan
182 3677 102 25 Company
293 3676 35 21 for
337 3676 51 21 New
397 3677 99 27 Zealand,
508 3676 82 22 similar
601 3679 23 18 to
634 3675 38 22 the

91 3701 127 24 Australian
226 3703 67 22 Trust
507 3705 2 6 '

117 3728 43 23 No;
271 3730 37 21 An
319 3729 97 22 Address
427 3733 23 18 to
458 3729 38 23 the
507 3730 55 22 New
571 3726 102 25 Zealand

92 3753 63 24 Land
164 3756 138 28 Proprietors
311 3756 98 22 resident
421 3756 25 21 in
454 3756 38 22 the
501 3756 84 22 United
600 3756 73 26 King-

91 3779 57 29 dom,
160 3790 28 14 on
205 3783 86 22 several
303 3785 92 20 matters
406 3783 25 22 of
437 3784 135 27 importance
581 3786 23 19 to
615 3782 59 23 their

267 3820 3 4 ■
417 3810 2 5 '
450 3815 3 5 '

117 3834 43 22 No.
177 3836 42 21 IV.
220 3847 27 5 —
274 3837 37 21 On
331 3836 38 21 the
388 3836 115 22 Financial
521 3836 112 22 condition
649 3836 27 21 of

92 3858 54 24 New
288 3863 29 27 by
327 3862 91 23 Charles
427 3862 75 28 Terry,
514 3860 59 31 Esqi^
581 3863 89 25 F.R.S.,

93 3888 76 21 •T.S.A.

277 3924 69 14 PRICE
364 3923 117 16 SIXPENCE.

120 3945 85 21 Gazette
215 3947 77 28 Office,
304 3947 86 27 March,
402 3949 59 20 1843.

766 706 118 21 Behold!
905 707 78 25 great
1006 704 177 23 Reduction!!

685 739 53 50 IN
767 739 225 24 CONSEQUENCE
1017 738 26 21 of
1060 737 31 22 tie
1114 735 153 29 undersigned

742 766 83 27 having
841 770 22 17 to
879 769 102 23 compete
992 765 52 21 with
1058 772 21 14 so
1089 772 70 25 many
1169 762 100 24 General

689 793 154 26 Storekeepers
858 791 74 23 which
943 799 36 15 are
992 791 61 27 daily
1062 795 121 23 presenting
1196 791 71 21 them-

686 820 71 22 selves
767 820 74 21 before
851 819 38 21 the
900 818 81 28 public,
989 818 55 22 feels
1055 817 15 22 it
1078 817 31 22 his
1117 817 54 27 diity
1182 821 22 17 to
1214 816 53 22 offer

686 850 22 18 to
725 846 37 22 the
780 846 75 27 public
869 852 15 15 a
900 845 76 22 choice
994 844 98 22 selection
1107 845 26 21 of
1150 843 117 23 Groceries

687 873 46 22 and
749 873 63 21 other
827 872 88 22 articles
928 872 26 21 of
966 871 90 28 general
1072 877 33 15 use
1124 871 25 21 in
1163 866 102 26 families^

686 900 46 22 and
743 903 23 19 at
775 899 54 22 such
835 899 46 21 low
889 899 73 26 prices
973 898 48 22 that
1027 901 76 18 cannot
1109 898 29 22 be
1145 894 122 30 attempted

687 931 23 17 at
719 927 31 25 by
761 934 43 18 any
813 925 26 22 of
844 926 35 21 his
889 928 132 24 opponents,
1031 925 42 21 viz.
1075 935 23 4 —

694 961 9 10 s
1157 950 35 17 Per
1198 948 68 18 Pound.

714 981 48 21 The
773 988 54 19 very
836 980 50 22 best
894 979 67 23 black
972 983 36 18 tea
1123 993 31 6 ...
1186 979 16 20 4
1227 979 14 19 0

715 1008 47 22 The
775 1015 51 20 very
835 1007 51 21 best
895 1014 69 19 green
973 1009 37 19 tea
1177 1006 24 19 '4
1228 1005 14 20 0

715 1034 105 27 Superior
830 1034 89 22 roasted
929 1033 67 22 coffee
1179 1033 19 19 '1
1227 1030 14 21 6*

717 1061 75 22 White
811 1062 59 21 Siam
889 1068 72 19 sugar,
978 1059 38 22 the
1031 1060 46 21 best
1085 1059 23 21 in
1123 1058 37 22 the

771 1087 84 31 Colony
1187 1086 14 20 0
1227 1084 13 21 5

716 1115 88 21 Second
832 1114 28 22 do
1034 1118 9 15 ?
1187 1113 14 19 0
1227 1111 15 21 4f4
1260 1131 5 13 f

716 1141 71 22 Third
797 1141 92 28 quality,
899 1141 90 26 equally
998 1140 57 27 good
1189 1139 14 20 0
1229 1138 13 20 3

716 1167 80 22 Mould
806 1167 97 26 candles,
915 1167 95 21 London
1020 1166 61 22 made
1189 1165 9 21 1
1229 1165 38 20 09

718 1195 104 26 Superior
832 1194 43 21 salt
884 1195 75 20 butter
1190 1192 11 20 1
1230 1191 13 20 6

717 1221 93 21 London
822 1228 53 19 soap
1190 1220 14 19 0
1230 1218 14 20 4

718 1247 74 21 Prime
802 1247 79 21 Stilton
893 1247 79 21 cheese
1191 1246 12 20 1
1229 1244 41 28 4^

717 1273 94 27 Pickles,
823 1273 106 26 mustard,
940 1272 45 22 and
994 1280 76 14 sauces
1077 1275 20 19 at
1107 1273 31 20 Is.
1145 1278 40 21 per
1194 1270 75 22 botlre.

717 1308 50 21 P.S.
769 1318 28 5 —
798 1307 91 22 Besides
905 1306 38 22 the
959 1306 70 21 above
1044 1302 87 30 articles,
1149 1305 66 22 M.A.
1231 1303 41 22 has

691 1342 28 14 on
731 1334 61 22 hand
801 1341 14 14 a
823 1341 122 14 numerous
954 1336 128 19 assortment
1088 1332 26 21 of
1118 1332 72 21 useful
1201 1331 69 28 goods

691 1362 26 21 of
734 1361 80 22 almost
832 1367 68 20 every
919 1360 139 26 description,
1079 1362 19 18 at
1122 1358 89 28 equally
1229 1358 43 23 Jow

690 1388 79 27 prices.
799 1388 65 21 M.A.
880 1394 88 14 assures
985 1386 37 21 the
1033 1386 68 27 public
1111 1385 50 22 that
1169 1385 39 21 the
1218 1384 54 27 only

691 1422 78 14 reason
780 1414 48 22 that
837 1414 30 21 he
877 1421 42 14 can
938 1413 91 22 surmise
1037 1412 51 28 -why
1098 1412 28 21 he
1143 1419 43 14 can
1199 1411 38 22 sell
1249 1418 23 14 so

691 1442 68 21 much
768 1442 67 21 lower
844 1440 55 22 than
910 1447 44 20 any
965 1440 25 21 of
1002 1440 34 21 his
1053 1442 122 24 opponents,
1186 1438 25 27 is,
1223 1437 51 22 that

691 1468 28 22 he
737 1476 53 20 may
805 1469 27 20 be
846 1467 115 28 possessed
977 1466 25 21 of
1016 1466 77 22 certain
1104 1473 85 18 means,
1200 1463 72 24 which

693 1496 90 21 enables
792 1495 47 21 him
856 1498 22 17 to
895 1495 45 26 buy
950 1494 34 21 for
1001 1493 52 22 cash
1067 1492 54 28 only,
1136 1492 46 21 and
1195 1492 80 27 import

693 1523 57 21 from
771 1522 91 21 London
878 1521 44 21 and
939 1520 90 28 Sydney
1046 1519 45 22 such
1110 1519 71 27 goods
1190 1526 32 14 -as
1236 1524 37 15 are

693 1549 83 28 mostly
785 1549 24 21 in
822 1548 106 22 demand.

870 1588 113 15 COASTERS
999 1587 110 15 SUPPLIED.

899 1618 33 21 M.
948 1617 112 26 ASHER,
1076 1616 15 20 f

803 1652 126 23 Wholesale
940 1652 43 21 and
993 1651 74 22 Retail
1076 1650 93 23 General
1180 1651 71 26 Stoip,

940 1679 112 21 Lambton
1062 1678 67 27 Quay.

696 1717 55 23 And
769 1720 23 20 at
809 1719 33 25 99,
860 1717 88 26 George
966 1717 77 25 Street,
1063 1715 93 28 Sydney,
1175 1714 45 22 and
1239 1715 36 26 22,

874 1743 117 26 Minories,
1003 1742 95 22 London.

725 1778 64 28 April
801 1780 33 24 18,
847 1778 62 21 1843.

694 1825 68 29 ~*~\T
796 1822 108 26 SEEAR,
920 1822 140 22 Carpenter
1074 1821 37 22 and
1125 1821 113 25 Builder,
1244 1826 44 15 re—

708 1849 16 24 V
731 1844 19 28 V
768 1860 11 11 •
809 1849 120 27 spectfully
938 1856 129 14 announces
1073 1851 15 18 to
1096 1847 37 21 the
1142 1846 137 22 inhabitants

695 1877 27 21 of
738 1877 55 21 Port
809 1875 131 27 Nicholson,
958 1875 50 21 that
1022 1875 28 21 he
1059 1875 34 21 has
1103 1873 126 28 completed
1244 1872 35 22 Ks

695 1911 50 14 new
764 1903 134 27 workshops,
910 1902 44 22 and
966 1903 19 21 is
1003 1909 49 15 now
1069 1901 63 27 ready
1149 1904 22 18 to
1188 1901 51 26 give
1255 1900 24 22 in

695 1931 101 22 Tenders
806 1931 33 21 for
849 1930 38 22 the
898 1929 98 22 erection
1007 1929 25 21 of
1039 1927 118 27 Buildings.

724 1963 192 25 Manners-street,
926 1961 33 22 Te
969 1961 54 26 Aro,
1034 1960 52 22 Nov.
1097 1962 20 19 9.

1029 1996 52 4 —
1245 1994 30 13 ■<--,-

805 2013 53 20 For
877 2013 72 23 Sale,
971 2016 36 15 ex
1030 2011 142 19 "Phoebe.'*

703 2051 17 29 1
740 2051 26 28 X
788 2049 105 31 AfiA
922 2049 124 25 SLATES,

703 2072 189 36 \.i}j\j\j\J
921 2077 28 21 40
977 2075 80 22 barrels
1078 2074 57 22 fresh
1159 2074 120 21 American

896 2103 65 26 flour,

727 2129 15 20 4
757 2127 63 22 hhds.
830 2127 115 29 Barclay's
955 2131 65 23 stout,

729 2157 27 19 10
770 2155 77 21 firkins
859 2155 59 23 Cork
928 2155 81 27 butter,

729 2183 10 19 1
756 2181 66 22 tierce
832 2181 77 28 coffee,

729 2210 10 20 1
755 2208 53 22 hhd.
818 2208 85 22 refined
913 2216 73 19 sugar,

728 2236 11 20 1
754 2235 71 21 barrel
835 2234 64 23 West
909 2236 66 22 India
985 2242 72 20 sugar,

728 2263 55 20 1000
795 2261 114 28 Rodney's
917 2267 79 23 patent
1005 2263 63 20 horse
1077 2261 58 23 shoes
1145 2261 45 21 and
1199 2260 63 27 nails,

728 2290 13 20 3
756 2296 61 14 cases
830 2289 157 27 gentlemen's,
1003 2289 79 25 ladies',
1097 2288 45 22 and
1156 2288 123 21 children's

701 2315 63 22 shoes
775 2315 24 22 in
808 2315 29 22 all
849 2316 110 27 varieties,

729 2343 13 21 2
757 2350 61 14 cases
828 2342 81 22 double
920 2342 97 22 Glo'ster
1025 2341 81 28 cheese,

730 2370 25 20 15
771 2376 61 15 caser
841 2370 103 22 oilman's
961 2373 69 19 stores
1039 2369 26 21 of
1076 2368 32 22 the
1120 2375 52 20 very
1182 2368 48 21 best
1242 2368 38 20 de-

702 2396 113 27 scription,
827 2397 46 21 and
883 2404 14 14 a
907 2400 64 24 great
977 2397 91 26 variety,

729 2425 14 19 2
757 2430 61 14 cases
827 2423 80 22 sedlitz
916 2423 100 28 powders
1027 2423 24 21 in
1060 2422 69 27 bottle,

729 2451 14 20 6
757 2457 61 14 cases
832 2450 102 26 brushes,
952 2451 82 25 combs,
1046 2449 38 22 and
1100 2449 133 27 perfumery,
1244 2448 36 21 in-

703 2475 91 28 cluding
803 2477 49 21 Eau
862 2471 28 28 de
902 2477 104 27 Cologne,
1018 2478 39 20 &c.
1068 2477 41 26 &c,

729 2505 14 20 3
757 2510 62 15 cases
828 2504 86 22 bottled
922 2505 65 21 fruits
996 2503 46 22 and
1051 2510 111 20 preserves,

731 2532 11 19 1
759 2530 61 22 chest
829 2531 99 28 superior
938 2531 77 26 Congo
1027 2534 42 23 tea,

731 2559 11 19 1
759 2565 49 14 case
818 2559 127 26 stationery,

731 2584 167 28 Ironmongery,
910 2585 114 26 crockery,
1033 2583 42 22 fine
1081 2583 64 27 glass,

732 2611 146 28 Gunpowder,
889 2615 80 24 patent
978 2611 55 26 shot,
1042 2611 83 27 powder
1133 2610 75 27 flasks,

732 2639 91 21 Garden
832 2638 73 27 seeds,
916 2638 76 22 choice
1001 2645 61 20 grass
1072 2637 63 26 seeds,

731 2665 57 22 Seed
797 2665 78 28 wheat,
887 2665 84 28 barley,
981 2665 45 22 and
1036 2668 48 23 oats,

732 2692 60 22 Slate
802 2692 100 26 cisterns,
914 2691 79 23 hearth
1002 2695 77 23 stones,
1086 2691 104 26 chimney
1199 2689 80 28 pieces,

703 2718 47 22 and
759 2719 82 28 paving
851 2719 75 26 slates,

731 2746 104 22 National
861 2745 82 23 School
962 2745 74 27 slates,
1060 2745 43 22 well
1127 2743 95 29 adapted
1245 2743 36 22 for

705 2773 82 23 Native
798 2773 69 25 trade,

732 2800 117 27 Cutlasses,
859 2799 42 22 bill
909 2799 78 27 hooks,
998 2799 44 21 flsh
1050 2798 71 27 hooks,
1133 2798 45 22 and
1192 2804 89 16 numer-

705 2834 40 14 ous
754 2826 64 22 other
827 2826 94 22 articles.

759 2858 74 28 Apply
842 2862 24 17 at
875 2858 39 22 the
924 2859 75 21 Stores
1009 2858 27 21 of

985 2889 37 22 W.
1037 2889 26 22 B.
1077 2890 89 21 Rhodes
1182 2888 20 22 &
1216 2888 37 22 Co.

731 2916 66 29 April
806 2918 33 25 22,
851 2919 62 20 1843.

704 2971 90 50 FOR
808 2970 85 27 SALE,
910 2977 28 14 ex
952 2971 115 25 Margaret,
1077 2970 44 26 fee,

776 2999 26 20 25
816 2999 79 21 tierces
904 2997 57 27 beef,

729 3027 14 20 3
758 3029 48 18 tans
816 3024 96 23 colonial
923 3024 52 27 hay,

730 3054 13 20 3
757 3055 51 19 tons
818 3053 60 21 Siam
888 3058 74 20 sugar,

729 3081 28 20 30
771 3079 82 22 barrels
863 3079 87 21 bottled
959 3078 42 27 ale,

729 3107 28 21 50
770 3107 68 21 boxes
847 3109 44 20 tea,

729 3134 28 21 50
771 3133 38 22 ash
823 3140 56 19 oars,

730 3162 28 20 30
771 3163 49 19 tons
830 3160 55 27 coal,

731 3187 58 26 Port,
801 3187 82 28 sherry,
896 3187 44 21 and
955 3186 103 23 Madiera
1066 3185 18 23 in
1098 3184 76 27 bottle,
1185 3182 95 24 Ruther-

702 3213 52 21 ford
763 3213 44 21 and
816 3213 94 27 Drury's
920 3213 78 27 brand,

731 3239 100 28 Liquers,
841 3240 24 21 in
876 3241 72 21 dozen
957 3248 68 19 cases,

731 3266 150 27 Champagne,

731 3293 97 27 Brandy,
837 3300 58 20 rum,
908 3293 43 23 and
960 3293 38 27 gin
1008 3293 24 22 in
1042 3292 65 27 hhds.,

730 3321 28 20 30
772 3323 49 18 tons
828 3320 51 22 best
889 3320 92 28 Sydney
992 3320 64 26 flour,

731 3347 28 21 50
773 3349 50 19 tons
834 3346 88 22 Chilian
932 3347 65 26 flour,
1010 3354 28 14 ex
1049 3347 99 24 Cheerful.

994 3382 11 25 .'
1020 3383 76 23 Waitt
1111 3383 45 22 and
1169 3383 84 22 Tyser.

926 3434 54 21 For
993 3435 69 20 Sale.

704 3467 93 49 THE
818 3468 106 22 CARGO
941 3468 39 22 OF
994 3468 97 23 MAIZE
1105 3475 41 20 per
1159 3468 68 21 Ariel.

1076 3495 71 23 Levin
1162 3494 45 23 and
1217 3494 38 22 Co.
1291 3497 2 17 i

731 3526 101 27 January
842 3526 35 27 27,
889 3528 62 20 1843.

943 3580 111 21 Cheese.

703 3611 52 48 A
764 3611 117 23 SUPPLY
891 3611 103 23 received
1001 3611 81 28 weekly
1088 3612 25 22 of
1121 3611 56 22 New
1184 3609 100 23 Zealand

783 3638 63 21 made
858 3638 92 27 Cheese,
957 3638 58 22 from
1025 3638 37 22 the
1070 3639 136 26 Cowpasture
1213 3636 68 26 dairy,

702 3664 47 22 and
757 3664 35 22 for
799 3665 45 21 sale
855 3668 23 18 at
895 3665 37 21 the
942 3665 106 28 premises
1058 3665 22 21 of
1089 3665 39 22 the
1145 3665 64 21 Meat
1218 3664 66 21 Com-

701 3698 68 20 pany.
931 3713 11 5 ..
999 3711 3 5 ,
1077 3711 2 6 ,
1112 3714 4 3 .
1158 3709 17 7 *.

936 3743 4 3 .
975 3725 43 26 .W.
1029 3726 95 26 Flyoer,
1136 3725 117 26 Manager.

731 3758 160 29 Willis-street,,
900 3758 126 23 December
1034 3760 35 26 20,
1078 3760 57 22 1842.

889 3812 65 19 Just
968 3810 126 21 received.'

702 3842 128 49 PLANS
853 3842 26 22 of
900 3836 45 28 the'
960 3842 70 22 Town
1050 3842 26 21 of
1086 3841 168 23 Wellington.

776 3869 56 22 Plan
851 3876 24 14 oi
886 3868 36 22 Lbs
933 3869 107 21 Harbour
1049 3868 25 22 of
1082 3867 52 23 Port
1150 3867 123 22 Nicholson

739 3916 56 23 UST
809 3916 135 26 OPENED,
950 3916 46 21 and
1006 3923 29 14 on
1045 3916 42 21 Sale
1097 3919 27 26 at,
1131 3915 37 22 the
1180 3915 70 22 Office
1261 3913 26 22 of

766 3944 43 22 this
820 3944 77 27 Paper,
908 3942 40 22 ink
954 3942 80 22 'stands
1044 3939 25 24 of
1075 3942 83 22 various
1168 3942 63 21 sizes.
