2590 4020
163 875 167 21 SHIPPING
349 875 275 23 INTELLIGENCE.

321 928 141 21 ARRIVED.

358 961 70 21 None.

339 1013 115 20 SAILED.

126 1043 52 28 May
195 1046 20 22 3,
233 1044 119 27 brigantine
365 1046 52 20 Will
435 1047 81 24 Watch,
529 1047 34 24 63,
581 1046 104 26 Harding,

96 1070 35 22 for
141 1071 91 28 Sydney,
243 1073 33 19 via
286 1073 110 20 Auckland
406 1073 40 20 and
456 1074 36 20 the
502 1073 45 27 Bay
557 1073 23 21 of
593 1074 91 20 Islands.

125 1099 51 26 May
196 1100 19 26 5,
236 1100 77 27 barque
333 1100 84 25 Phoebe,
436 1100 41 21 560
497 1103 57 24 tons,
575 1101 61 25 Dale,
652 1101 34 20 for

97 1125 102 28 Bombay.

321 1177 34 19 IN
370 1177 85 22 PORT.

120 1208 86 26 Barque
215 1209 121 25 Indemnity
342 1210 55 21 ,450
417 1214 48 16 tons
472 1225 5 9 ,
485 1210 46 20 Ada
535 1217 40 17 mi,
588 1210 97 26 refitting

92 1236 93 25 Agents,
197 1236 69 21 Waitt
276 1238 43 19 and
330 1237 78 26 Tyser.

120 1264 111 20 Schooner
252 1265 58 25 Ann,
335 1266 28 19 22
383 1267 59 23 tons,
468 1266 86 24 Brown,
579 1266 45 20 laid
647 1272 37 20 up.

92 1291 79 25 Agent,
183 1292 70 20 Waitt
262 1293 42 19 and
316 1293 76 26 Tyser.

121 1319 108 21 Schooner
253 1320 63 26 Erin,
342 1321 26 20 25
394 1324 54 24 tons,
474 1321 77 27 Relph.
594 1321 89 26 Master,

94 1346 80 26 Agent.

120 1374 51 26 Brig
186 1375 81 25 Lur.ar,
283 1375 38 20 165
332 1377 57 21 tons,
405 1376 35 20 W.
450 1376 61 20 Ellis.
541 1376 85 20 Rhodes
641 1377 42 19 and

93 1400 49 22 Co..
152 1403 89 24 Agents.

121 1429 67 26 Sloop
197 1430 67 25 Royal
277 1431 100 24 William,
388 1431 28 20 43
425 1433 58 22 tons,
493 1431 84 21 Lovett.
604 1431 78 26 Agent,

92 1455 22 22 J.
126 1456 72 22 Wade,

121 1483 76 21 Cutter
213 1485 117 24 Elizabeth,
347 1486 26 20 20
384 1488 55 23 tons,
458 1485 96 21 Morton.
585 1486 97 27 Captain,

92 1513 78 23 Agent.

119 1539 108 21 Schooner
244 1540 61 25 Kate,
323 1540 26 20 62
366 1542 58 23 tons,
440 1541 135 22 Macfarlane.
604 1542 78 25 Agent,

92 1565 124 21 Machattie.

118 2513 69 23 AND
203 2514 217 24 WELLINGTON
437 2517 189 24 SPECTATOR.

215 2571 130 25 Saturday,
361 2571 57 22 May
431 2574 20 24 6,
469 2574 62 21 1843.

114 2623 45 24 We
178 2631 58 16 were
253 2625 67 23 much
333 2627 115 29 surprised
467 2632 24 18 to
505 2628 54 23 read
571 2637 13 15 a
597 2633 71 19 state-

79 2661 64 19 ment
163 2656 24 24 in
210 2658 139 31 yesterday's
371 2659 108 30 Colonist,
499 2666 23 18 to
543 2661 38 24 the
603 2663 66 23 effect

79 2689 51 27 that
140 2691 38 22 the
197 2691 138 31 Company's
356 2694 128 29 operations
497 2695 23 22 in
538 2695 38 23 the
594 2696 73 31 valley

80 2723 26 23 of
116 2723 38 23 the
168 2724 68 29 Hutt,
250 2724 53 24 with
315 2733 14 15 a
342 2726 55 23 view
411 2731 21 19 to
445 2735 58 23 open
515 2727 39 24 the
575 2728 90 25 Waira-

78 2757 56 31 rap'a
152 2757 97 29 district,
269 2765 61 17 were
351 2760 136 30 suspended,
504 2769 24 15 as
547 2769 31 16 we
598 2762 69 24 know

79 2789 50 23 that
140 2798 14 15 a
166 2790 82 31 picked
260 2791 59 31 body
331 2791 25 25 of
371 2793 117 23 workmen
507 2802 38 16 are
559 2795 46 23 still
618 2804 46 15 em-

78 2822 83 31 ployed
183 2823 72 29 there,
278 2829 23 19 at
328 2825 59 30 good
417 2834 81 23 wages,
526 2828 72 23 under
629 2829 36 24 the

80 2857 204 30 superintendance
291 2879 6 3 .
303 2858 26 24 of
337 2877 3 4 .
346 2858 39 24 the
404 2859 115 32 Principal
543 2861 121 31 Surveyor.

80 2888 27 24 If
116 2897 41 15 our
178 2894 172 28 contemporary
362 2892 46 23 will
420 2893 52 24 take
492 2894 40 23 the
544 2895 87 23 trouble
643 2901 22 18 to

79 2929 30 23 go
121 2929 25 16 so
165 2922 43 29 far,
224 2923 29 23 he
272 2924 44 23 will
328 2925 47 23 find
387 2925 29 24 he
427 2934 42 16 can
481 2927 63 23 drive
554 2936 13 15 a
578 2933 48 19 cart
637 2937 28 15 ou

78 2955 39 23 the
130 2963 48 16 new
190 2956 54 23 road
261 2965 24 14 as
296 2957 36 23 far
341 2966 25 15 as
379 2959 38 23 the
428 2960 67 29 river,
509 2961 43 23 and
566 2961 47 24 that
625 2962 40 24 the

79 2988 83 24 timber
173 2990 21 22 is
206 2989 66 24 ielled
284 2991 44 23 and
340 2993 106 23 removed
459 2993 88 32 beyond
566 2995 17 23 it
594 3003 25 15 as
631 2996 34 24 far

77 3030 26 15 as
115 3030 43 22 any
169 3023 89 23 settlers
270 3023 56 25 have
337 3025 88 24 located
438 3026 144 26 themselves.
619 3029 44 24 We

77 3063 37 15 are
124 3056 129 23 authorised
267 3061 21 19 to
298 3062 66 25 state,
377 3059 49 23 that
436 3060 63 24 there
509 3062 19 22 is
539 3069 28 15 no
579 3061 84 25 found-

77 3089 61 23 ation
149 3089 37 23 for
199 3089 37 23 the
248 3095 122 20 statement
381 3100 33 15 we
434 3093 57 24 have
510 3094 96 30 noticed,
619 3096 45 23 and

77 3121 51 24 that
147 3122 20 23 it
185 3123 19 22 is
282 3126 164 30 contemplated
466 3131 22 19 to
508 3129 100 30 suspend
625 3129 38 24 the

76 3155 76 23 ■works
164 3163 32 23 up
208 3155 38 23 the
256 3157 73 30 valley
341 3159 25 22 of
376 3159 38 23 the
424 3159 69 24 Hutt.

111 3195 51 23 The
171 3195 84 23 Karori
263 3197 58 29 pack
330 3197 93 24 bullock
431 3199 55 24 road
497 3200 20 23 is
528 3201 134 31 completed,

76 3236 26 15 as
121 3228 52 23 well
197 3237 24 14 as
241 3228 48 24 that
307 3235 23 18 to
350 3232 105 24 Porirua.
492 3233 44 23 We
554 3235 48 23 fear
622 3243 40 16 our

76 3266 172 27 contemporary
261 3262 39 24 has
312 3263 58 24 been
381 3266 102 30 imposed
494 3274 60 24 upon
567 3268 24 23 in
598 3268 64 25 these

77 3299 103 20 matters.

109 3345 43 24 We
165 3346 57 23 have
241 3348 101 29 omitted,
353 3350 60 23 until
430 3358 58 21 now,
502 3353 101 30 noticing
624 3353 38 24 the

75 3379 78 23 fourth
164 3380 97 23 number
272 3380 25 24 of
305 3381 39 23 the
354 3381 60 25 New
422 3383 104 24 Zealand
534 3385 126 31 Portfolio,

76 3417 41 18 not
130 3413 95 23 because
237 3413 39 23 the!
293 3414 89 32 subject
395 3416 62 24 there
472 3419 86 23 treated
571 3426 28 16 on
617 3426 45 17 was

76 3445 156 31 undeserving
250 3446 26 23 of
295 3448 80 24 earlier
397 3450 81 29 notice,
502 3451 42 24 but
566 3452 96 25 because

76 3486 34 15 we
142 3486 59 16 were
209 3494 2 5 •
231 3480 101 31 engaged
343 3478 40 34 ,in
408 3484 76 30 trying
509 3488 22 19 to
559 3486 101 29 unravel,

76 3512 52 28 and,
149 3512 20 22 if
188 3512 106 31 possible,
319 3518 23 19 to
363 3520 94 20 account
476 3517 36 23 for
531 3517 63 24 other
613 3524 48 19 acts

76 3545 26 23 of
119 3546 111 25 omission
249 3546 43 23 and
310 3548 145 24 commission
467 3550 73 23 which
558 3559 41 16 our
616 3552 45 24 late

75 3580 89 29 sapient
183 3579 119 23 Governor
322 3588 46 16 was
387 3582 73 31 guilty
479 3583 26 23 of
523 3583 138 32 duririg'his

74 3612 62 23 brief
152 3612 190 25 administration.
378 3614 51 24 The
451 3616 63 23 work
536 3616 77 25 before
633 3627 27 15 us

76 3646 98 22 consists
195 3644 82 33 chiefly
295 3647 26 23 of
338 3655 13 15 a
369 3648 81 23 review
472 3649 25 23 of
514 3649 39 24 the
573 3651 89 24 finance

76 3683 76 26 report
164 3679 25 23 of
205 3679 38 24 the
262 3679 57 24 New
338 3680 102 25 Zealand
451 3681 157 26 Government
626 3685 36 23 for

75 3711 39 24 the
127 3720 53 23 year
194 3714 72 28 1841,
283 3714 42 23 and
345 3714 39 23 the
396 3715 102 24 estimate
512 3715 34 24 for
559 3716 37 24 the
606 3725 55 23 year

77 3747 73 27 1842,
163 3745 30 31 by
205 3746 95 24 Charles
312 3747 82 31 Terry,
404 3748 58 32 Esq.
557 3770 4 7 ,
613 3755 4 4 •

109 3784 52 27 Th,e
172 3785 83 24 Editor
276 3787 113 29 observes,
411 3787 49 24 that
505 3788 48 25 Mr.
568 3789 92 32 Terry's

75 3819 135 30 reasonings
234 3820 82 23 extend
337 3820 52 31 only
411 3825 21 19 to
451 3821 39 23 the
509 3830 54 23 year
587 3825 72 28 1841,

74 3849 107 32 ■whereby
203 3851 29 24 he
255 3853 72 23 shews
350 3854 49 23 that
423 3854 37 24 the
488 3859 122 20 statement
638 3857 25 24 of

72 3882 110 32 probable
192 3892 96 20 revenue
299 3886 20 24 is
330 3887 41 23 hot
380 3887 70 25 based
460 3896 30 16 ou
502 3888 57 24 such
570 3889 57 24 facts
634 3898 26 16 as

74 3921 99 19 warrant
184 3924 26 16 so
218 3917 65 31 large
293 3927 31 16 an
336 3921 155 31 anticipation.
528 3922 94 25 Instead
637 3924 26 23 of

1335 128 23 23 in
1377 128 56 23 both
1455 129 38 23 the
1513 130 120 25 Governor
1653 133 44 23 and
1718 134 113 30 governed
1842 144 6 19 ;
1873 135 45 24 and

1335 160 105 24 recollect
1448 161 49 24 that
1497 175 34 4 —

1361 198 119 24 Whatever
1489 201 83 27 maybe
1583 201 41 23 the
1628 206 99 25 separate
1736 205 102 22 interests
1847 206 26 21 of
1880 206 36 23 the

1335 225 84 21 several
1429 227 143 28 settlements,
1587 228 31 22 all
1626 229 57 22 have
1692 238 14 13 a
1716 236 102 17 common
1828 232 90 23 interest

1335 257 21 15 in
1368 253 127 28 prosperity,
1507 254 44 22 and
1561 256 87 24 against
1654 256 59 22 what
1721 257 115 23 interferes
1846 258 71 23 there-

1336 278 50 20 with
1393 286 6 14 :
1416 278 71 23 hence
1500 280 19 22 it
1526 281 20 21 is
1560 281 36 22 the
1607 281 53 28 duty
1672 283 25 22 of
1709 290 66 21 every
1786 291 40 14 one
1836 285 49 22 who
1899 286 18 21 is

1335 305 120 21 connected
1475 307 51 21 with
1549 307 56 23 New
1624 309 100 22 Zealand
1743 313 22 19 to
1787 316 98 21 promote
1904 320 14 14 a

1335 330 107 27 thorough
1452 333 94 22 revision
1558 335 24 21 of
1589 342 14 14 a
1613 335 104 22 financial
1726 340 82 23 system
1821 338 70 22 which
1901 340 20 21 if

1335 360 16 17 U
1361 358 65 21 could
1437 360 96 27 possibly
1543 361 26 21 be
1579 361 146 28 maintained,
1736 363 73 22 would
1819 365 49 21 ruin
1880 366 36 21 the

1335 384 104 22 colony—
1441 386 79 27 unless,
1532 387 87 27 indeed,
1631 388 38 22 the
1676 389 100 26 imperial
1786 391 131 26 parliament

1334 416 17 15 is
1362 410 83 28 willing
1461 416 22 18 to
1493 413 66 22 make
1568 421 14 14 a
1591 418 89 22 present
1690 417 23 19 of
1725 416 104 27 £40,000,
1841 425 76 20 a-year

1335 439 21 18 to
1366 441 89 24 support
1464 439 33 21 his
1506 439 22 21 in
1541 439 29 22 all
1580 441 38 21 the
1627 441 117 27 splendour
1754 443 27 21 of
1786 448 62 23 petty
1859 445 57 22 vice-

1333 464 92 27 royalty.
1455 465 28 22 In
1492 466 55 22 such
1558 474 12 14 a
1577 474 58 19 case,
1647 467 83 28 though
1737 476 24 14 so
1770 469 61 28 large
1840 478 27 15 an
1878 479 38 15 ex-

1333 490 114 26 penditure
1467 493 72 21 would
1563 493 96 28 produce
1682 494 44 22 bad
1744 497 70 21 moral
1838 505 76 16 conse-

1333 520 101 24 quences;
1452 518 19 22 it
1480 519 72 22 would
1563 523 38 18 not
1612 520 113 28 endanger
1737 522 38 22 the
1787 530 53 21 very
1850 525 65 22 exist-

1333 549 53 15 ence
1396 544 26 21 of
1428 544 38 22 the
1474 550 146 22 government
1629 547 145 24 settlements.

1366 578 39 23 He
1418 579 54 25 then
1490 587 103 25 presents
1605 591 14 15 a
1630 584 60 23 table
1701 584 26 23 of
1742 584 39 24 the
1798 594 116 24 compara-

1333 611 42 23 tive
1394 617 50 19 acts
1462 614 25 23 of
1503 615 92 24 various
1615 617 104 24 Colonial
1741 617 172 33 dependencies,

1332 643 43 24 and
1387 645 94 32 thereby
1492 648 55 23 adds
1567 649 93 23 another
1681 652 68 29 proof
1763 652 26 23 of
1805 652 38 24 the
1855 659 59 19 utter

1332 677 151 31 helplessness
1499 681 26 23 of
1539 681 72 30 those,
1629 683 35 23 far
1682 685 105 23 removed
1799 685 59 24 from
1876 687 37 24 the

1331 718 74 22 power
1417 712 25 23 of
1450 714 87 30 appeal,
1550 719 39 19 not
1600 716 54 30 only
1666 721 22 18 to
1707 717 41 23 the'
1759 719 121 32 sympathy
1892 720 24 24 of

1332 743 35 23 the
1380 743 155 27 Government
1548 752 22 18 at
1589 747 73 31 home,
1676 749 41 24 but
1728 755 22 18 to
1767 752 60 23 what
1841 754 72 23 would

1331 776 26 23 be
1368 776 36 23 far
1414 786 63 16 more
1488 779 71 32 likaly
1568 784 23 20 to
1603 782 98 30 produce
1714 784 89 24 redress
1804 798 33 3 —
1837 787 76 30 public

1330 810 99 30 opinion.

1356 848 27 22 In
1405 852 124 26 proportion
1546 856 22 18 to
1588 853 38 22 the
1641 855 117 26 European
1774 859 137 26 population,

1330 878 35 19 the
1376 880 48 18 cost
1433 878 27 21 of
1464 880 121 26 governing
1592 880 55 23 New
1655 881 99 24 Zealand
1761 884 20 21 is
1789 885 37 21 the
1831 885 82 27 largest

1328 909 21 14 m
1362 904 38 21 the
1410 904 80 22 known
1500 906 74 22 world.
1605 907 26 21 In
1641 907 113 29 Trinidad,
1765 910 18 22 it
1792 911 18 22 is
1821 912 37 22 17s
1874 921 39 16 per

1330 929 63 22 head.
1421 930 28 22 In
1465 931 55 22 New
1535 933 69 21 South
1621 934 79 27 Wales,
1718 936 17 21 it
1749 937 18 21 is
1777 938 31 23 £1
1824 940 32 21 2s.
1873 947 40 20 per

1329 958 64 19 head.
1411 958 39 21 .In
1464 958 97 22 Western
1577 960 120 29 Australia,
1714 962 18 22 it
1745 963 18 21 is
1774 965 33 22 £1
1819 967 43 20 10s.
1872 974 40 18 per

1329 984 63 20 head.
1420 984 30 24 Jn
1459 985 73 25 .South
1542 986 119 27 Australia,
1678 989 71 21 under
1758 991 62 26 Capt.
1832 992 79 27 Gray's

1328 1010 113 26 improved
1457 1017 164 22 management,
1639 1014 18 21 it
1666 1015 19 21 is
1699 1015 33 23 £2
1741 1018 31 20 3s.
1789 1026 40 18 per
1845 1019 65 23 head.

1329 1038 26 19 In
1367 1038 70 24 Great
1446 1038 84 22 Britain
1540 1040 49 23 .and
1602 1040 95 27 Ireland,
1710 1042 20 22 .it
1740 1043 18 21 is
1768 1045 32 22 £1
1812 1046 43 21 17s.
1873 1054 38 18 per

1328 1063 56 21 head
1391 1071 5 17 ;
1414 1064 73 21 whilst
1495 1065 23 22 in
1529 1066 56 21 New
1595 1067 106 28 Zealand,
1712 1069 17 21 it
1737 1070 19 21 is
1766 1077 29 15 no
1805 1071 43 23 less
1858 1073 52 22 than

1327 1091 33 22 £4
1370 1091 43 20 16s.
1422 1091 39 24 4d.
1470 1099 47 20 per.
1519 1092 55 24 head
1582 1094 5 21 !
1610 1113 3 3 .
1623 1113 3 3 .

1354 1121 68 22 How.
1422 1123 38 21 the
1476 1127 91 23 present
1582 1125 53 22 debt
1645 1127 27 20 of
1682 1127 38 21 the
1733 1135 146 19 government
1888 1132 25 22 of

1328 1151 54 19 New
1403 1151 98 21 Zealand
1516 1158 19 14 is
1549 1155 23 17 to
1589 1152 26 22 be
1633 1152 128 29 liquidated,
1778 1156 27 22 its
1821 1158 88 22 authors

1327 1176 78 21 should
1419 1177 30 21 be
1457 1177 71 22 called
1539 1186 59 19 upon
1615 1182 22 19 to
1651 1180 65 27 point
1725 1186 43 17 out.
1798 1184 48 22 The
1857 1193 52 14 con-

1327 1206 106 18 tinuance
1442 1204 25 21 of
1478 1212 95 15 revenue
1590 1205 97 28 depends
1702 1215 58 20 upon
1777 1213 124 25 prosperity

1326 1229 42 20 and
1378 1231 121 31 prosperity
1509 1231 75 28 being.
1589 1232 140 30 diminished,
1747 1243 95 17 revenue
1852 1243 57 18 must

1326 1257 87 21 decline
1429 1264 23 14 in
1462 1259 132 26 proportion.
1625 1260 22 21 It
1656 1261 20 21 is
1691 1262 81 28 utterly
1782 1264 126 28 impossible

1326 1285 46 19 that
1382 1285 93 24 Captain
1487 1285 92 22 Hobson
1589 1294 42 13 can
1645 1287 28 22 be
1682 1290 118 25 permitted
1811 1296 22 17 to
1842 1299 27 18 go
1879 1301 28 13 on

1325 1315 113 22 incurring
1453 1318 14 14 a
1476 1311 52 22 debt
1539 1312 27 21 of
1575 1313 98 27 £30,000
1686 1322 23 15 or
1719 1316 96 27 £40,000
1832 1326 76 20 a-year

1326 1336 66 21 much
1410 1336 83 29 longer,
1513 1339 45 21 and
1577 1340 93 22 without
1685 1349 42 21 any
1742 1345 166 27 extraordinary

1325 1363 111 26 foresight,
1447 1372 32 14 we
1490 1372 51 20 may
1547 1366 50 22 look
1608 1367 93 23 forward
1712 1373 22 18 to
1741 1370 38 22 the
1785 1371 53 22 time
1845 1372 63 22 when

1325 1391 32 19 his
1366 1391 136 28 Excellency
1512 1393 44 21 will
1570 1393 27 22 be
1608 1394 101 27 replaced
1724 1396 30 28 by.
1763 1405 13 14 a
1786 1405 61 15 more
1858 1407 50 14 eco-

1326 1417 94 21 nomical
1430 1425 116 19 governor,
1557 1420 95 27 charged
1663 1429 24 14 as
1694 1423 92 27 Captain
1798 1426 61 27 Grey
1864 1434 44 14 was

1325 1445 21 19 to
1356 1444 81 22 reduce
1453 1447 143 26 expenditure
1608 1447 82 27 within,
1707 1457 25 15 or
1745 1452 78 27 nearly
1832 1453 75 22 within

1325 1469 36 22 the
1372 1478 76 14 means
1455 1473 26 20 of
1489 1473 35 21 the
1535 1480 97 15 revenue
1643 1475 26 21 of
1676 1476 37 22 the
1723 1477 85 28 colony.
1839 1479 25 22 If
1869 1480 38 22 the

1325 1496 92 26 Euglish
1429 1498 87 23 fashion
1528 1500 26 21 of
1567 1500 94 27 funding
1676 1502 35 22 his
1725 1504 120 28 Exchquer
1857 1507 49 21 bills

1324 1525 66 19 could
1406 1525 35 21 be-
1449 1527 99 21 resorted
1565 1530 22 18 to
1602 1528 30 27 by
1647 1528 91 28 Captain
1756 1532 100 26 Hobson,
1872 1534 34 22 his

1324 1551 60 21 three
1394 1558 70 20 years,
1476 1552 52 22 debt
1539 1553 73 22 would
1626 1555 27 21 be
1664 1557 76 27 nearly
1749 1558 35 23 £9
1800 1567 40 19 per
1848 1560 58 22 head

1334 1603 5 10 i
1349 1603 5 5 •
1369 1581 15 32 i
1385 1577 13 21 h
1406 1605 11 8 *
1431 1579 116 27 European
1564 1581 135 28 population,
1720 1591 24 14 or
1761 1586 79 27 nearly
1854 1594 52 14 one-

1323 1605 57 21 third
1392 1605 25 21 of
1425 1605 37 22 the
1471 1607 98 21 national
1580 1607 53 22 debt
1640 1608 24 21 of
1672 1610 42 21 this
1721 1616 101 22 country,
1835 1614 71 22 which

1322 1637 19 15 is
1351 1631 36 21 the
1404 1635 99 19 creature
1513 1633 26 21 of
1551 1635 86 21 several
1652 1638 119 24 expensive
1782 1646 61 20 wars,
1861 1642 45 20 and

1323 1661 39 17 not
1368 1659 122 25 justifiable
1500 1666 28 14 on
1540 1668 44 19 any
1594 1661 64 23 other
1666 1664 94 25 ground.

1354 1698 25 24 It
1396 1700 19 22 is
1429 1706 40 17 not
1485 1709 13 14 a
1516 1701 57 24 little
1593 1704 90 24 curious
1702 1705 48 24 that
1767 1706 37 24 the
1824 1708 81 24 Editor

1323 1731 80 25 should
1415 1732 64 31 have,
1492 1742 25 15 as
1527 1735 20 23 if
1556 1735 29 31 by
1594 1737 101 30 instinct,
1708 1739 125 25 calculated
1845 1749 59 23 upon

1323 1765 35 23 the
1366 1770 93 26 aptness
1467 1768 24 22 of
1502 1768 103 25 Colonial
1615 1770 129 25 Governors
1755 1778 22 18 to
1795 1782 42 23 ape
1847 1775 57 24 their

1322 1800 121 29 superiors,
1461 1801 20 22 if
1495 1806 40 18 not
1553 1802 59 24 their
1627 1803 84 25 betters
1720 1814 5 21 ;
1745 1807 36 22 for
1796 1806 29 24 he
1844 1816 58 22 says,

1346 1831 25 24 If
1380 1833 38 23 the
1431 1833 98 32 English
1547 1836 89 23 fashion
1649 1838 26 23 of
1691 1838 96 32 funding
1804 1840 36 24 his
1853 1842 50 22 Ex-

1321 1864 96 32 chequer
1430 1867 58 23 Bills
1500 1868 66 24 could
1577 1869 29 23 be
1617 1872 102 23 resorted
1729 1877 22 19 to
1764 1873 29 31 by
1807 1874 96 31 Captain

1307 1897 119 31 /Hobson,
1439 1900 35 23 his
1488 1901 61 24 three
1562 1904 72 29 years'
1643 1904 53 23 debt
1704 1906 73 23 would
1789 1907 27 23 be
1826 1908 77 31 nearly

1320 1933 36 23 £9
1368 1940 40 23 per
1538 1936 58 23 Last
1608 1944 52 23 year
1673 1946 32 15 we
1718 1939 155 26 endeavoured
1881 1946 21 19 to

1320 1969 80 20 attract
1412 1967 38 22 the
1462 1969 110 23 attention
1585 1970 25 22 of
1620 1978 39 15 our
1673 1971 72 24 fellow
1746 1986 11 12 r
1760 1974 107 23 colonists
1880 1979 22 19 to

1307 2006 2 13 i
1313 1998 43 23 .the
1368 1999 68 30 study
1447 2000 26 23 of
1483 2001 59 23 what
1553 2010 38 15 are
1603 2003 71 23 called
1694 2004 36 24 the
1746 2007 121 29 principles
1880 2009 26 21 of

1318 2031 99 30 political
1430 2040 115 24 economy,
1559 2042 12 14 a
1583 2035 89 30 subject
1690 2036 72 24 which
1779 2038 52 23 both
1854 2040 45 23 Mr.

1319 2064 48 26 P.itt
1379 2064 45 23 and
1437 2065 46 24 Mr.
1497 2066 51 23 Fox
1566 2067 87 30 gloried
1668 2069 24 22 in
1711 2069 69 32 being
1796 2071 106 31 ignorant

1319 2098 35 28 of,-
1361 2097 44 23 and
1423 2098 30 31 by
1466 2098 38 24 the
1516 2099 71 24 whole
1607 2108 78 17 course
1697 2103 25 22 of
1731 2103 59 24 their
1802 2104 100 30 political

1318 2131 123 28 existence,
1450 2132 54 23 both
1512 2133 23 22 in
1546 2133 36 23 the
1589 2141 158 23 management
1756 2136 26 23 of
1787 2137 114 31 thepublic

1316 2163 77 23 (affairs
1403 2172 24 16 as
1436 2165 50 23 well
1498 2173 25 15 as
1540 2166 58 23 their
1610 2174 48 16 own
1671 2169 86 29 private
1769 2177 63 22 ones,
1845 2171 56 31 fully

1316 2192 85 43 jproved
1423 2197 38 24 the
1485 2199 62 22 truth
1569 2200 26 23 of
1615 2200 59 24 their
1694 2203 119 24 assertion.
1858 2205 43 23 We

1318 2230 115 30 observed,
1446 2231 67 23 while
1533 2233 111 31 referring
1663 2238 23 19 to
1698 2243 41 16 our
1758 2236 54 24 then
1828 2238 73 24 infant

1317 2268 56 19 state
1375 2277 31 4 —
1406 2277 2 5 >
1486 2276 2 9 i

1319 2300 3 27 i
1450 2314 33 15 we
1494 2306 108 24 conclude
1612 2307 43 24 this
1665 2308 86 25 branch
1760 2310 26 24 of
1794 2318 41 16 our
1845 2312 54 24 sub-

1313 2335 54 39 ject,
1379 2339 19 23 it
1410 2346 51 23 may
1480 2345 40 17 not
1535 2340 29 23 be
1582 2341 68 23 amiss
1672 2346 22 19 to
1716 2343 101 30 obeerve,
1842 2345 59 24 what

1316 2376 37 26 apt
1363 2372 89 23 mimics
1464 2372 29 23 all
1506 2372 38 24 old
1555 2373 94 24 Mother
1662 2374 124 33 Country's
1798 2378 101 24 children

1316 2412 36 16 are
1365 2405 22 23 in
1400 2406 114 30 imitating
1525 2406 31 23 all
1567 2406 41 24 her
1619 2407 76 30 faults,
1707 2417 25 15 as
1744 2410 51 23 well
1814 2419 24 15 as
1859 2411 40 24 her

1314 2438 59 30 good
1397 2438 104 32 qualities
1511 2448 6 20 ;
1544 2440 43 23 and
1611 2440 49 24 that
1683 2450 33 15 we
1738 2443 67 23 think
1819 2452 41 16 c^n
1871 2445 28 23 be

1314 2471 84 29 shewn,
1412 2472 29 31 by
1450 2480 14 14 a
1476 2480 92 23 cursory
1580 2474 82 23 review
1675 2476 25 22 of
1714 2484 40 15 our
1766 2485 49 15 own
1827 2479 71 22 situa-

1315 2505 54 23 tion.
1422 2506 66 28 Now,
1498 2513 32 16 we
1545 2506 56 24 have
1613 2515 30 15 no
1654 2507 77 30 doubt,
1743 2518 46 22 you
1800 2510 57 24 have
1868 2512 30 23 all

1314 2546 53 15 seen
1390 2539 38 23 the
1452 2539 102 23 estimate
1575 2540 26 23 of
1627 2540 38 24 the
1687 2550 111 23 expenses
1821 2545 26 22 of
1861 2545 37 24 the

1314 2571 157 24 Government
1489 2572 25 23 of
1528 2572 59 24 New
1605 2573 101 25 Zealand
1718 2576 35 23 for
1773 2577 46 23 this
1836 2586 61 23 year,

1314 2604 70 24 which
1394 2605 13 23 I
1419 2605 59 23 need
1485 2609 38 19 not
1533 2605 39 24 tell
1579 2614 45 23 you
1631 2614 104 18 amounts
1745 2614 22 18 to
1775 2611 121 29 £50,000,

1313 2638 41 23 and
1368 2646 43 22 you
1424 2638 30 23 all
1466 2638 67 24 know
1546 2639 48 24 that
1606 2648 82 23 money
1698 2642 21 23 is
1727 2647 40 19 not
1780 2648 21 18 to
1814 2645 27 23 be
1853 2645 44 23 had

1312 2671 34 23 for
1358 2672 95 31 nothing
1464 2680 7 21 ;
1488 2672 21 23 if
1525 2673 17 23 it
1553 2680 54 22 was,
1620 2682 32 16 we
1665 2675 28 23 do
1705 2680 39 19 not
1761 2676 69 24 know
1848 2678 49 24 who

1313 2705 72 23 would
1396 2705 28 24 be
1436 2705 101 24 without.

1346 2744 64 28 Now,
1424 2744 20 23 if
1458 2751 32 16 we
1503 2745 53 23 take
1568 2745 39 24 the
1625 2751 93 26 present
1738 2748 67 24 white
1823 2758 73 23 popu-

1311 2777 69 23 lation
1393 2778 24 22 of
1432 2777 39 23 the
1488 2777 85 30 Island,
1594 2783 24 19 at
1635 2781 90 28 10,000
1745 2783 70 28 souls,
1836 2791 59 22 men,

1313 2818 92 21 women,
1419 2811 45 23 and
1476 2811 108 29 children,
1597 2813 19 22 it
1631 2813 21 22 is
1671 2814 38 23 the
1727 2815 88 24 outside
1824 2825 6 20 ;
1853 2818 44 24 and

1313 2844 79 31 taking
1415 2844 38 23 the
1476 2845 132 30 population
1629 2854 24 15 as
1677 2854 33 17 we
1732 2847 57 25 have
1818 2850 78 25 befote

1313 2877 109 28 assumed,
1436 2877 97 31 namely,
1535 2891 33 3 —
1570 2878 62 24 That
1647 2880 37 23 the
1696 2881 71 24 whole
1779 2883 20 22 is
1812 2883 83 31 depen-

1313 2910 52 24 dant
1376 2918 60 24 upon
1448 2911 40 23 the
1506 2911 80 24 labour
1605 2913 25 23 of
1645 2915 75 26 2,500
1740 2915 51 24 able
1814 2916 81 25 bodied

1313 2952 50 15 men
1372 2953 5 19 ;
1392 2944 45 23 and
1447 2945 121 31 admitting
1580 2945 50 24 that
1641 2947 113 29 £20,000
1767 2953 40 19 out
1815 2950 33 22 •of
1858 2951 37 23 the
1907 2937 1 34 !

1311 2978 111 27 £50,000
1436 2978 44 22 will
1492 2978 28 23 be
1532 2978 98 25 realized
1643 2979 30 31 by
1685 2981 37 23 the
1734 2981 47 23 sale
1793 2983 26 22 of
1832 2983 61 29 land,

1312 3019 31 15 we
1365 3011 56 22 have
1439 3011 47 23 still
1508 3019 13 15 a
1544 3012 83 31 capital
1647 3014 26 22 of
1686 3014 114 29 £30,000
1822 3020 23 19 to
1866 3017 28 23 be

1312 3044 107 23 deducted
1441 3044 58 24 from
1523 3044 38 24 the
1583 3046 79 30 profits
1684 3047 25 23 of
1730 3047 38 24 the
1781 3048 80 24 labour
1871 3051 26 22 of

1311 3079 71 27 2,500
1396 3086 50 15 men
1457 3086 6 20 ;
1478 3078 94 31 making
1583 3087 13 15 a
1609 3084 46 24 tax,
1668 3087 41 23 per
1720 3080 66 29 head,
1799 3081 25 24 of
1839 3084 54 22 £12

1309 3119 40 22 per
1359 3119 108 20 annumn,
1469 3124 33 3 —
1504 3119 24 15 or
1549 3119 40 15 one
1605 3113 79 29 pound
1691 3121 43 22 .per
1745 3114 87 30 month,
1834 3128 33 4 —
1868 3125 26 14 or

1304 3144 47 30 Jive
1368 3143 106 31 shillings
1486 3152 13 15 a
1517 3144 71 29 week,
1590 3157 34 4 —
1624 3145 59 23 from
1703 3153 67 25 every
1789 3148 104 33 working

1309 3185 63 16 mans
1381 3185 74 22 wages
1467 3178 23 22 in
1504 3177 38 23 the
1555 3178 95 30 Colony.
1697 3179 63 32 Why
1779 3180 13 24 I
1802 3189 41 25 say
1855 3183 37 23 the

1309 3218 78 23 wages,
1401 3211 19 22 is
1432 3211 103 28 because,
1548 3215 22 18 to
1582 3219 99 23 suppose
1694 3212 48 25 that
1754 3221 45 24 any
1817 3220 35 19 set
1869 3217 26 23 of

1308 3252 58 20 men,
1379 3251 25 15 or
1415 3243 59 31 body
1485 3243 25 23 of
1523 3244 80 31 people
1616 3246 66 23 could
1693 3246 28 24 be
1733 3247 53 25 mad
1802 3250 90 30 enough

1309 3282 23 18 to
1348 3277 29 23 be
1395 3277 112 30 spending
1527 3282 40 19 not
1585 3277 53 32 only
1656 3279 60 24 their
1735 3281 96 31 income,
1851 3283 41 23 but

1307 3312 32 22 25
1351 3318 40 23 per
1403 3314 59 19 cent,
1476 3310 25 23 of
1515 3310 39 24 the
1572 3312 83 30 capital
1674 3312 58 24 from
1751 3314 74 24 which
1843 3316 49 24 that

1307 3345 86 22 income
1402 3344 19 22 is
1433 3347 24 19 to
1469 3343 27 24 be
1507 3343 100 30 derived,
1622 3345 21 23 is
1653 3349 23 19 to
1688 3354 47 24 say,
1749 3347 50 24 that
1810 3350 57 23 such
1879 3359 13 15 a

1307 3377 137 30 community
1466 3382 128 26 represents
1617 3386 15 15 a
1654 3385 66 24 great
1740 3380 101 33 hospital
1869 3384 26 23 of

1307 3410 133 29 incurables,
1453 3418 25 15 or
1489 3411 23 22 in
1524 3411 65 23 other
1601 3412 80 27 words,
1687 3413 54 24 .that
1758 3414 54 32 they
1830 3423 62 17 must

1307 3444 27 23 be
1352 3442 61 25 mad.
1457 3442 55 25 And
1533 3449 38 26 yet
1582 3444 47 23 this
1639 3445 20 23 is
1669 3446 59 24 what
1740 3446 39 24 the
1788 3451 103 28 paternal

1307 3477 90 30 anxiety
1415 3476 26 23 of
1455 3484 40 16 our
1513 3484 79 23 young
1611 3478 88 24 mother
1716 3480 82 25 Queen
1816 3484 74 23 would

1306 3510 59 23 force
1377 3510 40 23 her
1427 3509 76 24 infant
1513 3510 80 30 colony
1605 3511 26 22 of
1640 3511 57 23 New
1709 3513 101 25 Zealand
1818 3520 23 18 to
1854 3517 35 28 do,

1306 3551 26 16 as
1353 3542 40 24 she
1415 3542 41 24 has
1476 3543 88 24 hitheto
1586 3543 59 24 done
1655 3542 3 5 '
1666 3550 24 18 to
1711 3546 30 23 all
1763 3547 42 24 her
1826 3549 64 24 other

1307 3576 101 24 Colonial
1420 3576 164 31 dependencies
1593 3585 5 21 ;
1620 3577 43 23 and
1682 3579 25 23 in
1727 3579 49 24 that
1788 3589 49 24 way
1849 3582 40 24 has

1307 3610 79 24 turned
1404 3609 30 23 all
1453 3609 40 23 her
1513 3609 64 24 other
1597 3610 99 25 colonies
1717 3613 47 24 into
1784 3622 25 15 so
1821 3623 67 24 many

1306 3637 90 30 ch'arnel
1406 3642 91 30 houses,
1511 3642 34 24 for
1557 3642 37 25 the
1603 3645 117 30 reception
1726 3647 26 23 of
1760 3646 39 24 the
1808 3656 80 23 super-

1304 3677 73 23 fluous
1388 3677 102 30 portions
1501 3675 26 24 of
1541 3676 41 24 her
1594 3679 128 31 constantly
1734 3677 155 35 overgrowing

1304 3708 137 33 population,
1455 3708 79 24 reared
1546 3709 70 24 under
1628 3710 38 24 the
1685 3720 61 16 same
1768 3714 57 24 false
1845 3717 43 23 and

1305 3743 126 31 pernicious
1465 3747 84 26 system
1584 3743 26 23 of
1641 3752 156 24 government,
1833 3748 55 25 both

1305 3775 93 31 morally
1415 3775 45 24 and
1483 3775 109 31 physical,
1613 3777 82 30 which,
1707 3787 63 16 more
1791 3788 25 16 or
1833 3781 53 30 less,

1303 3809 109 32 prevades
1424 3808 99 31 through
1535 3808 37 24 the
1584 3809 72 24 whole
1668 3819 69 24 range
1756 3813 26 23 of
1796 3814 61 25 what
1867 3816 20 23 is

1304 3842 69 24 called
1385 3841 39 24 the
1436 3841 104 24 civilized
1560 3842 88 32 portion
1671 3844 25 24 of
1711 3846 38 22 the
1769 3847 68 30 globe
1846 3858 6 19 ;

1303 3874 124 33 aggevated
1448 3875 85 24 tenfold
1551 3875 30 32 by
1597 3876 48 29 the.
1656 3878 67 23 mock
1737 3879 151 35 philanthopy

1304 3908 147 25 diseminated
1462 3908 99 33 through
1569 3909 39 25 the
1616 3918 82 24 organs
1711 3912 25 24 of
1744 3921 42 15 our
1796 3915 91 25 various

1297 3942 113 31 Religious
1422 3947 56 26 sect,
1490 3942 75 26 which
1582 3952 47 21 are,
1649 3945 25 23 in
1693 3953 63 16 some
1774 3947 70 33 shape
1863 3957 24 16 or

720 119 107 30 probable
848 128 106 22 revenue,
974 123 18 22 it
1015 123 82 24 should
1116 132 67 16 more
1201 126 106 32 properly

722 152 58 24 have
790 152 57 24 been
858 154 73 23 called
942 154 139 31 improbable
1093 164 106 18 revenue.

756 191 41 24 He
808 192 53 24 then
873 198 69 19 states
952 203 6 15 :—:
960 207 32 4 —

732 255 5 5 #
748 229 48 22 The
807 234 95 19 customs
911 232 98 23 scarcely
1017 233 62 26 yield
1088 233 37 22 the
1137 238 49 18 cost
1194 236 26 21 of
1227 236 80 22 collec-

723 255 54 26 tion,
790 256 46 22 and
845 257 217 29 mis-appropriation
1078 259 40 22 has
1136 260 117 28 destroyed
1264 263 42 22 -the

722 281 53 23 land
785 283 60 28 fund,
854 291 24 14 so
888 285 49 21 that
944 285 36 21 the
989 292 96 15 revenue
1095 287 59 22 from
1165 288 30 21 all
1211 295 94 21 sources,

723 308 43 22 will
784 309 40 22 fall
842 310 61 22 short
921 312 25 21 of
966 312 147 26 expenditure
1130 317 23 18 to
1170 321 29 14 no
1214 314 45 23 less
1277 323 28 15 an

721 340 92 17 amount
823 336 53 22 than
887 338 95 26 £30,000
991 338 24 21 in
1025 345 14 14 a
1047 338 71 28 single
1128 347 61 20 year.
1219 341 44 23 For
1269 342 37 23 the

720 368 53 19 year
796 363 54 21 1842
874 363 36 23 the
933 365 123 27 deficiency
1080 366 45 21 will
1144 367 109 28 probably
1274 369 30 22 be

720 387 97 28 £40,000
824 397 6 18 ;
845 390 41 27 for,
898 391 64 22 while
978 391 39 22 the
1032 391 57 22 local
1104 398 148 21 government
1266 395 40 22 has

721 414 113 24 increased
851 416 30 22 its
899 417 144 28 expenditure
1061 419 103 26 upwards
1180 420 25 21 of
1215 420 89 28 £6,000,

719 442 98 27 scarcely
826 450 29 14 an
865 450 50 15 acre
925 443 26 22 of
958 444 52 21 land
1022 452 40 14 can
1072 445 27 21 be
1194 446 48 23 The
1253 448 53 22 debt

719 471 22 17 to
751 469 37 20 the
799 472 97 25 treasury
907 471 25 21 of
944 471 55 21 New
1010 471 70 22 South
1097 472 81 27 Wales,
1194 473 34 22 for
1245 476 59 24 1840,

718 493 18 22 is
745 494 99 27 4333,054
853 498 30 20 Is.
900 497 43 26 Id.,
960 504 24 14 so
1000 497 49 21 that
1065 498 24 21 in
1105 498 63 23 three
1184 507 64 19 years
1267 501 37 22 the

718 520 57 22 local
784 526 148 22 government
940 523 44 22 will
994 526 98 24 manage'
1095 528 22 17 to
1126 529 39 22 get
1175 526 37 21 the
1222 527 82 28 fcolony

717 547 48 21 into
775 547 52 22 debt
838 549 102 27 upwards
957 550 25 21 of
996 558 29 14 an
1041 551 118 28 £100,000,
1177 552 44 22 and
1238 561 23 14 as
1275 561 29 15 no

718 573 69 22 check
797 582 59 19 upon
866 575 43 22 this
918 583 149 21 unnecessary
1083 581 163 24 extravagance
1261 587 41 18 can

718 599 26 21 be
753 601 115 27 conveyed
878 605 22 18 to
911 602 37 22 the
959 603 79 26 colony
1052 603 43 23 this
1105 610 91 21 present
1204 613 65 21 .year,
1286 608 18 21 it

718 626 42 22 will
769 627 107 28 probably
890 629 67 21 reach
973 630 111 27 £150,000
1100 631 77 22 before
1196 639 14 14 a
1229 632 72 28 single

717 655 47 24 step
773 660 20 15 is
805 654 64 22 taken
881 658 23 18 to
911 655 80 23 reduce
1001 657 25 21 it.

749 688 38 24 No
806 689 70 24 doubt
892 690 36 24 his
950 691 148 32 Excellency,
1119 693 68 24 while
1208 695 96 31 making

716 721 35 23 his
763 722 124 31 estimates,
902 724 45 23 had
964 725 24 23 in
1006 726 145 24 recollection
1169 732 23 18 at
1203 728 51 23 first
1264 728 38 24 the

715 754 50 23 well
789 755 84 25 known
902 762 83 26 system
1011 758 26 23 of
1054 767 14 15 a
1091 761 86 22 certain
1198 760 59 24 class
1280 762 25 23 of

716 787 115 25 tradsrnen
848 789 49 24 who
915 791 82 31 always
1015 791 43 23 ask
1077 792 114 24 sufficient
1209 794 25 23 in
1250 802 52 17 case

716 820 25 23 of
748 822 65 28 need,
826 827 23 19 to
872 823 62 24 leave
945 832 64 16 room
1018 824 34 24 for
1064 825 137 25 abatement.
1217 837 3 3 •

730 869 3 7 1
749 862 40 23 He
801 867 56 19 next
866 863 107 24 observes
982 873 6 14 :—:
989 877 35 4 —

741 900 48 21 The
799 900 46 21 first
855 901 64 22 effect
933 902 27 21 of
970 902 44 21 this
1030 902 168 28 improvidence
1215 907 44 22 will
1273 908 27 22 be

714 928 22 20 to
756 926 87 30 destroy
862 927 37 22 the
918 933 149 21 government
1085 932 132 26 emigration
1235 933 63 23 fund.

716 953 21 20 It
745 960 75 15 seems
832 957 21 18 to
862 954 57 21 have
930 955 54 22 been
994 954 90 30 intirely
1095 959 134 22 overlooked
1246 961 54 22 both

714 979 29 26 by
754 980 92 27 Captain
858 980 101 28 Hobson,
970 982 45 21 and
1029 983 37 22 the
1077 984 69 27 Right
1156 985 144 25 Honourable

716 1006 36 21 the
763 1007 115 27 Secretary
893 1007 26 22 of
935 1009 60 22 State
1013 1009 35 22 for
1066 1010 38 22 the
1122 1012 110 28 Colonies,
1253 1014 47 22 that

712 1033 131 27 purchasers
853 1034 52 27 only
915 1042 41 15 can
967 1035 28 22 be
1005 1036 97 23 induced
1111 1041 23 18 to
1149 1046 44 20 pay
1208 1047 14 14 a
1239 1041 60 26 price

714 1059 33 21 for
756 1059 53 22 land
818 1060 35 21 for
863 1060 37 22 the
916 1069 92 20 purpose
1024 1063 27 21 of
1062 1064 116 28 obtaining
1192 1073 14 15 a
1221 1068 79 27 supply

714 1086 24 21 of
744 1086 84 22 labour.
858 1087 23 22 It
889 1087 41 23 has
940 1088 80 27 always
1030 1090 57 22 been
1097 1099 38 19 my
1142 1099 49 14 own
1200 1094 98 27 opinion,

713 1113 51 26 and,
777 1113 10 22 I
798 1121 52 19 may
859 1114 51 26 add,
920 1114 48 23 that
978 1117 26 20 of
1015 1124 66 20 many
1092 1118 49 22 who
1157 1118 57 22 have
1232 1121 65 22 made

713 1139 146 23 colonization
872 1141 37 22 the
919 1142 86 26 subject
1015 1144 22 21 of
1050 1144 58 22 their
1120 1146 177 29 investigations,

714 1166 47 21 that
770 1174 55 14 even
838 1167 36 22 the
885 1168 103 27 principle
998 1170 26 21 of
1034 1170 38 22 the
1082 1175 77 18 recent
1168 1172 64 22 Land
1243 1174 50 26 Bill,

712 1193 30 26 by
751 1193 106 28 devoting
867 1195 54 27 only
937 1196 50 25 half
999 1196 42 25 the,
1046 1198 107 26 proceeds
1163 1199 26 21 of
1200 1199 37 22 the
1246 1200 53 23 land

712 1219 56 22 sales
788 1224 22 17 to
825 1221 37 21 the
870 1221 124 26 .formation
1012 1224 26 20 of
1048 1231 28 14 an
1093 1225 130 27 emigration
1234 1226 63 29 fund,

713 1246 72 21 would
795 1247 27 21 be
832 1247 68 28 likely
911 1252 21 18 to
943 1249 114 27 endanger
1066 1250 37 23 the
1112 1252 186 27 productiveness

712 1273 25 21 of
747 1273 56 22 such
812 1274 63 22 sales.
901 1281 3 3 '

745 1308 51 24 The
816 1309 82 25 Editor
909 1311 42 23 has
962 1312 69 23 fallen
1048 1313 49 24 into
1116 1314 40 23 the
1175 1315 122 26 charitable

712 1349 61 16 error
785 1342 26 23 of
818 1344 79 31 giving
909 1344 167 25 Governments
1088 1347 45 23 and
1145 1348 58 24 their
1219 1357 76 24 repre-

711 1376 123 23 sentatives
853 1377 71 24 credit
933 1377 35 24 for
987 1378 86 32 having
1093 1381 152 30 over-looked,
1260 1383 37 24 the

711 1407 61 32 plain
784 1410 97 23 maxims
893 1410 44 23 and
945 1412 123 31 principles
1081 1421 61 23 upon
1154 1414 72 24 which
1239 1416 58 24 their

712 1441 98 24 conduct
834 1443 80 24 should
923 1445 28 23 be
962 1445 77 29 based,
1058 1450 22 19 to
1092 1447 27 22 be
1132 1448 131 30 productive
1274 1450 26 23 of

711 1482 42 23 any
765 1476 59 30 good
842 1481 22 20 to
876 1476 71 24 those'
957 1478 33 23 for
1001 1478 77 24 whose
1095 1480 85 24 benefit
1194 1481 53 31 they
1259 1490 37 16 are

711 1509 112 30 supposed
841 1514 23 19 to
876 1510 28 24 he
922 1511 118 31 employed
1051 1513 44 22 and
1113 1515 118 23 entrusted
1243 1516 52 23 with

711 1541 36 22 the
752 1548 160 25 management
917 1543 25 23 of
947 1544 77 31 public
1032 1545 75 23 affairs
1111 1559 31 4 —
1142 1554 34 16 we
1184 1548 69 31 really
1259 1549 36 24 did

710 1574 50 31 give
772 1574 47 24 him
832 1576 70 24 credit
914 1576 33 24 for
962 1585 13 15 a
984 1586 62 15 more
1058 1579 105 24 intimate
1175 1582 118 30 acquaint-

710 1615 55 15 ance
776 1608 54 23 with
842 1609 37 23 the
890 1609 52 31 only
951 1611 123 31 principles
1086 1612 49 23 and'
1141 1614 76 31 policy
1223 1615 71 24 which

709 1645 89 19 actuate
810 1650 50 15 men
874 1642 63 24 when
957 1650 55 16 once
1024 1644 54 31 they
1088 1650 39 26 get
1144 1646 39 23 the
1199 1648 61 23 reins
1272 1649 26 22 of

710 1673 162 31 Government,
892 1676 45 23 and
954 1676 37 23 the
1010 1678 76 30 public
1105 1687 69 23 purse
1192 1681 25 23 in
1236 1682 59 24 their

709 1706 80 25 hands.

742 1747 39 23 He
794 1749 85 23 notices
888 1758 6 16 :
896 1763 33 4 —

735 1786 22 21 It
762 1786 19 22 is
791 1790 47 19 true
848 1788 38 22 the
894 1789 147 23 colonization
1050 1792 178 23 commissioners
1238 1793 55 23 have

709 1814 65 21 taken
787 1821 28 21 up
825 1822 14 14 a
848 1815 55 27 ship,
921 1816 44 22 and
983 1825 37 14 are
1036 1818 67 22 about
1119 1824 23 16 to
1158 1820 53 21 send
1227 1821 67 22 about

705 1840 42 21 200
756 1841 121 27 emigrants
886 1845 23 19 to
918 1843 126 29 Auckland,
1056 1845 39 21 but
1101 1845 45 22 will
1157 1846 60 22 Lord
1227 1848 65 21 Stan-

707 1866 35 27 ley
750 1868 82 25 permit
841 1876 13 14 a
864 1869 80 22 second
959 1870 49 26 ship
1018 1875 22 17 to
1054 1871 28 22 be
1098 1872 67 22 taken
1177 1880 35 20 up,
1230 1875 63 21 when

706 1894 34 20 his
749 1894 156 28 Excellency's
912 1896 67 22 drafts
986 1897 34 21 for
1030 1898 36 21 the
1074 1898 141 24 deficiencies
1224 1901 25 21 of
1256 1901 37 22 the

707 1923 47 23 past
764 1921 44 21 and
818 1927 86 21 present
914 1930 53 19 year
975 1931 38 15 are
1019 1926 118 25 presented
1147 1929 23 18 at
1177 1926 36 22 the
1224 1928 68 21 Trea-

705 1947 65 27 sury?
800 1948 21 22 It
840 1956 70 15 seems
925 1953 22 17 to
965 1958 36 14 me
1019 1951 100 23 doubtful
1140 1953 100 23 whether
1259 1955 34 22 his

707 1974 108 26 Lordship
835 1976 44 21 will
897 1981 92 18 venture
1010 1981 22 18 to
1050 1979 40 21 ask
1107 1979 136 23 Parliament
1257 1981 36 22 for

705 2000 110 26 £100,000
834 2005 21 18 to
876 2003 104 22 maintain
997 2012 13 13 a
1027 2005 58 21 scale
1103 2006 25 21 of
1145 2007 145 26 expenditure

705 2026 70 21 which
787 2035 41 14 can
843 2028 28 21 be
881 2029 75 21 shown
971 2033 23 18 to
1010 2031 28 20 be
1052 2031 24 21 in
1092 2038 13 14 a
1114 2035 65 23 great
1192 2037 109 19 measure'

705 2058 148 24 unnecessary
860 2063 5 18 ;
882 2055 44 22 and
937 2063 53 15 even
1001 2056 80 23 should
1095 2057 28 23 he
1135 2059 123 23 determine
1269 2064 21 18 to

704 2080 78 26 appeal
798 2084 21 17 to
838 2081 36 22 the
890 2082 76 27 house,
982 2083 12 21 I
1006 2090 40 15 can
1062 2085 99 28 scarcely
1177 2086 83 22 believe
1278 2096 13 14 a

704 2110 49 18 vote
769 2107 66 22 could
851 2109 68 28 easily
932 2110 27 20 be
971 2110 104 22 obtained
1089 2111 35 21 for
1133 2119 14 14 a
1161 2112 127 29 deficiency,
1298 2129 2 5 .

704 2136 48 23 part
762 2134 25 21 of
801 2134 70 22 which
881 2135 18 21 is
914 2136 64 22 made
989 2144 30 19 up
1030 2137 27 21 of
1069 2145 30 14 an
1109 2139 149 26 expenditure
1269 2142 24 20 of

703 2160 61 23 £520
773 2160 35 22 for
821 2161 35 22 his
867 2162 153 28 Excellency's
1034 2163 101 27 kitchen,
1152 2165 46 23 and
1207 2167 83 25 £1,535

702 2186 33 21 for
744 2186 38 22 the
788 2188 95 22 colonial
889 2189 48 27 brig
947 2191 101 26 Victoria,
1059 2191 37 21 the
1104 2192 75 27 utility
1187 2193 25 21 of
1220 2193 69 23 which

702 2212 52 22 does
768 2217 40 18 not
824 2215 81 24 clearly
921 2224 85 20 appear,
1025 2217 52 22 with
1095 2225 13 15 a
1124 2218 53 22 host
1190 2219 25 21 of
1227 2220 63 23 other

703 2247 58 14 mere
767 2242 107 22 senseless
885 2243 73 27 pieces
965 2244 25 21 of
997 2247 169 26 extravagenee,
1172 2246 34 22 for
1215 2247 71 23 which

702 2266 60 23 there
772 2267 19 22 is
802 2269 86 21 neither
897 2271 109 28 necessity
1017 2278 41 14 nor

735 2307 35 23 To
782 2316 26 15 us
825 2309 18 23 it
855 2310 45 23 will
918 2310 27 24 be
962 2320 13 15 a
992 2312 70 24 much
1080 2320 62 16 more
1163 2318 82 20 matter
1262 2317 26 22 of

701 2340 70 24 doubt
780 2341 19 23 if
806 2341 35 24 his
853 2343 115 33 Lordship
979 2345 83 24 should
1071 2346 73 24 either
1153 2347 96 25 hesitate
1262 2353 21 19 to

701 2374 55 23 send
769 2374 35 23 his
824 2377 125 30 emigrants
961 2386 24 15 or
1005 2379 125 23 dishonour
1143 2380 36 24 his
1199 2381 86 24 Excel-

699 2407 86 31 lency's
796 2408 70 24 drafts
878 2419 5 18 ;
894 2411 2 5 '
904 2418 24 15 or
940 2410 49 24 that
1000 2412 29 23 he
1046 2412 47 23 will
1109 2418 40 18 not
1156 2414 33 23 .be
1200 2414 51 24 able
1263 2419 23 19 to

700 2441 107 23 convince
820 2442 37 23 the
868 2442 123 25 honorable
1001 2445 80 23 House
1090 2446 25 23 of
1125 2447 39 23 the
1174 2448 112 31 necessity

699 2473 26 23 of
740 2475 150 31 maintaining
909 2477 38 22 the
967 2477 104 25 Colonial
1092 2480 193 31 establishments,

698 2508 147 31 particularly
865 2509 38 23 the
923 2518 50 22 one,
995 2511 100 24 wherein
1114 2512 33 24 ,he
1168 2513 41 24 has
1230 2514 56 25 been

698 2540 92 31 pleased
800 2546 22 18 to
833 2550 92 23 express
933 2543 35 23 his
975 2543 72 24 entire
1059 2546 148 30 approbation
1216 2548 27 23 of
1250 2548 35 24 his

699 2573 160 32 Excellency's
872 2576 96 24 conduct
985 2578 25 22 in
1029 2578 38 23 the
1086 2585 160 25 management
1264 2583 24 22 of

698 2606 46 24 this
758 2607 97 32 Colony.

730 2651 85 31 Again,
825 2653 29 23 he
862 2654 111 30 remarks,
1012 2656 13 23 I
1033 2664 43 16 can
1086 2658 102 31 scarcely
1199 2659 86 25 believe

697 2684 37 24 the
746 2685 117 25 collective
875 2687 92 24 wisdom
979 2689 46 23 will
1042 2692 103 22 sanction
1159 2692 37 23 the
1207 2693 80 31 outlay,

697 2718 24 23 of
730 2718 72 24 £520
822 2720 35 23 for
876 2720 36 24 his
933 2721 161 33 Excellency's
1116 2724 102 30 kitchen,
1236 2727 48 23 still

696 2751 45 23 less
759 2752 88 24 £1500
867 2753 36 24 for
921 2755 38 23 the
979 2756 106 24 Colonial
1094 2757 53 31 brig
1172 2757 110 32 Victoria,

696 2784 53 23 with
762 2793 13 14 a
785 2785 54 24 host
850 2786 26 23 of
885 2788 64 23 other
964 2796 63 16 more
1039 2790 115 24 senseless
1173 2792 75 30 pieces
1260 2795 25 22 of

696 2821 215 28 extravagance.-for
918 2821 73 24 which
1001 2822 63 24 there
1071 2824 21 22 is
1100 2832 28 15 no
1139 2827 113 30 necessity
1259 2835 25 15 or

839 2853 87 24 Should
938 2863 40 15 our
989 2856 75 23 friend
1076 2865 45 20 see,
1135 2865 26 15 as
1173 2866 32 16 we
1222 2859 57 25 have

696 2892 28 15 no
736 2884 71 24 doubt
824 2885 28 24 he
865 2887 46 23 will
928 2888 36 29 do,
976 2888 46 24 this
1034 2898 42 15 our
1086 2891 105 29 number,
1203 2900 33 15 we
1246 2901 37 16 re-

695 2918 118 23 commend
836 2919 47 24 him
906 2925 22 19 to
958 2922 68 31 study
1048 2931 30 15 an
1105 2929 91 19 extract
1222 2926 61 24 from

694 2950 152 33 Washington
859 2953 77 25 Irvine
946 2955 24 23 in
982 2956 95 23 another
1095 2958 91 29 portion
1200 2960 26 21 of
1241 2967 41 16 our

694 2984 110 29 columns,
815 2986 43 23 and
868 2986 57 25 after
932 2988 102 31 reading,
1044 2990 115 31 marking,
1171 2992 110 32 learning,

693 3018 44 22 and
756 3019 109 31 inwardly
886 3020 114 32 digesting
1019 3023 38 23 the
1076 3027 50 20 true
1144 3024 137 33 philosophy

693 3051 88 24 therein
793 3054 126 28 contained,
930 3055 53 28 will,
995 3063 33 16 we
1041 3056 75 30 think,
1126 3065 68 22 agree
1206 3064 23 18 to
1238 3067 44 24 any

694 3089 49 18 vote
756 3089 23 19 to
789 3086 108 24 maintain
906 3087 38 24 the
954 3088 143 32 philosophic
1109 3093 172 31 gastronominy

693 3117 25 23 of
726 3117 30 24 all
768 3126 122 22 governors
902 3120 45 24 and
958 3122 77 31 public
1045 3124 172 24 functionaries.

725 3158 86 32 Again,
823 3160 39 23 the
874 3160 83 25 Editor
966 3163 65 30 gives
1043 3171 14 15 a
1076 3164 101 31 striking
1194 3166 86 31 picture

692 3191 25 23 of
736 3192 50 23 how
805 3200 52 16 men
880 3194 71 24 suffer
973 3195 60 24 their
1053 3196 136 32 judgments
1210 3204 22 18 to
1252 3200 27 24 be

693 3225 88 31 warped
793 3225 36 31 .by
846 3231 63 26 petty
926 3228 89 30 private
1034 3229 105 32 feelings,
1151 3232 127 30 regardless

691 3258 26 22 of
726 3258 37 23 the
776 3258 137 25 destructive
925 3261 113 23 influence
1056 3263 25 23 of
1099 3263 57 24 such
1176 3265 102 31 conduct,

690 3295 40 19 not
742 3291 54 31 only
807 3299 30 16 on
848 3293 143 30 themselves,
1000 3294 42 24 but
1054 3300 23 19 to
1085 3296 31 23 all
1126 3296 66 24 those
1204 3299 75 25 whose

691 3331 105 17 common
814 3326 95 24 interest
925 3335 38 16 are
981 3327 78 25 bound
1075 3337 31 23 up
1129 3331 25 22 in
1172 3331 39 24 the
1234 3333 42 24 due

691 3359 152 29 preservation
866 3359 25 23 of
912 3360 72 24 sound
994 3362 125 31 principles
1130 3372 6 20 ;
1163 3364 43 24 and
1224 3374 54 24 very

688 3390 73 31 justly
775 3392 104 24 remarks
881 3405 33 4 —

718 3428 71 23 There
800 3437 41 14 can
850 3430 28 22 be
888 3438 28 15 no
927 3432 69 22 doubt
1006 3432 49 22 that
1064 3433 38 22 the
1112 3435 80 28 people
1202 3437 27 22 of
1239 3438 38 22 the

690 3455 106 22 northern
809 3457 119 23 Peninsula
943 3457 56 24 have
1007 3460 121 22 somewhat
1139 3465 139 26 encouraged

691 3482 33 21 his
734 3482 157 30 Excellency's
902 3489 170 24 extravagance.
1102 3488 104 29 Censure,
1220 3498 56 16 even

691 3510 26 20 of
730 3510 38 21 the
787 3515 57 17 most
862 3512 127 22 reasonable
1008 3513 121 28 character,
1151 3519 127 26 emanating

691 3536 55 21 from
754 3536 38 23 the
803 3538 77 27 people
887 3538 25 22 of
920 3539 136 28 Wellington
1064 3540 40 22 has
1109 3541 57 23 been
1175 3548 33 17 set
1215 3545 63 23 down

691 3565 23 19 to
730 3562 36 23 the
783 3568 95 18 account
893 3565 25 22 of
1069 3567 26 22 of

691 3589 112 22 whatever
818 3590 37 23 the
869 3592 66 21 south
945 3594 139 27 deprecated,
1102 3595 37 21 the
1156 3597 86 23 settlers
1255 3600 25 21 of

691 3616 37 21 the
737 3616 66 22 north
813 3617 94 27 thought
914 3619 18 21 it
941 3619 131 23 incumbent
1083 3629 28 14 on
1123 3622 62 23 them
1196 3628 21 18 to
1227 3633 50 20 sup-

690 3646 60 23 port;
761 3643 41 22 but
808 3643 52 28 they
868 3645 57 22 have
930 3647 99 27 recently
1035 3647 122 24 awakened
1168 3653 22 19 to
1194 3658 14 14 a
1215 3660 61 15 sense

691 3669 25 21 of
723 3669 57 22 their
789 3677 49 15 own
845 3671 90 27 danger,
933 3679 3 7 1
946 3672 43 22 and
1001 3674 52 27 they
1060 3681 40 17 are.
1109 3682 50 15 now
1166 3680 111 25 unsaying

691 3697 28 20 all
735 3697 49 20 that
798 3697 53 27 they
865 3697 44 23 had
925 3699 123 28 previously
1064 3701 47 21 said
1126 3702 25 22 in
1161 3703 80 24 favour
1255 3708 25 20 of

691 3722 36 22 the
737 3729 113 16 measures
856 3724 25 21 of
889 3724 36 22 the
935 3725 55 22 local
1000 3733 156 20 government.
1187 3731 39 23 We
1232 3733 44 22 sin-

689 3749 72 27 cerely
771 3749 57 27 hope
844 3750 18 21 it
872 3757 51 21 may
933 3757 40 16 not
986 3752 29 22 be
1027 3757 35 17 too
1076 3754 58 27 late;
1152 3756 41 23 but
1208 3759 68 23 what-

690 3783 51 14 ever
749 3776 86 27 maybe
843 3776 36 22 the
887 3785 163 21 consequences
1059 3781 26 21 of
1092 3788 27 15 an
1126 3783 150 27 improvident

688 3806 82 21 system
782 3807 23 16 to
815 3802 140 30 themselves,
966 3805 53 28 they
1029 3806 57 22 have
1093 3807 80 27 placed
1183 3811 16 21 it
1208 3811 23 23 in
1241 3813 34 23 his

689 3828 154 29 Excellency's
857 3837 73 21 power
940 3836 22 18 to
978 3832 60 22 refer
1050 3837 24 18 to
1090 3834 58 23 their
1163 3837 112 26 addresses

688 3855 34 22 for
730 3863 28 14 an
768 3856 105 28 approval
883 3860 26 20 of
916 3858 35 23 his
958 3860 92 26 general
1060 3861 83 29 policy.

721 3895 56 26 And
792 3903 56 26 very
859 3897 67 32 fairly
945 3907 110 24 proposes
1074 3901 49 25 that
1142 3896 134 35 we.sHouid

688 3929 101 25 consider,
803 3931 55 23 such
868 3932 97 24 conduct
975 3941 26 16 as
1012 3942 29 16 an
1053 3942 63 18 error
1123 3936 28 25 Of
1154 3936 122 34 judgment

617 29 99 47 Ctl*
738 31 51 48 y
791 32 66 40 m
883 33 211 46 Ztalmti
1118 37 191 50 ®ra?&t«
1335 42 92 37 anfc
1450 42 303 47 ©EUUtngton
1777 41 254 49 &#utatov.

1945 136 71 27 other,
2025 137 105 23 attached
2139 142 22 20 to
2169 139 29 23 all
2206 139 173 33 (governments,
2390 151 25 15 as
2425 148 49 27 part
2481 146 47 23 and

1945 169 75 30 parcel
2032 169 25 22 of
2073 169 37 24 the
2130 170 154 27 Government
2300 174 78 30 itself;
2398 176 131 27 the-effects-

1946 201 25 23 of
1985 200 73 24 which
2070 210 33 15 we
2115 203 58 25 shall
2183 207 89 29 explain
2284 216 61 15 more
2352 212 24 20 at
2382 209 71 31 large,
2461 211 67 24 when,

1947 241 31 15 we
1990 242 63 15 come
2064 239 24 19 to
2097 239 58 20 treat
2171 239 25 22 of
2210 239 38 24 the
2267 242 104 29 question
2391 242 24 24 of
2430 245 95 30 popula-

1947 266 45 23 tion
2004 267 44 23 and
2060 268 146 26 subsistance.

1979 306 132 31 Supposing
2123 309 43 23 this
2178 312 101 24 estimate
2291 314 26 23 of
2324 322 112 23 expences
2443 317 83 25 should

1945 344 39 18 not
1996 339 27 23 be
2035 345 47 18 met
2092 341 31 30 by
2134 342 37 23 the
2181 345 129 24 realization
2319 347 24 23 of
2352 348 39 23 the
2398 355 92 19 amount
2502 352 29 22 of

1945 376 65 19 taxes
2018 373 45 24 and
2076 374 37 23 the
2123 375 47 23 sale
2181 377 24 22 of
2211 377 89 25 land—
2301 379 60 24 How
2373 382 21 21 is
2412 382 39 23 th.j
2467 379 59 28 defic-

1945 405 77 30 iency
2035 410 22 18 to
2070 406 28 24 be
2109 407 64 24 made
2184 417 29 23 up
2222 410 10 24 ?
2278 412 46 23 For
2343 413 112 25 whatever
2471 424 55 23 may

1944 438 28 23 bs
1983 438 58 23 done
2052 438 36 24 for
2099 440 39 23 the
2147 449 54 22 year
2213 445 71 28 184?,
2297 445 38 24 the
2342 446 65 25 debts
2417 449 24 22 in
2451 450 75 30 1842,

1944 478 25 16 as
1981 471 49 23 well
2043 480 25 15 as
2081 472 64 24 those
2157 475 24 22 of
2197 477 70 29 1841,
2281 484 60 18 must
2351 480 28 23 be
2397 485 47 19 met
2461 490 66 16 som*

1943 504 58 23 how.
2037 504 69 32 Why,
2119 506 54 24 here
2183 516 24 15 as
2218 513 24 19 at
2250 510 71 30 home,
2335 512 36 23 his
2382 513 142 33 Excellency

1944 537 38 23 the
2003 537 127 31 Governor,
2149 539 28 32 by
2196 542 42 23 and
2258 543 55 24 with
2331 544 37 24 the
2389 546 78 25 advice
2479 550 45 22 and

1943 575 93 18 consent
2048 571 27 23 of
2089 571 35 24 his
2137 577 71 27 trusty
2219 576 45 22 and
2274 577 52 23 well
2337 577 95 26 beloved
2444 581 79 24 Coun-

1943 603 82 29 cillors,
2038 609 62 18 must
2109 605 61 24 issue
2187 607 34 23 his
2237 608 87 30 forced
2342 618 73 24 paper
2436 621 77 24 money
2514 633 9 11 t

1942 636 31 30 by
1984 637 90 30 issuing
2093 637 113 33 Treasury
2228 649 24 15 or
2277 642 155 27 Government
2454 633 69 38 Bills'

1942 669 93 31 bearing
2046 678 14 15 a
2070 672 84 22 certain
2165 678 45 18 rate
2222 674 26 22 of
2262 675 94 24 interest
2364 686 6 20 ;
2384 679 44 23 and
2444 680 80 31 giving

1942 703 97 30 security
2051 703 35 24 for
2099 704 61 24 them
2171 713 58 24 upon
2239 707 38 24 the
2296 712 63 20 taxes
2378 711 26 23 of
2419 712 37 24 the
2476 713 46 24 Co-

1942 735 52 30 lony
2006 744 24 14 or
2043 736 30 31 by
2083 737 90 32 forcing
2183 747 13 15 a
2206 739 46 24 sale
2265 741 25 23 of
2304 747 69 18 waste
2384 743 74 32 lauds,
2478 748 44 23 and

1942 768 92 32 thereby
2046 771 94 31 turning
2151 771 36 24 the
2199 773 82 31 capital
2292 774 26 23 of
2326 775 37 24 the
2377 777 87 33 Colony
2472 780 49 24 into

1942 802 150 24 mischievous
2104 804 105 24 channels
2218 814 7 16 ;
2243 807 52 30 and,
2308 808 13 23 I
2333 809 57 24 have
2401 818 30 17 no
2443 812 76 30 doubt,

1942 841 31 16 we
1985 835 58 23 shall
2054 837 53 22 read
2119 838 26 22 of
2160 838 36 23 the
2214 839 137 33 flourishing
2369 850 107 19 accounts
2498 847 25 23 of

1942 866 56 24 New
2009 868 56 24 New
2077 870 106 30 Zealand,
2196 880 23 15 as
2230 873 125 31 instanced,
2368 877 24 22 in
2410 877 41 24 her
2463 879 56 23 hav-

1940 900 40 31 ing
1990 902 23 22 in
2023 902 39 22 the
2074 904 83 23 second
2168 913 51 22 year
2234 906 25 23 of
2267 907 99 31 infancy,
2383 911 138 25 established

1940 941 13 14 a
1961 933 103 24 natimal
2074 936 50 22 debt
2145 937 24 23 of
2182 938 40 23 her
2241 947 49 15 own
2298 949 6 19 ;
2324 941 51 29 and,
2396 943 48 24 that
2463 945 57 24 New

1940 965 99 25 Zealand
2051 969 65 22 stock
2129 969 64 24 bears
2211 979 14 15 a
2238 972 56 31 high
2311 975 111 29 premium
2439 977 25 23 in
2482 978 39 24 the

1940 998 99 32 English
2057 1001 99 24 market.
2197 1003 47 24 But
2262 1013 97 24 suppose
2372 1007 37 25 the
2422 1017 97 18 revenue

1940 1036 21 18 to
1975 1032 81 24 realize
2069 1034 52 31 only
2133 1035 49 24 half
2189 1037 36 23 the
2234 1039 118 24 estimated
2364 1047 101 25 amount,
2474 1052 45 23 -say

1938 1065 113 29 £25,000
2061 1075 6 15 :
2085 1066 53 30 this,
2150 1073 23 19 at
2187 1072 28 21 10
2227 1079 40 22 per
2279 1077 68 24 cent.,
2363 1074 44 24 will
2426 1084 44 21 pay
2482 1078 38 23 the

1939 1098 93 24 interest
2044 1099 26 23 of
2085 1101 127 28 £250,000
2221 1112 6 20 ;
2243 1112 24 15 so
2281 1105 54 29 that,
2347 1106 54 25 here
2413 1109 20 23 is
2452 1118 66 15 secu-

1938 1131 43 30 rity
1994 1132 35 23 for
2037 1132 45 24 five
2093 1141 66 23 years
2170 1137 146 30 expenditure
2327 1141 108 30 provided
2446 1143 35 22 for
2495 1148 24 19 at

1938 1171 54 17 once
2002 1174 6 19 ;
2026 1165 41 24 but
2079 1166 61 30 then,
2153 1169 37 23 the
2202 1171 81 30 capital
2303 1172 25 23 of
2344 1172 37 25 the
2401 1174 54 25 debt
2472 1177 47 23 will

1938 1199 84 22 remain
2041 1207 14 14 a
2073 1200 84 24 burden
2177 1211 57 22 upon
2253 1204 38 24 the
2310 1206 103 31 industry
2434 1209 26 23 of
2480 1210 39 23 the

1969 1289 44 24 We
2024 1292 88 23 noticed
2126 1293 37 23 the
2174 1294 114 32 following
2298 1299 127 32 paragraph
2437 1301 23 23 in
2479 1303 39 24 the

1937 1323 101 23 columns
2051 1324 26 23 of
2091 1333 41 15 our
2145 1332 169 28 contemporary
2324 1331 26 22 of
2364 1334 119 33 yesterday

1963 1359 41 22 We
2014 1364 74 22 regret
2097 1365 22 17 to
2135 1362 53 23 hear
2204 1364 47 21 that
2266 1367 198 29 notwithstanding
2479 1373 37 22 the

1936 1389 74 18 recent
2018 1388 99 21 removal
2127 1389 25 21 of
2164 1397 13 14 a
2186 1392 92 21 number
2288 1393 25 21 of
2319 1395 115 23 convicted
2444 1399 71 22 felons

1936 1419 21 14 in
1969 1415 36 19 the
2016 1415 154 22 Government
2182 1416 48 28 brig
2249 1419 100 26 Victoria,
2361 1421 48 23 that
2424 1425 92 23 another

1934 1439 95 27 robbery
2038 1448 45 14 was
2095 1443 125 23 committed
2236 1453 28 14 on
2280 1447 99 28 Monday
2394 1450 63 27 night
2465 1452 49 25 last,

1935 1468 23 18 at
1968 1466 37 21 the
2015 1470 69 19 stores
2095 1470 22 19 of
2131 1470 43 21 Mr.
2189 1470 122 30 Phaiazyn,
2323 1475 43 21 and
2384 1476 48 23 that
2445 1479 69 25 goods

1936 1495 42 18 and
1989 1500 81 20 money
2086 1498 22 19 to
2126 1496 36 21 the
2176 1498 62 22 value
2254 1501 27 20 of
2293 1501 47 22 £ZQ
2354 1509 24 15 or
2394 1503 48 23 £40
2458 1513 57 15 were

1935 1519 71 22 stolen
2016 1520 128 25 therefrom.
2174 1524 37 22 We
2229 1527 73 21 would
2311 1531 144 23 recommend
2464 1540 50 16 par-

1935 1548 41 19 ties
1987 1553 88 21 owning
2084 1552 68 19 stores
2168 1555 21 17 to
2204 1551 55 23 have
2270 1561 14 14 a
2292 1562 78 21 person
2382 1560 22 18 to
2414 1558 60 25 sleep
2484 1567 28 14 an

1935 1573 37 20 the
1982 1579 111 21 premises.
2123 1576 46 23 The
2178 1578 83 23 thieves
2272 1581 92 23 effected
2373 1590 28 14 an
2410 1589 104 20 entrance

1935 1599 95 28 through
2040 1600 38 23 Ihe
2088 1602 72 23 toi-toi
2168 1606 52 21 roof.

1967 1634 26 23 If
2013 1643 42 15 our
2074 1642 169 29 contemporary
2262 1641 45 24 had
2324 1644 72 24 added
2419 1654 13 15 a
2454 1647 60 25 little

1934 1667 134 26 wholesome
2081 1672 130 30 castigation
2230 1682 62 23 upon
2311 1677 127 25 tradesmen
2450 1680 62 24 leav-

1933 1701 40 30 ing
1990 1707 39 18 not
2048 1703 53 31 only
2122 1705 112 24 hundreds
2255 1708 26 23 of
2295 1710 89 30 pounds
2401 1714 71 23 worth
2491 1716 26 23 of

1932 1740 114 26 property,
2056 1736 41 24 but
2115 1738 24 22 in
2152 1738 42 23 this
2211 1740 103 25 instance
2332 1751 90 25 money,
2434 1747 24 22 in
2470 1755 41 16 un-

1933 1766 114 25 inhabited
2057 1769 89 30 houses,
2157 1771 27 24 he
2196 1773 71 24 would
2281 1774 54 25 have
2345 1778 98 32 perhaps
2455 1780 58 24 done

1933 1807 61 16 some
2006 1802 66 30 good.
2109 1804 43 23 We
2166 1813 53 15 were
2232 1809 94 30 stopped
2338 1810 29 31 by
2374 1811 38 24 the
2424 1814 88 30 gentle-

1933 1841 59 21 man,
2013 1835 50 23 who
2083 1837 20 22 is
2122 1837 38 23 the
2179 1839 93 25 sufferer
2290 1842 24 23 in
2331 1843 46 24 this
2396 1853 59 22 case,
2468 1847 44 24 and

1932 1866 68 24 heard
2012 1868 58 24 from
2082 1869 48 24 him
2142 1879 12 14 a
2166 1872 82 24 lecture
2265 1882 61 23 upon
2339 1877 36 23 the
2389 1878 123 33 insecurity

1933 1900 24 22 of
1972 1907 113 26 property,
2098 1904 45 23 and
2162 1912 134 25 consequent
2316 1909 156 34 insufficiency
2488 1915 28 23 of

1932 1933 37 22 the
1980 1941 7 23 ]
1998 1934 55 24 olice
2064 1936 69 25 force.
2158 1938 41 24 We
2210 1940 73 23 would
2292 1941 42 25 ask
2347 1943 59 25 what
2418 1952 93 18 amount

1932 1966 25 23 of
1971 1968 71 29 police
2053 1969 61 24 force
2127 1972 71 23 would
2209 1973 28 22 be
2257 1974 113 25 sufficient
2390 1982 21 19 to
2424 1984 87 25 protect

1931 1999 30 22 all
1973 2000 37 23 the
2021 2007 107 25 property
2143 2004 24 22 in
2187 2005 43 22 this
2244 2006 115 31 Borough,
2372 2011 21 19 if
2408 2012 38 20 the
2456 2020 53 21 pro-

1931 2037 94 24 prietors
2037 2033 98 31 thought
2154 2035 25 24 fit
2196 2041 21 19 to
2238 2046 29 21 go
2281 2042 21 19 to
2319 2040 60 30 sleep
2392 2046 23 17 at
2426 2042 84 25 Petoni

1931 2072 66 23 every
2009 2066 72 30 night,
2095 2068 43 22 and
2150 2068 60 24 leave
2229 2070 59 23 their
2305 2078 106 26 property
2425 2082 85 24 unpro-

1930 2097 80 24 tected.
2047 2099 75 23 When
2135 2101 76 31 people
2232 2103 45 23 will
2293 2106 101 23 exercise
2404 2108 105 31 ordinary

1931 2132 138 29 precaution,
2083 2133 52 24 then
2157 2134 51 31 they
2227 2143 53 25 may
2291 2145 10 16 r
2309 2140 122 31 easonably
2443 2141 66 25 claim

1930 2164 123 24 assistance
2075 2166 58 24 from
2157 2168 55 24 their
2232 2170 137 31 neighbours
2393 2178 23 19 to
2437 2176 72 28 guard

1930 2197 88 30 against
2029 2199 130 30 exigencies
2170 2210 5 20 ;
2194 2201 40 24 but
2250 2210 33 16 we
2295 2204 55 24 have
2362 2211 37 25 yet
2412 2211 22 19 to
2446 2208 61 24 learn

1930 2230 59 23 what
1999 2231 62 31 right
2068 2234 121 29 particular
2194 2235 136 26 individuals
2340 2238 57 24 have
2406 2244 22 19 to
2439 2241 70 24 throw

1929 2263 37 23 the
1983 2272 167 24 consequences
2168 2268 24 23 of
2207 2268 58 24 their
2284 2276 60 19 want
2365 2273 27 22 of
2405 2281 102 17 common

1928 2297 113 31 prudence
2063 2307 30 15 on
2116 2300 38 23 the
2176 2307 44 18 rest
2249 2303 27 23 of
2301 2304 37 24 the
2361 2308 146 31 community,

1929 2335 103 26 amongst
2044 2331 73 24 whom
2128 2333 51 32 they
2188 2342 51 24 may
2249 2336 82 25 chance
2342 2342 22 20 to
2375 2340 49 23 find
2435 2341 73 24 them-

1928 2364 81 24 selves.

1928 2423 184 25 GLEANINGS
2142 2427 84 23 FROM
2251 2430 24 21 A
2297 2430 147 25 JOURNAL
2468 2435 37 21 OF

1954 2450 44 21 AN
2022 2451 179 25 EXCURSION
2224 2456 35 21 IN
2282 2457 122 24 SEARCH
2424 2460 38 22 OF

1953 2477 104 23 ROUTE
2072 2480 39 21 TO
2126 2481 62 22 THE
2203 2482 127 24 WAIROO
2344 2485 127 21 VALLEY

2039 2515 72 22 {From
2127 2515 35 18 the
2175 2515 76 20 Nelson
2261 2517 133 27 Examiner.}

1954 2543 27 22 In
1992 2551 152 22 consequence
2155 2548 23 21 of
2185 2548 36 22 the
2230 2555 74 22 report
2320 2552 22 21 of
2357 2552 45 22 Mr.
2412 2553 95 23 Tuckett

1925 2572 46 20 and
1986 2572 94 27 Captain
2097 2574 109 28 England,
2222 2583 25 14 as
2266 2580 22 18 to
2304 2578 38 22 the
2360 2579 108 28 difficulty
2483 2582 26 21 of

1925 2600 97 24 forming
2031 2606 14 14 a
2054 2600 54 21 road
2118 2601 56 22 from
2186 2602 34 21 the
2230 2607 64 23 great
2302 2604 91 24 Wairoo
2409 2607 60 26 plain
2483 2612 22 18 to

1927 2625 89 27 Nelson,
2031 2626 45 22 and
2092 2627 37 21 the
2145 2628 95 23 distance
2255 2637 117 22 necessary
2382 2636 23 18 to
2421 2634 28 22 be
2463 2638 43 18 tra-

1926 2652 77 21 versed
2012 2652 73 23 which
2101 2654 54 22 such
2172 2663 12 14 a
2197 2656 46 22 line
2257 2658 27 21 of
2295 2660 124 22 connexion
2433 2662 72 22 would

1925 2685 85 21 ensure,
2028 2687 13 14 a
2056 2685 65 23 party
2137 2682 136 23 determined
2291 2688 21 18 to
2327 2690 55 18 start
2395 2687 59 23 from
2469 2689 37 21 the

1928 2706 103 27 Waimea,
2049 2708 51 26 and,
2112 2710 132 27 proceeding
2261 2711 67 27 along
2342 2713 38 23 the
2396 2722 78 15 course
2483 2716 26 21 of

1924 2734 37 20 the
1973 2734 88 22 Wairoa
2071 2742 58 14 river
2139 2736 92 28 through
2243 2738 36 21 the
2293 2741 112 21 mountain
2418 2749 85 20 ranges,

1924 2761 127 22 endeavour
2061 2765 22 18 to
2092 2761 97 24 discover
2196 2771 12 14 a
2218 2771 50 20 pass
2277 2766 71 22 round
2358 2767 37 22 the
2400 2769 104 22 northern

1925 2787 118 28 extremity
2052 2788 27 21 of
2090 2788 37 22 the
2142 2794 61 22 great
2213 2791 51 22 blue
2274 2799 75 20 range,
2361 2795 44 21 and
2417 2795 87 28 thence,

1925 2814 66 26 along
2003 2822 65 15 some
2083 2816 23 21 of
2120 2816 36 22 the
2172 2818 71 21 minor
2254 2826 87 20 gorges,
2353 2824 22 18 to
2391 2825 63 19 enter
2469 2823 36 22 the

1928 2842 86 21 Wairoo
2029 2842 73 26 valley
2117 2843 57 22 from
2188 2844 35 22 the
2242 2846 135 24 north-west.
2407 2849 97 23 Accord-

1923 2867 70 27 ingly,
2001 2875 29 14 on
2040 2868 38 22 the
2086 2870 50 21 12th
2143 2870 76 22 March
2228 2872 49 27 last,
2286 2873 89 23 Messrs.
2382 2875 122 28 Thomson,

1924 2896 142 26 Macdonald,
2076 2896 99 28 Cautley,
2184 2899 40 21 and
2231 2899 106 28 Empson,
2346 2902 103 25 together
2454 2903 50 22 with

1924 2921 87 27 Panter,
2022 2922 83 27 Coster,
2116 2924 50 21 Nod
2170 2925 28 25 in,
2210 2925 45 22 and
2271 2927 82 26 Carter,
2365 2929 68 22 drove
2447 2930 57 22 from

1924 2948 84 21 Nelson
2025 2952 23 18 to
2064 2950 44 21 Mr.
2126 2950 97 28 Duppa's
2240 2952 76 28 house,
2328 2954 101 24 Waimea
2444 2957 58 26 East,

1923 2976 72 20 where
2006 2974 52 28 they
2069 2983 57 14 were
2132 2977 76 27 joined
2221 2979 30 26 by
2262 2979 44 22 Mr.
2318 2981 75 26 Tytler
2403 2983 45 22 and
2457 2991 47 19 my-

1922 3002 48 25 self,
1981 3002 57 21 from
2054 3002 91 22 whence
2158 3011 30 14 we
2204 3009 33 17 set
2255 3010 39 17 out
2310 3014 28 14 on
2355 3008 54 27 foot,
2421 3013 23 17 at
2453 3014 49 23 two,

1921 3034 61 20 p.m.,
1994 3028 108 28 carrying,
2114 3037 25 14 as
2149 3037 31 14 we
2196 3032 126 27 conceived,
2334 3037 37 19 ten
2383 3035 61 27 days'
2454 3044 50 18 pro-

1921 3061 82 15 visions
2012 3054 53 22 with
2075 3063 26 14 us
2108 3063 7 19 ;
2130 3056 46 27 but,
2188 3058 69 27 owing
2267 3064 22 16 to
2299 3066 42 16 one
2351 3061 26 22 of
2392 3061 37 23 the
2440 3068 64 21 party

1921 3081 83 27 having
2026 3082 167 29 unfortunately
2215 3085 112 27 forgotten
2350 3087 34 23 his
2407 3089 45 28 bag
2473 3098 31 14 on

1921 3109 122 27 ascending
2062 3108 38 23 the
2118 3111 84 21 vehicle
2220 3112 72 22 which
2312 3114 51 22 bore
2381 3115 49 23 him
2445 3117 58 22 from

1921 3134 90 27 Nelson,
2022 3135 44 22 and
2081 3139 22 18 to
2119 3144 14 14 a
2147 3138 91 28 scarcity
2255 3139 26 21 of
2294 3147 71 21 game,
2384 3142 72 23 which
2471 3152 31 14 we

1921 3162 43 21 had
1975 3162 124 23 calculated
2109 3171 30 14 on
2156 3166 128 27 supporting
2298 3174 25 15 us
2339 3168 34 22 for
2388 3173 23 18 at
2426 3170 55 22 least
2490 3178 12 15 a

1920 3189 62 20 week
1991 3189 86 27 longer,
2085 3190 17 21 it
2111 3192 158 28 subsequently
2280 3195 78 22 turned
2369 3200 38 18 out
2417 3197 49 22 that
2471 3205 30 14 we

1920 3216 45 20 had
1974 3216 127 29 grievously
2110 3218 166 24 miscalculated
2287 3228 40 15 our
2336 3229 121 17 resources.

1948 3248 40 22 We
1999 3251 123 26 proceeded
2132 3259 30 21 up
2172 3253 36 22 the
2216 3254 41 21 left
2268 3255 58 22 bank
2336 3256 26 22 of
2369 3257 37 22 the
2414 3258 87 22 Wairoa

1920 3277 34 19 for
1963 3277 69 21 about
2041 3285 13 14 a
2064 3279 60 27 mile,
2136 3279 70 27 when,
2217 3282 75 26 owing
2301 3286 22 17 to
2330 3283 38 22 the
2377 3284 124 28 increasing

1920 3306 112 24 steepness
2040 3305 26 21 of
2073 3306 36 21 the
2120 3307 86 26 ground
2215 3315 30 14 on
2255 3308 48 23 that
2313 3310 54 27 side,
2377 3318 33 15 we
2416 3312 85 22 crossed

1920 3333 23 17 to
1953 3330 36 21 the
2000 3331 66 27 right.
2105 3333 76 22 About
2194 3334 94 23 another
2305 3336 53 23 mile
2377 3337 79 28 higher
2465 3346 34 20 up,

1921 3358 36 20 the
1967 3364 59 15 river
2035 3360 114 26 separated
2159 3360 46 22 into
2219 3364 44 19 two
2278 3362 108 23 branches
2401 3366 27 20 of
2436 3366 65 21 about

1920 3384 64 27 equal
2008 3386 141 27 magnitude;
2171 3387 36 22 the
2224 3388 63 27 right
2305 3390 83 23 branch
2406 3392 94 27 running

1920 3411 65 21 south
1994 3411 29 27 by
2034 3416 55 23 east,
2101 3413 45 22 and
2156 3415 127 28 apparently
2292 3416 102 29 deriving
2407 3419 28 21 its
2450 3426 49 20 sup-

1920 3440 48 23 port
1990 3438 60 23 from
2074 3440 36 21 the
2132 3440 125 23 confluence
2283 3444 25 21 of
2327 3446 85 21 several
2431 3446 68 21 minor

1919 3468 93 18 streams
2021 3465 137 29 descending
2164 3468 54 21 from
2229 3468 37 23 the
2272 3470 52 23 blue
2329 3479 70 20 range
2405 3472 92 27 opposite

1920 3490 47 22 that
1984 3494 50 25 part
2052 3493 27 21 of
2098 3493 38 22 tho
2158 3494 73 23 Waiiti
2253 3497 74 28 valley
2347 3498 152 29 emphatically

1920 3518 85 21 termed
2020 3518 37 22 the
2223 3522 37 23 On
2278 3524 38 22 the
2329 3526 60 27 right
2403 3526 59 22 bank
2476 3525 24 22 of

1919 3546 43 19 this
1981 3546 85 22 branch
2082 3547 19 21 is
2117 3554 14 15 a
2147 3548 61 22 wood
2224 3550 26 21 of
2266 3557 54 21 very
2334 3553 99 26 superior
2441 3552 53 27 pine,

1918 3572 105 26 covering
2032 3580 29 14 an
2078 3576 77 20 extent
2170 3575 25 22 of
2205 3576 68 23 about
2290 3580 40 20 200
2348 3587 68 15 acres.
2452 3579 44 23 The

1918 3598 40 21 left
1968 3599 90 28 branch,
2070 3607 25 15 as
2104 3601 35 22 far
2148 3609 24 14 as
2182 3609 42 16 was
2235 3604 78 23 visible
2322 3606 57 22 from
2396 3607 28 21 its
2434 3606 62 28 junc-

1918 3628 54 24 tion,
1984 3626 51 21 bore
2045 3631 48 18 east
2102 3628 128 29 north-east,
2237 3631 81 29 which,
2323 3632 19 22 it
2348 3634 65 26 being
2420 3635 75 20 almost

1917 3658 24 14 in
1959 3653 135 22 accordance
2115 3655 52 22 with
2182 3664 39 15 our
2236 3661 109 25 proposed
2362 3667 82 20 course,
2464 3666 28 15 we

1918 3679 107 22 followed.
2068 3681 48 22 The
2140 3682 95 29 walking
2256 3684 54 23 here
2330 3687 89 21 became
2442 3687 51 21 most

1916 3707 115 26 fatiguing,
2043 3707 58 22 from
2111 3708 37 23 the
2160 3710 116 23 denseness
2287 3713 26 21 of
2323 3714 37 21 the
2375 3715 61 25 fern;
2452 3712 40 22 and

1917 3739 72 20 owing
1998 3736 23 18 to
2031 3734 38 21 the
2080 3735 65 29 delay
2160 3743 134 23 consequent
2302 3747 58 20 upon
2370 3741 24 26 it,
2405 3740 45 22 and
2457 3740 34 21 the

1916 3761 44 19 late
1969 3761 57 20 hour
2034 3765 24 17 at
2068 3762 73 23 which
2151 3771 31 14 we
2192 3764 44 23 had
2242 3769 33 18 set
2282 3771 45 23 out,
2335 3774 32 14 we
2374 3764 116 28 encamped

1916 3787 33 20 for
1960 3787 36 20 the
2007 3788 64 26 night
2079 3792 23 19 at
2115 3797 14 14 a
2146 3790 97 23 distance
2258 3792 27 22 of
2301 3800 61 15 more
2377 3794 53 22 than
2446 3794 44 20 four

1916 3814 63 20 miles
1988 3814 57 22 from
2055 3822 42 15 our
2105 3816 63 27 place
2182 3818 25 21 of
2217 3818 101 28 starting.
2353 3820 48 22 The
2419 3825 71 17 course

1916 3840 26 20 of
1953 3840 37 21 the
1999 3841 59 22 river
2068 3842 53 22 here
2131 3851 44 15 was
2181 3845 130 23 north-east.
2339 3847 66 21 After
2413 3846 77 26 having

1915 3868 107 26 prepared
2239 3872 46 22 and
2301 3872 53 23 beds
2363 3874 26 22 of
2399 3874 48 21 fern
2460 3872 30 23 for

1915 3894 38 21 the
1972 3894 64 28 night
2051 3902 33 16 we
2099 3898 123 26 proceeded
2238 3903 23 18 to
2274 3906 86 22 supper,
2375 3900 44 22 and
2432 3902 56 20 ata»

1915 3921 60 28 early
1984 3921 56 23 hour
2049 3929 62 16 some
2118 3925 28 21 of
2151 3924 37 24 the
2196 3929 63 25 parky
2268 3927 81 21 retired
2360 3931 21 17 to
2391 3927 61 25 what,
2462 3925 27 26 by

1915 3952 107 24 courtesy,
2040 3956 56 16 were
2113 3952 84 22 termed
2214 3952 58 24 their
2281 3952 131 26 bedrooms,
2421 3951 67 27 jwbilit

78 123 1 12 i
107 116 51 15 —■;
170 117 3 3 ■
217 114 52 19 ~in
282 114 46 19 the
343 114 126 26 Supreme
485 114 93 21 Court.

111 144 181 48 BETWEEN
307 145 61 23 John
384 146 78 28 Wade,
473 147 88 26 trading
575 147 73 23 under
658 148 37 22 the

160 192 3 4 .
188 171 49 22 firm
248 172 25 21 of
279 172 59 21 John
349 173 46 21 and
406 173 91 28 George'
504 173 77 28 Wade,
591 175 102 27 plaintiff,

175 205 3 13 i
187 198 45 22 and
243 198 71 27 Philip
324 199 84 32 Henry,
416 200 84 22 Gowan
510 200 130 23 defendant.
664 210 5 2 -

137 231 35 28 By
180 232 71 22 virtue
261 232 25 21 of
291 239 14 15 a
316 232 57 22 Writ
384 233 27 21 of
423 234 124 22 Execution
561 233 87 29 against
658 233 37 24 the

110 258 75 21 Goods
210 258 25 21 of
255 258 36 22 the
316 259 165 24 above-named
504 260 127 28 defendant,
658 261 37 22 the

109 284 86 22 Sheriff
200 285 43 21 will
253 292 64 15 cause
328 289 22 18 to
361 286 26 21 be
397 286 49 23 sold
456 287 29 27 by
495 286 78 23 Public
584 288 108 26 Auction,

109 318 28 14 on
148 311 116 27 Thursday
281 315 61 22 next,
359 312 38 22 the
415 313 36 22 9th
467 317 61 23 mst.,
545 318 25 17 at
580 316 9 19 1
606 314 88 22 o'clock

106 337 116 28 precisely,
232 338 75 21 unless
322 335 44 26 this
384 340 123 21 Execution
524 340 27 21 be
567 340 126 28 previously

107 364 83 27 stayed,
203 361 38 25 the
252 365 69 22 whole
336 366 26 21 of
375 366 37 21 the
422 366 141 27 unoccupied
578 371 56 18 term
648 368 44 21 and

105 390 93 22 interest
208 391 26 21 of
241 391 36 22 the
288 391 47 22 said
345 390 73 28 Philip
429 392 78 28 Henry
517 392 86 23 Gowan
612 394 26 21 of
648 394 43 21 and

106 417 24 21 in
149 424 14 14 a
178 418 82 21 certain
273 418 62 27 piece
352 418 25 21 of
392 418 101 27 Ground,
505 419 86 23 .situate
610 427 29 15 on
654 420 37 22 the

106 443 70 23 River
199 444 64 27 Hutr,
286 443 102 28 together
406 445 51 21 with
481 445 36 22 the
544 446 76 22 House
645 446 45 23 and

106 469 111 23 Premises
234 471 90 21 thereon
340 472 94 23 erected,
447 472 37 21 the
502 473 99 26 growing
613 474 77 26 Crops,

105 496 44 22 and
164 497 88 21 various
270 497 76 21 Goods
361 498 45 21 and
418 498 103 28 Chattels,
534 499 37 22 the
587 504 104 23 property

104 523 26 21 of
137 523 38 22 the
185 523 48 22 said
244 523 72 28 Philip
327 523 79 28 Henry
418 525 92 22 Gowan.

396 558 87 22 Henry
497 559 38 21 St.
551 559 69 27 Hill,

575 593 86 25 Sheriff.

132 616 74 22 Dated
220 620 23 19 at
253 616 143 29 Wellington,
406 618 38 22 sth
455 619 45 26 day

130 647 3 4 •
159 643 26 22 of
193 643 62 28 May,
267 645 61 21 1843.

335 695 119 21 Sermon.

103 726 93 48 THE
224 728 69 21 REV.
319 728 85 28 JOHN
432 729 141 27 DUNCAN,
600 730 26 21 of
651 729 37 22 the

178 754 120 22 Reformed
319 755 132 27 Presbytery
470 756 23 21 of
512 756 111 26 Scotland,
644 756 44 21 will

100 780 83 26 preach
193 780 22 21 in
226 780 38 22 the
274 781 122 27 Exchange
413 782 106 28 Building
537 790 28 15 on
581 782 105 28 Sabbath,

102 805 36 22 the
149 806 37 23 7th
199 808 25 20 of
232 808 54 26 May
295 812 66 23 curt.,
372 812 23 18 at
404 816 42 14 one
456 809 93 27 o'clock,
561 817 52 20 p.m.

187 1621 115 20 AGENTS
318 1621 59 21 FOR
396 1622 69 20 THIS
482 1622 101 21 PAPER.

110 1652 39 17 Mr.
161 1653 127 18 BURCHAM
383 1655 77 17 Petoni.

109 1673 39 18 Mr.
161 1674 21 18 C.
195 1675 112 20 ELLIOTT,
317 1675 106 18 Examiner
428 1676 67 21 Office,
502 1676 74 18 Nelson
584 1677 76 17 Haven.

109 1694 39 18 Mr.
160 1696 18 17 J.
186 1695 24 18 B.
218 1696 92 17 BAJNES
384 1697 48 17 New
439 1698 112 21 Plymouth,
556 1698 105 17 Taranaki.

109 1716 40 18 Mr.
161 1716 26 18 H.
197 1717 123 18 CHURTON
385 1718 109 22 AVanganui
499 1731 5 5 .

110 1737 37 18 Mr.
160 1737 30 18 W.
203 1738 99 18 WILSON
384 1739 42 22 Bay
434 1741 22 16 of
464 1740 87 18 islands.

209 1794 98 21 Notice
324 1796 28 19 to
370 1796 182 21 Subscribers.

88 1826 82 26 Papers
183 1827 47 19 will
242 1829 36 18 not
289 1828 23 19 be
325 1829 48 19 sent
391 1829 22 19 to
425 1835 91 19 persons
528 1830 67 26 living
611 1831 37 19 out
658 1830 27 25 of

115 1853 54 22 Port
178 1854 123 25 Nicholson,
319 1857 71 19 unless
404 1859 160 23 arrangements
574 1864 37 13 are
620 1858 61 20 made

109 1881 39 23 for
158 1882 37 19 the
199 1884 102 24 payment
311 1883 29 25 of
345 1884 36 20 the
391 1890 62 21 same,
467 1885 94 25 through
571 1891 27 14 an
607 1885 72 26 Agent

114 1910 24 19 at
150 1909 138 26 Wellington.

303 1970 155 22 FREIGHTS.

84 2000 101 23 London
584 2007 12 20 0
624 2007 13 19 0
664 2007 14 20 0

84 2027 58 22 New
157 2028 80 22 South
251 2028 87 22 Wales
352 2037 47 14 and
410 2031 28 20 V.
450 2031 29 21 D.
491 2031 26 21 L.
546 2033 50 23 ..%
624 2034 14 19 0
663 2036 14 20 0

84 2053 98 22 Neison
582 2059 13 21 2
623 2060 15 20 0
664 2061 13 19 0

83 2080 127 23 Taranaki
220 2089 46 14 and
274 2082 73 22 Coast
555 2093 8 13 ■.
581 2086 13 20 2
623 2087 54 20 00

83 2108 133 21 Auckland
592 2115 4 2 '
610 2113 39 19 nil.

125 2167 95 21 Latest
234 2168 83 21 Dates
333 2169 31 21 of
380 2170 102 26 Papers
497 2172 132 21 received.

83 2200 98 23 London
497 2205 130 23 November
650 2209 24 20 16

83 2227 87 22 Nelson
497 2233 66 26 April
648 2236 25 20 15

83 2255 121 23 Auckland
498 2259 84 23 March
648 2263 26 20 18

83 2282 48 26 Bay
137 2283 29 32 gf
176 2283 87 22 Islands
496 2287 99 22 October
660 2290 13 20 6

83 2309 92 27 Sydney
497 2315 81 21 March
646 2317 25 21 21

83 2336 52 22 Van
145 2337 118 23 Dieman's
273 2338 65 22 Land
497 2342 80 22 March
648 2345 26 19 18

83 2362 52 22 Port
145 2364 83 28 Phillip
494 2369 102 29 January
648 2370 23 21 15

83 2390 112 23 Adelaide
495 2397 82 21 March
658 2398 13 20 3
