2590 4020
1969 3870 73 20 Printed
2056 3870 37 18 and
2106 3868 98 22 puWUhed
2221 3872 54 16 every
2291 3867 113 19 Wednesday
2420 3865 34 16 and
2464 3865 74 24 Sawr«J

1989 3887 89 25 morning,
2092 3891 23 19 by
2135 3890 85 17 Sambzl
2234 3889 88 19 Rbvans,
2339 3889 20 15 at
2373 3887 32 16 the
2421 3884 49 17 Office
2470 3888 2 9 i
2487 3884 16 12 01
2514 3884 5 9 '

1990 3913 49 16 NBW
2265 3912 41 14 AND
2320 3908 133 16 WkHINOTON

1990 3938 43 13 xoa,
2044 3933 158 17 Manners-street,
2213 3930 112 20 Wellington,
2338 3928 43 17 Port
2395 3924 98 19 Nionolion,
2506 3921 20 14 »*

1992 3954 84 17 Zealand.

554 55 99 47 «Ef#
676 52 119 42 Wrta
821 47 210 43 atealawfc
1052 44 191 46 a^mttt
1266 42 92 39 ana
1383 37 304 45 mclimgtoiv
1708 31 254 48 apsttetog*

1888 115 220 27 WHOLESALE
2138 113 125 25 PRICES
2297 109 180 26 CURRENT.

1987 154 134 15 CORRECTED
2136 153 30 14 UP
2179 152 30 14 TO
2223 151 56 15 LAST
2294 149 82 15 NIGHT.

2230 178 16 17 £
2268 182 16 12 s.
2308 177 18 16 d.
2381 174 17 17 £
2461 173 12 16 A

1892 208 173 30 AtE:perhbd
2233 207 13 22 7
2273 203 14 24 d
2313 206 14 20 0
2346 218 17 6 ..
2383 203 14 22 7
2423 202 12 22 7
2467 203 14 19 0

2066 234 147 28 perbarrel..
2231 233 13 20 5
2272 234 14 19 0
2313 233 14 19 0
2345 245 18 6 ..
2381 232 16 19 6
2425 230 14 20 0
2467 229 14 19 0

2066 261 91 27 perdoz
2235 262 13 19 0
2263 260 26 20 13
2317 259 13 20 0
2348 271 19 7 ..
2386 258 14 20 0
2414 257 27 19 14
2468 256 15 19 0

1894 290 111 21 Arrack:
2021 288 42 22 Per
2072 288 45 26 gal.
2127 287 23 22 in
2160 286 61 22 bond
2236 288 13 19 0
2277 286 12 19 1
2317 286 14 19 9
2348 297 19 7 ..
2385 285 14 19 0
2427 283 14 20 2
2472 285 14 19 0

1894 317 91 21 Bread:
2000 315 45 22 Per
2053 314 45 22 2lb.
2110 314 49 21 loaf
2173 327 46 6 ....
2238 314 13 20 0
2278 314 13 19 0
2319 312 13 20 6
2350 324 19 6 ..
2387 311 15 19 0
2428 310 16 19 0
2470 309 14 19 0

1894 344 73 21 Beef:
1982 341 77 27 Fresh,
2079 347 90 15 carcase
2184 347 40 19 per

2011 368 31 21 lb.
2235 368 14 19 0
2276 366 12 19 0
2304 365 26 20 10
2349 377 18 7 ..
2387 365 15 19 0
2430 363 13 19 0
2471 361 14 19 0

2001 394 55 25 Salt,
2065 401 41 20 per
2119 393 68 22 tierce
2201 406 18 7 ..
2238 394 13 19 0
2277 394 14 19 0
2318 392 13 19 0
2349 404 19 6 ..
2388 391 14 19 6
2430 389 14 20 0
2472 389 14 18 0

1896 424 106 21 Butter:
2021 420 65 26 Irish,
2096 427 40 21 per
2144 419 32 22 lb.
2200 420 51 19 ..0
2280 420 10 19 1
2319 418 13 20 2
2350 431 18 6 ..
2387 417 15 20 0
2430 416 11 20 1
2470 415 14 19 3

2016 447 69 22 Fresh
2241 447 13 19 0
2282 446 12 21 2
2321 445 13 20 6
2353 457 18 7 ..
2389 445 15 19 0
2431 442 13 20 3
2472 441 14 19 0

1896 482 110 16 DRANpy:
2021 474 59 21 First
2087 472 93 28 quality,
2188 479 40 20 per

2046 500 76 27 gallon
2131 499 25 21 in
2166 499 60 20 bond
2240 500 14 19 0
2281 499 13 19 6
2321 499 13 19 0
2353 510 18 6 ..
2389 498 15 18 0
2432 496 13 20 8
2472 494 14 20 6

1898 530 85 21 Brown
2003 528 88 21 Stout:
2113 533 42 20 per
2167 525 55 21 hhd.
2237 526 14 19 6
2265 525 26 20 10
2318 525 13 19 0
2350 537 18 6 ..
2390 523 14 21 7
2419 523 26 19 10
2473 522 14 18 0

1899 557 99 21 Cigars:
2009 553 104 27 Manilla,
2121 559 40 21 per
2166 552 60 26 1000,
2242 552 13 20 3
2283 552 13 19 0
2322 551 50 19 0..
2390 549 14 20 5
2433 549 13 19 0
2474 547 14 19 0

2007 580 97 23 Inferior
2242 579 14 20 0
2284 579 12 19 0
2323 579 13 19 0
2354 589 19 7 ..
2391 578 14 18 0
2433 575 13 19 0
2474 574 14 19 0

2007 606 137 26 Havannah,
2150 612 40 20 per
2197 605 31 21 lb.
2263 610 59 15 none
2355 601 134 21 ..000

2007 633 171 26 Chinsurahper
2184 632 71 21 10001
2272 632 25 19 10
2324 631 14 19 0
2355 642 19 7 ..
2392 630 15 19 0
2433 628 14 19 0
2474 627 14 19 0

2008 659 158 24 Alexandrian
2179 672 46 7 ....
2244 660 13 19 0
2284 658 14 20 0
2324 658 14 19 0
2355 669 19 7 ..
2392 657 15 19 0
2434 655 13 19 0
2475 654 14 19 0

1901 690 99 21 Coffee:
2011 688 65 26 Java,
2086 694 41 20 per
2135 686 24 21 lb
2244 686 14 20 0
2286 685 12 20 0
2325 684 13 20 6
2357 696 18 6 ..
2393 683 14 19 0
2435 681 13 19 0
2475 680 14 20 9

1901 717 102 21 Cheese:
2019 714 108 22 Cheshire
2244 713 14 19 0
2286 711 10 19 1
2325 711 13 19 6
2357 723 17 6 ..
2393 710 14 19 0
2436 707 10 20 1
2476 707 13 19 9

2018 741 55 22 Pine
2084 739 75 29 Apple
2180 753 46 7 ....
2245 740 13 19 0
2286 739 12 19 0
2326 737 13 20 0
2357 749 18 7 ..
2394 737 14 19 0
2437 734 11 19 1
2475 733 14 20 2

2019 755 117 34 Dutch.-T
2246 766 14 20 0
2287 766 13 19 0
2314 765 27 19 10
2357 776 19 7 ..
2395 763 14 20 0
2437 761 11 19 1
2477 761 14 19 0

1903 797 104 21 Candles
2015 802 6 14 :
2028 794 95 26 English
2130 800 56 19 wax,
2193 799 41 20 per

2046 821 23 21 lb
2246 820 14 20 0
2287 819 12 20 3
2326 819 14 19 0
2358 830 18 6 ..
2395 817 14 20 0
2437 816 13 20 3
2479 815 13 19 6

2033 847 82 22 Mould
2246 847 14 19 0
2287 846 11 18 1
2327 845 49 19 0..
2396 844 14 19 0
2437 843 14 19 0
2479 841 14 19 0

2035 874 57 27 Dips
2247 874 14 19 0
2288 873 13 19 0
2327 872 14 18 0
2359 883 18 7 ..
2396 871 15 19 0
2439 870 13 18 0
2479 868 14 19 0

1907 904 92 21 Flour:
2008 900 132 28 lstquality,
2151 907 40 20 per
2195 902 40 18 ton

2028 928 26 21 of
2063 928 56 20 2000
2129 926 33 21 lbs
2233 925 26 20 15
2287 925 13 19 0
2327 925 14 19 0
2359 923 52 20 ..IS
2438 923 13 19 0
2480 923 14 18 0

2004 954 47 23 2nd
2061 954 55 21 ditto
2249 953 14 19 0
2289 953 13 19 0
2329 951 49 19 0..
2398 951 14 19 0
2439 949 13 19 0
2480 949 20 19 0.

1908 984 63 21 Flax
1978 990 4 13 :
1998 982 29 21 N.
2039 981 25 22 Z.
2074 987 39 21 per
2124 983 37 18 ton
2185 979 76 21 ....15
2289 979 14 19 0
2329 979 14 19 0
2361 991 19 5 ..
2398 978 14 19 0
2439 976 13 20 0
2479 975 14 19 0

1935 1010 72 21 Do.—
2009 1007 131 23 onboard—
2141 1005 118 28 pressedl7
2287 1005 13 20 0
2327 1006 13 18 0
2359 1017 18 7 ..
2395 1004 14 20 0
2437 1003 13 19 0
2479 1001 14 20 0
2508 1010 4 4 -

1910 1038 59 21 Gin:
1989 1035 54 22 Pale
2059 1036 25 20 in
2094 1033 61 22 bond
2251 1033 12 19 0
2291 1033 12 19 3
2331 1032 14 19 0
2361 1044 19 6 ..
2399 1031 14 19 0
2439 1029 15 21 4
2480 1029 14 19 0

1959 1059 278 29 Case,4gal4-5-inbond
2251 1060 10 19 1
2291 1060 12 18 8
2331 1059 14 19 0
2362 1071 18 6 ..
2400 1058 12 18 1
2428 1056 26 20 10
2482 1055 14 19 0

1910 1090 81 21 Hams:
2006 1087 130 27 Yorkshire,
2150 1086 87 28 perlb.
2251 1088 14 19 0
2293 1086 10 19 1
2332 1086 14 19 0
2363 1097 18 7 ..
2402 1086 13 18 0
2443 1083 11 19 1
2483 1081 14 20 2

1911 1117 126 22 Mustard:
2052 1114 124 23 Perdozen
2188 1127 47 6 ....
2252 1114 13 20 0
2280 1113 26 19 18
2333 1113 15 19 0
2364 1124 19 6 ..
2402 1112 14 19 0
2444 1109 13 20 0
2485 1109 15 19 0

1911 1144 113 21 Mutton:
2046 1142 93 21 Carcase
2148 1147 41 20 per
2198 1139 23 22 lb
2232 1156 6 4 .
2253 1142 13 18 0
2293 1140 13 19 0
2333 1139 14 19 9
2365 1151 18 6 ..
2402 1139 14 18 0
2444 1137 13 19 0
2472 1137 26 17 11

1912 1171 121 21 Muskets:
2049 1168 94 22 Walnut
2148 1166 94 22 stocked
2254 1168 14 19 0
2294 1167 14 19 0
2334 1166 15 19 0
2366 1177 19 7 ..
2404 1165 14 19 0
2446 1164 12 18 0
2488 1163 13 19 0

1912 1198 77 21 Milk:
2006 1197 43 21 Per
2055 1196 50 27 pint
2254 1195 14 19 0
2295 1193 13 19 0
2335 1192 14 19 3
2366 1204 19 6 ..
2405 1192 13 18 0
2446 1190 12 19 0
2487 1189 14 19 4

1913 1224 91 22 Maize:
2021 1230 38 20 per
2070 1221 78 22 bushel
2254 1221 14 19 0
2295 1218 13 21 7
2336 1219 14 18 0
2369 1231 18 6 ..
2406 1219 12 18 0
2446 1217 13 19 0
2487 1217 14 19 0

1913 1252 44 21 Oil
1965 1259 5 14 :
1985 1249 104 25 Linseed,
2099 1255 40 21 per
2148 1246 76 27 gallon
2235 1262 5 5 .
2256 1248 13 19 0
2296 1245 12 21 7
2337 1245 13 19 0
2368 1259 5 5 .
2381 1258 6 6 .
2407 1244 53 20 010
2488 1244 14 18 0

1986 1276 78 26 Black,
2068 1276 24 21 in
2098 1273 174 28 cask,perton24
2298 1273 14 19 0
2339 1272 14 18 0
2369 1285 19 5 ..
2407 1272 14 19 0
2448 1270 13 20 0
2489 1270 13 18 0

2023 1303 78 25 Sperm
2253 1301 13 19 0
2293 1299 12 19 0
2331 1298 15 18 Q
2364 1311 19 6 ..
2402 1299 14 19 0
2445 1297 11 18 0
2487 1296 13 18 0

1914 1332 76 21 Pork:
2006 1329 77 27 Fresh,
2101 1334 89 15 carcase
2206 1333 40 20 per

2031 1356 30 21 ]b.
2082 1370 5 5 .
2256 1355 13 19 0
2296 1354 14 18 0
2336 1351 14 20 5
2368 1365 6 6 .
2381 1365 6 5 .
2406 1353 13 19 0
2446 1351 14 19 0
2487 1351 14 19 0

1916 1385 75 21 Pork:
2008 1383 66 25 Irish,
2085 1380 124 28 perbarrel
2221 1394 19 6 ..
2257 1381 15 19 4
2298 1381 14 19 0
2340 1380 13 19 0
2371 1392 19 6 ..
2402 1378 19 20 *5
2449 1377 12 20 5
2491 1377 14 19 0

1916 1412 130 21 Potatoes:
2066 1409 58 21 New
2138 1406 108 27 Zealand,

2092 1442 41 20 per
2141 1438 39 17 ton
2194 1434 78 20 .--.4
2299 1434 14 20 0
2341 1433 13 20 0
2371 1445 19 7 ..
2410 1431 13 21 7
2450 1432 13 19 0
2491 1431 14 19 0

1917 1465 94 22 Porter
2019 1471 6 13 :
2055 1462 102 26 Dunbar,
2168 1461 24 21 in
2200 1461 46 21 bot.

2084 1497 40 19 per
2134 1488 42 21 doz
2259 1488 13 20 0
2299 1488 13 19 0
2340 1487 82 19 0..0
2449 1486 14 19 0
2493 1485 14 19 0

2026 1516 86 28 Bryant
2121 1515 45 22 and
2175 1514 71 22 Davis
2260 1515 13 20 0
2301 1515 13 19 0
2341 1515 14 18 0
2373 1526 18 6 ..
2411 1513 13 19 0
2451 1513 14 19 0
2493 1512 14 18 0

1919 1545 97 22 Pickles
2027 1551 6 14 :
2064 1542 117 26 Assorted,
2208 1548 41 20 per

2090 1569 58 25 doz.,
2173 1570 75 25 quarts
2264 1568 10 20 1
2304 1567 11 20 1
2344 1567 13 20 0
2375 1579 18 7 ...
2415 1567 10 19 1
2441 1565 26 21 10
2495 1564 13 19 0

1920 1599 72 22 Pitch
2005 1605 6 14 :
2042 1595 139 27 Stockholm,
2211 1601 40 20 per

2067 1622 74 23 barrel
2265 1622 12 20 0
2304 1622 13 20 0
2344 1618 166 22 0.-156

1920 1652 94 22 Plank:
2042 1650 55 22 Port
2119 1648 132 26 Nicholson,

2067 1685 41 20 per
2118 1678 41 20 100
2167 1675 79 22 feet..
2265 1676 12 19 0
2291 1675 26 20 10
2345 1675 14 20 0
2376 1687 19 7 ..
2414 1675 14 19 0
2442 1673 34 24 12,
2496 1673 13 19 0

1921 1706 69 21 Rice:
2003 1706 110 21 Common
2122 1709 40 21 per
2168 1704 50 19 cwt.
2229 1716 18 6 ..
2266 1703 13 19 0
2306 1703 13 19 0
2346 1702 14 20 0
2378 1714 19 6 ..
2415 1702 13 20 0
2444 1700 25 20 10
2497 1700 13 18 0

2002 1731 66 22 Good
2265 1729 11 20 1
2305 1729 14 20 4
2346 1729 14 19 0
2378 1741 18 6 ..
2415 1727 12 21 I
2444 1727 25 20 10
2498 1727 12 18 0

1922 1760 55 21 Rum
1985 1767 3 14 :
2007 1760 24 20 P.
2042 1759 25 20 B.
2080 1758 33 25 P.,
2128 1763 40 20 per
2176 1756 77 26 gallon

2043 1785 23 21 in
2081 1783 62 22 bond
2265 1784 14 19 0
2305 1783 14 20 3
2347 1782 82 20 0..0
2456 1780 12 20 5
2498 1782 14 17 O

1924 1814 87 21 Sugar:
2028 1811 120 22 Mauritius
2158 1817 40 19 per
2206 1812 48 19 cwt.
2268 1810 14 20 0
2309 1810 13 19 0
2350 1810 50 19 0..
2432 1812 59 16 none

2032 1839 81 21 Brown
2129 1836 54 22 ditto
2265 1837 12 19 1
2305 1837 14 19 2
2346 1837 14 19 0
2378 1849 4 5 .
2390 1849 6 5 .
2416 1835 11 19 1
2456 1835 13 19 8
2498 1835 14 19 0

2033 1864 97 23 Refined
2145 1863 54 27 loaf,
2216 1871 40 19 per

2058 1892 24 22 lb
2268 1892 13 19 0
2308 1890 13 20 0
2350 1889 12 21 7
2380 1903 19 5 ..
2418 1890 14 19 0
2459 1888 14 19 0
2501 1887 13 20 S

2034 1918 97 23 Manilla
2148 1924 40 20 per
2203 1920 48 18 cwt.
2268 1918 10 19 1
2306 1918 14 19 0
2348 1918 12 18 0
2379 1929 19 6 ..
2417 1916 11 20 1
2458 1915 13 19 6
2499 1915 13 19 0

1925 1948 59 21 Salt
1992 1954 5 13 :
2013 1944 127 28 Liverpool,
2150 1951 41 19 per
2200 1947 40 18 ton
2247 1960 6 5 .
2268 1945 14 19 0
2310 1944 12 19 0
2350 1944 12 19 0
2381 1956 6 6 .
2393 1955 7 7 .
2420 1943 13 19 0
2460 1942 13 20 0
2503 1941 12 19 0

1925 1974 74 20 Soap:
2026 1972 103 21 Hawes's
2150 1967 104 28 London,

2051 2001 85 22 perton
2254 1996 27 20 20
2309 1996 13 19 0
2350 1995 13 19 0
2381 1994 51 20 ..53
2503 1993 12 17 0

2044 2023 119 27 Liverpool
2256 2023 26 19 16
2310 2022 12 18 0
2351 2022 13 18 0
2381 2020 51 18 ..18
2460 2018 13 18 0
2503 2019 13 18 0

1927 2053 104 20 Starch:
2046 2050 44 22 Per
2098 2050 23 21 Id
2272 2049 13 19 0
2312 2049 13 18 0
2353 2048 13 18 9
2385 2059 19 7 ..
2422 2047 14 19 0
2464 2045 9 19 1
2505 2045 12 19 0

1928 2080 142 21 Scantling:
2086 2077 44 21 Per
2134 2077 44 20 100
2186 2075 67 21 feet..
2273 2075 13 20 0
2314 2075 12 19 8
2354 2075 13 19 0
2385 2087 5 5 .
2399 2087 5 5 .
2423 2072 54 20 012
2505 2073 13 18 0

1929 2106 127 21 Shingles:
2072 2104 43 21 Per
2122 2104 62 25 1000,
2193 2102 29 21 N.
2231 2101 26 22 Z.
2272 2103 14 19 0
2313 2101 13 19 9
2352 2101 15 20 0
2385 2113 19 6 ..
2423 2101 13 19 0
2451 2099 26 19 12
2505 2100 14 17 0

2059 2131 71 25 Ditto,
2152 2129 28 21 V.
2192 2129 29 21 D.
2232 2128 26 22 L.
2273 2129 13 19 0
2313 2129 14 19 0
2354 2129 14 19 0
2386 2140 20 6 ..
2423 2127 14 19 0
2452 2127 26 19 10
2506 2126 13 19 0

1929 2160 62 22 Tar:
2007 2158 125 23 C0a1.....
2274 2155 52 19 11
2355 2155 14 19 0
2387 2167 19 5 ..
2425 2154 14 18 0
2466 2153 13 19 0
2507 2153 12 19 0

2012 2184 129 23 Stockholm
2277 2182 10 20 I
2317 2182 10 19 1
2357 2182 13 19 0
2387 2194 19 6 ..
2425 2181 14 19 0
2467 2181 13 18 0
2508 2180 12 18 0

1931 2214 48 22 Tea
1987 2212 96 25 :Hyson
2088 2210 57 27 skin,
2150 2216 40 21 per
2200 2209 63 21 chest
2276 2210 13 19 5
2317 2210 13 20 0
2357 2209 14 19 0
2388 2221 19 6 ..
2427 2206 13 21 7
2468 2206 12 20 7
2508 2207 12 18 0

2006 2240 93 25 Congou
2264 2237 27 20 10
2317 2237 13 19 0
2358 2235 13 20 0
2388 2247 20 7 ..
2427 2235 12 19 0
2454 2234 26 20 18
2508 2233 12 19 0

1932 2268 104 21 Tobacco
2045 2273 6 14 :
2064 2263 144 29 Negrohead,
2225 2270 40 19 per

2090 2292 32 21 lb.
2135 2290 24 21 in
2176 2290 60 21 bond
2277 2291 14 19 0
2319 2290 7 20 1
2359 2289 35 20 0.
2402 2301 6 6 .
2427 2288 13 20 0
2470 2287 9 19 1
2509 2287 13 19 6

1933 2321 163 22 Turpentine:
2112 2317 147 27 Pergallon..
2278 2318 13 19 0
2319 2317 12 19 8
2359 2316 14 19 0
2390 2328 19 6 ..
2428 2315 14 19 0
2456 2314 26 20 10
2510 2316 12 17 0

1934 2348 160 21 Whalebone:
2112 2346 92 21 Perton
2265 2344 27 21 90
2319 2344 12 20 0
2360 2343 13 19 0
2391 2341 65 21 ..110
2470 2341 13 19 0
2510 2341 13 19 0

1935 2374 81 22 Wine:
2032 2373 89 27 Sherry,
2133 2379 40 19 per
2180 2371 80 27 pipe..
2266 2371 26 20 28
2319 2371 14 20 0
2360 2371 14 18 0
2392 2369 51 20 ..40
2470 2369 14 19 0
2510 2368 13 19 0

2043 2400 72 25 Ditto,
2131 2405 40 20 per
2185 2398 79 21 dozen.
2280 2398 11 19 1
2319 2397 14 20 4
2361 2397 13 19 0
2392 2409 5 5 .
2405 2409 6 6 .
2429 2395 13 20 2
2458 2395 26 19 10
2511 2395 12 18 0

2044 2427 61 26 Port,
2115 2433 41 20 per
2166 2424 50 29 pipe
2242 2426 50 19 ..28
2319 2426 14 18 0
2360 2424 14 20 0
2391 2423 52 19 ..60
2470 2422 14 20 0
2510 2422 12 18 0

2111 2452 100 28 perdoz.
2241 2452 48 20 ..1
2318 2452 13 19 8
2359 2451 14 20 0
2390 2463 19 6 ..
2428 2449 13 21 2
2469 2449 13 19 8
2509 2449 13 18 0

2044 2480 151 28 Champagne,
2209 2478 56 21 ditto
2278 2479 13 20 2
2318 2478 13 20 5
2360 2478 13 19 0
2390 2490 6 6 .
2404 2490 5 6 .
2427 2476 56 20 410
2510 2475 12 19 0

1938 2510 120 21 Poultry:
2073 2507 80 26 Fowls,
2160 2513 41 20 per
2207 2505 49 27 pair
2262 2521 6 5 .
2282 2506 14 19 0
2322 2505 13 20 8
2363 2504 14 20 0
2394 2517 20 6 ..
2432 2504 14 19 0
2460 2503 26 20 16
2512 2503 13 17 0

2071 2533 86 27 Ducks,
2169 2532 56 22 ditto
2245 2546 18 5 ..
2281 2533 14 20 0
2309 2532 26 19 16
2363 2532 13 19 0
2394 2543 20 7 ..
2432 2531 14 19 0
2473 2529 13 20 0
2513 2529 12 19 0

2074 2562 81 24 Geese,
2166 2558 55 23 each
2244 2572 5 7 .
2256 2572 7 7 .
2282 2560 11 19 1
2321 2559 13 19 0
2362 2558 14 20 0
2393 2571 6 5 .
2407 2571 6 5 .
2431 2558 14 19 0
2472 2557 14 19 0
2513 2556 12 18 0

2072 2587 110 27 Turkeys,
2193 2585 56 22 each
2283 2586 53 20 010
2364 2585 14 19 0
2395 2597 20 6 ..
2434 2584 13 20 0
2475 2583 13 20 0
2514 2583 12 19 0

2074 2615 104 25 Pisxons,
2188 2612 79 27 (wild,)

2100 2647 41 21 per
2148 2639 51 29 pair
2219 2654 46 6 ....
2283 2640 13 19 0
2324 2639 11 20 1
2364 2638 14 20 0
2396 2651 20 6 ..
2434 2638 13 20 0
2473 2637 13 19 2
2514 2636 12 19 0

2073 2668 87 26 Ducks,
2169 2666 36 23 do.
2215 2666 38 22 do.
2261 2680 5 6 .
2285 2667 13 19 0
2324 2666 14 19 4
2366 2666 14 19 0
2397 2678 19 6 ..
2435 2666 14 19 0
2476 2664 13 20 6
2515 2663 12 19 0

1941 2698 71 22 Eggs:
2030 2696 125 22 Perdozen
2286 2694 13 19 0
2326 2693 14 20 2
2366 2692 14 20 6
2399 2705 19 6 ..
2436 2692 13 19 0
2477 2691 12 19 3
2517 2690 11 18 0

1941 2725 77 22 Cows:
2033 2723 70 22 Milch
2275 2720 23 19 15
2326 2722 14 17 0
2367 2721 14 18 0
2399 2718 50 20 ..25
2477 2720 13 17 0
2517 2718 11 17 0

1942 2752 96 22 Mares:
2054 2750 76 22 Brood
2273 2748 27 19 50
2326 2748 13 18 0
2366 2746 15 20 0
2399 2746 52 19 ..80
2477 2746 13 18 0
2517 2746 11 16 0

1943 2779 116 21 Working
2075 2777 134 21 Bullocks:
2232 2774 43 21 Per

1969 2805 49 28 pair
2275 2801 27 20 40
2329 2801 14 20 0
2370 2800 13 20 0
2401 2799 52 20 ..60
2479 2798 14 20 0
2518 2796 12 19 0

1944 2833 63 21 Hire
2018 2839 28 14 of
2056 2838 68 14 ditto
2131 2837 6 14 :
2153 2829 43 22 Per
2203 2828 51 27 day,
2263 2835 14 14 a

1972 2857 197 23 teamanddriver
2292 2855 10 20 1
2331 2854 14 21 0
2373 2854 12 19 0
2404 2866 18 6 ..
2441 2852 12 20 2
2481 2852 13 18 0
2520 2851 11 17 0

1947 2887 87 21 Sheep:
2050 2884 61 22 Each
2184 2882 5 20 1
2291 2882 10 19 1
2330 2882 13 19 0
2371 2881 14 19 0
2402 2892 20 7 ..
2442 2880 9 19 1
2480 2879 13 19 8
2520 2879 11 17 0

1947 2913 62 22 Boat
2019 2912 74 21 Hire:
2109 2910 43 21 Per
2159 2909 50 29 day,
2214 2908 64 21 with-

2138 2939 40 18 out
2187 2934 88 22 hands.
2290 2935 13 19 0
2318 2934 26 20 10
2372 2934 13 19 0
2403 2946 19 6 ..
2442 2932 9 20 1
2482 2932 12 19 0
2520 2931 12 19 0

1948 2966 98 21 Wages:
2073 2962 142 26 Mechanics,
2240 2968 40 20 per

2101 2989 63 22 week
2293 2987 13 20 2
2333 2988 13 19 0
2374 2986 14 20 0
2406 2999 19 7 ..
2443 2986 13 20 3
2484 2986 13 19 0
2522 2984 12 19 0

2084 3016 127 23 Labourers
2228 3028 45 7 ....
2293 3014 10 21 1
2320 3014 26 19 10
2374 3014 13 19 0
2406 3026 19 6 ..
2444 3013 10 19 1
2471 3012 26 20 16
2524 3011 10 19 0

2185 3040 120 23 DUTIES.

1950 3073 99 22 British
2059 3072 91 21 Spirits
2364 3067 33 20 4s.
2407 3072 40 21 per
2456 3064 78 28 gallon.

1952 3101 103 21 Foreign
2067 3098 56 21 ditto
2315 3108 5 7 •
2329 3108 5 5 •
2341 3108 6 5 •
2365 3094 32 20 ss.
2408 3099 40 20 per
2455 3092 78 26 gallon.

1951 3127 104 22 Tobacco
2065 3122 178 28 manufactured,
2367 3122 32 19 Is.
2409 3126 39 20 per
2456 3120 31 20 lb.

2064 3149 208 25 Unmanufactured
2366 3146 38 22 9d.
2414 3153 40 21 per
2461 3146 30 21 lb.

1954 3181 73 21 Snuff
2369 3176 31 20 2s.
2411 3172 76 28 perlb.

1954 3208 86 21 Cigars
2371 3202 32 21 2s.
2413 3199 76 29 perlb.

1954 3234 82 22 Wines
2362 3228 25 21 15
2402 3228 102 27 percent.

1954 3261 55 26 Tea,
2024 3261 86 26 Sugar,
2127 3260 87 25 Flour,
2232 3258 97 25 Wheat,

1973 3287 45 22 and
2027 3287 64 22 other
2103 3287 87 25 Grain,
2200 3287 14 19 5
2223 3291 40 21 per
2272 3287 58 18 cent.
2343 3282 5 23 I
2393 3296 8 7 ,
2413 3303 29 15 va
2442 3295 7 22 i
2451 3303 11 13 o
2463 3300 50 15 rem.

1956 3315 39 22 All
2003 3314 64 22 other
2076 3313 107 22 Foreign
2189 3312 142 27 productions
2343 3314 6 32 j

1971 3341 43 23 and
2018 3341 168 21 manufactures
2195 3340 25 20 10
2226 3345 40 20 per
2273 3340 57 19 cent.
2336 3334 13 30 J

2160 3364 186 23 EXCHANGE.

1959 3410 18 11 ■d
2033 3408 38 13 vn
2134 3407 12 14 t
2185 3406 43 15 Ar,
2268 3392 73 24 f3O&
2354 3394 27 20 60
2394 3392 54 27 days
2457 3388 59 28 sight,
2525 3388 11 19 3

1959 3410 67 22 Bank
2033 3408 52 22 bills
2095 3415 28 15 on
2134 3407 96 21 London
2261 3407 19 39 |
2312 3427 40 20 per
2362 3423 59 18 cent,
2432 3416 104 30 premium.

1960 3450 33 22 On
2003 3449 89 28 Sydney
2380 3446 71 22 Ditto.

1960 3477 87 21 Private
2057 3475 51 22 bills
2357 3472 111 23 Nominal.

1981 3534 38 16 The
2031 3533 48 16 New
2090 3533 99 15 Zealand
2200 3532 93 16 Gazette
2299 3532 36 16 and
2490 3527 48 16 Spec-

1961 3559 64 12 tator
2029 3554 17 17 is
2052 3552 98 22 published
2156 3557 56 16 every
2217 3552 114 22 Wednesday
2340 3552 36 17 and
2381 3552 2 3 '
2387 3550 92 19 Saturday.
2498 3548 38 15 Sub-

1960 3576 61 21 joined
2027 3579 31 13 are
2065 3575 31 16 the
2103 3576 57 15 terms
2164 3578 5 12 :
2169 3581 23 4 —

1983 3597 63 16 Price
2052 3600 25 12 of
2082 3599 43 12 the
2132 3594 98 17 Paper.—
2230 3595 55 19 Forty
2289 3594 86 20 shillings
2379 3597 34 17 per
2422 3594 71 15 annum,
2503 3592 27 15 V»)

1962 3617 39 17 able
2006 3617 21 17 in
2034 3616 80 17 advance
2119 3621 5 14 ;
2135 3620 20 12 or
2162 3620 35 12 one
2204 3615 76 21 shilling
2285 3615 28 17 for
2319 3614 59 21 single
2383 3613 90 17 numbers.

1984 3637 155 17 Advertisements
2146 3636 39 17 will
2190 3638 33 15 not
2229 3640 66 17 appear
2303 3636 21 16 in
2334 3635 32 17 the
2376 3637 78 17 ensuing
2463 3636 12 11 n
2476 3632 38 14 umU

1964 3659 16 16 if
1988 3658 82 17 received
2075 3658 48 16 later
2129 3657 45 17 than
2186 3658 21 16 10
2214 3656 73 20 o'clock,
2294 3660 47 15 a.m.,
2349 3660 25 13 on.
2380 3655 31 16 the
2418 3654 86 17 mornings
2512 3652 24 12 w-

1964 3681 36 15 fore
2013 3679 120 21 publication.
2153 3678 159 16 Advertisements
2321 3677 41 16 .trill
2372 3677 22 15 be
2405 3674 93 17 cohtinuea

1965 3700 75 20 charged
2051 3700 50 16 until
2110 3699 166 19 counter-ordered;
2288 3698 45 19 such,
2337 3697 54 17 order
2397 3696 50 16 must
2453 3695 20 15 be
2479 3694 37 14 sent
2521 3694 15 10 '»

1965 3722 30 16 the
2004 3721 55 16 Office
2071 3722 36 14 two
2126 3720 45 20 days
2260 3717 116 23 publication,
2387 3717 38 16 and
2434 3715 47 17 must
2491 3715 18 13 oe

1965 3742 77 20 writing.
2066 3740 157 17 Advertisements
2237 3738 80 19 received
2335 3738 52 24 after
2404 3738 21 16 10
2441 3738 9 14 <>
2456 3736 24 15 clo
2479 3754 3 3 .
2482 3736 21 12 clt
2510 3736 24 26 ,?i

1965 3763 82 19 Tuesday
2060 3762 37 16 and
2108 3761 66 20 Friday
2185 3761 93 20 mornings
2289 3759 37 17 wiH
2335 3760 23 16 be
2368 3757 77 21 oharged
2454 3757 48 15 twice
2510 3756 24 10 m»

1966 3783 52 18 usual
2023 3784 54 15 rates.
2404 3799 5 4 .
2443 3789 3 3 •
2487 3795 5 3 .
2513 3793 6 11 t
2520 3790 16 9 i..

1987 3804 30 17 All
2022 3803 67 19 orders,
2101 3802 162 18 advertisements^
2270 3801 36 16 and
2317 3799 159 17 communications
2487 3799 18 10 i»
2514 3799 15 9 »»

1967 3825 68 18 Editor,
2041 3828 31 12 are
2077 3823 99 21 requested
2181 3825 19 14 to
2209 3824 21 15 be
2237 3821 96 17 addressed
2338 3823 20 14 to
2365 3821 37 15 this
2409 3818 59 17 Office.
2515 3834 24 4 —

829 144 77 20 Meat
926 145 148 20 company.

662 177 91 50 THE
772 170 237 29 UNDERSIGNED,
1026 170 85 28 having
1129 169 57 22 been
1208 176 39 20 ap-

736 203 90 29 pointed
842 203 108 24 Manager
960 199 25 21 of
998 198 37 22 the
1049 198 64 21 Meat
1122 196 123 26 Company,

661 232 54 25 hegs
725 234 23 18 to
758 235 118 17 announce
885 228 47 21 that
946 233 14 15 a
969 225 94 25 regular
1066 223 78 27 supply
1153 223 26 20 of
1188 223 58 24 beef,

662 261 95 23 mutton,
777 256 46 22 and
840 255 56 28 pork
911 260 52 19 may
983 255 81 23 always
1082 251 28 21 be
1130 250 119 25 depended

663 292 60 19 upon
734 288 25 17 at
767 283 45 22 this
822 280 171 24 establishment.

691 312 34 21 As
748 310 43 21 this
815 309 113 26 Company
948 311 106 22 purposes
1073 303 78 25 selling
1170 304 24 18 at
1211 303 38 19 the

663 338 78 21 lowest
749 337 72 26 prices
831 339 24 17 at
869 333 71 23 which
949 333 19 20 it
981 332 19 21 is
1008 330 71 22 found
1088 330 38 21 the
1135 331 61 18 meat
1209 334 40 15 can

663 365 29 20 be
702 362 108 27 afforded,
822 361 37 21 the
869 358 148 27 undersigned
1025 358 18 20 is
1057 356 54 26 only
1120 355 129 29 authorised

666 394 22 18 to
698 391 51 25 give
755 396 54 20 very
814 387 87 23 limited
909 385 77 26 credit,
994 384 45 21 and
1046 383 39 21 has
1092 383 56 20 been
1157 383 94 18 ordered

666 421 22 18 to
704 421 49 22 stop
768 416 30 21 all
812 416 104 20 accounts
930 411 73 23 which
1017 417 37 14 are
1070 412 41 19 not
1124 408 53 28 paid
1191 414 60 20 upon

666 443 102 22 demand.
1066 462 5 4 .
1143 460 6 5 .
1165 460 12 11 _,

693 470 48 21 The
751 467 101 23 business
862 466 25 22 of
896 466 34 21 the
941 464 114 26 Company
1064 469 20 14 is
1093 462 86 21 carried
1189 467 30 15 on
1227 467 25 14 in

668 496 57 22 (heir
739 503 49 15 new
803 493 109 26 building,
923 490 87 22 erected
1028 490 101 21 between
1148 488 105 20 Frances

668 523 68 22 Hotel
756 521 42 22 and
819 520 38 22 the
876 518 62 22 head,
950 518 31 20 of-
990 516 36 21 the
1036 516 62 26 -Bay,
1116 513 44 22 and
1176 513 78 27 nearly

669 549 98 28 opposite
777 552 23 18 to
811 547 45 22 Mr.
868 544 81 29 Lyon's
960 544 69 21 Store.

940 577 37 21 W.
993 577 101 24 Flycer,
1111 574 116 25 Manager.

697 608 130 23 November
836 608 35 25 23,
883 606 58 21 1842.

862 655 83 21 Fresh
961 655 104 23 Butter,

671 691 164 51 ALWAYS
852 697 28 14 on
895 688 48 23 Sale
959 691 25 18 at
999 687 38 24 the
1047 686 64 22 Meat
1123 684 134 28 Company's

751 717 117 28 premises.

942 740 37 23 W.
995 741 101 24 Flyoek,
1113 739 117 26 Manager.

700 779 159 24 Willis-street,
871 777 54 21 Dec.
936 777 22 24 2,
970 775 60 25 1842,

675 825 92 48 THE
789 825 79 20 Nelson
891 823 115 19 Examiner
1029 819 42 21 and
1093 819 52 20 New
1167 817 94 20 Zealand

750 851 110 22 C7ironicle
876 847 122 31 (published
1010 850 22 17 nt
1042 845 101 26 Nelson,)
1158 844 20 21 is
1195 850 67 21 regu-

673 879 59 27 larly
751 878 139 21 transmitted
906 878 23 18 to
943 873 146 27 Wellington,
1108 871 44 22 and
1167 878 54 19 may
1233 871 28 20 be

675 906 43 21 had
730 909 22 18 at
761 904 37 22 the
810 904 63 21 office
883 902 25 21 of
918 901 44 21 this
970 907 75 21 paper.

702 932 48 22 The
760 932 79 20 Nelson
849 929 113 21 Examiner
978 927 44 21 will
1031 927 28 20 be
1070 927 67 20 found
1149 930 28 15 an
1190 927 73 17 excel-

675 959 48 21 lent
731 958 99 22 medium
841 956 35 21 for
887 954 136 23 advertisers.

702 986 79 21 Terms
791 984 34 22 for
835 983 38 21 the
882 989 73 21 paper,
966 984 36 18 ten
1011 979 100 26 shillings
1125 984 39 21 per
1174 979 90 24 quarter

675 1012 95 28 payable
778 1012 24 21 in
814 1010 106 21 advance.
1048 1030 115 4 ...

704 1038 82 22 Orders
810 1037 34 21 for
863 1036 39 21 the
922 1041 68 21 paper
1012 1033 44 21 and
1080 1033 63 21 advei
1150 1033 114 18 tisements

677 1065 103 22 received
791 1067 23 18 at
823 1064 38 21 the
872 1062 69 22 Office
953 1061 24 20 of
990 1060 43 21 this
1042 1066 75 19 paper.

677 1117 62 22 l\Thc
749 1115 78 19 FIRST
836 1112 187 20 PRODUCTIONS
1033 1112 20 16 in
1068 1111 29 17 (he
1107 1108 94 19 WORLD
1209 1108 36 21 for

678 1147 56 20 The
744 1144 105 22 HAIR!
864 1143 55 20 The
930 1140 103 23 SKIN!!
1049 1140 55 20 The
1115 1136 149 23 TEETH!!!

849 1189 248 26 ROWLAND'S

768 1223 285 24 MACASSAR
1090 1221 94 23 OIL,

813 1267 13 14 A
842 1264 130 16 VEGETABLE
987 1261 151 16 PRODUCTION.

683 1295 92 49 THE
785 1293 53 25 only
850 1292 74 21 article
939 1290 50 21 that
998 1288 108 28 produces
1117 1287 43 22 and
1174 1289 94 19 restores

729 1320 95 26 HAlß;
833 1319 47 22 also
887 1313 380 29 WHISKERS.MUSTACHIQS,

683 1349 45 21 and
738 1345 192 25 EYE-BROWS;
945 1342 234 29 prevents-:HaiVfroin
1190 1339 80 27 falling

683 1375 34 22 off
723 1383 24 13 or
757 1374 90 26 turning
863 1380 52 19 grey
926 1377 22 15 to
963 1370 38 21 the
1017 1370 66 21 latest
1090 1368 78 28 period
1185 1367 25 21 of
1217 1367 51 26 life;

684 1403 96 26 changes
790 1407 55 21 grey
856 1399 48 22 hair
913 1402 22 19 to
945 1398 27 21 its
984 1396 92 28 original
1094 1402 89 15 cor.ouR
1183 1405 28 3 —
1213 1394 57 20 frees

683 1430 18 20 it
716 1429 56 21 from
783 1426 67 27 scurf,
862 1426 42 21 and
922 1424 76 23 makes
1013 1424 17 21 it
1044 1421 131 27 heautifully
1187 1421 81 25 SOFT,

685 1455 111 27 CURLY,
813 1453 46 22 and
878 1451 123 23 GLOSSY.
1031 1450 26 21 In
1071 1449 98 26 dressing
1180 1447 88 26 HAIR,

684 1483 18 21 it
716 1483 67 26 keeps
793 1482 18 21 it
820 1480 50 22 firm
885 1480 23 21 in
920 1479 36 21 the
973 1478 52 23 curl,
1037 1475 117 28 uninjured
1170 1475 31 27 by
1210 1475 60 24 damp

679 1511 103 24 .weather,
802 1507 95 21 crowded
910 1511 74 17 rooms,
1000 1504 37 21 the
1052 1504 70 21 dance,
1146 1509 24 14 or
1188 1502 24 20 in
1233 1501 38 21 the

687 1537 97 21 exercise
793 1535 25 22 of
824 1535 78 25 riding.
930 1534 32 21 To
970 1532 103 24 Children,
1081 1532 18 20 it
1108 1530 19 21 is
1136 1527 134 27 invaluable,

687 1571 23 14 as
729 1564 18 20 it
761 1563 48 25 lays
829 1569 13 14 a
857 1560 130 22 foundation
1007 1559 34 21 for
1059 1565 14 14 a
1092 1555 180 24 BEAUTIFUL

688 1589 89 23 HEAD
793 1589 40 21 OF
851 1587 87 22 HAIR.

715 1624 43 21 ON
773 1621 211 24 PURCHASING,
1001 1620 119 25 (Beware
1139 1617 30 21 of
1183 1617 90 19 Coun-

688 1651 105 20 terfeits
803 1650 6 21 !
818 1650 17 26 !)
855 1649 39 21 ask
911 1649 32 20 for
991 1645 137 23 Rowland's
1147 1643 127 25 Macassar

756 1689 28 4 —
786 1676 43 23 and
850 1683 35 14 see
906 1675 47 21 that
969 1674 62 21 those
1051 1672 71 22 words
1137 1677 37 14 are
1193 1676 28 14 on
1237 1668 37 22 the

689 1704 114 27 envelope,
814 1703 51 21 with
877 1702 36 21 the
923 1702 117 25 Signature
1050 1699 44 21 and
1099 1697 107 26 Address,
1217 1695 56 27 thus,

716 1739 28 21 A.
757 1736 160 24 ROWLAND
929 1736 20 20 &
960 1734 65 26 SON,
1036 1736 34 24 20,
1078 1732 86 22 Hatton
1176 1730 97 26 Garden,

956 1761 101 22 London.

789 1795 194 27 Counter-signed,
995 1788 102 28 ALEX.'
1105 1791 169 24 ROWLAND.

716 1834 34 22 To
767 1839 80 15 ensure
861 1830 38 22 the
916 1829 94 28 genuine
1026 1828 84 25 article,
1124 1833 36 15 see
1177 1825 49 21 that
1239 1826 38 19 the

691 1861 61 21 word
767 1858 137 22 "Rowland's
923 1857 109 20 Macassar
1115 1861 37 14 are
1163 1859 114 19 engraven

691 1896 27 13 on
730 1887 38 21 the
776 1885 59 23 back
848 1885 25 21 of
880 1884 36 22 the
927 1883 107 26 envelope
1051 1881 78 26 nearly
1140 1880 54 21 1500
1205 1879 71 25 times,

692 1915 129 24 containing
831 1913 75 26 29,02S
915 1911 102 21 letters—
1020 1915 106 15 without
1144 1914 53 13 this
1217 1913 61 14 none

694 1949 19 14 IS
729 1947 111 16 GENUINE.

692 1974 64 21 Price
767 1974 30 20 3s.
809 1970 36 23 Cd.
854 1979 5 17 ;
872 1970 43 25 75.;
931 1969 86 26 Family
1035 1967 91 26 Bottles,
1139 1963 141 28 (containing

719 1998 141 25 four.small,)
869 1998 42 19 10s.
922 1996 43 26 6d.,
977 1995 42 21 and
1031 1993 82 22 double
1125 1992 47 21 that
1182 1991 44 21 size
1233 1992 45 19 21s.

720 2034 40 20 per
768 2024 79 23 bottle.
879 2036 3 9 >

795 2076 40 20 To
856 2073 169 26 Proprietors
1042 2070 28 21 of
1085 2069 91 22 Stock.

695 2110 51 47 A
770 2103 197 27 GENTLEMAN
988 2103 48 21 who
1056 2103 40 20 has
1116 2101 58 21 been
1195 2097 87 23 several

774 2141 63 21 years
845 2133 23 21 in
879 2132 79 25 charge
969 2130 25 21 of
1005 2129 64 22 stock
1078 2129 24 21 in
1113 2126 113 27 England,
1237 2125 46 21 and

695 2163 49 21 who
760 2162 40 21 has
809 2161 59 21 been
887 2165 61 15 more
968 2157 53 21 than
1042 2156 78 21 twelve
1140 2153 90 22 months
1258 2159 23 14 in

697 2190 79 26 chaige
788 2188 25 21 of
831 2194 41 14 one
890 2185 25 22 of
932 2185 38 21 the
988 2184 83 26 largest
1089 2181 80 22 dairies
1186 2187 23 14 in
1231 2180 54 20 Port

696 2216 130 25 Nicholson,
837 2214 41 21 has
889 2210 137 23 determined
1035 2213 22 18 to
1068 2208 105 22 establish
1188 2214 13 14 a
1216 2208 68 25 sheep

696 2244 43 20 and
750 2242 66 23 cattle
827 2240 87 24 station,
925 2239 99 21 between
1036 2233 143 24 Poriruaand
1186 2233 99 26 Wanga-

697 2270 39 22 nui
766 2268 52 22 with
833 2267 37 22 the
886 2265 110 22 intention
1014 2264 25 21 of
1057 2263 77 26 taking
1153 2261 68 26 sheep
1239 2260 47 21 and

697 2297 67 22 cattle
775 2303 28 14 on
814 2294 82 26 shares,
908 2300 24 13 or
939 2290 122 25 otherwise,
1073 2297 24 14 as
1103 2296 53 23 may
1163 2288 29 21 be
1203 2287 83 27 agreed

696 2331 68 19 upon.
793 2322 48 22 The
857 2327 48 14 new
916 2318 73 23 North
998 2318 72 25 Road,
1081 2323 50 15 now
1141 2315 24 21 in
1175 2320 110 22 progress,

698 2351 45 21 will
753 2350 50 27 give
814 2348 38 21 the
864 2350 56 18 most
928 2346 86 27 perfect
1022 2344 86 26 facility
1125 2342 26 22 of
1162 2348 125 15 communi-

698 2378 75 24 cating
781 2377 31 25 by
822 2374 55 23 knd
887 2373 50 22 with
948 2372 37 21 the
1000 2371 92 27 grazing
1104 2369 98 22 districts
1216 2367 24 22 in
1249 2367 37 21 the

698 2405 71 21 above
793 2401 113 23 indicated
928 2399 114 22 direction.
1090 2397 44 21 For
1157 2395 131 27 particulars

699 2431 66 27 apply
774 2434 21 17 to
805 2429 38 21 the
856 2429 85 20 Gazette
952 2426 70 22 office.

746 2471 270 25 RQWLASTD'S
1044 2467 196 24 ODOKTO,

979 2511 37 18 OR,

831 2539 104 23 PEARL
960 2535 198 25 DENTIFRICE,

690 2579 51 47 A
770 2576 103 21 WHITE
890 2572 132 25 POWDER,
1035 2571 27 24 of
1076 2570 95 21 Oriental
1179 2568 72 20 Herbs
1268 2567 26 21 of

782 2604 37 21 the
841 2604 58 19 most
908 2600 111 26 delightful
1021 2598 154 26 fragrance.—
1178 2596 23 20 lt
1221 2594 70 22 eradi-

703 2635 60 18 cates
774 2631 79 20 Tartar
862 2628 45 22 and
916 2626 99 28 decayed
1026 2626 64 26 Spots
1100 2625 58 20 from
1168 2623 39 21 the
1219 2623 70 25 Teeth,

702 2665 115 19 preserves
826 2657 38 21 the
873 2655 93 25 Enamel,
978 2653 42 22 and
1031 2652 56 22 fixes
1097 2651 38 22 the
1146 2651 63 19 Teeth
1219 2650 73 25 firmly

703 2692 24 15 in
735 2685 58 21 their
800 2683 95 25 sockets,
901 2681 121 25 rendering
1028 2679 61 22 them
1097 2678 109 25 delicately
1215 2677 77 20 White.

705 2712 72 27 Being
800 2718 28 14 an
855 2708 188 24 Anti-Scorbutic,
1068 2706 17 21 it
1109 2705 122 22 eradicates
1255 2703 38 21 the

706 2739 85 26 Scurvy
800 2741 59 17 trom
876 2736 36 21 the
924 2736 70 24 Gums,
1008 2734 136 24 strengthens,
1160 2732 76 25 braces,
1249 2730 45 23 and

706 2765 90 22 renders
806 2764 62 22 them
884 2763 25 21 of
920 2770 14 14 a
941 2761 92 27 healthy
1043 2760 51 23 red;
1108 2761 18 20 it
1135 2765 102 15 removes
1251 2764 42 15 un-

706 2793 102 26 pleasant
826 2793 68 19 tastes
908 2789 56 22 from
984 2788 36 21 the
1036 2786 86 27 mouth,
1140 2785 73 22 which
1233 2785 61 21 often

706 2819 87 22 remain
804 2818 57 21 after
877 2816 79 26 fevers,
968 2815 77 26 taking
1061 2813 118 26 medicine,
1191 2812 47 26 &c,
1252 2811 44 21 and

708 2847 92 26 imparts
810 2852 14 14 a
833 2844 112 25 delightful
950 2843 119 25 fragrance
1080 2845 22 18 to
1113 2841 37 21 the
1159 2839 88 22 breath.

779 2880 63 22 Price
854 2880 30 20 2s.
896 2877 35 22 9d.
941 2884 40 21 per
990 2877 51 26 box,
1054 2875 54 26 duty
1118 2872 115 24 included.

711 2917 49 22 |@ggr
779 2913 98 21 Notice
879 2924 27 3 —
906 2912 47 22 The
970 2911 72 21 Name
1052 2909 46 22 and
1113 2907 102 23 Address
1224 2906 26 22 of
1260 2906 38 22 the

933 2938 143 27 Proprietors,

711 2974 27 21 A.
759 2972 154 22 BOWLANJD
929 2971 17 27 $
962 2971 65 23 SON,
1043 2970 34 25 20,
1098 2969 84 19 Hatton
1208 2966 89 26 Garden,

961 2998 93 20 London.

713 3040 37 14 are
761 3031 112 28 engraved
885 3038 26 14 on
920 3030 38 21 the
970 3030 151 21 Government
1132 3026 84 26 Stamp,
1226 3024 74 22 which

712 3060 20 21 is
741 3059 76 28 pasted
830 3066 29 14 on
869 3058 38 21 the
1086 3054 45 22 and
1169 3053 99 21 Odonto
1276 3051 23 26 ;''

714 3087 45 22 also
767 3085 93 28 printed,
872 3085 25 21 in
912 3085 44 25 red,
967 3091 28 14 on
1011 3082 37 22 the
1064 3082 108 26 Wrapper
1186 3086 26 14 in
1229 3079 73 21 which

715 3114 36 21 the
763 3113 102 26 Kalydor
873 3112 20 21 is
903 3110 108 23 enclosed.

741 3148 111 20 Beware
871 3145 31 21 of
913 3143 184 22 Counterfeits
1106 3141 19 22 !!
1142 3138 119 29 composed
1277 3138 29 22 of

701 3170 1 13 1
716 3174 37 21 the
764 3176 58 19 most
830 3172 124 28 pernicious
964 3170 45 22 and
1019 3169 75 27 trashy
1102 3167 146 28 ingredients,
1259 3165 45 22 and

716 3200 73 23 which
800 3207 38 14 are
853 3197 125 29 frequently
987 3196 90 28 pressed
1093 3201 62 22 upon
1163 3193 39 21 the
1212 3199 92 21 unwary

716 3227 73 22 under
797 3226 39 21 the
846 3225 50 22 lure
906 3225 24 21 of
936 3225 59 24 being
1005 3224 70 25 cheap.

739 3261 33 22 Be
781 3267 53 15 sure
842 3263 23 18 to
876 3259 38 21 ask
923 3259 35 21 for
989 3256 159 23 Rowland's
1182 3253 105 23 Articles.

720 3296 52 22 Sold
778 3296 105 26 byexery
892 3294 127 21 Perfumer
1024 3291 46 22 and
1078 3291 122 21 Medicine
1206 3289 102 21 Vender.

823 3320 137 28 throughout
967 3319 38 22 the
1016 3318 103 23 civilized
1127 3316 78 22 world.

760 3366 251 24 ROWLAND'S
1046 3363 220 23 KALYDOR,

739 3402 17 19 A
787 3397 225 24 PREPARATION
1022 3397 58 21 from
1090 3395 94 21 Oriental
1188 3395 95 25 Exotics,
1290 3393 18 22 is

722 3426 102 23 jtjLnow
833 3425 134 26 universally
973 3425 84 21 known
1068 3430 23 15 as
1101 3423 37 21 the
1148 3423 48 24 only
1206 3421 46 21 safe
1263 3420 46 22 and

723 3454 98 22 efficient
826 3454 109 25 protector
944 3451 46 23 and
1000 3451 107 26 beautifier
1118 3449 25 21 of
1150 3449 37 21 the
1198 3448 57 22 Skin
1266 3447 44 22 and

723 3482 160 21 Complexion.
912 3479 31 21 Its
962 3478 83 22 virtues
1063 3484 38 15 are
1121 3475 128 26 commonly
1266 3475 33 21 dis

723 3507 82 29 played
822 3507 24 22 in
866 3505 134 27 thoroughly
1016 3503 137 26 eradicating
1168 3501 34 23 all
1214 3503 96 25 pimples,

723 3537 64 24 spots,
797 3534 92 26 redness,
899 3535 44 21 tan,
952 3533 103 24 freckles,
1066 3531 45 22 and
1121 3530 63 22 other
1195 3528 116 28 unsightly

725 3562 111 21 cutaneous
852 3560 85 27 defects,
958 3560 23 21 in
999 3558 90 26 healing
1108 3557 115 25 chilblains,
1240 3557 70 26 chaps,

725 3589 47 22 and
785 3590 24 21 in
826 3588 118 26 rendering
960 3587 39 21 the
1008 3588 58 19 most
1079 3583 73 28 rough
1162 3583 46 22 and
1223 3590 88 16 uneven

726 3616 55 25 skin,
793 3614 123 28 pleasantly
926 3613 44 22 soft
980 3613 43 21 and
1042 3611 96 23 smooth.
1166 3610 34 22 To
1210 3609 39 23 the
1257 3616 56 15 com-

722 3643 94 27 plexion,
826 3641 19 22 it
853 3641 90 27 imparts
960 3648 13 13 a
984 3639 100 25 juvenile
1100 3640 86 20 roseate
1203 3636 53 27 hue,
1268 3637 46 22 and

729 3675 21 17 to
759 3669 39 22 the
808 3668 58 26 neck,
877 3668 62 26 hand,
951 3668 48 20 and
1006 3672 53 20 arm,
1071 3672 14 14 a
1096 3663 102 28 delicacy
1208 3663 44 22 and
1261 3664 54 22 fair-

728 3703 50 16 ness
788 3694 135 23 unrivalled..

756 3728 23 21 It
788 3728 19 20 is
817 3725 125 22 invaluable
948 3733 24 14 as
979 3732 14 14 a
997 3723 132 28 renovating
1137 3721 45 22 and
1191 3722 124 27 refreshing

729 3754 77 26 Wash,
824 3753 82 26 during
925 3751 124 27 travelling,
1070 3757 25 15 or
1114 3756 108 20 exposure
1241 3753 23 18 to
1277 3750 38 21 the

730 3788 49 20 sun,
791 3781 58 25 dust,
861 3787 25 14 or
900 3778 152 26 harsh-winds,
1064 3776 44 23 and
1118 3777 56 21 after
1184 3775 39 22 the
1234 3776 83 21 heated

730 3807 142 27 atmosphere,
888 3806 24 21 of
925 3804 102 23 crowded
1044 3802 133 24 assemblies.
1179 3814 28 4 —
1210 3802 107 23 Gentle-

732 3842 58 18 men*
795 3833 45 22 will
847 3832 49 23 find
904 3833 18 21 it
929 3830 121 30 peculiarly
1057 3830 96 27 grateful
1163 3829 58 22 after
1226 3830 93 26 shaving

732 3863 26 23 in,
767 3860 99 28 allaying
875 3860 37 21 the
922 3859 116 22 irritation.

733 3894 65 21 Price
802 3894 33 20 4s.
842 3891 36 22 6d.
887 3891 43 22 and
937 3892 30 20 Bs.
976 3889 34 23 6d.
1016 3896 40 21 per
1063 3889 76 26 bottle,
1146 3888 54 27 duty
1205 3887 113 23 included.

735 3931 413 55 CHAS-TERPAPvTlESjfqrsaie
1158 3935 68 19 attne
1234 3933 86 22 Oa/iette

792 3962 78 22 Office.
1023 3981 5 2 .

233 156 93 19 House
342 155 28 18 to
386 149 57 21 tet.

48 192 51 47 A
128 190 86 21 GOOD
235 189 130 21 substantial
384 188 75 26 house,
474 185 54 23 with
542 185 91 21 kitchen

127 217 42 21 and
179 217 135 26 out-houses,
327 219 22 18 to
358 216 33 22 let
400 217 23 21 in
439 215 193 22 Manners-street.

47 245 45 20 For
106 243 137 28 particulars,
254 243 67 27 apply
331 246 24 18 to
367 243 43 21 Mr.
422 239 121 25 Brewer's
555 238 77 22 Office.

48 296 85 24 Land,
146 296 52 20 and
213 297 161 20 unselected
388 295 76 21 Land
478 293 99 20 Orders
592 291 43 20 for

171 323 69 24 Sale,
257 329 37 14 on
308 323 95 21 liberal
419 324 92 18 terms.

51 356 67 49 TO
134 356 37 21 BE
187 356 87 26 SOLD,
291 357 30 27 by
335 356 84 28 private
438 355 106 24 contract,
565 350 70 27 single

111 383 94 21 sections
215 391 27 13 on
254 384 37 21 the
302 382 105 28 principal
414 381 57 22 lines
478 380 24 21 in
511 379 38 21 the
559 377 77 22 vallies

50 410 26 20 of
88 410 36 21 the
137 410 57 21 Hutt
203 410 44 21 and
258 410 37 21 the
313 408 122 26 Horokiwi,
447 406 43 22 and
508 413 28 13 on
546 405 36 20 the
593 404 43 21 Po-

50 436 59 21 rirua
120 436 62 21 Road
191 445 5 18 ;
212 436 46 21 also
274 436 77 21 blocks
368 435 25 21 of
404 434 61 26 land,
483 432 26 22 of
522 436 41 17 two
579 431 58 21 hun-

51 462 54 22 dred
125 463 44 21 and
189 463 60 21 three
269 462 103 22 hundred
392 467 62 16 acres
473 459 62 26 each,
554 458 23 21 in
600 457 38 21 the

50 489 125 22 immediate
186 490 92 26 vicinity
289 489 25 21 of
327 488 36 22 the
374 488 68 21 Town
454 486 25 21 of
489 485 148 26 Wellington.

52 516 61 26 Also,
127 516 73 21 orders
214 516 34 21 for
266 519 94 23 country
370 514 53 22 land
440 512 43 23 still
499 509 139 26 unselected,

51 542 70 21 cither
131 542 71 27 singly
214 550 24 13 or
248 542 23 21 in
281 542 50 26 lots,
343 541 45 22 and
398 540 52 22 with
462 547 23 13 or
497 538 95 21 without
602 536 36 22 the

50 570 67 20 Town
129 569 76 24 Acres,
217 573 22 17 to
249 570 45 19 suit
304 568 137 27 purchasers.

80 595 73 28 Apply
163 599 21 18 to
195 596 39 21 Dr.
247 596 85 26 Evans,
346 594 109 22 Lambton
467 593 72 26 Quay.

52 627 22 21 A
84 627 77 21 liberal
172 627 71 21 credit
250 627 69 26 given
330 629 22 18 to
362 624 136 28 respectable
510 622 131 28 purchasers

138 653 119 26 intending
268 657 21 17 to
301 653 64 21 settle
376 659 58 20 upon
446 652 36 21 the
492 650 61 21 land.

265 702 164 28 Wanganui.

54 740 69 47 TO
139 739 63 26 LET,
219 746 14 14 a
248 737 151 23 commodious
418 735 114 22 residence
548 733 25 21 of
589 732 50 21 four

129 773 78 19 rooms,
219 766 76 25 facing
306 765 36 21 the
352 764 70 25 river;
438 761 129 28 plate-glass
577 759 64 21 doors

56 792 45 21 and
111 793 108 25 windows,
233 792 50 21 with
302 791 72 25 cellar,
386 789 42 22 and
445 797 12 13 n
471 787 101 27 spacious
588 786 55 20 floor

57 820 77 21 above.
174 819 88 21 Garden
283 819 22 20 in
325 817 41 21 full
384 815 137 23 cultivation.
556 813 87 25 Terms,

56 846 47 21 £30
113 853 40 19 per
162 852 92 14 annum.

85 873 54 20 Also
149 879 12 13 a
172 871 89 26 similar,
272 871 41 21 but
321 870 73 25 larger
402 867 123 23 residencp.
557 866 86 22 Terms.

59 899 46 22 £40
114 905 40 20 per
163 906 90 14 annum.
283 896 74 28 Apply
368 900 21 17 to

487 921 47 21 Dr.
549 920 71 20 Rees.

88 952 65 27 April
165 953 33 25 18,
210 953 61 19 1843.

59 1003 40 19 To
116 1002 160 20 Gentlemen
292 1000 146 25 intending
453 1000 27 18 to
497 998 76 19 enter
588 996 59 21 into

86 1030 44 20 the
159 1027 143 27 profitable
331 1026 108 26 pursuit
469 1024 30 21 of
526 1023 123 25 Grazing

87 1056 55 20 and
162 1054 137 26 Breeding
318 1053 91 23 Stock,
432 1052 43 20 for
493 1050 90 21 which
605 1050 42 19 the

88 1082 87 21 fertile
196 1081 110 20 Islands
328 1080 30 21 of
375 1079 69 20 New
462 1077 122 22 Zealand
604 1081 44 15 are

88 1116 31 14 so
134 1107 151 27 peculiarly
299 1107 126 26 adapted.

62 1142 91 49 THE
164 1141 153 26 undersigned
326 1142 43 25 beg
380 1144 21 17 to
409 1140 81 21 inform
501 1138 59 22 their
565 1137 85 21 friends
662 1135 2 37 J

132 1169 45 21 and
193 1168 38 21 the
245 1168 76 31 public
337 1167 122 27 generally,
476 1165 49 21 that
542 1165 53 26 they
605 1164 46 21 will

63 1200 99 17 contract
185 1196 35 21 for
240 1194 37 22 the
303 1194 98 27 delivery
428 1194 25 20 of
475 1192 37 21 the
537 1191 115 26 following

63 1223 133 26 description
210 1222 26 21 of
243 1221 75 27 Stock,
326 1222 22 20 in
358 1228 43 19 any
413 1221 53 20 Port
476 1219 25 21 of
515 1218 36 21 the
563 1217 89 22 Islands

64 1250 26 21 of
97 1250 55 22 New
162 1248 100 23 Zealand
270 1256 5 13 :
278 1259 28 4 —

88 1281 98 23 Horned
201 1280 67 22 cattle
287 1279 125 28 (improved
426 1277 89 27 breeds)
532 1277 25 22 of
566 1276 34 22 -all
615 1276 39 21 de-

66 1309 123 27 scriptions,

94 1336 90 25 Horses,
205 1335 57 21 from
286 1334 37 21 the
346 1334 50 21 best
415 1331 94 28 English
530 1330 44 21 and
593 1330 61 21 Arab

66 1363 69 26 studs,
153 1361 93 23 suitable
262 1361 35 21 for
316 1361 84 25 racing,
415 1358 84 27 saddle,
511 1365 25 13 or
548 1357 92 21 harness
648 1365 5 18 ;

66 1390 45 22 and
120 1389 106 26 breeding
236 1395 81 19 mares,

95 1417 58 21 Pure
162 1417 74 20 Saxon
247 1415 45 21 and
302 1414 87 21 merino
399 1421 64 18 ewes,

94 1442 120 22 Half-bred
230 1441 114 22 Leicester
359 1440 44 21 and
419 1438 87 23 merino
525 1445 63 17 ewes,
607 1444 49 20 par-

67 1469 102 27 ticularly
179 1468 96 27 adapted
289 1468 35 21 for
333 1468 44 20 this
388 1470 99 22 country,
499 1473 24 13 as
534 1464 52 27 they
594 1464 61 21 unite

68 1497 82 26 weight
160 1496 24 21 of
191 1502 87 15 carcass
288 1494 53 21 with
351 1494 97 21 fineness
459 1492 24 21 of
490 1492 65 21 wool.
576 1508 8 5 .

95 1524 48 21 The
167 1522 151 26 undersigned
341 1528 41 14 can
410 1518 167 23 accommodate
605 1524 53 20 pur-

70 1551 88 21 chasers
174 1549 24 21 of
212 1549 58 21 their
280 1548 68 21 Stock
365 1547 51 21 with
436 1546 114 21 extensive
565 1544 93 27 grazing

68 1585 61 15 runs,
141 1576 76 22 within
228 1577 40 19 100
278 1574 64 22 miles
353 1574 26 21 of
385 1574 43 21 this
439 1574 59 21 Port.

330 1607 36 22 W.
382 1607 25 21 B.
423 1607 97 21 Rhckes
535 1605 42 21 and
593 1605 38 21 Co.

205 1660 88 19 Town
311 1657 30 21 of
353 1657 169 21 Manewatu.

73 1694 91 49 THE
185 1690 214 24 PROPRIETORS
424 1690 26 21 of
475 1689 38 20 the
535 1689 61 20 three
612 1688 54 21 first

160 1720 87 21 choices
263 1722 24 18 at
296 1719 38 20 the
351 1718 44 21 last
409 1716 107 22 selection
527 1715 25 21 of
567 1718 92 23 country
671 1716 2 25 j

70 1748 71 25 lands,
155 1747 83 25 having
257 1744 139 23 determined
409 1750 62 20 upon
487 1742 39 21 the
543 1742 40 21 site
598 1742 35 21 for
647 1749 13 13 a
672 1745 1 25 J

85 1781 92 22 TOWN
193 1780 43 21 ON
250 1779 66 22 THE
333 1776 189 24 MANEWATU
537 1776 106 25 RIVER,
673 1781 1 16 i

72 1814 56 21 after
133 1813 78 20 several
219 1812 60 19 visits
288 1814 23 17 to
320 1810 38 21 the
367 1808 186 28 ncighbouroood,
565 1807 48 22 and
623 1807 37 22 the

73 1843 57 19 most
149 1838 85 23 careful
252 1838 46 21 and
316 1835 83 24 minute
419 1835 151 22 examination
586 1835 26 21 of
624 1835 37 20 the

74 1872 71 17 entire
161 1866 91 26 district,
268 1864 66 22 aided
351 1864 30 26 by
390 1863 37 22 the
443 1861 145 29 professional
603 1861 57 26 skill,

71 1894 139 26 I-:i.owledge,
230 1892 44 21 and
289 1891 130 28 experience
436 1890 25 21 of
473 1889 38 21 the
527 1892 59 17 most
602 1895 60 14 com-

73 1924 77 24 petent
158 1919 87 28 judges,
262 1924 93 22 propose
370 1921 23 18 to
406 1917 58 21 -offer
475 1916 33 21 for
525 1915 104 28 disposal,
641 1918 22 18 at

223 1946 38 21 the
272 1948 93 24 -present
374 1944 59 26 time,
446 1943 68 22 about

74 1977 220 24 TWENTY-FIVE
328 1976 106 25 ACRES,
475 1974 34 21 IN
548 1973 126 23 ALLOT-.

75 2005 112 25 MENTS,
203 2003 87 22 EACH
312 2002 39 21 OF
376 2002 62 21 ONE
460 2000 150 23 QUARTER
625 2000 37 21 OF
676 2003 1 27 j

293 2029 43 21 AN
354 2028 90 22 ACRE.

102 2067 47 23 The
158 2069 49 25 spot
216 2066 51 21 thus
277 2062 97 23 selected
386 2068 110 22 possesses
506 2060 37 22 the
553 2064 59 18 most
628 2068 36 14 ex-

75 2094 86 23 tensive
174 2093 102 25 frontage
290 2094 24 18 to
331 2090 55 27 deep
398 2092 70 18 water
482 2088 27 21 of
520 2095 43 20 any
579 2095 29 13 on
628 2087 36 21 the

76 2122 65 21 river.
170 2120 21 21 It
207 2120 20 21 is
247 2117 95 23 situated
358 2117 47 26 just
418 2118 23 19 at
457 2115 49 21 that
525 2115 63 26 point
608 2114 55 21 from

139 2146 71 23 which
220 2153 14 14 a
243 2145 54 22 road
309 2143 73 23 would
391 2141 85 23 branch
486 2141 35 22 off
527 2146 22 16 to
560 2141 38 21 the

78 2186 94 16 ■WOODED
195 2186 47 14 AND
264 2183 97 15 FERTILE
382 2181 117 16 DISTRICTS
522 2181 75 14 ALONG
622 2180 44 14 THE
678 2188 2 7 ,

248 2212 56 14 BASE
318 2211 28 13 Or
360 2210 45 14 THE
421 2209 74 18 HILLS,
679 2207 1 29 j

78 2241 43 22 and
134 2240 69 21 above
214 2238 73 22 which
298 2237 36 22 the
349 2236 129 26 navigation
492 2235 35 21 for
537 2233 82 23 vessels
628 2234 39 21 be-

78 2275 75 15 comes
163 2267 85 23 tedious,
259 2266 24 24 if
287 2266 37 19 not
334 2264 87 26 difficult
459 2262 21 21 It
487 2261 18 21 is
513 2261 109 21 therefore
629 2260 37 22 the

240 2294 1 5 '
274 2292 65 27 point
349 2291 72 21 whoro
432 2289 37 21 the

80 2328 88 24 LAND
183 2327 68 22 AND
266 2324 115 22 WATER
395 2321 163 24 CARRIAGE
573 2320 93 23 MEET,

80 2361 50 22 and-
134 2360 73 21 where
217 2366 12 14 a
239 2358 70 21 Town
327 2364 60 14 must
402 2363 27 14 be
445 2362 91 20 formed
553 2353 66 21 when
630 2353 38 21 the
682 2361 1 27 j

81 2387 85 23 district
180 2386 19 21 is
207 2384 90 23 settled.
327 2384 22 21 It
358 2390 43 14 was
412 2381 97 23 selected
525 2381 31 26 by
565 2380 38 21 the
617 2381 52 21 Sur-
682 2389 1 22 j

80 2415 81 26 veying
171 2413 58 22 Stall'
242 2419 23 14 as
276 2412 37 21 the
323 2410 137 22 rendezvous
470 2408 36 21 for
521 2407 57 21 their
592 2407 61 26 body
662 2414 6 19 ;

82 2442 43 22 and
135 2441 40 21 has
183 2440 58 21 been
251 2445 51 15 now
315 2437 78 26 found,
403 2437 58 20 after
472 2434 86 22 several
574 2434 95 21 months'
683 2434 1 30 |

80 2468 104 25 location,
196 2470 21 17 to
232 2466 28 21 he
269 2465 39 21 the
318 2467 57 18 most
565 2461 103 27 position,
683 2464 1 30 j

81 2496 59 21 from
149 2495 34 20 'its
198 2492 97 28 peculiar
317 2491 85 26 facility
418 2490 26 21 of
455 2487 113 29 approach
578 2487 54 22 both
642 2487 28 27 by
683 2491 2 24 j

81 2522 55 22 land
146 2520 45 23 and
200 2523 75 19 water.
525 2534 5 4 -
683 2520 2 19 !

102 2555 39 21 filn
151 2552 152 23 confirmation
315 2551 26 22 of
347 2551 37 22 the
395 2548 130 29 superiority
537 2548 25 21 of
571 2548 43 21 this
624 2549 49 25 spot

84 2589 53 15 over
146 2586 44 21 any
200 2579 63 22 other
272 2582 39 24 yet
320 2579 88 25 known,
419 2577 39 21 the
470 2576 90 21 Messrs.
569 2574 103 26 Kebbell,

85 2610 58 21 after
160 2607 38 21 the
217 2606 151 22 examination
386 2605 24 21 of
427 2604 37 21 the
482 2602 60 21 river
558 2602 59 21 from
636 2600 37 22 the

85 2634 90 24 Paneiri
184 2633 47 23 Pah
242 2637 22 18 to
274 2633 29 21 its
313 2631 85 27 ruouth,
409 2628 141 24 determined
564 2635 29 14 on
604 2631 71 18 erect-

325 2660 38 25 ing
376 2658 58 22 their

87 2696 66 24 SAW
167 2694 80 24 MILL
268 2689 231 26 IMMEDIATELY
515 2684 159 26 OPPOSITE.

85 2730 49 22 The
152 2727 70 23 works
241 2725 25 23 of
281 2725 51 21 that
349 2722 171 23 establishment
538 2727 36 15 are
595 2723 23 18 at
633 2719 43 22 this

88 2758 99 20 moment
205 2755 23 20 in
243 2752 66 27 rapid
323 2757 108 21 progress,
450 2748 43 22 and
513 2747 36 22 the
567 2746 110 28 proposed

88 2784 69 21 Town
167 2781 44 22 will
221 2778 134 26 necessarily
361 2778 91 27 partake
460 2775 24 22 of
491 2774 44 22 this
544 2774 132 26 advantage.

115 2814 49 23 The
182 2812 94 22 nucleus
282 2810 35 22 -of
334 2817 12 13 a
364 2809 68 21 Town
449 2808 26 25 is,
484 2807 25 21 in
523 2806 52 26 fact,
588 2805 90 27 already

92 2840 95 25 created,
195 2840 31 26 by
236 2839 37 20 the
285 2835 165 24 concentration
467 2833 23 21 of
505 2833 39 21 the
555 2833 125 26 Surveying

92 2868 58 22 Staff
156 2874 29 15 on
195 2866 49 21 that
253 2868 56 24 spot,
321 2871 23 13 as
354 2863 37 21 the
401 2865 75 18 centre
492 2860 26 21 of
529 2859 151 22 communica-

92 2896 46 21 tion
147 2897 25 18 to
182 2893 37 22 the
229 2890 150 26 surrounding
388 2889 96 25 district;
502 2887 38 21 the
551 2886 98 22 erection
659 2886 25 21 of

94 2924 89 20 Messrs.
195 2918 117 23 Kebbell's
327 2918 49 21 Saw
393 2915 62 23 Mills
473 2913 97 28 opposite
578 2921 5 19 ;
600 2914 30 25 by
643 2913 37 21 the

94 2950 163 24 arrangements
271 2945 35 22 for
321 2951 28 14 an
367 2943 113 21 extensive
492 2939 99 23 General
603 2941 63 23 Store
674 2948 6 18 ;

94 2976 44 22 and
147 2976 30 26 by
184 2974 37 21 the
231 2973 44 21 late
285 2971 133 28 application
426 2970 33 21 for
469 2976 13 13 a
487 2967 111 23 Licensed
605 2967 77 21 House

94 3011 26 14 on
131 3002 37 21 the
177 3004 49 24 part
236 3000 25 21 of
273 3006 29 14 an
313 2996 123 23 individual
450 2993 49 24 wlio
515 2995 47 26 has,
574 2994 61 21 since
646 2993 36 22 the

93 3029 117 22 formation
229 3027 25 20 of
269 3026 39 21 the
325 3025 90 26 Colony,
431 3021 98 29 pursued
546 3028 13 14 a
577 3021 106 21 lucrative

95 3056 63 22 trade
168 3054 53 23 with
229 3054 39 21 the
278 3052 94 25 natives,
384 3050 45 22 and
440 3049 73 22 whose
523 3047 132 27 knowledge
662 3047 25 21 of

96 3084 37 21 the
144 3082 136 24 advantages
290 3079 25 21 of
321 3079 39 20 the
370 3077 101 28 position,
479 3075 117 28 prompted
606 3075 46 21 him
662 3077 24 18 at

97 3117 56 14 once
164 3112 22 18 to
194 3108 74 27 prefer
277 3106 50 21 that
338 3103 142 29 application.

123 3141 48 23 The
181 3132 94 30 Natives
288 3138 32 27 by
328 3136 73 21 whom
417 3133 44 24 this
471 3134 55 21 land
537 3141 44 14 was
591 3133 95 22 claimed

99 3176 36 14 nre
146 3167 59 28 quite
215 3164 111 28 prepared
334 3167 22 18 to
365 3164 50 26 give
421 3169 31 20 up
459 3161 132 28 possession,
599 3160 45 21 and
649 3167 38 14 are

99 3193 145 27 exceedingly
254 3192 94 21 anxious
361 3193 22 18 to
398 3189 58 22 have
466 3195 14 14 a
488 3188 121 27 European
619 3194 69 21 popu-

101 3213 66 31 'iltion
178 3226 81 20 among
269 3218 67 26 them,
348 3216 83 26 having
448 3216 56 21 been
515 3221 59 21 upon
584 3214 38 21 the
631 3215 58 20 most

99 3247 95 28 friendly
201 3246 87 26 footing
297 3244 54 22 -with
360 3244 37 25 the
409 3242 126 26 Surveying
546 3241 57 22 Staff
609 3240 81 28 during

96 3276 39 22 the
146 3275 48 21 four
204 3281 24 14 or
238 3273 43 21 five
291 3270 89 23 months
389 3268 52 29 they
462 3268 58 23 have
535 3268 57 22 been
602 3268 88 21 located

97 3303 71 22 there.

170 3333 36 21 the
214 3331 139 28 Proprietors
362 3336 94 21 purpose
465 3331 22 18 to
497 3327 89 27 dispose
596 3327 27 21 of
629 3327 40 21 but
678 3333 13 14 a

99 3360 85 23 limited
187 3364 3 10 1
200 3359 88 27 portion
306 3357 26 21 of
341 3357 39 22 the
394 3357 69 21 Town
480 3358 22 18 at
521 3357 96 24 present,
638 3353 52 27 they

99 3387 80 28 pledge
188 3385 134 22 themselves
330 3383 55 26 that,
396 3387 23 17 at
428 3390 29 14 no
476 3381 73 21 future
560 3381 64 28 sales,
635 3380 56 22 shall

101 3415 39 22 the
151 3414 127 21 allotments
286 3411 29 21 be
325 3413 39 24 put
370 3417 30 19 up
410 3412 23 18 at
443 3417 12 13 a
466 3406 45 23 less
521 3415 49 14 sum
579 3407 59 22 than;
643 3414 49 14 now

103 3440 90 24 offered.
637 3453 3 9 i

132 3475 22 21 A
172 3472 132 26 Prospectus
324 3468 44 22 and
388 3467 55 22 Han
464 3467 24 20 of
504 3466 38 21 the
560 3466 69 21 Town
648 3465 46 22 will

104 3500 85 27 shortly
198 3499 30 21 be'
236 3494 68 29 ready
313 3496 35 20 for
356 3494 125 27 inspection
495 3496 25 18 at
531 3493 37 21 the
579 3490 83 24 Offices
671 3493 26 21 of

106 3526 96 25 Messrs:-
208 3524 69 21 Waitt
286 3522 46 23 and
340 3522 76 26 Tyser,
427 3521 32 21 Te
469 3520 54 21 Aro.

123 3564 4 5 '
132 3559 147 26 Wellington.
290 3555 66 23 April
365 3556 34 22 22,
409 3555 62 21 1842.
511 3572 3 4 .

279 3607 65 20 Just
365 3604 159 24 Published,

108 3644 92 51 THE
223 3637 215 26 WELLINGTON
462 3635 183 23 ALMANACK
662 3635 36 23 for

183 3671 68 22 1843:
270 3663 3 4 '
567 3663 15 21 '■
619 3678 5 13 :
649 3664 3 3 '

332 3698 133 16 -CONTENTS.
502 3694 78 27 '."'.,

135 3724 108 22 Weather
265 3721 79 26 Table,
365 3718 78 28 Cytale's
457 3715 52 23 land
534 3716 167 22 Astronomical'

108 3752 120 24 Numbers,
242 3747 118 26 Calendar,
378 3745 137 22 Gardener's
527 3743 50 23 .and-
588 3743 111 23 Faxmer's

109 3778 115 25 Calendar,
237 3772 184 28 Meteorological
435 3769 113 24 Tablefor
566 3771 61 25 1840,
639 3772 60 25 1,841,

110 3804 44 24 and
165 3806 59 24 1842,
237 3801 99 28 Eclipses
347 3802 25 20 of
381 3796 35 25 the
428 3799 47 21 Sun
485 3796 47 22 and
546 3796 82 27 -Moon,
645 3797 56 21 New

110 3830 100 25 Zealand
226 3830 123 26 Company,
360 3827 55 21 P<*st
430 3825 71 22 Office
515 3823 144 27 Regulations
667 3824 35 21 for

113 3858 55 22 Mew
179 3856 107 26 Zealand,
298 3855 57 21 £i*vil
372 3851 195 26 Establishment,.
572 3851 57 21 Fees
639 3851 62 21 Land

114 3884 89 24 Claims.'
228 3882 87 26 Office,'
331 3881 55 22 Post
396 3889 2 4 •
409 3879 100 22 Office—
512 3877 112 23 Colonial.
639 3877 67 27 Law,.

113 3912 74 23 Police
214 3910 99 21 Office—
315 3908 66 26 Petty
405 3907 110 25 Sessions,
547 3904 111 27 Holidays
681 3908 24 18 at

114 3938 77 24 Public
202 3936 88 27 Offices,
302 3933 120 24 DisßOuai.
423 3931 71 29 Days.
537 3940 6 3 -

402 3968 4 7 1
422 3965 24 23 «.
460 3964 36 24 Bd.

1272 123 303 24 EOLLOWAT'S
1604 121 255 21 OISTMEWi.

1381 156 158 27 HOLLOW
1534 154 81 26 AY'S
1637 152 115 27 PILLS.

1275 211 316 24 EXTRAORDINARY
1602 209 91 22 CURE
1710 208 31 21 of
1749 213 16 16 a
1775 206 85 22 CASE

1452 236 229 24 ABANDONED,

1277 274 33 22 By
1322 272 98 26 GUY'S,
1431 279 46 14 the
1487 267 258 26 METROPOLITAN,
1757 265 106 23 KING'S

1327 298 150 27 COLLEGE,
1494 305 46 14 and
1556 295 148 23 CHARING
1719 293 92 22 CROSS

1482 322 181 23 HOSPITALS.

1278 359 52 23 This
1346 359 55 21 Fact
1417 366 44 14 was
1477 356 113 23 SWORN
1608 354 40 23 TO
1665 353 44 22 this
1727 352 38 22 Bth
1784 351 44 28 day
1842 351 26 21 of

1306 386 87 26 March,
1401 386 60 23 1842,
1471 383 79 22 before
1562 382 36 21 the
1609 380 69 28 Right
1687 379 133 22 Honorable
1828 379 37 20 the

1306 412 62 22 Lord
1379 414 87 25 Mayor,
1477 413 24 18 at
1510 409 36 21 the
1562 406 195 24 Mansion-house.

1398 445 141 22 Summary
1562 441 31 21 of
1610 438 138 22 Affidavit.

1279 476 104 50 WM.
1398 474 136 26 BROOKE,
1551 473 139 25 Messenger,
1710 470 26 22 of
1747 471 19 25 2,
1783 468 85 22 Union-

1377 505 74 23 street,
1459 499 139 26 Southwark,
1605 498 103 24 London,
1717 495 92 23 maketh
1816 495 52 21 oath

1283 530 43 22 and
1337 529 65 26 saith,
1420 528 47 22 that
1481 528 29 21 he
1522 526 54 27 (this
1586 524 121 28 deponent)
1719 530 45 14 was
1774 521 96 23 afflicted

1284 556 50 22 with
1339 556 78 26 fifteen
1426 556 91 24 running
1526 554 69 21 ulcers
1609 559 29 14 on
1654 551 35 21 his
1704 549 42 22 left
1759 556 55 19 arm,
1825 549 45 21 and

1283 583 114 22 ulcerated
1412 589 59 15 sores
1485 581 47 22 and
1548 579 92 24 wounds
1658 585 30 14 on
1703 576 54 22 both
1771 576 54 26 legs,
1835 575 35 21 for

1284 609 73 22 which
1379 610 111 26 deponent
1512 615 45 14 was
1581 604 107 23 admitted
1712 610 30 15 an
1765 602 106 22 out-door

1285 636 86 28 patient
1380 639 24 18 at
1412 636 38 21 the
1465 633 160 28 Metropolitan
1642 629 111 29 Hospital,
1763 630 23 20 in
1797 629 73 26 April,

1286 664 59 24 1841,
1357 662 73 22 which
1439 662 29 21 he
1474 660 123 22 continued
1604 659 34 22 for
1645 658 79 26 nearly
1733 657 49 21 four
1790 655 80 22 weeks.

1286 689 88 22 Unable
1391 692 23 18 to
1428 688 87 22 receive
1532 695 12 14 a
1560 693 51 15 cure
1627 685 68 26 there,
1708 683 38 22 the
1760 683 112 26 deponent

1286 716 80 26 sought
1374 715 68 22 relief
1448 718 22 19 at
1480 714 38 21 the
1529 714 62 21 three
1601 711 114 26 following
1724 708 148 29 hospitals.:—

1287 742 80 27 King's
1377 742 89 26 College
1477 740 105 26 Hospital
1593 740 23 21 in
1623 739 62 26 May,
1695 737 36 21 for
1732 738 45 25 Jive
1787 737 71 20 weeks
1865 742 5 19 ;

1289 769 71 27 Guy's
1370 768 103 28 Hospital
1490 768 23 20 in
1524 767 63 27 July,
1598 766 33 21 for
1645 766 35 19 six
1694 763 86 27 weeks;
1796 762 44 21 and
1850 765 24 17 at

1288 796 98 26 Charing
1396 795 63 22 Cross
1476 793 103 27 Hospital
1595 796 23 18 at
1631 792 38 21 the
1680 791 44 21 end
1739 791 26 20 of
1778 790 94 25 August,

1288 822 33 21 for
1337 829 61 14 some
1416 821 72 22 weeks
1504 827 75 20 more;
1602 818 73 22 which
1693 817 114 27 deponent
1825 815 48 26 left,

1289 848 67 27 being
1365 848 23 21 in
1398 855 14 14 a
1421 848 33 21 far
1463 854 69 14 worse
1539 846 113 22 condition
1658 845 53 21 than
1721 843 64 22 when
1793 842 28 22 he
1830 842 42 21 had

1290 875 86 28 quitted
1387 875 77 26 Guy's,
1476 874 74 21 where
1567 873 35 21 Sir
1616 871 102 26 Bransby
1729 871 92 26 Cooper,
1832 867 40 22 and

1290 902 63 21 other
1362 901 95 22 medical
1473 900 87 21 officers
1571 898 26 22 of
1606 899 38 21 the
1654 894 169 26 establishment
1832 895 44 21 had

1290 928 47 22 told
1347 928 112 27 deponent
1468 927 49 20 that
1527 927 37 20 the
1575 925 53 26 only
1638 925 85 21 chance
1735 923 25 22 of
1765 923 71 24 saving
1845 922 34 20 his

1291 956 38 24 life
1342 961 43 14 teas
1399 957 22 18 to
1430 956 40 19 lose
1485 954 33 20 his
1528 960 45 13 arm
1580 954 10 19 !
1618 951 48 22 The
1683 951 112 26 deponent
1804 949 74 21 there-

1291 989 59 21 upon
1360 982 72 21 called
1441 987 60 21 upon
1512 980 41 21 Dr.
1564 977 86 28 Bright,
1663 977 61 22 chief
1729 976 116 28 physician
1856 975 26 21 of

1293 1009 78 27 Guy's,
1388 1008 56 26 who,
1456 1015 29 14 on
1502 1007 98 24 viewing
1615 1004 130 27 deponent's
1758 1003 119 25 condition,

1292 1036 79 26 kindly
1380 1035 44 21 and
1434 1033 103 27 liberally
1546 1033 56 26 said,
1697 1031 81 24 utterly
1787 1031 22 19 at
1820 1036 12 13 a
1839 1031 41 18 loss

1292 1064 56 19 what
1358 1064 21 19 to
1390 1063 25 19 do
1421 1062 42 25 for
1471 1067 42 19 you
1519 1062 10 18 I
1542 1060 37 20 but
1590 1060 48 20 here
1649 1059 19 19 is
1679 1057 186 26 half-a-sovereign
1873 1065 7 11 :

1291 1097 26 19 go
1327 1092 22 18 to
1358 1091 44 19 Mr.
1413 1089 117 25 Holloway,
1542 1087 42 20 and
1592 1088 35 24 try
1636 1087 55 19 what
1708 1086 61 25 effect
1783 1085 33 20 his
1825 1085 55 19 Pills

1293 1118 42 19 and
1346 1118 105 20 Ointment
1466 1116 45 19 will
1520 1116 58 25 have,
1590 1121 22 13 as
1621 1114 16 20 I
1643 1114 50 20 Mve
1696 1113 125 26 frequently
1833 1113 48 18 wit-

1294 1145 70 20 nessed
1373 1146 34 19 the
1416 1143 116 25 wonderful
1541 1143 71 24 effects
1625 1142 47 25 they
1682 1141 51 20 have
1743 1141 22 19 in
1774 1140 106 25 desperate

1295 1178 62 15 cases.
1388 1173 44 19 You
1442 1177 38 14 can
1491 1171 29 19 let
1529 1177 33 13 me
1571 1176 33 13 see
1611 1175 40 19 you
1777 1166 54 22 This
1840 1173 42 14 un-

1295 1198 129 28 prejudiced
1432 1198 78 21 advice
1518 1204 45 15 was
1571 1196 104 21 followed
1683 1195 28 26 by
1719 1194 38 21 the
1764 1194 117 27 deponent,

1296 1228 45 19 and
1351 1233 13 14 a
1372 1226 86 27 perfect
1473 1231 54 14 cure
1537 1223 94 22 effected
1645 1222 23 21 in
1684 1222 64 21 three
1758 1220 79 24 weeks,
1853 1220 29 26 by

1296 1253 36 21 the
1343 1259 38 14 use
1389 1252 65 21 alone
1464 1252 26 20 of
1498 1250 138 26 Holloway's
1642 1248 54 22 Pills
1707 1248 45 21 and
1758 1247 124 25 Ointment,

1297 1280 56 21 after
1362 1279 50 22 four
1429 1277 112 27 Hospitals
1556 1276 46 22 had
1618 1275 67 22 failed
1696 1276 5 21 !
1710 1276 5 21 !
1725 1275 6 21 !
1760 1274 73 21 When
1843 1273 40 21 Dr.

1297 1306 79 26 Bright
1387 1313 44 14 was
1445 1305 76 22 shown
1535 1304 32 26 by
1577 1303 37 22 the
1633 1302 119 28 deponent,
1762 1301 38 21 the
1816 1299 69 22 result

1297 1333 27 21 of
1329 1333 35 21 his
1374 1332 79 22 advice
1466 1330 47 23 and
1522 1330 94 26 charity,
1627 1329 29 22 he
1671 1329 55 26 said,
1836 1327 49 19 both

1297 1360 114 21 astounded
1424 1359 43 20 and
1480 1358 106 26 delighted
1593 1359 9 18 !
1609 1357 42 25 for
1659 1358 16 19 I
1687 1356 89 25 thought
1786 1356 46 19 that
1841 1354 23 25 if
1871 1355 16 19 I

1297 1394 46 14 ever
1352 1394 42 13 saw
1402 1393 42 19 you
1452 1387 68 25 again,
1529 1386 61 23 alive,
1598 1386 18 19 it
1625 1384 69 20 would
1704 1384 23 19 be
1736 1384 89 19 without
1832 1388 54 19 your

1298 1421 53 14 arm.
1371 1415 59 20 lean
1440 1414 47 25 only
1494 1419 96 19 compare
1597 1412 43 20 this
1647 1418 48 14 cure
1705 1413 21 18 to
1736 1417 13 13 a
1758 1411 72 20 charm
1840 1409 46 20 "./.'.'

1325 1450 76 21 Sworn
1412 1452 24 17 at
1441 1448 37 21 the

1354 1476 26 21 of
1386 1475 38 21 the
1431 1475 45 27 city
1485 1474 25 21 of
1518 1473 102 26 London,
1629 1471 42 22 this
1680 1467 8 25 I
1696 1473 54 19 Wm.
1760 1471 127 21 BROOKE.

1355 1502 38 22 Bth
1404 1502 43 26 day
1456 1501 26 21 of
1490 1501 88 26 March,
1589 1501 60 20 1842.
1674 1494 11 35 j

1355 1539 77 25 Before
1438 1544 39 20 me,
1536 1536 85 22 JOHN
1637 1536 94 26 PIRIE,
1748 1536 93 21 Mayor.

1302 1574 35 22 IN
1352 1573 62 22 ALL
1429 1572 103 22 Diseases
1543 1571 26 21 of
1581 1570 37 22 the
1635 1570 60 27 Skin,
1708 1570 49 21 Bad
1769 1570 64 26 Legs,
1846 1568 45 21 Old

1302 1600 109 27 Wounds,
1420 1599 43 22 and
1471 1598 87 26 Ulcers,
1567 1598 49 21 Bad
1622 1597 96 26 Breasts,
1728 1597 53 21 Sore
1789 1595 100 27 Nipples,

1303 1629 83 25 Stoney
1393 1626 45 22 and
1448 1624 121 23 Ulcerated
1576 1624 102 26 Cancers,
1687 1624 118 25 Tumours,
1814 1622 77 21 Swell-

1302 1655 56 27 ings,
1378 1654 67 26 Gout,
1460 1652 163 24 Rheumatism,
1641 1651 43 21 and
1699 1650 124 26 Lumbago,
1835 1649 56 22 like-

1304 1683 50 20 wise
1363 1681 23 21 in
1398 1687 61 15 cases
1470 1680 26 21 of
1503 1679 71 26 Piles.;
1586 1678 37 21 the
1635 1677 59 26 Pills,
1703 1677 24 22 in
1739 1677 30 22 all
1776 1677 37 20 the
1821 1676 71 21 above

1304 1715 68 19 cases,
1383 1708 69 26 ought
1467 1710 22 17 to
1504 1706 28 21 be
1543 1705 57 22 used
1614 1704 52 21 with
1682 1704 38 21 the
1734 1704 122 25 Ointment,
1869 1709 25 15 as

1304 1736 26 26 by
1351 1735 44 21 this
1416 1741 78 15 means
1513 1739 65 15 cures
1597 1731 44 22 will
1659 1731 28 22 be
1703 1730 94 22 effected
1812 1730 53 21 with
1880 1737 14 13 a

1305 1762 67 21 much
1386 1764 87 24 greater
1490 1760 117 26 certainty,
1624 1758 45 21 and
1682 1758 26 21 in
1724 1758 50 21 half
1786 1757 39 22 the
1839 1757 55 20 time

1305 1789 48 21 that
1369 1789 17 21 it
1403 1787 73 22 would
1494 1786 87 27 require
1597 1786 29 26 by
1640 1785 65 26 using
1721 1784 37 21 the
1776 1784 118 21 Ointment

1306 1816 70 20 alone.
1405 1815 47 21 The
1464 1814 118 21 Ointment
1591 1812 19 22 is
1619 1812 82 27 proved
1714 1815 22 18 to
1747 1811 27 22 be
1784 1818 13 15 a
1807 1810 86 21 certain

1305 1842 92 27 remedy
1407 1842 35 21 for
1451 1840 38 22 the
1498 1840 46 21 bite
1555 1840 27 21 of
1588 1838 156 23 naoschettoes.

1333 1876 79 26 Burns,
1435 1873 83 28 Scalds,
1537 1873 129 26 Chilblains,
1687 1871 106 28 Chapped
1813 1870 82 22 Hands

1308 1903 44 22 and
1363 1903 60 26 Lips,
1435 1902 45 21 also
1492 1900 101 22 Bunions
1608 1899 44 21 and
1668 1899 47 22 Soft
1726 1899 74 24 Corns,
1812 1897 45 22 will
1866 1897 29 21 be

1306 1929 153 27 immediately
1470 1927 68 22 cured
1548 1927 30 27 by
1587 1926 38 22 the
1635 1934 40 14 use
1685 1926 26 21 of
1722 1926 38 20 the
1771 1925 124 21 Ointment.

1331 1965 74 20 .THE
1421 1963 97 21 PILLS
1531 1969 37 14 are
1578 1965 40 18 not
1628 1960 52 26 only
1688 1960 36 21 the
1731 1960 66 21 finest
1803 1958 95 26 remedy

1308 1991 80 21 known
1398 1990 65 20 when
1473 1989 56 20 used
1539 1988 54 21 with
1606 1987 38 20 the
1661 1986 124 26 Ointment,
1796 1985 39 20 but
1845 1991 23 14 as
1884 1991 13 14 a

1310 2016 97 22 General
1428 2015 115 22 Medicine
1562 2014 63 21 there
1636 2014 22 20 -is
1678 2012 94 26 nothing
1790 2011 66 27 equal
1873 2014 22 17 to

1309 2044 68 22 thorn.
1407 2043 28 21 In
1447 2049 94 14 nervous
1548 2040 116 22 affections
1675 2039 53 27 they
1737 2038 42 21 will
1788 2038 30 20 be
1828 2037 70 21 found

1310 2073 26 19 of
1343 2070 37 22 the
1390 2072 95 24 greatest
1496 2068 91 21 service.
1616 2066 73 21 These
1705 2065 55 21 Pills
1774 2071 43 19 are,
1835 2064 63 21 with-

1310 2101 39 18 out
1359 2096 125 25 exception,
1496 2095 38 21 the
1550 2094 68 21 finest
1628 2092 93 23 Purifier
1736 2091 24 21 of
1772 2091 37 20 the
1827 2090 71 21 Blood

1311 2131 51 15 ever
1373 2122 137 24 discovered,
1522 2121 44 22 and
1584 2120 111 22 OUGHT
1708 2118 52 25 TO,
1764 2117 39 22 BE
1818 2117 81 22 USED

1312 2151 39 21 BY
1367 2151 62 21 ALL
1445 2148 155 23 FEMALES.

1331 2184 81 23 Orders
1421 2183 104 23 received
1534 2186 23 17 at
1567 2182 38 21 the
1641 2181 109 22 Gazette
1788 2179 94 21 Office.

1565 2233 91 20 Seeds.

1315 2271 72 50 ON
1398 2270 86 27 SALE,
1496 2272 22 18 at
1527 2268 39 22 the
1575 2268 86 20 Gazette
1667 2266 79 26 Office,
1754 2266 23 21 in
1783 2264 116 28 quantities

1393 2301 23 18 to
1423 2297 43 22 suit
1476 2296 140 28 purchasers,
1626 2294 37 22 the
1673 2292 114 27 following
1796 2291 63 22 seeds
1868 2299 31 13 :—

1342 2331 76 23 Sword
1427 2329 109 28 long-pod
1545 2329 66 26 bean,

1343 2363 120 28 Long-pod
1472 2363 66 25 bean,

1344 2397 110 29 Speckled
1464 2395 72 22 dwarf
1543 2395 85 27 kidney
1638 2394 64 23 bean.

1344 2425 73 23 Broad
1426 2425 67 25 bean,

1344 2452 75 22 Horse
1428 2452 66 25 bean,

1344 2480 86 22 Scarlet
1439 2484 91 19 runner,

1345 2506 68 28 Early
1423 2503 111 23 Warwick
1543 2511 49 20 pea,

1346 2533 68 27 Early
1424 2531 116 23 Mazarine
1550 2538 50 19 pea,

1347 2560 104 22 Prussian
1461 2558 52 22 blue
1524 2564 49 21 pea,

1346 2586 109 23 Nonsuch
1464 2593 50 19 pea,

1348 2614 54 22 Blue
1413 2609 100 31 imperial
1524 2618 50 20 pea,

1348 2640 94 28 Spanish
1451 2638 72 23 dwarf
1530 2645 49 20 pea,

1348 2669 71 25 Large
1430 2666 98 26 cabbage
1539 2665 91 26 lettuce,

1348 2692 132 25 Drumhead
1491 2692 98 26 cabbage
1598 2692 93 25 lettuce,

1349 2721 103 27 Cabbage
1463 2719 90 26 lettuce,

1349 2748 75 21 White
1435 2746 79 23 selesia
1522 2746 90 26 lettuce,

1351 2776 80 21 Brown
1440 2773 45 22 and
1496 2773 65 21 white
1570 2780 53 19 goss
1631 2772 89 26 lettuce,

1351 2803 114 21 Battersea
1477 2800 106 26 cabbage,

1352 2827 130 24 Drumhead
1493 2827 107 27 cabbage,

1352 2856 49 21 Red
1413 2854 192 26 Dutch.cabbage,

1353 2882 94 22 Puller's
1456 2881 60 27 early
1526 2880 106 27 cabbage,

1354 2909 72 22 Vanal
1437 2908 106 26 cabbage,

1354 2936 106 22 Prussian
1469 2935 68 21 white
1547 2934 82 28 turnip,

1354 2963 90 22 Yellow-
1451 2961 76 23 Swede
1538 2962 82 26 turnip,

1355 2989 81 32 Purple
1444 2993 38 23 top
1494 2988 77 23 Swede
1581 2988 80 27 turnip,

1355 3016 75 22 White
1441 3019 62 18 stone
1514 3016 83 26 turnip,

1356 3044 75 21 White
1441 3043 57 22 horn
1507 3043 84 26 turnip,

1357 3070 71 22 Silver
1437 3069 79 22 leaved
1525 3070 60 26 beet,

1358 3097 49 22 Red
1417 3097 57 25 beet,

1358 3124 75 21 White
1442 3124 59 25 beer,

1358 3149 109 28 Mangold
1476 3148 100 26 wurtzel,

1359 3177 142 26 Altringham
1513 3179 80 23 carrot,

1360 3204 68 27 Early
1438 3204 56 21 horn
1504 3205 79 24 carrot,

1360 3232 65 25 Long
1434 3237 81 19 orange
1527 3232 80 23 carrot,

1360 3258 76 21 White
1446 3255 106 27 mustard,

1362 3284 82 22 Curled
1453 3289 64 20 cress,

1362 3313 64 25 Long
1436 3310 80 22 scarlet
1525 3308 83 27 radish,

1362 3338 74 22 White
1446 3336 74 28 turnip
1529 3336 83 27 radish,

1325 3381 3 4 ,
1362 3365 50 23 Red
1421 3363 75 26 turnip
1504 3362 84 27 radish,

1363 3390 135 27 Strasburgh
1506 3390 77 26 onion,

1364 3420 80 21 Brown
1455 3416 97 29 Spanish
1562 3416 75 26 onion,

1365 3446 98 26 Parsnip,

1365 3473 82 22 Curled
1456 3470 96 28 parsley,

1367 3501 74 21 Green
1452 3496 77 23 curled
1542 3496 81 23 endive

1367 3526 107 23 Batavian
1484 3523 90 27 endive,
1621 3527 4 10 '

1369 3553 66 27 Leek,

1368 3582 134 25 Asparagus,

1369 3609 46 21 Sea.
1421 3603 52 29 kail,

1370 3634 72 22 Globe
1452 3639 88 19 savoys,

1371 3660 81 23 Curled
1461 3658 92 24 brocoli.

1370 3687 50 23 Red
1428 3685 57 24 solid
1496 3685 75 27 celery
1581 3685 46 22 and
1637 3684 65 23 white
1713 3684 82 28 celery,
1808 3697 3 3 •

1372 3716 102 21 Summer
1484 3719 88 20 savory,

1371 3741 87 22 Winter
1467 3746 86 20 savory,

1372 3770 64 25 Sage,

1372 3795 94 27 Thyme,

1373 3821 102 23 Brussels
1484 3821 95 27 sprouts,

1374 3849 94 26 Borage,

1375 3875 119 27 Angelica,

1376 3901 92 28 Salsafy,
1485 3915 6 2 -

1377 3929 77 27 Sorell,

1378 3954 123 28 Lavender,
