2475 3923
1196 8 94 29 THE

27 64 461 127 NEW
597 61 874 132 ZEALAND
1580 64 859 134 GAZETTE

1211 223 94 31 AND

27 254 1148 158 WELLINGTON
1290 254 1149 158 SPECTATOR.

764 451 219 37 PUBLISHED
1028 450 132 37 EVERY
1205 449 257 36 WEDNESDAY
1509 450 206 36 MORNING.

65 570 63 29 No.
153 571 77 28 359.
241 569 7 37 j

609 567 109 31 PORT
740 567 257 37 NICHOLSON,
1013 558 264 38 WEDNESDAY
1302 565 211 34 MORNING,
1536 563 190 32 AUGUST
1750 568 50 35 28,
1828 570 86 28 1844.

2246 568 95 40 (Vol.
2362 570 39 31 V.

89 657 152 27 Positively
269 658 46 20 the
339 658 58 20 first
424 657 90 21 vessel

127 689 63 22 FOR
204 689 134 22 LONDON
352 689 125 22 DIRECT.

166 725 90 21 ri^HE
268 726 27 21 A.
308 726 28 26 1.,
345 725 35 22 for
390 726 26 20 12
431 732 72 19 years,
519 723 78 27 frigate

14 759 148 51 /4i|jis||k
225 779 130 19 BELLA
375 778 163 25 MARINA,

12 798 150 38 npßSsSSsig
180 803 98 23 Thomas
289 804 132 26 Ashbridge,
440 802 157 27 Commander,

178 830 96 21 burthen
285 837 24 14 as
322 837 40 20 per
376 830 94 26 rcgistev
484 830 42 20 564
540 832 57 23 tons,

12 864 81 20 copper
105 857 102 21 fastened
225 857 44 21 and
287 857 72 26 newly
378 856 115 27 coppered,
506 855 52 27 only
569 862 28 14 on

12 884 41 21 her
63 883 56 21 third
133 890 92 20 voyage,
237 883 45 21 and
293 883 19 21 is
322 890 42 14 one
374 883 25 21 of
413 883 38 20 the
461 883 77 21 fastest
548 882 51 22 sail-

12 911 38 24 ing
65 910 61 27 ships
141 910 72 21 afloat.
251 909 52 22 Two
319 909 68 21 thirds
397 909 26 21 of
433 909 41 21 her
484 916 66 19 cargo
562 916 37 14 are

13 936 98 27 actually
121 936 101 27 engaged
233 935 43 21 and
287 943 49 14 now
346 936 67 26 going
424 942 29 15 on
464 936 76 25 board,
554 935 44 21 and

12 963 39 21 she
63 962 42 22 will
116 965 60 19 meet
185 962 52 21 with
248 962 68 27 quick
326 962 114 27 despatch.
481 962 43 22 She
539 961 41 22 has
587 969 12 13 a

12 989 41 21 full
64 996 65 19 poop,
140 988 53 22 with
203 992 58 18 most
272 989 112 21 excellent
394 989 205 21 accommodations

12 1016 34 20 for
56 1022 14 14 a
79 1015 87 23 limited
180 1015 95 21 number
291 1015 27 21 of
336 1022 139 21 passengers.
514 1015 86 21 Carries

12 1049 27 14 an
50 1041 147 28 experienced
208 1042 105 25 Surgeon.

37 1074 43 22 For
95 1074 83 27 freight
197 1082 23 13 or
239 1082 93 19 passage
352 1074 62 28 early
431 1074 132 28 application
580 1075 20 20 is

12 1101 118 27 requested
144 1105 22 17 to
181 1100 28 22 be
225 1102 67 21 made
308 1105 22 17 to
350 1102 92 26 Captain
462 1100 135 27 Ashbridge,

13 1135 22 13 or
46 1132 22 16 to

330 1154 126 21 Ridgways
471 1161 46 14 and
532 1154 39 21 Co.

41 1180 141 27 Wellington,
195 1179 54 28 July
260 1182 33 25 16,
307 1182 59 20 1844.

212 1231 54 20 For
280 1231 114 25 Nelson,

167 1268 8 15 f
183 1268 11 17 I
201 1263 58 22 iHE
292 1263 44 22 fine
369 1264 43 21 fast
445 1263 79 28 sailing
552 1264 48 28 brig

49 1285 93 29 fMfK
173 1284 29 28 X
326 1292 163 22 nelson,

23 1311 141 39 Jp^^
180 1317 92 27 Captain
280 1317 122 26 Maclaren,
412 1318 43 21 will
467 1318 41 21 sail
519 1318 34 21 for
563 1317 37 22 the

16 1339 149 39 tJS||BBr2
179 1343 68 21 above
259 1347 49 23 port
318 1345 67 20 about
395 1344 37 22 the
442 1344 67 22 latter
521 1344 43 21 end
580 1344 20 21 of

39 1411 43 21 For
91 1410 82 27 freight
183 1417 24 14 or
216 1417 101 21 passage,
328 1410 66 28 apply
404 1414 24 19 to

328 1445 83 21 Waitt
426 1452 47 15 and
488 1445 85 22 Tyser.

40 1470 89 22 Custom
141 1470 78 22 House
230 1470 77 27 Court,

68 1497 87 27 August
167 1498 34 25 20,
213 1498 61 20 1844.

152 1553 221 26 /CONSIGNEES
392 1554 38 21 OF
447 1554 110 27 GOODS,
573 1562 27 15 ex

33 1582 53 32 «&'
91 1584 30 30 fa
184 1584 9 14 /
246 1581 29 21 e^
275 1587 26 13 on
303 1597 5 6 -
331 1589 12 13 ft
356 1588 11 14 e
394 1581 88 22 desired
505 1585 23 18 to
551 1589 49 19 pass

14 1603 132 28 vSBSi&g
164 1606 57 22 their
232 1608 83 21 entries
326 1612 22 17 at
359 1607 38 22 the
408 1608 89 21 Custom
515 1608 84 26 House,

164 1633 43 21 and
225 1634 55 21 send
298 1634 113 27 alongside
428 1634 39 22 the
482 1635 71 21 vessel
568 1636 32 21 for

15 1657 34 22 tlie
61 1664 59 15 same
133 1659 92 22 without
235 1660 73 28 delay.

327 1687 82 22 Waitt
425 1695 47 14 and
487 1687 84 23 Tyser.

39 1711 90 26 August
138 1713 33 25 20,
184 1713 61 21 1844.

184 1764 44 20 TO
243 1764 181 22 WHALERS.

33 1800 59 24 Boyd
104 1800 69 24 Town,
186 1800 96 26 Twofold
291 1801 54 25 Bay,
357 1802 52 20 New
421 1803 68 19 South
502 1803 76 21 Wales.

16 1830 105 48 SHIPS
140 1838 41 14 can
199 1831 83 22 reftesh
298 1840 24 14 or
334 1832 49 22 refit
401 1836 22 19 at
433 1833 44 22 this
493 1834 107 21 Harbour

76 1857 46 21 free
139 1858 27 20 of
181 1858 30 21 all
227 1858 54 22 Port
302 1859 99 26 charges,
416 1861 108 26 pilotage,
548 1861 49 25 &c,

15 1883 40 21 and
74 1891 40 14 can
133 1884 75 21 obtain
228 1885 70 27 wood,
319 1890 73 21 water,
411 1887 61 21 fresh
493 1887 43 23 and
557 1887 42 21 salt

14 1910 124 26 provirfons,
156 1911 133 26 vegetables,
311 1912 49 27 ship
373 1913 130 26 chandlery,
519 1916 77 23 stores,

15 1937 41 20 and
67 1937 58 26 slaps
136 1937 26 21 of
174 1944 66 20 every
254 1937 58 22 kind
329 1938 42 22 and
382 1939 146 27 description;
553 1940 45 20 and

13 1962 19 20 if
47 1963 101 21 required
166 1963 37 21 the
220 1965 97 19 services
333 1965 26 20 of
371 1965 150 26 experienced
538 1965 59 26 «?hip-

14 1994 13 15 \\
33 1987 68 27 lights
111 1988 44 21 and
164 1989 54 21 boat
233 1989 106 27 builders,
350 1997 58 20 upon
426 1991 38 21 the
475 1994 58 18 most
547 1998 52 14 rea-

14 2014 87 21 sonable
111 2018 75 17 term<!.

65 2045 55 22 N.B.
122 2057 27 4 —
151 2046 36 22 Oil
199 2054 23 14 or
232 2047 57 21 bone
307 2047 66 22 taken
382 2049 22 20 in
415 2049 125 27 exchange.

39 2076 144 27 Wellington,
195 2078 64 27 April
271 2081 20 24 9,
305 2081 59 20 1844.

146 2127 117 21 Wanted
274 2129 28 19 to
314 2129 146 20 Purchase.

17 2156 66 48 AN
105 2156 202 23 UNSELECTED
331 2158 85 23 LAND
439 2160 116 27 ORDER,
573 2161 22 21 in

89 2184 36 21 the
146 2184 54 21 New
220 2184 101 22 Zealand
341 2186 132 28 Company's
490 2187 48 22 first
554 2188 43 21 and

16 2210 101 27 principal
127 2211 136 22 settlement.
292 2212 75 27 Apply
383 2217 21 17 to

254 2242 115 22 HOLROYD
380 2251 45 14 AND
437 2245 78 26 HART,

374 2270 194 24 Manners-street.

39 2299 141 27 Wellington,
190 2301 90 26 August
290 2301 34 26 27,
343 2303 61 20 1844.

65 2353 90 22 OTICE
171 2353 27 23 IS
214 2353 130 23 HEREBY
361 2355 109 28 GIVEN,
491 2356 49 21 that
559 2356 36 22 the

100 2380 142 27 Partnership
261 2380 125 22 heretofore
406 2382 86 21 carried
511 2388 29 16 on
566 2384 29 26 by

16 2405 51 21 John
98 2406 114 27 Ridgway,
247 2407 84 27 Joseph
356 2408 116 27 Ridgway,
498 2410 97 21 Thomas

18 2432 106 28 Ridgway,
147 2433 96 22 William
263 2434 94 27 Guyton
372 2435 37 21 the
425 2443 109 20 younger,
551 2436 44 22 and

18 2459 78 27 George
117 2460 77 22 Butler
214 2461 65 26 Earp,
301 2464 24 18 at
350 2461 138 28 Wellington
514 2463 23 21 in
557 2463 38 22 the

18 2485 71 27 colony
109 2486 25 21 of
150 2487 56 21 New
226 2487 108 25 Zealand,
352 2488 70 22 under
440 2489 36 21 the
494 2489 58 22 Firm
574 2490 25 21 of

18 2511 115 29 Uidgways,
147 2514 99 25 Guyton,
258 2514 45 21 and
314 2514 65 27 Earp,
392 2515 39 21 has
443 2515 43 22 this
504 2520 92 23 twenty-

18 2539 84 22 seventh
113 2539 42 28 day
166 2541 25 21 of
202 2541 55 26 July
267 2541 92 26 instant,
373 2541 57 23 been
442 2542 117 27 dissolved,
571 2551 24 14 so

19 2565 27 21 far
63 2573 23 14 as
103 2567 80 22 relates
202 2570 22 18 to
244 2567 37 22 the
298 2567 47 22 said
362 2568 98 22 Thomas
480 2570 115 27 Ridgway,

20 2591 88 23 William
129 2594 90 27 Guyton
244 2594 38 22 the
305 2602 108 20 younger,
439 2596 45 21 and
507 2597 90 26 George

21 2618 68 23 Butler
109 2620 64 27 Earp,
194 2621 46 21 and
259 2620 49 22 that
326 2621 22 21 in
364 2622 73 22 future
448 2623 38 21 the
496 2623 101 22 business

20 2646 34 21 will
73 2647 27 21 be
118 2647 85 22 carried
213 2655 29 14 on
256 2647 31 28 by
302 2647 38 22 the
350 2648 49 22 said
408 2649 62 22 John
481 2650 115 27 Ridgway,

21 2673 34 21 and
75 2673 82 27 Joseph
176 2674 117 27 Ridgway,
314 2675 45 21 and
376 2675 99 22 William
488 2676 107 27 Hicksop,

21 2699 36 21 and
75 2700 96 22 Thomas
189 2701 62 21 John
271 2701 116 24 Lowndes,
411 2705 24 18 at
460 2703 137 26 Wellington

21 2725 106 27 aforesaid,
138 2727 72 22 under
220 2728 38 22 the
268 2727 60 22 Firm
347 2728 24 22 of
382 2728 128 29 Ridgways,
526 2730 72 21 Hick-

23 2758 31 16 son
65 2753 42 22 and
119 2754 37 21 Co.
192 2754 60 22 That
261 2754 31 22 all
302 2754 71 22 Debts
386 2755 74 27 owing
468 2759 24 18 to
503 2756 37 21 the
550 2757 48 21 said

21 2777 37 23 late
68 2779 139 28 Partnership
218 2788 36 14 are
265 2784 22 18 to
298 2780 28 22 be
336 2781 103 21 received
448 2783 31 26 by
496 2783 37 21 the
550 2783 47 21 said

23 2804 87 24 William
120 2807 111 27 Hickson,
243 2807 74 21 whose
327 2807 84 28 receipt
420 2809 54 27 only
486 2809 43 21 will
540 2810 28 21 be
585 2818 13 13 a

21 2832 99 23 sufficient
129 2833 117 28 discharge
256 2834 35 21 for
300 2833 38 23 the
348 2841 61 15 same
418 2843 5 18 ;
441 2835 45 23 and
500 2836 50 22 that
568 2837 30 21 all

23 2864 77 20 persons
119 2863 22 19 to
161 2860 73 22 whom
254 2861 37 21 the
310 2861 49 21 said
381 2861 45 23 late
451 2863 146 27 Partnership

23 2885 64 22 stands
96 2887 113 26 indebted,
222 2895 37 14 are
268 2887 120 28 requested
403 2889 154 27 immediately
574 2894 23 17 to

23 2911 45 22 send
90 2912 23 22 in
131 2913 58 23 their
207 2917 107 19 accounts
334 2917 22 19 to
374 2914 39 22 the
432 2916 50 22 said
499 2916 98 22 William

24 2936 97 31 Hickson,
130 2940 24 22 in
165 2940 65 23 order
247 2941 49 22 that
313 2940 37 23 the
366 2948 60 16 same
443 2950 54 20 may
510 2943 30 22 be
560 2950 39 15 ex-

23 2965 78 23 amined
111 2967 42 22 and
163 2967 60 28 paid.
261 2968 34 22 As
314 2967 90 23 witness
413 2976 41 15 our
464 2970 79 27 hands,
555 2970 44 22 this

24 2993 175 26 twenty-seventh
209 2995 42 28 day
261 2995 27 22 of
294 2994 61 28 July,
368 3002 43 15 one
420 2995 111 24 thousand
538 2997 61 26 eight

23 3018 91 24 hundred
123 3021 44 22 and
176 3021 129 28 forty-four.

65 3051 62 23 John
141 3052 121 26 Ridgway,

65 3077 85 24 Joseph
165 3080 121 26 Ridgway,
362 3075 5 26 I
434 3081 36 27 By
501 3082 58 22 their

64 3104 95 23 Thomas
173 3106 121 26 Ridgway,
362 3101 12 40 f
435 3108 110 28 Attorney

65 3131 95 24 George
170 3134 97 21 Butler
276 3134 73 22 Earp.
354 3129 12 30 J
378 3134 99 23 William
489 3135 110 22 Hickson.

42 3163 90 24 Witness
142 3166 61 22 John
214 3167 69 27 King,
296 3168 105 26 solicitor,
413 3168 147 27 Wellington.

30 3214 5 5 %
42 3189 86 25 Edward
138 3193 69 22 Allen
218 3194 149 28 Hargreaves,
379 3195 138 28 Bookeeper,
538 3195 60 23 Wel-

24 3221 78 23 lington.

44 3250 136 31 Wellington,
191 3253 55 29 July
255 3256 34 26 30,
301 3256 63 21 1844.

25 3301 131 49 NOTICE
171 3306 28 21 IS
215 3306 132 23 HEREBY
364 3307 109 26 GIVEN,
489 3307 50 22 that
559 3307 38 22 the

92 3332 71 22 notice
180 3332 26 22 of
218 3332 131 23 dissolution
366 3333 25 21 of
402 3334 37 21 the
456 3334 141 28 partnership

26 3355 70 23 carried
106 3366 26 13 on
144 3359 30 27 by
181 3359 61 23 John
254 3359 116 27 Ridgway,
382 3360 84 28 Joseph
478 3361 117 27 Ridgway,

28 3382 80 24 inomas
115 3385 114 29 Ridgway,
236 3386 101 22 William
345 3387 98 27 Guyton,
454 3388 46 21 and
508 3388 88 26 George

26 3409 65 22 cutler
104 3412 64 28 Earp,
185 3413 72 22 under
275 3413 38 21 the
329 3413 49 22 firm
399 3414 26 21 of
468 3414 127 28 Ridgways,

27 3439 84 25 viuyton,
122 3439 44 21 and
269 3439 118 27 published
395 3440 23 21 in
428 3439 39 22 the
476 3442 53 20 New
545 3447 52 18 Zea-

28 3462 38 20 land
76 3464 82 22 Gazette
167 3466 26 22 of
202 3466 40 22 the
251 3466 129 28 thirty-first
388 3466 44 28 day
442 3467 26 22 of
479 3468 62 27 July,
552 3475 46 16 was

27 3489 101 24 Published
138 3493 92 22 without
239 3493 39 22 the
286 3493 134 27 knowledge
427 3501 26 14 or
454 3508 4 11 <
462 3495 102 22 sanction
574 3496 26 21 of

29 3515 82 26 William
119 3519 97 29 Guyton,
227 3526 42 19 .one
277 3520 26 22 of
315 3520 37 22 the
362 3521 49 22 said
419 3524 102 26 partners
528 3529 6 17 ;
553 3522 44 22 and

28 3542 36 21 that
72 3543 28 22 all
113 3552 90 21 persons
212 3544 84 30 paying
311 3554 44 20 any
366 3545 63 24 debts
446 3548 43 22 due
500 3551 22 20 to
538 3548 55 22 such

27 3572 40 18 nrm
74 3573 22 19 to
105 3579 43 20 any
159 3572 63 23 other
229 3580 81 20 person
325 3574 54 22 than
389 3574 38 22 the
437 3574 49 23 said
496 3574 100 23 William

29 3600 40 21 «uy
71 3598 41 26 ton,
122 3599 91 22 without
228 3599 35 22 his
272 3607 90 21 express
377 3600 121 28 authority,
510 3601 43 22 will
568 3601 28 22 do

28 3624 18 16 so
53 3624 19 18 at
79 3623 55 23 their
143 3633 51 14 own
202 3626 52 27 risk,
263 3633 30 15 no
299 3634 80 20 person
387 3627 86 27 having
482 3628 58 23 been
550 3635 46 16 em-

21 3668 3 5 ,
28 3650 85 22 Powered
124 3651 29 28 by
162 3652 47 22 him
218 3656 22 18 to
249 3660 88 15 receive
345 3661 46 21 any
401 3658 106 19 accounts
517 3662 30 15 on
558 3655 37 22 be-

30 3675 38 20 oaf
79 3677 24 21 of
111 3679 37 21 the
162 3679 49 21 firm
220 3687 7 18 ;
242 3678 44 22 and
301 3679 93 28 further,
404 3681 50 22 that
468 3689 31 15 no
514 3689 80 20 person

30 3705 28 15 °w
65 3703 34 21 the
107 3705 46 22 said
163 3705 99 22 William
278 3706 91 27 Guyton
384 3708 39 21 has
440 3708 115 27 authority
571 3712 23 18 to

29 3729 77 23 ngnfor
120 3731 36 22 the
169 3732 51 21 firm
235 3732 26 21 of
294 3733 126 28 Bidgways,
437 3735 101 27 Guyton,
550 3735 44 22 and

27 3757 15 35 £
43 3759 18 14 ar
63 3760 17 21 P.
105 3757 38 22 but
152 3759 52 26 only
213 3759 35 21 for
256 3758 65 23 those
336 3760 111 23 members
457 3762 26 21 of
494 3762 39 22 the
543 3762 50 22 firm

28 3785 21 18 »y
57 3781 66 24 whom
131 3785 55 21 such
195 3792 79 20 person
285 3785 19 21 is
314 3787 105 27 specially
429 3788 135 23 authorised.

46 3809 64 26 Dated
120 3814 43 24 this
172 3816 47 23 first
229 3816 44 28 day
282 3817 26 22 of
315 3817 94 29 August,
421 3820 61 21 1844.

26 3864 33 15 Xtr;
125 3872 16 5 ~
160 3856 4 3 '
407 3849 37 23 W.
455 3851 109 23 GUTTOW.

28 3870 85 29 Witness,
125 3872 27 22 R.
162 3874 83 22 Davies
258 3874 101 26 Hanson.

820 659 89 22 THIS
935 658 92 23 DAY.

663 691 150 21 Extensive
824 691 57 21 sale
892 691 30 20 of

632 723 160 47 MESSRS.
808 723 104 21 WAITT
926 722 68 21 AND
1009 721 100 23 TYSER
1123 721 44 21 will
1178 720 40 23 sell

722 749 29 26 by
767 749 106 26 Auction,
884 752 23 18 at
922 749 57 21 their
993 749 67 24 Mart,
1078 747 60 22 This
1156 748 65 32 Dax^

630 775 148 26 Wednesday,
797 775 38 21 the
850 775 52 21 28th
916 775 60 25 inst.,
997 775 36 20 the
1051 780 66 19 cargo
1139 774 24 20 of
1179 774 37 21 the

630 803 55 19 John
695 803 67 23 Pirie,
775 801 41 21 and
824 808 13 14 a
847 801 101 27 quantity
954 801 26 20 of
987 801 64 21 other
1059 801 156 25 Merchandise,

766 831 22 17 at
798 829 26 19 12
835 827 84 21 o'clock
929 827 108 27 precisely
1044 834 5 14 :
1051 838 28 5 —

658 862 40 19 300
707 860 55 26 bags
773 859 47 22 best
832 859 66 22 South
912 859 124 22 Australian
1048 859 65 26 flour,

657 888 27 20 30
694 888 54 25 bags
758 887 50 20 best
820 886 97 26 Pollard,

660 915 38 20 100
708 914 55 26 bags
773 913 49 21 best
832 912 92 27 Sydney
933 912 77 27 maize,

659 942 27 19 20
695 940 56 26 bags
762 939 73 22 Horse
846 939 55 27 hair,

659 967 96 26 Regatta
765 965 74 27 shirts,
855 965 108 26 blankets,

659 993 151 26 Champagne,
827 992 97 25 tobacco,
935 991 106 27 herrings,
1051 992 81 27 butter,

661 1020 114 21 Cross-cut
784 1026 63 17 saws,
863 1018 98 21 assorted
971 1018 91 27 leather,

659 1046 130 21 Percussion
799 1052 64 19 guns,

664 1073 52 20 And
728 1080 13 13 a
748 1072 61 26 large
820 1071 101 28 quantity
928 1071 26 21 of
960 1071 98 22 assorted
1066 1073 150 20 Merchandise.

889 1099 68 24 Also,

659 1125 22 21 A
691 1125 41 22 few
743 1128 51 18 tuns
806 1125 25 21 of
838 1125 67 21 black
917 1125 44 21 and
971 1124 126 28 humpback
1107 1126 38 21 oil.

842 1158 75 14 TERM!
919 1161 25 5 —
947 1159 64 13 CASH.

661 1178 147 27 Wellington,
820 1179 88 24 August
916 1179 34 24 26,
961 1179 59 21 1844.

633 1229 93 20 House
737 1230 31 18 to
780 1228 33 20 be
825 1228 63 20 sold
899 1233 29 14 or
938 1227 47 25 let,
996 1227 68 21 with
1073 1234 34 14 an
1119 1234 60 14 acre
1191 1227 30 22 of

668 1255 110 21 cleared
787 1255 75 23 land,
879 1259 35 15 on
924 1254 45 20 the
982 1254 98 20 Karori
1093 1255 89 20 Road.

634 1288 67 48 TO
724 1287 38 21 BE
783 1287 79 22 SOLD
879 1287 42 21 OR
942 1287 64 26 LET,
1023 1287 51 21 with
1089 1287 129 22 immediate

707 1314 134 26 possession,
863 1320 14 14 a
894 1313 108 22 desirable
1020 1313 116 22 residence
1160 1321 60 14 com-

634 1340 107 26 manding
766 1340 140 27 picturesque
921 1340 43 21 and
984 1340 107 22 beautiful
1118 1347 99 20 scenery,

634 1368 78 20 situate
729 1374 29 13 on
780 1367 36 20 the
833 1367 54 20 East
905 1367 68 24 bank,
995 1367 44 20 and
1059 1371 23 16 at
1100 1367 38 21 the
1158 1374 62 14 com-

634 1396 141 19 mencement
786 1393 25 21 of
823 1393 36 21 the
962 1393 70 21 Road.
1063 1393 47 21 The
1122 1393 97 27 drawing

633 1427 62 14 room
711 1426 114 15 measures
843 1420 52 21 18ft.
907 1419 168 22 Bin.xl6ft.Bin.
1091 1420 45 21 and
1147 1419 17 22 is
1178 1420 40 21 9ft.

633 1447 62 26 high,
715 1446 63 21 there
794 1446 19 21 is
823 1445 46 22 also
886 1454 12 13 a
909 1446 57 27 good
984 1445 78 28 dining
1072 1454 70 19 room,
1159 1447 62 23 three*,

634 1473 41 21 bed
687 1480 81 19 rooms,
780 1480 13 13 a
803 1472 99 27 kitchen,
914 1473 44 21 and
969 1472 78 22 fenced
1059 1473 33 21 off
1101 1473 63 26 yard,
1181 1472 36 22 the

633 1499 70 22 whole
710 1499 78 21 stands
795 1507 27 14 on
831 1506 27 14 an
868 1507 49 14 acre
924 1500 25 20 of
957 1499 52 21 land
1015 1499 101 26 recently
1124 1499 93 26 cleared,

634 1526 45 21 and
688 1527 38 20 the
736 1526 54 21 land
800 1527 18 20 is
829 1527 23 20 in
862 1534 13 13 a
886 1527 24 20 fit
920 1528 55 19 state
986 1526 33 21 for
1029 1526 114 27 cropping.

988 1552 72 27 Apply
1070 1555 21 19 to

922 1579 49 22 Mr.
987 1579 149 27 Wakefield,
1218 1596 3 4 .

960 1605 65 27 Upon
1034 1605 36 22 the
1077 1605 113 28 premises.
1216 1600 5 36 ]

661 1632 145 27 Wellington,
818 1632 88 27 August
915 1631 34 28 27,
962 1633 59 21 1844.

873 1681 107 20 Notice.

633 1714 147 49 NOTICE
804 1715 27 21 IS
853 1713 127 22 HEREBY
1001 1713 101 22 GIVEN
1121 1715 50 21 that
1190 1721 28 14 on

715 1741 45 21 and
776 1741 56 22 after
849 1741 37 20 the
903 1741 102 21 fifteenth
1021 1740 42 27 day
1079 1741 26 20 of
1122 1742 95 26 August,

632 1771 59 22 next,
704 1775 13 14 a
728 1767 80 26 charge
819 1768 27 21 of
858 1768 134 26 twenty-five
1010 1767 102 27 shillings
1121 1775 38 20 per
1175 1768 43 26 trip

632 1794 43 21 will
691 1795 26 20 be
736 1794 66 21 made
819 1795 34 20 for
869 1793 56 22 each
942 1794 26 21 of
985 1794 37 21 the
1043 1794 55 21 New
1119 1794 98 21 Zealand

633 1821 133 26 Company's
775 1821 60 26 Ituge
842 1821 68 25 boats,
922 1820 116 27 employed
1048 1821 21 21 in
1079 1821 139 26 discharging

632 1855 24 13 or
665 1847 89 26 loading
762 1847 80 21 vessels
852 1847 22 21 in
886 1847 37 21 the
933 1847 52 21 Poit
994 1847 26 21 of
1026 1847 55 21 New
1091 1847 125 27 Plymouth.

632 1874 46 21 The
700 1875 62 20 boats
782 1874 44 21 will
849 1881 62 20 carry
925 1874 69 21 about
1014 1873 43 22 five
1077 1878 49 17 tons
1150 1873 71 22 each:-

631 1907 29 15 an
684 1901 149 26 experienced
857 1904 121 18 steersman
1002 1899 45 22 and
1070 1907 14 14 a
1107 1900 109 22 sufficient

632 1933 57 15 crew
703 1927 45 21 will
764 1927 28 21 be
808 1926 114 27 provided,
935 1927 38 20 but
989 1926 36 22 the
1042 1926 116 27 Company
1173 1927 43 21 will

630 1953 23 21 in
661 1960 30 14 no
707 1960 50 14 case
767 1953 27 21 be
811 1953 135 21 answerable
956 1952 35 22 for
1004 1960 44 19 any
1058 1953 93 26 damage
1169 1953 46 20 tlia'.
1220 1969 2 5 ,

632 1986 50 19 may
693 1986 80 14 accrue
785 1983 21 16 to
818 1986 66 18 cargo
893 1985 25 14 or
928 1979 106 25 baggage.

657 2005 53 21 This
728 2005 72 21 notice
818 2005 52 21 does
886 2007 40 19 not
938 2005 65 26 apply
1021 2009 20 17 to
1057 2004 81 22 vessels
1153 2003 63 22 char-

632 2031 61 21 tered
709 2031 29 28 by
755 2031 37 21 the
810 2031 55 21 New
877 2031 99 21 Zealand
994 2031 122 26 Company,
1128 2038 25 14 or
1169 2031 47 21 des-

632 2057 96 28 patched
744 2057 55 22 from
818 2057 101 27 England
933 2057 71 21 under
1019 2058 27 21 its
1058 2057 101 22 sanction
1173 2057 43 21 and

630 2085 136 26 regulations
772 2093 5 18 ;
797 2084 37 21 the
844 2091 130 20 passengers
984 2085 42 20 and
1043 2091 65 20 cargo
1119 2085 26 21 of
1163 2084 53 21 such

631 2111 82 21 vessels
729 2111 44 21 will
791 2111 28 21 be
835 2111 82 21 landed
936 2118 24 14 as
976 2114 22 18 at
1017 2114 90 24 present
1128 2111 90 21 without

630 2137 87 27 charge.

929 2164 22 22 J.
969 2163 27 23 T.
1011 2163 150 26 Wicksteed,

632 2191 52 21 New
702 2191 100 21 Zealand
821 2191 133 26 Company's
965 2191 107 21 Resident
1089 2191 79 26 Agent
1185 2191 33 21 for

829 2218 55 21 New
897 2217 125 26 Plymouth.

659 2244 54 21 New
724 2244 127 27 Plymouth,
864 2245 53 26 July
928 2246 33 25 20,
978 2246 59 20 1844.

816 2301 36 21 W.
869 2301 32 21 M.
918 2301 107 26 SMITH,

629 2334 56 15 LATE
697 2335 238 15 SURVEYOR-GENERAL
947 2336 27 14 TO
986 2336 45 14 THE
1047 2336 50 14 NEW
1113 2336 105 14 ZEALAND

867 2362 114 19 COMPANY,

656 2381 143 26 Surveyor,
814 2382 212 26 Draughtsman,
1042 2383 54 19 and
1111 2383 78 20 Land

874 2410 101 25 Agent.

628 2434 178 27 Tiaakori-road,
818 2435 101 26 January
931 2436 21 25 4,
965 2436 62 21 1843.

829 2487 76 20 Land
917 2488 28 19 to
961 2487 57 21 Let.

632 2518 168 49 SECTIONS
818 2518 62 22 No's.
896 2520 28 20 24
933 2519 43 21 and
987 2520 26 20 25
1029 2519 22 22 in
1064 2519 77 27 Ohiro,
1159 2526 59 15 com-

696 2544 77 27 monly
783 2545 73 22 called
869 2546 80 26 Happy
966 2546 87 26 Valley.

656 2572 89 21 Section
755 2572 44 21 No.
811 2574 25 19 23
848 2573 22 20 in
881 2572 38 21 the
930 2572 95 22 Makara
1035 2572 88 28 Valley.

656 2598 72 21 These
740 2599 102 21 Sections
853 2599 43 21 will
907 2599 27 21 be
944 2603 38 18 cut
992 2607 29 19 up
1030 2600 47 21 into
1089 2600 44 21 lots
1145 2604 21 17 to
1177 2600 43 21 suit

630 2624 93 23 settlers.
753 2625 43 21 For
805 2626 64 26 plans
879 2626 45 21 and
932 2626 131 28 particulars
1074 2627 65 27 apply
1152 2631 21 16 to

954 2657 36 22 W.
1007 2659 33 21 M.
1057 2659 83 26 Smith,

1072 2686 118 26 Surveyor.

632 2715 82 22 Offices
724 2716 23 21 in
759 2718 87 25 cottage
856 2717 68 27 lately
935 2716 107 28 occupied
1052 2717 31 27 by
1093 2717 45 22 Mr.
1152 2717 69 21 Waitt

829 2743 106 22 Tinakori
949 2744 71 21 Road.

658 2769 145 26 Wellington,
816 2770 54 27 July
881 2771 31 26 15,
926 2771 61 20 1844.

870 2824 39 20 To
925 2824 56 21 Let.

632 2856 49 47 A
697 2854 92 23 TOWN
806 2855 90 27 ACRE,
908 2856 44 22 No.
962 2858 48 26 644,
1023 2864 28 14 on
1067 2858 36 20 the
1114 2857 107 21 Tinakori

711 2882 72 23 Road,
795 2882 100 22 between
905 2883 37 22 the
953 2891 49 14 acre
1018 2891 59 20 upon
1089 2884 74 22 which
1181 2891 39 20 my

632 2908 68 22 house
709 2908 19 22 is
743 2909 98 22 situated
852 2910 45 21 and
913 2910 44 22 Mr.
971 2911 91 21 Levin's
1077 2911 79 27 house,
1175 2910 46 22 and

632 2943 28 14 on
671 2935 37 22 the
717 2942 61 15 same
788 2936 48 21 side
848 2936 26 21 of
884 2937 38 21 the
940 2938 61 20 road.

846 2963 35 22 W.
898 2964 33 22 M.
947 2965 83 21 Smith.
1045 2965 119 26 Surveyor,

997 2991 106 22 Tinakori
1118 2991 73 22 Road.

658 3016 146 27 Wellington,
816 3016 54 28 July
879 3018 33 26 15,
924 3018 61 21 1844.

845 3068 163 24 Stationery.

633 3100 73 49 ON
721 3100 87 27 SALE,
825 3101 43 21 AT
881 3100 74 22 THIS
972 3100 140 23 OFFICE—

695 3127 114 27 Foolscap,
822 3127 89 22 various
922 3127 110 27 qualities,

658 3154 72 27 Large
742 3154 60 22 thick
813 3158 57 23 post,
881 3161 62 15 wove
953 3153 46 22 and
1008 3153 53 28 laid,

657 3181 60 21 Thin
726 3185 56 22 post,
921 3180 64 27 ditto,

658 3207 56 22 Fine
724 3207 59 22 Bath
793 3211 57 23 post,
861 3207 48 27 gilt,

657 3235 158 27 Antiquarian,
823 3234 110 27 imperial,
942 3233 70 29 royal,
1020 3234 47 22 and
1074 3235 66 28 demy
1149 3235 72 24 draw-

629 3261 40 27 ing
678 3268 77 21 paper,

658 3288 71 25 Quills
738 3287 46 23 and
794 3295 63 20 pens,

658 3315 70 22 Small
736 3315 63 22 hand
808 3315 47 22 and
864 3314 55 29 shop
929 3322 75 21 paper,

656 3342 73 27 Royal
744 3341 69 28 hand,
826 3341 82 23 double
924 3341 61 23 hand
1001 3343 82 26 brown,
1095 3343 45 22 and
1157 3343 64 28 royal

628 3369 77 22 brown
716 3369 117 28 wrapping
842 3376 76 21 paper,

658 3396 43 22 Ink
712 3396 46 22 and
766 3396 42 22 ink
817 3396 107 27 powders,

657 3423 71 22 Black
737 3423 52 22 lead
799 3422 92 27 pencils,

657 3449 99 28 Ledgers
765 3449 46 23 and
821 3453 98 19 account
926 3449 78 28 books,
1015 3450 91 23 various
1114 3451 66 29 size/,

656 3477 105 26 Message
772 3476 72 26 cards,

657 3503 111 21 Coloured
778 3510 87 20 papers,

658 3530 71 25 Sugar
738 3536 87 21 papers,

656 3555 59 23 Note
724 3563 87 22 papers,

658 3582 67 22 India
733 3583 90 26 rubber,
834 3583 78 27 bottle,
924 3583 44 22 and
976 3586 86 25 patent,

658 3609 67 28 Ivory
734 3609 83 23 folders
828 3610 44 22 and
881 3609 88 28 knives,

657 3636 91 22 Invoice
757 3636 72 22 books
839 3637 54 21 with
903 3636 99 28 indexes,
1012 3637 91 23 various
1113 3638 65 27 sizes,

655 3663 59 22 Cash
722 3663 72 21 books
804 3663 66 21 ruled
879 3663 89 27 double,
980 3665 90 21 various
1079 3665 65 27 sizes,

655 3691 90 25 Sponge
754 3689 47 23 and
810 3689 87 28 wafers,

655 3716 77 22 Wafer
742 3719 94 24 stamps,

655 3742 71 23 Black
735 3742 59 23 lines
804 3743 34 21 for
848 3744 67 21 letter
931 3743 96 28 writing,

654 3769 91 26 Oblong
754 3769 92 28 clasped
856 3770 173 23 memorandum
1039 3771 78 27 books,

653 3796 91 23 Ladies'
755 3796 46 22 and
811 3797 151 26 gentlemen's
976 3799 56 21 card
1040 3805 70 20 cases,

649 3823 107 26 Message
766 3825 71 24 cards,

653 3850 66 22 Brief
730 3849 45 22 and
786 3849 58 22 deed
853 3856 78 21 paper,

652 3877 74 23 Ruled
735 3883 69 19 paper
813 3877 36 21 for
857 3877 42 22 bill
909 3877 76 25 heads,

1350 656 150 25 Plymouth
1510 656 143 21 Guardian
1665 657 56 20 and
1738 656 101 21 Cook's

1418 683 97 20 Straits

1248 713 50 48 IT
1311 713 20 22 is
1345 720 151 21 unnecessary
1513 717 23 18 to
1551 714 126 22 undertake
1694 714 39 21 the
1749 713 49 22 task
1817 714 25 23 of

1306 740 93 26 proving
1412 744 22 17 to
1445 740 37 21 the
1493 740 88 22 settlers
1596 742 26 19 of
1633 740 69 22 New^
1709 739 127 27 Plymouth,

1236 773 1 18 I
1249 766 39 21 the
1302 766 66 21 value
1379 766 25 21 of
1415 773 13 14 a
1443 766 59 22 local
1517 773 138 20 newspaper.
1684 765 63 22 Most
1757 766 25 21 of
1794 773 44 19 yon

1230 796 7 23 j.
1248 792 22 21 in
1282 792 37 21 the
1330 792 203 27 Mother-country,
1552 799 58 14 were
1625 792 117 27 possessed
1759 792 26 21 of
1801 792 36 21 the

1249 819 131 26 advantage,
1392 819 45 20 and
1449 819 36 20 the
1495 819 78 27 period
1583 819 25 21 of
1620 819 141 26 deprivation
1779 822 59 17 must

1230 839 4 26 I
1248 844 58 22 have
1316 845 66 21 made
1392 845 30 21 all
1429 845 25 21 of
1460 852 44 19 you
1515 845 102 26 accutely
1629 845 57 21 alive
1695 847 24 19 to
1730 845 36 21 the
1773 845 63 21 value

1230 880 4 24 j
1250 871 26 21 of
1286 879 12 13 a
1309 871 56 21 local
1377 871 94 22 channel
1488 872 35 21 for
1537 871 176 26 commuicating
1730 871 52 21 with
1799 871 37 21 the

1249 897 80 27 public.
1368 897 58 22 That
1443 899 17 20 it
1476 897 40 22 has
1533 899 58 20 been
1611 897 47 27 felt,
1675 898 44 21 and
1736 897 48 22 that
1799 897 37 22 the

1249 925 70 20 desire
1331 928 22 17 to
1363 924 58 22 have
1430 932 14 14 a
1455 931 129 21 newspaper
1593 925 18 21 is
1621 927 84 24 strong,
1724 924 39 21 has
1780 925 54 21 been

1248 951 127 26 repeatedly
1386 951 92 21 evinced
1488 951 31 26 by
1530 951 133 26 complaints
1679 951 25 21 of
1717 951 37 21 the
1771 951 65 21 Com-

1248 984 59 40 Eany
1317 982 40 16 not
1367 977 82 27 having
1458 977 107 27 provided
1575 984 45 20 you
1631 977 52 21 with
1693 977 54 26 that,
1763 977 72 22 which

1264 1003 107 22 eretofore
1381 1010 45 19 you
1434 1003 66 22 could
1509 1007 41 18 not
1559 1005 57 21 have
1625 1004 130 26 supported.

1275 1037 103 28 Trusting
1402 1041 22 18 to
1453 1038 44 21 this
1521 1038 79 26 desire,
1625 1040 24 19 to
1673 1037 38 22 the
1736 1038 100 21 stimulus

1229 1060 5 34 {
1248 1063 99 22 afforded
1356 1064 31 28 by
1396 1064 122 28 important
1528 1068 78 18 events
1615 1071 51 14 now
1676 1064 61 26 daily
1745 1064 89 26 arising,

1230 1095 3 20 |
1250 1090 134 28 demanding
1394 1097 13 14 a
1417 1090 58 23 local
1485 1098 69 19 organ
1564 1090 28 21 of
1603 1090 80 22 record
1691 1090 46 21 and
1754 1090 82 22 discus-

1230 1116 6 30 [
1248 1116 56 26 sion,
1316 1117 45 21 and
1371 1122 23 17 to
1404 1117 37 21 the
1453 1124 100 20 progress
1563 1117 66 21 made
1644 1117 25 21 in
1687 1117 37 21 the
1739 1116 96 27 agricul-

1230 1147 4 22 !
1249 1144 56 21 tural
1316 1144 127 26 operations
1454 1144 25 21 of
1491 1144 37 21 the
1538 1144 91 26 district,
1641 1143 19 21 it
1669 1144 18 21 is
1703 1143 101 26 deemed,
1819 1143 19 21 if

1230 1170 4 23 j
1248 1170 109 26 promised
1367 1170 113 21 moderate
1498 1173 98 24 support,
1615 1178 12 13 a
1644 1170 75 26 fitting
1738 1173 98 18 moment

1230 1194 5 35 J
1250 1200 21 17 to
1288 1196 102 21 establish
1406 1204 13 13 a
1436 1203 128 20 newspaper
1583 1200 23 17 at
1624 1196 120 26 Taranaki,
1764 1196 71 21 which

1230 1218 5 32 j
1248 1221 43 22 will
1302 1222 27 21 be
1341 1223 72 21 called
1423 1222 37 22 the
1493 1223 58 22 New
1566 1222 131 22 Plymouth
1709 1223 126 21 Guardian

1232 1253 4 25 |
1249 1255 45 14 and
1309 1250 83 21 Cook's
1408 1250 97 21 Straits

1232 1278 2 30 j
1275 1275 52 22 This
1337 1276 138 26 publication
1484 1276 46 21 will
1540 1277 82 25 always
1633 1278 34 19 set
1677 1275 60 22 forth
1752 1274 83 28 promi-

1232 1310 2 18 ;
1248 1302 78 26 nently
1354 1302 38 21 the
1422 1303 135 25 advantages
1580 1302 115 27 possessed
1720 1302 30 26 by
1773 1302 62 21 these

1232 1348 3 6 ,
1250 1328 85 21 Islands
1354 1329 24 21 in
1397 1329 89 21 various
1505 1336 67 19 ways,
1593 1328 44 21 and
1653 1328 52 26 will,
1721 1335 24 14 as
1756 1328 80 26 promi-

1232 1354 2 27 j
1249 1355 76 26 nently
1336 1362 24 15 as
1371 1355 101 27 possible,
1484 1355 86 22 exhibit
1587 1362 61 14 more
1663 1354 119 27 especially
1798 1354 37 21 the

1249 1382 130 26 superiority
1390 1382 27 20 of
1428 1382 37 21 the
1479 1381 113 22 Taranaki
1609 1381 102 22 District.
1750 1381 23 21 It
1792 1381 44 21 will

1248 1411 23 18 at
1281 1408 29 21 all
1320 1408 64 21 times
1394 1408 27 21 be
1432 1415 13 14 a
1455 1408 93 21 channel
1564 1408 35 21 for
1616 1408 37 21 the
1670 1407 126 27 expression
1813 1408 25 21 of

1248 1434 102 27 opinions
1361 1439 22 17 at
1392 1435 105 21 variance
1507 1435 54 21 with
1571 1434 63 22 those
1651 1434 140 21 entertained
1805 1434 30 27 by

1248 1460 28 21 its
1286 1461 139 25 conductors,
1442 1461 161 27 conditionally
1618 1468 61 19 upon
1697 1460 58 22 their
1770 1461 66 26 being

1251 1487 117 22 embodied
1380 1488 23 21 in
1415 1488 127 26 beseeming
1553 1488 119 26 language.

1277 1514 47 21 The
1342 1515 83 26 parties
1441 1514 177 27 contemplating
1636 1513 146 27 establishing
1792 1513 43 22 this

1247 1540 96 27 journal,
1356 1541 67 27 being
1428 1541 105 27 practical
1542 1541 102 27 printers,
1656 1541 43 20 will
1706 1541 28 20 be
1741 1540 95 21 enabled

1251 1572 21 16 to
1292 1568 110 21 maintain
1422 1575 13 14 a
1448 1575 129 19 newspaper
1592 1571 23 18 at
1628 1574 14 15 a
1662 1567 174 27 comparatively

1249 1593 64 22 small
1323 1594 83 27 outlay,
1424 1601 60 15 more
1502 1594 120 27 especially
1637 1600 24 15 as
1679 1593 53 27 they
1751 1593 29 21 do
1797 1596 39 18 not

1250 1624 77 23 expect
1345 1624 23 17 to
1389 1621 76 21 derive
1484 1628 63 14 more
1566 1621 55 21 than
1640 1628 13 13 a
1668 1620 66 22 small
1749 1620 87 21 income

1248 1647 57 21 from
1316 1647 57 21 their
1382 1648 166 26 contemplated
1559 1647 131 27 enterprise,
1707 1647 58 21 until
1780 1647 56 21 New

1249 1673 121 26 Plymouth
1379 1674 57 21 shall
1446 1674 57 21 have
1514 1673 155 27 considerably
1680 1673 115 22 advanced
1813 1673 23 21 in

1248 1701 129 26 population
1387 1701 44 21 and
1443 1701 87 22 wealth.
1568 1701 62 26 Very
1646 1700 85 26 trifling
1746 1702 91 25 support

1250 1727 49 26 will,
1314 1727 117 27 therefore,
1453 1735 78 14 ensure
1550 1727 39 21 the
1609 1726 169 22 establishment
1794 1726 42 21 and

1250 1754 151 21 maintenance
1417 1755 26 20 of
1458 1754 37 21 the
1610 1754 130 21 Plymouth
1758 1753 78 21 Guar-

1351 1780 45 22 and
1415 1782 38 20 tbp
1471 1784 88 23 greater
1574 1783 50 24 part
1644 1781 28 20 of
1690 1779 48 22 that
1752 1780 37 20 aid
1809 1781 27 19 its

1250 1807 130 22 conductors
1396 1808 44 20 will
1455 1807 29 22 be
1503 1808 108 27 prepared
1627 1810 23 18 to
1665 1806 52 22 take
1733 1806 57 21 after
1799 1806 38 21 the

1248 1840 92 16 manner
1350 1834 27 21 of
1389 1834 121 21 American
1522 1835 90 20 Editors
1623 1833 128 28 publishing
1759 1840 78 20 papers

1248 1861 134 22 established
1392 1861 22 21 in
1422 1861 83 21 similar
1515 1861 118 26 localities;
1646 1860 45 21 and
1701 1867 25 13 as
1731 1862 107 28 payment

1228 1897 7 6 »
1248 1886 43 21 will
1309 1887 26 21 be
1354 1887 65 21 made
1430 1888 23 20 in
1469 1887 105 27 produce,
1589 1886 36 22 the
1644 1887 84 20 farmer
1740 1884 42 22 will
1798 1888 38 18 not

1231 1915 3 26 j
1248 1913 44 21 feel
1299 1912 37 22 the
1347 1913 76 26 outlay
1434 1913 24 21 in
1468 1914 37 21 the
1517 1913 80 26 degree
1608 1914 22 20 in
1643 1911 72 23 which
1724 1912 28 21 he
1765 1911 72 22 would

1248 1939 17 21 if
1278 1939 70 22 called
1359 1946 59 20 upon
1430 1944 22 17 to
1462 1940 93 26 provide
1566 1939 59 22 cash.

1275 1965 48 19 'i'iie
1333 1966 45 18 sire
1394 1967 26 17 of
1478 1967 137 24 publication
1631 1965 83 19 wiii'be
1729 1964 106 25 foolscap,

1250 1990 43 20 and
1305 1990 36 20 the
1349 1991 61 25 price
1421 1991 62 26 eight
1488 1991 101 26 shillings
1598 1998 39 19 per
1648 1993 89 24 quarter
1745 1990 92 26 payable

1248 2016 23 21 in
1282 2017 107 21 advance.
1418 2017 194 21 Advertisements
1622 2017 44 21 and
1674 2017 111 26 job-work
1792 2016 44 22 will

1250 2043 26 21 be
1292 2043 97 26 charged
1404 2043 34 21 for
1455 2048 23 17 at
1495 2044 38 21 the
1544 2043 134 22 established
1696 2047 58 17 rates
1764 2043 25 20 of
1801 2043 36 21 the

1250 2069 60 21 trade
1319 2070 22 21 in
1354 2070 43 22 this
1408 2070 86 28 colony.
1566 2078 6 14 /

1277 2103 87 27 August
1374 2105 32 24 12,
1421 2105 60 20 1844.

1384 2158 44 19 Oil
1443 2158 55 20 and
1518 2157 182 20 Whalebone.

1251 2189 89 49 THE
1361 2190 151 27 undersigned
1532 2190 45 22 will
1597 2190 67 22 make
1683 2189 111 22 advances
1809 2197 28 14 on

1325 2216 36 22 Oil
1377 2217 46 22 and
1440 2217 146 25 Whalebone,
1598 2217 37 21 the
1645 2217 83 21 former
1738 2221 22 17 to
1778 2217 26 21 be
1815 2217 23 21 in

1248 2244 53 25 good
1310 2245 58 19 casks
1377 2244 26 21 fit
1417 2244 34 21 for
1465 2244 122 27 shipment,
1604 2243 124 27 consigned
1745 2244 34 20 for
1793 2243 46 22 tale

1250 2275 22 17 to
1283 2271 55 21 their
1349 2271 69 21 house
1429 2271 23 21 in
1462 2270 114 27 England.

1455 2302 134 27 Ridgways,
1605 2303 118 26 Hickson,
1738 2303 21 22 &
1773 2303 38 21 Co.

1277 2334 144 28 Wellington,
1434 2334 88 27 August
1531 2335 21 26 5,
1564 2336 62 20 1844.

1388 2384 52 25 Oil,
1455 2385 86 24 Bone,
1552 2385 56 20 and
1622 2384 79 21 Flax.

1252 2419 90 49 THE
1357 2418 233 23 UNDERSIGNED
1604 2418 20 22 is
1637 2425 14 14 a
1662 2419 49 20 cash
1723 2419 117 25 purcltaser

1311 2449 20 18 of
1348 2446 44 26 Oil,
1404 2446 69 25 Bone,
1484 2445 47 21 and
1541 2445 64 26 Flax,
1617 2445 25 21 fit
1651 2445 36 22 for
1697 2445 113 28 shipment
1817 2448 22 18 to

1253 2473 107 26 Lngland,
1372 2472 45 22 and
1434 2472 43 21 will
1488 2471 66 22 make
1570 2472 112 22 advances
1693 2480 28 14 on
1738 2473 101 26 consign-

1251 2504 72 16 ments
1333 2503 21 17 to
1366 2500 33 20 his
1410 2499 85 26 Agents
1504 2499 24 21 in
1542 2499 103 21 London.

1577 2526 33 21 M.
1627 2526 26 21 E.
1674 2525 110 23 Murnin.

1277 2558 144 27 Wellington,
1433 2557 56 28 July
1498 2559 34 25 30,
1544 2558 62 21 1844.

1345 2614 54 19 For
1413 2612 70 25 Sale,
1498 2612 39 26 by
1550 2612 54 20 late
1620 2612 125 25 arrivals,

1251 2646 127 50 PRIME
1389 2645 58 22 Irish
1457 2645 54 21 beef
1517 2645 23 21 in
1550 2645 87 27 tierces,

1324 2673 111 26 Crockery
1445 2673 46 21 and
1500 2672 153 22 earthenware
1670 2672 24 22 in
1705 2672 80 22 tierces
1796 2672 44 22 and

1253 2709 6 13 i
1265 2703 66 23 rates,

1279 2727 58 26 Rod,
1347 2727 48 26 bar,
1408 2725 45 23 and
1462 2725 62 23 sheet
1535 2725 59 27 iron,
1605 2725 50 23 best
1664 2726 94 27 quality,

1279 2753 90 27 Bottfjad
1377 2753 74 26 fruits,
1461 2753 92 27 pickles,
1565 2753 146 26 cranberries,

1271 2777 137 25 'Stockholm
1420 2779 46 22 and
1477 2779 47 22 coal
1535 2783 41 23 tar,

1278 2806 89 26 British,
1380 2806 84 27 Dutch,
1477 2807 43 21 and
1531 2807 89 26 Europe
1631 2814 61 20 rope,

1279 2833 71 28 Ship's
1360 2840 134 20 compasses,
1504 2833 100 22 assorted
1613 2834 118 26 furniture,

1281 2860 115 24 Williams'
1406 2859 101 26 superior
1518 2860 113 27 blacking,

1279 2886 143 26 Rutherford,
1433 2887 83 27 Drury,
1528 2887 21 21 &
1559 2887 59 21 Co.'s
1629 2887 78 27 wines,
1719 2887 122 26 consisting

1253 2914 24 22 of
1293 2914 57 25 Port,
1371 2914 91 27 Sherry,
1483 2913 47 22 and
1549 2914 106 22 Madeira
1673 2915 25 21 in
1718 2914 64 22 wood
1796 2915 45 21 and

1250 2941 76 26 bottle,

1277 2966 110 24 TenerifFe
1396 2966 23 22 in
1431 2969 91 25 quarter
1531 2967 73 23 casks.

1574 3007 84 21 Waitt
1671 3014 46 15 and
1727 3008 86 21 Ttser.

1278 3033 88 27 August
1374 3035 22 25 6,
1409 3033 60 22 1844.

1253 3082 214 50 HUMPBACK
1482 3082 54 21 OIL
1550 3082 35 21 for
1596 3082 45 22 sale
1651 3082 25 22 in
1686 3082 122 28 quantities
1818 3083 24 21 of

1338 3110 26 21 10
1373 3108 87 28 gallons
1470 3115 26 14 or
1510 3108 110 27 upwards.

1575 3141 85 22 Waitt
1671 3148 46 15 and
1727 3141 86 23 Tyser.

1278 3169 88 27 .August
1374 3169 21 26 6,
1408 3168 61 21 1844.

1427 3218 77 21 Land
1520 3219 30 20 to
1566 3219 95 21 Lease.

1254 3249 117 51 TOWN
1387 3256 47 16 and
1450 3249 149 23 COUNTRY
1614 3250 107 22 LANDS
1731 3250 41 22 TO
1783 3250 58 22 LET

1326 3284 28 14 on
1365 3277 169 26 advantageous
1545 3280 68 19 terms
1623 3277 23 21 in
1658 3277 30 21 all
1698 3280 63 24 parts
1771 3277 27 21 of
1804 3277 37 22 the

1253 3303 132 28 Company's
1395 3303 147 23 settlements.

1485 3331 116 21 Clifford
1616 3338 47 14 and
1678 3331 136 21 Vavasour.

1277 3357 145 26 Wellington,
1434 3357 64 26 April
1507 3359 36 24 24,
1555 3359 61 20 1844.

1398 3407 40 20 To
1454 3407 33 19 be
1502 3407 52 20 Let
1569 3412 31 16 or
1615 3407 76 24 Sold,

1253 3442 49 48 A
1312 3440 88 23 GOOD
1410 3440 132 22 substantial
1550 3440 210 23 weather-boarded
1770 3440 71 26 Store,

1316 3466 96 23 situated
1420 3467 24 22 in
1456 3467 37 21 the
1504 3474 69 21 upper
1584 3472 50 21 part
1647 3468 26 21 of
1683 3466 157 23 Willis-street.

1253 3495 115 23 Th&6ame
1377 3501 53 20 may
1441 3494 28 22 be
1479 3501 56 20 very
1547 3494 70 27 easily
1626 3494 123 22 converted
1765 3494 49 21 into
1829 3500 13 15 a

1253 3515 191 33 felling-house.
1474 3520 44 22 For
1532 3520 140 28 particulars,
1689 3520 68 27 apply
1766 3524 24 19 at
1803 3520 38 22 the

1253 3548 72 22 Stores
1334 3547 25 22 of
1365 3547 76 22 Levin
1457 3547 21 22 &
1491 3548 47 26 Co,,
1552 3547 112 22 Lambton
1676 3548 73 26 Quay.

1488 3596 40 21 To
1543 3596 58 20 Let.

1254 3627 69 50 ON
1337 3626 38 23 the
1391 3626 131 23 Manawatu
1538 3627 76 26 River,
1632 3629 96 25 country
1745 3626 96 23 sections

1314 3654 63 22 No's.
1393 3654 26 22 13
1436 3654 46 22 and
1492 3656 33 25 16,
1541 3654 84 21 known
1636 3654 30 27 by
1681 3654 38 21 the
1735 3661 67 14 name
1818 3653 24 22 of

1251 3681 30 22 Te
1293 3681 60 22 Kare
1363 3680 71 23 Kare.
1463 3680 44 22 For
1517 3680 133 29 particulars
1660 3680 67 28 apply
1736 3683 24 18 to

1474 3712 36 22 W.
1524 3712 34 22 M.
1571 3713 84 21 Smith.
1667 3712 119 28 Surveyor,

1623 3738 108 24 Tinakori
1742 3739 72 23 Road.

1278 3770 146 28 Wellington,
1436 3771 55 28 July
1502 3771 33 26 15,
1547 3771 62 21 1844.

1251 3827 92 48 JUST
1357 3826 136 24 OPENED,
1500 3826 45 22 and
1556 3834 29 14 on
1596 3826 50 22 Sale
1657 3828 24 19 at
1690 3826 38 21 the
1739 3826 71 22 Oflice
1820 3826 22 22 of

1316 3853 41 22 this
1365 3853 82 23 Paper,
1458 3853 40 22 ink
1509 3853 78 22 stands
1597 3856 25 18 ot
1631 3860 90 14 various
1731 3860 65 15 sizes.

1304 3879 95 24 Gazette
1432 3879 77 24 Oflice,
1521 3879 127 24 December
1657 3879 20 24 7,
1690 3880 61 21 1843.

2041 658 129 26 Supreme
2182 660 93 21 Court.

1872 690 139 47 NOTICE
2036 690 28 22 IS
2089 692 130 22 HEREBY
2242 693 112 27 GIVEN,
2378 694 49 22 that
2440 701 15 15 a

1950 717 72 25 sitting
2042 718 23 19 of
2088 718 37 21 the
2145 719 107 26 Supreme
2272 721 74 26 Court,
2367 720 34 22 for
2416 720 37 22 the

1871 742 102 28 despatch
1981 742 24 22 of
2016 744 98 19 criminal
2125 744 98 22 business
2234 745 44 21 will
2290 747 28 20 be
2330 745 81 23 holden
2431 750 23 18 at

1871 768 34 22 the
1916 769 66 21 Court
1990 769 77 22 House
2083 770 22 21 in
2126 770 143 28 Wellington,
2291 779 28 14 on
2340 772 112 27 Monday,

1869 794 36 23 the
1923 795 80 21 second
2022 796 44 26 day
2088 796 28 22 of
2135 798 131 26 September
2285 802 60 22 next,
2372 803 24 17 at
2414 802 38 18 ten

1869 821 84 22 o'clock
1963 822 21 21 in
1994 822 37 21 the
2041 824 106 20 forenoon
2156 831 7 18 ;
2182 824 46 21 and
2244 824 48 21 that
2306 831 14 14 a
2331 825 75 27 sitting
2417 825 36 21 for

1869 847 35 22 the
1914 848 102 26 despatch
2027 849 26 21 of
2064 850 50 19 civil
2123 850 100 21 business
2234 851 44 20 will
2288 851 28 21 be
2326 850 80 22 holden
2426 858 27 14 on

1869 874 112 27 Saturday,
1990 874 35 22 the
2036 875 93 22 serenth
2141 876 44 27 day
2201 876 25 21 of
2244 877 131 27 September
2390 881 63 23 next,

1869 904 20 17 at
1900 904 35 18 ten
1946 908 13 13 o
1970 901 59 22 clock
2039 903 23 20 in
2072 902 39 22 the
2126 902 117 26 forenoon,
2264 907 22 17 at
2305 904 72 21 which
2395 904 55 22 time

1869 927 42 21 and
1921 927 62 27 place
2001 928 27 21 all
2048 935 91 21 persons
2152 929 75 22 under
2241 930 172 26 recognizances
2431 933 22 18 to

1869 960 78 20 appear
1970 953 67 22 either
2056 961 25 15 as
2098 959 146 23 prosecutors,
2266 956 139 27 defendants,
2427 963 25 15 or

1869 980 113 26 witnesses,
1992 987 35 14 are
2038 981 104 27 required
2152 985 22 18 to
2181 982 51 26 give
2245 982 56 22 their
2309 983 141 22 attendance.

2111 1012 96 22 Robert
2221 1012 29 22 R.
2266 1013 102 22 Strano.

2226 1039 92 27 Deputy
2328 1039 124 28 Registrar.

1893 1064 103 26 Supreme
2010 1064 68 22 Court
2093 1065 82 27 Office,

1868 1090 138 27 Wellington,
2032 1091 50 22 13th
2107 1092 98 21 Au-ust.

2093 1141 127 22 NOTICE.

1994 1174 127 21 Transfer
2138 1174 30 21 of
2182 1175 139 21 Licenses.

1867 1205 47 47 A
1935 1205 127 22 SPECIAL
2083 1205 149 22 MEETING
2252 1206 26 20 of
2297 1206 38 21 the
2354 1206 98 22 Justices

1936 1231 36 21 for
1980 1231 34 21 the
2025 1235 60 18 town
2104 1232 43 21 and
2163 1231 87 22 district
2267 1233 27 20 of
2306 1232 144 27 Wellington,

1869 1257 40 21 will
1919 1257 28 21 be
1958 1257 76 22 holden
2045 1265 28 14 on
2083 1258 111 26 Tuesday,
2208 1258 37 21 ihe
2252 1259 41 21 3rd
2304 1259 43 26 day
2359 1260 25 20 of
2396 1260 56 25 Sep-

1868 1283 82 22 tember
1967 1288 57 21 next,
2041 1288 23 18 at
2080 1284 38 21 the
2132 1285 74 26 police
2217 1285 73 26 oflice,
2306 1285 145 28 Wellington,

1868 1313 22 18 at
1900 1311 23 20 11
1942 1311 81 21 o'clock
2032 1311 26 21 in
2074 1310 39 22 the
2125 1311 116 26 forenoon,
2257 1311 36 21 for
2304 1311 37 21 the
2356 1319 94 20 purpose

1868 1336 24 22 of
1912 1337 108 26 receiving
2039 1337 145 26 applications
2203 1337 35 22 for
2255 1337 38 22 the
2312 1339 96 21 transfer
2427 1339 27 21 of

1867 1363 122 27 publican's
1998 1363 101 21 licenses.

2086 1391 98 20 Alfred
2192 1386 35 26 IR.
2244 1390 124 27 Chetham,

2184 1416 67 22 Clerk
2262 1420 23 18 to
2293 1417 37 21 the
2342 1417 81 23 bench.

1947 1442 71 22 Police
2029 1442 73 27 office,

1893 1468 140 27 Wellington,
2046 1470 92 25 August
2149 1471 34 24 26,
2200 1471 61 20 1844.

2017 1518 39 20 To
2074 1519 59 23 Let,
2149 1520 29 19 at
2193 1518 107 21 Petoni.

1868 1551 49 47 A
1945 1549 204 23 CONVENIENT
2178 1551 106 21 HOUSE
2312 1551 54 23 with
2389 1552 64 22 three

1944 1584 77 19 rooms,
2032 1584 14 14 a
2055 1577 52 21 lean
2118 1580 22 18 to
2151 1577 24 27 it,
2193 1578 46 21 and
2254 1577 86 27 garden
2359 1579 94 25 ground.

1867 1603 51 21 Two
1937 1610 25 14 or
1980 1603 59 21 three
2056 1610 60 14 cows
2135 1611 42 14 can
2196 1604 59 21 have
2276 1604 38 21 the
2334 1605 59 21 walk
2408 1605 47 22 and

1868 1636 67 20 range
1954 1636 51 15 over
2020 1630 85 21 several
2126 1637 61 15 score
2205 1638 61 14 acres
2286 1631 25 21 of
2328 1631 61 27 land,
2405 1632 47 21 free

1867 1656 56 22 from
1934 1659 61 23 trees,
2008 1657 52 21 with
2070 1655 59 28 good
2139 1657 107 26 herbage.

1894 1683 93 21 Persons
2003 1683 23 21 of
2045 1683 66 21 small
2129 1683 82 27 capital
2227 1684 99 22 desirous
2337 1684 26 22 of
2373 1691 28 15 an
2412 1684 41 22 ad-

1869 1713 130 22 vantageous
2009 1709 136 22 investment
2154 1709 45 23 will
2210 1709 47 23 find
2268 1711 38 21 the
2316 1710 71 22 above
2405 1711 50 22 well

1869 1735 82 27 worthy
1963 1736 24 21 of
1998 1735 57 22 their
2065 1736 117 22 attention.

2045 1768 77 27 Apply
2133 1771 21 18 to
2165 1768 66 22 John
2247 1767 124 28 Webster,

2137 1795 88 26 Famer,
2241 1795 89 27 Karori,
2342 1803 26 14 or
2376 1798 23 19 at

2226 1822 46 21 The
2285 1823 87 20 Gazette
2382 1822 73 25 office.

1896 1851 58 22 N.B.
1954 1862 26 4 —
1984 1852 19 21 J.
2027 1851 105 23 Webster
2156 1855 92 20 returns
2271 1853 34 22 hi
2312 1853 10 22 9
2325 1854 81 21 thanks
2431 1857 23 18 to

1868 1878 36 21 the
1932 1878 125 26 gentlemen
2077 1879 26 20 of
2128 1878 144 28 Wellington,
2304 1880 85 26 Petoni,
2408 1881 45 21 and

1867 1904 27 21 its
1914 1905 107 25 environs,
2042 1905 34 20 for
2093 1908 51 24 past
2165 1905 101 27 favours,
2287 1906 46 22 and
2352 1907 53 27 begs
2429 1909 23 19 to

1866 1930 81 24 inform
1959 1931 57 21 them
2026 1931 50 22 that
2088 1931 30 22 he
2128 1931 38 22 has
2184 1932 160 23 discontinued
2353 1936 22 18 to
2390 1939 64 21 prac-

1868 1958 39 19 tise
1918 1965 26 12 v*
1951 1964 14 13 a
1975 1957 48 21 Cow
2034 1957 84 21 Leucii.

1895 1986 147 28 Wellington,
2054 1988 90 26 August
2152 1990 35 24 21,
2200 1989 62 21 1844.

1930 2042 113 22 Board
2068 2043 67 20 and
2158 2043 170 27 Lodging
2352 2045 34 20 at

2040 2080 55 22 MR.
2122 2080 161 29 FRANCE'S,

1972 2127 54 15 LATE
2041 2127 122 15 SOUTHERN
2179 2128 69 15 CROSS
2263 2128 86 15 HOTEL.

1897 2190 55 22 N.B.
1954 2202 26 3 —
1984 2191 94 20 Families
2086 2198 40 14 can
2135 2192 23 20 it
2176 2191 147 21 accomodated
2339 2192 52 21 with
2403 2194 50 25 pri-

1869 2220 46 18 vate
1923 2220 147 24 appartmeuts.

1872 2280 70 49 ON
1957 2281 74 22 SALE
2044 2284 24 19 at
2078 2281 37 23 the
2125 2281 140 23 Warehouse
2275 2282 26 21 of
2313 2282 38 22 the
2366 2282 89 22 Under-

1947 2307 75 27 signed
2029 2315 5 14 :—:
2035 2319 28 4 —

1898 2333 88 22 Bottled
1994 2334 32 21 ale
2036 2334 44 22 and
2089 2337 83 25 porter.

1897 2360 58 26 Port,
1967 2361 79 27 sherry,
2059 2361 76 27 claret,
2150 2361 45 22 and
2203 2362 146 22 Maraschino
2364 2362 56 22 wine
2431 2362 23 22 in

1870 2387 74 25 bottle,

1898 2413 76 22 Scotch
1986 2414 50 22 malt
2045 2414 101 27 whiskey
2155 2414 23 22 in
2189 2417 92 24 quarter
2292 2414 71 28 casks,

1898 2441 87 26 Cognac
1999 2441 85 27 brandy
2092 2442 31 25 ,in
2141 2446 92 21 quarter
2249 2442 64 21 casks
2328 2441 45 22 and
2389 2441 68 26 hogs-

1870 2466 75 27 heads,

1899 2494 90 21 Geneva
1998 2494 20 21 in
2028 2494 79 27 bottle,

1897 2520 50 22 Van
1958 2520 113 22 Dieman's
2081 2520 64 23 Land
2154 2520 65 27 flour,
2229 2521 49 22 first
2285 2521 87 28 quality

1898 2547 99 21 Oatmeal
2006 2548 22 21 in
2038 2547 71 27 casks,

1898 2574 72 21 Prime
1981 2574 53 21 Irish
2044 2574 63 27 pork,

1899 2600 117 23 Preserved
2025 2604 70 18 meats
2105 2600 45 23 and
2160 2608 74 20 soups,

1898 2627 102 22 Cheshire
2009 2628 41 21 and
2064 2627 70 27 Leigh
2144 2628 90 26 cheese,
2245 2628 24 21 in
2279 2628 52 22 lead
2341 2635 62 15 cases

1898 2654 73 21 Prime
1981 2654 54 21 Irish
2043 2654 83 26 butter,

1899 2680 95 22 Refined
2001 2688 71 20 sugar,
2083 2681 22 21 in
2118 2682 49 22 101b
2177 2680 83 26 loaves,

1899 2707 45 22 Tea
1952 2707 24 21 in
1984 2707 130 22 half-chpsts
2125 2708 44 21 and
2179 2711 61 24 catty
2250 2708 78 27 boxes,

1900 2734 101 21 Genuine
2010 2734 130 22 Havannah
2149 2741 85 21 cegars,

1900 2760 127 22 Lancashire
2037 2761 73 27 hams,

1898 2786 92 28 English
2012 2788 101 26 cordage,
2133 2787 136 27 whalelines,
2290 2787 101 27 marline,
2412 2787 48 23 and

1871 2821 118 20 spunyarn,
2004 2814 37 21 &c.

1899 2840 39 23 Tin
1944 2847 41 20 pen
1990 2841 48 25 tine,
2048 2840 75 28 white,
2134 2840 75 26 black,
2223 2840 43 23 and
2277 2847 69 21 green
2356 2840 70 28 paint,

1900 2867 43 22 Bar
1952 2867 44 22 and
2003 2868 36 21 rod
2050 2868 57 25 iron,
2119 2868 98 21 assorted
2228 2868 62 26 sizes,

1900 2893 118 22 Yorkshire
2029 2894 45 21 tool
2085 2894 65 21 faced
2160 2894 64 26 flags,

1900 2920 77 22 Welch
1987 2920 69 27 slates,
2067 2921 89 22 various
2166 2921 65 25 sizes,

1900 2947 49 22 Fire
1958 2947 71 22 bricks
2039 2946 46 23 and
2094 2951 95 22 cement,

1899 2973 151 23 Earthenware
2059 2974 46 21 and
2115 2974 136 27 glass-ware,

1899 3001 52 22 Iron
1961 3001 61 25 nails,
2032 3000 89 22 various
2130 3004 64 22 sorts,

1898 3027 115 25 Tin-ware,
2025 3027 105 25 assorted,

1898 3053 53 22 Iron
1959 3053 92 26 hurdles,

1898 3080 96 26 Ranges,
2004 3083 78 23 stoves,
2093 3079 44 22 and
2148 3079 104 27 chimney
2261 3080 81 27 pieces,

1902 3106 50 21 Iron
1961 3113 82 20 pumps,
2055 3106 84 28 piping,
2150 3106 44 23 and
2206 3106 97 27 fenders,

1898 3132 91 23 Printed
1999 3132 108 28 druggets,

1899 3160 50 21 11-4
1957 3158 109 28 Blankets,
2078 3159 99 22 assorted
2187 3158 96 28 colours,

1900 3186 35 22 7-8
1945 3186 103 21 Assorted
2057 3186 73 27 prints
2139 3186 43 21 and
2192 3186 136 23 mousseline
2338 3185 28 24 de
2377 3186 83 28 lames,

1900 3212 84 22 Glazed
1993 3212 106 22 furniture
2110 3213 79 27 prints,

1899 3241 26 20 36
1935 3239 78 22 Inches
2022 3246 54 20 grey
2088 3239 127 27 domestics,

1899 3267 38 21 4-4
1945 3266 89 22 Printed
2045 3267 122 26 carpeting.

1900 3293 77 21 Cotton
1989 3292 42 22 and
2039 3292 97 22 worsted
2144 3292 80 28 plaids,
2236 3296 76 20 cotton
2322 3293 82 24 checks
2415 3294 48 23 and

1874 3322 89 19 tartans.

1902 3345 76 22 Stored
1987 3345 76 23 Welch
2074 3345 92 28 flannel,

1899 3374 38 20 6-4
1945 3372 111 22 Merinoes
2067 3373 43 21 and
2122 3373 96 22 Orleans
2226 3374 68 22 cloth.

1900 3399 73 22 Broad
1996 3399 65 27 cloth,
2087 3400 57 26 pilot
2166 3400 70 28 cloth,
2263 3400 124 27 cassimere,
2413 3400 46 22 and

1875 3430 88 18 trowser
1972 3426 66 27 stuffs,

1900 3453 44 21 Sail
1953 3459 79 15 canvas
2045 3453 46 21 and
2102 3453 71 27 twine,

1902 3479 104 27 Christy's
2015 3479 81 22 beaver
2105 3480 46 21 and
2160 3479 43 22 silk
2213 3479 58 27 hats,

1900 3506 67 23 Sacks
1977 3506 90 22 suitable
2076 3506 36 23 for
2123 3506 64 22 flour.

2055 3540 135 27 Ridg-ways,
2203 3538 115 28 Hickson;
2330 3541 44 22 and
2387 3541 40 22 Co.

1900 3570 139 29 Wellington,
2052 3572 90 25 August
2151 3572 33 25 20,
2198 3573 62 20 1844.

1874 3619 89 49 THE
1987 3620 76 20 Nelson
2086 3620 119 19 Examiner
2228 3620 43 20 and
2292 3620 55 20 New
2370 3621 98 21 Zealand

1945 3646 107 21 Chronicle
2068 3644 127 28 (published
2206 3647 25 19 at
2239 3645 104 29 Nelson,)
2360 3647 20 21 is
2396 3654 71 22 regu-

1871 3673 55 28 larly
1945 3672 138 22 transmitted
2099 3675 23 18 to
2139 3671 152 29 Wellington,'
2307 3673 45 22 and
2368 3680 52 21 may
2435 3674 29 22 be

1872 3700 43 22 had
1925 3703 23 19 at
1956 3699 38 22 the
2005 3699 59 21 oflice
2075 3698 25 22 of
2112 3698 44 22 this
2165 3705 78 22 paper.

1900 3731 45 22 The
1956 3732 75 20 Nelson
2038 3731 119 20 Examiner
2172 3729 48 23 will
2227 3730 30 23 be
2266 3730 71 24 found
2346 3738 33 15 an.
2387 3733 78 22 excel-

1873 3760 47 21 lent
1928 3758 96 22 medium
2033 3757 35 21 for
2078 3756 142 24 advertisers.

1899 3791 76 22 Terms
1985 3790 32 21 for
2025 3788 38 23 the
2072 3795 77 21 paper,
2159 3791 39 19 ten
2207 3787 104 28 shillings
2324 3795 41 21 per
2373 3793 96 25 quarter

1872 3816 93 31 payable
1973 3816 25 21 in
2008 3815 106 23 advance.
2279 3820 4 4 '
2366 3839 3 3 .
2399 3814 21 20 "'•'
2433 3817 5 8 l

1901 3848 80 22 Orders
2004 3847 31 22 for
2053 3847 40 22 the
2116 3854 68 21 paper
2208 3846 47 22 and
2278 3846 192 28 advertisement*

1873 3874 103 24 received
1985 3877 23 20 at
2016 3874 36 22 the
2063 3874 74 22 Oflice
2147 3874 26 22 of
2185 3873 46 23 this
2240 3880 81 23 paper...
2342 3889 4 3 -
