2580 4020
1286 174 84 26 iri^the
1394 178 59 19 town
1476 173 76 24 would
1574 173 55 23 bear
1652 176 22 19 to
1699 171 65 24 those
1790 172 23 22 in
1839 171 39 23 the

1288 211 102 26 conntry.
1432 206 26 23 It
1469 213 45 15 was
1526 206 48 22 also
1587 204 106 24 assumed
1705 204 49 23 that
1765 204 39 23 the
1817 204 61 23 class

1288 240 23 24 qj
1326 239 76 23 which
1413 239 37 22 the
1469 244 59 17 town
1547 237 133 31 population
1702 236 73 23 would
1796 236 82 29 chiefly

1286 272 31 25 be
1338 272 120 29 composed
1480 270 75 23 would
1578 270 24 23 in
1626 277 13 15 a
1655 273 66 27 great
1744 268 132 30 proportion

1290 304 108 30 etaigrate
1411 307 21 19 at
1453 303 59 23 their
1535 309 50 16 own
1609 306 56 19 cost.
1714 301 56 23 And
1793 301 17 21 it
1832 307 46 15 was

1389 336 83 30 argued
1484 335 51 23 that
1546 340 24 17 at
1577 334 59 23 least
1644 334 47 22 this
1700 333 178 22 inconvenience

1290 369 73 30 might
1371 368 29 22 be
1413 368 111 23 remedied
1537 368 29 29 by
1585 366 84 31 selling
1690 370 59 18 town
1769 365 53 23 land
1844 365 35 22 for

1290 401 55 27 S^ch
1357 409 14 14 a
1382 401 61 29 price
1454 408 24 15 as
1490 400 74 30 might
1573 399 93 30 provide
1678 399 38 22 for
1730 405 43 23 any
1791 397 88 23 further

1289 423 135 40 emigration
1435 432 109 24 rendered
1556 439 120 22 necessary
1686 431 30 30 by
1729 430 44 32 the,
1778 430 98 23 circum-

1290 470 77 19 stance
1380 465 26 23 of
1420 473 12 15 a
1445 470 59 18 town
1515 465 69 29 being
1596 463 147 23 established.
1744 460 18 10 "'
1780 463 29 22 In
1819 461 59 23 New

1292 493 108 33 Zealand,
1422 498 108 27 however,
1554 496 30 23 all
1608 496 63 23 these
1702 495 178 23 considerations

1291 530 57 24 have
1371 530 57 23 been
1448 529 143 28 overlooked,
1613 536 26 15 or
1662 535 33 16 we
1711 528 81 23 should
1803 526 77 24 rather

1292 570 48 23 say,
1350 562 145 30 deliberately
1505 561 155 30 disregarded.
1678 560 46 23 We
1735 568 40 22 say
1784 559 97 30 nothing

1293 596 26 22 of
1342 595 38 23 the
1400 595 46 23 sale
1463 595 25 23 of
1514 595 38 23 the
1570 599 75 18 town*
1650 593 66 23 lands
1728 593 24 23 of
1767 592 113 30 Welling-

1293 619 38 32 ton
1343 632 23 18 at
1380 627 37 23 the
1428 628 61 30 price
1501 627 24 23 of
1541 630 96 27 country
1645 626 63 28 land,
1722 626 95 22 because
1830 624 50 23 that

1293 668 44 15 was
1349 660 135 22 understood
1498 663 21 19 to
1529 660 28 22 be
1570 667 29 14 an
1611 658 142 31 exceptional
1774 656 107 32 proceed-

1293 700 47 23 ing.
1378 693 46 22 But
1435 693 22 22 in
1470 692 57 23 New
1540 691 133 30 Plymouth,
1686 691 26 22 in
1724 690 95 27 Nelson,
1832 689 47 22 and

1292 726 25 29 jn
1330 724 56 25 New
1397 724 137 30 Edinburgh
1547 724 38 22 the
1597 731 63 15 same
1672 728 87 24 tystem
1770 722 41 23 has
1823 722 60 22 been

1283 756 120 36 ijiursued.
1438 757 53 23 And
1504 757 52 23 thus
1570 764 42 14 one
1623 755 25 23 of
1658 760 44 18 two
1714 761 167 24 consequences

1286 808 5 8 r
1291 794 65 19 must
1374 789 137 31 necessarily
1527 789 81 23 result.
1656 787 83 24 Either
1763 787 37 24 the
1822 791 60 18 town

1286 823 54 35 |pill
1351 822 58 24 have
1427 830 28 15 no
1475 823 123 26 existence,
1618 820 44 24 and
1686 820 38 23 the
1746 819 137 32 purchasers

1295 855 49 23 who
1356 855 56 23 have
1424 856 56 22 been
1492 854 100 30 tempted
1604 854 30 30 by
1647 853 37 23 the
1697 853 47 23 bait
1757 853 23 23 of
1798 860 12 15 a
1822 857 62 19 town

1295 896 50 15 acre
1375 888 47 22 will
1443 888 46 22 find
1506 888 50 22 that
1579 887 53 30 they
1661 886 58 23 have
1742 886 105 30 acquired
1871 893 14 14 a

1294 925 108 27 property
1425 920 73 23 which
1520 921 20 21 is
1559 919 84 30 utterly
1662 919 120 28 valueless,
1801 926 25 15 or
1846 917 38 23 the

1297 953 134 32 purchasers
1442 952 23 23 of
1476 957 94 25 country
1580 952 53 22 land
1643 952 45 22 will
1695 951 47 23 find
1749 950 136 24 themselves

1293 986 97 26 without
1402 985 37 23 the
1449 985 63 23 labor
1535 984 105 31 required
1658 984 35 22 for
1706 985 29 21 its
1752 983 131 23 cutivation.

1297 1018 23 25 It
1338 1023 90 23 cannot,
1447 1018 111 27 however,
1583 1017 28 22 be
1634 1023 121 23 necessary
1778 1021 23 18 to
1824 1015 61 23 sltew

1296 1051 49 23 that
1357 1051 38 23 the
1406 1050 129 24 Wakefield
1547 1054 86 26 system
1646 1050 19 22 is
1686 1053 40 19 not
1745 1048 141 31 responsible

1296 1084 35 23 for
1343 1084 37 23 the
1393 1084 56 23 evils
1466 1083 100 31 brought
1585 1090 62 23 upon
1668 1083 39 22 the
1730 1081 88 24 settlers
1843 1081 44 22 and

1286 1131 2 17 ;
1296 1117 141 23 landowners
1450 1117 22 22 in
1484 1116 38 22 the
1536 1115 139 30 Company's
1696 1115 141 23 settlements
1857 1114 30 31 by

1298 1150 45 25 .■,his
1355 1149 105 24 violation
1474 1149 25 22 of
1514 1150 30 21 its
1556 1148 102 31 peculiar
1669 1147 132 31 principles.
1832 1147 53 23 The

1286 1182 3 27 \
1298 1182 62 24 truth
1380 1183 21 23 is
1424 1182 48 23 that
1495 1182 38 22 the
1557 1181 107 23 essential
1684 1181 87 30 objects
1790 1180 27 23 of
1838 1180 50 23 that

1296 1220 87 26 i?ystem
1394 1215 57 23 have
1469 1215 58 22 been
1549 1213 160 30 intentionally
1730 1213 116 23 sacrificed
1866 1218 22 18 to

1298 1256 79 16 secure
1394 1256 14 14 a
1427 1251 141 26 momentary
1587 1253 141 24 appearance
1747 1246 26 23 of
1787 1253 101 21 success,

1288 1281 55 24 <and
1361 1281 54 23 thus
1434 1286 22 17 to
1473 1281 111 22 maintain
1604 1280 35 22 for
1658 1287 13 15 a
1692 1286 53 23 year
1759 1286 24 15 or
1797 1283 42 18 two
1850 1279 38 22 the

1298 1317 80 20 tneans
1390 1314 28 22 of
1432 1314 85 29 paying
1528 1312 120 24 dividends
1661 1317 22 18 to
1696 1312 38 23 the
1747 1310 141 32 Company's

1299 1346 166 24 shareholders.
1513 1347 51 22 The
1583 1346 78 30 public
1677 1345 51 23 who
1740 1352 37 15 see
1790 1344 49 22 that
1852 1344 38 22 the

1300 1380 52 30 plan
1364 1379 99 31 pursued
1476 1380 22 22 in
1519 1379 56 23 New
1597 1378 103 23 Zealand
1719 1378 19 22 is
1758 1377 132 22 sanctioned

1299 1413 19 23 if
1334 1417 40 18 not
1385 1411 91 24 devised
1497 1413 30 29 by
1548 1412 46 24 Mr.
1615 1410 137 29 Wakefiold,
1775 1410 113 29 naturally

1300 1446 97 30 imagine
1411 1445 46 22 that
1470 1446 18 21 it
1511 1446 20 21 is
1554 1446 24 21 in
1597 1444 137 30 conformity
1752 1443 52 22 with
1825 1443 65 22 those

1300 1478 124 31 principles
1446 1478 23 22 of
1493 1478 150 23 colonization
1665 1482 22 18 to
1705 1477 73 22 which
1801 1476 28 22 he
1850 1475 40 23 has

1301 1512 67 30 given
1390 1511 36 22 his
1445 1518 73 16 name.
1566 1511 49 22 But
1632 1509 126 31 unhappily
1777 1517 28 14 no
1829 1516 62 15 more

1302 1544 40 23 lias
1352 1544 59 23 been
1424 1544 121 31 preserved
1557 1544 25 22 of
1596 1543 37 23 his
1652 1548 94 25 system,
1766 1542 55 23 than
1841 1542 50 30 just

1302 1577 115 23 sufficient
1429 1581 22 18 to
1462 1581 96 26 prevent
1569 1577 29 22 its
1619 1576 108 23 violation
1746 1575 58 23 from
1822 1575 70 30 being

1302 1615 111 26 apparent
1425 1613 22 19 to
1459 1617 67 22 every
1540 1617 50 15 one.
1621 1608 51 24 The
1684 1608 70 23 forms
1766 1608 57 23 have
1835 1608 56 23 been

1302 1642 55 32 kept
1370 1651 30 23 vp
1403 1655 31 3 —
1434 1643 42 22 but
1497 1643 38 22 the
1554 1643 122 22 substance
1698 1642 40 22 has
1756 1641 57 23 been
1833 1641 58 23 alto-

1293 1675 89 32 gether
1394 1676 120 30 forgotten.

1336 1709 112 28 Another,
1469 1709 44 22 and
1532 1709 23 22 in
1577 1707 57 24 New
1655 1707 75 24 South
1751 1707 78 23 Wales
1854 1706 38 24 the

1303 1742 59 23 main
1374 1749 65 16 cause
1452 1742 24 23 of
1493 1742 37 22 the
1542 1741 104 30 hostility
1667 1748 34 15 we
1717 1748 37 15 are
1775 1740 117 23 consider-

1305 1775 47 31 ing,
1376 1776 19 22 is
1419 1775 36 23 the
1474 1775 116 22 inflexible
1603 1773 137 32 application
1751 1773 25 23 of
1792 1773 38 23 the
1839 1773 53 31 plan

1304 1808 25 24 of
1340 1815 28 16 an
1382 1808 97 23 uniform
1493 1808 42 30 prh
1542 1815 12 15 c
1566 1807 46 23 laid
1624 1807 65 22 down
1701 1807 31 30 by
1744 1806 47 24 Mr.
1805 1806 88 23 Wake-

1305 1841 51 23 field
1370 1841 93 23 without
1475 1841 80 30 regard
1577 1845 20 17 to
1615 1839 39 23 the
1675 1839 101 30 peculiar
1795 1840 98 22 circum-

1295 1879 100 25 stances
1406 1873 70 23 which
1490 1874 23 22 in
1523 1873 50 23 that
1582 1877 95 25 country
1691 1872 81 23 render
1790 1873 18 22 it
1827 1873 66 31 inap-

1307 1907 104 31 plicable.
1458 1906 47 24 Mr.
1530 1905 130 24 Wakefield
1683 1905 95 23 insisted
1797 1913 61 23 upon
1881 1914 14 14 a

1293 1940 78 26 g&xed.
1390 1940 43 28 yid
1455 1940 99 22 uniform
1566 1940 62 33 price
1631 1951 31 3 —
1664 1939 99 22 uniform
1774 1946 25 15 as
1811 1946 84 23 oppos-

1306 1973 27 23 ed
1346 1977 22 18 to
1389 1980 14 15 a
1424 1972 59 23 lixed
1506 1973 60 30 price
1589 1972 75 22 which
1688 1972 73 29 might
1782 1978 54 23 vary
1860 1972 35 22 far

1309 2005 104 23 different
1425 2005 98 23 districts
1536 2013 25 15 or
1574 2004 105 23 different
1694 2004 44 23 lots
1760 2005 24 23 of
1800 2004 54 23 land
1872 2011 23 16 at

1307 2036 37 23 ihe
1356 2039 88 28 caprice
1456 2038 25 21 of
1497 2038 37 22 the
1547 2037 167 28 Government,
1732 2038 44 21 and
1787 2037 70 27 fixed,
1869 2044 26 15 as

1309 2069 98 30 opposed
1420 2074 22 18 to
1463 2070 37 22 the
1519 2070 53 30 plan
1592 2070 26 22 of
1641 2070 83 29 selling
1741 2070 30 29 by
1795 2070 98 22 auction.

1309 2102 35 30 By
1356 2102 38 23 the
1408 2110 40 15 one
1460 2102 49 23 rule
1521 2102 28 23 he
1570 2102 111 30 proposed
1702 2107 22 18 to
1742 2107 94 26 prevent
1857 2102 38 23 the

1303 2135 98 30 jobbing
1410 2135 42 23 and
1468 2135 143 23 favouritism
1619 2135 74 23 which
1704 2135 43 23 had
1756 2135 140 30 extensively

1307 2168 115 31 prevailed
1434 2168 71 23 under
1519 2168 37 23 the
1578 2168 83 23 former
1676 2172 108 26 systems,
1804 2168 44 23 and
1866 2168 29 30 by

1308 2201 37 23 the
1368 2201 63 23 other
1453 2201 28 23 he
1500 2201 92 23 secured
1618 2208 25 16 as
1665 2201 30 23 he
1724 2201 114 31 imagined
1858 2201 39 23 the

1307 2238 100 26 greatest
1425 2234 98 31 possible
1553 2234 86 30 facility
1664 2234 26 23 of
1716 2235 135 30 acquisition
1875 2238 22 19 at

1303 2267 51 31 just
1365 2267 50 23 that
1427 2268 68 30 price,
1508 2267 74 22 which
1595 2267 86 30 having
1694 2267 79 30 regard
1787 2272 22 18 to
1831 2267 66 23 those

1307 2300 88 32 objects
1423 2301 34 22 for
1478 2300 72 23 which
1576 2307 44 23 any
1639 2301 63 29 price
1726 2308 44 15 was
1783 2300 114 31 required,

1308 2333 74 31 might
1392 2333 29 23 be
1432 2333 93 23 deemed
1542 2333 123 23 sufficient.
1715 2333 47 23 But
1773 2333 63 23 there
1849 2340 48 15 was

1307 2374 30 15 no
1359 2366 105 23 inherent
1484 2366 93 30 efficacy
1596 2367 116 29 supposed
1735 2371 23 18 to
1777 2366 74 23 reside
1876 2367 21 21 in

1308 2399 46 23 this
1370 2400 132 29 uniformity
1519 2399 73 23 which
1610 2399 82 23 should
1705 2400 89 30 require
1806 2400 18 22 it
1836 2405 23 17 to
1872 2400 26 22 be

1309 2432 137 23 maintained
1455 2438 23 17 at
1490 2432 38 23 the
1553 2440 100 23 expense
1676 2433 25 22 of
1717 2433 37 22 the
1773 2433 87 31 objects
1882 2433 17 22 it

1308 2473 45 15 was
1366 2466 107 29 designed
1486 2470 22 18 to
1520 2466 147 29 accomplish.
1714 2466 28 22 In
1755 2466 55 22 New
1825 2465 73 23 South

1309 2498 87 27 Wales,
1413 2499 109 28 however,
1544 2499 43 22 and
1611 2504 21 17 to
1653 2507 12 15 a
1688 2499 85 23 certain
1785 2504 79 17 extent
1876 2500 22 21 in

1311 2532 55 22 New
1379 2532 108 28 Zealand,
1501 2532 63 22 there
1575 2532 19 22 is
1605 2539 42 15 one
1653 2533 164 22 circumstance
1825 2532 74 22 which

1310 2564 53 23 does
1376 2565 24 22 in
1411 2564 64 23 effect
1487 2565 82 22 render
1590 2565 39 22 tho
1648 2565 116 23 inflexible
1785 2565 114 22 mainten-

1310 2604 54 16 ance
1378 2597 26 23 of
1418 2605 30 15 an
1467 2598 96 22 uniform
1585 2598 60 29 price
1664 2598 138 23 destructive
1820 2598 26 22 of
1871 2599 28 21 its

1310 2630 94 32 objects.
1452 2631 29 23 In
1502 2631 55 23 both
1577 2631 123 28 countries,
1726 2631 40 23 but
1778 2631 122 30 especially

1310 2664 24 22 in
1354 2663 39 24 the
1414 2664 90 28 former,
1524 2664 64 23 there
1606 2671 38 16 are
1656 2664 63 30 large
1732 2669 67 18 tracts
1812 2664 26 23 of
1846 2664 53 24 laud

1387 2697 52 31 only
1450 2697 34 23 for
1497 2702 101 25 pasture.
1648 2696 23 23 It
1695 2698 21 22 is
1738 2697 93 23 obvious
1851 2697 49 23 that

1309 2730 54 22 land
1375 2730 94 30 adapted
1481 2730 35 23 for
1526 2730 96 30 grazing
1636 2730 19 22 is
1668 2730 55 23 both
1735 2730 46 23 less
1795 2730 105 23 valuable

1311 2762 45 23 and
1368 2763 101 30 requires
1482 2762 46 23 less
1540 2763 80 22 labour
1632 2762 55 24 than
1699 2763 53 23 land
1763 2763 96 31 adapted
1867 2763 33 23 for

1311 2795 146 31 agriculture.
1505 2795 54 24 And
1574 2796 63 23 there
1649 2796 19 23 is
1681 2796 59 23 little
1752 2796 113 31 difficulty
1878 2798 22 21 in

1311 2828 179 31 distinguishing
1508 2828 102 24 between
1630 2829 63 23 tbese
1717 2833 42 19 two
1779 2829 86 24 classes
1878 2830 25 23 of

1310 2861 62 23 land.
1421 2861 81 24 Under
1524 2869 30 15 an
1577 2861 100 24 uniform
1697 2863 70 30 price,
1786 2862 113 30 however,

1310 2894 73 23 either
1392 2894 63 23 there
1467 2902 38 15 are
1516 2894 76 24 undue
1611 2895 107 23 facilities
1739 2895 26 23 of
1782 2896 120 31 acquiring

1311 2927 54 24 land
1383 2927 74 23 suited
1474 2927 35 24 for
1530 2928 146 30 agriculture,
1702 2936 25 15 or
1747 2936 154 24 unnecessary

1311 2960 140 24 restrictions
1463 2961 24 23 in
1497 2960 38 24 the
1548 2968 48 23 way
1608 2961 25 23 of
1643 2962 120 31 acquiring
1771 2962 53 23 land
1836 2962 64 23 fitted

1310 2993 36 23 for
1356 2998 130 26 pasturage.
1533 2994 56 23 And
1610 2995 21 22 if
1646 2995 38 23 the
1704 2995 62 31 price
1776 2995 25 23 of
1815 2995 55 23 land
1881 2996 20 23 is

1311 3027 119 30 employed
1442 3027 23 23 in
1477 3027 119 32 defraying
1608 3027 38 23 the
1659 3033 49 18 cost
1717 3028 24 23 of
1756 3029 143 30 emigration,

1310 3059 65 23 there
1387 3060 44 23 will
1444 3060 27 23 be
1483 3066 64 25 great
1558 3061 150 23 fluctuations
1719 3061 25 23 in
1764 3061 39 23 the
1820 3061 82 24 labour

1310 3092 92 23 market
1413 3101 24 15 as
1451 3093 37 23 the
1499 3094 125 30 purchases
1643 3101 53 24 may
1714 3095 85 23 consist
1822 3095 26 23 of
1864 3094 37 24 the

1311 3125 38 24 the
1361 3133 42 16 one
1413 3134 24 15 or
1450 3126 38 23 the
1500 3127 66 23 other
1578 3127 141 31 description
1731 3128 25 22 of
1771 3127 61 24 land.
1878 3128 25 23 If

1310 3158 39 23 the
1361 3158 62 24 chief
1430 3160 125 30 purchases
1571 3167 40 16 are
1630 3160 25 23 of
1670 3160 79 31 tillage
1765 3160 54 24 land
1837 3161 69 23 there'

1310 3191 45 23 will
1367 3192 29 23 be
1409 3200 13 15 a
1432 3192 131 31 deficiency,
1578 3193 45 23 and
1643 3193 19 23 if
1686 3193 26 23 of
1731 3198 94 26 pasture
1847 3194 56 23 land

1310 3224 65 23 there
1385 3225 48 23 will
1445 3225 27 24 be
1484 3233 30 16 an
1525 3233 82 16 excess
1629 3226 24 23 of
1668 3226 90 25 labour.
1799 3226 32 24 In
1839 3227 63 25 .New

1310 3257 75 24 South
1407 3258 77 24 Wales
1505 3259 39 23 the
1568 3260 118 30 operation
1705 3260 26 23 of
1745 3260 39 23 the
1801 3260 101 24 uniform

1310 3291 61 30 price
1384 3299 95 23 appears
1490 3295 24 20 to
1524 3292 59 23 have
1594 3292 59 24 been
1665 3297 23 18 to
1702 3297 75 19 create
1789 3293 113 30 needless,

1310 3323 45 23 and
1368 3323 111 25 therefore
1488 3325 113 31 injurious
1613 3325 132 24 difficulties
1757 3327 23 22 in
1794 3326 38 23 the
1851 3334 51 24 way

1311 3356 25 24 of
1359 3357 118 31 acquiring
1497 3358 53 23 land
1571 3358 77 23 suited
1669 3358 38 23 for
1727 3363 131 27 pasturage,
1880 3364 22 19 to

1310 3389 58 23 have
1377 3389 130 24 withdrawn
1516 3398 29 16 an
1554 3391 77 23 undue
1639 3393 134 29 proportion
1782 3392 24 23 of
1818 3393 84 29 capital

1311 3422 57 24 from
1374 3422 132 32 productive
1514 3424 176 30 employments,
1699 3424 43 24 and
1748 3425 99 31 perhaps
1854 3426 48 23 also

1310 3459 23 20 to
1339 3455 57 24 have
1401 3456 133 24 introduced
1540 3465 14 15 a
1559 3457 122 32 labouring
1686 3458 132 31 population
1827 3459 76 30 larger

1311 3489 55 22 than
1379 3489 38 23 the
1427 3489 80 28 colony
1519 3489 67 24 could
1602 3490 194 32 advantageously
1805 3493 96 23 receive.

1310 3521 48 24 But
1369 3522 64 23 these
1445 3522 189 24 inconveniences
1652 3523 59 24 have
1727 3524 102 23 resulted
1849 3525 54 31 only

1309 3555 60 24 from
1376 3555 37 23 the
1418 3554 169 32 uncalculating
1592 3555 147 33 inflexibility
1745 3557 54 24 with
1804 3557 75 25 which
1890 3567 14 15 a

1309 3588 58 29 rule,
1388 3588 121 31 originally
1521 3589 123 30 suggested
1657 3590 85 31 merely
1754 3598 26 16 as
1801 3598 13 16 a
1832 3591 72 31 ready

1310 3628 79 17 means
1413 3621 24 23 of
1460 3621 106 31 working
1587 3621 39 24 the
1646 3627 87 26 system
1752 3623 96 25 without
1865 3624 39 24 the

1310 3654 115 30 necessity
1436 3654 24 23 of
1476 3658 106 20 constant
1601 3656 160 29 interference,
1782 3656 42 24 has
1845 3657 59 25 been

1310 3687 87 24 carried
1410 3691 38 19 out
1459 3694 26 16 as
1497 3687 88 31 though
1596 3689 19 22 it
1631 3688 89 25 formed
1742 3697 29 16 an
1791 3692 110 23 essential

1309 3723 52 27 part
1373 3719 26 24 of
1414 3720 37 23 the
1463 3724 87 26 system
1563 3721 71 24 itself.

1346 3753 97 31 Having
1462 3753 62 29 thus,
1545 3761 34 16 we
1597 3758 61 19 trust
1676 3755 170 32 satisfactorily,
1865 3765 39 16 ac-

1312 3785 99 24 counted
1417 3786 34 23 for
1463 3786 39 23 the
1512 3786 108 24 discredit
1627 3788 49 23 into
1686 3788 75 24 which
1770 3790 38 23 the
1815 3790 89 24 Wake-

1309 3819 55 23 field
1377 3823 86 27 system
1479 3818 42 24 has
1534 3819 70 24 fallen
1624 3821 26 22 in
1662 3821 64 24 these
1738 3823 108 29 colonies,
1861 3823 44 23 and

1310 3852 86 31 having
1413 3852 85 29 shewn,
1517 3852 50 24 that
1587 3853 19 22 it
1617 3852 54 25 does
1691 3859 41 19 not
1751 3856 73 23 result
1845 3856 60 24 from

1310 3893 46 23 any
1366 3885 75 24 defect
1457 3885 26 24 in
1503 3884 39 24 the
1561 3886 123 32 principle,
1702 3888 19 23 it
1740 3889 54 30 only
1804 3889 101 23 remains

1309 3918 37 24 for
1357 3925 29 17 us
1399 3923 23 19 to
1431 3918 93 32 enquire
1537 3919 24 23 in
1570 3918 61 25 what
1643 3927 95 17 manner
1750 3922 37 22 the
1798 3922 106 22 Govern-

1311 3956 64 20 ment
1385 3952 22 24 is
1425 3956 23 20 to
1458 3951 52 25 deal
1521 3951 57 25 with
1594 3952 40 25 the
1646 3958 71 19 waste
1734 3954 65 24 lands
1810 3955 24 23 in
1847 3955 58 23 New

565 97 98 43 myt
687 94 52 42 :tf
740 94 68 40 tto
834 92 212 42 XtaUmfc
1072 89 192 46 €Br*?ette
1289 85 93 55 $tto
1406 86 304 46 imtlUnqtm
1737 82 252 50 spectator.

127 1914 171 24 SHIPPING
317 1913 277 25 INTELLIGENCE.

264 1957 4 5 1
289 1955 145 22 ARRIVED.

96 1991 84 26 August
202 1992 35 23 21,
258 1991 104 20 schooner
377 1991 58 20 John
451 1991 67 25 Pirie,
540 1992 40 21 105
601 1994 57 24 tons,

70 2019 106 26 Simpson,
186 2019 56 19 from
251 2018 110 20 Adelaide.

94 2045 84 26 August
187 2045 35 24 22,
238 2045 101 19 schoonei
355 2043 65 21 Three
436 2045 109 24 Brothers,
556 2047 27 19 32
601 2048 57 23 tons,

68 2072 85 25 Thorns,
163 2072 57 20 from
230 2071 75 22 Queen
315 2071 129 20 Charlotte's
458 2071 82 21 Sound.

95 2100 84 25 August
195 2100 35 23 23,
247 2099 120 24 brigantine
381 2099 76 20 Comet.
476 2099 34 25 97,
521 2099 66 25 Cork,
602 2100 56 21 from

69 2126 95 20 Twofold
173 2126 53 26 Bay,
236 2126 34 20 via
280 2126 89 20 Nelson.

98 2154 60 19 Same
178 2154 47 25 day,
246 2155 69 18 cutter
341 2152 116 26 Pickwick,
479 2154 27 20 38
526 2155 59 24 tons,
604 2154 56 21 from

70 2180 82 26 Cloudy
161 2180 55 26 Bay.

99 2208 60 20 Same
175 2208 47 26 day,
240 2208 104 21 sckooaer
360 2207 78 27 Fidele,
458 2208 12 21 7
488 2210 55 24 tons,
562 2208 97 26 Cemino,

70 2235 55 20 from
136 2235 82 26 Cloudy
228 2235 54 26 Bay.

98 2262 84 26 August
203 2264 35 22 24,
258 2262 47 26 brig
326 2262 73 25 Guide,
427 2263 48 24 147,
495 2262 87 26 Adams,
602 2263 58 21 from

70 2288 83 28 Sydney
162 2291 35 18 via
207 2290 89 20 Nelson.

98 2317 85 25 August
192 2318 35 23 25,
237 2319 71 18 cutter
317 2317 116 20 Katherine
441 2318 111 25 Johntton,
565 2319 23 20 11
602 2320 58 23 tons,

68 2343 85 26 Taylor,
164 2344 56 20 from
229 2344 126 26 Wanganui.

310 2394 122 21 SAILED.

97 2427 83 26 August
197 2428 33 24 14,
247 2428 104 20 schooner
363 2427 86 26 Carbon,
468 2429 26 19 25
506 2429 57 25 tons,
582 2429 79 20 Cham-

70 2455 60 26 pion,
141 2454 32 20 for
183 2454 89 21 Nelson.

98 2482 60 20 Same
168 2482 48 25 day,
227 2485 69 17 cutter
309 2483 118 20 Katherine
435 2483 111 25 Johnston,
559 2484 25 19 11
602 2485 58 23 tons,

72 2509 83 26 Taylor,
166 2509 34 20 for
210 2509 74 26 Kapiti
294 2509 42 21 and
345 2509 126 26 Wanganui.

98 2537 84 25 August
187 2537 34 24 15,
233 2537 103 20 schooner
341 2537 123 24 Richmond,
473 2538 27 20 23
509 2539 55 24 tons,
574 2537 86 26 Brown,

72 2563 35 21 for
115 2563 37 20 the
161 2565 67 19 coast.

99 2591 83 25 August
193 2591 34 24 17,
237 2591 103 21 schooner
352 2591 75 25 Ocean,
438 2592 27 20 30
476 2593 55 24 tons,
543 2592 117 27 Ferguson,

72 2618 34 21 for
115 2618 42 20 Kai
168 2618 67 20 Kora.

100 2646 83 25 August
193 2646 34 23 18,
237 2645 49 26 brig
293 2646 99 25 Eleanor,
402 2647 42 20 253
454 2648 57 23 tons,
521 2647 35 20 for
568 2647 92 22 Akaroa.

101 2673 84 25 August
195 2673 35 24 21,
240 2675 69 18 cutter
327 2674 107 25 Finnetta,
447 2674 25 20 12
493 2676 55 24 tons,
564 2674 97 26 Watson,

73 2699 35 21 for
117 2699 90 21 Nelson.

101 2727 59 19 Same
171 2727 47 26 day,
228 2727 120 25 brigantine
367 2728 121 25 Vanguard,
503 2728 26 21 61
541 2730 58 24 tons,
615 2730 48 20 Pel-

73 2754 53 24 fold,
137 2753 33 21 for
180 2754 92 26 Sydney.

102 2781 60 20 Same
173 2781 47 26 day,
230 2782 70 19 cutter
314 2782 75 25 Leven,
404 2782 28 20 24
451 2785 56 22 tons,
524 2782 84 27 Swany,
628 2783 36 20 for

73 2808 38 19 the
124 2810 66 18 coast.

101 2834 84 27 August
191 2836 35 24 23,
237 2835 104 22 schooner
347 2836 69 25 Eliza,
425 2836 27 21 27
460 2838 56 24 tons,
526 2836 35 21 for
569 2836 94 26 Akaroa,

298 2884 36 21 IN
348 2885 91 22 PORT.

102 2918 51 27 Ship
173 2920 61 20 Bella
251 2920 89 20 Marina
364 2920 40 19 600
424 2922 58 22 tons,
502 2920 27 21 T.
552 2921 113 27 Asbridge.

73 2946 119 26 Ridgways,
208 2946 107 26 Hickson,
329 2948 43 19 and
383 2947 49 27 Co.,
449 2948 91 26 Agents.
569 2948 98 27 Loading

74 2974 36 21 for
119 2974 99 20 London.

103 3001 76 21 Cutter
187 3001 146 26 Moon-raker,
346 3002 25 20 12
383 3004 57 23 tons,
458 3002 99 21 Sinclair.
585 3003 80 26 Agent,

75 3028 99 26 Captain.

105 3056 49 25 Brig
163 3055 85 25 Helton,
260 3055 40 21 153
317 3058 58 23 tons,
393 3056 117 22 Maclaren.
538 3057 69 21 Waitt
623 3058 43 20 and

75 3083 73 26 Tyser,
159 3083 88 26 Agents.

104 3110 123 25 Brigantine
239 3110 55 21 Star
308 3110 30 25 of
354 3111 73 24 China,
446 3111 41 20 112
504 3113 57 22 tons,
580 3111 85 27 Tinley.

74 3137 37 21 W.
121 3137 139 25 Fitzherbert,
271 3138 77 25 Agent.

105 3164 75 21 Cutter
187 3165 59 20 Paul
253 3165 69 27 Jontt,
333 3166 28 20 45
370 3167 57 24 tons,
439 3166 75 21 Bathe.
552 3166 23 22 J.
588 3166 75 27 Smith,

76 3192 41 20 and
128 3191 48 24 Co.,
185 3191 88 27 Agents.

105 3219 108 20 Schooner
225 3220 57 20 John
294 3221 61 20 Pirie
371 3221 40 21 105
429 3223 57 23 tons,
504 3221 107 27 Simpson.
641 3220 22 23 J.

76 3245 76 25 Smith,
162 3246 43 20 and
215 3246 48 25 Co.,
273 3247 89 26 Agents.

105 3273 108 20 Schooner
233 3275 67 19 Three
320 3275 112 26 Brotheu,
452 3276 27 21 32
498 3277 59 24 tons,
573 3275 90 23 Thorns.

76 3300 98 25 Captain,
181 3301 79 25 Agent.

104 3327 123 26 Brigantine
239 3329 76 25 Comet,
327 3329 27 22 97
369 3331 57 24 tons,
442 3330 67 21 Cork.
536 3330 79 26 Agent,
628 3330 36 21 W.

77 3355 22 20 S.
110 3354 88 27 Loxley.

105 3381 75 21 Cutter
188 3382 116 25 Pickwick,
314 3384 27 20 38
357 3386 57 19 tons.

103 3409 52 26 Brig
174 3409 73 26 Guide,
267 3410 40 21 147
324 3412 56 23 tons,
398 3412 87 20 Vdams.
514 3412 78 26 Agent,
608 3411 57 27 Cap.

75 3436 54 21 tain.

103 3464 76 21 Cutter
197 3464 117 21 Katherine
329 3465 112 25 Johntton,
458 3466 25 19 11
502 3467 57 23 tons,
577 3466 79 26 Taylor.

76 3490 98 27 Captain,
185 3491 80 26 Agent.

66 3542 95 61 New
192 3542 221 61 Zealand
445 3542 221 61 Gazette

113 3604 68 23 AND
195 3603 218 24 WELLINGTON
434 3604 188 24 SPECTATOR.

173 3658 147 22 Wednesday
319 3665 4 5 1
324 3673 7 9 ,
347 3657 98 23 August
456 3659 36 24 28,
508 3659 61 23 1844.

1907 169 105 29 Zealand,
2026 169 23 23 in
2060 169 65 23 order
2139 169 49 23 that
2206 169 18 22 it
2245 176 52 23 may
2309 169 71 30 guard
2403 171 89 28 against

1907 202 37 23 the
1956 202 133 30 acquisition
2102 201 24 23 of
2133 201 55 23 land
2199 202 23 21 in
2236 201 122 30 quantities
2370 200 72 23 which
2454 209 38 16 are

1907 235 87 29 beyond
2006 234 37 23 the
2062 241 79 15 means
2153 234 26 22 of
2196 233 39 23 the
2248 240 87 16 owners
2347 237 24 19 to
2383 234 109 29 improve,

1907 267 42 22 and
1962 274 53 22 may
2027 271 22 18 at
2067 267 37 22 the
2116 273 62 15 same
2195 266 56 22 time
2269 272 78 16 secure
2366 272 15 15 a
2391 265 54 22 fund
2458 267 34 22 for

1909 300 36 21 the
1962 299 150 23 introduction
2132 299 48 22 into
2192 298 39 23 the
2243 298 80 29 colony
2333 297 26 23 of
2374 297 118 32 labouring

1908 332 122 29 emigrants
2041 331 30 30 by
2079 331 73 22 whom
2164 331 38 22 the
2210 329 158 32 appropriated
2376 329 53 23 land
2441 338 50 23 may

1908 364 27 23 be
1947 364 127 28 cultivated,
2087 363 44 23 and
2147 363 49 22 who
2214 370 53 22 may
2278 362 136 23 themselves
2424 369 67 17 even-

1909 396 70 29 tually
1990 396 93 22 become
2095 395 38 23 the
2144 395 137 31 purchasers
2293 394 44 24 and
2354 395 138 30 proprietors

1908 428 24 23 of
1942 428 60 23 laud.
2039 428 50 23 The
2102 428 52 30 only
2168 428 113 29 necessity
2289 426 73 24 which
2375 428 71 21 exists
2459 427 32 23 for

1909 460 37 23 the
1965 460 165 23 consideration
2143 460 25 23 of
2187 460 45 22 this
2246 460 111 30 question,
2372 460 69 22 arises
2453 465 38 18 out

1909 493 25 22 of
1944 493 35 22 the
1991 493 138 29 recognition
2144 493 26 22 of
2185 500 13 15 a
2211 491 50 24 title
2277 493 23 21 in
2314 491 38 23 the
2373 492 84 22 natives
2470 497 22 18 to

1909 525 37 22 the
1959 530 67 18 waste
2038 525 73 23 lands.
2146 524 52 24 The
2211 524 63 23 short
2292 524 43 23 and
2347 523 89 31 simple,
2449 526 43 22 and

1910 565 31 15 we
1952 557 86 23 believe
2050 557 55 28 also,
2119 557 37 23 the
2165 557 51 31 just
2225 564 29 16 no
2266 557 45 23 less
2324 556 53 23 than
2387 556 37 23 the
2435 557 57 30 poli-

1911 590 29 23 tic
1963 597 86 21 course,
2068 589 74 24 would
2162 590 27 22 be
2209 589 50 23 that
2278 589 39 23 the
2338 588 155 25 Government

1910 622 79 23 should
2008 627 85 18 retrace
2111 623 29 21 its
2159 627 61 25 steps
2232 630 6 19 ;
2260 621 79 23 should
2358 621 88 23 declare
2463 622 29 23 all

1910 655 37 22 the
1960 661 67 16 waste
2039 655 65 22 lands
2116 655 23 22 in
2151 655 64 22 these
2223 654 86 23 islands
2321 658 21 18 to
2352 654 29 22 be
2393 654 36 22 the
2440 662 53 22 pro-

1911 692 61 25 perty
1981 688 25 22 of
2017 687 36 23 the
2067 687 95 28 Crown;
2177 686 82 23 should
2268 691 40 18 out
2318 686 23 23 of
2351 686 64 23 these
2426 691 67 19 waste

1911 720 64 23 lands
1998 719 69 24 make
2088 720 81 23 liberal
2189 726 103 16 reseives
2309 719 35 23 for
2361 718 40 24 the
2420 718 73 25 future

1911 760 40 15 use
1963 752 23 23 of
2006 752 37 23 the
2055 753 95 27 natives,
2170 752 43 23 and
2236 756 35 18 set
2290 755 64 27 apart
2376 759 15 15 a
2412 752 83 24 certain

1911 785 87 30 portion
2010 785 26 23 of
2050 785 38 23 the
2100 785 112 31 purchase
2232 791 82 24 money
2326 792 25 14 as
2363 791 14 15 a
2389 791 104 23 compen-

1912 818 72 23 sation
1994 817 36 24 for
2041 825 44 23 any
2097 818 113 30 supposed
2222 817 85 22 benefit
2319 816 23 23 of
2358 816 73 22 which
2443 816 51 31 they

1912 858 50 23 may
1974 851 27 22 be
2013 850 105 31 deprived
2130 850 31 31 by
2173 849 46 23 this
2231 856 109 21 measure,
2354 848 45 24 and
2416 848 79 25 should

1912 883 52 23 then
1985 883 55 23 offer
2059 882 38 24 the
2109 882 71 24 whole
2199 882 35 23 for
2254 882 46 23 sale
2312 886 23 19 at
2353 889 29 15 an
2399 882 96 23 uniform

1912 917 67 29 price,
1992 916 90 31 subject
2098 920 23 18 to
2137 916 131 29 exceptions
2288 919 22 19 to
2322 914 27 23 be
2367 915 128 23 mentioned

1912 949 111 22 hereafter
2035 948 53 23 with
2107 949 80 29 regard
2200 952 22 18 to
2243 952 92 25 pasture
2353 947 62 23 land.
2451 947 45 24 But

1913 981 96 30 perhaps
2031 980 45 23 this
2091 988 80 15 course
2190 980 66 23 could
2268 984 40 19 not
2323 987 51 16 now
2390 980 27 22 be
2430 980 66 24 taken

1914 1014 92 23 without
2019 1013 128 31 subjecting
2159 1014 30 22 its
2203 1013 93 23 authors
2309 1017 22 18 to
2343 1014 91 22 serious'
2442 1013 53 23 mis-

1915 1046 160 28 construction,
2083 1046 44 23 and
2135 1046 101 30 exciting
2246 1053 28 15 an
2286 1046 129 30 opposition
2426 1045 70 24 which

1916 1078 71 24 would
1998 1079 87 30 greatly
2097 1078 96 31 impede,
2207 1079 20 22 if
2242 1079 19 22 it
2272 1078 38 23 did
2323 1083 40 18 not
2375 1077 121 32 altogether

1916 1112 71 23 defeat
1999 1113 30 22 its
2041 1112 124 30 operation.
2201 1110 46 24 We
2267 1111 58 23 have
2344 1110 110 24 therefore
2478 1116 18 19 to

1916 1145 91 31 enquire
2017 1144 50 24 how
2078 1145 37 23 the
2125 1148 69 20 waste
2201 1143 66 23 lands
2278 1144 25 22 of
2312 1143 38 23 the
2360 1143 80 31 colony
2448 1152 48 22 may

1917 1178 27 23 be
1956 1182 60 19 most
2023 1176 190 32 advantageously
2222 1177 60 22 dealt
2293 1176 63 28 with,
2368 1176 85 30 having
2464 1184 32 15 re-

1916 1211 54 29 gard
1984 1215 22 19 to
2019 1210 37 23 the
2067 1210 132 30 recoguised
2212 1210 75 30 rights
2300 1210 24 22 of
2337 1209 39 23 the
2389 1210 92 23 natives.

1951 1243 21 24 It
1985 1251 52 23 may
2047 1243 27 23 be
2093 1243 75 23 stated
2179 1243 137 29 confidently
2328 1242 49 23 that
2398 1242 38 22 the
2446 1250 49 22 pre-

1918 1280 48 18 sent
1979 1281 93 25 system,
2085 1284 25 14 so
2121 1276 34 22 far
2174 1284 24 14 as
2211 1276 18 22 it
2241 1283 42 15 can
2301 1276 27 22 be
2340 1275 119 22 estimated
2471 1276 27 29 by

1918 1310 29 21 its
1959 1309 85 28 effects,
2057 1309 20 22 is
2098 1309 37 22 the
2147 1316 54 22 very
2214 1313 68 18 worst
2304 1308 47 22 that
2363 1307 66 23 could
2446 1307 53 25 have

1920 1342 54 22 been
1985 1341 100 23 devised.
2120 1341 45 23 We
2177 1342 56 22 have
2251 1341 44 23 had
2317 1341 53 22 here
2389 1340 110 24 abundant

1919 1375 136 22 illustration
2067 1375 24 22 of
2109 1375 30 22 its
2156 1374 112 30 working,
2281 1373 45 23 and
2347 1381 39 15 are
2398 1373 100 31 qualified

1920 1408 110 22 therefore
2048 1412 21 18 to
2085 1415 93 22 express
2199 1415 28 15 an
2252 1406 135 24 authoritive
2410 1407 87 30 opinion

1921 1448 57 22 upon
2001 1441 37 22 the
2062 1440 96 30 subject.
2212 1440 51 23 The
2290 1440 87 22 natives
2400 1447 37 15 are
2465 1440 34 24 the

1920 1481 94 23 persons
2040 1478 22 19 to
2086 1474 73 22 whom
2182 1474 116 22 excessive
2332 1473 121 29 quantities
2480 1474 22 22 of

1919 1506 52 24 land
1984 1506 56 23 have
2058 1507 57 23 been
2134 1506 105 31 granted,
2252 1506 45 22 and
2314 1513 32 15 we
2368 1513 50 22 may
2428 1505 71 24 follow

1921 1540 37 23 the
1978 1540 72 23 words
2062 1540 25 23 of
2104 1538 38 24 the
2153 1540 157 26 instructions,
2324 1538 82 30 quoted
2422 1538 22 23 in
2462 1547 37 16 our

1921 1573 43 23 last
1982 1572 101 29 number,
2097 1572 52 23 with
2169 1572 80 30 regard
2270 1577 23 17 to
2307 1571 36 23 the
2365 1571 55 23 evils
2440 1579 59 16 occa-

1921 1605 78 24 sioned
2009 1606 30 30 by
2051 1605 58 23 their
2121 1605 94 31 thereby
2228 1605 132 30 preventing
2372 1604 64 23 other
2452 1613 47 22 per-

1921 1646 52 16 sons
1991 1646 64 16 more
2075 1638 140 23 industrious
2226 1638 60 22 from
2304 1638 127 29 improving
2448 1638 52 23 such

1921 1672 74 23 lands.
2032 1671 43 23 We
2092 1674 83 20 cannot
2194 1671 73 31 speak
2285 1671 23 22 of
2328 1670 64 23 other
2409 1676 60 24 parts
2481 1672 21 22 of

1923 1705 36 23 the
1970 1704 80 30 colony
2061 1704 58 23 from
2132 1711 41 15 our
2190 1712 49 14 own
2260 1704 150 27 observation,
2423 1704 39 22 but
2479 1705 20 22 in

1923 1738 36 23 the
1977 1737 128 23 immediate
2123 1738 93 29 vicinity
2238 1737 26 22 of
2276 1737 47 22 this
2344 1742 66 23 town,
2432 1737 20 22 in
2467 1737 32 22 the

1922 1771 73 30 valley
2006 1771 25 22 of
2048 1770 37 22 the
2107 1770 68 28 Hutt,
2194 1771 65 22 there
2280 1777 38 15 are
2337 1769 123 23 thousands
2479 1770 23 22 of

1923 1811 61 16 acres
1996 1803 26 23 of
2031 1803 38 23 the
2076 1803 85 23 richest
2171 1803 42 22 soil
2224 1803 66 31 lying
2299 1803 125 29 absolutely
2436 1808 61 17 waste

1922 1837 43 23 and
1988 1836 171 31 unproductive,
2179 1836 73 23 which
2276 1836 37 22 the
2333 1836 87 22 natives
2439 1843 63 15 never

1923 1870 55 23 have
2007 1869 63 29 used,
2107 1869 44 23 and
2180 1869 110 31 probably
2325 1876 69 15 never
2428 1868 67 24 would

1923 1911 46 21 use,
2003 1903 45 22 and
2081 1902 75 23 which
2185 1902 154 23 nevertheless
2372 1902 51 30 they
2455 1902 46 23 still

1923 1937 82 29 persist
2022 1937 23 21 in
2057 1935 149 31 withholding
2226 1936 60 22 from
2304 1935 64 23 those
2387 1935 49 22 who
2451 1934 51 24 have

1925 1969 36 22 ths
1984 1968 201 31 y&elin.iJtion..jw<l
2203 1968 38 22 the
2262 1968 76 29 ability
2358 1972 22 19 to
2402 1968 100 26 cultivate

1925 2001 67 29 them,
2005 2001 45 23 and
2062 2001 50 23 who
2135 2008 37 16 are
2185 2001 50 23 well
2253 2001 55 30 nigh
2328 2001 78 21 ruined
2427 1996 26 33 $y
2468 2001 31 21 tV

1925 2034 142 30 compulsory
2078 2034 99 22 idleness
2198 2034 22 21 in
2241 2032 73 23 which
2332 2032 53 29 they
2397 2039 37 15 are
2452 2032 50 29 kept

1923 2067 34 22 for
1968 2071 61 18 want
2040 2067 25 22 of
2074 2065 52 23 land
2140 2072 22 16 to
2175 2066 115 22 cultivate.
2327 2064 50 23 The
2396 2064 102 29 difficulty

1925 2100 102 22 however
2038 2099 62 27 here,
2115 2098 40 23 has
2168 2099 75 22 arisen
2257 2099 21 22 in
2299 2106 12 14 a
2323 2101 64 26 great
2407 2104 95 15 meriMire

1924 2133 56 22 from
1992 2132 39 22 the
2041 2132 163 22 circumstance
2215 2132 49 22 that
2275 2131 37 22 the
2325 2130 66 22 lands
2404 2134 20 18 to
2437 2129 65 23 which

1925 2173 31 15 we
1978 2165 67 28 refer,
2058 2172 38 15 are
2114 2165 96 22 claimed
2233 2165 30 29 by
2279 2163 86 31 parties
2387 2163 48 22 who
2457 2163 42 22 also

1926 2199 64 22 claim
2003 2198 64 22 other
2078 2198 62 29 large
2159 2197 108 28 districts,
2281 2196 26 24 of
2316 2196 73 23 which
2407 2196 38 23 the
2461 2196 40 23 sale

1926 2232 19 21 is
1957 2230 104 32 disputed
2069 2231 29 30 by
2111 2231 36 22 the
2161 2231 95 22 natives.
2282 2229 29 23 In
2325 2236 149 23 consequence
2485 2229 19 22 of

1926 2264 44 23 this
1982 2264 38 22 the
2034 2264 88 22 natives
2134 2263 46 22 will
2192 2267 40 19 not
2243 2262 61 31 yield
2316 2262 44 23 this
2371 2262 85 30 portion
2466 2262 38 22 lest

1926 2299 18 20 it
1954 2297 73 30 might
2046 2297 28 22 be
2091 2296 77 23 drawn
2185 2297 48 22 into
2252 2304 12 15 a
2285 2295 120 31 precedent
2422 2295 80 30 against

1928 2330 58 23 them
2001 2330 52 23 with
2065 2330 79 29 regard
2157 2334 22 18 to
2191 2330 38 22 the
2241 2329 84 24 others.
2361 2328 54 23 And
2427 2336 28 15 we
2469 2328 33 21 be-

1928 2364 56 22 lieve
1993 2364 17 22 it
2022 2363 45 22 will
2077 2363 27 22 be
2123 2362 69 24 found
2212 2362 139 31 throughout
2368 2361 37 23 the
2422 2361 58 22 colon
2484 2369 18 21 j,

1928 2398 47 21 that
1987 2396 73 23 where
2072 2395 130 24 difficulties
2215 2397 60 22 exist
2292 2396 23 22 in
2328 2394 37 23 the
2379 2402 45 22 way
2436 2394 22 22 of
2469 2401 33 15 ac-

1928 2431 90 29 quiring
2030 2429 51 23 land
2093 2429 58 23 from
2170 2429 38 23 the
2220 2429 96 28 natives,
2330 2428 63 22 these
2412 2426 88 24 difficul-

1929 2464 39 22 ties
1982 2470 51 23 may
2045 2462 28 23 be
2086 2462 75 23 traced
2174 2467 22 18 to
2215 2462 87 23 similar
2314 2468 87 16 causes.
2436 2460 43 22 But
2488 2467 11 14 a

1928 2502 85 25 system
2022 2497 23 21 in
2055 2495 37 23 the
2102 2495 104 31 working
2218 2495 25 23 of
2251 2494 72 24 which
2334 2493 57 23 such
2403 2492 101 24 obstacles

1929 2537 36 16 are
1977 2529 113 28 inherent,
2107 2530 19 21 is
2144 2535 43 16 one
2206 2528 73 23 which
2298 2527 70 31 ought
2391 2532 36 17 not
2443 2530 21 19 to
2480 2525 24 22 be

1928 2562 138 24 maintained
2085 2563 35 22 for
2139 2570 13 14 a
2173 2561 42 31 day
2237 2561 57 24 after
2318 2568 43 23 any
2381 2558 121 25 reasonable

1929 2596 150 23 modification
2091 2596 20 22 is
2123 2595 134 29 suggested.

1938 2649 3 6 ,
1963 2629 41 23 We
2015 2629 72 23 would
2094 2629 52 23 then
2155 2636 97 23 propose
2260 2628 77 23 thatas
2344 2634 12 15 a
2364 2626 135 31 preliminary

1928 2671 111 19 measure,
2052 2668 62 25 steps
2126 2662 82 23 should
2221 2662 27 22 be
2260 2662 71 22 taken
2343 2660 34 23 for
2389 2659 111 22 ascertain-

1930 2697 37 30 ing
1974 2695 45 24 and
2030 2696 135 31 registoiug
2175 2695 37 23 the
2226 2695 74 22 native
2311 2693 73 28 titles;
2399 2692 44 23 that
2454 2692 48 21 then

1930 2737 66 23 every
2006 2737 84 23 person
2102 2728 82 24 should
2195 2728 29 23 be
2234 2733 24 18 at
2273 2728 82 28 liberty
2368 2731 22 18 to
2401 2725 100 31 purchase

1929 2763 58 23 from
1999 2762 39 23 the
2057 2761 126 32 registered
2201 2768 88 16 owners
2300 2769 6 20 ;
2319 2760 49 22 that
2380 2766 64 22 every
2455 2756 47 24 such

1930 2796 122 31 purchaser
2065 2794 82 25 should
2159 2795 27 23 be
2199 2793 94 25 entitled
2306 2798 22 19 to
2340 2801 12 14 a
2361 2792 141 23 Government

1930 2834 66 26 grant
2006 2828 35 23 for
2053 2829 39 23 the
2104 2827 53 25 land
2169 2827 135 31 purchased,
2318 2833 59 24 upon
2389 2824 113 31 producing

1930 2871 13 14 a
1953 2862 121 24 certificate
2086 2861 58 23 from
2155 2861 38 23 the
2204 2861 121 23 Protector
2336 2859 24 22 of
2379 2858 37 23 the
2427 2856 75 24 district

1931 2895 47 25 that
1989 2895 40 23 the
2040 2895 47 23 sale
2106 2894 44 24 had
2170 2894 58 23 been
2249 2893 54 30 duly
2313 2892 74 28 made,
2406 2890 40 24 and
2465 2895 35 17 was

1930 2928 137 25 understood
2078 2928 30 30 by
2118 2927 37 24 the
2163 2931 68 27 party
2243 2925 90 30 selling,
2346 2923 102 33 provided
2462 2922 37 23 that

1930 2962 36 24 the
1978 2961 58 24 deed
2052 2968 46 16 was
2117 2959 126 32 registered
2254 2959 80 23 within
2345 2965 14 16 a
2375 2958 64 30 given
2449 2956 50 26 time,

1930 3003 39 23 say
1981 3003 14 16 a
2005 3001 62 25 year,
2079 2995 60 22 from
2146 2993 39 24 the
2196 2994 52 21 date
2257 2992 24 23 of
2291 2991 38 24 the
2339 2991 114 31 purchase,
2465 2987 34 24 and

1931 3037 13 14 a
1954 3028 144 31 registration
2110 3027 35 23 fee
2154 3026 26 23 of
2189 3030 41 18 not
2239 3026 49 22 less
2300 3025 55 23 than
2366 3024 36 24 £1
2412 3029 36 25 per
2459 3027 40 17 acre

1930 3069 57 16 were
1999 3061 51 31 paid
2065 3066 23 17 to
2105 3060 39 23 the
2156 3059 167 23 Government.
2359 3057 62 23 With
2433 3052 64 33 regard

1930 3099 22 19 to
1964 3095 38 23 the
2013 3094 54 23 land
2079 3094 49 22 that
2139 3092 75 31 might
2225 3092 30 24 be
2266 3090 107 25 intended
2386 3094 20 19 to
2419 3089 24 23 be
2453 3085 44 26 used

1930 3135 24 16 as
1965 3132 101 28 pasture,
2079 3134 33 16 we
2119 3126 75 23 would
2201 3133 99 24 propose
2311 3132 41 16 one
2358 3123 25 24 of
2391 3128 38 18 two
2439 3121 57 31 plans,

1931 3161 71 23 either
2013 3161 50 23 that
2075 3168 13 16 a
2100 3160 119 31 squatting
2224 3159 87 23 licence
2323 3156 81 25 should
2410 3156 26 23 be
2443 3159 53 25 gran-

1931 3195 35 22 ted
1978 3194 36 24 for
2027 3202 13 15 a
2048 3195 68 30 given
2127 3198 67 23 term,
2207 3196 25 19 at
2248 3191 58 24 such
2316 3199 14 15 a
2340 3195 49 19 rate
2405 3196 22 16 as
2439 3184 58 26 would

1931 3228 89 23 furnish
2032 3235 28 15 an
2071 3227 110 30 adequate
2198 3224 58 25 fuud
2266 3224 36 24 for
2321 3222 136 28 introducing
2467 3217 28 24 the

1931 3261 115 24 labourers
2058 3259 106 32 required
2175 3259 36 23 for
2233 3259 38 23 the
2293 3265 51 16 care
2356 3256 26 24 of
2399 3255 34 23 the
2444 3250 53 26 cattle

1931 3294 44 23 and
1985 3294 70 31 sheep
2067 3292 138 32 depastured
2224 3291 76 24 under
2312 3290 37 24 the
2369 3290 91 24 licence;
2473 3290 24 21 or,

1931 3327 74 24 which
2016 3335 33 16 we
2067 3326 84 25 should
2161 3325 84 31 perfer,
2259 3325 49 23 that
2319 3332 14 15 a
2344 3322 86 24 smaller
2440 3319 55 31 price,

1930 3361 99 31 perhaps
2039 3360 44 23 five
2095 3359 106 31 shillings
2212 3367 41 23 per
2265 3365 50 17 acre
2333 3355 79 24 should
2422 3354 24 22 be
2457 3356 40 26 paw

1930 3393 34 24 for
1976 3393 58 24 such
2051 3393 63 29 land,
2131 3392 46 24 and
2196 3392 51 24 that
2265 3393 18 22 it
2304 3389 80 25 should
2400 3388 26 22 be
2436 3386 19 23 in
2467 3384 28 23 the

1930 3434 75 23 power
2018 3426 24 24 of
2058 3426 38 24 the
2110 3426 159 23 Government
2286 3429 24 19 to
2326 3428 87 19 resume
2428 3426 22 16 or
2460 3417 36 23 dis-

1931 3468 53 22 pose
1998 3459 24 24 of
2032 3459 37 24 the
2079 3459 52 24 land
2144 3463 24 19 at
2185 3459 115 30 pleasure,
2312 3456 37 24 the
2362 3453 111 34 purchaser
2479 3449 18 22 in

1932 3494 54 22 such
2000 3501 51 15 case
2062 3493 70 30 being
2144 3491 95 24 allowed
2252 3496 22 19 to
2288 3490 71 24 retain
2370 3495 42 23 any
2423 3487 73 29 portion

1932 3525 27 24 he
1968 3526 75 31 might
2050 3525 69 24 select
2132 3530 23 18 at
2167 3525 39 23 the
2217 3524 83 31 higher
2311 3523 68 32 price,
2392 3519 41 24 and
2441 3518 55 25 being

1932 3559 94 24 allowed
2039 3559 71 24 credit
2121 3559 35 23 for
2167 3558 38 23 his
2217 3556 97 33 original
2326 3556 103 32 payment
2439 3558 21 16 so
2470 3548 26 23 far

1931 3600 25 16 as
1966 3594 19 22 it
1997 3592 73 25 would
2082 3591 92 25 extend.
2212 3591 35 23 Or
2259 3591 29 23 he
2298 3589 73 32 might
2387 3587 26 23 be
2421 3582 76 26 allowed

1932 3630 23 19 at
1965 3626 37 23 his
2020 3626 78 30 option
2117 3629 23 18 to
2159 3624 69 23 claim
2248 3631 30 17 an
2292 3622 66 32 equal
2375 3617 93 35 quantity
2479 3615 20 20 of

1931 3659 54 23 land
1996 3659 122 23 elsewhere
2129 3661 25 19 at
2166 3657 39 23 the
2218 3664 63 16 same
2293 3661 54 19 rate.

1965 3692 44 23 We
2021 3690 48 25 find
2081 3690 49 24 that
2138 3697 34 16 we
2184 3694 63 19 mnst
2255 3690 68 31 again
2333 3685 69 26 break
2410 3682 56 26 off—
2467 3681 30 22 out

1934 3725 36 23 the
1982 3725 139 30 importance
2132 3723 26 23 of
2174 3723 39 24 the
2234 3723 90 32 subject
2340 3725 22 19 to
2382 3719 37 24 the
2433 3714 64 27 colony

1928 3758 49 23 .will
1988 3765 34 16 we
2034 3764 37 16 are
2083 3757 103 29 assured,
2196 3757 90 31 justifiy
2302 3763 26 16 us
2345 3755 24 22 in
2380 3752 35 24 the
2427 3755 46 24 eyes
2480 3747 17 20 ot

1933 3798 39 16 our
1984 3790 92 24 readers
2086 3790 36 23 for
2140 3790 39 24 the
2190 3790 81 31 length
2291 3793 23 19 at
2326 3785 72 26 which
2407 3791 30 16 we
2452 3780 43 23 have

1933 3823 87 24 treated
2037 3823 26 23 it.
2100 3822 44 24 We
2165 3823 57 23 shall
2236 3821 108 25 conclude
2356 3826 40 17 our
2412 3813 84 27 remarks

1932 3857 24 23 in
1967 3864 41 16 our
2021 3859 56 20 next
2087 3863 79 22 paper.

190 3708 123 24 WASTE
331 3709 116 23 LANDS
466 3709 76 23 ACT.

107 3745 83 25 Before
202 3746 116 31 reverting
335 3751 24 19 to
371 3746 38 25 the
421 3747 91 32 subject
523 3747 27 23 of
566 3746 38 25 the
616 3748 48 24 dis-

73 3779 67 31 posal
151 3779 26 23 of
185 3779 38 23 the
236 3783 69 20 waste
317 3779 66 26 lands
395 3780 25 23 in
432 3780 38 24 the
482 3780 89 31 colony,
583 3781 19 23 it
611 3788 53 24 may

73 3812 29 24 be
124 3812 134 24 instructive
278 3816 24 19 to
324 3812 96 31 inquire,
442 3818 24 19 to
493 3813 61 26 what
583 3821 81 16 causes

73 3852 35 16 we
118 3852 39 16 are
169 3849 23 19 to
200 3845 109 24 attribute
321 3844 39 26 the
378 3846 84 24 almost
481 3846 116 25 universal
608 3847 55 23 hos-

73 3877 61 31 tility
147 3882 21 19 to
180 3878 39 23 the
228 3878 131 25 Wakefield
376 3884 87 26 system
474 3880 25 24 in
509 3880 39 26 the
561 3880 102 24 Austra-

71 3910 48 24 lian
131 3911 109 25 colonies.
277 3911 49 28 The.
345 3912 92 32 inquiry
449 3921 53 23 may
512 3921 89 16 answer
620 3918 43 20 two

70 3951 120 25 purposes.
227 3944 24 24 It
268 3952 53 24 may
333 3944 71 25 check
424 3945 39 25 the
474 3951 125 19 somewnat
608 3955 54 22 pre-

1965 3951 44 22 We
2020 3951 45 22 lasl
2076 3950 65 23 week
2152 3951 74 22 stated
2238 3951 19 22 it
2268 3955 24 18 to
2304 3951 28 22 be
2343 3956 41 17 our
2391 3944 103 27 conviction

2070 3900 306 24 CONCENTRATION.

670 186 135 27 ■umptuous
822 180 45 24 and
877 179 158 29 overweening
1046 182 52 18 tone
1111 177 24 23 of
1152 176 39 23 the
1203 183 57 24 sup-

670 218 89 27 porters
766 213 26 24 of
799 213 47 22 this
856 217 86 26 system
954 213 25 22 in
990 209 118 31 England,
1119 209 44 23 and
1175 209 18 22 it
1204 216 51 23 may

671 246 53 30 help
736 250 22 18 to
771 249 85 19 restore
878 244 44 24 and
933 244 96 23 confirm
1047 242 37 23 the
1096 241 129 24 confidence
1237 241 26 23 of

672 279 65 23 those
748 278 114 29 wavering
879 280 139 27 supporters,
1032 274 49 24 who
1093 274 115 29 believing
1220 277 42 19 not

673 317 61 24 upon
752 310 38 23 the
808 309 105 30 strength
925 309 25 22 of
968 308 59 23 their
1050 314 50 15 own
1112 306 149 27 convictions,

674 343 40 23 but
724 343 26 23 of
759 342 65 23 those
833 341 25 23 of
869 342 83 27 others,
964 348 38 16 are
1012 340 84 29 always
1108 338 68 30 ready
1188 341 22 20 to
1221 338 41 23 fall

673 382 63 24 away
742 374 65 24 when
818 381 45 23 any
875 374 119 23 vehement
1006 371 45 24 and
1062 370 93 32 general
1166 371 95 30 opposi-

674 408 47 23 tion
742 408 19 22 is
778 406 76 24 raised
871 411 23 18 to
912 406 38 23 the
969 404 102 24 doctrine
1091 403 54 31 they
1157 407 104 26 support.

677 440 56 23 And
752 439 78 24 unless
841 440 20 21 it
877 440 21 21 is
915 439 79 24 shewn
1010 436 50 24 that
1077 435 38 23 the
1135 434 128 24 Wakefield

677 472 102 30 System,
797 479 26 16 so
842 471 36 23 far
898 478 25 15 as
943 470 18 23 it
978 469 42 23 has
1036 467 77 29 failed,
1133 467 43 23 has
1197 467 67 23 failed

674 505 72 30 solely
757 503 99 31 through
877 503 38 23 the
935 509 69 20 error,
1023 501 178 29 inconsistency,
1218 499 46 23 and

676 536 120 24 weakness
805 536 25 23 of
839 535 68 24 those
916 535 50 24 who
974 535 59 22 have
1045 531 115 33 professed
1171 536 22 19 to
1201 540 64 22 carry

675 570 18 22 it
705 573 46 24 out,
764 576 83 23 among
866 568 76 23 others
954 567 25 23 of
997 566 51 24 Mr.
1060 564 130 24 Wakefield
1201 564 62 23 him-

675 601 51 29 self,
739 601 63 23 there
814 608 42 15 can
867 601 29 22 be
908 608 28 15 no
949 599 70 24 doubt
1032 597 49 24 that
1096 597 37 23 the
1145 597 52 23 well
1208 597 57 30 nigh

675 634 99 24 uniform
786 634 129 30 opposition
932 632 74 23 which
1022 632 19 22 it
1053 630 42 23 has
1111 629 116 31 provoked
1241 631 24 22 in

676 667 45 23 this
739 665 152 31 hemisphere,
912 665 73 23 would
1005 663 59 24 form
1086 670 14 16 a
1117 670 54 22 very
1184 667 80 26 strong

675 698 108 32 practical
802 702 121 27 argument
941 697 91 31 against
1051 696 30 23 its
1102 695 161 30 applicability.

677 731 44 23 We
732 731 94 28 believe,
836 731 111 27 however,
957 737 33 15 we
997 725 97 27 shalllJes
1103 728 51 22 able
1166 731 24 19 to
1202 728 62 22 show

670 764 57 23 'that
743 763 39 25 the
793 768 88 26 system
891 762 65 24 itself
971 762 42 23 has
1034 764 41 20 not
1085 761 57 22 been
1156 764 22 19 at
1199 759 31 24 all
1242 761 23 22 in

776 785 207 42 If4a^bing-this'
984 800 6 8 I<ir1
991 794 38 26 <ire
1030 809 4 11 r
1037 801 40 17 awt
1097 792 125 33 compelled
1242 796 25 19 to

677 816 352 44 vin'dicat^mi-ByS'fem^oiMr;
1039 824 132 25 Wakefield
1178 825 100 31 agains^

679 862 49 24 Mr.
741 861 128 25 Wakefield
882 860 97 29 himself,
992 867 33 16 we
1038 863 42 19 can
1093 858 53 30 only
1157 864 49 24 say,
1218 851 61 30 that^

678 896 20 22 it
709 895 20 23 is
748 902 30 16 no
790 902 63 15 more
865 894 55 23 thau
938 893 30 23 he
979 891 77 25 would
1076 891 28 23 do
1117 898 58 15 were
1196 890 26 23 he
1244 891 24 22 in

679 935 41 17 our
731 927 63 30 place
804 928 45 22 and
860 926 120 31 possessed
990 925 25 23 of
1025 931 41 16 our
1079 924 141 30 experience.

713 960 51 23 The
775 959 50 23 first
845 966 63 16 error
920 959 40 22 has
978 958 69 32 been,
1063 961 24 19 to
1107 960 81 26 expect
1208 956 61 23 from

680 992 46 23 this
738 992 99 30 peculiar
850 995 85 26 system
947 997 62 16 more
1020 989 55 23 than
1087 989 18 22 it
1117 996 45 15 was
1175 996 50 15 ever
1233 989 36 22 in-

679 1024 83 24 tended
780 1028 23 18 to
820 1023 109 31 perform.
965 1022 60 24 This
1042 1029 63 15 error
1123 1021 20 23 is
1156 1022 113 29 curiously

681 1056 117 25 exhibited
806 1057 25 22 in
841 1056 39 23 the
892 1063 54 23 very
954 1055 152 31 phraseology
1116 1053 118 31 employed
1239 1054 30 30 by

680 1091 38 23 the
728 1090 119 23 advocates
855 1089 26 23 of
888 1089 38 23 the
935 1093 85 26 system
1030 1088 26 22 in
1062 1086 118 32 England.
1203 1086 67 30 They

680 1122 72 32 speak
763 1123 36 22 for
810 1123 109 22 instance,
926 1123 24 22 of
959 1121 58 24 New
1030 1119 101 24 Zealand
1140 1119 45 23 and
1196 1119 74 24 South

680 1156 127 27 Australia,
818 1163 25 15 as
852 1155 99 23 colonies
961 1153 98 24 founded
1067 1159 60 24 upon
1136 1152 38 23 the
1183 1152 87 23 Wake-

681 1189 54 23 field
746 1192 94 27 system,
861 1187 89 24 instead
962 1187 25 23 of
1005 1186 99 24 colonies
1117 1185 97 23 founded
1232 1193 38 15 ac-

683 1222 95 29 cording
797 1225 22 19 to
837 1220 51 24 that
906 1224 93 26 system.
1036 1218 57 25 And
1112 1218 37 23 the
1173 1218 98 23 mistake

681 1255 43 22 has
735 1253 112 24 extended
858 1253 89 23 further
958 1253 56 22 than
1025 1252 38 22 the
1077 1258 61 16 mere
1150 1250 120 24 confusion

681 1287 26 23 in
719 1286 37 24 the
752 1289 3 5 1
769 1286 155 31 employment
933 1285 25 23 of
967 1293 13 15 a
991 1285 91 31 phrase.
1119 1283 77 24 These
1208 1283 63 24 colo-

682 1321 51 22 nies
743 1319 58 23 have
811 1319 58 23 been
881 1318 98 24 founded
990 1324 62 23 upon
1063 1316 50 24 that
1124 1320 93 24 system,
1227 1317 44 23 and

681 1359 52 18 now
745 1359 31 17 we
787 1352 102 23 discover
902 1352 48 23 that
969 1352 19 22 it
998 1351 21 22 is
1031 1354 38 19 too
1081 1356 88 17 narrow
1180 1357 14 14 a
1209 1349 62 24 basis

683 1390 24 19 to
718 1389 95 27 support
833 1392 46 23 any
890 1388 133 27 permanent
1036 1390 24 16 or
1081 1389 135 24 prosperous
1232 1390 39 15 su-

682 1424 164 26 perstructure.
884 1418 49 23 The
945 1417 53 31 plan
1006 1416 25 23 of
1041 1416 118 30 disposing
1167 1415 25 22 of
1203 1420 69 18 wa3te

682 1451 66 24 lands
765 1451 31 30 by
808 1451 47 23 sale
875 1450 46 24 and
938 1450 110 31 applying
1065 1449 38 23 the
1124 1448 106 31 proceeds
1250 1453 22 18 to

683 1484 137 30 emigration
830 1484 43 23 has
885 1484 57 23 been
954 1483 59 22 their
1024 1481 48 24 sole
1083 1481 140 28 foundation,
1236 1481 36 23 in-

684 1517 64 23 stead
760 1517 25 23 of
793 1517 101 29 forming
905 1523 42 16 one
959 1516 24 22 of
992 1522 69 23 many
1070 1514 81 23 united'
1162 1514 110 23 elements

685 1550 25 22 of
727 1549 100 31 stability
839 1549 47 23 and
904 1556 115 23 progress.
1056 1547 58 23 This
1132 1547 20 22 is
1172 1554 28 16 an
1211 1554 63 16 error

684 1583 49 23 into
745 1582 73 23 which
830 1582 49 23 Mr.
893 1580 129 24 Wakefield
1035 1587 46 16 was
1093 1579 36 24 led
1140 1580 29 30 by
1183 1579 37 24 the
1233 1579 41 24 de-

684 1615 75 24 lusive
782 1622 153 24 appearances
958 1614 25 23 of
999 1613 131 31 prosperity
1152 1613 24 23 in
1199 1613 75 23 South

684 1648 128 24 Australia.
858 1648 45 23 We
924 1647 50 24 well
990 1646 129 24 remember
1140 1646 76 23 before
1237 1646 37 23 the

684 1674 131 34 secernent
825 1681 26 23 of
867 1681 49 23 that
936 1679 89 30 colony,
1038 1679 50 23 that
1105 1679 19 23 it
1141 1686 46 16 was
1206 1686 68 16 never

684 1714 116 31 imagined
812 1714 49 23 that
870 1721 15 16 a
893 1713 42 24 few
947 1712 127 24 thousands
1086 1711 25 24 of
1121 1711 153 31 Englishmen

685 1747 76 23 seated
782 1747 24 23 in
818 1754 14 16 a
850 1747 83 28 desert,
951 1745 67 24 could
1035 1746 25 22 in
1080 1744 101 24 addition
1192 1749 23 19 to
1237 1745 38 22 the

685 1780 91 23 labours
794 1780 137 29 necessarily
943 1778 105 32 imposed
1065 1785 61 23 upon
1139 1778 69 28 them,
1222 1785 53 24 pro-

686 1813 51 23 vide
749 1813 34 23 for
795 1812 38 24 the
846 1812 153 24 construction
1011 1811 26 23 of
1046 1811 77 31 public
1135 1811 83 28 works,
1230 1811 45 23 and

686 1851 96 26 support
801 1853 29 16 an
852 1846 121 30 expensive
992 1845 167 22 Government.
1205 1844 71 23 What

686 1886 46 16 was
744 1879 53 23 then
811 1879 73 23 stated
895 1886 52 21 was,
955 1878 49 23 that
1015 1877 39 23 the
1062 1877 80 23 labour
1153 1877 25 23 of
1188 1885 14 15 a
1212 1885 62 15 com-

688 1916 52 26 pact
748 1911 61 31 body
819 1912 25 23 of
849 1911 90 24 settlers
945 1911 92 23 exerted
1045 1911 24 22 in
1076 1918 13 15 a
1098 1910 77 31 genial
1184 1911 92 22 climate

686 1945 116 30 azutapoa
814 1951 15 16 a
845 1944 76 23 fertile
937 1944 51 28 sail,
1007 1943 74 23 would
1102 1943 76 23 confer
1192 1944 60 22 -such
1265 1949 17 17 's

687 1977 66 22 value
764 1984 62 23 upon
835 1977 40 22 the
886 1977 64 22 lands
962 1976 74 23 which
1049 1976 54 30 they
1113 1976 106 30 occupied
1232 1977 45 22 and

686 2017 62 23 upon
761 2009 64 23 those
836 2010 74 22 which
923 2009 47 23 still
990 2008 115 24 remained
1119 2009 38 22 the
1168 2013 108 26 property

687 2042 27 22 of
722 2041 165 28 Government,
900 2048 24 16 as
945 2044 23 19 to
985 2041 82 21 render
1086 2041 65 21 these
1162 2041 66 21 lands
1247 2045 28 17 an

688 2074 111 23 available
811 2074 99 30 security
922 2073 34 23 for
975 2081 43 22 any
1031 2072 88 23 monies
1138 2072 49 23 that
1204 2072 73 30 might

688 2107 27 23 be
729 2106 114 24 advanced
861 2111 24 18 to
903 2106 38 23 the
962 2105 80 30 colony
1055 2105 29 30 by
1098 2112 48 23 way
1159 2105 24 23 of
1201 2113 12 15 a
1223 2105 53 22 loan

688 2140 34 23 for
733 2139 76 31 public
818 2147 119 23 purposes.
974 2138 63 27 And,
1052 2142 21 18 to
1087 2138 44 23 this
1144 2142 85 24 extent,
1243 2145 31 15 we

687 2172 86 24 believe
795 2172 37 23 the
850 2172 107 23 founders
970 2172 24 22 of
1014 2171 49 23 that
1084 2170 80 31 colony
1178 2175 21 19 to
1220 2171 58 22 have

688 2206 57 23 been
754 2205 102 31 justified
866 2206 24 22 in
903 2205 57 23 their
968 2204 168 30 anticipations.
1174 2203 104 24 Dazzled

688 2238 104 24 however
809 2238 29 30 by
850 2238 39 23 the
908 2237 142 32 unexpected
1062 2237 44 22 and
1125 2237 152 30 unexampled

688 2279 151 23 appearances
858 2271 26 22 of
900 2278 90 15 success
1011 2271 25 21 in
1058 2270 74 23 South
1153 2270 125 28 Australia,

689 2304 46 23 and
745 2304 26 23 ill
788 2304 113 23 informed
920 2312 24 14 as
957 2308 21 18 to
997 2303 39 23 the
1054 2303 46 23 real
1112 2311 67 15 cause
1192 2303 24 23 of
1232 2303 46 23 this

689 2337 103 31 seeming
815 2337 136 31 prosperity,
971 2337 47 22 Mr.
1038 2335 130 24 Wakefield
1186 2344 94 23 appears

688 2374 24 19 to
724 2370 56 23 have
793 2371 57 22 been
862 2370 36 23 led
915 2371 49 22 into
976 2369 38 24 the
1032 2369 71 24 belief
1121 2370 48 22 that
1182 2369 96 31 nothing

689 2411 64 16 more
765 2411 46 15 was
830 2403 105 31 required
947 2407 22 19 to
988 2410 82 16 ensure
1089 2402 38 24 the
1147 2403 129 23 immediate

688 2436 45 23 and
745 2440 133 27 permanent
895 2436 88 23 welfare
996 2435 25 23 of
1037 2443 15 15 a
1062 2436 147 30 community,
1224 2435 54 24 than

689 2474 24 18 to
724 2469 68 31 bring
801 2469 105 31 together
915 2469 24 23 in
948 2469 84 23 certain
1042 2469 153 30 proportions,
1206 2473 42 19 two
1258 2469 24 23 of

690 2502 39 23 the
741 2502 110 24 elements
865 2502 26 23 of
899 2502 150 23 colonisation
1049 2514 33 4 —
1082 2502 53 23 land
1147 2502 44 23 and
1202 2502 79 23 labour

689 2548 34 4 —
725 2535 44 23 and
780 2535 64 24 leave
865 2535 64 23 them
940 2535 97 23 without
1049 2535 124 23 assistance
1185 2539 22 19 to
1219 2535 63 23 work

689 2568 136 24 themselves
833 2568 49 23 into
891 2568 64 23 order
966 2568 43 23 and
1017 2568 90 23 wealth.
1139 2568 24 23 It
1173 2568 19 23 is
1203 2568 77 30 surely

688 2609 30 16 no
731 2606 82 19 matter
824 2601 25 23 of
858 2601 101 31 surprise
969 2601 49 23 that
1030 2601 157 30 expectations
1199 2608 24 16 so
1237 2608 42 16 ex-

689 2639 120 26 travagant
827 2634 83 23 should
928 2635 27 22 be
973 2634 168 31 disappointed.
1183 2634 49 23 But
1251 2641 29 16 no

689 2672 53 27 part
753 2668 24 22 of
791 2667 45 23 this
849 2667 177 31 disapointment
1049 2667 17 23 is
1079 2667 68 30 fairly
1158 2667 123 23 attributa-

690 2700 38 23 ble
740 2705 21 18 to
773 2708 45 22 any
830 2700 76 23 defect
921 2700 24 23 in
957 2700 38 23 the
1008 2700 130 23 Wakefield
1154 2700 92 31 System
1260 2700 22 23 of

699 2734 157 21 colonisation.

725 2767 105 23 Another
842 2774 68 15 cause
922 2766 25 23 of
962 2765 38 24 the
1019 2766 117 23 disfavour
1159 2766 77 23 shewn
1256 2770 24 19 to

692 2798 39 24 the
753 2799 131 23 Wakefield
904 2803 93 26 system,
1027 2800 123 30 especially
1169 2800 24 22 in
1223 2799 59 23 New

692 2831 109 30 Zealand,
820 2832 43 23 has
882 2831 59 24 been
959 2832 38 23 the
1018 2836 81 19 extent
1117 2837 23 18 to
1157 2833 73 22 which
1244 2833 39 22 the

692 2864 124 32 principles
827 2864 47 24 laid
887 2864 65 24 down
962 2864 30 31 by
1012 2865 48 24 Mr.
1081 2865 127 23 Wakefield
1225 2866 58 22 have

693 2898 58 23 been
762 2897 109 31 departed
881 2898 57 23 from
950 2898 24 22 in
987 2897 38 24 the
1036 2898 151 31 proceedings
1205 2899 26 23 of
1245 2898 38 24 the

694 2930 57 24 New
762 2931 101 23 Zealand
877 2931 125 30 Company,
1016 2931 26 23 of
1052 2931 74 23 which
1138 2932 48 23 Mr.
1194 2931 89 23 Wake-

693 2963 54 24 field
757 2964 21 23 is
790 2971 29 16 an
835 2963 127 24 influential
980 2964 110 24 member.
1137 2965 103 31 Bearing
1258 2965 25 23 in

693 2996 71 29 mind,
785 2996 49 24 that
857 2996 39 24 the
918 2997 62 23 main
999 2996 77 32 object
1096 2997 25 23 of
1136 2998 49 23 that
1197 3002 86 27 system

693 3036 47 16 was
759 3034 24 19 to
807 3034 95 27 prevent
923 3029 39 24 the
983 3030 58 23 evils
1060 3031 88 30 arising
1167 3031 58 23 from
1246 3031 37 23 the

693 3063 170 31 appropriation
875 3062 25 24 of
915 3062 53 23 land
980 3062 23 23 in
1015 3063 118 23 excessive
1153 3064 128 30 quantities,

693 3096 19 22 it
732 3096 20 22 is
772 3095 116 23 sufficient
907 3100 23 19 to
949 3096 64 31 point
1034 3100 23 19 to
1068 3096 40 23 the
1120 3097 163 23 circumstance

693 3128 50 23 that
750 3129 25 22 in
794 3128 45 24 this
860 3128 131 24 settlement
1011 3128 167 25 three-fourths
1197 3129 25 24 of
1245 3129 38 24 the

691 3160 56 25 land
757 3162 19 23 is
789 3162 80 23 owned
879 3162 31 30 by
922 3162 119 23 absentees
1054 3162 49 23 who
1116 3162 28 24 do
1161 3167 40 19 not
1213 3162 68 24 culti-

693 3199 52 19 vate
755 3202 26 16 or
793 3195 102 31 improve
914 3195 27 29 it,
965 3195 44 23 and
1028 3195 58 29 who,
1105 3195 31 31 by
1161 3196 38 23 the
1211 3200 70 19 terms

692 3227 75 23 which
778 3227 54 32 they
842 3228 96 31 impose,
952 3228 28 22 do
992 3228 24 22 in
1025 3228 68 23 effect
1103 3233 94 26 prevent
1207 3229 75 23 others

691 3261 61 22 from
774 3261 129 30 occupying
926 3260 45 23 and
993 3261 131 31 improving
1145 3262 38 23 the
1194 3266 89 26 greater

693 3294 99 30 portion.
839 3293 57 23 And
915 3294 25 22 in
960 3293 102 24 addition
1082 3299 23 18 to
1118 3294 46 24 this
1176 3295 37 23 the
1226 3295 57 23 New

695 3325 121 31 Company
827 3325 59 24 have
898 3325 138 25 themselves
1049 3327 107 31 acquired
1175 3336 14 15 a
1199 3328 49 23 title
1258 3332 23 19 to

692 3358 83 24 almost
787 3367 14 15 a
812 3358 88 24 million
913 3359 44 23 and
968 3367 14 15 a
992 3359 52 23 half
1054 3360 25 23 of
1088 3368 73 21 acres,
1173 3360 110 31 although

693 3391 54 31 they
768 3391 57 24 have
846 3391 109 31 provided
975 3391 36 24 for
1035 3400 30 16 an
1088 3394 135 30 emigration
1243 3398 40 19 not

692 3432 63 17 more
768 3424 55 24 than
834 3424 118 31 adequate,
972 3426 123 30 according
1114 3431 22 18 to
1156 3427 58 23 their
1234 3434 48 16 own

692 3457 131 32 principles,
834 3457 35 23 for
886 3457 68 24 about
965 3465 43 16 one
1019 3458 53 24 fifth
1083 3459 26 23 of
1124 3459 46 24 this
1182 3464 99 19 amount.

693 3490 50 24 Nor
754 3490 21 23 is
785 3490 46 23 this
843 3489 39 25 all.
926 3490 24 24 It
959 3490 43 24 has
1015 3491 85 31 always
1112 3492 59 24 been
1181 3493 41 23 felt
1234 3492 49 24 that

692 3523 64 24 there
768 3530 46 16 was
826 3531 14 15 a
850 3523 109 31 practical
970 3523 112 32 difficulty
1095 3526 22 22 in
1129 3525 39 24 the
1179 3526 104 31 working

692 3556 27 23 of
736 3556 38 23 the
785 3560 89 27 system
886 3560 24 19 at
921 3556 37 24 the
970 3557 133 24 foundation
1116 3558 26 24 of
1163 3567 14 15 a
1188 3559 89 30 colony,

692 3589 107 28 because,
812 3588 67 24 while
891 3589 38 23 the
940 3589 73 24 whole
1023 3590 56 24 land
1091 3599 46 15 was
1147 3596 23 18 to
1183 3592 27 23 be
1233 3591 50 25 sold

693 3626 24 19 at
728 3621 55 24 such
794 3630 14 15 a
818 3622 64 30 price
892 3629 26 16 as
929 3622 74 24 would
1015 3623 81 24 suffice
1105 3628 24 19 to
1140 3624 94 32 provide
1246 3624 35 24 for

693 3654 39 24 the
743 3654 138 31 emigration
892 3655 25 23 of
933 3655 38 24 the
987 3656 118 24 labourers
1118 3664 121 25 necessary
1247 3657 36 24 for

692 3688 31 23 its
746 3687 143 30 cultivation,
913 3687 63 25 there
999 3693 63 20 must
1081 3690 124 32 inevitably
1220 3690 29 24 be
1269 3698 14 16 a

693 3721 85 23 certain
790 3721 92 30 portion
894 3721 26 23 of
933 3722 39 23 the
983 3722 135 31 population
1131 3723 112 24 attracted
1258 3727 25 20 to

693 3753 40 23 the
755 3757 61 20 town
841 3754 46 23 and
910 3753 53 24 thus
986 3755 53 22 with
1063 3755 78 24 drawn
1163 3756 59 24 from
1244 3757 37 23 the

692 3786 60 24 class
764 3786 26 23 of
804 3786 177 31 agriculturists.
1029 3788 48 23 But
1094 3788 46 24 this
1152 3797 47 15 was
1209 3790 73 23 disre-

691 3819 84 30 garded
785 3819 99 24 because
895 3819 19 24 it
925 3827 46 16 was
987 3820 117 32 imagined
1123 3822 40 23 the
1181 3822 102 24 absolute

691 3856 94 19 amount
802 3852 75 24 would
894 3856 41 20 not
952 3852 28 24 be
997 3853 72 32 large,
1082 3854 46 24 and
1138 3862 69 24 every
1218 3855 63 26 freah

691 3884 49 24 sale
752 3885 24 23 of
791 3885 55 24 land
854 3885 32 31 by
905 3885 131 32 furnishing
1055 3887 39 24 the
1112 3892 49 19 cost
1179 3889 26 22 of
1225 3889 58 23 emi-

690 3918 91 31 gration
810 3918 26 23 of
867 3918 149 31 agricultural
1043 3920 126 31 labourers,
1210 3921 73 25 would

690 3951 110 25 diminish
813 3951 38 24 the
862 3952 132 29 proportion
1013 3952 78 25 which
1109 3953 38 24 the
1171 3954 112 25 residents
