2580 4020
725 3475 111 31 Through
846 3474 39 25 the
896 3474 112 23 kindness
1022 3473 24 24 of
1056 3473 99 24 Messrs.
1169 3473 24 24 J.
1206 3473 73 24 Boul-

691 3513 54 24 cott,
757 3516 33 16 we
809 3516 39 16 are
860 3507 96 25 enabled
977 3511 22 19 to
1022 3506 90 24 furnish
1130 3514 41 16 our
1190 3507 89 23 readers

690 3542 55 23 with
764 3541 40 24 the
823 3541 117 31 following
961 3544 89 20 extract
1067 3540 24 23 of
1111 3547 13 15 a
1144 3539 67 24 letter
1223 3539 57 24 from

692 3574 66 32 Capt.
771 3574 141 28 Robertson,
925 3574 27 22 of
966 3573 40 23 the
1027 3573 85 31 barque
1128 3571 151 33 BroughanL\

691 3607 39 24 the
740 3607 67 24 letter
816 3614 47 16 was
873 3606 66 24 dated
950 3606 144 31 Valparaiso,
1108 3605 57 24 12th
1170 3606 108 31 January,

693 3642 72 27 1844,
778 3639 45 25 and
834 3647 47 16 was
891 3639 127 24 forwarded
1029 3640 31 30 by
1072 3647 49 22 way
1134 3640 25 22 of
1170 3638 78 24 Tahiti
1257 3644 23 18 to

690 3673 97 24 Akaroa
797 3673 45 23 and
862 3673 82 23 thence
963 3676 23 19 to
998 3671 133 29 Auckland,
1145 3671 74 24 which
1236 3671 44 24 will

691 3711 97 19 account
808 3706 36 23 for
865 3706 38 23 the
921 3705 55 30 long
996 3706 55 22 time
1070 3706 18 22 it
1105 3704 42 24 ha*
1170 3704 78 26 taken,
1258 3709 22 19 to

691 3739 68 24 reach
771 3739 57 24 Port
840 3738 136 25 Nicholson.
1040 3738 58 24 This
1117 3737 66 31 place
1196 3738 19 22 is
1229 3744 49 17 now

692 3773 122 30 swarming
833 3771 54 23 with
909 3771 139 29 mechanics,
1067 3770 45 24 and
1132 3770 14 24 I
1164 3770 58 24 have
1237 3770 43 26 had

692 3814 62 15 more
766 3805 54 24 than
833 3805 14 23 I
860 3804 66 24 could
939 3812 65 22 carry
1016 3803 60 25 back
1095 3803 97 31 making
1206 3802 74 32 appli-

693 3840 86 23 cations
802 3843 22 18 to
846 3846 36 15 me
898 3842 23 19 to
942 3838 38 30 lay
1003 3837 38 24 the
1060 3837 52 30 ship
1133 3844 31 16 on
1183 3836 35 23 for
1240 3836 39 24 the

693 3872 107 28 colonies,
811 3871 74 24 which
898 3870 14 25 I
924 3870 75 24 would
1009 3870 59 24 have
1079 3869 58 24 done
1149 3869 45 24 had
1202 3869 13 24 I
1224 3869 56 25 been

694 3914 51 16 sure
757 3904 25 24 of
790 3904 58 23 their
858 3904 70 31 being
940 3903 49 24 able
1002 3907 22 19 to
1036 3910 45 24 pay
1087 3902 61 23 what
1156 3902 14 23 I
1177 3902 88 24 wanted
1274 3910 5 16 :

694 3941 68 23 about
786 3939 31 21 50
837 3944 63 16 came
921 3936 97 24 forward
1038 3935 55 25 with
1112 3934 61 24 their
1189 3942 90 22 money,

95 1096 50 23 The
168 1096 118 30 Company
312 1096 56 23 have
397 1095 105 23 received
529 1095 60 22 from
609 1094 37 23 the

65 1129 131 30 purchasers
218 1129 26 22 of
269 1129 54 22 land
345 1129 24 22 in
392 1127 38 24 the
459 1127 140 23 settlements
624 1127 25 23 of

65 1161 145 30 Wellington,
223 1161 57 23 New
293 1160 133 31 Plymouth,
440 1160 44 23 and
503 1160 96 28 Nelson,
622 1167 24 15 as

66 1202 29 16 we
117 1194 108 31 gathered
248 1200 63 16 some
335 1194 53 22 time
409 1193 63 23 since
491 1192 58 24 from
571 1200 42 15 one
625 1192 24 23 of

65 1228 56 22 their
132 1232 87 25 reports
222 1239 31 4 —
517 1227 130 26 £300,000

65 1263 60 26 They
135 1263 57 21 have
204 1261 50 27 paid
262 1269 29 19 up
302 1261 80 28 capital
556 1262 92 24 200,000

66 1289 61 27 They
136 1289 56 21 have
202 1288 117 22 borrowed
572 1288 77 25 50,000

67 1317 31 25 ]}y
108 1317 37 19 the
164 1315 42 21 last
222 1319 113 22 accounts,
352 1319 76 21 report
444 1318 75 22 states,

91 1342 50 22 bills
151 1341 74 22 drawn
235 1348 61 20 upon
307 1341 67 25 them,
386 1348 58 14 were
450 1341 71 21 under

91 1371 89 25 protest,
192 1372 21 17 to
225 1368 38 21 the
274 1371 90 18 amount
374 1367 25 21 of
570 1368 78 25 46,000

67 1395 45 23 The
128 1395 69 21 above
213 1395 51 21 bills
279 1398 59 18 must
354 1394 29 21 all
397 1394 54 22 bear
468 1394 49 21 date

91 1423 59 26 prior
161 1425 21 17 to
193 1421 36 21 the
248 1423 32 19 Ist
297 1421 26 21 of
335 1421 106 31 January,
458 1421 58 21 from

92 1448 70 21 which
173 1447 50 21 date
233 1451 23 17 to
267 1447 37 21 the
314 1451 88 23 present
412 1449 54 19 time
481 1447 36 21 the

91 1475 114 25 following
215 1481 55 19 sum,
283 1477 22 17 at
316 1475 60 25 least,
389 1477 59 18 must
461 1474 58 21 have

92 1501 56 22 been
180 1500 75 22 drawn
291 1503 21 18 to
340 1504 61 17 meet
430 1503 90 19 current

92 1534 105 21 expenses
208 1528 20 20 in
241 1526 29 22 all
282 1526 36 22 the
329 1526 136 22 settlements
475 1541 45 6 ....
574 1528 77 23 20,000

68 1555 46 21 Has
126 1555 54 20 been
192 1553 74 22 drawn
285 1557 22 17 to
323 1560 41 20 pay
376 1553 33 21 for
420 1554 36 20 the
467 1554 55 20 land
574 1554 76 24 10,000

68 1581 52 21 Will
135 1581 27 21 be
182 1580 86 22 needed
287 1580 102 21 between
408 1579 43 22 this
479 1580 45 21 and

94 1608 113 25 February
216 1610 62 22 next,
291 1612 23 15 at
324 1606 70 21 which
413 1607 54 21 time
486 1606 37 22 the

93 1634 134 27 Company's
237 1632 111 23 liabilities
359 1640 64 15 cease
574 1634 77 24 20,000

542 1687 110 25 £640,000

100 1721 43 23 We
162 1729 90 15 assume
268 1721 50 22 that
338 1720 37 23 the
402 1721 119 30 Company
547 1721 40 22 has
611 1729 40 15 ex-

68 1754 86 32 pended
166 1754 29 23 all
208 1755 38 21 the
258 1755 131 27 £300,000
402 1754 53 30 paid
468 1754 28 29 by
515 1754 136 31 purchasers

69 1788 23 23 of
107 1787 53 24 land
170 1787 58 23 from
250 1787 70 28 them,
338 1788 23 21 in
377 1787 137 22 accordance
537 1787 53 22 with
615 1787 37 22 the

68 1825 140 26 agreements
220 1820 72 22 under
314 1820 71 22 which
404 1820 38 22 the
463 1820 87 22 several
571 1820 80 22 settle-

68 1859 73 18 ments
154 1861 56 15 were
222 1853 86 23 formed
317 1862 6 19 ;
346 1860 24 15 or
383 1852 50 23 that
444 1853 38 22 the
504 1853 148 30 unexpended

68 1888 100 30 portions
194 1894 37 15 are
260 1886 101 29 sacredly
383 1885 54 24 held
458 1886 24 23 in
502 1890 59 19 trust
583 1890 21 18 to
626 1886 27 22 be

68 1920 92 23 devoted
171 1924 23 18 at
204 1928 12 14 a
225 1919 77 30 fitting
322 1924 100 18 moment
443 1923 22 18 to
487 1918 37 24 the
543 1926 110 23 purposes

68 1954 32 22 for
112 1953 71 23 which
196 1952 111 23 destined.
351 1952 42 22 We
414 1951 74 24 allade
509 1959 62 16 more
583 1952 69 30 parti-

68 1986 83 30 cularly
173 1990 22 18 to
215 1985 36 23 the
271 1984 88 24 Nelson
377 1989 72 19 steam
470 1984 44 23 and
535 1983 118 24 education

68 2023 77 20 V.asts.
192 2018 36 23 As
251 2025 34 15 we
304 2018 27 21 do
343 2022 39 17 not
395 2024 98 23 suppose
507 2017 52 29 they
571 2016 45 23 will
626 2018 28 21 be

67 2049 68 24 found
147 2054 22 18 to
181 2050 57 23 have
248 2055 22 18 to
284 2054 94 18 account
390 2054 22 18 to
435 2049 37 23 the
492 2049 108 23 dblonists
620 2049 34 23 for

69 2091 41 22 any
128 2084 87 30 portion
228 2084 25 21 of
270 2082 37 23 the
326 2083 69 22 above
418 2089 58 21 sum,
498 2082 17 23 it
535 2082 69 23 needs
624 2090 29 15 no

71 2117 84 22 further
167 2121 114 17 comment
293 2120 22 18 at
328 2120 99 25 present.

103 2150 35 29 By
148 2149 37 22 the
197 2150 71 22 above
281 2152 121 19 statement
422 2149 17 22 it
450 2156 96 23 appears
559 2148 48 22 that
617 2147 38 24 the

69 2182 154 23 shareholders
237 2182 56 22 have
306 2181 51 30 paid
369 2182 141 27 £200,000,
532 2189 38 14 are
587 2180 67 24 liable

69 2216 32 22 for
111 2223 13 15 a
131 2216 50 22 loan
188 2215 115 23 borrowed
314 2215 26 29 by
351 2215 57 22 their
419 2215 71 23 Court
498 2214 23 23 of
531 2215 123 27 £50,000,

70 2248 42 23 and
136 2249 56 22 have
213 2253 37 25 yet
272 2253 21 17 to
314 2248 93 30 provide
430 2253 21 17 to
463 2255 44 23 pay
519 2246 53 24 bills
584 2248 72 22 under

70 2286 92 25 protest,
174 2282 63 22 other
249 2281 54 22 bills
316 2281 24 22 of
357 2281 72 22 which
442 2281 38 22 the
501 2281 71 22 Court
592 2286 64 17 must

70 2315 56 23 have
138 2315 56 23 been
216 2315 107 29 ignorant
342 2314 24 22 in
382 2313 82 23 March
477 2314 50 27 last,
541 2312 44 23 and
597 2321 58 22 pay-

71 2352 60 18 ment
143 2348 24 22 of
183 2354 62 16 sums
258 2347 74 23 which
345 2346 44 23 will
401 2347 29 23 be
442 2347 44 23 due
497 2346 101 23 between
612 2346 45 24 this

70 2380 41 23 and
126 2385 53 19 next
192 2380 125 30 February,
328 2387 39 23 say
379 2380 124 28 £96,000.
552 2378 65 24 Here
638 2380 18 21 is

71 2414 112 28 £96,000
205 2413 85 23 needed
308 2413 50 31 just
380 2417 23 18 to
428 2411 131 31 extinguish
571 2413 85 21 certain

72 2446 123 23 liabilities.
239 2446 25 23 Is
277 2446 18 23 it
306 2445 70 31 likely
390 2445 49 24 that
452 2446 38 21 the
501 2445 157 23 shareholders

74 2480 43 23 will
132 2480 27 23 be
178 2479 87 31 willing
278 2483 22 19 to
316 2486 44 24 pay
376 2479 46 23 this
433 2479 8 23 ?
487 2477 53 24 And
563 2478 19 22 if
606 2479 50 29 they

72 2511 35 25 did
120 2521 43 23 pay
175 2514 18 21 it
204 2521 39 23 up,
257 2512 44 23 and
313 2512 44 23 had
376 2511 39 24 the
436 2516 60 18 most
516 2510 73 31 ample
613 2512 43 22 and

73 2545 135 32 unqualified
220 2546 48 22 title
290 2550 22 18 to
331 2552 68 23 every
420 2552 51 16 acre
493 2544 23 23 of
531 2544 52 22 land
607 2544 50 30 they

72 2579 66 23 claim
159 2580 24 21 in
207 2579 57 22 New
286 2577 108 29 Zealand,
419 2578 60 22 what
498 2577 73 23 would
600 2577 58 23 their

72 2613 96 29 position
180 2611 27 23 be
216 2612 10 23 ?
276 2611 82 23 Would
376 2611 19 22 it
416 2615 40 19 not
476 2611 27 22 be
519 2610 54 30 only
585 2615 23 17 to
620 2610 39 23 fall

73 2653 60 16 more
154 2644 79 32 deeply
254 2645 48 22 into
325 2644 60 27 debt,
408 2644 78 23 unless
509 2644 53 30 they
585 2643 73 23 would

73 2686 65 23 agree
161 2684 22 16 to
206 2677 43 24 add
274 2683 22 17 to
321 2677 36 23 the
382 2681 92 26 present
502 2676 96 23 demand
624 2677 34 23 for

73 2712 112 28 £96,000
197 2719 14 16 a
222 2711 90 23 further
330 2710 84 31 supply
435 2710 25 23 of
481 2710 131 28 £300,000
635 2718 23 15 or

74 2745 128 28 £400,000
212 2745 10 22 ?
269 2744 38 30 By
330 2751 41 15 our
390 2747 122 19 statement
535 2743 18 22 it
564 2750 95 23 appears

75 2777 47 24 that
143 2777 38 24 the
205 2778 74 23 Court
298 2777 42 22 has
362 2776 118 30 expended
493 2776 132 28 £646,000
637 2777 23 22 in

75 2811 145 23 colonisation
229 2811 26 22 in
263 2810 58 24 New
329 2809 109 24 Zealand.
469 2808 50 24 The
528 2810 132 27 £300,000

75 2843 105 31 provided
192 2843 29 31 by
234 2843 65 23 those
310 2843 49 22 who
371 2842 129 31 purchased
518 2842 66 23 lands
603 2842 57 23 from

75 2876 60 24 them
146 2881 62 19 must
220 2877 59 23 have
289 2876 58 24 been
367 2876 117 22 sufficient
504 2879 22 19 to
550 2879 60 19 meet
630 2875 30 23 all

75 2909 37 24 the
135 2917 111 23 expenses
267 2909 26 23 of
317 2909 143 31 emigration,
482 2909 25 22 of
529 2909 131 29 surveying,

75 2944 43 22 and
129 2943 30 23 all
172 2943 65 23 other
248 2950 113 23 expenses
377 2942 109 23 attended
497 2941 55 24 with
562 2941 100 31 forming

76 2976 62 24 these
149 2976 151 23 settlements.
329 2975 34 24 At
375 2975 60 23 least
446 2982 33 16 we
492 2974 67 24 think
571 2982 13 16 a
595 2979 67 26 party

75 3010 140 30 contracting
223 3009 37 23 for
274 3008 38 24 the
326 3008 40 32 job
378 3008 77 24 would
469 3008 58 23 have
545 3007 59 24 done
623 3007 37 24 the

75 3043 61 23 work
158 3043 69 23 much
246 3043 82 28 better,
353 3041 44 24 and
419 3041 72 24 found
520 3040 94 24 himself
637 3041 25 23 in

75 3076 82 29 pocket
178 3076 31 30 by
231 3075 40 24 the
291 3075 141 24 transaction
454 3082 63 16 some
537 3074 123 28 £50,000.

76 3109 49 23 The
137 3109 104 31 question
251 3108 56 24 then
319 3109 79 28 arises,
412 3108 60 23 what
484 3107 41 23 has
537 3107 39 24 the
589 3107 72 25 Court

77 3142 55 23 done
143 3140 55 25 with
209 3142 39 23 the
257 3142 132 28 £346,000
401 3140 111 32 provided
520 3140 39 30 by,
571 3140 44 23 and
626 3140 36 23 for

76 3175 72 23 which
157 3174 39 24 the
208 3174 159 24 shareholders
387 3173 45 24 will
455 3173 48 24 find
526 3173 136 23 themselves

75 3207 66 24 liable
150 3208 9 24 ?
195 3207 84 31 Surely
299 3208 37 23 the
353 3206 159 24 shareholders
525 3206 46 23 will
582 3211 41 18 not
634 3206 28 24 be

77 3240 98 25 satisfied
196 3241 32 30 by
247 3241 71 30 being
335 3240 48 24 told
401 3240 52 24 that
472 3239 38 23 the
522 3239 141 24 Govermcnt

75 3273 40 25 has
126 3278 40 20 not
176 3278 39 26 yet
225 3274 97 30 granted
333 3273 38 24 the
384 3272 121 32 Company
516 3281 14 14 a
541 3272 49 24 title
609 3277 23 19 to
650 3281 13 16 a

77 3307 70 32 single
155 3314 51 16 acre
218 3307 24 23 of
258 3306 55 24 land
319 3307 10 23 ?
376 3306 53 24 The
450 3306 72 23 Court
543 3306 23 23 in
578 3305 85 32 ju>tice

77 3344 21 20 to
107 3341 59 23 their
177 3347 49 16 own
237 3339 128 24 characters
384 3344 64 19 must
466 3339 62 23 show
550 3339 37 22 the
607 3347 55 23 pur-

78 3373 89 25 chasers
178 3373 25 23 of
217 3373 55 23 land
284 3372 49 24 how
345 3372 56 31 they
413 3373 57 22 have
488 3372 117 31 expended
626 3373 37 23 the

77 3406 128 30 £300,000
227 3406 104 23 received
359 3405 60 24 from
449 3405 70 29 them,
541 3405 44 23 and
609 3405 53 31 they

77 3445 59 18 must
158 3440 62 24 shew
248 3439 60 23 their
336 3438 160 24 shareholders
525 3438 51 23 how
606 3438 57 24 their

77 3473 127 29 £346,000
216 3473 41 24 has
270 3473 58 22 been
336 3471 127 31 expended,
476 3471 44 24 and
538 3471 46 23 this
603 3476 60 19 must

78 3505 25 24 be
115 3506 56 23 done
183 3506 54 24 item
249 3506 32 30 by
291 3506 64 22 item.
393 3504 48 24 Not
453 3504 59 23 until
524 3504 54 23 then
589 3511 45 17 can
645 3506 18 22 it

77 3537 27 25 be
115 3540 113 30 imagined
241 3539 39 23 the
291 3539 71 23 Court
374 3538 48 23 will
434 3537 57 24 have
510 3544 63 17 more
595 3537 68 24 funds

78 3572 74 30 placed
166 3577 22 19 at
199 3572 59 24 their
277 3572 100 31 disposal
388 3579 7 21 ;
414 3571 42 23 but
468 3570 56 24 after
546 3570 38 23 the
604 3570 58 24 fore-

78 3607 68 29 going
155 3606 126 26 disclosure
292 3605 45 23 will
347 3612 45 23 any
411 3611 84 24 person
514 3603 87 23 believe
615 3603 49 24 that

79 3638 35 23 the
126 3637 71 25 Court
209 3647 42 15 can
262 3638 71 25 make
345 3637 57 24 such
415 3645 15 16 a
439 3640 123 20 statement
575 3643 25 16 as
618 3637 46 23 will

79 3671 77 24 induce
169 3671 38 24 the
218 3671 159 24 shareholders
390 3675 23 20 to
426 3670 106 24 continue
544 3669 38 23 the
594 3669 69 24 Com-

78 3711 57 24 pany
144 3704 10 24 ?
195 3704 56 24 And
274 3704 59 24 what
354 3712 42 16 can
415 3704 40 24 the
468 3703 71 24 Court
551 3702 63 23 show
626 3702 36 24 for

79 3737 43 24 this
133 3738 130 29 £346,000
272 3737 10 24 ?
330 3737 95 31 Sundry
443 3736 71 25 desks
526 3735 45 24 and
583 3735 80 29 stools,

80 3770 42 24 and
133 3771 122 30 surveying
267 3771 158 29 instruments,
435 3770 47 24 and
492 3777 13 16 a
510 3767 155 34 pre-emption

79 3803 59 30 right
159 3808 23 19 to
202 3804 71 23 about
291 3805 136 28 1,000,000
444 3810 65 17 acres
533 3803 26 23 of
573 3801 53 24 land
639 3802 24 22 in

80 3835 44 24 this
135 3836 87 31 Colony
231 3845 6 21 ;
256 3836 136 30 mortgaged
413 3841 22 19 to
458 3836 38 24 Sir
509 3836 66 24 Issac
596 3834 67 32 Lyon

82 3868 117 26 Goldsmid
209 3869 46 25 and
262 3869 50 25 Mr.
326 3869 64 24 Hutt
401 3869 34 24 for
448 3869 132 30 £50,000
583 3869 37 30 ior
631 3867 34 25 for

82 3909 40 15 one
133 3902 93 32 shilling
240 3909 42 25 per
301 3909 58 16 acre.
408 3902 26 23 Is
455 3902 38 23 the
512 3902 153 32 pre-emption

81 3934 59 32 right
161 3939 22 19 to
201 3936 38 23 the
258 3935 103 31 quantity
383 3935 26 23 of
423 3935 54 23 land
497 3935 73 24 worth
580 3942 63 16 more
655 3934 10 24 ?

563 61 97 44 E\)t
683 59 118 42 itftte
827 58 211 43 &ssamt>
1064 57 189 46 &a}tttt
1279 57 90 39 attii
1393 54 302 46 WLltttinqton
1719 50 254 51 £pcctatxit\

2041 141 78 22 NEW
2138 141 170 22 ZEALAND.

1281 144 52 24 £12
1345 144 91 28 a-head,
1448 144 42 23 but
1503 144 11 23 I
1528 144 66 23 could
1606 148 40 18 not
1662 142 125 24 undertake
1800 144 17 21 it
1829 142 35 23 for

1281 177 42 23 lest
1336 177 53 23 than
1398 179 40 21 80.
1475 177 70 23 Their
1555 177 20 23 is
1585 176 152 31 employment
1747 176 35 23 for
1790 183 13 15 a
1812 174 50 30 few,

1277 216 28 17 'as
1316 209 101 31 building
1430 210 19 22 is
1467 210 71 30 going
1556 209 83 24 a-head
1655 209 55 22 here
1721 207 52 30 fast,
1786 209 42 23 but
1841 213 23 18 at

1280 243 41 22 low
1334 250 82 22 wages,
1429 242 45 23 and
1487 246 58 19 most
1566 242 25 23 of
1610 242 62 22 those
1686 242 87 22 arrived
1794 241 69 30 lately

1281 275 54 23 have
1353 275 58 23 been
1432 275 56 23 used
1509 279 23 19 to
1551 275 83 28 better,
1648 274 160 30 consequently
1826 281 38 16 are

1281 307 84 31 greatly
1377 307 163 31 disappointed.
1577 306 51 24 The
1648 306 156 24 Government
1824 314 40 15 are

1282 339 77 32 taking
1377 346 116 17 measures
1513 344 23 18 to
1548 344 95 26 support
1661 339 62 23 them
1740 339 58 23 until
1810 339 53 30 they

1281 376 37 27 get
1330 372 160 30 employment,
1500 372 43 23 and
1554 372 164 30 subscriptions
1729 379 36 15 are
1779 373 86 29 raising

1282 406 32 22 for
1332 404 38 24 the
1389 410 96 25 support
1507 404 25 22 of
1552 405 65 22 those
1638 405 48 22 that
1708 411 51 22 may
1780 404 82 23 follow.

1281 437 55 24 Was
1348 437 58 24 their
1418 445 45 23 any
1472 437 70 22 direct
1555 444 76 16 means
1643 437 22 23 of
1674 437 191 29 communicating

1282 469 51 24 with
1346 478 51 22 you,
1411 477 28 16 no
1452 470 77 27 doubt,
1548 470 55 29 long
1624 477 37 15 ere
1672 470 46 22 this
1730 470 46 22 will
1796 469 69 23 reach

1281 510 51 22 you,
1344 503 54 22 loud
1418 503 58 22 cries
1498 502 25 23 of
1538 502 147 23 lamentation
1704 502 73 24 would
1798 502 67 23 reach

1282 543 42 22 you
1336 536 25 22 of
1369 543 84 15 sorrow
1466 535 43 23 and

1347 713 77 24 NEW
1443 713 164 24 ZEALAND
1628 714 175 23 COMPANY.

1315 592 93 23 Birth.
1411 604 33 3 —
1446 592 39 22 On
1507 592 122 30 Thursday
1651 592 51 29 last,
1737 592 37 24 the
1803 592 63 24 22nd

1281 625 100 30 August,
1406 629 23 18 at
1451 625 149 29 Wellington,
1632 625 37 23 the
1692 625 49 23 wife
1764 625 25 23 of
1817 625 49 23 Mr.

1283 658 28 24 T.
1331 657 28 23 C.
1374 657 88 28 Butler,
1474 658 25 22 of
1514 665 13 15 a
1539 658 120 28 daughter.

668 148 25 23 If
721 148 38 23 the
780 148 55 23 land
857 148 29 23 be
909 148 70 23 taken
1003 148 35 22 for
1060 146 39 24 the
1127 151 125 25 mortgage,

667 181 90 23 whence
779 188 39 16 are
836 181 38 23 the
895 180 158 23 shareholders
1074 184 23 18 to
1108 179 76 23 derive
1197 179 57 24 their

667 214 129 27 £296,000
808 222 5 14 :
850 212 65 24 Echo
933 213 92 22 whence
1036 214 5 23 !
1090 212 33 23 As
1135 213 118 31 assuredly

668 253 25 15 as
716 246 47 24 Mr.
783 245 100 24 Edward
904 245 93 23 Gibbon
1015 245 148 24 Wakefield's
1177 245 73 24 Beau-

667 278 91 23 harnois
780 279 43 22 and
844 278 137 23 Australind
1002 277 156 24 Colonization
1184 278 69 23 Com-

667 312 78 30 panies
763 318 39 18 are
821 311 98 28 defunct,
945 318 25 15 so
992 311 21 21 is
1035 310 37 23 the
1085 311 57 22 New
1153 311 100 24 Zealand

669 344 124 32 Company,
806 351 24 16 as
848 344 38 23 the
908 343 89 23 natives
1017 343 75 22 would
1108 351 41 22 say
1170 344 81 30 kuapo.

670 377 41 22 We
723 377 90 23 wonder
825 376 118 30 ingenuity
956 376 41 22 has
1010 379 40 19 not
1062 375 65 23 made
1138 377 19 22 it
1170 385 83 22 appear

669 409 47 23 that
730 409 35 24 the
778 409 104 23 Colonial
895 407 74 24 Office
982 407 43 23 and
1037 407 102 24 Colonial
1149 409 104 23 Govern-

669 446 73 19 ments
754 449 57 16 were
824 441 38 23 the
874 448 67 15 cause
961 441 24 22 of
1001 440 39 23 the
1058 440 112 32 breaking
1189 442 64 23 down

669 475 24 22 of
709 474 37 23 the
759 478 42 18 two
813 473 51 23 first
886 473 83 23 named
987 472 26 23 of
1038 473 48 23 Mr.
1104 473 149 25 Wakefield's

669 506 122 24 successful
804 506 110 23 schemes.
934 505 43 23 We
990 505 53 23 dare
1056 513 39 23 say
1107 507 55 22 such
1176 515 13 14 a
1199 507 54 29 fact,

669 539 54 23 with
735 539 36 23 the
783 538 80 23 skilful
874 546 45 23 pen
931 538 26 23 of
966 538 38 23 the
1017 538 72 23 Court
1100 539 26 22 of
1134 539 119 30 Drectors,

670 571 65 24 could
746 572 27 22 be
785 571 138 23 established
933 576 22 17 to
968 571 38 22 the
1024 572 126 23 oonviction
1172 572 25 23 of
1217 573 37 24 the

669 604 143 31 enlightened
820 603 252 26 shareholdingfliublic.
1098 604 43 23 We
1149 612 105 23 presume

670 637 37 23 the
719 637 56 23 Port
786 636 129 23 Nicholson
933 638 98 27 settlers,
1050 637 57 22 after
1128 637 38 23 the
1185 638 69 23 above

670 673 128 24 statement,
820 669 45 23 will
877 670 28 22 be
917 670 124 22 convinced
1054 670 50 22 that
1114 670 17 22 it
1144 671 20 21 is
1175 670 45 24 idle
1232 676 22 18 to

670 706 80 26 expect
761 702 37 24 aid
810 703 24 23 of
850 710 45 22 any
906 702 56 23 kind
980 702 60 23 from
1059 702 38 23 the
1118 703 57 23 New
1195 703 58 23 Zea-

669 735 54 24 land
735 736 117 30 Company
863 744 6 20 ;
884 735 19 22 if
920 743 32 21 so,
967 743 32 15 we
1020 734 57 24 have
1089 736 165 31 accomplished

670 776 41 16 our
728 776 104 22 purpose.

705 801 35 23 To
752 801 62 23 show
832 800 38 23 the
891 800 112 30 necessity
1022 800 24 23 of
1064 802 166 23 concentration
1243 811 13 15 a

670 834 72 23 friend
756 834 40 22 has
808 833 81 30 kindly
901 838 41 25 put
954 833 30 23 all
1003 833 38 23 the
1053 834 98 22 sections
1161 835 53 22 held
1227 835 29 30 by

671 866 117 23 absentees
808 866 54 23 here
874 866 45 22 and
938 870 23 18 at
982 865 129 24 Manawatu
1133 867 23 22 in
1178 867 76 24 black.

672 899 50 23 The
731 907 51 22 map
796 898 24 23 of
827 899 38 22 the
877 898 101 23 districts
988 903 92 25 present
1088 907 13 15 a
1114 900 90 22 curious
1217 908 36 24 ap-

671 940 117 23 pearance,
801 931 45 23 and
864 931 100 24 exhibits
985 931 39 23 the
1037 932 62 23 cruel
1110 938 107 26 prospect
1235 938 22 19 to

672 965 89 23 settlers
773 965 20 23 if
803 964 52 30 they
867 969 84 18 cannot
963 972 67 15 cause
1041 965 55 23 such
1108 973 28 15 an
1149 974 108 23 arrange-

673 1004 62 17 ment
747 1006 24 15 as
780 997 46 23 will
837 997 80 23 enable
926 998 61 23 them
1001 1002 22 18 to
1032 999 61 22 unite
1104 999 58 22 their
1170 1000 87 24 labour.

674 1032 22 22 It
705 1039 94 23 appears
808 1030 51 23 that
867 1032 47 22 613
924 1032 98 21 sections
1032 1030 55 24 have
1097 1032 56 22 been
1161 1032 97 23 selected

673 1065 54 22 here
739 1065 43 22 and
794 1068 23 18 at
829 1064 104 22 Porirua.
971 1063 35 23 Of
1013 1063 64 23 these
1089 1065 32 22 49
1133 1072 38 15 are
1185 1066 73 23 native

675 1105 107 20 reserves,
796 1098 48 22 413
857 1096 83 30 belong
952 1100 23 19 to
987 1096 118 23 absentees
1119 1098 43 21 and
1177 1100 44 21 151
1238 1104 20 18 to

674 1131 98 22 settlers.
810 1129 34 23 Of
853 1129 37 22 the
905 1131 45 21 151
963 1129 98 23 sections
1074 1129 37 23 the
1124 1137 105 23 property
1238 1132 23 22 of

675 1164 89 22 settlers
778 1163 31 22 86
820 1169 82 23 appear
914 1162 135 23 convenient
1060 1166 23 19 to
1095 1162 37 23 the
1144 1167 59 19 town
1217 1165 42 22 and

675 1196 73 22 would
760 1195 72 23 under
844 1202 44 23 any
900 1195 184 28 circumstances,
1097 1202 33 16 we
1148 1196 74 29 think,
1233 1197 27 23 be

675 1228 107 23 retained.
815 1227 49 24 The
873 1228 127 30 remaining
1008 1228 32 23 65
1051 1228 73 23 would
1132 1228 27 23 be
1171 1229 87 24 thrown

676 1270 29 20 up
719 1270 24 14 as
756 1261 149 23 unavailable.

710 1294 42 23 We
763 1294 47 23 find
823 1294 48 23 that
881 1294 50 23 334
942 1293 98 24 sections
1051 1293 58 24 have
1120 1294 57 23 been
1190 1295 70 23 selec-

676 1327 36 23 ted
726 1332 21 18 at
761 1327 137 27 Manawatu,
912 1327 25 22 of
956 1326 63 23 these
1032 1328 32 22 46
1086 1327 82 30 belong
1189 1333 21 17 to
1224 1329 36 22 the

676 1361 94 27 natives,
783 1361 49 22 239
846 1364 21 18 to
878 1359 39 22 the
935 1359 127 29 absentees,
1073 1361 43 21 and
1135 1362 32 22 49
1180 1365 22 18 to
1215 1366 45 18 set-

677 1394 63 22 tlers.
776 1393 105 23 Sections
894 1400 37 14 are
945 1392 105 29 assigned
1060 1392 34 23 for
1102 1400 14 15 a
1127 1393 102 24 distance
1240 1395 25 22 of

677 1427 99 22 between
789 1427 31 21 60
833 1425 45 23 and
897 1426 32 23 70
942 1425 64 22 miles
1020 1433 30 23 up
1064 1425 36 23 the
1120 1426 140 25 Manawatu.

677 1459 51 23 The
741 1459 93 22 number
846 1466 30 15 on
889 1457 38 24 the
946 1458 58 23 river
1018 1459 19 22 is
1050 1460 31 24 97
1091 1467 6 20 ;
1120 1460 25 22 of
1154 1460 63 23 these
1232 1463 10 20 1
1250 1463 9 21 1

677 1492 82 30 belong
771 1496 23 18 to
805 1491 95 28 natives,
921 1492 32 24 70
966 1495 21 19 to
1001 1491 118 23 absentees
1131 1493 44 22 and
1198 1494 29 22 16
1240 1498 22 18 to

677 1525 98 22 settlers.
812 1524 76 23 These
906 1524 60 23 river
985 1525 99 22 sections
1103 1533 38 15 are
1159 1526 104 23 included

677 1559 23 21 in
719 1558 37 22 the
773 1557 71 23 above
866 1557 95 23 number
973 1557 25 23 of
1015 1559 57 22 334.
1109 1557 50 24 Out
1181 1559 24 22 of
1225 1559 37 22 the

681 1592 72 26 1,100
771 1590 98 23 sections
882 1597 32 15 we
935 1590 55 23 have
1012 1590 52 31 only
1083 1592 127 23 accounted
1229 1592 35 23 for

679 1624 57 25 947.
782 1623 51 23 The
860 1623 128 23 remainder
1018 1632 37 14 are
1083 1625 109 22 scattered
1220 1625 44 23 and

679 1656 94 23 claimed
794 1657 23 22 in
842 1656 143 30 unsurveyed
1005 1656 109 24 districts.
1163 1658 47 23 But
1231 1666 33 15 we

679 1689 66 23 think
768 1697 33 15 we
819 1697 50 22 may
889 1693 66 24 state,
978 1689 39 23 the
1041 1689 90 23 settlers
1151 1690 58 24 have
1232 1693 30 22 65

679 1722 140 24 unavailable
830 1722 24 23 in
867 1722 45 23 this
924 1722 95 28 district,
1039 1723 44 22 and
1101 1724 31 22 49
1146 1728 23 18 at
1182 1724 82 23 Mana-

680 1760 58 18 watu
750 1761 22 17 to
785 1755 73 23 which
877 1755 68 23 about
958 1757 32 21 50
1010 1763 61 16 more
1089 1764 52 22 may
1152 1757 30 23 be
1193 1757 70 23 added

681 1796 24 15 as
716 1788 97 24 selected
821 1789 22 22 in
855 1788 145 30 unsurveyed
1010 1788 107 30 districts,
1126 1790 73 23 where
1213 1790 52 30 they

681 1829 37 15 are
730 1826 38 18 not
779 1821 71 30 likely
863 1827 22 17 to
897 1821 28 23 be
938 1822 112 27 obtained,
1064 1822 43 22 and
1125 1823 22 22 in
1160 1824 104 22 unavail-

681 1855 49 24 able
742 1861 62 24 spots
813 1863 5 19 ;
843 1855 81 29 taking
936 1855 62 22 these
1018 1855 103 30 together
1140 1856 44 22 and
1204 1856 61 23 there

681 1896 37 15 are
733 1889 47 23 164
792 1888 99 22 sections
907 1888 125 30 belonging
1047 1893 22 17 to
1082 1888 97 28 settlers,
1194 1889 71 23 which

681 1921 52 31 they
745 1920 74 24 would
830 1921 28 23 be
871 1921 74 30 happy
954 1925 21 18 to
989 1921 115 30 exchange
1116 1921 34 23 for
1163 1921 64 23 lands
1238 1931 27 14 on

681 1955 38 23 the
731 1954 61 24 Hutt
801 1963 6 19 ;
827 1954 44 22 and
883 1962 24 15 as
921 1961 32 15 we
966 1953 85 23 believe
1064 1954 62 22 there
1139 1962 38 15 are
1197 1955 69 23 about

684 1989 46 22 180
742 1988 97 21 sections
852 1988 23 21 in
888 1986 48 23 that
945 1986 82 30 valley,
1036 1987 17 22 it
1065 1987 72 22 would
1146 1987 50 31 just
1210 1990 60 21 meet

682 2020 37 22 the
731 2025 72 18 wants
816 2020 23 22 of
858 2020 37 22 the
918 2020 90 23 settlers
1028 2020 23 22 in
1070 2020 38 22 the
1128 2020 139 30 Company's

681 2053 50 23 first
743 2052 44 23 and
797 2052 109 30 principal
918 2051 138 24 settlement.
1092 2052 26 23 If
1127 2052 38 23 the
1177 2052 90 24 settlers

682 2090 81 18 cannot
773 2086 29 21 be
815 2084 158 24 concentrated
985 2084 28 30 by
1027 2084 85 31 having
1123 2093 14 14 a
1148 2085 88 24 district
1245 2092 22 17 to

683 2118 134 24 themselves
830 2118 53 30 they
894 2122 61 18 must
967 2117 56 23 seek
1036 2123 22 17 to
1068 2117 76 24 obtain
1157 2119 69 22 union
1241 2119 27 30 by

683 2159 61 16 some
756 2151 64 23 other
839 2159 85 19 means,
938 2150 44 23 and
1001 2150 101 31 possibly
1114 2159 12 14 a
1146 2152 59 30 good
1218 2160 50 21 sys-

683 2189 44 19 tem
740 2185 24 23 of
775 2185 100 22 taxation
889 2183 74 23 would
982 2185 105 23 occasion
1109 2183 48 24 that
1170 2192 96 16 concen-

684 2218 79 23 tration
776 2225 60 23 upon
851 2217 71 23 which
935 2224 91 17 sutcess
1037 2225 49 15 now
1095 2217 107 30 depends.
1240 2218 28 22 In

684 2251 129 23 conclusion
827 2258 31 15 we
878 2250 71 23 invite
969 2250 125 23 discussion
1109 2258 28 15 on
1157 2250 46 24 this
1215 2251 54 23 sub-

681 2284 55 29 ject.

891 2343 73 22 THE
984 2343 83 22 MOA.

720 2401 69 22 Want
801 2400 24 23 of
841 2407 66 23 space
921 2399 41 23 has
973 2400 101 23 hitherto
1086 2401 123 30 prevented
1232 2409 39 15 our

675 2435 2 35 j
688 2434 99 29 noticing
799 2433 37 23 the
850 2437 76 19 return
940 2434 25 21 of
981 2432 48 23 Mr.
1044 2433 63 29 Earl,
1122 2434 57 28 who,
1196 2435 16 22 it
1225 2435 45 23 will

686 2467 27 22 be
738 2465 159 28 remembered,
921 2465 42 24 left
986 2466 46 22 this
1053 2467 64 30 place
1138 2467 36 23 for
1197 2467 74 31 Otajro

686 2500 68 23 about
766 2500 76 22 fifteen
855 2498 91 24 months
959 2499 71 29 since,
1043 2500 34 22 for
1089 2500 37 22 the
1140 2508 98 22 purpose
1251 2501 23 23 of

687 2532 119 29 collecting
829 2532 128 31 specimens
977 2533 25 22 of
1027 2533 89 23 natural
1138 2533 89 31 history
1251 2535 21 22 in

688 2566 46 23 that
748 2566 98 30 vicinity.
884 2566 44 21 We
940 2564 80 24 visited
1031 2565 45 24 him
1088 2574 12 15 a
1109 2566 41 23 few
1159 2566 55 31 days
1223 2575 49 23 ago,

687 2599 43 23 and
740 2607 57 15 were
810 2599 67 23 much
890 2598 104 31 gratified
1007 2599 23 22 in
1043 2600 96 30 viewing
1151 2600 35 22 his
1199 2600 72 31 speci-

686 2639 64 16 mens
774 2632 25 23 of
826 2632 70 28 birds,
921 2632 78 28 shells,
1024 2632 93 28 insects,
1142 2633 43 23 &c.
1197 2642 6 18 ;
1234 2633 41 24 but

688 2665 120 31 especially
829 2673 33 20 so,
884 2671 24 17 at
931 2665 37 23 the
992 2665 62 30 sight
1077 2665 25 23 of
1128 2671 51 26 part
1197 2666 25 23 of
1239 2667 35 23 the

688 2698 102 23 skeleton
803 2699 23 22 of
843 2698 38 23 the
893 2698 101 31 gigantic
1008 2698 64 23 Moa.

721 2731 50 24 The
791 2737 180 18 measurements
994 2731 26 23 of
1046 2731 38 23 the
1107 2731 63 25 three
1191 2732 85 31 largest

687 2764 70 23 bones
769 2772 38 15 are
819 2773 24 14 as
857 2764 86 24 follows
953 2773 6 15 :—:
961 2777 33 4 —

1098 2808 179 23 Circumference

881 2834 95 27 Length.
1111 2835 26 20 of
1144 2835 38 22 the
1192 2835 86 23 middle

1111 2862 25 21 of
1147 2862 66 21 shaft.

939 2888 25 21 ft.
979 2888 32 21 in.
1206 2889 22 21 ft.
1244 2889 31 22 in.

689 2915 81 22 Femur
936 2911 11 24 1
975 2916 28 24 4J
1210 2918 14 19 0
1252 2918 13 20 3

689 2942 65 22 Tibia
936 2943 13 19 2
977 2943 13 19 9
1210 2944 14 20 0
1249 2944 28 24 6J

689 2969 68 22 Tarso
780 2968 129 22 metatarsal
938 2969 10 20 1
977 2969 14 20 6
1211 2971 13 20 0
1252 2972 13 19 6

689 2996 98 21 Breadth
797 2995 27 21 of
834 2994 38 23 the
883 2994 64 22 distal
958 2994 118 28 extremity
1091 2995 26 22 of
1128 2998 59 19 tarso
1206 2999 72 19 meta-

690 3022 66 23 tarsal
764 3023 58 21 bone
832 3024 14 20 6
855 3020 85 23 inches.

723 3058 43 24 We
779 3065 45 16 saw
837 3057 79 24 others
929 3064 55 23 very
994 3056 61 24 little
1066 3057 93 24 inferior
1178 3058 25 23 in
1223 3058 55 28 size,

689 3092 91 24 besides
790 3090 87 24 several
890 3094 57 25 toes,
961 3090 118 29 vertebrae,
1091 3090 56 29 libs,
1160 3090 45 24 and
1217 3095 61 27 par's

690 3126 26 22 of
731 3125 85 31 pelves.
854 3123 123 24 Professor
989 3122 83 29 Owen,
1084 3130 32 15 we
1128 3123 96 29 believe,
1237 3125 41 22 has

681 3157 176 32 •appropriately
885 3156 82 24 named
1004 3156 46 23 this
1075 3156 49 23 bird
1154 3156 124 25 Dinornis.

691 3191 75 24 These
776 3199 37 15 are
825 3190 38 23 the
875 3190 51 23 first
935 3189 127 31 specimens
1074 3189 73 24 which
1156 3190 59 23 have
1222 3190 57 24 been

690 3224 130 24 discovered
832 3224 23 22 in
869 3223 38 23 the
920 3222 90 24 Middle
1023 3222 87 29 Island,
1123 3223 45 23 and
1180 3231 39 16 are
1241 3224 36 23 in-

690 3257 91 29 tended,
792 3264 33 16 we
836 3257 95 28 believe,
943 3256 34 23 for
993 3255 39 24 the
1053 3255 120 25 Museums
1192 3264 29 16 on
1241 3257 38 24 the

692 3291 131 24 Continent.

724 3325 49 23 Mr.
786 3324 57 23 Earl
855 3323 57 23 feels
924 3322 124 24 convinced
1069 3321 48 25 that
1135 3323 29 23 he
1184 3323 46 23 will
1250 3323 27 24 be

691 3357 49 25 able
750 3362 22 19 to
783 3356 108 24 establish
905 3364 13 15 a
928 3355 83 24 second
1022 3356 94 29 species.

867 3416 234 25 VALPARAISO.

2062 3759 78 23 NEW
2156 3757 222 25 EDINBURGH.

1959 3822 53 24 The
2023 3819 112 24 Colonial
2154 3819 104 29 Gazette,
2271 3820 26 23 of
2312 3819 38 24 the
2363 3818 59 27 20th
2438 3817 81 32 April?

1925 3860 72 18 states
1998 3866 33 5 —
2290 3854 12 20 •'
2469 3857 3 3 '

1983 3894 72 25 From
2068 3893 38 23 the
2119 3893 67 23 usual
2198 3893 87 23 notices
2297 3892 26 23 of
2331 3899 96 24 persons
2439 3895 77 20 trans-
2526 3909 5 3 -

1921 3928 80 28 acting
2011 3927 107 23 business
2130 3931 24 18 at
2165 3926 38 23 the
2217 3925 103 24 Colonial
2334 3925 82 28 Office,
2439 3924 19 23 it
2470 3924 49 27 will

1316 766 29 23 In
1368 774 42 16 our
1431 767 45 23 last
1500 775 76 22 paper,
1601 774 32 16 we
1662 767 134 23 announced
1820 768 49 23 that

1284 799 98 30 English
1392 807 82 23 papers
1487 805 22 18 to
1523 800 36 23 the
1572 800 60 30 early
1646 805 49 25 part
1707 800 24 23 of
1747 800 58 30 May
1824 800 45 24 had

1284 833 54 23 been
1351 833 100 22 received
1465 838 23 18 at
1503 833 89 23 Hobart
1605 833 80 23 Town.
1714 832 49 23 The
1777 832 91 31 Sydney

1284 862 97 32 Herald,
1395 865 58 23 from
1464 866 73 22 which
1555 873 31 14 we
1608 865 105 23 obtained
1732 865 45 22 this
1798 866 72 22 infor-

1284 898 90 28 mation,
1389 903 22 17 at
1424 898 36 23 the
1474 906 61 14 same
1548 899 54 21 time
1615 898 73 22 stated
1701 898 48 22 that
1770 899 29 21 its
1821 906 50 16 own

1284 930 47 23 tiles
1344 938 56 15 were
1413 931 52 29 only
1478 936 22 17 to
1512 931 39 22 the
1563 931 58 22 25th
1633 931 76 30 April,
1732 938 24 15 or
1769 931 38 23 the
1827 931 44 31 day

1286 963 72 23 before
1380 964 37 22 the
1436 964 83 22 second
1538 963 124 32 adjourned
1681 964 99 30 meeting
1792 964 26 24 of
1834 964 37 24 the

1286 995 55 23 New
1361 997 101 23 Zealand
1479 993 119 34 Comfkiny
1619 1004 44 16 was
1687 1001 22 18 to
1729 997 52 23 take
1798 998 72 30 place.

1287 1028 52 23 Had
1351 1030 17 22 it
1380 1030 56 22 been
1450 1030 124 28 otherwise,
1588 1037 32 15 we
1630 1028 56 24 have
1702 1037 28 15 no
1751 1030 70 23 doubt
1834 1032 37 22 the

1286 1061 87 24 settlers
1387 1062 73 24 would
1473 1063 55 22 have
1540 1063 58 23 been
1610 1063 24 22 in
1653 1063 127 30 possession
1803 1064 24 22 of
1843 1072 29 15 an

1287 1094 113 24 authentic
1424 1101 95 18 account
1541 1096 25 22 of
1593 1095 38 23 the
1655 1095 138 31 Company's
1817 1097 54 23 fate.

1288 1127 40 23 We
1351 1128 86 22 believe
1455 1128 38 23 the
1513 1128 139 30 Company's
1673 1128 78 31 Agent
1771 1130 41 22 has
1834 1136 39 17 not

1288 1161 98 23 received
1399 1168 55 15 even
1467 1169 14 14 a
1492 1160 73 31 single
1576 1162 67 21 letter
1662 1161 58 23 from
1741 1161 38 24 the
1803 1162 70 23 Com-

1288 1201 64 22 pany,
1366 1195 30 30 by
1408 1193 54 25 Van
1473 1194 119 22 Diemen's
1605 1193 67 23 Land
1691 1202 25 14 or
1729 1194 57 23 New
1799 1195 75 24 South

1288 1227 83 24 Wales.
1420 1227 98 30 Though
1542 1227 18 22 it
1582 1231 63 18 must
1666 1227 57 23 have
1744 1227 57 24 been
1814 1233 60 18 most

1287 1260 88 23 evident
1397 1260 48 22 that
1469 1260 38 23 the
1531 1260 89 22 settlers
1655 1260 73 23 would
1756 1261 28 23 be
1813 1267 61 17 most

1288 1294 94 22 anxious
1405 1293 68 22 about
1497 1293 56 22 New
1577 1293 99 22 Zealand
1697 1294 135 30 procedings
1852 1295 22 22 in

1288 1326 114 30 England,
1416 1330 39 18 not
1467 1326 37 23 the
1526 1325 106 32 slightest
1650 1326 85 23 trouble
1754 1326 42 24 has
1818 1327 56 23 been

1288 1359 69 23 taken
1369 1364 22 17 to
1405 1359 69 22 afford
1488 1359 61 22 them
1562 1359 37 22 the
1612 1359 90 23 earliest
1719 1359 154 23 information.

1316 1397 27 22 Iw
1354 1397 37 21 the
1403 1397 78 21 House
1492 1397 22 21 ot
1531 1397 120 22 Commons
1668 1397 43 22 Mr.
1723 1397 76 22 Hume
1811 1399 65 21 made

1288 1432 12 14 a
1312 1425 40 21 few
1364 1423 152 22 observations
1527 1430 26 14 on
1566 1423 37 21 the
1614 1427 93 17 amount
1716 1424 25 20 of

1288 1452 33 20 for
1332 1450 102 26 colonial,
1457 1449 108 26 consular,
1585 1449 45 21 and
1646 1450 61 21 other
1722 1451 86 26 foreign
1831 1460 45 14 ser-

1399 1477 56 21 Now
1475 1484 24 14 as
1518 1476 37 21 the
1575 1476 59 21 tariff
1652 1484 43 14 was
1719 1477 91 28 altered,
1832 1480 45 21 and

1289 1505 85 26 slavery
1386 1503 121 26 abolished,
1525 1503 18 21 it
1563 1503 73 26 surely
1646 1510 44 14 was
1705 1507 39 18 not
1758 1512 118 21 necessary

1290 1536 21 16 to
1321 1532 56 26 keep
1388 1538 29 19 up
1425 1538 24 13 so
1460 1530 117 26 expensive
1587 1536 28 14 an
1625 1531 174 22 establishment.
1829 1533 47 22 The

1289 1559 51 20 hon.
1349 1558 128 26 gentleman
1489 1557 51 21 then
1552 1556 98 21 referred
1657 1560 21 18 to
1687 1557 38 21 the
1732 1558 53 22 evils
1796 1558 82 29 arising

1289 1585 56 21 from
1353 1585 36 21 the
1401 1590 73 21 power
1481 1583 115 21 exercised
1606 1583 31 26 by
1644 1584 125 26 companies
1777 1585 101 28 clashing

1291 1611 49 21 with
1352 1611 48 21 that
1411 1610 25 21 of
1448 1611 38 20 the
1503 1609 162 27 Government,
1678 1610 36 22 the
1731 1611 110 28 difficulty
1856 1613 24 21 of

1290 1638 79 27 parties
1380 1637 93 26 directly
1485 1636 90 27 making
1585 1636 80 22 known
1678 1637 56 21 their
1747 1639 131 25 grievances

1290 1668 22 18 to
1321 1665 38 21 the
1371 1663 107 23 Colonial-
1483 1663 61 21 office
1556 1667 22 17 at
1586 1663 73 26 home,
1669 1664 43 21 and
1724 1666 117 25 expressed
1849 1674 29 14 an

1291 1692 88 27 opinion
1392 1691 47 21 that
1455 1690 37 21 the
1507 1690 89 21 \arious
1613 1690 122 27 colonising
1751 1693 128 26 companies

1291 1718 70 22 would
1371 1717 124 26 ultimately
1504 1723 29 19 go
1544 1720 22 18 to
1576 1717 58 21 ruin.
1636 1728 26 4 —
1664 1717 59 21 Lord
1732 1718 92 28 Stanley
1835 1727 44 14 was

1290 1745 91 21 anxious
1401 1748 21 17 to
1441 1744 51 26 give
1511 1743 38 21 the
1569 1743 76 21 fullest
1662 1743 142 26 explanation
1825 1746 54 22 with

1290 1772 78 26 regard
1389 1775 21 17 to
1431 1777 43 20 any
1498 1769 101 22 estimate
1619 1769 37 22 the
1675 1770 53 22 hon.
1748 1773 130 24 gentleman

1291 1798 70 24 micjht
1371 1796 74 22 allude
1462 1800 31 23 to,
1505 1796 44 21 and
1568 1797 27 20 he
1613 1796 64 22 could
1692 1804 74 15 assure
1778 1799 36 21 the
1826 1799 52 22 hon.

1291 1825 127 27 gentleman
1427 1823 47 21 tha'
1486 1823 36 21 the
1533 1823 176 23 Colonial-office
1718 1831 54 15 wore
1781 1825 99 23 desirous

1292 1853 24 20 of
1324 1852 67 25 being
1401 1858 23 14 as
1436 1850 135 21 economical
1590 1857 24 13 as
1631 1850 100 27 possible.
1761 1852 49 21 The
1826 1852 53 22 hon.

1292 1879 126 27 gentleman
1439 1876 45 22 had
1495 1876 70 21 stated
1583 1877 49 20 that
1650 1877 16 21 it
1683 1884 42 14 was
1745 1877 94 23 dillicult
1859 1883 21 18 to

1294 1912 60 20 carry
1370 1912 28 14 on
1417 1903 37 21 the
1473 1906 148 23 government
1640 1904 24 20 of
1681 1911 13 13 a
1713 1904 79 28 colony
1807 1906 73 22 where

1294 1933 59 21 there
1363 1938 57 15 were
1432 1934 42 17 two
1486 1929 129 22 authorities
1629 1930 150 27 independent
1789 1933 26 20 of
1826 1934 54 20 each

1294 1959 68 25 other,
1374 1958 43 20 and
1433 1957 55 20 each
1505 1960 70 23 party,
1589 1957 39 21 but
1646 1957 85 21 neither
1744 1959 87 26 wholly,
1846 1966 34 15 re-

1295 1984 117 27 sponsible.
1448 1983 37 21 He
1496 1982 35 22 did
1544 1987 37 17 not
1592 1983 63 21 think
1665 1984 17 20 it
1692 1983 73 22 would
1776 1985 27 22 be
1814 1985 66 23 desir-

1295 2012 48 21 able
1355 2015 20 17 to
1386 2013 62 18 enter
1459 2016 29 14 on
1499 2017 13 13 a
1523 2009 122 22 discussion
1655 2010 24 21 of
1688 2011 37 20 the
1733 2011 73 22 affairs
1813 2013 22 21 of
1846 2013 36 22 the

1294 2037 179 26 color.y~s-f-.New
1483 2036 98 21 Zealand
1594 2040 22 16 at
1674 2041 87 21 present
1775 2044 106 16 moment.

1297 2065 19 20 It
1326 2071 44 13 was
1382 2070 53 18 very
1443 2062 111 27 probable,
1563 2062 59 21 from
1630 2062 57 22 what
1697 2063 26 21 he
1730 2062 44 23 had
1782 2066 101 27 recently

1295 2090 75 26 heard,
1392 2089 47 21 that
1460 2088 37 21 the
1518 2088 73 22 affairs
1612 2089 25 20 of
1653 2089 36 21 the
1709 2089 56 21 New
1784 2091 99 23 Zealand

1297 2117 113 26 Company
1420 2115 72 27 might
1500 2122 64 14 come
1574 2116 76 20 before
1662 2116 136 22 Parliament
1810 2119 73 21 before

1297 2144 36 22 the
1348 2143 45 22 end
1410 2142 25 21 of
1443 2144 37 19 the
1497 2145 90 23 present
1603 2142 89 27 session,
1709 2143 43 21 and
1770 2144 26 22 he
1813 2146 72 21 would

1297 2171 51 21 then
1358 2169 83 26 readily
1452 2168 49 28 give
1513 2168 36 21 the
1567 2169 74 21 fullest
1658 2169 142 27 explanation
1811 2173 25 19 of
1847 2172 36 22 the

1297 2197 69 21 whole
1377 2197 26 20 of
1411 2196 35 20 ike
1457 2196 171 20 circumstances
1635 2204 5 18 ;
1657 2196 40 22 but
1707 2196 28 22 he
1742 2198 83 26 agreed
1833 2199 50 21 with

1298 2224 35 21 the
1341 2224 51 20 hon.
1403 2223 128 26 gentleman
1541 2223 24 20 in
1576 2223 37 20 the
1624 2223 106 27 difficulty
1739 2225 82 27 arising
1829 2225 56 22 from

1299 2255 41 17 two
1356 2251 80 26 parties
1453 2248 124 28 possessing
1587 2250 112 26 authority
1710 2251 23 20 in
1743 2258 13 13 a
1770 2251 86 27 colony.
1859 2264 27 4 —

1300 2278 42 20 Mr.
1354 2276 111 27 Aglionby
1481 2276 54 26 said,
1547 2276 52 21 with
1615 2276 113 22 reference
1747 2282 21 17 to
1781 2279 38 21 the
1829 2279 56 22 New

1299 2304 96 22 Zealand
1407 2303 122 27 Company,
1546 2307 57 17 most
1613 2303 26 21 of
1646 2304 36 21 the
1698 2304 128 26 gentlemen
1838 2306 48 22 who

1300 2331 85 21 formed
1405 2330 132 21 themselves
1556 2330 46 21 into
1623 2330 48 22 that
1686 2331 115 27 Company
1812 2332 38 22 did
1864 2340 22 14 so

1300 2358 51 22 with
1361 2366 13 13 a
1392 2357 54 21 view
1467 2361 22 17 to
1507 2356 37 21 the
1565 2356 74 26 public
1657 2358 66 26 good,
1739 2359 43 21 and
1801 2364 40 16 not
1853 2360 34 21 for

1298 2385 119 27 pecuniary
1428 2383 90 23 benefit.
1547 2383 48 21 The
1604 2383 121 23 honorable
1742 2386 100 21 member
1852 2387 35 21 for

1301 2412 110 21 Montrose
1429 2410 48 22 said
1493 2410 49 21 that
1559 2410 53 27 they
1622 2410 46 22 had
1683 2411 103 22 incurred
1796 2420 13 13 a
1826 2417 62 22 great

1301 2437 161 28 responsibility
1474 2437 26 27 by
1512 2437 84 26 having
1614 2441 49 17 sent
1674 2441 38 19 out
1721 2440 77 25 10,000
1808 2443 21 17 to
1841 2439 47 22 that

1300 2465 86 26 colony,
1407 2463 72 22 wliose
1495 2463 75 27 hopes,
1582 2464 30 21 he
1627 2464 78 27 added,
1718 2465 43 21 had
1778 2469 39 17 not
1831 2467 55 21 been

1300 2492 98 22 realised.
1429 2490 35 22 He
1485 2490 80 26 agreed
1575 2490 54 22 with
1647 2491 47 22 him
1713 2491 47 21 that
1780 2493 52 26 they
1845 2494 43 21 had

1300 2518 103 22 incurred
1418 2524 14 14 a
1450 2521 62 23 great
1530 2517 172 28 responsibility,
1714 2519 43 21 and
1777 2519 28 21 he
1823 2520 65 22 could

1302 2546 50 27 only
1369 2553 37 18 s.iy
1424 2544 28 21 he
1470 2544 74 21 hailed
1563 2544 53 21 with
1633 2544 84 27 delight
1733 2545 38 22 the
1788 2547 101 21 remarks

1302 2572 64 22 made
1387 2573 27 25 by
1425 2570 37 22 the
1476 2570 65 22 noble
1558 2571 48 23 lord
1626 2572 104 26 opposite,
1742 2572 49 22 that
1806 2580 28 14 an
1851 2580 38 21 op-

1300 2599 112 28 portunity
1432 2597 73 21 would
1523 2597 28 21 be
1569 2597 67 27 given
1655 2599 27 20 of
1704 2598 123 28 discussing
1852 2601 36 21 the

1303 2625 81 26 affairs,
1396 2628 38 18 not
1445 2624 52 27 only
1507 2624 24 20 of
1539 2624 37 21 the
1588 2624 56 21 New
1655 2625 99 21 Zealand
1765 2627 122 27 Company,

1307 2653 40 21 but
1358 2652 36 22 the
1406 2651 70 22 whole
1488 2650 72 22 affairs
1566 2651 26 21 of
1599 2651 38 21 the
1648 2651 87 27 colony,
1747 2653 74 21 which
1832 2658 57 18 must

1304 2679 120 21 terminate
1444 2679 23 20 in
1488 2685 12 13 a
1520 2677 139 27 Committee,
1681 2679 28 26 by
1730 2679 73 22 which
1823 2688 67 19 every

1303 2705 140 28 proceeding,
1464 2704 28 22 he
1511 2704 80 27 hoped,
1610 2705 70 21 would
1700 2706 25 20 be
1740 2706 150 27 investigated

1304 2733 52 21 with
1366 2740 13 14 a
1389 2732 55 21 view
1455 2734 22 18 to
1489 2731 36 21 the
1541 2738 28 14 se.
1577 2731 60 27 urity
1653 2731 25 21 of
1690 2733 36 20 the
1740 2733 84 27 public.
1869 2737 21 19 A

1304 2766 61 14 mere
1375 2758 119 22 discussion
1511 2758 72 21 would
1598 2761 42 19 not
1658 2759 78 26 satisfy
1755 2760 37 21 the
1808 2760 81 27 public,

1304 2786 44 22 and
1358 2786 27 22 he
1396 2785 109 21 therefore
1522 2785 53 21 took
1588 2785 18 21 it
1620 2785 35 21 for
1675 2787 93 24 granted
1787 2787 48 21 that
1854 2788 36 20 the

1304 2813 66 21 noble
1381 2812 48 22 lord
1440 2815 75 19 meant
1526 2811 47 21 that
1582 2812 18 20 it
1612 2811 71 22 would
1694 2812 44 21 end
1748 2813 24 21 in
1788 2821 13 13 a
1821 2813 68 23 Com-

1305 2839 82 26 mittee,
1408 2839 46 21 and
1472 2845 24 14 as
1517 2838 37 21 the
1573 2838 74 22 affairs
1667 2838 26 22 of
1716 2839 54 21 New
1790 2840 102 22 Zealand

1304 2865 74 23 would
1398 2865 84 25 shortly
1500 2871 64 15 come
1585 2865 75 21 before
1690 2865 36 22 the
1751 2866 87 27 House,
1864 2867 28 22 he

1304 2893 73 21 called
1387 2899 61 19 upon
1459 2891 37 22 the
1507 2891 59 27 right
1575 2891 53 22 hon-
1640 2892 92 22 baronet
1743 2897 23 17 at
1780 2893 39 22 the
1835 2893 57 23 head

1305 2919 26 22 of
1341 2920 41 21 her
1394 2918 115 27 Majesty's
1527 2918 140 22 Government
1686 2923 23 17 to
1724 2920 55 22 bear
1793 2921 23 20 in
1831 2921 61 21 mind

1305 2946 48 22 that
1372 2946 27 21 he
1417 2946 55 25 (Mr.
1493 2945 122 27 Aglionby)
1637 2952 44 15 was
1701 2954 48 14 now
1765 2947 82 26 stating
1864 2955 28 14 on

1305 2972 78 22 behalf
1392 2972 25 22 of
1430 2972 36 22 the
1478 2972 114 27 Company
1604 2972 47 22 that
1660 2973 28 21 he
1706 2973 95 27 thought
1817 2975 17 20 it
1850 2982 43 14 was

1305 2999 42 22 due
1366 3006 30 14 no
1413 2999 42 21 less
1473 3003 22 17 to
1512 2998 61 22 them
1590 2998 53 22 than
1662 3002 22 19 to
1700 2999 37 22 the
1754 3000 76 27 public
1845 3001 48 21 that

1306 3026 61 22 there
1378 3025 81 22 should
1470 3026 26 20 be
1507 3032 14 14 a
1537 3025 62 22 strict
1615 3023 175 29 parliamentary
1805 3028 88 27 inquiry

1305 3053 47 21 into
1364 3059 66 20 every
1441 3052 85 27 portion
1533 3052 26 21 of
1568 3052 59 21 their
1637 3053 101 21 conduct.
1767 3053 48 23 The
1826 3055 67 21 noble

1306 3079 48 22 lord
1366 3079 44 21 had
1427 3079 84 23 spoken
1528 3079 27 21 of
1571 3083 43 17 two
1634 3079 101 21 different
1754 3080 138 27 authorities,

1306 3106 38 22 but
1355 3106 27 21 he
1395 3106 53 26 (Mr.
1460 3105 124 28 Aglionby)
1605 3105 37 21 did
1657 3109 40 18 not
1711 3105 64 23 know
1789 3107 49 21 that
1856 3107 37 21 the

1306 3132 56 23 New
1389 3132 100 22 Zealand
1512 3132 117 26 Company
1651 3132 45 22 had
1719 3140 53 14 ever
1794 3134 99 26 usurped

1306 3159 111 26 authority
1428 3158 44 22 due
1483 3161 21 19 to
1516 3158 38 21 the
1565 3159 158 21 Government.
1759 3159 49 22 The
1826 3161 66 21 Com-

1305 3193 61 21 pany
1377 3192 43 15 was
1437 3185 86 21 formed
1538 3185 57 21 after
1611 3191 28 14 an
1653 3186 155 22 unsuccessful
1825 3187 68 26 appli-

1306 3213 71 22 cation
1387 3216 23 17 to
1420 3212 139 26 parliament,
1572 3219 13 13 a
1594 3211 40 21 bill
1644 3212 67 26 being
1719 3212 96 27 brought
1828 3213 25 21 in
1863 3213 29 28 by

1307 3240 44 22 Mr.
1363 3239 84 26 Baring
1456 3239 35 21 for
1500 3238 125 26 colonising
1636 3238 35 22 the
1679 3238 80 28 island,
1769 3239 74 22 which
1849 3247 44 15 was

1306 3266 86 22 thrown
1403 3269 46 18 out.
1488 3266 21 20 A
1527 3271 111 21 company
1655 3272 44 14 was
1709 3266 54 21 then
1772 3266 88 22 formed
1870 3271 22 17 to

1305 3300 53 15 save
1377 3292 38 22 the
1434 3292 85 22 islands
1537 3292 57 21 from
1610 3292 68 27 going
1693 3292 47 21 into
1756 3293 38 21 the
1808 3300 85 21 posses-

1305 3321 48 21 sion
1364 3319 25 22 of
1401 3318 63 22 other
1474 3326 96 19 powers;
1587 3319 18 20 it
1624 3318 43 22 had
1688 3319 47 21 that
1754 3319 74 27 effect,
1850 3321 43 21 and

1306 3347 36 21 the
1354 3346 81 22 islands
1446 3353 48 14 now
1505 3344 114 28 belonged
1628 3349 22 17 to
1661 3345 38 22 the
1709 3346 82 22 British
1802 3347 90 27 Crown,

1306 3374 39 21 but
1355 3373 29 21 he
1394 3372 78 27 totally
1488 3372 129 22 disclaimed
1634 3379 44 20 any
1694 3372 53 22 wish
1768 3377 23 17 to
1809 3377 33 17 set
1860 3381 30 20 up

1305 3408 29 14 an
1344 3399 112 27 authority
1467 3399 87 27 against
1563 3399 37 21 the
1612 3398 165 28 Government;
1793 3399 30 22 all
1841 3399 53 28 they

1306 3426 87 22 desired
1412 3433 45 15 was
1477 3429 20 18 to
1514 3426 27 21 be
1560 3426 32 20 let
1612 3425 71 27 alone,
1702 3426 45 22 and
1767 3426 85 22 wished
1871 3431 22 17 to

1307 3453 94 22 Heaven
1421 3452 53 24 they
1493 3452 46 21 had
1557 3452 64 22 been.
1665 3452 59 22 Lord
1744 3453 92 27 Stanley
1855 3460 39 15 ex-

1306 3480 92 27 plained
1423 3478 49 22 that
1499 3479 29 21 he
1551 3479 127 27 sedulously
1701 3479 112 22 refrained
1836 3480 58 22 from

1307 3506 129 29 expressing
1445 3513 45 20 any
1500 3506 90 27 opinion
1611 3506 116 27 whatever,
1748 3506 41 22 but
1808 3507 85 26 merely

1306 3533 72 23 stated
1398 3533 52 27 that,
1469 3534 57 20 from
1545 3532 37 22 the
1599 3532 113 22 condition
1729 3532 26 21 of
1773 3533 39 21 the
1829 3533 66 22 Com-

1297 3565 75 23 pany,
1384 3560 44 22 and
1438 3560 38 21 the
1487 3560 73 21 affairs
1571 3560 25 20 of
1608 3559 57 21 New
1684 3559 107 27 Zealand,
1811 3560 20 21 it
1849 3567 44 15 was

1305 3587 108 28 probable
1433 3593 29 15 an
1479 3586 89 27 inquiry
1587 3586 72 21 would
1678 3586 51 21 take
1747 3586 73 27 place.
1859 3587 36 22 He

1305 3614 71 22 threw
1385 3617 40 18 out
1436 3620 29 15 no
1475 3615 90 20 remark
1578 3612 64 22 other
1662 3612 52 22 than
1734 3612 38 22 the
1791 3613 104 23 observa-

1305 3641 59 21 tions
1375 3641 25 21 of
1411 3640 39 22 the
1460 3640 54 21 hon.
1524 3640 101 21 member
1638 3638 35 22 for
1691 3638 116 23 Montrose
1823 3640 72 22 called

1305 3667 41 26 for,
1358 3667 48 22 that
1415 3666 38 22 the
1464 3666 73 22 affairs
1547 3666 25 21 of
1579 3665 43 22 the'
1628 3665 80 26 colony
1723 3666 69 22 could
1810 3669 42 19 not
1867 3667 28 22 be

1307 3695 49 21 well
1375 3692 158 23 administered
1551 3693 29 26 by
1600 3695 43 18 two
1667 3692 80 27 parties
1770 3693 126 27 possessing

1305 3720 124 27 authority;
1446 3720 44 21 and
1510 3719 28 21 lie
1554 3718 107 28 certainly
1678 3726 42 14 was
1739 3720 97 21 anxious
1848 3720 48 22 that

1305 3754 30 15 an
1345 3747 90 28 inquiry
1445 3746 81 22 should
1541 3746 51 21 take
1609 3746 70 26 place.
1714 3746 45 21 Mr.
1780 3746 115 28 Aglionby

1303 3774 51 22 fcaid
1364 3774 38 22 the
1411 3774 68 21 noble
1488 3772 49 22 lord
1547 3772 44 22 had
1601 3772 98 22 referred
1708 3775 22 19 to
1740 3779 13 14 a
1772 3773 123 23 discussion

1307 3808 28 14 on
1345 3801 39 22 the
1394 3800 73 22 affairs
1477 3800 25 22 of
1513 3799 39 22 the
1568 3799 87 27 colony,
1673 3798 45 22 and
1735 3799 29 21 he
1780 3807 45 14 was
1844 3801 54 27 only,

1305 3828 96 22 anxious
1421 3827 48 22 that
1487 3826 62 22 there
1566 3826 81 22 should
1662 3826 28 21 be
1700 3833 29 14 an
1739 3826 90 28 inquiry
1839 3827 55 23 also.

1307 3855 44 22 Mr.
1364 3854 108 22 Roebuck
1483 3861 42 14 was
1535 3853 53 27 glad
1603 3852 47 22 that
1665 3859 30 15 an
1712 3852 92 28 inquiry
1824 3854 72 22 would

1307 3881 51 22 take
1368 3881 71 28 place,
1450 3881 35 21 for
1494 3880 28 22 he
1532 3879 46 23 had
1587 3886 29 15 no
1635 3879 69 22 doubt
1718 3879 49 22 that
1783 3881 18 21 it
1821 3881 75 21 would

1305 3909 29 21 be
1345 3907 129 23 discovered
1486 3907 49 21 that
1544 3906 65 22 fraud
1619 3913 43 15 was
1679 3910 23 18 at
1717 3904 37 24 the
1770 3906 88 22 bottom
1873 3907 25 21 of

1307 3938 58 18 moat
1374 3934 27 22 of
1411 3934 64 22 these
1486 3933 156 23 transactions,
1654 3932 45 22 and
1708 3932 56 25 folly
1770 3932 110 25 followed.
