4260 5920
1885 4742 151 39 Mount
2079 4742 157 49 Benger
2281 4742 116 39 Mail.

1957 4842 97 29 JUST
2078 4842 72 29 AND
2174 4842 96 29 FEAR

1938 4929 117 26 FRIDAY,
2068 4930 155 21 DECEMBER
2241 4932 31 24 10,
2295 4930 54 22 1897.

1889 5015 19 21 A
1919 5012 89 26 meeting
2017 5012 22 21 of
2054 5012 36 21 the
2105 5012 111 28 Roxburgh
2234 5013 80 27 Jockey
2335 5012 55 22 Club
2402 5014 17 20 is

1865 5045 121 24 announced
2004 5047 23 19 to
2043 5045 25 21 be
2085 5045 49 23 held
2151 5049 22 19 at
2189 5047 110 21 Ormond's
2310 5047 65 21 Hotel
2385 5049 23 19 to-

1863 5088 88 16 morrow
1962 5080 117 27 (Saturday)
2088 5081 87 27 evening
2182 5082 23 21 at
2213 5082 36 21 the
2258 5082 60 22 usual
2328 5082 60 22 hour.

1887 5121 44 22 The
1952 5120 53 22 fruit
2025 5127 69 15 season
2116 5120 37 22 has
2174 5128 46 15 now
2242 5122 62 26 fairly
2326 5120 90 28 opened.

1863 5157 81 25 During
1954 5155 36 22 the
1999 5155 57 22 week
2064 5156 76 21 several
2154 5163 83 20 waggon
2254 5157 57 22 loads
2329 5156 84 27 (chiefly

1863 5191 138 23 strawberries
2009 5191 40 22 and
2058 5191 95 27 cherries)
2162 5192 51 22 have
2229 5192 52 22 been
2304 5193 46 21 sent
2364 5191 53 22 from

1863 5226 120 26 Roxburgh,
1994 5226 41 21 and
2044 5234 55 15 some
2107 5227 23 22 of
2138 5227 36 22 the
2181 5228 98 26 Conroy's
2289 5228 65 26 Gully
2364 5228 52 20 fruit

1861 5261 37 21 has
1907 5261 43 20 also
1959 5267 52 20 gone
2020 5260 96 27 through.

1887 5296 67 21 There
1973 5302 40 14 was
2030 5296 57 27 quite
2103 5303 12 15 a
2133 5296 85 28 chapter
2234 5297 23 21 of
2274 5296 102 23 accidents
2394 5299 21 19 at

1861 5330 48 21 Moa
1920 5329 49 21 Flat
1983 5329 75 21 station
2077 5330 54 26 early
2150 5330 21 21 in
2189 5330 37 22 the
2243 5331 64 22 week.
2335 5331 20 20 A
2367 5337 48 14 man

1862 5363 109 28 employed
1979 5363 81 28 driving
2067 5365 42 21 disc
2119 5365 90 22 harrows
2228 5372 26 16 on
2274 5365 90 25 Monday
2380 5367 35 26 got

1861 5400 38 21 the
1908 5398 93 22 machine
2009 5400 131 26 overturned,
2157 5401 41 21 and
2217 5401 22 22 in
2249 5402 69 26 trying
2326 5402 22 21 to
2356 5401 58 26 light

1861 5435 18 20 it
1899 5433 27 21 he
1943 5433 36 26 got
2000 5433 32 21 his
2053 5433 56 23 hand
2129 5435 95 22 smashed
2246 5442 36 20 up.
2318 5435 97 21 Another

1861 5468 115 26 employee,
1986 5474 13 14 a
2007 5468 89 28 shearer,
2107 5469 63 21 broke
2179 5469 32 21 his
2230 5470 56 21 hand
2303 5470 28 26 by
2341 5470 73 26 falling

1860 5503 30 20 off
1898 5509 12 14 a
1919 5501 83 28 bicycle.

1886 5542 34 20 An
1928 5542 93 20 accident
2028 5541 108 28 happened
2151 5543 22 20 in
2190 5550 12 13 a
2211 5543 73 26 simple
2294 5550 84 13 manner
2392 5544 21 18 *o

1861 5583 11 14 a
1896 5576 141 26 two-year-old
2060 5583 34 15 son
2117 5576 22 22 of
2160 5577 29 21 Mi
2220 5577 56 21 John
2300 5577 112 27 Clements,

1861 5610 134 27 blackMTiith,
2004 5610 23 22 of
2035 5612 86 26 Benger,
2134 5618 27 15 on
2182 5611 127 26 Wednesday
2319 5612 92 25 evening.

1863 5643 66 27 Being
1938 5643 89 22 wheeled
2037 5644 19 20 in
2066 5651 13 14 a
2096 5643 153 28 perambulator
2266 5643 27 27 by
2310 5650 12 14 a
2343 5650 70 21 young
2418 5643 1 28 >

1863 5678 84 21 brother
1955 5678 18 21 it
1982 5680 35 24 got
2034 5679 132 27 overturned,
2184 5678 40 22 and
2242 5678 36 21 the
2294 5678 54 21 child
2371 5685 40 15 was

1864 5711 81 21 thrown
1954 5718 26 14 on
1990 5711 32 22 his
2031 5713 119 26 arm,which
2169 5719 39 14 was
2217 5711 76 21 broken
2303 5711 64 21 above
2376 5711 35 21 the
2418 5709 1 30 ;

1861 5746 73 23 elbow.
1961 5746 34 23 He
2011 5753 40 16 was
2066 5748 88 27 brought
2171 5748 23 21 to
2214 5746 119 28 Koxburgh,
2345 5746 66 21 where

1863 5783 30 21 Dr
1903 5783 72 21 Mull'n
1986 5783 97 22 attended
2092 5785 22 20 to
2124 5784 49 21 him.

2460 202 26 21 In
2503 209 38 16 our
2558 206 70 24 report
2654 204 23 21 of
2700 205 36 21 the
2755 203 112 27 Roxburgh
2886 201 103 23 Christian

2436 235 123 22 Endeavour
2568 237 60 21 social
2638 238 20 20 in
2669 237 41 21 last
2719 238 60 23 issue,
2790 237 37 21 the
2835 242 61 16 name
2913 235 22 20 of
2947 234 42 20 Mrs

2435 268 28 24 D.
2575 278 40 15 was
2625 271 134 22 accidentally
2777 270 87 23 omitted
2884 269 54 22 from
2954 267 35 22 the

2435 303 37 23 list
2480 304 23 22 of
2512 305 129 26 performers.
2668 305 43 21 Mrs
2721 305 85 21 Watson
2813 303 132 23 contributed
2952 303 36 20 the

2436 340 43 22 solo

2462 386 32 27 By
2510 386 160 22 advertisement
2687 385 109 22 elsewhere
2818 385 36 21 the
2873 382 119 24 Orchestral

2437 420 83 27 Society
2529 427 105 15 announce
2644 427 11 14 a
2672 421 81 20 concert
2771 420 31 20 for
2816 418 107 27 Thursday
2933 419 58 20 next.

2439 454 18 21 A
2466 454 52 27 good
2527 461 127 20 programme
2664 454 17 20 is
2691 454 21 20 in
2731 460 69 14 course
2817 453 22 21 of
2854 452 138 27 preparation,

2439 497 21 15 so
2476 490 105 22 doubtless
2590 497 12 13 a
2614 489 87 25 bumper
2720 489 65 21 house
2804 489 41 21 will
2864 488 78 22 reward
2957 488 36 20 the

2439 527 92 27 society's
2539 526 77 21 efforts.

2463 562 40 21 We
2513 561 67 22 would
2589 561 56 20 draw
2654 560 36 21 the
2700 561 102 20 atten'ion
2813 560 22 21 of
2845 559 35 21 the
2890 559 70 27 public
2969 561 23 18 to

2439 597 35 22 the
2483 597 62 21 Salon
2554 595 184 26 Cinemato<];raphe
2752 595 160 21 entertainment
2922 595 21 20 in
2955 594 38 21 the

2439 632 123 22 Athenasum
2585 630 49 23 Hall
2661 633 119 18 to-morrow
2813 630 92 25 evening.
2946 628 47 21 This

2439 669 17 21 is
2467 675 25 15 an
2500 667 135 28 opportunity
2646 666 66 22 which
2727 666 73 22 should
2810 668 36 19 not
2856 665 24 22 be
2891 665 73 22 misssd
2974 665 19 21 of

2440 705 117 23 witnessing
2566 703 36 21 life
2611 710 76 14 scenes.

2466 750 40 21 We
2515 749 52 22 have
2576 749 52 22 been
2639 748 62 21 asked
2710 749 22 20 to
2746 748 82 27 request
2846 747 51 21 local
2918 754 76 14 owners

2440 785 22 21 of
2472 786 68 20 horses
2550 785 92 24 entering
2651 784 33 20 for
2693 790 56 14 races
2760 785 23 18 to
2793 783 54 20 train
2857 783 57 20 them
2924 789 26 13 on
2960 783 34 19 the

2441 818 59 22 inner
2508 818 65 21 track.
2600 817 60 21 Some
2670 823 78 15 owners
2764 815 51 22 have
2827 816 50 21 been
2887 815 60 26 using
2960 815 34 21 the

2442 861 115 14 racecourse
2567 860 74 20 proper
2652 853 74 26 which,
2736 853 54 20 after
2808 854 68 18 recent
2887 852 61 26 rains,
2959 851 35 21 has

2442 888 50 21 been
2503 889 35 19 cut
2547 894 28 19 up
2585 886 27 26 by
2621 887 35 20 the
2666 886 97 21 exercise.
2790 885 40 20 We
2848 892 34 13 are
2900 892 46 14 sure
2960 885 34 20 the

2442 924 77 19 matter
2528 922 36 21 has
2574 922 39 20 but
2622 923 22 19 to
2653 921 24 21 be
2690 921 117 21 mentioned
2825 922 22 20 to
2866 922 77 20 receive
2956 921 38 20 due

2444 959 110 20 attention.

2469 1006 44 22 The
2522 1007 138 25 Department
2668 1006 22 21 of
2699 1006 79 21 Justice
2797 1005 51 22 have
2866 1005 83 22 notified
2964 1006 33 19 Mr

2445 1041 89 26 Burton,
2551 1040 46 21 who
2611 1040 59 22 acted
2691 1048 21 13 as
2731 1041 173 26 deputy-coroner
2921 1041 22 20 at
2960 1040 37 21 the

2444 1074 85 27 inquest
2539 1081 25 14 on
2574 1074 37 21 the
2619 1074 42 21 late
2672 1074 33 21 Mr
2717 1072 78 23 Gunn's
2807 1074 52 25 body
2870 1074 28 24 (in
2908 1074 58 25 reply
2976 1076 21 17 to

2444 1108 38 22 the
2492 1108 54 21 rider
2558 1107 105 27 regarding
2673 1107 36 21 the
2723 1107 76 21 shelter
2816 1107 51 21 shed
2877 1114 24 14 on
2913 1107 35 21 the
2958 1107 39 21 Old

2444 1145 48 21 Man
2514 1144 78 26 Range,
2616 1143 66 21 which
2704 1142 36 21 the
2757 1143 49 26 jury
2823 1142 66 21 added
2907 1144 20 19 to
2945 1142 53 21 their

2445 1177 88 26 verdict)
2544 1179 22 18 to
2575 1176 36 21 the
2621 1177 61 20 effect
2691 1176 47 21 that
2744 1176 36 21 the
2787 1176 66 21 Mires
2862 1175 136 26 Department

2446 1211 51 21 have
2516 1210 83 26 already
2621 1210 62 20 taken
2701 1209 68 21 action
2788 1208 19 22 in
2829 1209 36 21 the
2882 1210 75 20 matter
2972 1208 26 26 by

2446 1244 87 25 offering
2569 1244 31 20 for
2635 1243 88 20 towards
2732 1243 35 20 the
2776 1243 44 20 cost
2827 1241 21 21 of
2854 1241 101 26 building,
2960 1240 38 22 and

2446 1277 36 21 the
2492 1276 152 27 responsibility
2653 1283 45 14 now
2708 1277 51 20 rests
2769 1276 49 20 with
2827 1274 35 22 the
2871 1274 51 22 local
2931 1274 67 22 bodies

2447 1312 119 22 interested.

2470 1352 21 20 A
2510 1350 56 21 Loch
2585 1350 68 21 Leven
2672 1350 64 25 trout,
2755 1349 25 21 26
2793 1349 69 21 inches
2880 1349 20 21 in
2919 1348 80 25 length,

2446 1383 66 22 which
2523 1390 41 14 was
2573 1382 75 28 caught
2657 1383 22 21 at
2697 1382 55 22 Lake
2771 1381 82 22 Onslow
2869 1389 11 13 a
2899 1380 101 24 fortnight

2445 1427 44 17 ago,
2512 1426 40 14 was
2573 1420 46 20 sent
2642 1420 23 19 to
2686 1418 36 21 the
2740 1418 67 25 Ota?o
2825 1417 173 21 Acclimatisalion

2446 1452 81 26 Society
2541 1453 23 19 to
2573 1452 25 20 be
2613 1451 96 26 reported
2727 1458 33 14 on.
2788 1450 34 20 Mr
2840 1449 108 22 Cockburn
2963 1449 36 20 has

2446 1484 94 21 received
2550 1484 56 21 word
2616 1484 50 20 back
2677 1483 45 21 that
2731 1483 17 21 it
2757 1483 17 20 is
2783 1490 12 12 a
2811 1483 46 20 true
2867 1481 54 21 Loch
2932 1481 67 20 Leven

2446 1522 65 23 trout,
2524 1519 52 21 male
2588 1519 45 25 fish,
2644 1519 36 20 not
2689 1518 21 21 in
2721 1518 52 26 good
2782 1517 104 21 condition
2900 1516 74 26 (which
2983 1516 17 20 is

2446 1554 111 23 accounted
2567 1554 32 21 for
2609 1553 26 26 by
2645 1553 35 22 the
2689 1553 42 20 late
2739 1552 104 27 spawuing
2853 1558 69 14 season
2931 1551 19 20 in
2962 1551 37 20 the

2446 1589 73 27 higher
2528 1588 114 25 altitudes).
2668 1587 44 21 The
2721 1587 77 25 society
2807 1593 33 14 are
2848 1585 84 26 sending
2942 1585 58 26 5,000

2445 1624 55 22 Loch
2511 1624 68 22 Leven
2589 1624 58 21 trout
2656 1622 33 27 fry
2695 1624 22 20 to
2727 1621 25 23 be
2762 1621 70 27 placed
2842 1621 19 21 in
2873 1620 35 22 the
2918 1620 54 23 lake.

2472 1672 49 19 Last
2531 1670 83 25 Sunday
2624 1676 41 13 was
2674 1669 36 20 the
2720 1669 44 19 first
2778 1668 90 20 occa-ion
2887 1674 25 12 on
2934 1667 64 19 which

2446 1706 37 21 the
2492 1706 52 21 Rev.
2560 1705 22 21 J.
2597 1704 22 22 0.
2632 1703 70 27 Small,
2713 1703 36 20 the
2762 1709 45 14 new
2826 1702 32 20 vie
2872 1709 16 16 r,
2900 1701 99 20 officiated

2446 1743 21 18 at
2476 1742 31 20 St.
2517 1739 87 22 James's
2613 1738 89 21 Church.
2729 1738 44 20 The
2781 1737 123 20 attendance
2914 1737 22 19 at
2946 1735 51 21 both

2447 1775 75 20 matins
2531 1773 39 21 and
2580 1778 102 20 evensong
2697 1778 41 14 was
2757 1777 50 19 very
2825 1770 59 26 good.
2912 1771 19 20 A
2947 1777 40 14 com-

2447 1809 83 21 munion
2540 1808 76 21 service
2629 1814 41 14 was
2688 1806 48 21 held
2755 1807 21 20 at
2794 1805 36 21 the
2850 1805 53 20 close
2925 1805 21 20 of
2966 1805 34 20 the

2446 1845 93 24 morning
2562 1843 83 25 service,
2669 1842 40 21 and
2740 1841 21 21 in
2790 1841 37 21 the
2855 1840 107 20 afternoon
2989 1848 13 12 a

2446 1877 109 27 baptismal
2565 1877 76 21 service
2651 1883 40 14 was
2700 1876 47 21 held
2759 1875 19 21 in
2800 1875 36 20 the
2855 1874 84 21 church.
2968 1874 34 21 Mr

2446 1914 64 21 Small
2520 1914 37 21 has
2566 1912 97 23 returned
2673 1914 21 19 to
2708 1911 105 27 Dunedin,
2825 1918 30 14 we
2865 1910 135 26 understand,

2445 1949 37 21 but
2504 1949 37 20 the
2562 1954 82 15 reasons
2665 1947 31 20 for
2721 1947 32 19 his
2783 1946 82 24 leaving
2889 1945 52 20 have
2966 1947 36 18 not

2444 1982 122 28 transpired.

2472 2019 31 21 As
2512 2025 26 14 an
2546 2018 93 21 instance
2652 2017 21 21 of
2687 2016 35 22 the
2734 2016 52 26 folly
2796 2015 22 21 of
2827 2014 95 28 practical
2933 2014 70 27 joking

2446 2061 39 14 one
2494 2054 22 21 of
2527 2060 38 14 our
2574 2053 51 21 local
2636 2052 77 27 youths
2731 2052 35 20 fell
2785 2058 25 13 on
2826 2058 11 13 a
2856 2050 62 26 paich
2936 2057 12 13 a
2963 2050 39 19 few

2446 2090 50 26 days
2514 2095 44 20 ago.
2586 2088 71 21 While
2680 2087 20 21 in
2723 2093 39 14 one
2783 2086 21 21 of
2828 2086 35 20 the
2882 2085 66 20 hotels
2967 2084 37 21 the

2448 2123 137 26 opportunity
2604 2121 96 22 occurred
2718 2120 22 21 of
2757 2119 92 26 showing
2867 2119 32 21 his
2917 2118 48 22 skill
2982 2119 22 20 at

2445 2158 81 26 larking
2536 2158 21 21 in
2573 2158 36 20 the
2619 2164 46 18 way
2684 2156 21 21 of
2722 2156 92 25 drawing
2835 2155 36 20 the
2889 2156 44 19 seat
2951 2154 52 20 from

2446 2193 66 22 under
2521 2200 12 14 a
2542 2200 69 20 young
2628 2192 48 27 lady
2687 2192 44 27 just
2742 2199 21 13 as
2776 2191 36 21 she
2824 2198 39 14 was
2873 2190 63 22 about
2947 2191 22 21 to
2978 2191 26 21 sit

2446 2229 69 26 down,
2526 2229 87 26 thereby
2621 2228 84 25 causing
2715 2227 80 26 enough
2806 2227 69 26 injury
2886 2229 21 17 to
2924 2227 80 25 require

2447 2264 37 21 the
2493 2263 123 21 attendance
2627 2262 22 21 of
2658 2262 36 21 the
2712 2262 73 21 doctor
2803 2261 40 21 and
2853 2261 43 20 also
2907 2268 12 13 a
2928 2261 34 25 big
2971 2261 33 26 dig

2446 2299 59 20 down
2531 2298 44 20 into
2593 2298 32 20 his
2650 2304 61 19 purse
2729 2299 23 18 to
2770 2303 74 20 square
2863 2296 36 20 the
2917 2297 84 21 matter.

2470 2378 30 22 At
2509 2378 36 21 the
2555 2377 69 22 Police
2633 2377 65 22 Court
2708 2384 26 14 on
2744 2376 83 27 Friday,
2845 2376 69 22 before
2925 2376 75 22 Messrs

2447 2414 80 21 Burton
2559 2412 42 22 and
2631 2412 108 26 Cormack,
2771 2412 74 26 J's.P.,
2876 2411 23 23 R.
2925 2412 78 21 Wilson

2447 2446 105 26 upneared
2563 2454 25 14 on
2599 2446 49 27 bail,
2660 2446 87 25 charged
2761 2446 50 20 with
2831 2445 75 25 bavins;
2923 2452 27 14 on
2970 2445 34 21 the

2448 2480 49 23 25th
2514 2480 47 26 ulfc.,
2577 2481 22 21 at
2617 2480 80 27 Benger
2716 2480 54 27 Flat,
2787 2480 86 21 entered
2891 2480 35 21 the
2935 2480 39 21 hut
2984 2479 20 22 of

2449 2515 57 21 Wm.
2517 2515 77 21 Martin
2603 2514 41 21 and
2654 2514 67 21 stolen
2739 2521 12 13 a
2769 2520 61 20 purse
2848 2513 117 26 containing
2974 2513 30 21 8

2448 2550 35 20 14s
2492 2549 40 22 and
2542 2551 42 19 two
2603 2549 59 21 small
2681 2550 85 26 nuggets
2785 2548 21 22 of
2823 2548 54 27 gold.
2903 2548 101 22 Evidence

2446 2585 77 27 having
2534 2585 50 22 been
2592 2585 60 27 given
2662 2584 27 28 by
2700 2585 57 21 Wm.
2766 2584 76 22 Martin
2850 2584 38 21 and
2895 2584 108 21 Constable

2445 2619 81 26 Fouhy,
2537 2619 39 22 and
2586 2619 86 21 accused
2685 2619 111 26 admitting
2813 2619 35 20 the
2858 2618 80 26 charge,
2949 2618 54 20 their

2446 2654 109 24 Worships
2564 2654 119 23 committed
2697 2654 43 22 him
2758 2654 33 21 for
2810 2654 47 21 trial
2867 2654 40 21 and
2916 2653 85 22 allowed

2446 2692 151 21 bailhimself
2606 2692 20 21 in
2642 2690 56 23 IOO
2716 2692 40 21 and
2770 2693 42 20 two
2823 2692 85 21 sureties
2923 2690 21 22 of
2963 2690 40 21 SO

2446 2727 56 26 each,
2513 2726 66 22 which
2590 2733 41 14 was
2640 2726 146 27 forthcoming.

2472 2772 30 21 At
2512 2771 36 22 the
2557 2771 95 27 ordinary
2664 2770 76 22 service
2751 2772 22 19 at
2782 2772 32 21 St.
2827 2770 73 27 Mary's
2911 2770 90 28 Church,

2447 2808 120 25 Roxburgh,
2581 2815 24 13 on
2617 2807 83 26 Sunday
2710 2809 101 24 morning,
2819 2807 35 21 the
2864 2807 52 21 Rev.
2925 2807 78 21 Father

2447 2844 79 26 Coffey,
2550 2842 55 24 prior
2627 2844 22 19 to
2679 2842 32 21 his
2742 2849 87 16 sermon,
2852 2842 90 21 thanked
2966 2842 36 21 the

2447 2878 112 26 Roxburgh
2576 2878 72 27 people
2658 2878 21 21 of
2688 2877 28 22 all
2726 2877 164 22 denominations
2902 2878 45 21 who
2960 2877 41 22 had

2447 2922 22 12 so
2479 2913 121 26 generously
2610 2913 130 21 contributed
2756 2913 83 19 articles
2855 2912 41 21 and
2907 2913 19 19 in
2942 2913 60 19 other

2448 2955 54 21 ways
2508 2948 84 21 assisted
2604 2948 88 21 towards
2701 2947 95 26 ensuring
2805 2947 35 21 the
2847 2954 78 14 success
2935 2947 22 21 of
2965 2947 36 20 the

2448 2983 137 28 forthcoming
2609 2983 72 22 bazaar
2702 2984 22 20 at
2746 2983 78 21 Millars
2848 2983 54 22 Flat.
2942 2983 57 21 Non-

2448 3019 104 21 Catholics
2562 3026 21 13 as
2593 3019 46 20 well
2648 3026 22 12 as
2683 3018 104 21 Catholics
2796 3018 40 20 had
2846 3018 70 20 shown
2927 3025 12 13 a
2948 3019 53 19 most

2449 3062 96 18 generous
2559 3054 65 27 spirit,
2635 3054 39 21 and
2692 3061 25 13 on
2736 3053 70 21 behalf
2825 3053 22 21 of
2866 3053 36 20 the
2921 3053 79 21 Millers

2450 3091 47 20 Flat
2511 3090 141 27 congregation
2670 3089 27 21 he
2714 3089 89 23 heartily
2824 3089 90 21 thanked
2934 3089 66 22 them.

2450 3125 34 19 He
2502 3124 42 20 also
2561 3123 92 20 thanked
2663 3123 36 20 the
2709 3122 111 26 Roxburgh
2830 3123 60 20 Brass
2900 3123 58 20 Band
2968 3123 32 20 for

2450 3157 55 21 their
2513 3156 96 21 kindness
2619 3156 20 21 in
2650 3156 111 26 promising
2770 3157 22 19 to
2801 3156 25 20 be
2836 3157 89 24 present.

2476 3205 33 21 An
2518 3205 34 20 act
2566 3204 47 21 that
2630 3203 40 22 had
2688 3203 36 21 the
2743 3209 125 20 appearance
2883 3202 22 22 of
2920 3204 80 21 wanton

2450 3238 123 21 larrikinism
2584 3237 97 22 occurred
2695 3238 22 20 at
2727 3237 77 21 Millers
2813 3237 47 21 Flat
2869 3237 40 21 last
2926 3237 75 26 Friday

2450 3271 93 27 evening.
2569 3270 43 21 The
2622 3270 60 21 drum
2692 3270 107 26 belonging
2809 3272 21 19 to
2838 3270 36 21 the
2884 3270 51 21 local
2946 3270 55 21 brass

2450 3306 53 23 band
2514 3306 54 27 (who
2579 3313 52 14 were
2645 3306 82 28 present
2746 3308 22 19 at
2784 3305 36 22 the
2839 3306 82 21 concert
2930 3313 24 14 on
2965 3305 36 22 the

2450 3342 97 25 occasion)
2556 3343 36 24 got
2602 3342 43 25 cut,
2656 3341 40 21 and
2706 3341 18 21 it
2733 3348 40 14 was
2782 3343 22 19 at
2821 3341 45 21 first
2878 3341 88 26 thought
2980 3343 22 19 to

2450 3377 51 22 have
2519 3376 51 23 been
2590 3376 53 22 done
2662 3376 148 27 maliciously.',
2823 3376 40 21 We
2880 3376 53 22 have
2951 3376 52 22 been

2449 3412 107 28 requested
2578 3411 28 28 by
2627 3411 37 22 the
2687 3412 103 27 secretary
2811 3411 21 22 of
2859 3412 36 21 the
2919 3413 81 20 concert

2448 3446 117 22 committee
2581 3446 22 20 to
2618 3452 35 20 say
2671 3445 47 22 that
2735 3445 27 22 he
2781 3445 17 21 is
2817 3445 21 21 in
2847 3452 13 14 a
2878 3446 87 26 position
2981 3447 22 20 to

2448 3480 115 21 contradict
2572 3480 170 25 authoritatively
2753 3480 36 21 the
2798 3480 99 21 assertion
2906 3480 47 21 that
2963 3480 35 21 the

2448 3513 60 22 drum
2519 3520 40 14 was
2576 3515 37 20 cut
2628 3513 152 27 intentionally.
2807 3513 43 22 The
2866 3513 130 22 bandmaster

2448 3547 22 21 of
2479 3547 36 21 the
2525 3546 51 22 local
2585 3546 54 23 band
2648 3547 43 21 also
2700 3548 64 21 states
2773 3546 47 22 that
2828 3547 25 21 he
2860 3547 16 21 is
2884 3547 23 21 of
2916 3547 82 26 opinion

2448 3581 37 21 the
2492 3580 60 22 drum
2563 3587 39 15 was
2615 3581 82 26 injured
2706 3580 142 26 accidentally.

2474 3619 19 21 A
2502 3618 160 27 correspondent
2671 3619 53 21 from
2732 3619 36 21 the
2775 3619 115 21 Beaumont
2900 3618 100 22 writes:

2448 3652 40 22 For
2497 3652 36 22 the
2542 3652 40 22 last
2601 3652 73 22 month
2692 3653 37 22 the
2747 3653 74 21 Messrs
2839 3653 85 27 Rooney
2944 3653 57 21 Bros,

2448 3688 52 22 have
2511 3688 50 22 been
2576 3689 90 27 engaged
2676 3689 21 21 in
2715 3689 95 28 painting
2827 3689 41 22 and
2885 3689 116 26 decorating

2449 3724 32 21 Mr
2492 3724 29 22 H.
2532 3724 104 21 Crossan's
2646 3724 75 26 Bridge
2739 3724 71 22 Hotel.
2838 3724 43 21 The
2899 3723 57 22 hotel
2966 3723 37 21 has

2448 3759 51 21 been
2509 3759 83 26 painted
2601 3759 66 21 inside
2676 3759 40 21 and
2725 3760 45 26 out,
2779 3759 40 22 and
2826 3760 17 21 it
2853 3759 16 21 is
2881 3759 92 21 needless
2980 3760 22 19 to

2448 3799 34 20 say
2492 3792 47 21 that
2548 3792 36 22 the
2602 3792 66 21 result
2686 3792 17 22 is
2721 3792 72 27 highly
2813 3792 112 22 cre.litable
2935 3793 22 20 to
2966 3791 36 20 the

2448 3828 74 21 Messrs
2531 3828 93 26 Rooney.
2650 3828 43 22 The
2712 3828 79 26 ground
2810 3828 70 21 colour
2897 3828 16 20 is
2931 3833 11 14 a
2958 3826 42 21 rich

2447 3861 51 22 dark
2516 3861 85 28 salmon,
2615 3861 41 22 and
2674 3862 16 21 is
2709 3862 89 22 relieved
2812 3862 48 21 with
2878 3862 66 21 white
2962 3861 39 21 and

2447 3898 50 21 dark
2507 3897 80 22 shades.
2614 3897 44 22 The
2667 3898 59 21 doors
2735 3898 20 21 in
2771 3898 35 21 the
2826 3898 54 21 main
2894 3897 41 21 hall
2947 3897 52 20 have

2450 3931 51 21 been
2512 3929 84 26 grained
2606 3930 21 22 in
2637 3930 102 22 imitation
2751 3930 22 22 of
2782 3931 115 26 mahogany
2906 3929 38 23 and
2954 3929 47 27 oak,

2448 3966 40 21 ami
2500 3966 37 21 the
2545 3965 51 22 door
2605 3966 22 21 of
2639 3966 36 21 the
2693 3966 84 25 parlour
2791 3966 15 21 is
2825 3964 176 28 walnut-grained.

2447 4001 44 21 The
2500 4001 96 22 staircase
2605 4000 37 22 has
2651 4001 43 22 also
2704 4001 50 22 been
2763 4001 67 27 nicely
2840 4000 90 27 painted.
2957 4000 43 21 The

2448 4036 52 21 total
2513 4036 97 26 quautity
2629 4036 21 22 of
2659 4037 59 26 paint
2726 4037 51 21 used
2789 4044 38 13 was
2838 4037 89 20 between
2937 4035 65 26 4scwt

2447 4069 40 20 and
2497 4070 60 25 scwt,
2567 4069 41 21 and
2617 4069 59 21 there
2686 4076 40 14 was
2736 4070 43 21 also
2797 4069 51 22 used
2863 4069 23 21 15
2897 4068 76 27 gallons
2982 4067 22 21 of

2451 4102 27 22 oil
2493 4102 40 22 and
2542 4103 13 22 6
2569 4102 77 27 gallons
2655 4103 23 21 of
2685 4105 67 26 turps.

2472 4150 30 20 At
2516 4157 12 13 a
2537 4149 153 22 well-attended
2708 4151 90 23 meeting
2813 4150 21 19 of
2843 4149 37 20 the
2888 4147 116 24 Roxburgh

2449 4184 49 22 Gun
2520 4183 61 28 Club,
2604 4183 49 22 held
2679 4190 27 15 on
2728 4183 103 28 Saturday
2853 4183 87 26 evening
2961 4181 42 27 (Mr

2448 4220 108 26 Campbell
2565 4220 22 20 in
2596 4220 36 20 the
2641 4220 72 26 cbair),
2728 4221 18 19 it
2763 4227 40 13 was
2820 4219 84 21 decided
2923 4225 27 14 on
2968 4218 36 20 the

2447 4253 78 21 motion
2534 4253 22 21 of
2566 4253 73 21 Messrs
2648 4253 56 21 John
2714 4253 73 21 Elliott
2797 4253 41 21 and
2848 4252 24 22 D.
2886 4251 115 21 Robertson

2457 4285 4 27 '
2469 4287 54 21 That
2533 4286 35 22 the
2577 4286 49 22 club
2634 4286 49 22 hold
2693 4294 12 13 a
2711 4287 90 25 meeting
2810 4293 26 14 on
2846 4285 110 26 Saturday,
2971 4285 30 20 Ist

2446 4324 99 25 January,
2563 4323 56 27 1898,
2630 4323 39 21 and
2682 4323 47 21 that
2748 4322 36 21 the
2801 4322 92 26 Tapanui
2912 4321 48 21 club
2978 4321 25 20 be

2448 4357 62 21 asked
2521 4359 23 19 to
2553 4357 50 21 send
2612 4364 12 14 a
2634 4359 54 19 team
2702 4357 23 19 to
2743 4357 93 24 compete
2856 4355 50 21 with
2923 4362 12 13 a
2953 4354 50 21 local

2447 4394 63 21 team,
2523 4391 57 21 there
2590 4393 22 19 to
2628 4391 25 20 he
2667 4392 37 19 not
2712 4390 40 21 less
2761 4390 50 21 than
2826 4390 39 21 five
2875 4397 46 13 men
2931 4396 12 14 a
2953 4389 48 25 side,

2447 4425 35 21 the
2492 4426 68 21 match
2572 4427 22 21 to
2603 4425 25 21 be
2637 4425 49 21 fired
2697 4427 22 19 at
2729 4432 100 18 sparrows
2839 4425 20 26 (7
2869 4425 56 21 biids
2936 4423 67 26 each),

2447 4461 92 21 distance
2556 4462 25 20 21
2600 4461 67 27 yards.
2695 4461 44 20 The
2756 4460 106 25 following
2880 4460 124 21 resolutions

2452 4502 51 13 were
2512 4496 43 19 also
2565 4496 93 26 passed
2662 4495 54 20 That
2725 4495 59 20 there
2799 4495 25 20 be
2840 4502 12 13 a
2870 4494 132 27 sweepstake,

2449 4537 51 19 open
2510 4533 60 24 entry
2580 4531 41 24 10s,
2631 4531 12 20 5
2654 4529 56 21 birds
2719 4530 58 26 each,
2787 4530 58 20 three
2863 4530 65 25 prizes
2937 4536 5 18 ;
2956 4529 47 21 that

2449 4566 58 21 there
2518 4565 24 22 be
2552 4573 12 14 a
2573 4564 100 28 handicap
2680 4565 126 26 sweepstake
2817 4564 75 27 match,
2905 4566 60 24 entry
2972 4564 28 26 ss,

2450 4602 45 23 clay
2505 4602 84 25 targets,
2599 4601 13 20 8
2620 4602 77 23 targets
2706 4599 56 26 each,
2770 4602 41 18 two
2821 4600 64 25 prizes
2895 4607 5 17 ;
2917 4600 46 20 that
2970 4600 34 21 the

2448 4636 56 21 third
2513 4635 66 21 round
2592 4634 33 21 for
2643 4634 36 20 the
2697 4633 108 27 champion
2829 4633 46 26 gold
2895 4634 66 21 medal
2978 4634 24 21 be

2448 4669 49 22 fired
2507 4676 25 14 on
2542 4668 109 27 Saturday,
2660 4666 49 22 19th
2720 4666 106 27 February
2834 4674 5 18 ;
2852 4667 47 21 that
2911 4667 58 22 there
2980 4667 24 21 bo

2448 4711 12 13 a
2471 4703 88 28 practice
2567 4701 69 22 match
2646 4707 27 15 on
2682 4700 36 22 the
2728 4700 50 21 18th
2790 4700 48 21 inst.

2472 4749 20 22 A
2500 4747 105 28 dastardly
2612 4747 33 21 act
2654 4752 39 16 was
2702 4745 120 22 committed
2833 4746 22 20 at
2864 4746 78 22 Millers
2953 4747 47 21 Flat

2448 4783 57 27 early
2530 4784 40 21 last
2590 4782 102 26 Saturday
2713 4781 102 26 morning,
2839 4780 57 21 when
2917 4789 12 13 a
2954 4782 49 21 boat

2450 4818 109 27 belonging
2580 4819 22 20 to
2619 4817 74 22 Messrs
2713 4816 28 21 R.
2761 4815 61 21 Kitto
2843 4815 40 21 and
2902 4815 40 21 Son
2964 4823 39 14 was

2450 4853 135 27 deliberately
2594 4851 74 24 turned
2684 4851 71 22 adrift.
2783 4851 22 21 It
2822 4850 16 21 is
2856 4850 99 23 surmised
2966 4851 36 21 the

2448 4891 35 21 act
2496 4896 41 15 was
2546 4888 120 23 committed
2682 4887 27 27 by
2719 4893 94 15 someone
2823 4885 85 26 wishing
2917 4888 22 18 to
2949 4893 54 14 cross

2450 4925 40 21 the
2502 4925 54 20 river
2565 4924 53 21 after
2626 4923 36 21 the
2679 4923 70 24 dance,
2761 4921 52 25 who,
2824 4920 54 20 after
2887 4920 71 26 taking
2967 4921 35 21 the

2448 4959 49 21 loan
2507 4959 22 21 of
2537 4958 36 22 the
2582 4958 56 25 boat,
2655 4957 31 21 let
2699 4956 36 20 her
2754 4955 37 21 sail
2808 4954 59 22 down
2886 4954 36 22 the
2940 4956 61 21 river.

2450 4993 43 22 The
2511 4992 40 22 loss
2568 4992 22 22 of
2612 4992 35 22 the
2664 4990 48 22 boat
2728 4989 74 27 (which
2820 4989 36 21 has
2876 4989 54 22 since
2949 4989 51 22 been

2451 5027 117 21 discovered
2577 5033 26 15 on
2610 5033 12 15 a
2630 5025 48 22 rock
2688 5030 48 15 near
2742 5023 37 21 the
2788 5023 121 23 Beaumont,
2918 5023 78 27 utteily

2452 5062 108 26 wrecked),
2570 5061 21 22 in
2603 5059 67 22 which
2679 5058 58 22 there
2747 5065 52 14 were
2818 5058 39 21 five
2874 5057 59 26 oars),
2953 5057 17 21 is
2989 5064 12 15 a

2451 5104 52 20 very
2516 5095 137 24 considerable
2663 5100 38 16 one
2710 5095 23 20 to
2740 5093 36 21 the
2794 5092 74 22 Messrs
2886 5092 68 27 Kitto,
2969 5092 32 22 for

2450 5133 80 22 besides
2538 5133 27 21 its
2580 5132 106 25 monetary
2694 5129 67 27 value,
2779 5128 17 22 it
2812 5135 40 14 was
2871 5128 61 26 being
2949 5128 51 22 used

2449 5166 56 28 daily
2514 5166 28 27 by
2552 5166 37 21 the
2597 5170 77 17 owners
2683 5163 21 21 in
2713 5162 88 25 crossing
2819 5161 36 21 the
2872 5163 60 20 river.
2963 5162 37 21 We

2450 5200 78 22 believe
2537 5199 36 23 the
2582 5199 76 23 matter
2666 5197 17 22 is
2692 5196 19 22 in
2721 5195 35 22 the
2765 5194 65 23 hands
2843 5194 21 22 of
2881 5194 35 22 the
2925 5195 73 28 police,

2448 5236 42 21 and
2500 5236 18 20 it
2526 5236 18 20 is
2552 5237 23 19 to
2583 5234 26 21 be
2626 5232 67 27 hoped
2709 5230 37 21 the
2765 5232 139 24 perpetrators
2923 5230 40 21 will
2974 5231 25 20 be

2451 5269 89 26 brought
2552 5269 23 21 to
2582 5267 81 28 justice.

2473 5312 106 27 Certainly
2592 5311 36 22 the
2641 5310 54 22 most
2708 5308 94 22 effective
2812 5306 98 22 medicine
2924 5308 19 21 in
2955 5308 37 22 the

2444 5348 63 22 world
2525 5348 17 21 is
2559 5346 115 23 SANDER
2685 5344 41 22 and
2742 5341 76 24 SONS'
2834 5341 160 24 EUCALYPTI

2444 5381 137 23 EXTRACT.
2608 5380 48 22 Test
2663 5379 27 21 its
2696 5375 112 27 eminently
2815 5375 98 27 powerful
2921 5376 74 22 effects

2446 5417 22 21 in
2481 5416 82 26 coughs,
2573 5414 62 26 colds,
2645 5413 114 24 influenaa,
2779 5410 37 21 the
2825 5409 58 22 relief
2891 5410 17 20 is
2918 5410 66 22 instan-

2443 5451 92 19 taneous.
2566 5449 26 20 In
2605 5447 77 22 serious
2691 5451 55 16 cases
2758 5443 41 22 and
2811 5443 103 21 Occidents
2928 5444 21 20 of
2964 5444 29 21 all

2446 5482 68 25 kinds,
2524 5481 26 21 be
2558 5482 51 25 they
2618 5478 93 26 wounds,
2719 5478 70 21 burns,
2796 5475 106 25 scalding,
2917 5476 78 21 bruises

2456 5516 77 27 prains,
2542 5516 17 22 it
2567 5516 18 22 is
2592 5516 37 22 the
2637 5514 62 23 safest
2707 5511 135 28 remedyno
2851 5510 144 26 swellingno

2446 5551 159 21 inflammation.
2632 5551 51 21 Like
2691 5548 111 27 surprising
2811 5546 72 21 effects
2891 5544 104 26 produued

2448 5584 21 21 in
2484 5592 71 20 croup,
2564 5584 110 28 diptberia.
2686 5581 117 25 bronchitis,
2813 5578 148 23 inflammation
2974 5579 21 21 of

2449 5612 37 21 the
2508 5613 68 26 lungs,
2591 5612 109 26 swellings,
2707 5612 40 20 etc.
2765 5608 108 25 diarrhoea,
2886 5606 100 26 dysentry

2446 5639 89 22 diseases
2544 5641 22 20 of
2575 5640 36 21 the
2623 5640 86 25 kidneys
2717 5637 40 22 and
2770 5635 81 26 urinary
2860 5640 78 20 organs.
2966 5634 26 20 In

2448 5660 2 33 i
2460 5670 50 17 seat
2514 5666 30 22 all
2550 5666 99 27 hospitals
2654 5666 40 21 and
2701 5663 84 22 medical
2790 5663 75 22 clinics,
2877 5661 89 26 patronis
2978 5660 14 22 d

2446 5692 28 28 by
2481 5694 40 21 Bis
2530 5694 88 27 Majesty
2627 5694 38 21 the
2673 5692 56 27 King
2738 5691 21 22 of
2768 5690 64 27 Italy,
2841 5687 92 24 crowned
2947 5687 47 22 *ith

2447 5722 65 21 medal
2522 5722 41 21 and
2571 5722 92 27 diploma
2670 5722 23 20 at
2703 5717 148 24 International
2865 5715 125 28 Exhibition,

2446 5749 139 22 Amsterdam.
2611 5749 64 22 Trust
2683 5750 22 20 in
2714 5746 41 23 this
2764 5745 102 27 approved
2874 5743 70 22 article
2951 5743 41 22 and

2444 5777 66 26 reject
2518 5776 29 22 all
2556 5778 76 21 others.
2994 5776 1 27 .

3045 199 43 20 Our
3099 198 107 21 Lawrence
3215 197 158 23 correspondent
3384 198 62 19 wrote
3454 202 27 15 on
3490 195 36 21 the
3534 194 38 22 Bth

3019 233 119 22 inst.The
3148 231 133 27 cyclinzclub
3289 233 68 25 sports
3365 238 35 14 are
3409 232 22 19 to
3441 230 79 22 beheld
3530 229 43 21 this

3020 267 115 27 afternoon,
3155 266 41 22 and
3218 265 86 29 judging
3325 264 54 22 from
3394 264 35 21 the
3447 263 87 22 number
3551 261 23 23 of

3020 302 76 20 entries
3108 301 40 21 aod
3161 301 35 21 the
3205 301 86 21 interest
3299 299 71 21 shown
3381 299 26 26 by
3416 299 88 26 cyclists,
3511 298 63 27 quick

3020 338 51 20 time
3079 338 41 20 and
3129 337 53 21 close
3193 336 83 21 finishes
3286 335 42 21 will
3342 335 24 21 be
3384 334 36 22 the
3438 334 59 21 order
3505 334 22 21 of
3538 333 36 21 the

3020 371 108 27 day.Mr
3137 371 44 20 Jas.
3191 371 54 20 Kerr
3255 370 35 20 has
3309 369 92 20 received
3419 367 68 21 notice
3497 372 21 15 to
3528 374 34 19 pro-

3022 407 48 21 ceed
3079 409 22 19 to
3111 407 63 21 Kelso
3183 406 22 21 in
3224 405 35 21 the
3276 411 71 15 course
3356 404 22 20 of
3395 410 12 14 a
3427 402 40 21 few
3485 402 55 26 days,
3553 409 22 14 so

3022 444 46 21 that
3078 443 26 21 he
3125 442 41 21 will
3185 442 25 20 be
3227 440 94 22 installed
3340 439 21 21 in
3380 439 32 20 his
3427 445 46 14 new
3483 440 92 25 quarters

3022 477 69 21 before
3102 477 35 20 the
3149 475 37 21 end
3195 475 22 21 of
3226 475 35 21 the
3271 480 55 20 year.
3333 473 96 21 -Messrs
3439 472 85 26 Murray
3534 470 40 21 and

3024 513 59 25 r.arty
3097 511 40 20 had
3156 510 37 21 the
3204 509 121 21 misfortune
3336 510 22 18 to
3376 507 51 20 have
3438 506 54 21 their
3501 505 74 26 dredge

3024 546 60 21 silted
3099 546 45 20 firm
3160 545 27 26 by
3199 545 35 20 the
3248 545 69 19 recent
3330 543 71 25 floods,
3411 541 41 21 and
3460 541 117 26 operations'

3023 583 54 20 since
3086 581 52 20 have
3147 581 51 20 been
3208 582 21 18 at
3238 586 11 14 a
3257 578 172 21 standstill.Mr
3434 577 46 20 Jas.
3488 575 74 21 Robert-

3023 623 35 14 son
3077 616 77 21 started
3174 615 58 21 three
3254 614 61 21 shifts
3339 612 60 27 going
3417 619 24 13 on
3461 611 63 21 board
3542 610 32 21 his

3024 652 73 26 dredge
3106 658 24 14 on
3142 651 96 26 Monday,
3249 649 37 21 but
3295 656 39 13 was
3342 647 111 26 compelled
3464 649 22 18 to
3495 648 47 24 stop
3552 647 22 19 to

3024 687 51 21 have
3085 687 35 21 the
3131 687 66 26 piston
3206 684 180 27 re-ringed.The
3394 684 44 21 first
3448 684 54 26 pr'ze
3511 682 35 21 list
3556 682 21 21 of

3025 722 35 20 the
3071 722 97 24 Tuapeka
3178 720 142 26 Agricultural
3330 719 97 25 Society's
3440 718 55 20 show
3505 718 17 20 is
3531 724 44 14 now

3024 758 43 25 out,
3091 755 40 23 and
3153 757 17 21 is
3193 763 11 14 a
3226 762 50 19 very
3307 753 110 23 creditable
3447 752 128 27 production,

3024 799 15 12 n
3046 792 82 24 fleeting
3133 792 57 24 great
3197 786 64 25 credit
3267 797 25 13 on
3303 790 36 20 the
3347 789 126 20 committee.
3484 788 91 21 Granted

3025 828 39 21 fine
3073 826 95 27 weather,
3179 826 55 22 show
3244 826 39 27 day
3293 825 54 21 must
3363 824 51 22 rank
3426 831 21 15 as
3457 830 38 16 one
3504 823 22 22 of
3535 823 35 22 the

3025 865 52 20 most
3086 864 112 25 important
3205 862 92 20 holidavs
3306 861 22 21 of
3336 861 36 21 the
3382 867 78 15 season.

3029 945 78 42 New
3126 944 125 42 Roman
3274 939 151 47 Catholic
3445 941 131 44 Church

3154 1004 34 36 at
3217 999 124 40 Millers
3370 997 79 42 Flat.

3107 1101 117 21 BAZAAR
3236 1100 33 22 IN
3282 1101 51 21 AID
3346 1100 36 22 OF
3394 1099 103 22 FUNDS.

3056 1162 19 20 A
3094 1161 80 21 zealous
3192 1160 39 21 and
3252 1160 101 21 ener.etic
3370 1167 57 19 corps
3447 1160 19 20 of
3484 1160 62 20 ladies
3559 1162 21 17 at

3031 1193 78 21 Millers
3125 1193 54 24 Flat,
3190 1193 105 20 Lawrence
3306 1193 39 20 and
3355 1193 111 25 Roxburgh
3481 1193 52 20 have
3549 1192 32 21 for

3033 1233 57 14 some
3099 1228 81 19 months
3190 1228 45 24 past
3245 1227 50 19 been
3309 1226 90 25 working
3408 1226 32 20 for
3448 1233 12 13 a
3469 1227 71 19 bazaar
3550 1226 31 20 for

3031 1261 36 20 the
3079 1261 63 20 above
3153 1260 118 20 mentioned
3281 1267 97 19 purpose,,
3389 1260 41 21 and
3445 1260 40 20 last
3496 1260 86 25 evening

3032 1296 36 21 the
3078 1296 74 20 results
3161 1294 22 21 of
3193 1295 54 21 their
3256 1294 81 22 labour*
3346 1301 52 15 were
3405 1294 104 22 exhibited
3520 1297 20 18 to
3546 1294 36 22 the

3033 1330 69 26 public
3113 1330 20 20 in
3143 1330 36 20 the
3187 1329 79 21 Millers
3275 1329 46 21 Flat
3335 1329 131 26 Athenasum,
3478 1329 58 20 wh*n
3547 1329 35 20 the

3031 1363 73 20 bazaar
3116 1369 39 14 was
3165 1362 94 26 formally
3269 1363 85 24 opened.
3382 1363 65 20 There
3457 1369 40 13 was
3506 1369 12 13 a
3527 1362 55 25 large

3034 1398 131 27 attendance,
3184 1398 104 27 including
3302 1398 71 27 people
3389 1397 52 21 from
3459 1397 28 21 all
3496 1399 56 25 parts
3561 1397 21 21 of

3028 1434 36 20 the
3078 1434 89 25 district,
3177 1434 38 20 and
3226 1434 36 20 the
3271 1434 39 20 fair
3321 1434 46 20 stall
3377 1434 82 20 holders
3467 1435 56 18 must
3532 1433 50 20 have

3028 1469 76 25 reaped
3115 1476 11 13 a
3136 1468 73 26 golden
3220 1468 82 21 harvest
3309 1468 16 21 if
3332 1475 10 13 a
3349 1468 104 26 charming
3459 1474 124 20 appearance

3028 1503 41 21 and
3079 1510 12 14 a
3104 1503 51 27 good
3165 1504 57 20 stock
3231 1503 21 21 of
3260 1503 114 26 persuasive
3383 1503 110 27 eloquence
3504 1503 73 21 tended

3032 1536 20 21 in
3069 1537 47 21 that
3133 1536 105 22 direction.
3266 1537 42 20 The
3325 1537 76 20 Rector
3418 1536 22 21 of
3458 1537 36 20 the
3513 1536 68 26 parish

3031 1572 61 25 (Rev.
3105 1572 76 20 Father
3194 1571 97 26 O'Learv)
3300 1571 79 26 opened
3396 1571 35 21 the
3445 1571 72 21 bazaar
3526 1571 49 20 with

3027 1614 30 14 an
3066 1607 129 28 appropriate
3210 1606 80 28 speech,
3301 1607 20 21 in
3333 1606 65 21 which
3407 1606 26 21 he
3445 1606 90 21 thauked
3549 1606 29 22 all

3027 1642 105 20 Catholics
3141 1641 40 20 and
3196 1641 151 20 non-Catholics
3363 1641 44 19 who
3420 1641 40 19 had
3476 1648 21 12 so
3509 1648 57 17 geuer-

3027 1674 60 24 onsly
3097 1673 129 20 contributed
3236 1675 21 17 to
3266 1672 36 20 the
3313 1679 77 13 success
3408 1672 21 19 of
3448 1672 37 20 the
3503 1672 80 20 bazaar.

3028 1707 33 20 He
3074 1706 40 20 had
3126 1705 82 24 already
3218 1705 20 20 in
3249 1705 55 20 hand
3313 1705 62 19 about
3385 1704 52 20 l4O
3447 1705 87 19 towaids
3544 1704 35 20 tha

3029 1748 44 13 new
3084 1739 84 24 church,
3179 1740 40 19 and
3229 1740 25 19 he
3262 1739 65 25 hoped
3337 1745 48 13 soon
3395 1739 34 19 the
3437 1739 141 25 congregation

3029 1774 22 21 of
3071 1773 76 21 Millers
3164 1773 47 20 Flat
3229 1772 66 20 would
3313 1771 51 21 have
3381 1778 12 14 a
3404 1778 49 19 very
3471 1771 110 21 handsome

3036 1806 84 21 church.
3147 1806 33 20 He
3190 1804 49 21 then
3249 1804 94 26 formally
3361 1804 94 21 declared
3469 1804 37 21 the
3514 1804 72 21 bazaar

3032 1847 63 19 open.
3123 1840 96 20 Pressure
3227 1846 26 12 on
3273 1845 36 14 our
3324 1844 58 19 space
3391 1838 77 20 forbids
3477 1845 12 13 a
3497 1838 89 21 detailed

3031 1874 88 20 account
3128 1872 22 21 of
3159 1872 35 21 the
3204 1879 62 19 many
3273 1871 100 21 beautiful
3379 1871 81 21 articles
3471 1871 112 25 exhibited,

3031 1909 40 21 and
3081 1908 48 21 here
3139 1909 16 20 it
3164 1915 46 18 may
3220 1907 25 21 be
3254 1907 43 21 said
3316 1907 34 21 the
3368 1907 80 26 display
3467 1907 21 21 of
3506 1907 79 21 artistic

3031 1945 40 19 and
3087 1943 67 20 useful
3172 1943 61 25 goods
3250 1943 67 19 would
3328 1943 26 19 do
3371 1942 65 20 credit
3454 1944 21 18 to
3492 1949 12 13 a
3522 1943 61 19 much

3033 1978 67 25 larger
3109 1976 103 26 township
3227 1975 51 21 than
3296 1975 78 21 Millers
3390 1976 53 20 Flat.
3471 1974 37 23 Wa
3526 1976 59 27 have,

3031 2013 102 26 however,
3144 2011 62 22 noted
3222 2013 22 19 at
3262 2011 83 22 random
3361 2019 55 13 some
3426 2011 22 21 of
3459 2011 35 22 the
3504 2012 82 22 articles

3032 2049 47 21 that
3094 2048 76 22 cauaht
3179 2048 35 21 the
3222 2055 37 18 eye
3269 2048 21 19 in
3307 2048 37 19 the
3361 2048 80 20 various
3451 2048 65 20 stalls.
3543 2048 43 21 The

3032 2082 37 22 list
3079 2083 20 20 of
3109 2082 57 21 stalls
3176 2082 17 20 is
3202 2088 22 14 as
3231 2081 79 21 fellows
3319 2088 30 14 :

3140 2121 57 22 THE
3211 2119 161 22 LAWRENCE
3385 2121 95 27 STALL,

3036 2158 66 21 which
3112 2158 17 21 is
3138 2158 45 20 first
3192 2164 24 12 on
3227 2156 92 26 entering
3335 2157 35 20 the
3388 2157 56 27 door,
3460 2158 17 19 is
3494 2157 93 26 presided

3037 2193 49 15 over
3095 2186 26 27 hy
3131 2186 49 20 Miss
3190 2184 108 26 Roughan,
3308 2184 85 22 assisted
3403 2184 25 25 by
3437 2185 69 20 Misses
3517 2185 69 26 Airey,

3036 2215 53 20 Hart
3103 2214 40 20 and
3156 2212 100 25 Delaney.
3283 2212 31 20 On
3331 2212 41 21 this
3387 2212 46 21 stall
3444 2220 29 13 we
3483 2212 80 21 noticed
3576 2220 12 13 a

3033 2241 112 22 handsoite
3164 2239 54 20 hand
3237 2238 85 26 painted
3340 2239 73 20 mirror
3428 2240 66 24 panel,
3514 2239 39 26 gift
3566 2239 22 20 of

3036 2270 52 20 Rev.
3097 2267 22 23 F.
3132 2266 89 27 O'Neill,
3232 2265 75 22 Milton
3318 2273 5 18 ;
3333 2265 56 22 hand
3399 2266 82 26 painted
3492 2266 60 27 panel
3561 2273 26 14 on

3032 2296 64 22 wood,
3120 2296 27 24 by
3171 2294 35 21 the
3237 2294 122 20 Dominican
3380 2301 61 19 nuns,
3462 2295 122 23 Liwrence;

3032 2323 110 22 occasional
3152 2322 62 25 chair,
3224 2328 95 13 a'ascene
3330 2321 83 21 worked
3430 2322 58 26 back,
3499 2322 27 25 by
3537 2322 49 19 Miss

3032 2350 113 26 Roughan;
3161 2349 61 21 silver
3232 2350 54 19 toast
3299 2348 49 21 rack
3357 2348 40 21 and
3418 2348 52 27 jelly
3486 2348 53 25 dish,
3550 2348 38 26 gift

3032 2379 21 21 of
3067 2379 42 20 Mrs
3119 2378 91 25 Delaney
3220 2383 5 17 ;
3241 2376 77 21 beaded
3337 2376 82 21 bracket
3438 2376 40 22 and
3494 2378 34 19 tea
3542 2383 46 20 cosy

3032 2406 40 21 and
3082 2405 82 21 cushion
3186 2405 20 20 in
3225 2404 131 24 Kensington
3368 2404 137 26 embroidery,
3516 2404 28 26 by
3554 2404 34 21 the

3032 2433 120 22 Dominican
3172 2438 60 18 nuns,
3249 2431 121 27 Lawrence;
3394 2431 94 27 cushion,
3500 2435 31 17 tea
3542 2438 46 20 cosy

3031 2462 39 21 and
3081 2461 93 24 smoking
3183 2467 37 18 cap
3230 2459 21 21 in
3261 2459 129 25 Kensington
3401 2459 138 26 embroidery,
3559 2459 26 26 by

3035 2490 46 20 Miss
3100 2489 67 24 Hart;
3183 2487 115 25 nightdress
3317 2487 38 25 bag
3368 2487 21 20 in
3410 2487 58 26 ivory
3479 2487 63 26 work,
3561 2486 26 23 by

3033 2517 48 21 Miss
3095 2516 24 21 L.
3138 2515 110 24 Johnston,
3269 2513 115 26 Lawrencft,
3409 2514 42 20 also
3472 2514 54 25 large
3545 2513 43 22 iced

3031 2545 49 20 cake
3088 2550 5 19 ;
3107 2543 76 21 mantel
3194 2542 62 26 drape
3263 2541 21 21 in
3291 2541 65 21 raised
3365 2541 60 27 plush
3434 2541 63 26 work,
3506 2541 26 25 by
3545 2541 42 21 Mrs

3034 2572 82 24 Heron;
3139 2570 84 22 cushion
3242 2570 20 20 in
3281 2576 94 14 arascjne
3402 2569 63 24 work,
3486 2569 26 27 by
3533 2569 49 21 Miss

3031 2600 77 26 Airey;
3121 2599 43 20 also
3173 2597 111 21 handsome
3295 2597 90 24 cushion,
3397 2597 26 24 by
3436 2597 47 21 Miss
3497 2597 88 24 Moodie;

3031 2627 43 24 pair
3096 2627 72 20 mount
3189 2625 82 20 mellick
3294 2624 68 27 pillow
3385 2624 75 26 shams,
3485 2624 27 24 by
3535 2624 49 20 Miss

3030 2654 91 28 Colghan
3131 2651 4 31 ;
3149 2655 69 25 pretty
3226 2652 76 21 marble
3310 2653 107 25 statuette,
3452 2652 24 21 In

3030 2684 39 25 gift
3079 2683 21 20 of
3111 2683 41 20 Mrs
3164 2682 61 26 Airey
3236 2688 5 17 ;
3255 2680 111 21 handsome
3383 2680 62 26 lamp,
3463 2680 39 23 gift
3519 2680 22 21 of
3556 2680 32 21 Mr

3034 2711 101 22 Herbert;
3150 2709 105 25 charming
3270 2708 83 25 looking
3371 2708 49 26 doll,
3440 2708 39 25 gift
3493 2707 23 20 of
3534 2708 51 20 Rev.

3030 2738 76 22 Father
3115 2737 79 26 Coffey.

3150 2776 122 22 MILLERS
3286 2775 72 22 FLAT
3371 2775 94 22 STALL.

3056 2814 44 21 Mrs
3111 2813 55 20 Hart
3175 2812 20 21 in
3204 2812 80 24 charge,
3302 2811 84 21 assisted
3405 2812 26 21 by
3450 2811 43 21 Mm
3511 2811 73 26 Hand,

3032 2842 56 26 Jnr.,
3096 2840 40 21 and
3147 2840 70 20 Misses
3237 2839 79 26 Honor,
3335 2838 134 25 Richardson,
3488 2838 99 27 Graham,

3031 2869 39 22 and
3089 2867 101 22 M'Lellan
3225 2866 26 21 In
3267 2865 42 22 this
3325 2865 48 22 stall
3396 2872 52 15 were
3464 2872 55 15 some
3539 2872 48 20 very

3032 2895 101 23 beautiful
3152 2894 88 26 artioles,
3272 2895 93 24 amongst
3390 2894 69 20 others
3506 2893 81 26 Bicycle

3031 2924 75 26 cradle,
3117 2923 38 25 gift
3164 2922 22 20 of
3206 2922 33 20 Mr
3255 2921 72 21 Stokes
3337 2927 5 17 ;
3356 2920 93 29 cushion,
3460 2920 50 21 with
3523 2920 64 21 raised

3031 2958 58 19 crazy
3110 2950 62 26 work,
3191 2949 27 25 by
3239 2948 47 21 Miss
3305 2948 87 29 Dunne;
3408 2948 91 25 cushion,
3521 2948 65 19 raised

3031 2979 60 27 plush
3103 2977 63 27 work,
3179 2977 41 20 Mrs
3230 2976 77 25 Laffey;
3318 2974 55 27 lamp
3383 2978 50 23 mat,
3441 2975 42 20 Mrs
3493 2974 94 26 Malone;

3032 3006 110 21 handsnme
3151 3006 38 24 set,
3199 3007 33 18 tm
3241 3007 44 22 pot,
3300 3004 36 19 hot
3347 3005 62 18 water
3425 3004 37 24 jug
3481 3002 42 21 and
3538 3002 49 26 jelly

3030 3032 137 27 dish,Mr9J.
3184 3031 22 22 J.
3227 3030 90 25 Woods;
3333 3030 49 25 doll,
3402 3029 81 21 dressed
3501 3036 22 13 as
3545 3029 42 20 Red

3031 3060 76 26 Riding
3117 3058 66 27 Hood,
3196 3058 41 21 Mrs
3246 3057 64 27 Hart,
3324 3056 40 23 and
3373 3064 12 14 a
3396 3056 85 23 number
3492 3056 21 21 of
3528 3056 59 22 other

3030 3088 94 21 valuable
3134 3086 88 22 articles.

3170 3124 158 22 ROXBURGH
3350 3123 87 21 STALL

3055 3162 50 21 Miss
3128 3161 75 20 Dunne
3227 3159 21 22 in
3267 3159 80 26 charge,
3367 3157 84 23 assisted
3468 3157 28 26 by
3516 3157 72 21 Misses

3033 3188 220 28 Moran,Woodhoue,
3263 3186 81 21 Malone
3350 3186 40 21 and
3398 3185 73 22 Laloli.
3487 3185 101 26 Amongst

3032 3218 35 21 the
3077 3218 54 20 most
3143 3215 112 22 Doticeable
3261 3214 80 21 articles
3350 3213 143 21 wereHand
3502 3213 86 26 painted

3030 3246 80 24 mirror,
3134 3244 39 26 gift
3190 3242 22 22 of
3234 3242 52 22 Rev.
3307 3241 76 22 Father
3399 3240 86 27 Coffey;
3510 3240 78 21 mantel

3030 3272 64 26 diape
3103 3272 40 21 and
3152 3270 44 27 pair
3202 3269 105 25 brackets,
3307 3269 47 25 Miss
3361 3267 223 27 O'Brien,Roxburgh;

3032 3300 57 21 bride
3098 3299 48 27 doll,
3159 3298 48 22 Miss
3217 3298 46 26 Roy
3272 3303 6 20 ;
3291 3296 56 22 hand
3361 3295 84 28 painted
3455 3296 94 21 brackets
3563 3301 25 15 on

3032 3327 76 25 velvet,
3124 3327 43 21 Mrs
3187 3325 105 25 Graham;
3306 3324 69 21 velvet
3392 3324 92 25 bracket,
3507 3323 42 20 Mrs
3564 3322 23 21 J.

3032 3355 104 26 O'Leary;
3149 3353 41 21 silk
3203 3352 42 21 tuft
3262 3351 94 26 cushion,
3377 3351 42 20 Mrs
3437 3350 68 25 Nott;
3521 3349 54 21 sham-

3032 3382 73 27 pooing
3114 3381 99 26 machine,
3233 3379 50 22 Miss
3302 3378 115 27 Beighton;
3430 3377 31 22 lot
3480 3377 22 22 of
3521 3376 67 22 useful

3032 3409 40 22 and
3083 3409 78 21 artistic
3169 3408 57 27 gifts,
3237 3407 44 21 Mrs
3291 3406 77 22 Haines
3378 3413 5 18 ;
3399 3412 45 20 rug,
3456 3405 43 22 Mrs
3510 3404 78 26 White;

3033 3436 116 28 patchwork
3159 3435 61 28 quilt,
3230 3435 72 21 Misses
3314 3433 73 22 Mullin
3408 3432 42 22 and
3469 3433 105 26 Finnegan
3583 3439 5 19 ;

3033 3465 68 24 baby's
3121 3464 64 20 shawl
3207 3463 41 21 and
3272 3462 31 20 lot
3337 3461 66 21 useful
3431 3460 88 24 articles,
3545 3460 43 20 Mrs

3034 3486 116 29 M'Mullin;
3173 3490 61 21 silver
3247 3490 65 24 cruet,
3333 3488 34 21 Mr
3382 3488 44 21 Jas.
3446 3487 94 25 M'Kay;
3556 3486 30 21 lot

3032 3519 22 21 of
3065 3521 51 24 toys,
3127 3518 33 21 Mr
3168 3517 78 27 Seliege
3258 3524 5 18 ;
3277 3515 94 26 smoking
3377 3522 44 20 cap,
3430 3515 42 21 Mrs
3484 3514 103 26 Whiting;

3032 3547 78 21 besides
3119 3546 59 21 other
3187 3544 86 22 tasteful
3283 3543 89 22 articles.

3147 3581 210 23 REFRESHMENT
3370 3580 94 22 STALL.

3057 3618 112 22 Mesdames
3178 3618 73 25 Laffey
3263 3616 41 21 and
3314 3615 52 22 Dick
3376 3615 21 21 in
3411 3615 80 26 charge,
3501 3613 84 22 assisted

3032 3646 26 27 by
3081 3645 113 22 Mesdames
3216 3644 94 22 Graham
3328 3642 40 22 and
3395 3642 69 27 Moyle
3479 3641 40 22 and
3538 3641 47 21 Miss

3036 3674 136 26 M'Loughlin.
3213 3672 56 22 Here
3293 3679 13 14 a
3329 3671 101 27 tempting
3450 3670 78 27 display
3547 3675 38 14 was

3032 3702 79 27 spread,
3122 3701 54 20 chief
3185 3701 92 24 amongst
3288 3700 57 20 them
3356 3699 59 24 being
3424 3705 12 13 a
3445 3698 39 20 fine
3493 3698 49 20 cake
3558 3696 26 25 by

3034 3729 31 21 Mr
3074 3729 27 21 R.
3121 3728 108 26 Kinaston,
3248 3734 44 14 case
3311 3726 22 21 of
3349 3725 138 22 strawberries
3507 3724 26 26 by
3551 3723 33 21 Mr

3032 3755 85 27 Pennel,
3126 3755 40 21 and
3176 3762 12 14 a
3197 3755 44 21 nice
3250 3754 49 21 cake
3309 3754 26 25 by
3352 3754 42 20 Mrs
3417 3753 63 26 Gray,
3490 3752 46 21 who
3544 3750 41 22 also

3030 3783 96 27 supplied
3135 3789 12 14 a
3156 3782 54 26 large
3224 3782 56 20 stock
3291 3781 22 20 of
3324 3780 66 21 bread.

3055 3824 43 21 The
3120 3823 65 26 Gipsy
3209 3822 53 21 Tent
3286 3822 21 20 in
3326 3821 71 25 charge
3411 3820 22 21 of
3451 3820 49 21 Miss
3519 3820 26 21 A.
3563 3819 22 22 J.

3032 3852 85 24 Dunne;
3133 3851 50 20 bran
3193 3849 44 26 tub,
3256 3849 49 21 Miss
3317 3849 58 25 Roy:
3391 3848 95 24 shooting
3495 3847 83 26 gallery,

3033 3879 30 21 Mr
3072 3879 66 26 Tyson
3151 3884 5 18 ;
3166 3877 40 21 and
3215 3883 99 20 museum,
3328 3876 31 20 Mr
3369 3875 23 21 P.
3403 3875 71 25 Duffy,
3485 3874 97 21 conclude

3031 3906 35 20 the
3089 3906 35 20 list
3145 3905 21 20 of
3189 3903 120 21 attractions
3329 3903 20 20 in
3376 3909 12 13 a
3408 3909 49 19 veiy
3477 3901 108 21 attractive

3033 3933 167 21 entertainment.

3175 4010 127 49 Mining
3341 4009 113 41 Notes.

3071 4098 57 30 The
3153 4097 128 30 Pleasant
3296 4094 95 40 Valley
3405 4094 180 39 Goldmining

3035 4140 48 29 Co.
3104 4139 111 28 washed
3238 4148 36 27 up
3299 4136 145 38 yesterday
3469 4136 44 28 for
3539 4135 47 28 the

3035 4183 61 37 past
3109 4178 145 37 fortnight,
3265 4176 145 38 obtaining
3426 4176 78 29 420z.

3072 4221 56 27 The
3142 4221 71 26 river
3225 4218 44 27 for
3290 4216 139 39 dredging
3452 4226 132 29 purposes

3036 4261 47 29 has
3097 4264 47 24 not
3157 4262 28 25 at
3198 4258 35 29 all
3246 4257 143 38 improved
3411 4257 102 38 during
3538 4256 46 29 the

3036 4304 61 36 past
3110 4299 85 29 week.
3236 4299 54 28 She
3303 4298 23 27 is
3340 4297 54 28 still
3415 4299 85 27 about
3526 4297 60 28 16ft

3036 4343 85 27 above
3135 4338 104 30 normal
3251 4337 68 30 level
3332 4337 52 28 and
3394 4335 191 39 considerably

3036 4382 87 28 above
3136 4377 138 39 dredging
3288 4377 78 28 level.
3408 4377 76 28 Most
3496 4377 28 28 of
3540 4376 46 29 the

3038 4421 116 29 dredges
3168 4419 68 28 have
3250 4418 69 29 been
3332 4417 55 30 idle
3414 4417 102 39 during
3540 4416 47 29 the

3038 4461 86 29 week.

3072 4502 57 28 The
3156 4500 109 36 Benger
3298 4499 75 28 Burn
3408 4497 105 39 dredge
3538 4497 49 28 lias

3036 4542 68 29 been
3118 4541 135 38 working,
3267 4539 51 29 but
3331 4549 35 20 no
3389 4539 72 28 wash
3487 4548 37 29 up
3538 4538 48 29 ha*

3035 4584 83 27 taken
3141 4581 84 39 place.

3071 4622 58 28 The
3142 4621 109 29 Ettrick
3272 4619 105 38 dredge
3391 4619 22 28 is
3426 4618 55 29 still
3503 4628 68 28 open-

3034 4662 49 40 ing
3095 4669 56 28 out,
3177 4661 55 29 and
3246 4660 47 30 did
3307 4667 48 23 not
3370 4658 72 29 wash
3464 4668 47 29 up.

3071 4703 58 29 The
3163 4701 106 29 Golden
3304 4701 141 34 Treasure,
3478 4697 105 30 Golden

3037 4742 78 35 Gate,
3129 4742 53 30 and
3198 4741 128 31 Dunedin
3340 4750 69 19 were
3437 4738 99 29 unable
3559 4744 27 23 to

3036 4784 113 37 dredge.

3071 4823 57 29 The
3144 4821 89 30 E'lina
3245 4821 50 29 has
3309 4824 49 25 not
3378 4819 68 29 been
3461 4817 127 37 working

3033 4864 43 28 for
3088 4875 75 17 some
3177 4863 75 34 time,
3265 4873 29 17 as
3306 4861 48 29 she
3365 4860 22 29 is
3396 4859 124 37 refitting
3530 4858 54 27 and

3033 4904 139 36 repairing
3182 4903 86 27 under
3277 4902 46 28 the
3335 4901 101 36 charge
3446 4899 28 29 of
3484 4899 102 28 Messrs

3035 4944 116 28 Oossens
3165 4942 55 28 and
3233 4941 95 29 Black.

3071 4984 57 28 The
3141 4983 67 29 Last
3221 4982 109 28 Chance
3344 4979 148 35 Elevating
3502 4977 60 30 Com-

3033 5033 83 30 pany,
3131 5023 69 29 Bald
3214 5023 57 28 Hill
3287 5021 71 35 Flat,
3372 5018 113 30 cleaned
3499 5028 36 28 up
3547 5026 35 19 on

3034 5063 187 38 iviondaylast
3241 5063 44 28 for
3312 5061 28 28 11
3371 5058 101 30 weeks'
3498 5057 86 36 work,

3032 5103 146 40 obtaining
3192 5103 94 29 2560z.

3149 5197 176 45 Cromwell
3352 5197 115 42 Notes.

3086 5284 72 27 [From
3167 5284 48 20 Our
3229 5283 54 20 Own
3295 5277 209 27 Cobrmpondext.]

3068 5324 52 29 We
3144 5324 70 28 have
3239 5321 54 30 had
3324 5320 36 29 all
3391 5319 47 29 the
3463 5318 117 46 varying

3027 5365 120 38 changes
3160 5364 28 28 in
3204 5364 48 28 the
3264 5361 119 29 weather
3404 5359 84 39 lately
3509 5360 70 28 from

3029 5414 120 20 summer
3162 5404 64 28 heat
3240 5407 28 24 to
3282 5401 97 29 winter
3391 5400 71 29 cold.

3066 5444 57 28 The
3137 5442 144 30 Croinwell
3294 5440 54 29 and
3374 5438 205 30 Bannockburn

3029 5482 104 29 cricket
3146 5485 87 25 teams
3259 5479 71 29 tried
3355 5478 171 30 conclusions
3545 5488 34 18 on

3028 5521 185 37 Wednesday,
3229 5520 46 29 the
3288 5520 103 28 former
3405 5518 123 37 winning
3542 5518 35 38 by

3030 5562 14 29 7
3058 5560 196 35 runstotals,
3272 5562 35 26 6*4
3318 5559 55 28 and
3387 5558 44 29 57.

3065 5601 15 30 I
3093 5612 43 18 am
3151 5611 76 27 sorry
3244 5605 29 24 to
3287 5600 69 28 have
3369 5603 29 25 to
3411 5598 95 30 record
3520 5598 59 29 that

3028 5642 46 29 Mr
3087 5641 27 30 J.
3129 5641 103 38 Hayes,
3244 5651 36 18 an
3293 5639 46 29 old
3361 5639 55 29 and
3436 5638 142 39 respected

3027 5682 124 30 resident
3163 5680 29 30 of
3206 5680 152 35 Cromwell,
3374 5684 55 24 met
3452 5679 67 29 with
3544 5689 34 18 an
3580 5679 4 36 1

3028 5721 126 30 accident
3184 5720 80 30 while
3296 5724 29 25 at
3356 5719 77 31 work
3464 5730 34 18 on
3530 5719 58 29 thefi

3029 5762 101 41 Alpine
3154 5761 105 41 dredge
3283 5761 54 32 last
3360 5760 86 30 week.
3485 5758 103 31 While!

3603 195 110 38 cutting
3725 205 16 18 a
3753 193 67 31 road
3833 193 43 30 for
3901 193 47 29 the
3972 202 65 28 easy
4062 202 93 20 acces*

3602 234 29 30 of
3644 234 48 30 the
3705 234 58 30 coal
3776 234 69 39 dray
3864 236 30 27 to
3918 233 49 29 the
3991 231 103 40 dredge
4108 233 45 28 the

3602 276 76 29 earth
3693 275 48 29 fell
3766 275 28 29 in
3821 284 34 20 on
3876 273 66 37 him,
3963 273 137 40 breaking

3599 317 65 38 jaw,
3678 313 160 41 mutilating
3850 315 44 29 his
3906 315 69 36 face,
3988 315 54 29 and
4056 315 82 29 break-

3603 358 50 38 ing
3665 369 16 16 a
3694 357 78 28 .small
3786 358 71 27 bone
3870 356 28 29 in
3912 356 42 28 his
3968 356 54 38 leg.

3641 398 100 37 Owing
3760 401 28 25 to
3807 398 47 28 the
3869 396 72 29 flood
3960 406 28 19 m
4012 396 47 30 the
4080 397 73 28 river

3604 438 47 29 the
3678 437 145 30 Cromwell
3848 437 101 38 coalpit
3973 437 49 29 has
4046 437 55 29 had
4127 444 28 22 to

3605 479 64 28 shut
3682 478 90 35 down,
3785 489 29 17 as
3840 478 93 37 owing
3957 481 29 25 to
4014 478 46 29 the
4085 478 70 29 rirer

3605 519 87 36 rising
3706 518 46 30 the
3768 522 82 26 water
3876 525 49 32 got
3949 518 58 29 into
4022 519 45 28 the
4082 519 73 29 shafo

3606 559 52 27 and
3673 558 108 28 flooded
3794 559 30 27 it.

3643 599 146 38 Dredging
3815 600 49 28 has
3897 599 67 29 been
3991 599 164 38 completely

3606 640 116 39 stopped
3736 650 35 18 on
3786 639 36 29 all
3836 639 86 29 hands
3939 640 35 39 by
3998 640 47 29 the
4065 645 91 24 receut

3606 680 93 30 floods.
3703 680 96 29 The
3812 684 135 35 pontoons
3973 680 89 29 which
4088 691 68 18 were

3608 720 68 28 built
3716 724 29 24 at
3786 720 123 29 Victoria
3953 720 102 38 Bridge
4086 730 70 18 were

3605 760 134 30 launched
3766 760 101 38 during
3897 760 46 28 the
3975 760 181 29 week.The

3605 805 169 25 contractors
3796 811 45 19 are
3861 800 107 39 rapidly
3991 800 166 40 proceeding

3607 842 66 29 with
3687 843 45 28 the
3747 839 115 42 Hartley
3873 842 55 29 and
3939 841 103 40 Riley's
4053 841 103 39 dredge

3607 888 142 34 pontoons.
3789 883 58 29 The
3871 883 73 29 flood
3967 882 100 30 caused
4080 882 77 30 them

3607 935 74 18 some
3693 924 109 29 trouble
3813 924 55 29 and
3881 924 105 36 labour,
3998 924 45 29 for
4066 934 31 18 as
4109 923 48 29 the

3608 965 71 29 river
3692 975 60 19 rose
3763 965 21 29 it
3794 965 162 29 threatened
3971 969 27 24 to
4007 964 68 29 shift
4087 964 72 29 their

3608 1002 75 32 work
3708 1005 94 38 bodily
3826 1016 85 26 away.
3951 1005 76 37 They
4050 1004 54 29 had
4129 1009 30 23 to

3608 1046 75 28 work
3698 1046 190 36 continuously
3902 1046 44 28 for
3966 1046 36 27 24
4015 1045 82 29 hours
4111 1044 32 29 be-

3608 1087 59 27 fore
3676 1085 106 39 feeling
3795 1086 60 28 that
3874 1086 36 29 all
3936 1096 55 18 was
4017 1094 141 20 secure.

3610 1125 178 30 Orookston's
3801 1126 104 37 dredge
3918 1126 99 29 caused
4032 1126 77 29 those
4122 1134 36 19 on
4160 1125 1 38 :

3610 1166 84 27 board
3709 1174 74 19 some
3801 1166 122 36 anxiety,
3945 1174 30 19 as
4001 1176 16 17 a
4038 1165 78 28 stack
4130 1164 31 28 of

3610 1206 51 36 hay
3676 1204 115 37 floating
3801 1204 79 29 down
3890 1206 47 27 the
3946 1205 71 28 river
4025 1204 94 29 fouled
4132 1203 27 28 in

3610 1246 47 27 the
3671 1254 88 27 ropes,
3771 1244 54 28 and
3838 1244 22 28 it
3873 1254 55 18 was
3943 1254 75 18 some
4031 1244 66 28 time
4110 1243 32 27 be-

3611 1286 58 28 fore
3692 1284 63 39 they
3769 1283 79 30 could
3861 1284 33 29 be
3908 1287 50 36 got

3768 1366 234 53 Cablegrams.

3650 1448 99 29 GOLD
3780 1448 43 29 ltf
3854 1447 100 33 NEW.
3965 1446 156 31 GUINEA:

3776 1489 145 33 Brisbane,
3934 1488 152 29 December
4099 1489 22 27 0;

3650 1530 57 29 The
3763 1529 185 29 Government
3997 1532 86 35 agent,
4133 1534 30 22 at

3613 1570 155 35 Marnbare,
3816 1570 67 28 New
3938 1569 114 34 Guinea,
4113 1569 50 27 has

3613 1610 158 30 discovered
3792 1621 16 18 a
3829 1609 124 30 valuable
3974 1609 64 40 gold
4043 1609 62 29 field
4128 1609 30 29 of

3614 1650 186 28 considerable
3809 1653 95 24 extent
3913 1650 63 27 four
3985 1649 77 37 days'
4071 1650 92 26 march

3615 1690 70 28 from
3695 1689 113 28 Tomato
3817 1699 86 26 camp.
3931 1688 44 28 He
3999 1693 84 24 states
4104 1688 60 28 that

3615 1729 34 27 he
3659 1728 128 28 obtained
3799 1728 65 37 gold
3874 1728 70 27 from
3956 1728 46 28 the
4013 1728 103 27 washes
4135 1728 28 27 in

3617 1778 81 27 every
3709 1767 76 38 gully
3794 1776 34 19 on
3843 1767 47 28 the
3904 1767 71 28 field.
4017 1769 23 26 A
4052 1767 64 28 rush
4139 1767 24 28 is

3617 1807 161 38 deprecated
3798 1807 69 27 until
3882 1807 81 28 fuller
3981 1807 183 35 information,

3617 1857 73 18 more
3711 1847 144 37 especially
3878 1857 29 18 as
3930 1847 46 28 the
4017 1847 145 28 Marnbare

3617 1892 115 34 country
3741 1887 22 30 is
3775 1886 115 36 flooded,
3900 1886 77 30 there
3998 1886 64 38 only
4083 1886 81 39 being

3617 1929 61 28 four
3686 1939 74 18 acres
3771 1928 28 28 of
3812 1928 48 32 dry
3874 1927 63 28 land
3947 1931 28 24 at
3984 1928 47 27 the
4041 1937 87 26 camp.

3653 1967 82 29 News
3744 1967 69 28 from
3833 1965 117 30 German
3972 1965 67 29 New
4063 1965 104 29 Guinea

3617 2009 89 28 shows
3728 2008 61 29 that
3811 2007 47 29 the
3891 2007 152 29 murderers
4069 2006 30 29 of
4119 2007 47 28 the

3618 2048 143 29 Governor
3772 2047 54 29 and
3853 2047 86 38 police
3954 2052 45 24 cut
4012 2048 46 27 the
4074 2047 92 29 bodies
4186 2060 6 8 -

3618 2099 37 28 up
3665 2089 58 28 into
3736 2087 79 30 small
3827 2087 99 39 pieces.

3710 2141 27 28 A
3750 2140 124 29 FATAL
3890 2139 189 37 QUARREL.

3821 2180 275 37 HoAT,December
4107 2181 24 29 7.

3658 2222 28 28 It
3699 2223 49 27 has
3761 2222 70 27 been
3844 2221 169 28 iiscertained
4037 2221 60 28 that
4122 2221 51 28 the'

3622 2261 108 39 fatality
3744 2261 88 29 which
3846 2261 114 30 occured
3974 2270 34 19 on
4022 2260 47 29 the
4082 2259 88 31 vessel

3622 2302 108 29 Esther,
3745 2301 87 29 which
3846 2311 54 18 was
3917 2300 99 39 picked
4041 2310 37 29 up
4103 2301 66 28 with

3622 2342 64 38 only
3698 2353 16 18 a
3726 2341 45 29 lad
3785 2351 34 20 on
3834 2341 92 35 board,
3942 2351 54 19 was
4017 2341 47 28 the
4085 2340 85 29 result

3622 2383 29 29 of
3664 2393 15 18 a
3693 2382 117 40 quarrel.
3824 2381 57 30 The
3895 2381 107 39 captain
4015 2381 56 29 and
4095 2383 72 26 mate
4180 2395 6 4 -

3620 2423 152 40 quarrelled
3785 2422 54 29 and
3859 2422 48 29 fell
3921 2421 161 30 overboard.
4108 2421 57 29 The

3622 2463 86 30 vessel
3721 2473 54 19 was
3788 2463 121 38 running
3922 2462 95 29 before
4029 2463 49 29 the
4086 2461 103 37 wind,..

3622 2505 64 27 with
3709 2504 47 28 the
3782 2503 179 29 centreboard
3983 2513 37 28 up
4045 2503 55 28 and
4121 2503 49 27 the

3620 2544 91 29 sheets
3737 2543 66 30 free.
3843 2543 57 29 The
3926 2543 54 36 boy
3997 2542 70 30 tried
4081 2546 28 25 to
4122 2546 48 35 get

3619 2584 71 30 back
3704 2584 47 28 the
3762 2595 71 24 men,
3846 2583 52 29 but
3911 2583 80 29 could
4017 2588 49 24 not
4088 2583 80 29 make

3619 2625 46 29 the
3678 2624 86 30 vessel
3778 2628 70 34 stay.

3700 2679 26 27 A
3740 2676 97 30 CASE
3850 2676 48 30 OF
3912 2674 168 32 SUICIDE.

3801 2717 120 35 Sadnky,
3941 2717 152 29 December
4109 2718 23 28 7.

3654 2758 72 30 Win.
3734 2758 130 30 Freeman
3872 2757 132 38 Kitchen,
4010 2758 106 41 journal
4122 2759 34 29 ist
4160 2781 5 11 :

3617 2800 130 39 formerly
3759 2800 30 28 of
3798 2799 202 36 JNewZealand,
4008 2799 160 29 committed
4189 2799 2 40 .

3617 2840 102 30 suicide
3756 2840 37 38 by
3818 2839 110 40 cutting
3962 2840 43 28 his
4029 2840 101 28 throat.

3693 2892 141 30 ARCTIC
3850 2891 244 29 EXPEDITION.

3764 2931 70 29 New
3843 2931 86 35 York,
3944 2931 151 28 December
4105 2932 16 27 6

3655 2972 165 30 Lieutenant
3832 2971 96 38 Peary,
3954 2971 61 29 who
4038 2970 27 30 in
4097 2971 68 29 1894

3619 3012 152 30 conducted
3810 3022 33 18 an
3874 3011 157 38 expedition
4055 3011 44 29 for
4123 3012 47 27 the

3620 3063 117 29 purpose
3769 3051 29 30 of
3834 3051 158 38 examining
4024 3051 46 29 the
4101 3051 66 29 land,

3619 3093 154 36 stretching
3813 3092 157 28 northward
4013 3091 70 29 from
4122 3092 48 28 the

3618 3137 77 25 coast
3707 3133 29 29 of
3750 3131 164 35 Greenland,
3928 3132 48 28 has
3989 3131 135 38 arranged
4141 3134 28 25 to

3618 3177 70 25 start
3725 3173 115 28 another
3868 3171 154 40 expedition
4052 3171 28 29 in
4104 3171 69 38 July

3618 3218 76 25 next.
3736 3213 42 29 He
3791 3216 113 35 expects
3918 3216 27 25 to
3960 3212 34 29 be
4006 3212 97 29 absent
4113 3212 53 29 five

3618 3265 89 28 years,
3744 3254 105 37 having
3882 3252 130 30 obtained
4045 3253 76 28 leave
4144 3252 29 28 of

3618 3294 119 31 absence
3771 3294 72 29 from
3878 3293 43 30 his
3959 3293 90 30 duties
4073 3292 29 30 in
4127 3293 48 29 the

3620 3335 146 29 American
3791 3344 74 27 navy
3902 3334 44 29 for
3972 3334 61 28 that
4067 3333 105 39 period.

3619 3374 166 30 Lieutenant
3799 3374 87 38 Peary
3894 3373 50 30 has
3957 3373 70 29 been
4038 3372 135 39 provided

3620 3416 65 28 with
3699 3415 18 36 L
3717 3415 108 36 30,000
3839 3415 38 39 by
3889 3425 16 19 a
3916 3418 69 26 JNew
3998 3413 80 31 York
4086 3413 90 30 friend

3618 3456 119 28 towards
3752 3456 46 28 the
3810 3465 135 28 expenses
3959 3454 30 29 of
4002 3454 48 29 the
4059 3454 98 39 expedi-

3618 3496 68 29 tion.
3726 3496 45 29 He
3783 3506 49 28 pro
3837 3505 77 27 poses
3919 3498 28 26 to
3954 3495 66 29 take
4030 3505 16 19 a
4056 3504 120 29 surgeon

3617 3547 31 18 as
3669 3536 43 29 his
3733 3536 65 37 only
3825 3536 147 37 European
3999 3535 176 39 companion,

3619 3576 46 28 the
3679 3575 157 29 remainder
3848 3575 29 29 of
3890 3576 47 28 the
3949 3578 83 35 party
4046 3585 127 28 compos-
4189 3575 4 38 .

3618 3615 50 40 ing
3681 3615 137 29 Eskimos.

3675 3667 78 30 THE
3779 3666 184 30 MOROCCO
3988 3666 125 31 SLAVE

3821 3707 138 29 TRADE.

3803 3747 124 35 London,
3942 3747 155 29 December
4111 3749 26 27 6.

3652 3788 118 39 Reports
3791 3787 72 29 from
3883 3787 106 37 Tangle
4019 3787 169 37 (Morocco)'

3616 3833 69 25 state
3700 3829 59 29 that
3771 3839 16 17 a
3801 3828 78 38 large
3892 3828 91 27 traffic
3993 3828 29 27 in
4036 3827 90 29 slaves
4151 3828 23 28 is
4190 3827 3 39 >

3615 3870 86 37 being
3712 3868 105 30 carried
3832 3878 35 18 on
3881 3878 36 18 on
3931 3868 48 28 the
4003 3872 68 24 west
4097 3874 77 23 coast

3615 3910 29 30 of
3657 3910 137 29 Morocco.

3651 3961 26 29 A
3709 3959 180 31 STEAMER
3929 3959 204 29 DISABLED.

3730 4005 187 31 Alexandria,
3938 4000 155 29 December
4107 4001 26 29 6.

3649 4042 58 28 The
3718 4041 180 36 Messageries
3907 4041 153 27 Maritimes
4071 4048 83 21 steam-

3615 4093 30 18 er
3657 4081 137 30 Astralien
3808 4081 90 28 bound
3916 4081 71 28 from
4001 4081 114 38 Sydney
4141 4086 30 24 to

3617 4123 148 35 Marselles,
3779 4123 48 27 has
3840 4122 70 28 been
3925 4122 90 28 towed
4028 4122 27 28 in
4071 4122 102 30 herein

3615 4174 16 17 a
3644 4163 122 29 disabled
3780 4162 140 29 condition
3937 4162 35 38 by
3988 4162 46 28 the
4059 4163 112 28 Anchor
4185 4183 6 6 .

3618 4204 53 28 line
3684 4207 129 25 steamers
3829 4203 74 28 Asia.

1716 105 197 47 mount
1995 100 231 51 'beSge.
2312 100 154 47 Mail.

3445 101 167 50 Friday,
3634 102 221 39 December
3878 100 59 44 10,
3961 100 102 39 1897

289 222 28 27 Is
341 222 109 34 Hereby
483 221 86 27 Given
597 220 61 27 that

183 259 71 28 after
264 260 41 27 Ist
314 259 127 37 January,
449 259 72 31 1898,
527 258 47 27 the
583 256 75 29 Bank

107 297 29 27 of
147 296 65 29 New
226 297 119 29 Zealand
359 298 52 27 will
429 297 77 28 make
526 307 17 18 a
563 296 97 34 charge

108 335 28 26 of
160 336 55 27 Ten
237 336 129 36 Shillings
391 337 53 26 and
467 336 129 34 Sixpence
619 334 42 26 for

107 373 127 36 Opening
261 374 113 27 Current
399 374 133 27 Accounts
556 372 65 26 with
646 381 15 16 a

110 411 109 28 smaller
232 412 83 26 credit
328 421 28 17 or
375 412 74 26 debit
466 411 110 27 balance
597 409 66 27 than

112 449 75 29 IOO
202 450 60 34 (one
275 450 123 26 hundred
413 449 101 35 pounds
527 446 134 35 sterling).

146 499 26 26 A
186 499 106 28 further
303 499 96 35 charge
412 498 27 27 of
459 497 54 28 Ten
536 496 128 33 Shillings

113 537 52 26 and
179 537 129 34 Sixpence
320 537 54 25 will
388 537 31 26 be
430 536 76 26 made
519 534 63 27 each
595 532 55 26 half-

109 584 65 25 year
203 574 42 26 for
273 574 155 34 continuing
460 577 27 22 to
512 572 65 33 keep
600 569 64 27 such

108 613 128 25 accounts
261 612 27 25 in
317 620 80 26 every
426 619 59 18 case
508 609 87 26 where
619 606 46 26 the

115 649 108 26 balance
237 651 28 24 at
277 648 84 27 credit
374 648 91 26 stands
475 646 42 27 for
526 645 74 26 three
609 652 47 18 con

115 687 117 26 secutive
245 686 64 35 days
324 685 97 35 during
432 685 46 26 the
487 683 131 35 half-year
638 683 27 23 at

116 725 51 24 less
181 725 65 24 than
258 715 57 33 <*oo
328 723 71 34 (fifty
417 722 102 33 pounds
532 719 131 31 sterling).

149 770 110 28 Present
272 770 149 27 Customers
432 769 50 26 and
492 767 75 27 those
580 765 68 35 Open-

114 809 47 32 ing
186 810 128 23 Accounts
335 815 34 17 on
390 814 29 17 or
441 805 90 26 before
555 804 46 25 the
626 803 40 24 Ist

116 845 126 35 January,
258 844 73 33 1898,
342 843 55 28 will
410 843 56 27 also
479 842 31 27 be
522 839 106 37 subject
639 841 27 25 to

115 892 17 18 a
153 883 160 27 conditional
337 880 162 35 half-yearly
522 879 97 33 charge
640 877 27 26 of

116 920 55 28 Ten
193 920 128 34 Shillings
343 918 53 27 and
417 917 127 34 Sixpence
557 925 28 17 as
599 915 67 26 from

114 958 50 26 the
188 958 40 26 Ist
256 955 74 37 April
352 958 69 28 next,
447 955 28 25 in
498 957 81 23 terms
600 951 28 27 of
651 961 17 16 a

117 995 163 26 notification
292 993 86 27 which
391 993 56 25 will
466 991 32 27 be
519 989 147 28 forwarded

106 1035 38 23 ,to
157 1032 61 26 each
233 1031 138 26 Customer
381 1030 26 25 in
421 1030 51 24 due
484 1037 97 17 course.

150 1080 55 26 For
212 1080 46 26 the
272 1079 75 27 Bank
359 1077 27 27 of
399 1077 66 26 New
477 1075 126 33 Zealand,

316 1133 29 25 L.
363 1131 30 26 E.
414 1129 148 31 HAINES,

367 1171 94 32 Agent,
477 1166 156 35 Roxburgh.

113 1244 171 68 Mm
300 1240 99 70 ik
421 1241 56 61 S
484 1256 184 60 mith,

136 1348 126 33 Flohist,
282 1346 173 29 Wholesale
473 1353 55 19 and
550 1343 104 29 Retail

257 1386 87 29 Seeds
364 1386 168 32 Merchant,

146 1438 138 28 MORAY
303 1436 132 35 PLACE,
456 1434 136 31 DUNED
610 1433 36 35 N,

110 1491 127 22 ./Successor
245 1491 21 18 to
273 1489 50 20 Geo.
331 1487 133 21 Matthews
467 1487 64 19 Est*'"
541 1487 11 16 i*
559 1485 36 19 h<>!
617 1479 53 25 8"(-.'

245 1554 150 31 FLORAL
416 1553 125 29 WORK.

155 1597 66 28 Ihis
249 1596 24 27 is
298 1595 47 28 the
370 1593 126 37 Leading
522 1593 34 28 11<
568 1602 47 17 use
641 1592 26 27 in
681 1590 3 45 j

119 1637 128 30 Dunedin
260 1635 44 30 for
322 1634 94 29 Bridal
440 1633 135 33 Showers,
600 1632 51 29 Bou-

118 1680 89 36 quets,
228 1675 139 34 Wreaths,
383 1673 112 39 Sprays,
508 1672 54 28 and
579 1671 88 28 Floial

113 1713 130 40 Designs.

152 1757 48 36 My
215 1753 139 30 continual
367 1752 52 29 and
434 1751 133 29 unvaried

114 1807 151 22 SUCCESSES
278 1805 39 23 AT
325 1805 60 21 THE
399 1803 132 22 DUNEDIN
548 1802 120 23 FLOWER

341 1832 98 22 SBOWS

117 1871 24 29 is
158 1870 134 29 sufficient
312 1868 79 39 proof
411 1866 29 30 of
452 1877 49 27 my
517 1866 151 38 capability

118 1912 27 28 in
160 1911 54 29 this
228 1909 104 31 branch
345 1908 29 30 of
385 1908 48 30 the
446 1906 136 30 business.

155 1952 49 36 My
214 1951 160 37 experience
383 1948 112 29 enables
508 1957 45 18 me
566 1950 28 25 to

151 2008 74 22 PACK
238 2007 91 22 THESE
342 2004 140 24 DELICATE
496 2003 137 22 ARTICLES

118 2046 45 29 for
181 2045 50 29 rail
251 2055 31 18 or
303 2047 117 25 steamer
431 2041 67 29 with
520 2040 68 28 such
607 2049 63 19 care

118 2086 54 28 and
195 2094 108 19 success
315 2094 31 18 as
359 2086 29 26 to
400 2091 98 21 ensure
520 2079 72 30 their
611 2079 59 29 safe

118 2126 54 29 and
181 2125 106 39 perfect
297 2124 129 37 delivery,
436 2132 67 20 even
512 2120 73 30 after
593 2130 75 20 some

117 2167 68 38 days
198 2167 28 27 in
238 2166 109 28 transit.

154 2207 15 29 I
181 2207 70 29 have
263 2215 147 20 numerous

120 2256 192 23 UNSOLICITED
321 2253 206 24 TESTIMONIALS
536 2251 79 23 FROM
625 2251 43 21 JAY

307 2281 165 24 CUSTOMERS

120 2321 53 28 and
188 2320 116 28 Patrons
317 2319 133 38 attesting
471 2321 28 25 to
512 2326 46 28 my
571 2314 97 38 ability

110 2361 36 28 -in
158 2360 54 29 this
225 2359 156 40 particular.

330 2430 127 31 SEEDS.

159 2475 15 28 I
198 2475 102 39 import
330 2473 65 38 only
426 2472 70 29 from
528 2470 48 29 the
606 2469 62 29 best

124 2517 142 37 European
280 2514 54 29 and
343 2511 177 31 Continental
534 2510 134 35 Growers,

124 2566 30 19 so
167 2556 59 28 that
238 2554 162 40 purchasers
412 2562 49 20 can
476 2552 58 38 rely
555 2561 35 19 on
607 2554 46 34 get-

124 2597 62 37 ting
198 2595 114 38 nothing
328 2595 51 28 but
395 2593 46 30 the
454 2593 62 29 best
529 2591 99 31 strains
641 2590 29 30 of

124 2637 94 29 Seeds.

162 2677 40 30 To
215 2677 78 30 those
306 2676 61 29 who
379 2675 70 29 have
466 2676 49 27 not
527 2672 83 41 given
623 2682 47 28 my

127 2719 71 28 Seed
221 2729 16 18 a
257 2717 70 35 trial,
341 2717 15 28 I
365 2715 91 29 would
475 2715 56 27 like
555 2714 74 28 them
642 2717 29 24 at

125 2759 69 29 least
207 2761 29 27 to
250 2757 66 30 Fend
329 2768 43 18 me
385 2768 15 17 a
414 2755 78 30 small
510 2754 63 29 trial
592 2753 80 30 order

125 2800 54 29 and
193 2809 126 29 compare
332 2797 108 35 results,
453 2796 54 29 and

145 2851 8 20 I
168 2851 42 21 AM
225 2849 127 23 WILLING
365 2848 35 21 TO
414 2848 88 21 ABTDE
516 2847 37 22 BY
566 2846 89 21 THEIR

331 2875 142 24 DECISION.
686 2875 3 27 j

127 2936 305 57 SHAMROCK
462 2934 55 53 H
520 2934 143 39 OTEL
667 2964 7 12 '

309 3008 189 32 DCNEDIN.

126 3089 137 22 COGHLAN
278 3089 77 20 BROS.

515 3087 160 22 Proprietors.

129 3154 110 28 HPHIS
271 3154 135 28 favourite
447 3152 93 34 Hotel,
572 3150 105 38 having

207 3194 122 38 recently
350 3192 69 30 been
443 3193 83 29 taken
548 3202 68 18 over
637 3190 38 39 by

123 3236 104 29 Messrs
254 3234 124 39 Coghlan
416 3233 89 36 Bros.,
530 3232 49 29 has
604 3232 69 29 been

121 3275 174 39 thoroughly,
303 3275 149 29 renovated
472 3272 151 40 improved.

158 3316 119 29 Visitors
287 3315 70 30 from
372 3314 47 30 the
432 3317 116 35 country
567 3312 66 36 will,
643 3322 30 20 as

119 3356 164 36 heretofore,
312 3356 59 28 find
405 3355 119 37 nothing
547 3353 126 37 wanting

118 3397 62 29 that
190 3396 82 29 tends
284 3399 29 27 to
325 3395 74 30 their
411 3394 118 31 comfort
539 3392 58 30 and
606 3403 50 20 con-

117 3437 141 30 venience.

130 3515 77 22 ONLY
221 3514 70 23 BEST
302 3514 116 22 BRANDS
438 3513 37 22 OF
490 3511 91 22 WINES
594 3510 64 23 AND

218 3542 106 22 SPIRITS
337 3542 74 22 KEPT
424 3542 32 21 IN
471 3540 97 23 STOCK.

161 3607 93 39 Night
279 3607 97 29 Porter
399 3607 29 28 in
450 3604 175 30 attendance.

239 3683 130 33 Charges
393 3684 162 30 Moderate.

214 3767 45 38 C.
298 3767 38 37 J.
378 3766 189 51 Coombs,

121 3829 3 35 .
135 3832 195 32 SURGICAL
350 3831 24 30 &
392 3829 258 31 MECHANICAL

308 3876 165 31 DENTIST

325 3924 39 26 (By
378 3924 81 24 Exam.)

115 3983 54 29 Til
178 3982 26 29 R
224 3982 152 30 COOMBS
393 3992 62 27 may
468 3980 36 30 be
517 3979 149 31 Consulted

373 4034 29 17 flu

273 4075 124 29 Hebon's
419 4074 95 29 Hotel

113 4126 51 31 :On
184 4126 155 38 FRIDAY,
361 4126 69 31 17th
451 4125 218 31 DECEMBER.

160 4205 41 29 As
214 4204 15 29 I
241 4204 94 29 intend
347 4205 114 36 visiting
480 4203 55 30 this
554 4203 116 30 District

124 4244 185 39 periodically,
321 4245 22 28 it
351 4245 53 28 will
412 4253 65 20 save
489 4243 124 28 Patients
623 4244 47 28 the

124 4293 120 30 expense
256 4283 28 30 of
298 4284 83 39 going
393 4288 30 26 to
435 4288 73 26 town
521 4295 8 24 ;
549 4282 53 29 and
615 4293 30 20 as
655 4283 14 30 I

126 4328 150 34 guarantee
294 4324 36 28 all
352 4325 85 35 work,
462 4324 125 29 Patients
609 4333 61 28 may

123 4365 58 38 rely
195 4374 34 19 on
243 4363 111 39 getting
365 4375 16 18 a
393 4363 143 30 first-class
546 4362 122 29 denture.

122 4443 92 23 TEETH
242 4443 82 21 MADE
351 4443 36 21 BY
417 4443 95 21 OTHER
537 4441 135 22 DENTISTS

122 4471 13 27 B
145 4469 131 24 PROVING
285 4470 249 22 UNSATISFACTORY
545 4469 61 21 MAY
616 4469 36 21 BE

179 4497 194 23 REMODELLED
386 4497 37 23 AT
435 4497 94 21 SMALL
541 4495 75 23 COST.

125 4567 125 31 Painless
279 4566 161 31 Extraction
468 4563 65 31 with
558 4562 114 31 Nitrous

161 4609 90 30 Oxide
272 4607 64 36 Gas,
359 4607 125 34 Cocaine,
496 4605 96 35 Ether,
605 4615 32 18 or

307 4647 182 31 Chloroform.

105 4745 5 9 k
122 4723 134 30 Stopping
275 4730 71 21 with
365 4722 84 36 Gold,
471 4717 148 37 Amalgam,
638 4725 35 21 oe

336 4763 123 30 Cement.

209 4838 35 32 C.
290 4838 29 31 J.
371 4834 208 38 COOMBS,

257 4888 128 31 Surgeon
408 4885 119 30 Dentist

156 4935 146 40 (Opposite
315 4933 132 40 CarguTs
459 4931 175 36 Monument)

322 4984 145 25 DUNEDIN,

225 5028 83 40 (Late
320 5026 79 31 Kidd
414 5024 56 30 and
485 5022 61 39 Co.)

285 5116 383 50 WISH,

115 5197 136 28 PAINTER,
275 5193 132 28 GLAZIER,
429 5189 95 25 PAPER
541 5188 130 27 HANGER,

189 5232 70 23 SIGN
277 5229 118 23 WRITER
416 5226 63 23 AND
501 5223 95 23 HOUSE

301 5259 180 26 DECORATOR,

206 5304 73 30 Ross
298 5301 101 35 Place,
418 5298 163 29 Lawrence.

154 5386 44 30 On
213 5384 65 31 Sale
289 5394 17 19 a
314 5382 79 39 large
402 5379 56 31 and
466 5376 94 33 varied
569 5379 88 28 assort-

118 5429 77 27 ment
206 5425 29 29 of
249 5424 70 35 Oils,
331 5422 106 35 Paints,
459 5418 100 34 Scrim,
581 5417 89 36 Glass,

117 5464 229 40 Paperhangings
368 5461 56 29 and
443 5457 136 30 Painters'
599 5456 54 30 Sun-

116 5505 82 31 dries.

153 5545 70 29 New
230 5543 57 29 and
293 5538 173 33 fashionable
472 5536 76 31 Wall
557 5536 113 40 Papers,

117 5586 73 28 from
204 5583 37 30 5d
262 5591 50 30 per
331 5581 77 38 piece
429 5577 137 40 upwards.
607 5583 10 22 )
628 5580 28 25 at-

116 5630 79 25 terns
207 5626 63 27 sent
282 5631 35 20 on
338 5619 176 40 application,
528 5623 63 34 post
603 5617 66 30 free.

155 5664 148 31 Estimates
316 5661 84 40 given
411 5659 45 30 for
474 5656 121 31 General
616 5656 36 31 Re-

114 5706 85 40 pairs,

156 5741 163 35 Celebrated
332 5741 133 31 Lnstruss
470 5760 5 14 c
482 5738 91 37 Paint,
585 5738 85 44 r.eadj

111 5786 105 38 mixed,
229 5784 37 32 all
279 5783 124 33 Colours.

1041 377 135 28 fctTOgSWC
1176 377 11 14 9
1187 379 19 19 *

709 459 220 56 ROXBURGH
954 453 151 34 JOCKEY
1131 450 110 32 CLUB.
1255 450 3 65 |

724 550 163 32 ANNUAL
906 546 101 30 RACE
1027 540 184 36 MEETING,

865 589 38 29 To
917 589 35 28 be
965 585 64 30 held
1041 594 34 19 on

712 641 175 36 MONDAY,
904 636 183 34 JANUARY
1099 636 26 35 3,
1144 633 81 30 1898.

747 722 162 25 President
920 729 6 16 :
954 718 41 25 Mr
1008 717 40 24 W.
1067 716 28 25 A.
1111 713 81 34 Reilly

695 769 249 29 Vice-President
957 775 5 19 :
988 765 42 27 Mr
1051 764 27 27 T.
1101 761 143 35 Thompson

762 817 93 29 Judge
866 826 5 18 :
890 816 43 26 Mr
945 813 102 28 Louden

894 866 128 27 Starter
1034 873 5 18 :
1060 863 41 26 Mr
1114 861 61 26 Bain

726 918 102 28 Clerk
839 926 34 18 of
886 916 125 27 Course:
1025 912 42 27 Mr
1078 912 29 25 A.
1119 908 102 29 Gordon

697 967 97 28 Clerk
814 975 35 19 of
863 965 120 28 Scales:
1006 962 42 27 Mr
1060 961 86 27 James
1160 957 88 28 Elliott

801 1016 192 26 Timekeeper
1003 1021 6 18 :
1027 1011 44 26 Mr
1086 1009 69 35 Boyd

733 1066 160 27 Secretary
903 1072 6 17 :
928 1061 43 26 Mr
985 1059 90 27 Dunne

890 1110 161 26 Treasurer
1063 1115 5 17 :
1086 1104 43 27 Mr
1141 1102 72 34 Boyd

699 1162 145 28 Stewards
856 1170 5 16 :
880 1159 94 26 Messrs
989 1156 71 30 Bain,
1073 1153 79 36 Boyd,
1162 1151 86 28 James

768 1198 97 32 Elliott,
891 1196 117 34 Spooner,
1038 1193 53 26 Jos.
1116 1190 132 29 Tamblvn,

768 1235 88 30 Peake,
880 1232 111 32 Louden,
1005 1230 112 31 Gordon,
1140 1229 90 35 Thomp-

768 1282 52 24 son,
834 1272 94 35 Young
947 1270 49 27 and
1008 1270 102 26 Graves.

851 1349 252 30 PROGRAMME.

703 1399 157 40 (Approved
872 1399 35 36 by
917 1396 127 30 Dunedin
1050 1395 107 37 Jockey
1168 1393 81 37 Club)

837 1447 9 26 IMaiden1
852 1445 152 27 Maiden
1026 1442 96 27 Plate.

703 1485 36 28 Of
753 1487 89 26 ssovs.
882 1484 54 27 For
948 1483 108 27 district
1076 1482 93 26 horses
1192 1479 61 27 that

776 1525 66 27 |i:.ve
857 1533 83 17 never
952 1532 62 18 won
1029 1520 91 38 public
1142 1529 109 27 money.

776 1562 110 35 Weight
899 1563 42 28 for
951 1572 62 28 age.
1046 1560 137 34 Distance,
1195 1558 58 36 fof

772 1615 11 17 h
802 1603 72 29 mile.
914 1602 147 34 Entrance,
1075 1600 40 29 ss.

766 1654 48 26 2
821 1651 144 29 Handicap
987 1650 113 28 Maiden
1122 1648 75 28 Trot

700 1691 36 28 Of
762 1697 36 22 (x
813 1701 38 16 vs.
901 1691 54 28 For
974 1690 96 28 horses
1095 1687 62 29 that
1183 1687 69 28 have

773 1741 85 18 m-vrr
882 1739 59 19 won
955 1739 16 18 a
983 1728 94 38 public
1089 1731 66 25 trot.
1194 1727 59 28 The

773 1770 101 29 second
885 1770 79 28 horse
975 1773 29 24 to
1014 1767 106 30 receive
1129 1768 34 28 1
1180 1766 72 29 from

773 1811 47 28 the
830 1810 102 29 stakes.
971 1808 140 34 Distance,
1125 1809 6 26 1
1165 1807 86 28 miles.

772 1853 44 27 J\o
842 1849 103 38 weight
978 1848 87 29 under
1100 1848 29 28 11
1164 1851 87 25 stone.

773 1891 147 35 Entrance,
936 1890 39 29 6s.

752 1938 210 29 3Roxburgh
980 1935 63 30 J.C.
1063 1935 146 29 Handicap

700 1978 38 29 Of
754 1978 106 29 lOsovs.
901 1976 108 29 {Second
1020 1975 80 29 horse
1110 1979 29 23 to
1150 1974 105 28 receive

775 2019 38 29 2
828 2018 72 29 from
914 2016 46 30 the
971 2016 102 30 stakes.
1113 2014 141 36 Distance,

776 2061 12 26 1
804 2058 74 29 mile.
917 2060 147 31 Entrance,
1080 2056 54 28 10s.

773 2108 55 28 4
830 2107 143 29 Handicap
1000 2105 81 29 Hack
1105 2103 75 29 Rack

700 2148 35 30 Of
750 2148 92 29 ssovs.
880 2147 56 29 For
948 2147 108 28 district
1070 2145 94 29 horses
1178 2143 74 38 only.

773 2188 68 29 Post
861 2191 89 34 entry.
990 2186 140 35 Distance,
1154 2185 12 35 %
1190 2183 29 30 of
1238 2194 14 18 a

771 2228 73 29 mile.
884 2229 147 31 Entrance,
1046 2227 40 27 ss.

729 2279 140 29 sFirst
887 2277 146 30 Handicap
1056 2275 74 31 Opkn
1146 2275 76 30 Trot

697 2319 38 30 Of
748 2320 110 28 lOsova.
898 2317 108 30 Second
1014 2317 81 28 horse
1103 2321 28 23 to
1146 2315 105 29 rerviv*'

771 2360 37 28 2
823 2359 71 28 from
908 2357 47 30 the
969 2357 101 28 stakes.
1112 2355 139 35 Distance,

771 2401 16 27 2
802 2399 87 29 miles.
928 2397 45 29 No
992 2397 102 38 weight
1115 2396 88 29 under
1222 2398 23 25 11

771 2444 87 25 stone.
898 2439 147 33 Entrance,
1065 2439 54 26 10s.

809 2486 54 29 6
865 2484 104 30 Flying
995 2484 145 29 Handicap

698 2527 36 30 Of
748 2527 109 35 7sovs.
899 2524 107 30 Second
1015 2524 79 28 horse
1103 2527 30 25 to
1146 2522 106 29 receive

774 2567 37 29 1
830 2566 47 29 10s
891 2565 69 29 from
975 2564 46 29 the
1047 2563 102 30 stakes.
1190 2562 48 30 Dis-

773 2612 90 30 tance,
886 2608 16 27 6
929 2606 135 37 furlongs.
1104 2604 148 35 Entrance,

773 2649 31 28 7s
817 2647 46 30 6d.

727 2698 16 28 7
745 2696 148 29 Second
908 2695 142 28 Handicap
1064 2693 76 29 Opkn
1154 2692 73 29 Trot

700 2736 37 30 Of
900 2734 107 29 Second
1021 2733 80 28 horse
1110 2736 28 25 to
1148 2733 105 28 receive

774 2778 35 29 1
827 2777 49 29 10s
889 2776 71 28 from
980 2775 48 28 the
1049 2773 103 30 stakes.
1191 2773 48 29 Dis-

777 2825 88 28 tance,
896 2818 31 35 1
953 2815 87 29 miles.
1078 2814 44 28 No
1151 2815 104 36 weight

775 2858 88 30 under
874 2858 27 28 11
910 2861 87 25 stone.
1019 2855 234 35 Entrance,6st>d.

703 2936 125 31 RULES
858 2935 82 29 AND
970 2932 283 31 REGULATIONS.

741 2990 26 29 1.
785 2987 193 31 Nominations
989 2986 45 29 for
1044 2986 47 28 the
1099 2985 156 38 Roxburgh

704 3030 106 36 Jockey
821 3029 71 27 Club
902 3027 154 35 Handicap,
1067 3026 102 37 Flying
1178 3025 58 27 Han-

705 3069 88 38 dicap,
807 3067 54 30 and
875 3067 47 29 the
937 3066 74 29 First
1022 3065 144 38 Handicap
1176 3065 78 38 Open

705 3110 66 29 Trot
785 3114 73 24 must
871 3109 34 28 be
919 3111 62 25 sent
994 3111 29 24 to
1043 3107 46 28 the
1112 3108 141 35 Secretary

704 3153 49 25 not
765 3149 70 29 later
847 3149 67 28 than
927 3147 47 29 the
996 3147 75 28 22nd
1093 3146 161 34 December,

706 3190 79 35 1897,
799 3193 29 25 at
843 3189 34 28 10
891 3198 66 28 p.m.
996 3186 160 38 Handicaps
1165 3190 29 24 to
1206 3196 32 28 ap-

702 3241 67 28 pear
780 3230 27 29 in
822 3230 47 28 the
889 3229 103 28 Mount
1011 3227 114 29 Bengek
1139 3228 75 27 Mail
1227 3226 29 29 of

702 3272 47 28 the
762 3272 69 27 24th
844 3269 162 29 December.

740 3312 25 30 2.
786 3310 110 30 Entries
921 3309 45 30 for
989 3308 48 29 the
1061 3307 82 30 Hack
1171 3307 82 37 Race,

701 3352 112 28 Maiden
827 3350 76 36 Trot,
917 3349 55 29 and
987 3348 106 29 Second
1107 3348 146 38 Handicap

700 3391 68 31 Trot
780 3394 75 27 must
867 3390 36 30 be
915 3388 110 31 handed
1037 3389 28 28 in
1079 3391 28 26 to
1126 3388 46 29 the
1187 3387 49 30 Sec-

700 3436 93 36 retary
806 3431 97 31 before
915 3430 48 30 the
974 3429 150 41 preceding
1145 3439 63 19 race
1228 3429 23 29 is

700 3484 61 25 run,
776 3484 30 18 so
819 3483 30 19 as
861 3476 30 25 to
903 3472 80 28 allow
996 3471 66 28 time
1082 3470 44 28 for
1147 3470 91 29 declar-

699 3514 51 39 ing
763 3514 48 29 the
823 3512 160 39 handicaps.

737 3556 26 28 8.
785 3553 117 30 District
914 3552 94 30 horses
1021 3551 56 29 and
1098 3561 105 19 owners
1222 3558 29 22 to

699 3595 35 29 be
759 3594 124 29 resident
913 3592 29 28 in
967 3592 48 29 the
1039 3591 108 29 district
1174 3591 75 29 three

700 3634 128 30 calendar
840 3632 112 30 months
973 3631 74 39 prior
1072 3634 29 26 to
1126 3630 125 39 January

700 3677 52 35 Ist,
781 3674 80 30 1898.
900 3672 125 37 District,
1050 3671 36 30 25
1110 3671 79 31 miles
1213 3671 37 40 by

698 3717 74 28 main
785 3715 76 29 road.

734 3758 28 28 4.
781 3756 60 29 The
872 3754 73 30 rules
974 3753 30 29 of
1028 3752 97 39 racing
1149 3752 31 30 of
1203 3752 46 30 the

698 3796 199 38 Metropolitan
922 3793 106 39 Jockey
1056 3793 70 30 Club
1151 3793 30 29 of
1202 3793 47 29 the

697 3838 110 29 district
819 3836 56 29 will
888 3835 35 29 be
942 3834 108 38 strictly
1071 3833 119 30 adhered
1211 3838 37 25 to.

735 3878 26 28 5.
782 3876 59 29 The
854 3876 104 28 winner
970 3874 29 30 of
1025 3874 46 28 the
1094 3874 154 38 Roxburgh

696 3918 110 38 Jockey
820 3916 71 30 Club
914 3914 146 38 Handicap
1083 3921 28 21 to
1136 3925 78 28 carry
1233 3925 16 17 a

696 3958 114 40 penalty
820 3957 30 30 of
862 3956 62 29 101b
935 3956 27 28 in
973 3956 46 28 the
1031 3955 100 39 Flying
1141 3955 90 29 Handi-

694 4009 61 30 cap.

732 4041 29 29 &
780 4039 60 29 The
852 4038 133 37 Trotting
997 4046 75 20 races
1081 4037 54 28 will
1148 4036 35 30 be
1196 4047 50 19 run

697 4079 90 29 under
799 4079 47 28 the
856 4077 75 30 rules
954 4077 29 29 of
1005 4076 129 40 Trotting
1147 4076 29 30 of
1201 4076 47 29 the

696 4120 129 31 Dunedin
839 4118 108 40 Jockey
961 4117 80 30 Club.

736 4162 24 29 7.
783 4161 46 28 All
843 4159 184 30 nominations
1039 4162 28 25 to
1087 4159 36 28 be
1142 4168 89 19 accom-

698 4201 101 40 panied
818 4201 38 38 by
877 4200 67 36 fees,
969 4199 54 30 and
1043 4203 29 24 to
1096 4203 72 24 state
1187 4208 61 29 age,

698 4243 104 35 colour,
814 4241 55 29 and
882 4240 131 39 pedigree
1026 4240 28 28 of
1066 4239 89 35 horse,
1168 4248 81 19 name

698 4283 29 29 of
740 4292 93 21 owner
851 4279 56 32 and
920 4280 107 30 colours
1039 4279 29 30 of
1081 4279 93 36 rider;
1194 4278 54 30 and

698 4323 28 28 in
740 4323 47 28 the
799 4322 82 30 Trots
893 4332 17 17 a
922 4321 46 29 list
993 4321 29 28 of
1046 4321 203 37 performances

699 4366 74 25 must
785 4363 35 29 be
832 4362 94 39 given.
964 4360 46 29 All
1023 4360 96 29 horses
1128 4363 73 25 must
1213 4360 35 27 be

698 4403 97 28 ridden
808 4402 27 29 in
849 4402 117 34 colours,
992 4400 54 29 and
1072 4410 53 27 any
1146 4399 102 39 jockey

700 4443 92 38 riding
816 4447 99 34 except
948 4443 30 27 in
1004 4440 106 29 colours
1135 4439 113 29 entered

698 4492 62 28 may
774 4483 35 28 be
821 4483 82 28 fined.

736 4524 27 27 8.
783 4521 46 30 All
842 4522 133 39 disputes,
997 4519 105 36 claims,
1124 4518 54 30 and
1200 4519 33 28 ob-

698 4561 118 40 jections
825 4562 104 40 arising
942 4565 48 26 out
998 4560 29 31 of
1037 4560 47 30 the
1091 4570 76 19 races
1181 4559 68 30 shall

701 4603 35 28 be
749 4603 113 28 decided
884 4603 38 37 by
948 4603 46 27 the
1020 4601 141 35 stewards,
1180 4600 71 29 their

701 4641 120 30 decision
835 4646 28 25 to
876 4643 35 27 be
924 4641 73 28 final.
1036 4640 110 29 Entries
1168 4644 28 25 to
1216 4640 35 29 be

701 4682 125 29 received
839 4682 64 38 only
915 4692 35 19 on
962 4681 77 29 these
1049 4681 164 29 conditions.

737 4721 156 30 N.B.No
918 4726 79 32 entry
1029 4732 31 18 or
1087 4724 164 36 acceptance

702 4762 54 29 will
784 4763 36 28 be
847 4761 125 30 received
1003 4772 35 19 on
1065 4771 52 29 any
1143 4765 109 35 pretext

702 4802 138 28 whatever
851 4802 74 27 after
936 4801 47 28 the
996 4801 67 28 time
1076 4801 138 39 specified.

893 4853 32 30 P.
945 4853 28 30 J.
994 4853 146 37 DUNNE,

969 4900 75 30 Hon.
1060 4901 153 37 Secretary.

701 4977 221 56 JONES'S
1011 4977 239 58 QOALPIT,

846 5066 100 30 COAL
967 5065 138 31 CREEK.

739 5171 86 30 'EST
845 5170 157 31 LIGNITE
1021 5171 29 29 in
1070 5171 48 29 the
1138 5170 115 30 District

792 5212 44 30 for
868 5212 143 39 Steaming
1036 5222 31 20 or
1091 5211 162 31 Household

703 5262 132 29 purposes
851 5252 139 30 delivered
1002 5255 67 25 at

958 5302 81 32 Cash.
1107 5301 125 31 Booked.

699 5344 154 40 Roxburgh
922 5367 30 8 ...
977 5344 48 29 10s
1083 5344 49 28 Us
1145 5353 49 29 per
1204 5346 48 26 ton

699 5384 57 31 The
770 5385 46 29 Pit
925 5409 29 6 ...
997 5385 30 29 5s
1102 5384 32 29 6s

698 5424 153 40 Roxburgh
891 5424 68 30 East
979 5425 48 28 lis
1086 5423 48 29 12s

698 5464 57 30 The
767 5464 130 39 Dredges
925 5487 30 7 ...
978 5463 132 29 Contract
1129 5463 103 29 Prices.

735 5569 58 28 The
815 5568 159 38 Proprietor
987 5567 50 28 has
1049 5567 101 35 special
1163 5567 76 29 facili-

698 5609 51 29 ties
759 5609 44 29 for
817 5609 123 38 delivery
953 5607 27 29 in
995 5617 54 28 any
1071 5612 63 34 part
1154 5607 31 30 of
1202 5608 49 29 the

698 5649 124 36 District,
851 5649 52 29 and
933 5648 160 29 Customers
1117 5657 63 29 may
1192 5648 59 39 rely

698 5699 35 19 on
746 5690 84 39 being
842 5688 140 41 promptly
997 5687 135 40 supplied.

737 5739 101 30 Orders
852 5750 64 29 may
929 5738 35 29 be
977 5737 51 30 left
1041 5741 29 26 at
1089 5737 47 31 the
1148 5737 104 32 Mount

698 5781 115 30 Benger
826 5781 77 29 Mail
915 5779 94 31 Office.

1270 203 42 26 T>
1320 202 186 31 OXBURGH
1571 205 253 30 ORCHESTRAL

1270 233 47 22 XL
1451 243 194 31 SOCIETY'S

1346 294 160 45 FOURTH
1543 297 203 52 CONCERT,

1268 354 36 27 To
1317 355 64 25 raise
1395 354 87 28 Funds
1502 362 25 21 to
1546 356 96 27 further
1654 356 90 27 reduce
1758 355 67 29 Debt

1334 401 32 17 on
1381 391 176 34 Instruments,
1572 393 49 27 will
1635 393 29 27 be
1678 393 56 27 held
1747 393 26 28 in

1416 442 171 22 ATHENAEUM
1604 443 74 21 HALL

1307 480 42 30 On
1369 481 214 30 THURSDAY
1603 482 185 36 EVENING,

1368 521 72 28 16th
1463 522 168 34 December,
1654 523 71 27 1897.

1271 572 159 26 Admission
1705 571 29 27 2s
1752 571 22 27 &
1790 572 34 26 Is.

1357 640 131 30 DANCE
1509 642 48 28 TO
1577 642 170 29 FOLLOW.

1275 682 141 28 Admission
1419 683 124 32 Gents,
1556 683 39 33 Is;
1617 682 88 28 Ladies
1719 683 107 28 Invited.

1436 731 25 26 J.
1482 731 26 27 S.
1527 731 197 33 MORRISON,

1656 769 66 28 Hon.
1739 770 54 27 Sec.

1274 831 140 32 TEVIOT
1424 831 218 32 WESLEYAN
1657 833 171 33 CHURCH.

1277 946 13 21 l
1309 938 43 29 \N
1374 937 113 40 Sunday
1503 939 123 29 Services
1640 939 56 30 will
1718 940 34 29 be
1767 950 48 19 con-

1363 979 101 30 ducted
1478 991 29 18 as
1521 980 140 29 follow:

1276 1035 111 26 Roxburgh
1398 1035 20 23 (7
1427 1035 120 26 p.m.)Mr
1560 1035 22 21 J.
1593 1035 86 20 Watsnn

1498 1062 43 22 Tl>e
1551 1063 63 20 Great

1276 1089 48 22 Coal
1336 1089 66 22 Crefk
1410 1090 21 25 (3
1441 1089 119 26 p.m.)-Mr
1570 1090 21 20 J.
1603 1091 86 20 Watson

1278 1117 79 21 Ettrick
1365 1117 28 25 (H
1407 1118 82 24 a.m.)
1498 1117 27 21 Mr
1536 1117 22 22 J.
1569 1117 87 22 Watcou

1367 1145 150 26 (7p.m.)-Mr
1525 1145 21 22 J.
1558 1145 62 21 Kitto

1417 1205 97 30 FOR
1553 1206 96 29 SAL
1665 1207 31 30 E.

1536 1285 127 30 SHARE
1677 1286 25 29 in
1720 1285 113 30 Wan-en

1368 1326 55 29 and
1439 1326 74 30 Co.'s
1529 1326 86 30 Claim
1626 1334 29 23 at
1669 1327 165 30 Poimili:ika.

1317 1368 25 27 A
1344 1378 37 27 VP
1384 1367 6 27 ]
1393 1378 27 27 Y>

1449 1407 120 30 JABEZ
1595 1407 165 37 BURTON,

1652 1447 148 32 Roxburgh.

1384 1516 110 29 FOR
1571 1517 171 29 SALE.

1330 1600 112 41 fORSE
1462 1602 53 28 and
1537 1601 157 29 First-el:,-*
1720 1602 87 30 S>vd

1381 1647 59 25 cart
1452 1644 53 27 and
1525 1642 168 30 Harness.
1701 1645 90 36 Ayplv

1492 1694 85 28 Office
1591 1694 28 29 of
1633 1695 54 27 tin's
1703 1694 95 33 Paper.

1365 1763 156 29 DREDGE
1546 1763 76 30 FOR
1649 1764 105 29 SALr.

1284 1841 194 45 'RENDERS
1501 1842 48 26 will
1573 1840 29 28 bp
1624 1841 108 27 iwHved
1750 1841 28 25 l.v
1797 1842 38 24 !*

1292 1874 30 21 -*-
1360 1880 167 27 undf-rsicned
1540 1889 33 24 up
1584 1879 35 26 till
1633 1879 58 26 18sh
1707 1878 108 26 PM'fCM-

1285 1915 79 32 BER,
1379 1917 37 28 for
1430 1917 41 28 the
1485 1918 115 27 STEAM
1618 1917 61 26 DRI
1694 1916 73 27 DGK
1781 1926 52 17 i,m

1409 1962 24 17 at
1443 1955 117 32 Tuapeka
1572 1955 88 25 Mouth
1711 1955 125 25 Pontoons

1283 1990 93 35 (kauri)
1397 1991 61 31 COfr,
1472 1990 139 37 compound
1629 1990 91 37 12-b.p.
1739 1990 97 36 Eriginp

1285 2028 30 37 by
1328 2029 168 34 Avelinpand
1511 2029 93 32 Pnrtpr,
1618 2028 43 27 140
1661 2028 43 27 ibs
1715 2038 120 25 pressure,

1283 2067 115 31 working
1412 2075 30 18 on
1457 2066 32 29 .*H
1504 2066 61 34 baps
1579 2065 60 28 Coal
1661 2075 14 16 a
1694 2066 66 31 shift,
1776 2065 57 28 with

1267 2102 1 37 ;
1286 2103 107 28 Buckets
1419 2105 42 34 ('J~
1477 2103 52 27 cub.
1553 2104 68 32 feet),
1644 2102 99 32 Screen,
1769 2103 65 27 StppJ

1266 2138 2 36 i
1283 2142 70 27 Wire
1367 2141 91 33 Ropes,
1473 2142 70 31 Boat,
1558 2141 47 27 and
1619 2141 121 32 complete
1754 2140 80 29 outfit.

1318 2189 17 24 A
1361 2188 95 25 (b'Dfi-it
1475 2187 28 26 of
1520 2187 31 27 10
1565 2197 42 25 per
1619 2194 66 19 cent,
1699 2193 25 19 to
1738 2196 78 18 accom-

1282 2235 62 25 pnriv
1361 2225 92 27 fpnder.

1318 2269 150 27 funiculars
1482 2278 29 17 on
1527 2268 149 37 application
1691 2274 25 20 to

1421 2321 158 28 PILLING
1605 2321 117 36 BROS.,

1454 2361 186 29 Sharebrokprs,
1658 2360 141 29 Lawrencp.

1264 2422 2 31 !
1315 2422 177 30 TENDERS
1513 2423 75 29 FOR
1608 2423 187 30 CARTAGE.

1299 2501 101 29 Teviot
1434 2512 54 19 and
1517 2501 170 28 Alexandra
1718 2501 38 28 Fi<

1367 2542 134 29 gkowers'
1523 2541 141 30 Company,
1690 2542 61 29 Lid.

1388 2656 165 30 CARTAGK
1579 2656 44 30 OF
1651 2657 66 27 5000
1743 2658 91 27 TON'S

1283 2697 44 27 OF
1346 2696 110 27 FRUIT
1473 2698 81 33 (more
1579 2707 26 15 or
1631 2695 57 35 Ipss)
1717 2696 57 26 I'mik
1794 2704 38 17 :.<

1281 2735 89 26 Teviot
1385 2735 105 26 District
1512 2741 24 19 to
1562 2733 132 28 Lawrence
1724 2732 109 28 Kaiiv:sv

1283 2773 106 27 Station.

1318 2809 186 36 Specifications
1518 2817 25 17 to
1558 2810 27 24 he
1599 2820 55 16 seen
1667 2811 46 25 arid
1734 2809 100 27 (Viidei>

1267 2847 2 33 i
1284 2855 24 19 to
1322 2848 29 26 be
1364 2848 89 31 lrdged
1474 2848 58 26 with
1555 2847 58 27 Josi
1626 2856 37 18 pn
1685 2848 149 29 Tamblyn,

1267 2884 2 37 I
1283 2886 60 26 Coal
1358 2885 87 32 Creek,
1456 2895 31 17 on
1498 2895 27 17 or
1537 2884 80 28 before
1631 2884 204 37 SATURDAY,

1267 2923 2 34 I
1283 2924 72 26 18th
1371 2923 97 27 INST.,
1483 2929 25 21 at
1524 2925 8 25 1
1550 2933 48 24 p.m

1317 2961 52 26 The
1383 2960 85 27 lowest
1481 2970 27 17 or
1522 2969 47 27 any
1588 2960 90 27 lender
1694 2968 41 19 not
1750 2969 70 20 neces-

1282 2998 77 36 sarily
1373 2998 122 35 acceptpd.

1390 3046 135 28 JOSEPH
1545 3046 186 32 TAMIU.YX,

1666 3085 72 26 S-cie
1741 3093 7 11 f
1751 3095 42 15 *rv

1350 3146 106 29 LAND
1475 3145 202 30 TRANSFER
1699 3146 73 28 ACT

1466 3185 176 31 NOTICES.

1373 3305 93 28 several
1480 3305 96 37 parcels
1587 3307 24 25 of
1622 3304 56 28 land
1691 3305 147 26 hereinafter

1281 3342 126 28 described
1428 3342 49 28 will
1504 3344 28 26 be
1557 3343 111 33 brought
1691 3342 79 27 under
1796 3343 41 26 the

1282 3380 139 35 provisions
1434 3381 28 27 of
1562 3380 69 28 Land
1653 3379 112 28 Transfer
1780 3381 55 31 Act,

1281 3418 74 35 1885,
1369 3418 84 27 unless
1466 3425 86 21 caveat
1576 3418 29 27 be
1631 3417 90 32 lodged
1742 3417 78 27 forbid-

1280 3457 65 34 ding
1369 3457 43 26 the
1435 3466 68 18 same
1529 3457 87 26 within
1644 3466 47 17 one
1724 3455 114 29 calendar

1280 3493 87 28 month
1391 3493 63 28 from
1482 3494 41 27 the
1546 3494 58 27 date
1629 3493 27 27 of
1682 3493 151 35 publication

1279 3531 84 28 hereof
1376 3531 25 28 in
1415 3531 42 28 the
1506 3532 65 27 New
1585 3531 109 27 Zealand

1315 3582 115 27 Sections
1442 3582 16 26 9
1473 3581 49 27 and
1537 3582 39 31 10,
1592 3580 81 28 Block
1685 3581 61 29 XI.,
1757 3580 77 26 Town

1383 3618 24 26 of
1419 3618 145 33 Roxburgh.
1595 3618 54 26 The
1661 3617 89 27 Public
1759 3618 60 25 Trus-

1384 3660 46 30 tee,
1461 3655 137 38 applicant.
1652 3655 126 36 Occupied
1805 3654 29 36 by

1381 3693 69 29 Julia
1464 3694 75 36 Gray.
1578 3694 48 27 No.
1643 3694 14 26 4
1661 3693 1 37 ,
1663 3693 53 28 324.

1313 3745 135 35 Diagrams
1467 3752 57 28 may
1551 3743 28 28 be
1606 3742 126 38 inspected
1748 3749 24 20 at
1788 3743 47 25 this

1278 3781 82 27 Office.

1315 3818 79 28 Dated
1421 3818 49 28 this
1496 3818 43 28 oth
1565 3818 49 37 day
1638 3818 29 27 of
1691 3817 142 31 December,

1280 3857 72 33 1897,
1379 3864 26 19 at
1428 3859 40 24 the
1496 3856 83 27 Lands
1607 3857 118 35 Registry
1751 3855 83 33 Office,

1280 3893 125 29 Dunedin.

1501 3932 36 29 H.
1560 3931 164 35 TURTON,

1458 3972 104 27 District
1576 3973 71 25 Land
1666 3972 132 29 Rpffistrnr.

1285 4038 61 50 vy
1438 4038 23 27 T
1476 4060 6 7 .
1555 4037 122 29 BOW
1698 4036 24 28 1)
1746 4036 19 28 fcl
1787 4034 25 30 N
1828 4057 6 12 ,

1354 4111 177 28 CARPENTER,
1558 4111 116 26 JOINER,
1703 4110 60 22 AND

1455 4151 208 25 UNDKHTAKEIf,

1277 4203 100 27 Desires
1403 4208 25 20 to
1454 4201 77 28 thank
1558 4201 42 27 the
1633 4199 86 29 Public
1744 4201 25 27 of
1793 4200 42 27 the

1278 4241 105 26 District
1398 4241 38 25 for
1454 4245 56 29 past,
1529 4245 112 28 support,
1660 4239 48 27 and
1729 4238 61 35 begs
1809 4245 25 19 to

1277 4278 90 28 inform
1399 4277 66 27 ihem
1501 4278 54 26 that
1587 4276 29 27 he
1647 4275 44 29 has
1721 4275 112 29 resumed

1280 4316 121 28 Business
1414 4316 25 25 in
1454 4313 149 33 Roxburgh.

1278 4402 136 25 Estimates
1426 4401 73 35 given
1511 4400 47 26 and
1571 4400 121 37 Building-
1703 4400 132 28 Contracts

1381 4450 28 26 of
1424 4448 32 28 all
1477 4448 73 28 kinds
1568 4450 154 26 undertaken

1316 4546 75 28 Plans
1405 4546 48 28 and
1473 4546 186 37 Specifications
1673 4546 124 37 prepared.

1283 4639 216 31 ROXBURGH
1508 4640 159 29 BAKERY
1678 4640 24 29 &
1714 4639 119 30 STORE

1281 4741 180 55 Eobt.
1490 4741 343 66 KJnaston,

1301 4829 142 37 BAKER,
1471 4827 297 33 CONFECTIONER
1792 4826 24 31 &

1416 4878 285 36 STOREKEEPER,

1320 4936 150 22 SCOTLAND
1492 4936 113 26 STREET,
1628 4934 169 23 ROXBURGH.

1319 5031 76 31 R.K.
1405 5032 103 29 desires
1523 5034 29 26 to
1565 5030 89 29 thank
1667 5030 48 29 the
1727 5028 93 30 inhabi-

1282 5075 76 25 tants
1371 5072 30 29 of
1416 5071 155 38 Roxburgh
1583 5070 54 29 and
1649 5068 183 38 surrounding

1281 5111 124 31 districts
1429 5113 44 29 for
1492 5111 48 30 the
1563 5113 116 36 support
1701 5108 133 31 accorded

1281 5152 56 29 him
1351 5153 28 28 in
1392 5153 49 29 the
1453 5156 71 35 past,
1539 5151 54 29 nd
1607 5156 28 23 to
1644 5151 100 28 inform
1759 5149 76 28 them

1283 5192 61 30 that
1356 5193 119 40 nothing
1489 5191 54 30 will
1558 5192 34 29 be
1605 5190 125 40 wanting
1743 5200 35 19 on
1791 5188 43 30 his

1281 5238 62 33 part
1355 5234 27 27 in
1394 5235 48 27 the
1454 5235 92 27 future
1557 5236 29 24 to
1595 5231 81 28 merit
1684 5242 17 17 a
1709 5230 111 29 continu-

1280 5283 68 19 ance
1360 5273 30 29 of
1403 5273 72 29 their
1487 5275 125 35 support.

1309 5362 141 22 WEDDING
1468 5362 64 22 AND
1550 5360 151 22 BIRTHDAY
1718 5358 92 23 CAKES

1428 5396 83 23 MADE
1529 5395 36 22 TO
1577 5393 105 23 ORDER.

1280 5443 125 27 SOIREES,
1427 5442 113 22 PICNICS
1561 5441 18 20 k
1598 5439 87 22 BALLS
1701 5437 134 22 CATERED

1323 5478 56 21 FOR
1394 5477 37 22 ON
1448 5477 58 20 THE
1519 5473 146 23 SHORTEST
1682 5471 114 23 NOTICE.

1283 5518 127 42 Nothing
1423 5519 52 29 but
1488 5517 46 30 the
1548 5517 63 30 best
1619 5513 123 32 material
1757 5513 76 30 used.

1280 5614 79 22 GOOD
1372 5611 186 25 ASSORTMENT
1567 5610 37 21 OF
1612 5609 166 26 GROCERIES,
1788 5608 45 26 4c,

1484 5645 40 21 ON
1541 5643 92 23 HAND.

1301 5741 59 35 $Sg
1369 5738 120 32 Liberal
1508 5734 139 33 Discount
1659 5742 50 21 fob
1730 5731 84 31 Cash.

1856 235 176 43 DUNEDIN
2048 231 141 46 PRICES
2201 231 30 42 &
2245 228 163 45 VALUES

1855 453 76 31 NOT
1950 454 75 30 FOR
2044 454 77 32 ONE
2135 451 138 31 MONTH
2293 449 115 37 ONLY,

1878 593 77 43 ALL
1987 594 79 43 THE
2099 593 108 42 YEAR
2237 590 150 55 ROUND,

2115 668 32 20 BY

1863 736 89 58 W.
1977 733 434 67 11TALBOYS,

1995 825 286 40 IfOXBURGH,

2038 933 2 36 l
2091 934 30 28 of
2140 933 43 28 his

2056 994 126 38 :ter

2067 1054 263 41 DRAPERY

1863 1117 28 26 at
1917 1115 92 29 Prices
2028 1117 88 29 which
2135 1116 106 29 MUST
2263 1113 152 31 Command

1950 1156 47 28 the
2010 1157 145 29 Attention
2172 1157 29 28 of
2213 1156 116 38 Buyers.

1954 1314 102 61 Ccje
2082 1314 63 41 and
2173 1312 66 42 See
2263 1311 68 43 Our

1869 1391 43 30 All
1937 1389 79 29 Wool
2043 1388 173 39 Wellington
2241 1385 126 38 Flannel,
2389 1388 29 26 at

1947 1436 24 22 Is
1990 1432 28 26 Id
2032 1441 46 27 per
2090 1430 67 38 yard

1874 1484 91 29 White
2000 1483 129 34 Calicoes,
2154 1481 69 29 from
2252 1480 29 27 2s
2309 1478 34 29 fid
2370 1487 47 29 per

1941 1525 24 27 i!i
1978 1534 45 19 zen
2270 1530 7 11 '

1872 1578 26 26 Si
1908 1577 72 33 riped
1999 1575 122 29 Ftonm-U
2129 1578 62 30 ttes,
2203 1573 68 26 from
2283 1572 29 26 2s
2324 1570 34 28 9d
2369 1580 49 28 per

1871 1674 92 25 White
2168 1667 111 34 (double
2318 1666 99 35 width(

1943 1714 28 23 if.
1986 1722 22 15 in
2067 1710 28 34 H
2112 1719 47 26 per
2172 1707 67 37 yard

1871 1762 94 29 While
1978 1759 118 46 Tnijish
2109 1758 114 34 Tovvck,
2235 1757 70 29 from
2327 1758 31 26 4s
2382 1756 33 28 Gd

1940 1812 48 29 pe*
2001 1803 83 26 ii-It'll

1868 1848 86 29 Linen
1969 1846 218 39 Tv.hltijjrs.fnirn
2204 1846 27 26 Is
2241 1844 35 27 3d
2290 1853 49 28 per
2349 1842 66 39 yard

1872 1894 89 29 Men's
1979 1891 194 32 LniT>sWoul
2189 1890 92 37 Punts,
2305 1890 31 29 2s
2364 1889 51 31 lid

1941 1945 49 28 per
2004 1935 58 37 pah-

1869 1975 87 28 Men's
1972 1975 98 28 Cotton
2086 1972 94 35 Pants,
2193 1972 70 27 from
2274 1972 30 27 Is
2318 1970 34 29 3d
2367 1980 50 28 per

1940 2015 59 38 pair

1868 2055 137 30 Coloured
2026 2054 59 29 Silk
2100 2051 231 36 Handkerchiefs,
2345 2052 70 29 from

1936 2097 28 27 Is
1978 2095 66 29 each

1867 2135 89 30 Men's
1972 2136 62 29 Soft
2048 2134 60 31 Felt
2122 2135 81 34 Hats,
2214 2133 69 28 from
2310 2133 27 28 Is
2363 2133 51 29 lid

1938 2176 65 30 each

1866 2218 63 28 fteal
1945 2217 69 29 Bear
2028 2217 78 38 Long
2118 2217 55 28 Fur
2186 2215 80 33 Boas,
2280 2214 70 29 from
2367 2217 48 27 12s

1938 2258 33 27 (id
1985 2257 66 28 each

1865 2344 120 29 DRESS
2022 2345 141 29 STUFFS
2196 2346 27 28 in
2260 2343 155 36 SERGES,

1910 2384 168 38 TWEEDS,
2098 2386 134 29 &cAll
2251 2385 126 29 reduced.

2073 2469 22 26 A
2119 2467 51 29 Lot
2184 2468 29 27 of

1868 2514 177 30 MANTLES
2076 2514 22 30 &
2122 2515 283 29 WATERPROOFS

1884 2569 37 28 At
1937 2568 88 39 prices
2039 2567 85 29 which
2140 2572 71 25 mnst
2226 2568 74 29 clear
2312 2568 85 29 them.

1942 2651 16 26 A
1981 2648 128 40 Splendid
2127 2651 174 27 Assortment
2314 2648 29 30 of

1868 2697 112 30 MEN'S
2015 2698 23 28 &
2075 2697 104 30 ROYS'
2210 2697 206 35 CLOTHING,

1950 2737 177 34 HOSIERY,
2152 2738 181 36 SCARVES,

2033 2779 47 30 SH
2100 2780 77 35 RTS,
2198 2779 49 31 &c.

1868 2859 115 31 MEN'S
2029 2860 136 29 TWEED
2213 2861 110 29 MJiTS
2370 2862 48 29 TO

1932 2901 192 34 MEASURE,
2148 2902 49 28 00s
2220 2904 135 38 (special).

1937 2982 24 28 A
1989 2975 58 35 well
2073 2978 123 34 assorted
2224 2984 79 30 stock
2329 2985 29 29 of

1975 3022 117 28 BOOTS
2119 3033 54 18 and
2201 3025 120 29 '-HOES

2027 3063 100 33 always
2140 3075 35 17 on
2189 3064 81 30 hand.

1956 3152 140 41 GRAND
2139 3152 196 43 BAZAAR!

1932 3258 127 28 GRAND
2079 3259 151 26 BAZAAR
2244 3260 54 27 will
2314 3261 31 26 be
2358 3261 63 26 held

1915 3309 6 3 -
1957 3297 27 26 in
1995 3297 45 26 the
2056 3297 152 28 Athenjeum
2223 3297 84 32 Hall,
2317 3297 104 28 Millers

1870 3335 66 31 Flat,
1951 3344 33 16 on

1950 3382 209 31 DECEMBER
2197 3384 141 30 NEXT

1989 3424 62 35 9th,
2077 3426 7 26 1
2091 3424 63 36 oth,
2174 3424 23 30 &
2220 3426 9 28 1
2241 3428 57 34 ITH,

1867 3482 35 28 To
1921 3484 69 26 raise
2012 3483 90 26 Funds
2125 3483 42 26 for
2185 3494 15 16 a
2220 3494 57 17 new
2300 3485 121 27 Catholic

1970 3521 105 26 Church
2089 3522 28 25 in
2130 3520 60 28 that
2203 3521 119 28 District.

1870 3565 99 27 Bazaar
1979 3565 109 35 Opened
2098 3567 27 25 at
2136 3566 14 26 7
2161 3576 17 24 p
2187 3576 26 16 m
2227 3576 34 16 on
2270 3566 148 37 Thursday,

2032 3602 48 26 9th
2100 3602 149 27 December.

1900 3680 177 35 sS|rFiipnrls
2097 3690 44 17 are
2164 3681 128 35 cordially
2316 3682 102 28 invited

1867 3722 26 21 to
1907 3719 63 25 send
1990 3718 103 25 GIFTS
2114 3720 28 24 to
2164 3718 65 26 Miss
2252 3719 116 27 Mullen
2390 3729 29 17 or

1868 3755 55 26 Mrs
1959 3755 80 30 Hart,
2072 3755 153 35 Roxburgh,
2257 3765 27 17 or
2309 3761 27 22 to
2362 3757 56 27 Mrs

1872 3792 75 27 Hand
1959 3802 30 16 or
2002 3792 56 27 Mrs
2072 3793 108 28 Laffey,
2192 3791 103 29 Millers
2308 3793 68 29 Flat.

2100 3841 28 26 P.
2149 3840 165 35 OLEARY,

2283 3880 99 27 Hector.

1889 3958 13 23 i
2279 3953 138 37 HALL,

1889 3995 25 19 a
2029 3993 222 30 ROXBURGH.

1977 4066 70 41 One
2073 4066 101 51 Night
2197 4065 91 52 Only,

1866 4129 61 30 SA'i
1938 4128 145 36 URDAY,
2093 4129 12 28 1
2114 4130 49 27 Ith
2178 4127 94 35 DEC,
2284 4131 28 26 at
2323 4129 16 28 8
2351 4140 66 28 p.m.

2038 4200 55 23 TRR
2112 4200 132 23 GENUINE

1864 4243 138 44 SALON
2034 4229 383 58 CII^EMATOGRAPHE

2090 4303 101 15 SHOWING

1913 4333 121 27 QUEEN'S
2049 4332 119 21 JUBILEE
2370 4332 3 28 '

1914 4360 175 23 MFLBOURVE
2103 4360 160 21 CUP-Omiiu*
2274 4361 98 26 Winning

1913 4386 325 23 OORBETT-FITZSIMMONS
2252 4388 88 21 FIGHT

1912 4415 104 22 TRILBY
2029 4413 31 22 IN
2075 4414 138 22 NATURAL
2226 4415 129 22 COLOURS

1965 4449 48 23 And
2022 4456 12 15 a
2044 4449 53 22 Hojfc
2106 4449 22 21 of
2137 4449 66 21 Other
2212 4449 103 28 Subjects.

2081 4482 47 16 AND
2142 4482 60 16 HEAR

1863 4510 127 24 EDISON'S
1999 4510 67 22 NEW
2076 4510 128 21 CONCERT
2221 4510 197 22 PHONOGRAPH

1863 4579 154 23 ADMISSION
2098 4594 19 7 ..
2223 4595 20 6 ..
2321 4579 22 21 2
2357 4579 16 21 &
2388 4579 29 21 la.

2023 4607 103 25 Children,
2138 4607 51 21 Half
2200 4608 62 20 Price.

2107 4649 36 23 ST.
2160 4649 69 22 HILL
2242 4649 17 21 k
2274 4649 119 22 MOODIE.

3617 4278 226 36 LASSITUDE,

3691 4318 224 37 HKADaCHE,

3766 4358 223 35 BACKACHE,

3840 4408 55 20 and
3918 4398 251 31 INDIGESTION
4180 4398 4 31 -

3692 4441 76 28 ARK
3789 4440 205 29 SYMPTOMS
4010 4440 47 29 Of
4072 4443 25 26 A

3620 4481 245 29 DISORDERED
3887 4480 124 29 LlVfci.

3643 4579 15 12 m
3725 4558 200 31 CLEMENTS
3947 4558 69 29 TON
4017 4558 5 12 T
4025 4558 37 29 IC

3763 4600 37 26 IS
3827 4606 6 19 i
3846 4599 50 27 HE
3916 4598 104 27 ONLY

3619 4637 187 31 RELIABLE
3826 4637 23 29 &
3869 4636 172 31 RADICAL
4055 4635 107 32 CURE.
4175 4671 6 7 k

3726 4718 108 30 HAVE
3853 4717 51 29 NO
3925 4716 137 31 OTHER,

3654 4797 52 27 Mr.
3747 4796 35 28 D.
3828 4795 170 36 Mr/Naught,
4038 4795 127 35 Grafton,

3617 4835 217 37 N.S.W.,writes
3850 4843 34 20 on
3911 4835 59 38 May
3984 4835 78 36 23rd,
4088 4831 91 34 1896:'

3614 4878 71 28 ln
3697 4876 149 39 recogition
3856 4876 29 28 of
3894 4876 46 28 the
3963 4880 79 35 great
4062 4876 103 29 benefit

3615 4918 14 27 I
3640 4918 128 27 obtained
3779 4917 70 27 from
3863 4916 46 27 the
3918 4926 47 18 use
3978 4915 29 30 of
4026 4916 140 28 Clements

3615 4956 93 36 Tonic,
3732 4955 14 29 I
3770 4955 92 29 derive
3895 4965 17 19 a
3940 4958 80 33 great
4045 4954 61 30 deal
4135 4956 30 28 of

3613 4997 124 38 pleasure
3747 4996 27 28 in
3786 4996 118 37 sending
3921 4995 56 29 this
3986 4995 177 30 testimonial.

3615 5037 14 29 I
3667 5036 117 30 suffered
3806 5036 41 28 for
3864 5037 126 27 nineteen
4003 5046 78 28 years
4092 5036 71 28 from

3613 5089 16 17 a
3637 5077 124 29 diseased
3770 5077 78 35 liver,
3859 5076 54 29 and
3927 5076 26 28 in
3976 5086 189 29 consequence

3613 5129 55 19 was
3686 5118 71 29 unfit
3777 5118 43 28 for
3829 5127 53 29 any
3894 5118 89 29 active
3991 5117 171 38 occupation.

3621 5160 50 28 L'he
3695 5158 148 39 complaint
3863 5168 54 18 was
3943 5157 157 29 contracted
4134 5157 29 29 in

3612 5198 90 37 India,
3714 5198 56 30 and
3788 5198 13 30 I
3819 5203 73 25 went
3909 5202 29 25 to
3961 5197 200 39 Southampton

3612 5238 139 38 England,
3773 5238 90 29 where
3878 5238 15 28 I
3930 5237 100 38 placed,
4064 5237 100 38 myself

3612 5280 88 26 under
3725 5278 48 29 Dr.
3947 5299 7 7 .
3974 5277 14 29 I
4007 5277 156 30 sometimes

3611 5324 50 33 got
3673 5318 86 39 slight
3772 5318 77 29 relief
3870 5319 70 27 from
3953 5318 42 29 his
4005 5321 157 26 treatment.

3612 5358 108 30 Fifteen
3742 5359 111 28 months
3874 5368 54 29 ago
3949 5358 14 28 I
3986 5358 177 30 commenced

3611 5398 82 39 using
3722 5398 140 29 Clements
3880 5398 85 29 Tonic
4008 5398 56 28 and
4111 5398 51 30 Dr.

3611 5438 152 28 Fletcher's
3779 5437 76 35 Pills;
3869 5438 98 28 Imust
3991 5437 71 29 have
4075 5438 86 28 taken

3610 5478 125 28 fourteen
3753 5487 31 19 or
3804 5477 93 28 fifteen
3909 5476 111 34 bottles,
4040 5477 104 38 improv-

3610 5517 50 38 ing
3672 5517 65 29 with
3760 5517 65 29 each
3841 5527 61 18 one.
3925 5516 78 37 Now,
4014 5517 22 29 it
4050 5518 24 28 is
4091 5517 72 38 fully

3612 5564 45 22 ten
3669 5557 110 29 mouths
3790 5557 74 28 since
3878 5556 13 28 I
3900 5557 70 28 have
3979 5556 55 29 had
4055 5567 54 27 any
4133 5557 30 29 of

3610 5597 47 29 the
3667 5602 153 34 symptoms
3838 5597 29 28 of
3889 5596 82 30 Liver
3996 5597 167 38 Complaint,

3609 5637 55 29 and
3675 5638 12 27 I
3702 5637 52 29 feel
3763 5638 28 27 in
3805 5637 73 39 good
3887 5637 92 29 health
3989 5637 55 29 and
4054 5638 106 37 vigour.

3609 5677 116 32 With
3758 5687 81 29 many
3871 5677 111 36 thankf,
4005 5677 14 29 I
4050 5678 114 37 remain,

3609 5729 83 29 yours
3714 5718 84 37 truly,
3808 5712 26 35 I)
3852 5717 172 41 McNaught,
4036 5715 136 42 Grafton/

3608 5758 117 31 N.SW.
4146 5752 27 17 *'
