4260 5920
94 229 135 42 Millers
240 230 78 41 Flat
344 230 197 40 Athenæum
571 227 83 41 Hall.

189 338 168 30 OPENING
383 335 184 31 CONCERT.

139 425 58 30 The
205 425 121 39 opening
335 426 29 29 of
369 427 47 28 the
421 436 59 19 new
486 427 24 28 A
513 427 139 28 thenamm

96 467 70 30 Hall
181 467 52 28 and
246 466 110 39 Mining
367 466 131 34 Institute
508 474 30 23 at
550 467 102 29 fillers

101 507 63 29 Flat
183 517 55 18 was
260 508 47 29 the
329 507 123 30 occasion
479 508 29 29 of
534 519 14 18 a
575 508 77 37 large

100 547 150 40 gathering
263 547 78 30 there
364 547 54 30 last
442 547 102 40 Friday
569 558 66 19 even-

99 589 59 37 ing.
186 588 258 41 Notwithstanding
453 589 197 29 unfavourable

99 629 120 28 weather
238 629 55 28 and
318 629 134 38 drizzling
477 630 57 28 rain
562 629 87 29 which

99 669 149 38 prevailed,
261 669 77 30 there
351 680 54 18 was
416 681 17 17 a
441 673 97 36 strong
547 674 103 24 muster

101 709 28 29 of
141 709 110 29 visitors
263 710 71 28 from
348 710 147 38 Koxbnrgh
505 711 54 27 and
571 711 78 27 other

99 749 186 39 surrounding
298 750 130 35 districts,
446 750 53 29 and
514 750 46 30 the
572 749 76 37 large

98 789 55 28 hall
179 800 55 18 was
259 791 182 37 comfortably
470 791 82 28 filled.
590 790 57 28 The

98 836 157 22 committee
268 831 97 37 spared
379 842 35 17 no
435 831 76 37 pains
525 837 28 22 to
567 830 79 28 make

99 871 46 26 the
158 870 145 38 inaugural
313 871 163 27 celeb'ation
489 881 15 16 a
513 870 134 37 complete

99 918 117 24 success,
230 910 52 27 and
297 911 72 26 their
381 913 93 25 e-forts
494 920 68 17 were
577 909 67 33 fully

88 949 159 29 'rewarded.
286 950 58 28 The
355 950 52 28 hall
419 960 54 18 was
485 949 158 36 artistically

98 989 143 28 decorated
257 990 65 27 with
344 1001 15 17 a
373 990 139 37 profusion
527 989 30 29 of
569 999 60 18 ever-

97 1039 99 28 greens
217 1029 54 28 and
297 1029 115 35 flowers,
437 1030 52 27 and
517 1033 126 32 amongst

96 1069 47 28 the
158 1069 99 35 foliage
310 1070 71 37 fairy
536 1069 30 28 of
590 1068 53 28 dif-

96 1109 90 28 ferent
205 1110 105 27 colours
324 1119 69 18 were
405 1116 51 28 set,
470 1109 173 37 everywhere

96 1149 98 37 giving
218 1159 16 17 a
261 1150 143 37 charming
438 1149 89 28 effect.
586 1149 56 27 The

82 1189 147 38 .principal
242 1189 106 30 feature
367 1191 30 28 Of
415 1190 44 29 the
473 1189 171 30 decorations

96 1238 64 27 was,
174 1230 134 36 however,
322 1231 46 28 the
390 1231 149 28 somewhat
552 1229 78 30 startl-

96 1270 50 37 ing
170 1270 111 36 novelty
306 1271 29 28 of
360 1281 34 18 an
423 1271 167 28 installation
615 1271 29 26 of

96 1309 109 28 electric
228 1310 80 37 light,
324 1311 87 28 which
437 1310 149 35 brilliantly
611 1309 32 28 il-

82 1349 162 40 luminated
270 1351 47 28 the
337 1361 89 19 scene.
466 1352 25 27 A
513 1350 129 39 powerful

179 1400 66 17 over
257 1391 46 26 the
317 1392 71 26 main
412 1396 129 23 entrance
565 1391 78 27 made

94 1429 47 28 the
166 1429 55 29 hall
233 1430 98 29 visible
343 1430 69 30 from
427 1441 16 19 a
455 1429 187 31 considerable

95 1470 131 36 distance,
245 1471 78 29 while
336 1472 88 28 inside
438 1472 47 29 the
498 1472 54 28 hall
573 1481 69 19 were

79 1511 3 38 '
94 1521 16 16 a
124 1511 114 28 number
258 1512 29 27 of
311 1512 125 37 splendid
452 1513 96 36 lamps.
588 1511 56 29 For

94 1550 47 28 the
157 1561 48 18 use
218 1551 28 28 of
256 1551 46 28 the
310 1552 109 28 electric
428 1553 71 36 light
511 1552 44 28 the
568 1562 54 18 com-

95 1590 93 28 mittee
202 1601 69 18 were
295 1592 130 28 indebted
452 1598 27 21 to
505 1593 47 27 the
578 1602 48 17 con-

93 1634 116 25 tractors
222 1631 43 28 for
277 1632 47 28 the
339 1632 103 29 Millers
460 1632 62 28 Flat
535 1632 107 38 bridge,

94 1671 54 28 and
167 1672 71 28 their
252 1673 57 34 (the
322 1673 192 37 committee's)
541 1674 101 28 thanks

94 1720 71 19 were
189 1712 57 28 also
266 1713 53 28 due
332 1717 29 25 to
375 1713 44 28 Mr
432 1713 34 29 D.
482 1713 94 36 Jones,
596 1713 48 29 the

79 1751 3 41 '
94 1751 153 29 electrician
263 1760 28 21 at
304 1754 47 28 the
361 1754 99 38 bridge
471 1754 99 35 works,
583 1754 62 28 who

82 1791 3 42 :
95 1791 98 40 kindly
207 1795 213 36 superintended
432 1796 46 27 the
488 1796 112 37 putting
610 1805 34 17 on

96 1833 29 28 of
139 1833 44 29 the
198 1834 72 36 light
283 1840 28 24 at
337 1836 46 28 the
408 1836 63 28 hall.
511 1836 58 29 The
581 1846 48 18 con-

96 1878 59 24 cert
179 1885 174 28 programme
382 1876 121 30 afforded
529 1887 16 17 a
569 1881 76 33 great

96 1914 62 28 deal
179 1915 29 29 of
228 1916 112 38 variety,
365 1917 54 29 and
445 1928 55 18 was
522 1917 123 29 received

96 1954 66 29 with
188 1956 177 30 enthusiasm.
405 1958 32 28 In
452 1958 54 28 this
521 1962 61 32 part
595 1968 34 17 un-

79 1996 4 40 '
97 1996 150 38 doubtedly
277 1998 46 27 the
353 2002 123 34 greatest
499 1997 145 29 attraction

96 2047 55 18 was
165 2037 47 30 the
231 2037 114 41 playing
365 2038 30 30 of
419 2038 46 30 the
490 2038 154 39 Roxburgh

95 2077 84 28 Brass
207 2079 85 34 Band,
306 2080 60 28 who
388 2080 165 37 generously
575 2090 70 26 gave

96 2116 73 30 their
181 2119 116 29 services
311 2120 56 28 free
381 2120 43 28 for
438 2119 46 29 the
509 2119 134 29 occasion.

75 2155 4 39 '
95 2158 56 28 The
173 2158 82 36 band,
282 2160 87 28 under
394 2160 184 29 Bandmaster
597 2158 45 31 W.

94 2196 146 38 Kinaston,
254 2200 97 38 played
362 2200 126 38 open-air
498 2200 145 29 selections

78 2238 2 40 '
92 2238 75 38 prior
179 2243 28 25 to
221 2240 47 29 the
279 2246 120 29 concert,
410 2241 54 28 and
478 2241 28 27 in
520 2241 46 28 the
580 2250 47 28 pro-

91 2289 123 27 gramme
228 2281 66 38 they
306 2292 71 26 gave
422 2282 58 27 The
491 2280 150 30 Bohemian

70 2319 11 16 ''
92 2318 58 30 Girl
150 2318 2 43 1
193 2321 90 28 which
302 2332 55 19 was
371 2322 99 39 played
484 2321 66 28 with
562 2324 80 36 great

71 2361 4 38 '
90 2363 80 26 taste.
223 2361 110 29 Several
360 2363 29 28 of
424 2363 47 28 the
506 2361 134 38 principal

71 2402 6 26 *.
89 2401 137 30 members
240 2402 30 29 of
281 2402 48 30 the
342 2402 155 39 Roxburgh
523 2401 100 29 Orches-

70 2447 6 9 '
89 2442 52 28 tral
164 2443 119 38 Society,
296 2443 88 30 under
408 2443 48 30 the
481 2442 159 35 conductor,

74 2482 62 28 •Mr
148 2483 30 29 T.
192 2484 32 29 L.
238 2485 148 34 Alorrison,
405 2495 72 27 gave
501 2494 17 17 a
543 2482 96 38 couple

71 2528 6 18 ,j
89 2522 30 29 of
143 2525 130 29 numbers
305 2524 102 39 during
438 2525 48 28 the
510 2522 128 38 evening,

90 2564 88 30 which
202 2576 72 19 were
297 2565 62 30 well
383 2565 135 29 received.
558 2563 82 29 After

89 2605 71 30 their
172 2607 59 28 first
244 2607 74 35 item,
332 2607 46 28 the
391 2606 80 28 waltz
522 2604 116 37 Passing

89 2645 7 13 r
97 2647 7 26 l
295 2646 46 29 Mr
380 2646 118 34 Beiraet,
536 2646 102 35 county

90 2688 148 35 chairman,
252 2688 26 28 in
293 2699 34 17 an
341 2686 174 39 appropriate
528 2684 109 39 speech,

72 2725 3 43 '
92 2730 125 38 formally
227 2728 124 30 declared
361 2728 48 28 the
419 2727 54 28 ball
482 2737 80 28 open.
603 2725 32 28 In

91 2775 46 28 the
145 2780 93 18 course
247 2770 30 28 of
284 2769 41 28 his
335 2768 123 30 remarks
468 2768 34 27 he
513 2765 123 29 thanked

90 2815 47 26 the
151 2810 75 35 large
240 2808 131 29 audience
384 2811 110 28 present
507 2806 44 28 for
564 2806 73 28 their

90 2850 162 33 attendance
275 2848 105 38 despite
401 2847 48 29 the
473 2846 66 30 rain.
579 2845 58 29 The

91 2906 58 18 sum
165 2890 112 29 realised
292 2891 36 37 by
341 2890 47 28 the
404 2888 130 37 proceeds
548 2887 29 29 of
590 2886 46 29 the

89 2932 213 31 entertainment
315 2929 89 28 would
417 2927 104 39 largely
534 2927 87 29 contri-

73 2968 3 41 *
89 2975 66 28 bute
168 2971 117 29 towards
306 2968 167 41 liquidating
496 2968 47 28 the
569 2968 67 28 debt

63 3008 1 41 •
87 3025 35 19 on
136 3015 47 28 the
195 3022 66 27 very
286 3010 151 29 handsome
463 3008 125 37 building
607 3008 26 28 in

68 3062 10 10 '•
88 3052 89 31 which
190 3052 64 38 they
268 3062 71 19 were
351 3049 162 36 assembled,
532 3049 54 29 and
606 3059 29 18 as

89 3095 65 37 they
166 3104 72 19 were
250 3102 87 19 aware
351 3091 65 35 they
439 3093 50 32 got
511 3100 16 17 a
552 3093 83 33 grant

67 3129 4 35 '
88 3136 72 28 from
171 3135 187 28 Government
369 3130 28 28 of
405 3130 21 28 £
436 3129 42 28 for
489 3129 19 28 £
519 3129 116 28 towards

88 3177 48 28 the
148 3173 129 37 building
290 3183 29 18 as
332 3183 16 18 a
365 3170 112 35 Mining
496 3168 139 30 Institute.

127 3213 172 41 (Applause.)
337 3212 58 28 The
418 3210 56 28 hall
494 3209 89 28 would
602 3210 35 28 be

70 3250 3 43 •
88 3257 30 28 of
130 3259 79 34 great
222 3255 102 28 service
337 3256 28 25 to
378 3252 76 28 them
475 3260 29 18 as
517 3260 16 18 a
546 3250 91 28 school

89 3296 29 28 of
128 3293 154 36 mines,and
293 3293 72 28 their
373 3292 265 35 self-improvement

89 3336 27 28 in
131 3336 60 28 that
217 3334 131 29 direction
371 3342 60 19 now
456 3330 88 30 rested
572 3330 64 28 with

90 3375 174 29 themselves.
304 3374 77 36 They
406 3372 78 29 could
499 3374 49 24 not
560 3380 62 18 over-

70 3431 6 4 -
90 3417 126 28 estimate
228 3415 48 29 the
289 3415 168 39 importance
469 3410 29 30 of
510 3410 47 29 the
568 3410 51 28 min-

89 3459 51 36 ing
170 3457 136 37 industry,
329 3455 88 29 which
442 3454 65 36 only
531 3452 104 28 ranked

90 3497 103 29 second
206 3500 29 25 to
248 3495 175 39 agriculture,
434 3494 53 27 and
501 3492 47 28 the
561 3492 75 36 large

90 3536 54 28 and
158 3537 70 37 busy
241 3535 157 38 population
420 3532 88 29 which
529 3532 107 36 mining

89 3576 54 29 had
157 3575 122 39 brought
295 3579 29 26 to
336 3575 47 28 the
397 3573 107 29 district
516 3572 119 28 attested

87 3620 31 25 to
143 3617 47 28 the
214 3614 276 40 fact.—(Applause.)
531 3611 35 29 In
588 3612 32 28 de-

90 3657 101 37 claring
212 3657 45 28 the
282 3656 54 28 hall
361 3666 68 28 open
458 3654 45 28 Mr
527 3652 108 28 Bennet

72 3693 3 44 •
89 3697 206 40 congratulated
314 3697 47 30 the
382 3695 136 30 residents
539 3702 36 19 on
588 3693 48 28 the

89 3740 152 38 possession
254 3739 29 29 of
294 3739 68 29 such
383 3749 17 19 a
423 3737 55 30 fine
498 3734 128 38 building

89 3781 52 27 and
162 3781 26 26 in
214 3781 55 27 this
294 3779 161 28 connection
481 3775 87 30 called
593 3775 43 28 for

89 3821 76 28 three
183 3819 97 39 hearty
299 3819 94 30 cheers
418 3818 44 29 for
487 3815 48 30 the
561 3814 64 29 Hon

88 3861 46 29 Mr
146 3861 132 30 Larnach.
292 3861 61 28 who
365 3860 53 28 had
430 3860 68 27 been
511 3860 124 33 untiring

71 3897 3 43 ■
89 3903 26 28 in
129 3901 113 39 looking
254 3901 71 30 after
346 3901 47 29 the
404 3900 129 29 interests
547 3897 29 29 of
588 3897 47 28 the

71 3960 5 6 .
89 3942 115 29 district.
242 3943 57 26 The
322 3942 52 27 call
399 3950 55 19 was
480 3938 154 37 responded

89 3986 38 30 to,
142 3982 45 28 the
211 3981 146 30 member's
382 3990 80 20 name
487 3979 86 38 being
593 3988 28 19 re-

89 4023 94 29 ceived
195 4023 65 28 with
273 4022 111 29 musical
395 4022 128 29 honours.

127 4068 56 30 The
207 4078 172 29 programme
399 4078 56 18 was
479 4066 66 30 then
572 4075 47 29 pro-

89 4110 101 28 coeded
200 4110 75 27 with.
311 4110 46 27 Mr
365 4109 99 28 Dunne
475 4118 70 27 gave
583 4107 53 36 Big

87 4150 59 28 Ben
193 4148 150 37 (encored),
356 4149 55 28 and
423 4149 27 27 in
463 4148 47 28 the
532 4146 103 30 second

87 4193 63 35 part
202 4188 94 29 You'll
315 4189 151 28 remember
591 4185 44 29 He

87 4241 55 17 was
155 4228 125 30 followed
303 4229 36 31 by
365 4228 67 30 Miss
456 4226 179 34 Rutherford,

67 4281 5 5 '
86 4271 62 28 who
161 4280 70 27 sang
245 4269 17 17 u
276 4267 135 30 Kathleen

70 4309 4 39 •
87 4321 67 27 very
168 4310 120 36 sweetly,
303 4309 54 28 and
370 4309 28 29 in
417 4319 128 29 response
559 4313 28 24 to
601 4318 34 17 an

65 4363 8 11 «
87 4361 98 19 encore
405 4350 59 29 Mrs
495 4349 87 29 Adair
613 4349 23 28 is

89 4391 161 37 deservedly
264 4401 14 18 a
291 4391 61 28 firm
365 4390 134 29 favourite
524 4394 29 23 at
572 4389 48 29 Mil-

88 4433 54 27 lers
156 4432 71 35 Flat,
241 4431 53 28 and
307 4431 49 28 she
370 4431 47 28 did
434 4429 49 30 fall
497 4430 99 36 justice
608 4433 30 25 to

64 4478 12 9 -
118 4472 57 30 The
189 4471 122 29 Scottish
324 4471 68 28 Blue
549 4469 89 36 Being

88 4512 195 38 emphatically
297 4511 116 29 recalled
439 4511 47 27 she
509 4509 129 38 repeated

87 4554 48 30 the
144 4553 167 37 concluding
322 4561 86 19 verse.
446 4550 195 38 Forhersong'

114 4594 144 37 Killarney
297 4593 28 28 in
335 4593 48 28 the
396 4591 101 29 second
507 4593 63 36 part
582 4590 56 29 this

85 4636 67 36 lady
163 4634 55 29 had
234 4638 27 24 to
280 4632 198 37 acknowledge
500 4641 16 18 a
536 4631 103 28 similar

64 4671 3 42 •
88 4676 186 37 compliment.
314 4673 45 29 Mr
369 4671 107 37 Kinvig
486 4681 68 27 sang
566 4673 19 14 '<
594 4671 43 28 I'll

64 4729 6 8 •
88 4726 122 27 conquer
222 4725 31 17 or
267 4713 73 34 die/'
366 4713 54 27 and
446 4721 54 18 was
523 4711 116 35 heartily

65 4767 6 6 •
88 4754 127 31 encored,
242 4753 79 28 when
352 4753 35 28 he
413 4761 70 27 gave
539 4750 99 29 Love's

90 4793 169 32 Serenade/'
298 4793 83 28 Later
399 4792 35 28 he
459 4801 70 25 sang
553 4801 16 17 a
593 4801 46 18 sea

89 4846 79 27 song,
182 4835 28 28 in
230 4833 90 29 which
345 4833 35 28 he
405 4841 55 18 was
485 4830 99 34 hardly
610 4840 29 17 so

88 4861 174 43 welFsuited.
302 4873 55 29 For
378 4872 43 29 his
446 4881 72 28 song

87 4917 42 29 till
144 4915 82 29 death
278 4913 46 29 Mr
347 4913 118 37 Morgan
481 4910 125 29 received
625 4920 16 17 a

88 4957 102 29 double
203 4964 107 26 encore,
324 4953 79 29 when
425 4952 35 29 he
484 4948 155 40 responded

75 4989 4 42 \
87 4998 68 29 with
167 5001 56 25 two
242 4995 87 29 comic
351 5004 94 27 songs.
485 4991 46 28 Mr
543 4989 82 29 Morri-

70 5052 6 14 !>
88 5049 47 19 son
152 5047 70 26 gave
266 5036 99 33 Home,
379 5037 84 24 sweet
483 5033 81 26 home
611 5040 30 17 as

87 5089 17 18 a
116 5077 85 29 violin
214 5076 67 35 solo,
294 5075 54 28 and
362 5084 55 18 was
426 5070 127 34 recalled,
562 5069 79 28 when

86 5119 35 27 he
133 5117 128 34 repeated
271 5116 46 25 the
326 5115 54 26 last
392 5114 164 26 movement.
597 5109 44 28 He

86 5167 55 17 was
155 5152 195 39 accompanied
364 5152 26 27 in
406 5150 55 29 this
486 5149 67 28 item
574 5157 67 27 very

86 5196 144 35 tastefully
241 5195 38 35 by
290 5190 222 33 MissGraham,a
519 5188 121 29 talented

86 5247 95 26 voung
194 5233 128 40 pianiste.
362 5231 46 28 Mr
430 5233 34 25 A.
485 5228 154 28 Robertson

69 5291 6 14 i
86 5275 131 40 repeated
230 5284 33 19 an
276 5271 46 32 old
333 5280 108 20 success
455 5270 26 28 in
526 5268 23 30 0
557 5268 25 28 a'
593 5268 48 29 the

197 5315 54 28 and
266 5313 52 28 had
333 5317 28 23 to
381 5312 62 27 bow
457 5311 42 27 his
513 5313 107 25 acknow-

70 5350 4 40 '
86 5358 167 32 ledgments,
267 5352 54 29 and
338 5351 43 28 Mr
395 5350 89 35 Kitto,
496 5350 61 27 who
569 5358 71 28 gave

86 5410 17 18 a
115 5397 124 39 pathetic
252 5404 71 27 song
336 5391 66 29 with
424 5391 82 28 much
527 5400 98 27 expres
634 5407 5 4 •

87 5439 70 34 sion,
171 5435 135 37 narrowly
332 5431 117 39 escaped
474 5441 35 17 an
535 5440 105 19 encore.

70 5470 4 43 '
87 5479 58 29 The
176 5474 252 39 accompaniments
469 5470 171 36 throughout

71 5508 4 40 •
85 5529 74 18 -were
172 5518 37 27 bv
225 5516 69 29 Miss
307 5514 84 33 Lane,
402 5512 59 29 Mrs
472 5508 169 40 Pilling,and

86 5560 71 30 Miss
180 5556 130 36 Graham,
331 5553 68 31 each
423 5552 30 30 of
477 5551 89 29 whom
590 5549 52 30 left

70 5591 4 46 •
86 5601 121 36 nothing
221 5602 27 24 to
261 5598 35 28 be
310 5594 108 31 desired
443 5604 36 19 on
491 5593 56 28 this
561 5591 79 30 head.

87 5642 86 28 After
197 5639 49 28 the
277 5639 112 26 concert
420 5634 47 28 the
498 5632 57 29 hall
586 5641 56 19 was

71 5671 3 41 ■
86 5679 109 31 cleared
209 5679 44 27 for
266 5673 223 39 dancing,which
503 5682 56 17 was
573 5671 69 38 kept

69 5713 4 47 •
84 5732 40 28 up
138 5720 64 29 with
225 5720 80 36 great
329 5715 80 40 spirit
435 5713 42 30 till
502 5713 139 37 morning.

68 5763 76 28 'The
176 5757 157 32 Orchestral
367 5755 110 37 Society
514 5751 127 41 supplied

67 5801 120 42 tcapital
199 5800 87 30 dance
296 5797 96 35 musip,
401 5795 54 30 and
468 5794 43 29 Mr
520 5793 121 39 Grogan,

670 221 2 53 j
685 227 62 28 who
795 227 80 28 acted
931 238 29 18 as
1004 224 84 34 M.C,
1121 221 117 30 fulfilled

670 255 2 50 j
684 267 42 29 his
739 267 67 38 duty
821 267 28 29 in
862 279 15 17 a
891 271 72 25 most
983 263 112 42 capable
1108 272 122 20 manner.

670 303 1 43 !
683 308 27 29 A
722 307 128 39 plentiful
863 314 99 32 supply
981 307 30 30 of
1035 303 195 31 refreshments

670 343 1 44 I
683 358 55 19 was
752 349 132 38 provided
899 349 35 37 by
960 349 46 28 the
1023 345 84 29 ladies
1129 343 29 29 of
1183 347 46 25 tue

670 383 1 49 |
681 389 157 29 committee
851 392 29 25 at
905 390 47 28 the
974 386 186 33 schoolhouse,
1174 383 54 29 and

670 417 1 52 |
680 439 56 19 was
749 430 70 29 done
828 429 51 29 full
889 430 99 37 justice
1001 433 36 24 to.
1075 425 58 28 The
1147 424 80 38 piano

670 464 1 36 I
680 470 66 30 used
767 475 30 24 at
817 470 46 30 the
885 474 110 25 concert
1007 466 54 31 and
1074 464 85 31 dance
1173 474 53 18 was

670 504 1 45 !
679 510 97 39 kindly
785 511 57 29 lent
851 511 37 38 by
898 510 45 29 Mr
952 508 109 38 Pilling.
1100 507 26 27 A
1137 505 89 28 notice

670 551 38 36 ;of
722 551 45 29 the
780 552 123 28 occasion
919 549 88 29 would
1028 549 47 27 not
1096 546 35 27 be
1151 554 54 19 com-

670 584 1 45 -1
679 592 73 37 plete
765 592 114 28 without
893 589 100 40 special
1004 587 120 30 mention
1138 585 28 30 of
1182 584 43 30 Mr

679 632 158 39 Pillicg,tbe
845 632 139 37 energetic
996 635 145 29 secretary.
1180 624 43 29 He

677 683 55 18 was
746 672 167 39 übiquitous,
926 671 53 28 and
992 669 41 28 his
1049 674 126 28 courtesy
1195 669 28 25 to

676 713 35 28 all
725 723 54 18 was
793 714 46 26 the
852 712 91 28 theme
964 711 29 27 of
1016 707 111 39 general
1149 716 55 18 com-

677 758 75 24 ment
777 752 53 28 and
856 749 150 39 materially
1035 747 117 30 assisted
1176 745 47 29 the

675 802 108 20 success
797 793 29 28 of
839 792 47 28 the
898 789 156 40 gathering.

850 890 202 41 Alexandra.

810 1001 62 24 (OIVX
885 999 206 25 COBBESPOXDEST.)

708 1041 57 28 The
779 1041 86 35 heavy
881 1039 72 29 rains
968 1039 87 27 which
1082 1038 46 27 fell
1154 1037 66 29 here

672 1081 120 29 recently
808 1091 69 18 were
891 1079 115 38 heartily
1020 1078 147 29 welcomed
1183 1078 35 36 by

671 1121 166 37 everybody,
852 1130 30 17 as
903 1120 46 28 the
975 1125 73 22 town
1074 1129 54 18 was
1153 1118 28 27 in
1207 1128 15 17 a

672 1161 133 28 famished
819 1165 70 23 state
903 1160 92 36 owing
1015 1163 28 24 to
1065 1159 47 27 the
1138 1163 84 23 water

672 1201 97 38 supply
785 1201 103 34 having
901 1201 70 28 been
993 1204 47 25 cut
1065 1199 40 28 off
1124 1198 37 38 by
1176 1199 45 28 the

673 1242 150 35 Molyneux
837 1240 151 39 Hydraulic
1002 1241 47 28 Co.

710 1288 99 38 Owing
821 1292 29 24 to
864 1288 46 27 the
925 1286 105 29 flooded
1046 1290 71 24 state
1134 1286 29 28 of
1177 1285 45 29 the

673 1328 71 28 river
766 1329 46 28 the
839 1327 117 38 dredges
981 1338 47 17 are
1053 1326 36 29 all
1113 1326 56 29 idle
1193 1330 29 24 at

673 1372 118 34 present.

708 1409 39 27 At
779 1408 47 27 the
858 1411 92 24 recent
991 1407 110 36 cycling
1133 1410 89 33 sports

672 1448 120 37 glorious
814 1447 121 29 weather
960 1446 138 40 prevailed
1120 1445 101 37 during

672 1491 45 26 the
731 1490 153 32 afternoon,
901 1488 49 29 but
976 1487 246 37 notwithstanding

672 1530 59 27 that
745 1530 55 27 fact
815 1529 76 27 there
905 1539 54 17 was
984 1539 15 15 a
1019 1538 65 27 very
1098 1537 67 28 poor
1177 1533 28 21 at-

671 1570 133 28 tendance
831 1569 65 28 both
924 1568 29 28 of
978 1568 47 28 the
1051 1567 93 38 public
1169 1567 52 28 and

671 1610 185 37 competitors.
889 1608 53 28 For
953 1609 46 27 the
1117 1607 105 38 Hicycle

672 1660 60 20 race
757 1649 64 38 only
847 1658 53 21 two
925 1648 103 30 started
1030 1647 116 40 —Ryan
1168 1647 53 29 and

672 1690 202 29 Watson—the
898 1690 81 28 latter
991 1688 123 37 winning
1129 1688 92 35 easily.

673 1731 57 28 The
743 1740 75 18 same
830 1735 54 23 two
897 1728 104 30 started
1013 1728 41 28 for
1067 1728 47 27 the
1127 1727 94 28 2-mile

674 1772 103 38 bicycle
790 1781 71 25 race,
876 1770 114 29 Watson
1004 1768 82 39 again
1100 1768 122 38 winning

673 1823 33 18 an
729 1822 64 28 easy
811 1822 69 18 race.
919 1811 79 37 Ryan
1021 1819 59 18 Avon
1098 1809 45 28 the
1156 1808 65 29 slow

675 1864 68 18 race.
783 1852 32 29 In
830 1852 46 28 the
889 1850 48 31 flat
950 1855 96 25 events
1069 1849 76 29 Read
1167 1860 54 18 was

675 1894 45 28 the
750 1894 122 35 winning
901 1902 71 24 man,
998 1895 99 34 except
1121 1890 27 29 in
1176 1890 45 29 the

675 1934 72 29 Sack
761 1944 69 24 race,
843 1933 88 28 which
957 1932 46 28 fell
1030 1935 28 25 to
1083 1932 34 28 A.
1134 1930 78 38 King

674 1977 62 26 —A
755 1978 110 25 concert
886 1974 28 27 in
936 1973 43 28 aid
1006 1974 29 27 of
1060 1973 47 28 the
1129 1972 92 38 public

674 2015 100 34 library
786 2024 49 19 wss
849 2014 63 28 held
926 2014 26 27 in
969 2014 45 27 the
1028 2013 126 36 evening,
1166 2012 53 28 and

674 2066 53 19 was
740 2067 16 17 a
769 2059 79 35 great
870 2065 116 19 success.
1028 2054 105 38 Sitting
1146 2063 74 19 room

673 2096 79 28 could
765 2099 49 24 not
826 2096 35 28 be
874 2095 87 28 found
979 2095 37 37 by
1030 2094 57 28 half
1098 2095 45 27 the
1157 2104 48 27 peo-

673 2136 52 39 ple,
738 2147 29 18 so
786 2135 84 30 dense
884 2146 54 18 was
952 2135 47 29 the
1013 2134 99 30 crowd.
1153 2134 68 28 Miss

672 2179 95 36 Reany
785 2177 101 38 (piano)
909 2176 55 28 and
987 2176 44 27 Mr
1053 2175 47 40 A..
1111 2175 110 27 Bfiasco

675 2217 103 38 (violin)
795 2217 99 38 played
903 2217 47 28 the
960 2215 259 39 accompaniments.

671 2258 75 28 Each
777 2261 62 35 part
870 2268 56 18 was
959 2255 153 30 concluded
1143 2255 37 38 by
1205 2265 16 17 a

670 2298 147 36 laughable
829 2297 84 29 farce.

706 2337 58 30 The
778 2337 67 30 fruit
858 2337 118 37 gardens
988 2339 28 26 at
1030 2335 189 38 Earnscleugh

669 2378 63 28 Flat
756 2388 45 19 are
823 2377 116 38 looking
964 2375 134 39 splendid,
1124 2375 55 28 and
1204 2385 16 18 a

668 2419 86 39 large,
768 2418 22 29 if
802 2419 63 35 late,
879 2428 65 29 crop
957 2417 24 29 is
993 2415 141 40 expected.

705 2462 27 27 A
759 2460 76 36 large
866 2459 117 28 number
1013 2457 29 29 of
1066 2467 51 18 our
1148 2456 70 29 local

669 2504 150 25 townsmen
834 2509 45 18 are
905 2497 188 30 shareholders
1115 2497 29 28 in
1172 2497 46 28 the

669 2545 130 34 Ngapara
812 2540 53 29 No.
891 2539 17 29 2
934 2539 112 38 dredge,
1059 2537 90 30 which
1162 2546 56 20 was

666 2581 72 29 sunk
754 2581 36 37 by
803 2581 47 28 the
863 2580 54 29 late
930 2579 81 30 flood.

747 2682 116 41 Water
887 2678 257 45 Conservation.

702 2793 46 29 Mr
772 2793 30 28 T.
830 2791 144 28 Perham's
999 2794 92 29 report
1117 2793 28 23 to
1171 2788 45 28 the

666 2833 89 30 Mines
790 2832 180 38 Department
1001 2830 48 27 has
1084 2838 76 19 come
1188 2833 27 23 to

665 2874 83 29 hand.
786 2873 54 28 We
854 2871 110 39 append
978 2870 41 29 his
1046 2868 121 30 remarks
1181 2879 33 19 on

663 2915 48 28 the
725 2914 107 37 subject
846 2913 29 28 of
900 2913 46 27 the
973 2910 106 29 Dismal
1105 2910 111 37 Swamp

663 2955 73 34 dam,
750 2953 90 28 which
854 2953 22 26 it
889 2952 54 27 will
958 2952 35 27 be
1018 2960 64 19 seen
1107 2959 45 18 are
1167 2950 31 27 ad-

663 3005 78 18 verse
754 2997 29 26 to
797 2994 47 27 the
858 2992 108 29 scheme
988 2991 44 29 for
1051 2990 104 38 raising
1169 2990 46 28 the

663 3035 60 28 wall
738 3039 28 24 to
780 3035 48 28 the
840 3033 97 37 height
950 3031 137 40 proposed
1101 3031 37 37 by
1148 3030 66 29 local

663 3078 120 35 experts,
809 3074 55 29 and
891 3073 66 29 thus
986 3071 158 39 increasing
1169 3071 47 28 the

664 3115 109 38 supply.

702 3155 36 29 So
759 3156 53 28 late
844 3154 28 28 in
894 3154 47 29 the
964 3162 105 26 season,
1091 3151 55 28 and
1169 3151 48 28 the

665 3197 119 27 weather
794 3206 66 26 very
882 3193 139 30 unsettled
1032 3195 22 26 it
1077 3202 54 18 was
1152 3202 48 18 con-

666 3235 106 29 sidered
786 3235 37 38 by
834 3233 183 40 experienced
1040 3232 136 31 residents
1201 3242 13 18 a

666 3277 55 26 risk
731 3277 28 26 of
769 3277 85 35 being
867 3275 111 28 snowed
999 3284 35 27 up
1044 3279 29 23 to
1098 3277 118 33 attempt

666 3321 28 23 to
704 3315 63 29 visit
777 3316 54 28 this
845 3315 73 29 dam.
932 3315 49 38 My
991 3314 140 31 assistant,
1144 3312 54 28 how-

665 3366 73 24 ever,
761 3356 53 29 Mr.
838 3356 139 37 McKegg,
998 3353 177 30 volunteered
1188 3357 28 24 to

666 3395 151 30 undertake
833 3396 31 34 it,
877 3396 64 33 and,
967 3407 16 17 a
1006 3393 113 31 reliable
1133 3393 83 38 guide

666 3436 83 38 being
759 3435 143 40 procured,
916 3435 15 30 I
940 3435 52 31 left
1015 3435 54 31 him
1094 3440 28 25 at
1144 3435 54 29 Rox-

665 3478 90 37 burgh
779 3480 28 25 to
833 3486 39 27 go
896 3487 35 27 up
953 3477 70 29 from
1043 3478 88 33 there,
1153 3477 64 27 take

665 3522 224 29 measurements,
912 3516 54 28 and
992 3517 94 29 obtain
1113 3517 35 27 all
1174 3516 28 27 in-

663 3556 148 29 formation
840 3556 126 39 required
976 3557 28 28 in
1025 3558 71 28 view
1119 3556 29 29 of
1170 3556 46 28 the

663 3597 63 28 dam
736 3597 86 35 being
832 3596 98 28 raised.
943 3597 14 28 I
968 3597 65 28 then
1046 3600 73 25 went
1132 3607 34 18 on
1188 3601 28 24 to

666 3636 114 29 Miller's
793 3636 61 29 Flat
872 3636 54 28 and
952 3642 56 23 met
1030 3639 38 35 by
1090 3639 108 36 appoint-

665 3680 74 25 ment
752 3687 15 18 a
778 3676 117 29 number
905 3676 28 29 of
943 3676 68 30 local
1032 3678 134 28 members
1187 3678 28 28 of

663 3718 48 30 the
724 3717 114 30 Miners'
851 3717 181 37 Association,
1053 3719 53 29 and
1129 3719 84 30 found

664 3761 46 27 the
724 3760 123 37 agitaton
858 3759 45 28 for
911 3771 34 16 an
958 3760 138 29 increased
1115 3762 99 38 supplv

663 3800 29 28 of
703 3804 84 23 water
797 3799 36 37 by
844 3809 34 18 an
899 3799 124 29 addition
1043 3804 29 25 to
1094 3802 47 28 the
1152 3802 61 29 dam

665 3851 64 28 very
755 3844 106 31 strong,
896 3840 47 29 the
966 3841 110 36 genentl
1101 3844 110 38 opinion

665 3882 84 38 being
759 3893 15 17 a
785 3880 88 29 desire
885 3884 27 24 to
936 3881 67 30 raise
1025 3882 47 30 the
1092 3883 62 30 dam
1183 3895 29 18 as

664 3924 79 28 much
753 3933 29 17 as
791 3922 96 28 20ftor
896 3922 68 30 30ft.
977 3923 15 28 I
1002 3927 99 26 cannot
1109 3935 85 19 recom-

664 3963 82 30 mend
758 3963 54 27 this
837 3961 60 29 idea
920 3962 43 29 for
985 3974 109 19 reasons
1118 3966 94 28 shown

665 4004 144 31 hereafter.
842 4002 58 29 Tne
933 4014 62 19 area
1027 4005 30 29 of
1097 4007 115 38 payable

664 4045 108 37 ground
782 4045 47 27 the
842 4044 63 27 lake
915 4044 23 29 is
948 4047 127 36 reported
1093 4052 27 23 to
1138 4058 55 17 com-

665 4086 81 30 mand
756 4084 63 29 hof
829 4087 78 35 great
915 4089 104 33 extent,
1044 4086 69 31 from
1136 4087 57 30 Rox-

664 4127 91 37 burgh
769 4129 28 24 to
809 4125 160 29 Beaumont.
985 4127 25 28 A
1018 4127 75 37 large
1103 4129 108 28 alluvial

664 4167 49 28 flat
723 4178 34 17 on
766 4166 47 28 the
827 4164 51 29 left
889 4166 73 28 bank
974 4167 28 28 of
1013 4169 46 28 the
1073 4168 100 29 Clutha
1184 4173 29 24 at

665 4206 114 30 Miller's
789 4206 61 28 Flat
859 4206 54 28 and
926 4207 113 30 another
1051 4209 162 35 containing

668 4248 78 36 1,300
757 4256 75 19 acres
852 4256 45 19 are
917 4248 80 28 much
1019 4249 93 29 talked
1133 4249 28 28 of
1183 4260 30 16 as

665 4289 85 38 being
762 4287 57 29 rich
833 4287 21 29 if
868 4291 83 26 water
964 4298 49 19 can
1037 4289 33 30 be
1084 4288 129 31 obtained

665 4331 43 28 for
721 4329 119 36 sluicing
852 4328 54 29 and
919 4328 146 38 elevating.

702 4370 28 29 It
743 4369 22 29 is
778 4368 116 31 claimed
908 4369 59 29 that
986 4369 23 28 if
1032 4371 47 28 the
1101 4370 63 29 dam
1190 4370 23 28 is

665 4410 90 30 raised
786 4409 65 37 only
879 4409 57 28 10ft
957 4411 22 28 it
1002 4411 54 28 will
1082 4410 132 36 impound

665 4452 77 29 three
752 4451 79 28 times
842 4453 45 25 the
898 4451 127 38 quantity
1034 4452 29 28 of
1073 4456 84 23 water
1169 4450 45 28 the

665 4493 62 28 lake
750 4501 61 18 now
833 4490 88 29 holds.
961 4490 13 29 I
1000 4502 52 24 am,
1079 4492 135 33 however,

666 4533 98 29 unable
778 4534 28 26 to
820 4530 63 38 give
894 4531 46 28 the
948 4533 186 35 approximate
1149 4541 48 19 con-

666 4577 73 25 tents
750 4571 29 30 of
792 4571 45 30 the
851 4571 187 30 conservation
1049 4573 36 36 by
1094 4572 46 29 the
1152 4581 46 27 pre-

666 4618 61 25 sent
739 4614 73 33 dam,
837 4611 103 38 having
964 4612 65 36 only
1051 4624 15 17 a
1080 4613 65 38 plan
1159 4611 52 30 and

666 4665 35 18 no
732 4652 216 30 cross-sections.
1005 4653 58 28 The
1096 4663 63 18 area
1191 4652 22 27 is

672 4695 76 36 1,500
761 4703 84 25 acres,
858 4691 55 30 and
926 4693 46 28 the
985 4693 151 29 watershed
1150 4703 48 25 sup-

666 4735 85 37 posed
764 4738 28 24 to
805 4742 81 19 cover
899 4733 35 26 St
946 4742 98 28 squire
1058 4733 87 31 miles,
1159 4733 54 26 and

666 4785 30 18 as
710 4774 45 28 the
769 4773 63 29 dam
845 4772 23 29 is
882 4771 61 29 23ft
955 4772 28 29 in
991 4773 98 35 height
1100 4771 54 30 and
1168 4771 46 29 the

667 4815 130 27 lake-bed
810 4813 93 36 nearly
915 4811 57 36 flat,
999 4813 65 28 with
1087 4813 46 28 the
1155 4822 44 18 sur-

668 4855 61 36 plus
743 4858 83 24 water
843 4851 121 36 running
976 4863 64 18 over
1053 4854 46 27 the
1119 4856 12 25 t
1141 4862 25 27 >p
1186 4851 28 30 of

669 4895 47 27 the
746 4894 72 34 dam,
849 4893 78 27 there
962 4896 74 25 must
1067 4893 35 28 be
1133 4902 81 27 many

670 4935 116 27 millions
799 4934 29 27 of
839 4932 80 29 cubic
932 4931 55 29 feet
1000 4933 26 28 in
1042 4936 80 25 store.

705 4974 59 28 The
777 4973 61 28 dam
863 4972 23 28 is
910 4971 29 28 in
965 4973 46 28 the
1037 4972 178 29 Lammerlaw

669 5015 106 36 Range,
798 5014 84 28 about
907 5012 34 29 23
964 5013 76 29 miles
1065 5012 69 30 from
1162 5012 52 29 and

670 5054 48 28 060
718 5054 32 28 ft
762 5054 87 27 above
875 5052 161 37 Roxburgh,
1060 5053 53 28 and
1139 5053 22 26 is
1187 5052 29 27 of

668 5099 78 24 stone
760 5103 108 19 courses
881 5095 43 26 set
936 5091 28 28 in
988 5096 108 25 cement
1116 5095 101 25 mortar

669 5133 126 39 quarrijd
809 5143 35 17 on
858 5132 47 27 the
918 5131 60 28 site.
1018 5131 27 27 It
1058 5132 22 27 is
1105 5142 17 17 a
1147 5131 68 26 solid

669 5173 145 30 well-built
845 5175 136 25 structure
1018 5170 29 29 of
1078 5171 35 28 its
1138 5169 78 35 kind,

669 5215 93 36 nearly
776 5212 111 29 vertical
901 5216 28 23 at
943 5211 45 28 the
1001 5211 72 28 back
1089 5222 31 17 or
1134 5215 84 22 water

670 5253 66 34 «ide,
759 5253 54 28 and
839 5251 114 39 stepped
978 5254 29 25 to
1032 5261 15 17 a
1073 5251 91 28 batter
1189 5250 28 29 in

669 5295 84 34 front,
768 5293 64 29 with
852 5303 35 18 an
908 5291 153 30 unfinished
1075 5301 94 20 course
1183 5301 33 18 on

668 5335 47 27 the
727 5338 47 33 top
785 5333 29 28 of
828 5333 49 28 6ft.
890 5332 27 28 It
927 5332 48 27 has
988 5335 54 24 two
1052 5331 56 28 iron
1120 5330 84 29 outlet-

670 5373 152 40 pipes,with
840 5371 190 30 sluice-valves
1049 5370 110 29 worked
1183 5369 36 33 by

668 5425 108 24 screws,
788 5413 52 28 and
851 5423 16 18 a
877 5412 182 38 sludge-pipe.
1081 5411 57 28 The
1157 5410 61 29 dam

668 5465 115 29 appears
796 5458 27 24 to
841 5453 69 29 have
933 5453 68 28 been
1024 5451 70 29 built
1116 5451 28 28 in
1167 5454 53 25 two

670 5500 85 34 parts,
768 5495 58 28 18ft
837 5498 28 25 at
876 5494 59 27 first
957 5493 38 36 by
1021 5492 45 28 Mr
1087 5491 134 31 Rawlins,

671 5535 65 29 with
748 5534 115 29 another
873 5533 42 29 sft
925 5532 89 29 added
1023 5533 73 28 since
1117 5531 37 37 by
1179 5531 43 29 Mr

671 5576 103 39 Davey,
788 5574 29 30 of
827 5573 139 37 Dunedin,
976 5573 61 30 who
1047 5571 98 40 kindly
1166 5571 58 31 lent

671 5629 42 16 me
725 5618 47 27 the
781 5617 87 38 plans.
906 5615 29 28 It
945 5625 55 17 was
1012 5614 72 28 built
1103 5613 45 28 for
1169 5614 54 27 and

671 5658 22 26 is
719 5657 46 28 the
787 5658 131 36 property
945 5653 29 30 of
993 5653 47 28 the
1070 5652 154 38 Roxburgh

672 5695 211 40 Amalgamated
916 5692 181 36 Goldmining
1138 5691 49 30 Co.

708 5737 58 29 The
778 5736 103 30 section
892 5735 90 29 shows
990 5744 17 19 a
1016 5732 98 39 height
1124 5732 30 29 of
1164 5731 61 30 23ft

1845 118 198 40 MOO'NT
2130 110 226 45 BEHGKR
2446 111 142 42 MAIL

156 117 171 67 Friday,
372 132 218 39 Decsinbar
605 129 187 46 10,1897

777 5812 124 28 (Coutiqned
914 5819 31 18 w
954 5809 79 26 Fvurth
1052 5809 68 26 Page.)

1826 287 4 65 1
1846 302 131 45 LOOK!
2007 300 126 45 READ!
2166 297 239 47 CONSIDER!:

1880 388 54 21 ISIT
1955 387 23 21 F.
2006 385 146 23 JFPFERY'S
2173 381 95 23 FANCY
2289 382 99 22 GOODS'

1904 414 152 23 EMPORIUM
2074 413 40 21 and
2131 418 40 21 you
2194 409 40 22 will
2251 409 83 22 endorse
2354 411 36 21 the

1842 442 94 26 opinions
1944 442 22 21 of
1974 441 143 26 others—viz,,
2127 439 46 21 that
2180 438 26 21 he
2215 437 35 21 has
2260 437 35 21 the
2305 437 83 26 Largest

1840 471 40 20 and
1891 471 54 20 Most
1953 469 107 27 Complete
2070 467 85 27 Display
2161 466 21 21 of
2190 465 96 21 FANCY
2296 465 92 22 GOODS

1845 498 84 26 (useful,
1939 496 126 23 ornamental
2074 495 41 21 and
2130 494 91 27 pleasure
2229 492 77 27 giving)
2315 500 26 14 on
2351 493 37 21 the

2051 522 117 23 Goldfields.

1840 552 119 25 Christmas,
1980 550 107 26 Wedding,
2106 549 41 21 and
2171 547 98 26 Birthday
2291 548 94 20 Presents

1960 579 41 27 (No
2010 578 72 26 charge
2091 577 32 22 for
2134 574 126 28 inspection.)

1839 609 59 25 Toys,
1906 608 102 25 Crockery
2017 606 40 21 and
2065 606 119 22 Glassware,
2192 603 70 25 Vases,
2270 601 113 22 Christmas

1838 635 114 26 Magazines
1961 635 39 25 (for
2009 633 66 21 which
2084 632 70 21 orders
2159 638 36 14 can
2204 631 23 19 be
2233 630 95 26 booked),
2340 637 43 14 new

1888 662 74 26 JtJooks,
1972 661 77 21 Tobarc
2057 660 62 21 mists'
2129 658 75 25 Goods,
2215 657 117 26 Stationery

1837 690 75 22 Pitent
1921 689 117 25 Medicines,
2050 687 111 24 Perfumes,
2177 685 65 22 Toilet
2260 685 122 27 Requisites,

1894 717 40 21 and
1943 718 68 24 Fancy
2021 715 68 21 Goods
2099 715 21 20 of
2129 721 61 18 every
2199 713 130 24 description.

1917 752 78 21 XMAS
2009 751 16 20 &
2039 749 66 22 NEW
2119 748 78 21 YEAR
2209 747 99 26 CARDS,

1821 774 2 31 I
1838 780 58 20 From
1915 788 9 12 a
1945 780 70 25 Penny
2032 777 102 27 upwards,
2153 774 103 28 including
2273 774 108 26 Jewelled,

1821 802 2 32 I
1839 808 72 25 iielief,
1922 807 152 25 Photogravure
2082 804 41 21 and
2138 804 68 21 Comic
2220 802 85 26 design*.
2334 802 49 21 B>st

1868 834 90 22 assorted
1967 834 58 21 stock
2034 833 22 22 in
2064 831 112 24 Roxburgh
2187 838 25 13 on
2221 830 52 21 vhw
2283 834 20 17 At
2315 830 35 21 the

1898 867 139 29 TBVIOT
2072 863 250 32 DISPENSARY.

1996 943 25 36 F
2066 941 166 50 Jefferv,

1821 987 2 45 !
1839 999 203 33 CHEMIST,
2086 994 295 38 BOOKIELLER,

1863 1037 222 35 STATIONER,
2099 1026 124 55 NBW.'f
2225 1035 137 30 AGKNT.

2002 1082 229 25 ROXBURGH.

1933 1137 172 31 13EC0RD
2147 1135 149 31 T>KIGN.

2145 1171 151 35 ■"'EIGN.

1821 1252 3 51 I
1839 1260 23 43 f
1862 1260 47 43 pO
1934 1261 98 30 enable
2058 1260 45 29 the
2131 1259 92 38 public
2249 1262 27 24 to
2303 1252 101 34 Dress!

1821 1293 2 45 I
1921 1302 154 28 siHtnblet'i
2086 1300 48 29 the
2144 1298 133 33 occasion,
2291 1296 15 30 I
2320 1300 67 24 have
2402 1293 1 45 j

1949 1351 181 32 REDUCE)
2155 1349 129 30 PRICKS

1821 1390 3 41 |
1837 1395 30 28 of
1880 1405 46 26 my
1938 1394 76 35 large
2032 1393 55 27 and
2101 1390 92 30 varied
2204 1401 17 17 \:
2222 1390 81 34 .-Dock,
2317 1391 51 26 viz.
2381 1401 5 15 :

1913 1445 84 36 Suits,
2011 1444 37 31 £3
2066 1444 49 35 3sj
2138 1443 138 34 Trousers,
2298 1441 52 29 15s.

1912 1487 116 36 Factory
2044 1504 9 4 -
2069 1484 78 29 made
2190 1483 84 36 Suits,
2317 1484 49 27 21s
2380 1493 6 25 \

1993 1535 5 18 i
2010 1535 114 25 rousers,
2138 1524 31 28 Os
2184 1523 44 29 l>d.

1950 1578 80 39 Caps,
2046 1578 108 32 Braces,
2171 1575 57 36 &c,
2244 1575 34 29 6d
2293 1575 75 29 each.

1839 1619 76 29 Hard
1929 1619 55 28 autl
1999 1618 62 28 Soft
2074 1616 62 29 Felt
2161 1622 75 29 i!;its,
2267 1618 24 26 Is
2313 1616 74 28 each.

1819 1696 3 25 I
1856 1700 123 21 REDUCr
1995 1701 6 9 X
2003 1699 34 20 NS
2053 1699 25 20 L\
2079 1698 5 9 T
2101 1698 52 19 ALL
2167 1696 96 22 OTHER
2277 1696 88 22 LINES.

1820 1709 1 47 I
2181 1709 21 47 i

1929 1764 43 43 E,
2018 1763 43 41 A,
2110 1762 64 36 H/

1820 1821 1 24 i
1835 1823 105 22 TAILOR
1964 1824 16 21 &
2003 1821 196 23 GENTLEMEN'S
2224 1821 164 20 OUTF.TTER.
2402 1821 2 24 !

1892 1864 258 32 SeOTLAND-STKKET,
2175 1860 25 28 ll'
2208 1869 125 20 >XBIU!GI1.

1882 1961 9 7 r
1912 1961 26 30 R
1997 1958 391 37 FINLAYSOJS,

1882 2006 10 9 w
1919 2011 159 23 barrister
2092 2011 61 21 and
2167 2009 155 26 solicitor,

2030 2058 164 35 Lawrkncb,
2204 2058 3 35 ,

1835 2128 67 29 AVill
1928 2126 95 29 attend
2049 2125 47 29 the
2117 2123 151 39 Roxburgh
2293 2122 93 30 Court.

1836 2208 100 32 Money
1947 2212 27 23 to
1984 2204 76 31 Lend
2070 2215 33 19 on
2117 2203 131 30 Freehold
2263 2203 122 37 Security

1880 2350 226 34 rriLLIAM
2151 2352 53 53 \|
2218 2347 169 36 ALONE,

1919 2506 172 38 General
2126 2505 172 41 Grocer,

1858 2652 315 33 SCOTLAND-S
2185 2650 92 30 TRB
2292 2650 62 36 BT,

1998 2799 221 30 ROXBURGH.

1833 2909 214 52 HUGH
2121 2906 260 41 BRUCE,

1922 2975 201 30 BOARDING
2152 2973 139 35 HOUSE,

1860 3027 314 33 Whitkiiavex-stkect,
2203 3024 149 30 Lawrkncb

1896 3073 143 39 (Opposite
2053 3073 116 38 English
2185 3071 130 36 Church.)

1843 3163 79 21 FIRST
1941 3163 84 21 CLASS
2050 3162 157 23 AO'JOMUOD
2216 3160 76 21 \TlO.\
2319 3160 50 21 FOLJ

1917 3192 57 22 THE
2191 3189 108 21 I'U'IILU:.

1879 3274 76 28 Good
1980 3273 130 36 Stabling
2135 3271 53 30 and
2209 3271 129 28 Paddock

1982 3312 254 30 Accommodation.

1918 3393 164 31 —G'HAItUKS
2105 3393 156 28 MofIKI.'ATE.
2268 3408 34 4 —

1896 3541 134 29 ILLEtiS
2096 3541 95 28 FLAT
2249 3537 136 35 HOTEL,

1995 3692 120 23 MILLERS
2141 3691 78 22 FLAT.

1870 3961 28 29 P.
1922 3960 106 30 Laffby

2179 3959 164 31 Proprietor.

1835 4092 247 31 DISSOLUTION
2116 4092 45 28 Or'
2194 4088 169 32 I'ARuNi'M-

2059 4146 100 30 &IIIP.

1830 4229 165 38 JOHNS
2048 4230 32 37 &

2213 4226 115 38 'OMB
2337 4224 41 40 3,

1815 4371 2 53 j
1842 4374 172 50 JTAVIsG
2030 4373 151 31 Purchased
2195 4373 45 29 the
2254 4371 126 29 i3.i<i'U'«
2395 4371 2 53 j

1842 4412 7 16 *
1868 4407 21 24 *•
1927 4423 25 21 ol
1982 4419 44 25 Diie
2054 4417 58 27 linn
2143 4415 28 29 of
2203 4414 90 28 JjifNS
2327 4419 53 21 AND
2396 4407 1 49 j

1833 4455 147 37 M'Combb,
1994 4456 22 29 ic
2028 4456 56 29 will
2107 4457 33 27 be
2164 4455 80 29 talcn
2267 4463 65 17 ov.v
2352 4463 29 15 as

1831 4497 71 28 from
1917 4497 45 28 the
1980 4497 141 33 lsthinsc,
2138 4496 53 28 and
2218 4494 49 27 will
2285 4494 95 27 hence-
2397 4488 2 47 j

1832 4537 116 28 forward
1976 4537 33 29 be
2035 4537 105 28 carried
2161 4546 33 17 o:i
2224 4534 86 28 under
2337 4534 44 27 the

1832 4588 78 18 name
1924 4578 29 27 of

1867 4618 46 28 All
1948 4621 130 25 accounts

1830 4658 100 28 settled
1950 4663 29 22 at
1999 4668 76 17 once.

1982 4715 32 28 E.
2054 4715 98 29 JOH
2169 4713 70 37 XS,

1844 4761 115 22 GROCER
1973 4762 62 21 AND
2053 4763 136 21 GENERAL
2204 4760 165 23 MERCHANT.

2032 4828 155 23 AGENCIES:

1832 4863 175 32 Manchester
2021 4866 63 30 Fire
2098 4868 148 28 Insurance
2262 4866 48 30 Co.

1832 4906 158 28 Australian
1999 4907 108 29 Mutual
2116 4908 147 29 Provideut
2274 4905 109 36 Society

1839 4977 125 57 WM.
1994 4977 388 66 KINASTON,

1895 5052 241 48 Hermitage
2173 5054 144 40 Street,

2006 5111 224 37 Roxburgh,

1836 5171 236 40 CARPENTER,
2100 5174 174 30 BUILDER
2296 5194 93 9 ....

1837 5246 93 8 ....
1951 5223 165 32 PICTURE
2143 5226 168 36 FRAMER,
2335 5233 55 21 and

1980 5274 266 47 Undertaker,

1837 5360 110 29 Picture
1960 5359 171 41 Mouldings,
2144 5361 118 35 Glasses,
2284 5363 104 36 Paints,

1904 5400 55 30 and
1985 5400 227 42 Paperhaugings
2237 5405 29 28 of
2286 5404 36 29 all

1949 5440 182 40 descriptions
2143 5443 28 29 in
2190 5444 88 30 stock.

1840 5492 101 29 Orders
1955 5493 84 30 taken
2061 5494 44 29 for
2125 5496 99 38 supply
2237 5497 29 29 of
2279 5496 114 29 Timber

1980 5534 29 28 in
2023 5545 54 28 any
2091 5535 157 38 quantities.

1839 5617 88 30 W.K.
1940 5618 105 39 having
2065 5620 113 29 secured
2197 5632 17 17 a
2234 5621 158 30 First-class

1999 5683 235 46 HEARSE,

1840 5746 24 30 is
1877 5743 135 42 prepared
2025 5747 29 25 to
2074 5743 118 31 conduct
2213 5746 134 32 Funerals
2364 5747 28 29 in

1942 5784 36 29 all
1992 5786 75 35 parts
2080 5783 30 29 of
2121 5783 47 30 the
2183 5785 117 32 district.

1641 216 148 54 Qeeds.

1522 383 38 26 ive
1573 380 145 38 quotations
1737 378 27 27 of
1780 378 31 26 all

1260 419 170 34 Agricultural
1451 420 77 26 Seeds
1542 428 36 17 we
1591 417 80 34 stock,
1691 417 29 27 of
1730 416 80 26 which

1256 456 41 26 the
1310 458 98 35 quality
1422 458 21 26 is
1457 458 41 26 the
1511 457 81 27 finest.

1292 543 168 43 Standard
1533 544 88 41 Bone
1657 543 148 40 Manure,

1288 614 61 27 This
1363 614 137 27 celebrated
1515 614 107 27 Manure
1636 613 43 27 has
1691 621 32 18 no
1736 611 71 37 equal

1255 651 35 27 (or
1303 651 105 37 quality.
1446 652 23 26 It
1489 653 20 25 is
1531 651 53 27 rich
1604 651 26 26 in
1654 649 154 36 Phosphates

1254 689 48 27 and
1318 688 192 34 Aminonia,and
1522 689 21 27 is
1552 687 140 35 admirably
1702 686 104 36 adapted

1255 726 35 26 for
1303 733 53 19 rout
1375 736 78 25 crop-;,
1474 736 70 26 grass
1563 726 81 32 lands,
1658 725 48 26 and
1727 725 79 25 wheat

1254 773 78 27 crops.

1288 813 255 28 Caution.—Other
1573 811 85 28 makes
1689 811 23 26 of
1741 810 66 27 Bone

1256 851 118 27 Manures
1388 860 39 16 *re
1439 852 75 32 being
1523 850 91 26 offered
1630 855 24 20 to
1669 849 101 25 farmers
1781 858 25 16 as

1255 889 40 25 the
1483 887 84 26 brand.
1607 886 81 26 When
1702 886 104 33 buying,

1255 926 70 24 insist
1339 934 31 17 on
1385 935 12 16 a
1420 931 136 27 guarantee
1582 922 76 35 being
1683 923 83 32 given,
1780 931 25 17 as

1256 963 103 26 without
1373 962 48 27 this
1437 962 77 26 brand
1532 970 64 18 none
1610 962 19 26 is
1643 961 117 35 genuine.

1430 1039 23 28 L
1470 1041 23 27 A
1507 1038 125 29 WE'S

1253 1090 356 32 SUPERPHOSPHATE
1631 1090 47 29 OF
1698 1089 107 31 LIMB.

1441 1152 181 30 CROSS'

1253 1203 355 34 SUPERPHOSPHATE
1629 1203 47 31 OF
1698 1202 107 31 LIMB.

1288 1258 67 26 Both
1366 1258 68 26 these
1446 1258 118 25 Manures
1574 1265 40 18 are
1626 1256 27 26 of
1659 1256 60 34 high
1731 1265 29 18 Err
1769 1255 37 26 <oV

1253 1295 155 38 quality,and
1420 1304 38 17 are
1470 1294 53 26 well
1535 1293 80 27 suited
1627 1294 37 25 for
1674 1302 118 24 encourag-

1253 1336 42 32 ing
1309 1333 40 27 the
1363 1333 97 34 growth
1475 1332 25 26 of
1511 1331 31 27 all
1556 1336 55 22 root
1624 1340 79 26 crops.

1317 1390 152 28 <grPftiCES
1489 1397 34 18 ox
1543 1390 201 25 Application.

1420 1458 151 30 PLANET
1596 1458 45 30 Jr.

1328 1511 107 28 FARM
1470 1510 262 29 IMPLEMENTS.

1291 1563 79 26 Write
1392 1572 26 16 or
1441 1561 45 27 call
1506 1561 37 27 for
1556 1561 44 28 full
1615 1561 148 36 particulars
1784 1561 27 26 of

1255 1601 66 25 these
1345 1599 112 26 valuable
1482 1599 167 35 implements,
1668 1599 77 25 which
1766 1608 40 15 are

1253 1639 25 25 in
1290 1647 41 17 use
1343 1637 31 36 by
1387 1638 41 25 the
1441 1636 235 27 thousandsinNew
1688 1635 115 27 Zealand.

1321 1714 116 30 FRUIT
1458 1714 131 36 TREES,
1610 1714 128 36 ROSES,

1253 1766 265 31 STRAWBERRY
1552 1766 158 36 PLANTS,
1743 1765 60 37 Ac,

1400 1817 36 28 Of
1457 1815 66 29 Bast
1543 1815 122 38 Quality.

1253 1901 281 56 NIMMOI
1559 1900 243 66 BLAIR,

1346 1975 95 29 SEED
1465 1973 246 30 MERCHANTS.

1453 2022 149 26 DUNRDIN.

1285 2095 175 31 VICTORIA
1478 2095 144 28 LIVERY
1637 2093 168 30 STABLES

1526 2130 13 29 f

1338 2163 71 22 PEEL
1422 2163 112 26 STREET,
1550 2161 167 22 LAWRENCE.

1251 2232 35 42 T.
1315 2232 121 51 Dwyer
1481 2241 7 31 :
1536 2241 7 31 :
1598 2229 205 52 Proprietor,

1288 2319 57 28 The
1358 2329 67 27 very
1437 2318 63 29 besfc
1514 2316 129 38 Stabling
1660 2314 143 40 provided,

1251 2360 65 28 with
1329 2370 16 17 a
1359 2359 101 28 Groom
1473 2358 101 38 always
1587 2358 30 27 in
1629 2356 174 29 attendance.

1250 2453 26 28 A
1298 2451 160 30 Handsome
1483 2450 56 29 and
1566 2448 237 40 Well-appointed

1345 2510 155 36 Hearse
1524 2519 53 26 on
1606 2508 101 36 Hire.

1284 2604 159 29 First-class
1476 2603 95 38 Single
1604 2601 56 30 and
1694 2600 107 30 Double

1248 2645 140 37 Buggies;
1409 2645 66 32 also,
1490 2641 109 30 Ladies'
1614 2642 55 28 and
1690 2641 96 28 Gentle-

1247 2684 88 29 men's
1349 2684 102 29 Saddle
1465 2683 113 28 Horses.

1260 2787 17 35 f
1310 2786 58 26 00
1389 2786 21 24 K
1473 2787 19 23 A
1528 2787 10 22 P
1600 2784 171 25 THIS!

1312 2862 100 26 B>'»lM
1431 2867 34 20 lor
1482 2866 39 21 fie
1539 2862 80 27 Great,

1339 2907 71 25 Bjo'h
1432 2909 34 22 fur
1489 2908 41 23 the
1544 2907 90 29 Small;

1310 2951 70 22 Hoots
1396 2950 36 22 for
1452 2951 39 21 the
1510 2949 79 29 Short,

1340 2993 71 24 Boots
1429 2993 36 24 for
1483 2993 39 24 the
1540 2993 54 24 Tall
1611 3000 5 22 ;

1312 3040 69 22 Bco'.u
1396 3039 35 22 lor
1451 3043 40 19 the
1510 3037 96 31 Young,

1339 3078 72 23 bjuts
1430 3083 36 16 tor
1481 3077 40 23 the
1540 3078 46 22 Old
1599 3085 5 20 ;

1363 3139 31 24 ml
1415 3137 100 26 BOOTS
1531 3139 46 23 ami
1597 3136 103 27 SHOKS

1460 3195 36 24 for
1512 3193 30 24 ull
1566 3201 14 16 a

1349 3258 39 36 H.
1440 3259 119 35 Bail
1574 3256 124 44 lie's,

1258 3333 75 32 Oppo.
1341 3333 32 23 i>e
1389 3330 160 26 Commercial
1569 3330 81 31 Hotel,
1671 3329 131 33 Roxburgh

1281 3446 130 29 fcflTCoine
1428 3447 45 25 an-i
1493 3452 90 25 inspect
1596 3445 41 27 the
1653 3445 80 27 Stock.

1248 3556 35 57 J
1361 3557 47 39 H.
1472 3556 222 39 PEARS
1711 3555 90 43 OK,

1347 3622 68 21 ROSS
1429 3622 96 27 PLACE,
1540 3621 167 26 LAWRENCE,

1290 3668 264 34 CONTRACTOR,
1575 3664 183 37 BUILDER,

1497 3718 54 20 AND

1383 3748 277 34 UNDERTAKER.

1246 3826 143 28 (Jontracts
1403 3823 83 29 taken
1500 3824 42 29 for
1555 3821 139 31 Builders'
1714 3821 84 31 Work

1363 3866 28 29 of
1405 3876 81 28 every
1501 3864 178 40 description.

1305 3938 200 22 ESTIMATES
1535 3937 196 21 PREPARED.

1279 3998 26 29 A
1319 3995 196 33 well-assorted
1542 3995 86 29 Stock
1650 3995 28 29 of
1700 3994 82 29 Furni-

1244 4044 59 22 ture
1317 4038 100 37 always
1432 4048 34 16 on
1481 4035 83 29 hand.

1281 4077 132 30 Funerals
1425 4075 155 30 conducted
1593 4076 28 28 in
1632 4076 36 28 all
1681 4078 77 37 parts
1772 4075 29 28 of

1244 4120 46 27 the
1319 4119 122 27 District.
1482 4117 106 27 Hearse
1614 4117 136 38 provided
1780 4117 21 27 if

1244 4158 138 37 required.

1251 4230 193 57 COBB
1515 4230 52 56 &
1631 4229 182 62 CO.'S,

1361 4310 170 22 TELEGRAPH
1557 4310 69 22 LINE
1651 4310 37 21 OF

1297 4351 128 28 ROYAL
1451 4350 93 29 HAIL
1566 4349 186 30 COACHES.

1450 4402 149 29 Lawrence

1283 4445 154 27 Beaumont
1563 4442 65 29 Moa
1641 4442 63 29 Flat

1283 4485 97 28 Teviot
1561 4483 160 29 Alexandra

1281 4525 86 38 Clyde
1564 4523 146 30 Cromwell

1281 4567 174 28 Arrowtowu
1564 4564 184 38 Queenstown

1498 4606 65 29 And

1319 4654 57 29 Alll
1397 4654 198 29 Intermediate
1620 4653 106 29 Places.

1282 4734 77 30 Cobb
1373 4735 55 28 and
1452 4735 20 29 C
1483 4735 43 28 ).'s
1549 4734 156 36 Telegraph
1731 4733 69 27 Line

1244 4774 28 30 of
1287 4774 84 39 Royal
1387 4773 65 31 Mail
1477 4774 121 30 Coaches
1622 4773 76 29 leave
1721 4772 59 28 Law-

1246 4826 77 18 rence
1344 4816 42 28 for
1408 4816 47 28 the
1477 4816 153 26 Beaumont
1650 4812 56 28 and
1726 4812 56 28 Rox-

1245 4856 90 37 burgh
1352 4866 83 27 every
1458 4855 70 36 d;iy;
1549 4853 55 29 and
1625 4852 77 29 leave
1725 4852 57 29 Rox-

1245 4896 90 28 burgh
1368 4896 43 28 for
1443 4893 168 33 Alexandra,
1646 4892 155 34 Cromwell,

1250 4940 175 29 Arrowtowu,
1439 4934 55 28 and
1518 4934 183 35 Queenstown
1718 4943 81 26 every

1244 4975 135 38 Tuesday,
1405 4973 145 38 Thursday
1573 4971 55 29 and
1653 4971 148 39 Saturday,

1246 5014 129 40 reaching
1385 5016 185 35 Queenstown
1580 5013 47 28 the
1636 5022 74 19 same
1719 5023 66 19 even-

1246 5056 56 37 ing.
1345 5059 166 34 Passengers
1524 5054 77 27 leave
1620 5052 130 28 Dunedin
1764 5053 37 36 by

1247 5096 45 28 the
1306 5096 63 28 8.15
1383 5105 64 18 a.m.
1472 5094 89 33 train;
1583 5092 77 28 leave
1679 5091 105 36 Queens-

1247 5139 71 24 town
1333 5145 35 17 on
1382 5144 75 18 same
1470 5133 68 37 days
1551 5136 29 24 at
1595 5133 15 26 5
1620 5141 75 24 a.m.,
1709 5132 79 27 reach-

1248 5175 47 39 ing
1309 5174 156 39 Roxburgh
1484 5180 28 22 at
1526 5173 16 29 8
1557 5181 77 29 p.m.,
1649 5169 55 30 and
1718 5171 71 28 arriv-

1248 5216 49 37 ing
1316 5221 28 22 at
1366 5215 148 27 Liwreuce
1537 5220 29 21 at
1595 5212 62 28 1.45
1679 5221 66 27 p.m.
1769 5221 35 18 on

1249 5255 142 37 following
1406 5254 77 37 days.

1286 5295 130 30 Dunedin
1438 5294 130 36 Booking
1584 5290 85 31 Office
1683 5290 43 29 for
1740 5290 49 30 Pas-

1250 5346 113 27 sengers
1377 5335 54 28 and
1446 5333 110 29 Parcels
1567 5345 6 15 :
1602 5331 69 28 N.Z.
1685 5331 122 37 Express

1251 5374 74 31 Co.'s
1341 5374 93 32 Office,
1449 5374 204 32 Aianse-street,
1669 5370 139 30 Dunedin.

1288 5416 81 30 Head
1395 5416 100 28 Office:
1531 5413 174 33 Peel-street,
1730 5411 58 28 Law-

1252 5467 90 19 reuce.

1387 5496 37 29 H.
1446 5494 118 30 CRAIG
1585 5500 24 20 to
1630 5491 68 36 CO.,

1592 5537 181 39 Proprietors.

1284 5613 240 35 /'OUNGMtiN,
1546 5613 78 28 write
1651 5615 28 26 to
1704 5623 44 18 me
1767 5613 44 29 for

1345 5655 129 29 valuable
1483 5654 59 28 free
1552 5652 79 29 Book
1642 5652 168 39 concerning

1255 5696 166 39 yourselves.
1477 5693 142 28 Professor
1657 5691 153 37 Hermann,

1256 5736 156 40 Specialist,
1439 5734 36 30 40
1509 5731 206 41 Collins-place,
1740 5732 53 30 Mel-

1257 5778 114 30 bourne.

2431 247 73 58 IF
2527 240 178 67 THIS
2738 247 310 59 SHOULD
3085 246 198 57 MEET
3317 242 152 58 THE
3500 239 39 54 I.

2405 338 2 23 I

2418 376 180 57 HOYLES
2631 373 302 41 PRlNTS—Straight
2963 374 72 29 from
3073 372 48 30 the
3158 371 95 31 maker
3261 382 8 25 ;
3309 379 75 20 some
3409 366 126 41 splendid

2512 417 127 29 Patterns
2658 416 55 28 and
2733 415 95 30 PAST
2848 414 183 31 COLOURS.

2489 458 243 29 Galateas—extra
2744 454 225 40 strong—suited
2982 454 43 30 for
3037 453 83 29 Lads'
3134 452 105 30 Breeks
3252 448 187 33 or—Lassies'
3454 447 80 31 Hard

2417 496 91 31 Wear.

2487 540 112 36 Among
2612 538 47 28 the
2673 537 177 29 Dress-stuffs
2871 537 22 28 is
2916 536 47 28 the
2986 545 59 18 new
3070 534 117 29 Electric
3213 532 153 36 Bangaliae
3391 529 143 38 Magnetic

2415 577 95 41 Serge,
2537 578 149 36 Klondyke
2707 577 87 36 Twill,
2815 576 54 30 and
2891 573 351 41 Aberouthuiagummidga
3267 571 133 36 Brocade,
3427 569 106 39 Gimps,

2415 619 70 29 Shot
2498 620 54 28 and
2565 619 121 30 Shooted
2701 619 74 28 Silks
2790 625 27 22 to
2834 618 99 28 match.

2488 660 64 28 And
2566 660 91 37 again,
2670 662 46 35 yet
2729 660 115 28 another
2857 657 90 38 parcel
2958 656 28 29 of
2997 654 107 30 Lxdies'
3118 654 54 30 and
3187 653 154 30 Children's
3356 651 89 30 Straw
3461 651 71 28 Hats

2414 710 67 18 —or
2523 699 92 30 Strore
2810 699 14 29 I
2846 697 85 30 heard
2956 696 75 30 them
3053 696 105 36 called;
3179 695 51 29 bub
3252 696 103 27 newest
3379 692 75 29 ideas
3480 691 54 29 and

2416 740 123 28 bewtiful
2552 740 27 28 in
2594 740 106 38 design.
2740 738 178 38 Trimmings,
2938 748 29 18 ex
2987 736 106 39 eclipso.

2489 779 58 30 The
2561 779 131 40 Ciothing
2706 778 181 39 Department
2901 777 48 29 has
2963 778 68 28 been
3076 775 74 38 bigly
3193 772 151 31 increased.

2489 823 27 26 A
2528 820 127 38 splendid
2667 821 78 28 stock
2759 820 29 28 of
2801 818 109 30 Ladies'
2926 817 118 38 Hosiery
3055 816 58 40 just
3126 815 147 29 in—strait
3291 814 71 28 from
3383 812 78 29 'ome.

2490 861 90 37 Every
2594 861 92 37 pound
2700 865 81 33 spent
2793 860 71 28 from
2878 860 47 27 the
2939 862 109 34 present
3061 858 65 27 time
3140 856 40 28 till
3190 856 54 28 eud
3252 855 29 28 of
3290 854 152 29 December
3455 852 78 29 takes

2416 910 16 17 a
2448 899 179 29 GlFT—and
2652 902 10 26 1
2685 900 88 29 worth
2786 900 113 33 having.

2562 1100 102 30 CASH
2687 1099 160 36 DRAPER,
2869 1098 202 35 CLOMIER,
3090 1096 81 29 ~ND
3191 1095 207 29 IMPORTER.

2796 1150 71 28 Rosd
2889 1150 95 33 PrACB,
3004 1149 163 28 Lawrence.

2932 1342 142 29 TAILOR
3102 1341 82 28 AND
3214 1340 161 29 HATTER.

2806 1424 41 20 AM
2861 1422 158 24 acknowledged
3033 1424 22 19 to
3068 1421 26 21 be
3107 1421 73 20 second
3193 1422 22 19 to
3229 1427 51 14 none
3294 1420 31 21 for

2436 1791 19 32 /
2495 1791 118 34 ill

2804 1486 119 30 STYLE

2949 1524 190 39 QUALITY!

3117 1562 312 32 WORKMANSHIP!

2937 1688 156 21 RESIDENTS
3119 1687 36 20 OF
3181 1684 186 23 ROXBURGH-

2763 1717 80 25 Eindly
2853 1716 112 20 remen.ber
2979 1716 45 21 that
3033 1716 66 24 owing
3112 1716 22 18 to
3144 1721 34 18 my
3187 1714 98 19 immense
3294 1712 129 26 wssoitment,
3434 1711 36 20 the
3479 1710 60 21 Show

2813 1744 20 22 in
2843 1744 35 20 the
2891 1743 102 21 Windows
3003 1743 16 20 is
3029 1742 48 26 only
3086 1748 12 14 a
3107 1747 49 19 very
3165 1740 59 21 small
3234 1741 46 25 part
3285 1738 22 21 of
3317 1745 33 19 my
3361 1738 127 21 Exhibition.

2814 1812 110 26 Intending
2933 1812 117 21 Customers
3060 1810 41 21 will
3111 1810 42 21 find
3161 1809 45 21 that
3215 1808 11 21 I
3236 1808 51 21 have
3299 1806 59 21 mad*
3364 1806 36 22 the
3407 1806 64 21 inside
3476 1805 22 22 of
3504 1813 35 19 my

2763 1839 158 23 Establishment
2940 1838 105 29 especially
3065 1841 65 17 atfrac
3141 1837 40 25 ive,
3198 1836 40 21 and
3256 1834 103 23 earnestly
3374 1834 63 21 invite
3455 1840 40 20 you
3517 1836 22 18 to

2762 1872 83 18 saunter
2860 1867 87 27 through
2965 1868 35 20 the
3019 1866 80 21 various
3116 1865 146 26 Departments
3276 1862 40 22 and
3332 1862 82 26 luspect
3424 1862 35 21 the
3469 1862 70 20 Latest

2763 1896 104 21 Fashions.

2798 1964 183 30 OPPOSITE
3003 1961 109 31 BANK
3134 1961 48 28 OF
3202 1959 91 30 NEW
3312 1957 190 37 ZEALAND,

3083 2002 162 28 Lawrence.

2459 2182 391 86 wool.

3099 2172 391 88 WOOL.

2427 2436 199 34 HALGETY
2646 2434 23 32 &
2691 2432 196 38 COMPANY,
2907 2430 173 37 LIMITED,
3102 2430 56 40 beg
3179 2432 29 28 to
3224 2436 143 22 announce
3386 2426 62 31 that
3466 2426 71 30 their

2564 2518 110 29 FIRST
2711 2515 113 31 WOOL
2864 2514 96 30 SALE
2998 2512 76 30 FOR
3111 2511 90 29 THIS
3242 2509 149 31 SEASON

2843 2593 68 29 Will
2935 2593 35 29 be
2994 2591 65 30 held
3084 2601 36 19 on

2483 2671 364 67 TUESDAY,
2895 2672 60 52 21
2959 2669 43 30 st
3052 2664 415 59 DECEMBER.

2489 2850 112 31 WOOL
2621 2851 42 29 for
2686 2850 53 28 this
2756 2848 62 30 Sale
2832 2847 97 29 should
2942 2847 80 29 reach
3045 2855 29 18 us
3090 2848 48 25 not
3150 2843 70 28 later
3233 2842 66 29 than
3321 2841 152 35 FRIDAY,
3489 2841 46 28 the

2417 2934 79 33 18th,
2511 2942 30 18 or
2553 2930 74 37 early
2641 2939 35 19 on
2692 2925 216 36 SATURDAY,
2922 2925 46 29 the
2986 2925 68 28 19th
3068 2921 219 31 DECEMBER.

2474 3002 120 31 -Advice
2610 3002 94 34 Notes,
2719 3000 121 29 Address
2853 2998 110 35 Labels,
2979 2996 59 36 &c,
3051 2994 99 40 posted
3164 3005 35 19 on
3213 2993 175 40 application.

2679 3141 64 33 ggf
2745 3137 124 30 Address
2888 3146 69 28 your
2977 3135 216 39 Consignments
3215 3135 39 28 to-

2819 3346 163 30 DUNE
3003 3346 25 28 D
3049 3346 14 28 I
3083 3344 26 30 N
3125 3368 5 6 .

2607 3482 95 51 Tfo
2763 3480 209 57 Slieep
3034 3478 244 48 O'Wiir

2678 3895 36 29 IS
2737 3890 218 33 ANNUALLY
2982 3890 101 30 USED
3109 3885 106 32 UPON
3243 3885 24 28 A

2435 3941 819 74 }UAIiTER<*™SHEEP™
3281 3932 249 58 WORLD

2453 4066 53 28 ITS
2531 4063 230 31 BENEFICIAL
2784 4060 167 35 EFFECTS
2969 4057 80 29 AND
3068 4055 166 29 LASTING
3258 4045 233 37 PROPERTIES

2810 4111 129 32 ALONE
2965 4108 112 31 MAKE
3103 4108 38 28 IT

2413 4177 150 56 TiTR
2605 4170 393 61 CHEAPEST
3031 4165 96 60 OF
3160 4165 147 58 ALL

3407 4205 8 9 r
3441 4201 19 13 v..
3486 4201 2 13 '
3501 4201 2 13 .
3507 4201 9 12 J
3522 4203 9 7 *

2494 4283 22 25 ',;
2530 4286 125 22 WLMAB'iB
2683 4284 70 22 FROM

2898 4311 102 32 JOHN
3026 4306 219 37 THOMPSON,
3269 4305 155 32 Lawremv,

2819 4355 65 29 And
2906 4355 71 28 from
2999 4352 36 29 all
3059 4351 87 30 Stock
3167 4350 55 29 and
3247 4346 106 31 Station
3379 4346 44 37 k%

2457 4440 174 43 Murray,
2659 4435 175 38 Roberts
2865 4432 81 38 and
2977 4430 558 48 Oo^.^gL^H-J?---^^!---

2768 4957 153 21 ■BiyßaHscs?w
2921 4957 3 21 j
2925 4965 11 10 -'»
2945 4957 50 16 ■•■■
3267 4957 272 21 A

2535 5142 155 61 NEW
2742 5139 249 59 RAPID
3035 5134 389 60 BICYCLES.

2405 5233 1 37 '
2424 5249 50 21 nT
2496 5246 114 23 GEORGE
2626 5239 201 27 ENGINEERING
2840 5240 52 25 CO.,
2906 5240 101 25 Limited,
3021 5246 34 14 are
3064 5238 35 20 the
3109 5237 80 21 Makers
3198 5235 22 21 of
3229 5235 35 21 the
3273 5235 48 25 only
3332 5233 80 26 Bicycle
3422 5236 113 25 possessing

2405 5260 1 37 i
2424 5260 31 37 S
2483 5277 21 20 in
2513 5275 69 22 happy
2591 5270 135 24 combination
2737 5269 36 21 the
2782 5267 113 27 perfection
2906 5267 21 20 of
2934 5268 57 19 those
2997 5266 95 27 qualities
3098 5268 52 17 most
3156 5262 84 22 coveted
3247 5263 25 25 by
3281 5268 39 20 exp
3326 5260 86 22 srieucad
3422 5261 113 26 Cyclists—

2589 5301 221 35 STABILITY!
2889 5300 141 30 SPEED!
3108 5295 262 33 DURABILITY!

2467 5350 49 21 This
2525 5349 41 20 fact
2576 5348 36 21 has
2621 5347 80 20 become
2709 5341 103 27 generally
2821 5340 115 26 recognised
2947 5341 20 20 in
2976 5340 104 26 Tuapeka,
3091 5338 40 21 and
3140 5339 21 20 in
3171 5342 138 21 consequenca
3324 5336 10 20 I
3349 5341 33 14 am
3396 5334 54 26 daily
3461 5336 73 25 selling

2418 5380 56 22 these
2484 5376 104 23 Machines
2599 5376 21 19 to
2631 5371 84 28 Cyc'ists
2725 5369 44 20 who
2779 5368 50 20 have
2840 5366 49 22 be»n
2899 5367 142 26 disappointed
3053 5368 24 22 by
3087 5366 59 20 other
3156 5364 76 24 makes,
3243 5363 40 20 and
3295 5363 44 20 who
3348 5369 34 13 are
3388 5362 53 25 glad,
3452 5362 83 27 indeed,

2418 5408 32 22 for
2459 5413 32 15 me
2501 5409 20 17 to
2531 5404 59 21 make
2599 5402 56 21 them
2662 5406 25 14 an
2697 5397 108 21 allowance
2815 5395 30 20 for
2857 5395 53 20 their
2920 5393 104 23 discarded
3035 5395 83 20 mounts

2419 5447 55 36 As
2485 5444 93 36 Part
2589 5437 191 47 Payment
2788 5433 64 37 for
2862 5443 24 26 a
2899 5433 186 36 Machine
3092 5432 93 44 they
3195 5440 78 27 can
3287 5428 167 45 Depend
3468 5438 67 26 on.

2472 5533 66 21 Those
2549 5529 43 22 whs
2601 5533 33 15 are
2645 5526 35 21 not
2693 5523 21 21 in
2722 5529 11 13 a
2744 5520 86 28 position
2841 5520 21 20 to
2872 5519 99 26 purchase
2980 5525 39 14 one
3027 5518 22 21 of
3059 5519 56 21 these
3125 5517 52 22 ideal
3187 5516 68 22 steeds
3264 5522 37 15 cax
3311 5514 69 21 obtain
3391 5514 53 21 from
3457 5520 31 16 me

2539 5557 69 30 New
2629 5561 54 22 and
2708 5551 197 29 Second-hand
2933 5546 131 30 Bicycles
3086 5546 29 29 of
3137 5555 84 26 every
3242 5542 177 38 description.

2635 5599 686 92 charlesltokes,

2575 5706 214 40 MERCHANT
2820 5703 152 37 TAILOR,
2997 5704 70 29 Ross
3099 5703 99 37 Place,
3223 5702 161 29 Lawrence.

2823 5747 93 38 Agent
2939 5745 47 29 for
3010 5744 141 38 Tuapeka.

2467 5799 129 30 tfttalogues
2608 5801 27 15 on
2648 5788 202 31 Application.—
2958 5784 174 22 ~™When
3143 5783 100 26 Ordering
3257 5782 92 23 Mention
3364 5781 41 23 this
3420 5782 72 24 Paper.

3575 236 256 45 Speargrass
3864 234 91 39 Flat
3993 227 135 44 Hotel,

3673 297 102 30 BALD
3796 297 94 30 HILL
3914 294 109 32 FLAT.

3572 374 90 26 JAMES
3673 378 151 22 FALCONER

3975 376 141 22 Pboprbstor

3598 447 72 45 pHE
3683 448 85 29 above
3783 447 84 30 Hotel
3880 447 55 29 will
3948 447 36 28 be
3996 443 89 32 found
4104 453 17 19 a

3598 488 10 14 L
3653 491 73 27 most
3750 488 180 30 comfortable
3959 486 55 30 aud
4045 484 60 30 well-

3569 528 149 40 appointed
3731 529 94 30 House
3840 529 37 37 by
3900 527 151 30 Travellers
4065 524 56 31 and

3568 571 47 28 the
3627 569 93 39 public
3733 569 151 38 generally.
3923 565 118 31 Patrons
4055 574 65 28 may

3568 611 58 38 rely
3639 621 34 18 on
3687 620 82 27 every
3787 609 136 30 attention
3937 608 85 38 being
4034 606 86 40 given

3568 654 28 26 to
3606 651 72 28 their
3690 649 127 30 comfort.

3566 724 45 28 An
3624 724 158 28 Excellent
3795 722 89 29 Table
3897 723 119 28 Always
4031 720 87 28 Kept.

3628 796 72 39 Only
3716 796 46 29 the
3777 796 66 28 Best
3856 795 118 39 Liquors
3987 794 77 38 Kept

3772 837 29 28 in
3815 835 96 31 Stock.

3569 889 157 30 First-class
3741 889 138 38 Stabling,
3893 889 67 28 with
3977 888 100 29 Groom
4091 888 29 27 in

3761 929 174 29 attendance.

3577 1020 272 42 RAILWAY
3925 1017 196 35 HOTEL,

3660 1088 67 22 ROSS
3745 1087 98 26 PLACE,
3864 1085 168 22 LAWRENCE.

3568 1156 158 44 Joseph
3754 1155 103 42 Cox,
3885 1152 235 45 Proprietor

3605 1243 19 27 J
3636 1242 30 29 C.
3681 1243 69 37 begs
3771 1245 27 25 to
3812 1241 125 28 intimate
3951 1240 60 29 that
4023 1239 35 28 he
4071 1239 50 28 has

3568 1282 155 37 purchased
3753 1282 47 26 the
3832 1281 86 27 above
3944 1279 178 28 well-known

3570 1321 141 37 Hostelry,
3720 1320 54 28 and
3789 1319 93 37 hopes,
3891 1319 37 36 by
3938 1318 79 28 strict
4030 1321 76 24 atten-

3571 1361 58 29 tion
3642 1364 27 25 to
3683 1360 47 29 the
3740 1359 116 30 comfort
3865 1359 28 28 of
3906 1357 152 30 Travellers
4067 1356 55 29 and

3571 1402 47 27 the
3631 1401 92 38 public
3737 1399 149 38 generally,
3899 1403 29 24 to
3942 1402 73 25 meet
4027 1397 67 29 with
4107 1407 16 18 a

3570 1440 53 29 fair
3636 1441 79 28 share
3728 1440 28 28 of
3768 1443 161 35 patronage.

3608 1482 58 29 The
3688 1481 61 29 Kail
3752 1491 58 28 way
3831 1479 24 30 is
3877 1490 52 19 one
3942 1477 30 30 of
3984 1477 48 31 the
4045 1477 60 30 best-

3569 1523 148 38 appointed
3729 1522 98 28 Hotels
3836 1521 106 29 outside
3951 1519 29 29 of
3991 1519 130 29 Dunedin

3570 1563 97 29 Under
3678 1562 86 29 J.O.'s
3779 1563 201 36 management,
3989 1560 48 28 the
4047 1569 55 19 com-

3568 1604 56 28 fort
3637 1603 29 28 of
3674 1607 112 34 patrons
3795 1601 53 28 will
3859 1602 34 28 be
3905 1601 77 28 made
3993 1611 16 17 a
4019 1599 102 39 special

3568 1644 114 34 feature,
3695 1643 54 28 and
3763 1652 35 18 no
3810 1641 82 29 effort
3902 1641 54 29 will
3972 1640 34 29 be
4020 1639 99 39 spared

3568 1690 28 24 to
3609 1684 64 39 give
3685 1693 83 28 every
3782 1682 179 30 satisfaction.

3568 1756 58 30 The
3638 1757 61 28 best
3713 1756 101 29 brands
3827 1755 31 29 of
3878 1754 105 37 Wines,
4008 1753 110 40 Spirits,

3603 1797 56 29 and
3673 1797 65 30 Ales
3751 1797 101 38 always
3871 1796 67 39 kept
3950 1796 29 28 in
3993 1794 88 30 stock.

3569 1871 127 39 Simpson
3708 1871 55 29 and
3777 1869 96 30 Hart's
3887 1869 66 29 Ales
3967 1868 100 39 always
4081 1878 36 19 on

3812 1911 67 38 Tap.

3567 1984 156 30 First-class
3734 1984 129 39 Stabling
3873 1982 245 31 Accommodation

3572 2066 280 56 JVIASOHIC
3896 2062 222 43 HOTEL'

3660 2126 67 21 ROSS
3740 2125 97 26 PLACE,
3851 2125 167 20 LAWRENCE.

3565 2196 34 28 R.
3619 2196 111 28 WEBB

3887 2193 16 30 ..
3935 2193 179 29 Proprietor.

3601 2276 58 29 The
3712 2276 122 29 Masonic
3890 2274 100 30 affords
4012 2274 36 28 all
4067 2273 48 29 the

3565 2316 130 29 comforts
3708 2316 29 29 of
3749 2326 16 18 a
3777 2316 89 35 home,
3876 2315 55 29 and
3944 2314 24 30 is
3980 2313 132 39 provided

3564 2356 67 29 with
3643 2356 47 29 the
3711 2365 67 29 very
3796 2356 63 29 best
3871 2354 244 30 Accommodation

3563 2396 44 29 for
3631 2396 161 29 Travellers.
3831 2395 157 29 First-class
4020 2394 94 28 Table.

3564 2436 67 30 Best
3649 2435 97 31 Wines
3768 2436 54 30 and
3844 2435 100 41 Spirits
3965 2434 102 40 always
4085 2434 30 28 in

3563 2478 89 29 stock.

3683 2544 133 22 CHARGES
3834 2542 160 23 MODERATE.

3598 2599 59 30 The
3681 2599 158 40 Proprietor
3864 2599 99 30 wishes
3988 2601 30 26 to
4040 2598 76 29 draw

3563 2639 108 39 Special
3695 2640 135 29 attention
3855 2643 28 26 to
3912 2640 47 28 the
3985 2638 131 38 Stabling

3562 2680 244 29 Accommodation
3826 2679 142 39 provided,
3983 2678 90 29 which
4092 2679 24 27 is

3562 2721 154 34 unlimited,
3729 2721 55 28 and
3796 2720 29 29 of
3838 2722 46 27 the
3897 2721 62 27 best
3973 2719 77 29 kind.

3569 2805 147 52 yICT
3731 2804 61 30 0R
3806 2806 14 27 I
3834 2806 26 28 A
3935 2804 180 32 HOTEL,

3652 2872 70 21 PEEL
3735 2871 111 27 STREET,
3864 2870 166 23 LAWRENCE.

3589 2964 141 36 RONAL
3784 2961 311 43 MONTGOMERY;,

3756 3019 177 29 Proprietor.

3567 3113 59 29 One
3648 3112 29 29 of
3699 3112 46 28 the
3765 3114 71 26 most
3862 3111 180 29 comfortable
4062 3110 67 29 and'

3592 3151 229 30 best-conducted
3834 3150 154 29 Hostelries
3999 3161 34 18 on
4044 3151 47 28 the

3714 3191 89 38 Otago
3817 3190 159 31 Goldtields.

3665 3283 56 22 hot
3743 3283 62 21 and
3825 3282 74 22 cold
3918 3282 99 22 baths.

3590 3351 110 30 Sample
3720 3350 95 29 Rooms
3835 3358 51 21 for
3905 3349 183 32 Travellers.

3563 3432 167 38 Passengers
3738 3430 86 29 ealled
3834 3430 43 29 for
3885 3431 46 28 the
3939 3431 75 38 early
4022 3431 92 34 Train.

3566 3577 62 59 D.
3673 3576 64 60 M

3769 3575 168 25 ITCH
3971 3575 18 25 E
4021 3575 20 26 L
4071 3575 21 25 L

3619 3719 71 27 THE
3734 3718 161 28 POPBJLAR
3931 3718 120 33 HOUSE,

3740 3784 199 25 LAWRENCE.

3560 3867 25 20 _s
3597 3864 52 19 now
3667 3856 104 33 opening
3789 3864 31 23 up
3840 3854 38 26 his
3900 3854 65 25 First
3987 3854 126 33 ShipmenG

3577 3903 25 24 of
3618 3901 143 27 SUMMER
3778 3899 169 30 DRIPERY,
3963 3899 135 27 consisting

3575 3948 26 24 of
3608 3948 30 24 all
3650 3948 39 24 the
3697 3948 70 24 latest
3779 3944 117 26 novelties
3905 3946 35 23 for
3952 3944 39 25 the
4000 3944 95 32 coming

3644 3994 91 21 season,
3754 3984 47 25 and
3815 3984 78 32 prices
3906 3987 22 20 to
3947 3984 87 23 match.

3682 4025 121 30 Millinejy
3817 4031 16 18 a
3855 4022 136 32 Speciality.

3723 4164 113 26 —Visits
3869 4164 92 25 Millers
3987 4163 45 27 Fla
4080 4164 33 25 ni

3587 4204 109 33 oxburgh
3708 4210 72 25 every
3796 4204 35 24 six
3848 4203 87 25 weeks.

3597 4546 129 23 ROYAL
3755 4544 39 34 **,

3582 4583 160 21 WARRANT
3757 4569 39 45 <^

3582 4621 38 27 AND
3626 4621 26 28 BY
3662 4621 87 28 SPECIAL
3756 4614 400 35 WARRAKTTOHMTHEPRIiKECfr,L£S.

3883 5079 1 12 ■
3888 5079 32 12 ;'■■■•'■•

3785 5181 33 13 «w

3681 5211 51 19 *M

3733 5249 53 64 P
3806 5247 57 63 U
3882 5246 53 64 R
3958 5249 52 61 E
4038 5274 61 43 -s

3733 5418 28 38 i

3613 5479 515 109 SEEDS

3597 5650 175 38 TOTHILL,
3791 5652 175 40 WATSON,
3986 5655 25 29 &
4032 5655 67 38 CO.,

3594 5769 30 24 So
3634 5778 13 17 e
3662 5771 89 30 Agents
3764 5771 38 24 far
3817 5773 77 31 Otago
3911 5775 48 24 and
3979 5775 136 26 Southland
