4260 5920
128 241 59 30 and
200 252 16 18 a
226 241 68 29 base
307 240 28 30 of
348 239 70 30 28ft.
455 236 59 30 The
538 235 68 30 total
620 235 59 27 cost

126 284 36 29 •of
170 283 48 29 the
228 282 88 29 -whole
323 283 136 27 structure
468 278 14 29 I
492 275 87 31 found
588 275 91 29 rather

131 322 181 40 complicated
324 321 54 29 and
392 319 115 30 difficult
527 322 30 24 to
575 315 104 32 obtain,

131 365 52 30 but
192 365 22 28 it
226 364 23 29 is
262 362 217 40 generally—or,
492 358 101 33 rather,
606 365 56 20 vari-

130 403 209 40 ously—stated
351 406 29 25 to
393 403 34 28 be
440 402 123 29 between
576 395 103 37 £3,000

132 447 54 29 and
206 445 111 33 £4,000.
358 441 166 40 Computing
534 439 47 29 the
594 447 68 29 quan-

130 488 86 34 tities,
235 487 135 33 however,
397 483 70 29 from
489 480 47 29 Mr
560 476 119 39 Davey's
708 476 1 52 j

130 529 116 34 section,
260 527 54 28 and
327 527 47 27 the
387 525 123 28 contract
520 520 87 38 prices
621 518 43 28 fur-

133 569 98 29 nished
256 569 37 36 by
317 566 66 35 him,
395 565 21 28 it
430 562 96 31 should
538 561 69 28 have
621 560 58 26 cost

134 611 85 27 about
235 600 122 42 £3^650;
377 616 30 18 so
432 605 60 27 that
517 602 47 27 the
587 601 93 27 recent
708 595 1 47 J

134 650 68 29 offer
215 649 29 29 of
256 648 47 30 the
317 655 133 30 company
472 647 29 25 to
526 641 109 37 dispose
651 637 30 30 of

133 691 47 27 the
194 690 61 28 dam
270 689 44 27 for
326 686 102 35 £6,000
439 683 54 29 and
503 682 47 29 the
559 689 105 19 reserva-

129 731 61 29 tion
204 730 85 28 intact
301 727 30 29 of
343 727 47 28 the
403 723 120 37 existing
548 720 89 38 rights
651 718 25 28 in

132 772 48 28 the
204 769 130 29 reservoir
359 770 28 25 to
412 765 47 28 the
484 770 142 29 company,
656 762 23 24 it

133 821 87 19 seems
230 814 28 24 to
272 805 154 35 me,should
435 807 49 25 not
494 803 34 28 be
538 798 138 40 accepted,
689 796 4 56 j
708 796 1 56 •

169 850 58 29 The
239 857 134 29 company
385 845 66 30 hold
474 854 16 18 a
510 842 75 38 prior
602 839 76 39 right
689 835 4 51 (
705 835 4 51 1

131 896 29 24 to
173 890 47 29 the
233 892 84 25 water
340 888 29 28 in
394 886 48 29 the
465 883 71 35 lake,
561 880 64 35 and,
648 880 27 28 in
706 880 3 40 -

131 930 132 34 addition,
289 929 77 28 there
399 935 44 19 are
474 934 36 18 no
534 922 53 28 less
611 920 66 28 than
705 920 4 44 *

132 972 117 27 thirteen
261 968 120 37 existing
390 965 99 39 rights,
503 962 64 28 with
581 972 16 18 a
610 959 67 29 total

131 1012 30 29 of
176 1010 50 29 184
240 1009 185 29 Government
444 1003 85 30 heads
543 1002 30 29 of
585 1004 84 25 water

133 1053 28 29 It
182 1050 137 30 therefore
347 1056 114 31 appears
489 1045 60 28 that
579 1043 23 28 if
632 1042 48 28 the

132 1096 85 25 water
230 1092 23 27 is
273 1087 193 38 continuously
491 1085 94 29 drawn
607 1092 74 28 upon

133 1137 29 25 to
187 1132 55 28 this
273 1133 94 27 extent
397 1129 23 28 it
451 1127 23 28 is
505 1136 17 18 a
554 1123 125 40 question

134 1172 131 35 whether,
279 1172 97 37 except
396 1169 29 28 in
444 1167 81 29 times
545 1165 29 29 of
586 1174 34 19 an
634 1163 32 29 ab-

134 1212 105 29 normal
263 1211 72 29 flood
360 1209 30 29 of
414 1207 116 37 melting
555 1215 75 18 snow
652 1214 31 19 or
708 1207 1 37 <

135 1252 118 34 rainfall,
263 1251 47 29 the
317 1249 64 30 lake
393 1247 72 31 level
477 1245 90 30 would
579 1243 102 30 remain

136 1297 30 25 at
176 1292 115 30 another
305 1293 10 27 1
322 1291 43 29 Oft
385 1299 66 20 over
475 1287 68 30 such
566 1296 17 19 a
606 1285 77 37 large

134 1344 65 20 area
211 1343 29 19 as
254 1332 80 36 1,500
347 1341 85 20 acres.

176 1373 136 29 Attached
325 1374 23 26 is
358 1383 16 17 a
386 1371 64 37 plan
464 1369 28 29 of
500 1369 47 28 the
558 1366 62 29 lake
631 1365 54 28 and

137 1425 16 18 a
166 1412 191 30 cross-section
372 1411 28 29 of
414 1410 46 28 the
479 1407 122 37 existing
622 1405 63 28 dam

138 1454 69 28 with
220 1453 46 29 the
287 1451 135 41 proposed
442 1448 121 30 addition
590 1446 95 29 shown
698 1441 1 51 |

138 1494 31 28 of
197 1497 6 23 J
211 1494 52 28 Oft.
301 1492 58 28 The
383 1492 66 28 base
474 1489 23 29 is
522 1485 161 37 Miffieiewly
696 1485 2 42 j

138 1532 71 29 wide
221 1532 52 28 and
288 1535 98 34 strong
397 1534 30 25 to
440 1539 74 25 carry
531 1527 52 28 this
598 1533 25 20 at
637 1525 47 28 the

138 1583 74 19 same
225 1571 115 40 stepped
353 1571 93 29 batter
470 1569 63 28 with
561 1579 12 15 »
602 1564 80 29 width

139 1624 35 18 on
188 1613 47 28 the
248 1616 48 35 top
310 1611 29 30 of
352 1611 51 35 6ft,
416 1610 54 29 and
483 1620 33 17 an
543 1606 139 30 extension

139 1654 29 28 of
176 1653 47 29 the
233 1656 91 26 outset
332 1663 30 18 or
372 1652 89 38 plinth
472 1650 43 29 for
522 1649 46 28 the
580 1647 94 33 Hfriii.tr-

139 1704 67 27 gear
218 1692 45 30 for
273 1693 46 28 the
329 1692 98 29 sluices
437 1691 29 28 of
477 1691 42 28 2ft
529 1700 32 16 on
574 1689 46 28 the
630 1695 53 29 top.
698 1689 3 42 j

176 1732 59 30 The
266 1734 63 28 dam
360 1732 29 29 in
420 1732 36 28 its
480 1736 107 33 present
617 1728 66 27 form
698 1728 2 41 •

139 1774 98 29 should
251 1778 57 31 not,
319 1774 27 28 in
360 1784 46 27 my
417 1772 121 38 opinion,
552 1771 34 28 be
599 1767 87 32 raised

138 1823 76 19 more
226 1813 67 29 than
311 1813 67 36 10ft,
390 1813 56 27 and
469 1811 15 28 I
503 1811 126 28 estimate
642 1809 45 28 the

137 1856 61 27 cost
229 1854 29 29 of
281 1854 62 29 that
373 1852 123 30 addition
522 1854 30 26 at
575 1849 112 37 £.,260.

138 1894 66 28 This
218 1894 22 27 is
253 1899 49 23 not
312 1905 15 17 a
346 1894 75 35 large
444 1895 94 25 amout
559 1891 43 28 for
622 1891 66 28 such

139 1933 76 30 work
228 1933 22 29 if
261 1934 23 29 it
298 1933 79 29 could
390 1933 36 29 be
439 1932 95 29 shown
559 1931 61 28 that
642 1929 47 30 the

138 1975 109 38 mining
262 1974 127 37 industry
402 1971 141 41 generally
556 1971 90 29 would
656 1971 34 28 be

140 2015 137 29 benefited
291 2014 125 39 thereby,
430 2014 52 28 but
491 2013 14 27 I
517 2015 97 25 cannot
625 2011 64 38 help

139 2055 133 39 thinking
282 2056 61 28 that
353 2054 47 30 the
410 2054 64 38 only
484 2053 111 38 gainers
604 2052 85 29 under

138 2096 50 28 the
218 2096 212 28 circumstances
461 2093 90 28 would
576 2093 35 27 be
643 2092 47 27 the

138 2135 156 38 Roxburgh
308 2131 213 41 Amalgamated
536 2131 70 29 Gold
616 2131 55 29 Min-

138 2176 50 38 ing
202 2176 47 30 Co.
263 2176 56 28 and
333 2175 47 29 the
392 2185 106 19 owners
519 2172 29 30 of
569 2173 49 29 the
642 2182 32 18 ex-

137 2218 86 38 isting
235 2217 75 38 prior
322 2216 98 38 rights.

1568 117 200 43 MOUNT
1857 115 224 42 BEHG.EB
2169 100 153 52 MAIL

3403 90 170 57 Friday,
3596 97 222 41 December
3841 83 61 54 16,
3919 83 99 50 lßS'*i

3603 5576 85 22 Printed
3702 5576 40 21 and
3757 5574 109 26 PttUisbfd
3886 5579 25 22 by
3932 5574 104 23 William

3658 5608 126 22 Matthew*
3793 5609 33 21 for
3834 5608 35 21 tlie
3879 5607 131 29 proprietor,
4021 5608 81 22 Duxne
4111 5614 45 17 aj<d

3658 5645 133 26 Matthews,
3812 5647 22 19 at
3856 5644 53 21 tfteir
3926 5644 119 26 Registered
4064 5645 94 28 Fiiutin,;

3660 5680 71 26 Office,
3750 5678 95 23 Scotland
3855 5681 71 24 etreet,
3944 5678 120 27 Roxburgh,
4083 5681 66 25 Otaj>«
4158 5673 7 8 '

3661 5715 50 24 New
3937 5713 113 35 December
4060 5714 31 29 10,
4100 5715 47 25 I8f>?
4150 5730 5 11 ;

711 229 48 57 Y)
765 273 13 14 9
841 226 45 37 A.
960 219 298 42 BUCHANAN,

786 299 73 23 BOOT
886 298 60 21 AND
971 295 75 22 SHOE
1072 292 111 25 MaKER,

753 346 140 30 Scotland
905 360 10 6 -
926 350 106 26 street,
1051 338 163 29 Roxburgh.

817 442 91 37 Every
929 437 167 39 description
1120 435 29 30 of

708 498 87 29 Boots
808 504 55 21 and
878 493 89 29 Shoes
981 490 134 30 Supplied
1128 496 34 21 or
1176 486 83 29 Made

884 542 33 20 to
937 532 143 29 Measure.

708 590 45 29 Fit
763 585 182 33 Guaranteed.
1020 581 47 30 Fit
1075 578 183 32 Guaranteed,
1273 578 3 41 i

1273 622 3 25 I

759 678 122 23 REPAIRS
906 675 113 23 neatly
1051 672 157 23 executed.

826 757 25 28 A
875 755 85 28 Trial
983 752 153 29 Soliciied.

706 844 40 54 Y
832 841 43 36 A.
953 835 304 42 MILLER,

706 916 133 26 builder,
853 914 106 22 joiner
972 912 63 21 and
1054 908 204 25 undertaker,

799 967 71 28 Ross
891 965 98 34 Place,
1009 962 164 28 Lawrence.

708 1067 124 31 PLANS
844 1064 82 31 AND
941 1058 319 35 SPECIFICATIONS

849 1119 26 29 A
897 1114 222 33 SPECIALTY.

710 1212 154 38 Quantities
878 1209 138 39 Prepared
1038 1208 55 28 and
1114 1206 149 28 Estimates

737 1254 88 30 Given
837 1252 44 29 for
894 1250 35 29 all
942 1249 100 30 classes
1055 1248 29 29 of
1098 1244 135 32 Builders'

942 1289 99 30 Work.

883 1378 20 36 r.
990 1375 34 38 B
1068 1373 36 39 L
1149 1373 28 36 0
1214 1371 47 42 Y,

738 1442 196 25 WHITEHAVEN
948 1441 111 26 STREET,
1073 1437 167 23 LAWRENCE.

715 1532 68 29 BOA
793 1531 44 28 IS''
865 1529 80 29 AND
974 1524 219 31 RESIDENCE
1213 1522 49 28 AT

757 1578 252 34 KKvSONABLE
1030 1575 187 32 CHARGES.

823 1672 94 28 AJkai-s
936 1677 32 20 at
986 1676 49 20 all
1054 1667 106 28 Hours.

732 1766 58 28 The
805 1766 60 26 !»f>t
880 1758 240 32 Accommodation
1141 1756 44 29 for
1198 1754 47 30 the

852 1801 158 37 Travelling
1023 1799 106 28 Public.

1278 1839 4 16 i

705 1881 1 40 I
717 1891 101 30 GOOD
833 1886 199 31 STABLING.
1072 1883 95 30 OATS
1184 1881 81 30 AND

828 1926 126 34 CHAFF
974 1925 51 31 ON
1049 1924 106 30 SALE.

788 2002 209 34 ERBERT
1044 1999 100 31 AND
1193 1996 74 37 CO.,

908 2069 168 24 LAWRENCE.

874 2161 152 29 Importers
1046 2168 32 20 of
1079 2174 36 6 —

718 2219 200 36 Ironmongery

804 2261 189 41 Agricultural
1017 2260 180 38 Implements

978 2306 188 40 Agricultural
1185 2304 85 31 beeih

891 2365 213 33 GROCERIES

736 2427 98 31 TEAS
946 2425 95 29 TEAS
1155 2421 96 29 TEAS

721 2474 127 40 (Ceylon)
939 2471 120 38 (Indian)
1150 2469 118 36 (China.)

719 2552 93 49 W.
885 2551 60 64 j;
1007 2545 267 59 Martin*

720 2630 286 31 WATCHMAKER
1025 2629 24 28 &
1063 2625 209 32 JEWELLEK

811 2683 71 29 Ross
902 2682 97 35 Place,
1018 2679 163 29 Lawaence.

721 2765 140 34 Watches,
881 2763 100 29 Clocks
1001 2761 54 28 and
1077 2759 145 36 Jewellery
1244 2759 29 27 of

764 2805 36 29 all
813 2803 182 39 descriptions
1008 2801 68 38 kept
1088 2800 28 28 in
1131 2799 95 30 Stock.

737 2857 69 29 Nice
821 2855 137 30 Selection
971 2853 28 30 of
1018 2852 78 35 Gem,
1109 2850 144 38 Wedding

850 2902 55 23 and
919 2895 109 38 Keeper
1040 2893 98 39 Rings.

721 2979 18 21 A
753 2977 106 22 CHOICE
879 2973 182 26 ASSORTMENT
1081 2973 35 21 OF
1135 2972 138 22 ARTICLES

745 3010 139 21 SUITABLE
893 3010 55 19 FOR
959 3007 138 20 WEDDING
1108 3006 149 20 PRESENTS.

779 3076 157 40 Spectacles
949 3080 28 25 to
992 3075 61 29 Suit
1065 3073 36 31 all
1117 3073 104 38 Sights.

744 3158 105 29 Watch
881 3166 54 20 and
969 3155 88 30 Clock
1094 3153 117 29 Repairs
1243 3161 17 19 a

927 3203 156 23 specialty.

724 3280 115 40 Repairs
851 3289 31 19 or
895 3278 102 29 Orders
1014 3276 71 30 from
1098 3275 47 29 the
1159 3276 118 37 country

772 3322 38 36 by
832 3323 63 35 post
916 3319 56 27 will
994 3318 104 28 receive
1120 3320 112 33 prompt

926 3357 146 30 attention.

739 3434 112 27 FANCY
877 3433 111 26 GOODS
1004 3431 71 26 AND
1094 3430 166 26 DRAPERY.

759 3544 8 16 i
811 3541 24 24 J.
871 3538 136 25 WATERS
1034 3537 90 24 desires
1148 3541 26 19 to
1199 3535 74 29 notify

750 3568 2 33 .
773 3591 6 6 .
810 3572 55 26 that
879 3572 42 24 she
932 3571 72 30 keepa
1014 3570 24 25 in
1047 3569 66 26 stock
1129 3568 87 26 Ladies
1227 3573 46 20 and

725 3607 115 26 Children
850 3615 11 16 s
878 3605 197 31 Underclothing,
1091 3603 48 25 and
1150 3603 31 24 all
1201 3601 74 26 kinds

726 3642 24 23 ef
764 3641 117 29 Drapery.

757 3683 80 31 Fancy
850 3681 81 26 Goods
943 3690 14 16 a
971 3680 135 32 Specialty.

763 3727 133 24 Christmas
906 3725 47 23 and
966 3724 54 23 New
1033 3722 63 24 Year
1107 3724 137 29 presents'—

849 3778 14 17 a
880 3774 65 27 great
957 3768 88 30 variety
1056 3772 24 21 to
1092 3767 63 25 hand

849 3805 136 27 Inspection
995 3801 95 24 Invited

753 3836 113 30 Painting
880 3835 46 24 and
937 3840 35 18 an
998 3831 152 26 needlework
1162 3831 87 28 taught

821 3873 111 20 faummer
945 3866 81 26 Goods
1043 3874 50 17 now
1108 3875 28 15 pr>
1155 3865 61 25 baud

731 3928 137 23 Address—
871 3924 126 24 Ormoud's
1007 3923 116 30 Building
1134 3923 131 28 Roxburgh

878 4043 58 22 THE
949 4040 185 24 CELEBRATED

727 4083 171 32 CORNISH
918 4079 205 31 AMERICAN
1141 4078 141 29 PIANOS

869 4130 82 31 AND
978 4127 162 31 ORGANS.

736 4210 172 56 MESSRS
936 4206 167 32 CORNISH
1126 4205 24 29 &
1166 4205 55 29 CO.
1236 4216 46 17 are

827 4252 48 28 the
887 4250 65 37 only
966 4249 60 27 firm
1040 4247 30 28 of
1082 4245 91 29 actual
1186 4255 76 18 manu-

729 4294 134 29 facturers
877 4290 29 30 of
925 4288 68 40 high
1016 4286 85 40 grade
1115 4285 98 30 Pianos
1226 4285 54 30 and

730 4335 108 38 Organs
863 4333 29 27 in
917 4330 49 29 the
999 4327 105 30 United
1131 4328 91 27 States
1253 4327 29 28 of

731 4374 110 29 Amelia
873 4371 100 37 selling
1002 4367 167 38 exclusively
1195 4366 85 29 direct

730 4415 71 28 from
814 4414 47 28 the
874 4413 107 36 factory
992 4413 28 25 to
1031 4409 46 28 the
1086 4407 112 38 general
1211 4407 52 39 pub-

729 4455 46 35 lic,
783 4459 29 24 at
821 4451 170 42 guaranteed
1000 4447 143 33 wholesale
1154 4447 74 40 price
1238 4447 43 30 for

731 4506 15 16 a
759 4495 88 36 single
860 4495 176 27 instrument.
1074 4489 46 29 No
1133 4492 98 33 agents
1250 4498 31 19 or

732 4533 103 29 dealers
856 4542 47 20 are
923 4530 114 30 allowed
1061 4532 29 26 to
1112 4528 99 29 handle
1233 4528 48 29 the

733 4573 116 30 Cornish
858 4573 144 28 American
1015 4570 100 28 Pianos
1122 4580 31 18 or
1161 4569 118 38 Organs.

732 4613 28 29 It
772 4614 23 28 is
806 4613 59 38 just
878 4623 30 18 as
920 4622 65 28 easy
997 4611 43 29 for
1054 4610 47 28 the
1123 4609 110 28 readers
1251 4609 29 28 of

732 4654 54 29 this
799 4663 84 29 paper
895 4656 29 26 to
937 4652 35 28 sit
985 4652 80 28 down
1089 4650 55 29 and
1166 4649 80 29 order
1265 4659 16 18 a

732 4694 85 29 Piano
832 4704 29 18 or
875 4693 93 38 Organ
981 4692 72 29 from
1065 4690 135 36 America,
1214 4700 29 18 as
1253 4693 27 25 to

733 4734 80 30 order
822 4743 52 21 one
886 4733 71 29 from
967 4732 72 30 their
1049 4730 85 30 music
1144 4734 82 33 store,
1234 4730 47 30 the

732 4776 65 37 only
811 4774 146 30 difference
971 4773 84 37 being
1068 4772 65 37 they
1146 4771 54 29 will
1218 4782 63 18 save

733 4816 69 28 from
818 4815 35 28 50
865 4818 29 24 to
912 4814 48 28 100
974 4823 49 28 per
1035 4816 72 24 cent.

772 4854 53 30 We
837 4854 69 29 have
921 4853 108 39 Organs
1042 4852 70 29 from
1125 4852 39 29 £6
1175 4855 28 25 to
1216 4852 68 34 £25,

734 4896 100 29 Pianos
846 4896 69 27 from
930 4896 58 28 £34
1000 4899 28 23 to
1042 4894 66 34 £oo,
1119 4893 54 28 and
1181 4903 41 18 we
1235 4892 47 29 sell

705 4932 3 41 i
734 4937 44 28 for
790 4936 66 29 cash
869 4945 31 19 or
925 4945 72 28 upon
1018 4934 160 28 instalment
1195 4932 89 39 plans,

705 4973 2 39 ;
734 4980 29 26 to
777 4977 56 29 suit
854 4975 47 30 the
924 4974 182 31 convenience
1119 4973 29 30 of
1160 4973 47 29 the
1219 4983 49 29 pur-

705 5014 2 40 -1
735 5018 103 27 chaser.
878 5016 57 29 Our
965 5016 77 38 large
1069 5014 54 29 and
1150 5014 135 37 complete

734 5057 143 39 catalogue
899 5056 54 29 will
978 5055 35 30 be
1037 5054 153 30 forwarded
1210 5063 73 29 upon

733 5103 119 33 request.
891 5097 28 28 It
931 5098 24 27 is
967 5096 47 29 the
1026 5096 82 29 finest
1116 5094 167 38 description

732 5138 30 28 of
774 5138 99 29 Pianos
886 5137 55 28 and
955 5136 108 40 Organs
1075 5135 92 29 issued
1180 5134 38 38 by
1228 5143 54 28 any

732 5179 60 28 firm
814 5179 30 28 in
865 5178 48 30 the
938 5182 125 33 country,
1075 5175 55 30 and
1143 5174 79 40 gives
1235 5172 47 30 the

731 5219 88 29 actual
832 5219 106 38 factory
950 5218 80 29 value
1042 5216 30 29 of
1084 5225 83 27 every
1180 5214 88 28 instru-

731 5263 76 25 ment
819 5259 22 29 it
853 5258 147 29 describes.
1021 5256 78 29 With
1113 5264 82 28 every
1208 5258 58 24 cata-

731 5299 81 40 logue
824 5299 23 29 is
860 5298 147 40 presented
1019 5307 51 18 our
1082 5294 101 39 unique
1196 5292 71 30 refer-

730 5350 67 19 ence
809 5340 83 34 book,
934 5338 58 28 The
1007 5337 86 28 Heart
1105 5335 29 29 of
1146 5335 48 27 the
1213 5333 51 29 Peo-

826 5379 89 30 Write
924 5379 42 29 for
976 5377 152 37 catalogue.
1148 5373 132 37 Address,

852 5428 173 31 CORNISH
1044 5426 24 29 &
1091 5425 68 36 CO.,

744 5479 162 24 Washington,
919 5476 55 23 Niw
986 5475 92 24 Jersey,
1087 5473 60 26 U.S.,
1157 5472 112 22 America.

731 5548 102 44 npHB
877 5544 137 32 WIFE'S
1063 5541 221 32 WELFARE—

741 5582 30 21 ■*■
819 5588 122 29 Treatise
961 5583 98 40 posted
1081 5583 67 28 free.
1186 5582 29 29 It
1230 5581 55 29 will

736 5628 80 32 teach
837 5637 54 28 you
918 5635 75 21 more
1005 5624 66 29 than
1085 5622 36 30 all
1142 5621 48 31 the
1206 5632 79 29 year*

736 5709 66 31 read
832 5708 31 30 it.
905 5705 88 30 Write
1025 5703 75 29 Prof.
1134 5701 151 37 Hermann,

738 5750 107 30 French
860 5746 156 40 Specialist,
1028 5745 37 28 40
1084 5741 201 40 Collins-place,

738 5790 172 30 Melbourne.

174 2318 332 33 EXTRAORDINARY

374 2377 279 31 OPPORTUNITY.

137 2497 82 23 TROM
238 2497 57 22 THE
314 2495 131 23 FACTORY
464 2493 105 23 DIRECT
581 2493 36 21 TO
635 2492 57 21 THE

334 2531 156 23 CUSTOMER,

145 2627 91 55 OUR
249 2627 104 26 Company
367 2625 17 21 is
403 2623 73 27 selling
489 2622 64 22 direct
566 2622 21 21 to
602 2621 35 21 the
649 2628 32 15 cus-

221 2658 71 22 tomer,
310 2654 48 20 tbus
376 2652 108 25 procuring
501 2651 32 20 for
550 2650 35 20 the
603 2650 61 20 latter
680 2656 12 13 a

146 2689 55 21 rloub
201 2685 19 19 le
244 2687 102 20 economy,
370 2678 87 27 namely,
478 2678 36 21 the
533 2677 61 27 profit
611 2676 22 21 of
656 2676 36 21 the

147 2711 107 27 wholesale
263 2709 73 26 dealer,
346 2707 38 21 and
395 2707 36 21 the
439 2713 56 14 more
504 2704 138 23 considerable
654 2711 38 13 one

145 2744 23 21 of
175 2744 35 21 the
217 2738 58 22 retail
287 2736 72 21 dealer,
370 2734 120 26 amounting
501 2735 23 18 to
531 2734 52 19 from
590 2739 22 14 os
621 2734 22 18 to
649 2732 43 20 £lO

146 2778 54 16 upon
215 2774 11 13 a
236 2765 63 25 single
308 2763 74 20 waich.
409 2761 67 20 Retail
483 2761 66 20 wateh
559 2760 77 20 dealers
651 2759 40 20 and

146 2798 108 21 lewller*,
261 2791 78 21 usually
345 2789 71 24 selling
422 2788 38 20 but
466 2794 11 14 a
483 2788 38 20 few
529 2787 87 21 watches
628 2786 63 26 daily,

144 2834 35 14 are
188 2821 68 26 forced
267 2822 22 19 to
297 2818 59 22 make
365 2824 25 14 an
398 2815 152 26 extraordinary
560 2814 61 27 profit
636 2820 54 21 upon

146 2854 48 21 each
205 2858 38 15 one
261 2848 44 21 sold
314 2847 20 21 in
352 2845 59 21 order
430 2845 22 19 to
461 2843 71 26 defray
541 2842 54 22 their
610 2841 81 28 general

144 2886 103 23 expenses.

170 2916 40 20 We
235 2911 141 23 manufacture
398 2914 22 13 as
445 2913 37 14 our
513 2904 104 27 speciality
644 2903 48 26 only

145 2943 85 23 sterling
247 2941 60 20 silver
324 2944 23 14 or
366 2935 46 27 gold
436 2932 147 22 stem-winders
605 2931 88 26 (keyless

146 2968 103 27 watches).

174 3007 45 19 The
229 3003 79 22 keyless
315 3001 120 21 mechanism
452 2998 21 20 of
487 2996 88 21 watches
589 2996 16 19 is
619 3001 37 13 one
672 2993 22 21 of

150 3035 36 18 the
206 3033 54 20 most
280 3028 111 25 important
405 3026 38 19 and
459 3024 67 21 useful
543 3022 116 20 inventions
673 3021 22 19 of

149 3059 82 23 modern
256 3057 67 21 times.
350 3052 82 23 Instead
448 3050 21 23 of
487 3049 102 25 fumbling
604 3049 19 19 in
640 3047 55 21 mVs

149 3087 83 24 pockets
242 3087 21 19 to
276 3083 41 22 find
331 3082 36 20 the
381 3081 47 23 kev,
445 3078 65 21 which
525 3077 58 20 when
599 3076 63 21 found
678 3082 17 13 is

148 3116 54 19 most
222 3113 74 20 alwavs
321 3109 54 21 filled
393 3108 49 20 with
457 3105 114 22 dnst,-this
586 3104 21 20 of
626 3109 70 14 course

150 3142 59 20 being
216 3137 121 23 transferred
353 3138 22 18 to
384 3135 35 20 the
430 3134 63 20 watch
504 3139 54 13 -one
569 3132 36 20 has
621 3131 38 20 but
674 3131 22 19 to

148 3171 47 18 turn
203 3175 13 13 a
228 3165 87 23 knurled
327 3164 73 20 button
416 3161 59 22 fitted
485 3163 21 18 to
517 3160 34 21 the
567 3158 90 26 pendent
667 3157 29 20 for

149 3196 60 24 ring),
219 3195 49 20 thus
275 3192 88 25 winding
370 3191 35 21 the
416 3189 63 21 watch
486 3188 40 22 and
540 3186 114 28 regulatiug
661 3185 35 21 the

148 3224 63 21 hands
221 3223 25 25 by
256 3222 35 20 the
301 3226 54 15 same
369 3225 74 14 means.

172 3264 45 21 Our
228 3262 90 21 watches
327 3267 33 14 are
368 3257 127 27 everywhere
503 3254 114 27 recognised
632 3255 22 19 to
672 3254 25 20 be

146 3292 37 21 the
199 3291 45 21 best
262 3290 20 21 in
294 3288 36 22 the
343 3287 88 25 matket,
440 3284 116 27 surpassing
567 3283 26 20 all
604 3282 60 20 other
670 3282 26 26 by

146 3321 37 19 the
193 3318 97 27 precision
308 3316 22 20 of
339 3316 53 20 their
401 3315 124 20 movements
539 3319 21 13 as
577 3311 46 21 well
633 3318 21 12 as
670 3309 27 27 by

147 3348 55 20 their
210 3351 97 19 accuracy
317 3342 39 21 and
365 3342 115 25 cheapness.

172 3388 45 21 Our
227 3386 88 26 factory,
330 3384 54 21 since
399 3382 26 21 its
435 3381 119 21 foundation
561 3379 20 21 in
593 3378 56 26 1852,
660 3377 37 21 has

147 3414 95 28 acquired
253 3421 10 13 a
279 3410 124 23 world-wide
417 3408 124 27 reputation,
555 3407 39 21 and
601 3404 96 24 obtained

146 3443 38 21 the
210 3442 82 22 highest
313 3438 79 23 awards
411 3437 52 22 from
481 3436 27 21 all
527 3435 36 22 the
584 3434 113 27 important

147 3469 138 24 Exhibitions.
313 3467 34 21 No
372 3465 65 22 watch
464 3464 67 21 leaves
558 3469 38 15 our
618 3462 78 20 factorv

146 3498 90 22 without
257 3496 77 24 having
351 3494 50 20 been
419 3492 98 26 carefully
536 3489 105 23 examined
657 3487 39 22 and

146 3525 92 23 verified,
257 3524 49 20 thus
324 3523 60 23 being
398 3521 62 24 ready
478 3520 32 20 for
527 3518 117 32 immediate
652 3523 44 14 use.

146 3553 56 21 Each
212 3559 38 13 one
259 3552 16 19 is
285 3552 38 25 put
330 3556 28 19 up
367 3549 20 20 in
395 3555 25 13 an
430 3548 87 23 ellegant
531 3544 101 22 silk-lined
645 3550 51 18 case,

146 3581 40 22 and
195 3576 143 30 accompanied
346 3576 27 27 hy
383 3583 12 13 a
404 3576 102 26 warranty
515 3573 31 22 for
555 3572 58 22 three
630 3577 68 22 yearss

174 3624 44 21 The
234 3623 66 24 buyer
315 3628 47 18 may
377 3621 71 19 return
467 3625 41 16 any
524 3617 22 21 of
559 3624 38 13 our
614 3615 84 21 watehe.

147 3651 79 21 withen
235 3650 31 20 six
276 3647 84 23 months
370 3646 73 21 should
457 3645 35 21 the
508 3644 61 21 latter
581 3645 36 19 not
632 3642 67 22 afford

146 3678 38 22 the
191 3679 56 20 most
257 3675 101 27 complete
364 3672 135 23 satisfaction.

172 3719 36 22 AH
224 3717 82 22 articles
320 3715 45 21 sold
381 3720 36 15 are
431 3713 104 21 delivered
544 3713 46 24 post
599 3711 50 26 free,
660 3711 40 19 and

142 3748 84 21 custom
243 3744 53 25 duty
312 3742 48 25 paid
379 3743 21 19 to
417 3747 40 19 any
475 3741 47 25 part
539 3739 21 20 of
577 3738 35 21 the
630 3737 70 26 world,

146 3774 50 23 thus
206 3772 90 22 without,
305 3770 36 21 the
356 3769 95 27 slightest
461 3766 82 23 trouble
560 3773 23 15 or
597 3765 104 27 formality

145 3805 23 19 to
177 3802 37 21 the
222 3800 95 21 receiver.

172 3840 35 23 All
217 3839 77 27 lepairs
320 3837 75 26 during
412 3835 36 21 the
466 3835 11 21 3
487 3840 57 21 years
561 3833 22 21 of
591 3834 110 24 guarantee

146 3876 36 14 are
205 3866 100 23 executed
332 3863 144 28 gratuitously,
501 3861 16 22 if
534 3861 37 21 the
594 3860 64 22 watch
676 3861 25 21 he

147 3896 114 23 forwarded
272 3897 22 19 to
303 3901 40 14 our
353 3892 84 23 London
445 3891 65 21 office.

174 3937 43 20 The
223 3935 106 24 following
333 3941 34 12 are
374 3932 47 21 cash
429 3932 63 25 prices
501 3930 88 21 without
594 3929 106 21 discount.

638 3968 16 20 £
680 3972 19 16 B:

198 4002 28 21 A.
240 3999 151 25 Stem-winder,
408 3997 84 24 sterling
505 3996 68 25 silver,
583 3995 42 21 hall

249 4027 92 25 marked,
358 4024 93 29 jewelled
468 4024 21 21 in
505 4023 12 21 6
541 4023 83 26 actions,

249 4055 74 27 crystal
332 4054 59 28 glass,
399 4061 11 14 a
418 4054 71 21 strong
494 4051 40 22 and
541 4050 85 22 durable

250 4083 64 20 watch
351 4098 21 5 ...
476 4094 21 7 ••«
602 4094 22 5 •••
676 4077 25 21 12

182 4110 47 21 AA.
242 4110 42 20 The
293 4116 54 13 same
357 4108 48 21 with
416 4106 74 21 double
504 4106 61 20 silver
581 4112 44 14 case

252 4136 103 25 (Hur.ter),
364 4134 101 27 elegantly
474 4133 98 25 engraved
602 4150 21 5 ...
676 4131 24 22 18

203 4165 25 21 B.
243 4164 50 22 Cold
311 4163 145 24 stem-winder,
478 4161 41 22 hall
542 4160 82 23 marked

254 4195 68 23 strong
331 4191 78 27 keyltss
417 4191 75 24 action,
501 4189 93 27 jewelled
604 4189 20 21 in

254 4219 24 19 IS
294 4220 82 24 actions,
395 4218 49 20 with
466 4217 45 25 gold
536 4223 22 13 or
574 4216 51 21 steel

254 4245 128 23 hands.small
390 4244 71 21 second
470 4243 48 24 dial,
526 4243 100 23 engraved

254 4272 21 20 in
281 4271 97 22 beautiful
385 4270 161 26 designs,engine
553 4270 71 20 turned

255 4306 22 13 or
284 4299 52 26 plain
344 4298 150 27 polished.with
501 4303 125 20 monogram,

254 4327 81 21 initials,
343 4334 59 19 arms,
414 4329 38 19 etc.
479 4343 22 5 ...
604 4341 22 5 ...
652 4325 12 21 2
689 4325 12 21 0

183 4355 48 21 *BB.
244 4355 44 20 The
297 4360 53 14 same
357 4361 20 13 as
386 4355 24 25 B,
417 4354 49 20 with
475 4356 69 22 strong
553 4352 75 20 double

256 4381 46 27 gold
312 4387 50 20 case,
370 4388 25 14 an
411 4381 100 21 excellent
524 4379 41 21 and
579 4385 50 20 very

256 4409 81 22 elegant
346 4408 122 25 timekeeper
489 4424 12 5 ..
605 4421 23 5 ...
654 4406 12 21 3
679 4406 25 21 10

205 4437 25 21 C.
245 4435 65 26 Royal
319 4434 145 27 chronograph,
475 4435 25 21 18
508 4434 56 21 carat
573 4432 54 27 eold,

256 4465 53 20 most
320 4463 89 24 superior
416 4462 79 27 keyless
504 4462 124 24 movement,

256 4491 20 19 of
290 4491 35 19 the
343 4492 54 18 moat
412 4492 92 18 accurate
518 4489 98 19 workman-

256 4517 53 26 ship,
328 4517 39 19 and
385 4523 37 12 one
436 4517 21 19 of
470 4516 35 20 the
515 4515 45 20 best
569 4521 48 14 wear-

256 4543 93 26 resisting
359 4543 88 21 watches
483 4559 21 5 ...
607 4558 22 4 ...
656 4541 12 21 4
692 4541 13 21 0

171 4572 57 23 •'CC.
241 4572 43 21 The
293 4578 54 14 same
357 4570 64 21 watch
436 4569 48 22 with
501 4568 73 22 double
590 4569 40 21 and

256 4600 57 20 extra
323 4600 70 21 strong
402 4604 52 19 case,
464 4597 24 21 18
505 4597 55 20 carat
575 4595 53 26 gold,

255 4625 119 26 artistically
415 4623 107 28 engraved,
558 4623 72 23 engine

254 4653 75 22 turned
347 4659 23 14 or
386 4652 55 26 plain
459 4647 99 30 polished,
579 4649 51 22 with

256 4687 134 19 monograms,
400 4676 83 29 initials,
493 4680 37 19 etc.
606 4694 23 5 ...
656 4677 12 22 6
681 4677 25 21 10

206 4710 30 21 D.
250 4707 96 27 Imperial
353 4706 93 22 calendar
452 4706 146 23 chronometer,
606 4705 25 22 18

259 4736 57 21 carat
331 4734 53 27 gold,
403 4734 108 26 indicating
530 4733 36 21 the
583 4733 46 26 day,

259 4763 37 21 the
304 4762 62 27 week,
376 4762 36 21 the
423 4762 77 26 month,
506 4760 40 23 and
555 4761 47 21 date
609 4760 22 22 of

259 4790 78 25 month,
355 4790 92 25 jewelled
464 4790 20 20 in
504 4789 24 20 18
546 4788 84 23 actions,

259 4818 31 20 wit
295 4816 12 23 fa
322 4817 26 21 all
359 4816 36 21 the
403 4817 61 20 latest
472 4816 159 26 improvements

257 4845 39 21 and
310 4844 123 27 inventions,
443 4851 38 14 one
496 4843 22 22 of
535 4842 36 23 the
586 4842 45 22 best

256 4873 40 21 and
318 4873 54 20 most
393 4872 129 26 magnificent
543 4870 88 21 watches

256 4900 162 21 manufactured,
433 4900 49 20 such
493 4906 22 13 as
524 4905 35 14 are
569 4905 62 13 never

255 4928 44 21 gold
308 4927 26 26 by
344 4927 59 21 retail
409 4926 78 22 dealers
496 4926 31 21 for
534 4925 40 22 less
580 4925 51 22 than

254 4955 41 21 £25
357 4971 22 5 ...
482 4969 24 6 ...
609 4967 22 6 ...
645 4952 26 20 10
695 4951 13 21 0

181 4994 36 22 All
223 5002 38 14 our
268 4995 87 21 watches
362 5001 34 14 are
402 4992 156 23 manufactured
565 4990 20 23 in
592 4991 12 22 2
611 4990 97 22 different

155 5022 57 27 sizes,
223 5023 53 22 large
286 5023 39 21 and
335 5022 58 22 small
403 5021 41 25 (for
452 5020 117 26 gentlemen
576 5018 41 22 and
627 5018 81 26 ladies,)

152 5051 90 21 •witbnut
252 5050 110 22 difference
369 5049 22 21 of
401 5049 62 28 price.

183 5077 43 24 OH
235 5078 93 26 watches,
338 5077 34 22 old
382 5077 46 27 gold
438 5075 39 22 and
487 5074 62 22 silver
559 5073 41 21 will
609 5073 25 20 he
645 5072 61 21 taken

155 5106 22 21 in
186 5107 99 26 payment
293 5107 22 19 at
332 5105 35 21 the
385 5104 83 26 highest
481 5102 67 25 value,
560 5101 17 21 if
594 5100 112 22 forwarded

153 5132 28 27 by
191 5133 66 25 parcel
266 5134 47 21 post
322 5134 22 19 to
353 5139 38 13 our
399 5131 89 20 address.

179 5159 138 22 Remittances
333 5166 48 19 may
398 5158 26 21 he
444 5156 58 22 made
520 5155 68 21 either
600 5153 29 27 hy
637 5152 69 22 Postal

155 5187 72 26 Order,
236 5187 90 27 Cheque,
338 5186 59 21 Bank
408 5185 63 21 Notes
480 5184 92 27 (postage
590 5185 76 22 stamps
675 5181 31 21 for

154 5214 59 21 small
226 5214 103 27 amounts)
346 5214 21 21 of
386 5220 40 20 any
445 5216 94 23 country,
555 5211 21 20 in
596 5209 110 26 registeied

153 5242 71 26 letter,

181 5269 22 21 It
223 5269 19 20 is
259 5276 38 14 our
313 5269 40 21 aim
363 5270 23 19 to
404 5267 46 27 give
467 5266 37 21 the
524 5265 80 21 utmost
618 5264 86 25 possible

155 5296 125 21 •Atisfiiction
300 5296 22 20 to
339 5303 38 14 our
392 5295 80 25 clients,
486 5292 97 26 knowing
600 5290 41 22 this
649 5292 22 20 to
680 5290 24 22 be

156 5323 36 21 the
197 5324 46 21 best
251 5323 158 22 advertisement
424 5322 33 20 for
468 5327 38 16 our
515 5319 104 28 products,
630 5319 38 21 and
677 5318 27 21 all

156 5350 46 21 who
208 5351 51 20 have
277 5357 50 14 once
344 5350 85 21 entered
440 5350 44 20 into
501 5348 93 20 business
608 5346 96 21 relations

156 5378 49 21 with
214 5386 21 13 us
242 5378 69 27 gladly
320 5377 129 22 recommend
457 5383 25 17 us
490 5378 23 20 to
522 5374 54 22 their
581 5373 77 22 friends
664 5373 40 22 and

155 5406 160 26 acquaintances.

179 5445 89 22 Address
276 5446 32 20 for
317 5446 73 21 letters
398 5445 41 21 and
450 5443 70 22 orders
529 5450 5 13 :

156 5493 129 31 MORftE
295 5491 342 35 MANUFACTURING
647 5491 57 31 CO.

277 5548 20 27 7,
317 5548 56 21 RED
390 5548 71 21 LION
477 5546 95 23 COURT

346 5591 101 24 London,
467 5589 51 22 E.C.

215 5674 96 24 'Wanted
335 5677 22 21 at
378 5683 57 20 once,
458 5677 22 21 in
497 5684 61 18 every
571 5675 91 28 locality,
681 5682 25 14 an

155 5702 121 26 intelligent
296 5709 71 20 person
388 5705 21 19 to
423 5705 32 20 act
468 5711 22 14 as
515 5710 38 16 our
574 5705 73 25 Agent.
673 5703 35 21 No

154 5729 81 27 special
263 5729 119 28 knowledge
416 5731 101 27 required,
547 5731 40 21 and
620 5730 88 22 without

156 5756 127 26 Interfering
299 5757 52 22 with
365 5761 82 24 present
466 5759 127 25 occupation.
619 5756 89 28 Highest

169 5783 57 27 alary
245 5784 41 21 and
304 5784 134 22 commission.
465 5786 33 20 An
515 5785 102 21 excellent
635 5791 60 20 oppor-

174 5811 60 22 onitT
246 5810 33 22 for
292 5817 12 15 a
317 5811 82 26 capable
408 5818 67 19 young
483 5818 46 16 man
538 5819 23 14 or
570 5811 55 26 lady.

1315 806 437 86 SPRING

1749 2355 235 94 USE

1629 3620 45 25 ■m

1790 3536 89 97 4

1765 4382 68 96 t

1629 5160 49 55 T)
1706 5158 48 57 U
1786 5158 31 53 N
1818 5155 6 14 T
1856 5153 37 58 E
1918 5151 50 56 I)
2001 5149 20 57 I
2045 5150 43 56 N
2113 5195 8 12 .

2683 1473 81 29 BUY

2454 1531 171 54 •yjILLS,
2647 1530 132 43 DICK,
2805 1528 36 38 &
2867 1525 130 39 CO.'S

2688 1590 69 28 1897

2466 1641 189 31 ALMANAC
2677 1651 53 18 and
2752 1636 228 33 DIRECTORY.

2629 1688 86 34 Price,
2731 1688 30 27 Is
2775 1686 45 28 6d.

2451 1771 89 36 Every
2566 1769 124 33 Faemer,
2717 1768 105 32 Miner,

2696 1813 55 30 and
2778 1813 134 28 Business
2936 1809 67 30 Man

2526 1869 107 29 Should
2658 1869 122 28 Procure
2801 1877 17 18 a
2844 1865 85 38 Copy.

2481 1947 59 31 Can
2565 1947 35 29 be
2625 1946 56 29 had
2705 1946 73 29 from
2804 1944 46 29 the
2876 1942 85 29 under-

2630 1985 159 31 mentioned
2791 2001 36 5 —

2489 2049 120 28 Mackay
2622 2047 95 34 Bros.,
2731 2043 155 39 Roxburgh

2489 2089 28 28 J.
2531 2088 129 33 Noonan,
2674 2085 110 29 Ettrick

2489 2128 93 29 Johns
2595 2136 56 20 and
2665 2125 147 35 M'Combe,
2827 2123 104 29 Millers
2945 2121 61 29 Flat

2490 2170 28 29 J.
2533 2169 33 28 R.
2582 2168 93 35 Kemp,
2689 2166 69 30 Bald
2773 2164 57 30 Hill

2491 2210 32 28 L.
2538 2210 89 34 Ryan,
2641 2208 72 35 Jnr.,
2728 2205 159 31 Alexandra
2900 2203 89 30 South

2438 2248 2 38 !
2491 2251 33 28 B.
2538 2249 123 35 Naylor,
2677 2248 87 38 Clyde

2457 2335 138 31 IV/TANY
2617 2333 99 30 Ladies
2738 2331 136 39 complain
2888 2330 60 28 that
2961 2329 46 27 the

2553 2375 56 30 Tea
2621 2375 65 38 they
2700 2373 69 29 have
2780 2372 69 28 been
2864 2370 81 38 using
2959 2369 47 28 has

2456 2418 107 29 neither
2573 2415 128 39 strength
2712 2424 50 19 no-
2771 2413 113 28 flavour.
2905 2411 27 29 If
2942 2410 64 37 they

2441 2450 1 46 i
2456 2464 44 32 try
2515 2457 87 30 Kozie
2615 2456 55 29 Tea
2682 2455 66 38 they
2761 2453 55 29 Will
2828 2453 35 28 be
2877 2450 129 31 satisfied.

2439 2491 2 50 j
2455 2500 92 29 Johns
2564 2497 24 31 &
2606 2496 149 35 M'Combe,
2771 2495 117 38 Agents,
2903 2491 104 30 Millers

2438 2525 3 44 !
2455 2540 71 28 Flat.

2437 2688 2 52 I
2458 2706 138 30 QTOCK
2622 2705 36 29 all
2680 2705 48 28 the
2752 2702 111 38 leading
2893 2698 112 30 rncrlish

2437 2737 4 38 !
2531 2747 55 28 and
2599 2745 119 30 German
2731 2743 98 29 Makes
2843 2741 30 28 of
2886 2740 100 28 Pianos
2999 2750 5 16 :

2505 2797 175 26 BRINSMEAD,
2699 2794 138 25 COLLAR!),
2857 2791 97 27 SAMES,

2648 2822 167 25 EAVESTOFF,

2456 2864 202 26 SCHWECHTEN,
2668 2862 70 26 LIPP,
2748 2861 74 20 OORS
2830 2860 17 21 &
2857 2857 148 26 KALLMAN,

2581 2901 165 25 GERHARDT,
2762 2900 124 21 HANSEN.

2494 2975 120 38 Chas.
2637 2973 110 46 Begg
2769 2970 84 38 and
2877 2968 98 38 Co.'s

2457 3043 231 31 EXHIBITION
2717 3040 133 31 MODEL
2881 3038 126 41 PIANO,

2658 3095 56 28 £3B
2735 3102 75 19 NETT.

2457 3176 121 31 STORY
2604 3175 23 30 &
2656 3173 160 31 CLARK'S
2846 3169 161 36 ORGANS,

2554 3226 178 31 KIMBALL
2752 3222 162 37 ORGANS,

2457 3281 82 30 From
2548 3281 57 30 £2O
2615 3283 27 26 to
2651 3273 80 38 £50..
2740 3276 90 31 .From
2841 3274 55 32 £2O
2905 3278 29 26 to
2943 3273 64 30 £SO.

2440 3353 2 46 |
2457 3360 147 31 BESSON
2632 3359 23 30 &
2685 3354 182 33 BOOSEY'S
2888 3353 119 31 BRASS

2441 3394 1 36 i
2591 3396 287 34 INSTRUMENTS.

2457 3483 98 31 Violin
2571 3482 67 30 Bow
2655 3481 154 29 Repairing
2822 3487 17 20 a
2853 3477 154 30 Specialty.

2495 3534 103 34 Violin,
2612 3533 67 28 Bow
2693 3530 54 29 and
2763 3530 100 28 Case...
2906 3526 67 38 30/-

2492 3574 185 34 Accordeons,
2691 3571 73 30 from
2835 3594 29 5 ...
2929 3566 44 41 </b*

2525 3654 112 30 CHAS.
2657 3652 102 29 BEGG
2782 3650 81 30 AND
2884 3648 56 30 CO.

2441 3695 1 44 I
2456 3704 81 28 Have
2557 3703 47 27 the
2627 3702 105 37 largest
2755 3699 55 28 and
2830 3701 73 24 most
2915 3695 92 30 varied

2440 3735 2 54 |
2456 3742 78 32 stock
2548 3742 29 30 of
2590 3741 91 29 Music
2691 3740 28 28 in
2730 3739 48 29 the
2788 3737 114 38 Colony.
2940 3735 67 30 New

2554 3784 160 37 Shipments
2729 3777 186 40 Fortnightly.

2640 3832 72 30 New
2733 3831 96 30 Songs.

2493 3876 81 30 Morn
2608 3874 29 30 of
2675 3873 124 31 Sorrows
2799 3868 208 33 —Snowflakes

2441 3909 1 40 j
2456 3916 173 29 Fair—Gate
2642 3915 29 28 of
2689 3913 157 29 Life—For
2865 3911 46 28 the
2935 3909 72 28 Chil-

2441 3942 3 56 I
2456 3958 91 28 dren's
2562 3953 183 31 Sake—Wilt
2758 3953 76 28 Thou
2849 3951 33 28 be
2898 3949 109 28 Aline—

2442 3991 3 35 !
2459 3997 137 28 Sunshine
2628 3993 194 31 Above—She
2855 3991 100 35 Stoops
2980 3992 27 23 to

2444 4026 2 49 I
2458 4035 210 40 Conquer—No
2691 4035 44 29 for
2756 4043 35 19 an
2812 4028 195 33 Answer—No

2445 4076 2 41 j
2458 4077 89 28 Man's
2562 4076 87 28 Land.

2588 4127 100 30 Violin
2707 4134 55 21 and
2782 4124 96 29 Piano.

2442 4160 3 42 I
2494 4170 130 29 Andante
2646 4172 28 24 et
2697 4167 118 29 Scherzo
2837 4160 170 42 Capriccioso

2442 4204 2 42 :
2460 4210 112 36 (David)
2651 4207 101 29 Bach's
2794 4209 41 24 Ist
2875 4204 132 27 Concerto

2442 4242 2 45 I
2462 4249 149 38 (Alard)—
2611 4247 88 29 Three
2733 4245 95 29 Pieces
2855 4242 152 37 Classiques

2442 4280 2 49 !
2460 4287 284 42 (Hjigghianti)—Les
2750 4285 105 30 Echoes
2860 4280 146 40 (Leonard)

2442 4321 2 37 :
2458 4330 172 28 —Mazurka
2668 4328 34 27 de
2747 4326 118 28 Conceit
2911 4321 96 35 (Ovide

2442 4361 2 44 I
2459 4369 281 36 Musin)—Romance
2775 4363 124 37 (Jansen)
2903 4362 104 27 —Sou-

2441 4403 3 45 ;
2458 4409 77 30 venir
2548 4409 34 27 de
2596 4407 102 38 Haydn
2715 4407 25 35 (..
2752 4403 124 39 eonard).

2500 4490 121 37 Chas.
2644 4489 110 43 Begg
2780 4485 83 37 and
2887 4483 74 40 Co.,

2475 4549 31 28 21
2548 4547 119 29 Princes
2703 4544 112 34 Street,
2850 4542 137 32 Dunelin,

2440 4590 2 50 ;
2457 4599 114 37 Having
2595 4608 17 17 a
2637 4596 75 28 Most
2738 4594 127 29 Efficient
2888 4591 71 28 Staff
2978 4590 28 28 of

2439 4633 3 44 j
2459 4639 159 35 Workmen,
2627 4647 51 19 can
2688 4634 100 40 Repair
2797 4633 54 28 and
2872 4636 133 33 luneany

2578 4677 116 31 Musical
2713 4677 171 27 Instrument

2511 4730 50 30 AT
2587 4725 208 34 MODERATE
2818 4722 132 31 RATES.

2507 4794 33 22 To
2557 4799 27 17 bb
2598 4795 127 20 Published
2738 4794 25 16 in
2773 4790 113 22 January,
2901 4786 54 21 1808.

2465 4840 166 31 -TONES'
2661 4836 126 34 OTAGO
2816 4834 24 30 &
2866 4832 118 31 SOUTH-

2490 4868 6 26 )
2701 4877 105 30 LAND

2509 4937 152 22 COMMEBCIAL,
2677 4933 133 22 MUNICIPAL,
2822 4928 16 20 k
2852 4927 107 20 GENERAL

2616 4972 239 45 DIRECTORY,

2708 5031 54 21 AND

2496 5080 90 31 NEW
2603 5073 180 36 ZEALAND
2799 5068 173 36 ANNUAL,

2682 5125 112 37 1898.

2481 5217 166 33 Fourteenth
2665 5214 73 29 Year
2757 5210 30 29 of
2804 5206 182 31 Publication.

2460 5299 88 37 Demy
2574 5298 53 27 Bvo
2651 5292 64 35 size,
2740 5285 161 37 containing
2922 5284 84 29 about

2477 5331 281 45 900pages,together
2768 5327 63 30 with
2842 5335 145 18 numerous

2469 5365 3 51 •
2514 5379 80 37 Maps
2617 5369 139 35 corrected
2776 5372 28 25 to
2818 5367 72 33 date,
2903 5365 47 28 the

2541 5416 87 29 whole
2641 5408 177 37 handsomely
2830 5404 96 31 bound

2569 5456 28 28 in
2610 5452 84 36 cloth,
2703 5444 192 45 gilt-lettered.

2468 5538 74 28 Price
2554 5539 29 26 to
2597 5531 186 33 Subscribers,
2797 5526 49 29 12s
2859 5523 53 36 6d;
2931 5522 76 30 Non-

2452 5567 4 35 I
2611 5570 183 32 Subscribers,
2804 5567 58 28 15s.

2511 5653 131 36 STONE,
2673 5648 84 37 SON,
2788 5644 81 33 AND
2899 5643 67 37 CO.,

2652 5697 178 31 Publishers,

2524 5744 141 34 Crawford
2690 5742 101 35 Street,
2813 5738 139 31 Dunedin.

2923 282 32 17 3S

3255 267 104 24 S3QS

2632 653 46 28 .^4

3053 329 40 74 f
3144 343 89 43 THAT
3254 341 91 44 YOUR
3367 339 109 45 BOOTS
3504 367 24 19 N

3052 394 71 67 'are
3144 414 153 46 branded
3316 413 45 43 on
3381 413 66 43 the
3468 412 90 43 heel

3884 315 56 36 m

3877 301 63 18 A.AJ

4116 347 2 1 '

3665 449 49 25 U^-L'l

3809 469 39 15 sa
3859 469 2 15 •
3876 469 3 15 i

3958 544 27 22 «

3605 728 30 13 s-.i

3389 783 50 16 -vV>

2843 855 83 60 FOR
2955 854 85 58 THE
3072 851 267 61 FOLLOWING
3370 850 176 60 REASON

2866 1013 158 31 SECOND.

3560 1009 165 31 FOURTH.

3793 819 50 25 «

2539 1014 120 31 FIRST.
2866 1013 158 31 SECOND.
3231 1010 130 31 THIRD.
3560 1009 165 31 FOURTH.
3923 1007 125 29 FIFTH.

2441 1055 120 30 BOOTS
2594 1056 66 29 with
2698 1056 55 28 this
2793 1055 41 30 On
2848 1056 55 28 this
2925 1054 94 28 Brand
3038 1053 64 38 only
3141 1052 72 34 Only
3234 1053 47 27 the
3302 1062 69 27 very
3391 1051 62 31 best
3491 1045 156 42 Farmers,''
3680 1051 113 34 Miners,
3832 1049 58 29 The
3898 1047 138 30 Standard
4043 1045 91 30 Brand

2441 1096 94 30 Brand
2543 1107 35 19 on
2587 1096 47 29 the
2643 1096 58 28 heel
2709 1107 45 16 are
2793 1096 47 27 the
2871 1106 66 26 very
2974 1095 64 27 best
3074 1092 30 29 of
3142 1092 28 28 of
3182 1092 139 28 Materials
3332 1101 45 19 are
3385 1091 68 28 used
3490 1091 54 28 and
3557 1091 36 28 all
3607 1091 60 28 who
3679 1093 74 26 want
3765 1094 30 24 to
3834 1090 83 28 Boots
3930 1088 54 29 and
3996 1087 86 29 Shoes
4090 1097 47 17 are

2441 1136 170 40 guaranteed
2617 1140 28 25 to
2652 1136 45 28 Fit
2702 1136 54 28 and
2796 1135 151 29 Workmen
2978 1143 44 18 are
3048 1143 56 19 em-
3142 1133 26 26 in
3206 1132 54 27 this
3301 1131 92 27 Brand
3426 1131 28 28 of
3492 1131 69 36 keep
3581 1131 71 27 their
3665 1131 56 27 feet
3735 1129 60 38 dry,
3832 1129 102 28 known
3951 1129 71 27 from
4045 1126 91 29 Auck^

2516 1176 84 26 WW
2613 1176 58 26 wpII
2775 1166 2 36 I
2897 1173 108 29 nloved.
3123 1166 3 36 i
3170 1171 85 28 Boots
3267 1170 56 29 and
3337 1169 96 30 Shoes.
3527 1173 44 29 try
3584 1170 55 28 this
3657 1169 102 30 Brand.
3834 1168 63 29 land
3911 1171 29 25 to
3953 1167 47 29 the
4014 1166 76 29 Bluff
4097 1166 42 28 for

3924 1006 124 30 FIFTH.

2897 1173 108 40 ployed.

2516 1176 84 30 Wear
2613 1176 70 29 well.
2775 1164 2 49 i
2897 1173 108 40 ployed.
3123 1164 4 49 j
3170 1171 85 28 Boots
3267 1170 56 29 and
3337 1169 96 30 Shoes,
3469 1164 4 49 j
3527 1173 44 34 try
3584 1170 55 28 this
3657 1169 102 30 Brand.
3813 1167 5 41 |
3834 1168 63 29 land
3911 1171 29 25 to
3953 1167 47 29 the
4014 1166 76 29 Bluff
4097 1166 51 28 for'

3869 1208 117 34 sterling
3996 1207 113 35 quality.

2481 1256 73 29 ALL
2575 1254 119 31 BOOTS
2714 1253 172 30 BEARING
3213 1248 51 30 ON
3293 1248 77 29 THE
3390 1248 103 29 HEEL
3523 1248 75 29 ARE
3624 1246 320 31 MANUFACTURED
3964 1245 41 29 IN
4027 1244 88 30 THK>

2759 1291 251 32 CELEBRATED
3318 1288 131 29 BRAND
3470 1288 93 29 800L
3564 1287 3 36 1
3586 1288 176 30 FACTORY
3780 1287 52 30 BY

2723 1354 370 64 SARGOOD,
3139 1353 129 54 SON
3308 1353 45 52 &
3393 1351 243 64 EWEN,
3688 1376 190 32 dunedin.

3027 1503 477 73 Matthew*
3556 1519 51 52 &
3654 1501 499 81 Ohalmese,.

3226 1637 257 57 COACH
3545 1633 404 66 BUILDERS,

3264 1735 331 37 WHEELWRIGHTS,
3634 1734 284 37 BLACKSMITHS,

3567 1808 55 19 AND

3123 1865 299 30 AGRICULTURAL
3461 1862 228 31 IMPLEMENT
3727 1860 370 35 MANUFACTURERS,..

3394 1938 73 30 Ross
3506 1937 99 36 Place,
3642 1937 163 29 Lawrence.

3076 2034 73 30 ALL
3190 2032 121 31 KINDS
3351 2033 47 29 OF
3436 2030 146 32 MINING
3620 2028 235 32 MACHINERY
3893 2027 109 30 MADE
4039 2027 100 30 AND'

3499 2081 204 30 REPAIRED.

3488 2175 113 30 Agents
3621 2183 48 20 for
3671 2191 35 5 —

3038 2246 229 40 Massey-Harris
3288 2245 120 39 Reapers
3431 2243 54 29 and
3511 2243 127 35 Binders,
3659 2241 176 36 Cultivators,
3862 2241 137 35 tfcufflers,
4025 2239 123 40 Ploughs

3498 2283 90 31 Horse
3601 2283 100 36 Rakes,

3340 2338 124 30 Peerless
3485 2337 52 35 Oil,
3558 2336 103 29 Binder
3680 2335 101 36 Twine,
3802 2335 48 29 &c.

3092 2420 47 31 All
3168 2420 89 31 Work
3287 2419 151 31 Entrusted
3460 2422 30 26 to
3515 2417 42 30 Us
3581 2417 56 29 will
3662 2417 116 29 Receive
3804 2415 114 40 Prompt
3944 2415 154 30 Attention.

3362 2500 132 23 CHARGES
3519 2499 133 22 STRICTLY
3678 2497 153 22 MODERATE

3293 2589 76 30 FOR
3407 2587 117 32 SALE!

3667 2585 75 30 FOR
3780 2584 116 31 SALE!

3118 2669 217 31 STAUNCH
3368 2669 91 30 AND
3496 2666 250 31 HANDFOME
3784 2664 374 31 THOROUGHBRED

3494 2821 142 30 Produced
3661 2820 36 39 by

3203 2876 161 30 YANKEE
3384 2873 240 31 ENTERPRISE
3643 2871 77 31 OUT
3740 2871 48 29 OF
3810 2869 183 31 AMERICA.

3302 2917 46 38 Up
3361 2921 28 24 to
3403 2927 52 27 any
3469 2915 112 38 weight,
3594 2914 54 28 and
3661 2913 99 29 carries
3772 2923 16 16 a
3802 2911 86 37 Lady.

3111 2970 172 30 Guaranteed
3294 2968 168 38 thoroughly
3471 2966 87 30 sound
3570 2965 54 29 and
3633 2965 84 39 quiet.
3760 2963 62 30 Will
3831 2972 64 29 pass
3905 2962 116 30 traction
4031 2961 117 38 engines
4160 2971 7 19 %

3038 3015 92 32 trams,
3144 3011 95 34 trains,
3254 3014 169 29 motor-cars,
3438 3006 97 30 forked
3549 3006 152 38 lightning,
3714 3015 32 18 or
3764 3002 137 39 anything
3923 3003 65 35 else,
4008 3001 113 37 barring

3037 3052 63 39 lady
3114 3051 129 30 mounted
3258 3060 33 19 on
3305 3048 115 30 another
3444 3047 163 29 Newhaven
3626 3046 125 28 Bicycle.

3114 3130 179 31 FARMERS
3308 3129 143 39 requiring
3464 3127 83 29 Grain
3558 3127 95 34 Drills,
3665 3125 105 38 Turnip
3783 3124 53 29 and
3847 3125 115 28 Manure
3970 3123 94 35 Drills,
4076 3121 60 30 Com-

3041 3173 82 29 bined
3138 3172 92 35 Drills,
3243 3171 64 29 Disc
3321 3170 140 35 Barrows,
3475 3167 132 38 Ploughs,
3623 3166 71 30 Seed
3709 3165 138 37 Cleaners,
3857 3176 31 18 or
3900 3175 53 26 any
3966 3164 79 29 other
4056 3161 85 40 imple-

3038 3217 90 26 ments
3142 3224 30 18 or
3186 3212 137 29 Machines
3337 3209 97 29 should
3445 3208 68 29 send
3526 3208 43 28 for
3582 3217 49 19 our
3644 3206 152 37 catalogue.

3064 3253 57 21 THE
3135 3251 142 23 COLONIAL
3290 3248 148 24 COMBINED
3456 3247 101 22 DRILLS
3570 3247 61 21 AND
3645 3246 64 21 DISC
3721 3245 147 21 HARROWS
3881 3245 58 21 ARE
3951 3244 57 22 THE
4024 3242 63 23 BEST
4101 3240 32 23 IN

3483 3274 57 23 THE
3560 3273 125 22 MARKET.

3287 3421 180 31 DUNEDIN
3504 3429 54 20 and
3597 3417 312 35 CHRISTCHURCH,

3349 3474 64 30 Sole
3426 3474 107 37 Agents
3546 3471 28 29 in
3588 3470 68 29 New
3668 3469 120 29 Zealand
3801 3469 44 29 for

3168 3518 78 28 THE
3264 3514 218 30 M'CORMICK
3501 3510 250 31 HARVESTING
3770 3509 183 29 MACHINE
3974 3509 57 29 CO.

3086 3612 385 59 COSSENS
3534 3608 175 56 AND
3776 3604 333 65 BLACK,

3163 3697 231 37 ENGINEERS,
3414 3693 283 35 BLACKSMITHS,
3718 3692 276 29 MILLWRIGHTS
4015 3691 24 29 &

3443 3732 309 37 IRONFOUNDERS,

3311 3786 359 26 CRAWFORD-STREET,
3709 3784 171 21 DUNEDIN.

3351 3852 379 35 —MANUFACTURERS
3763 3852 84 30 OF—

3053 3904 127 38 imping
3194 3902 54 28 and
3269 3899 136 37 Winding
3425 3897 169 37 Machinery,
3619 3893 228 30 HYDRAULIC
3868 3892 146 30 MINING
4035 3892 125 30 PLANT

3109 3942 156 38 (including
3280 3937 152 40 Hydraulic
3446 3936 118 36 Giants),
3580 3935 89 28 Sluice
3683 3933 109 35 Valves,
3807 3932 128 28 Elevator
3953 3932 139 39 Castings,

3342 3977 66 28 Iron
3422 3976 55 29 and
3492 3975 75 29 Steel
3581 3973 139 39 Flumiug,
3734 3972 58 36 &c,
3807 3972 48 29 &c.

3149 4030 155 33 DREDGE
3330 4026 216 36 TUMBLERS,
3568 4024 183 36 BUCKETS,
3772 4024 127 35 LINKS,
3911 4023 69 36 .Ac,
4000 4023 48 31 Ac.

3043 4073 205 34 Waterwheels,
3259 4070 144 32 Turbines,
3417 4068 84 28 Brick
3514 4066 55 29 and
3584 4065 84 30 Drain
3683 4064 66 38 Pipe
3763 4064 118 37 Making
3892 4064 55 28 and
3957 4064 90 28 Wood
4059 4063 80 31 Work-

3123 4116 47 37 ing
3186 4111 169 37 Machinery.
3395 4108 90 29 Horse
3499 4108 119 34 Powers,
3633 4104 191 35 Chaffcutters,
3838 4103 104 40 Turnip
3961 4104 124 39 Pulpers,

3284 4151 54 29 and
3353 4150 35 28 all
3402 4148 82 29 kinds
3497 4149 29 29 of
3539 4148 159 36 Machinery
3711 4145 53 29 and
3779 4146 129 38 Gearing.

3153 4236 16 19 A
3198 4232 79 21 VERY
3304 4231 94 20 LARGE
3425 4229 88 20 STOCK
3539 4228 35 19 OF
3600 4226 142 21 PATTERNS
3767 4225 36 20 TO
3828 4225 104 20 SELECT
3958 4224 85 22 FROM.

3038 4300 212 36 ESTIMATES
3271 4298 130 31 GIVEN.

3571 4293 355 32 CORRESPONDENCE
3947 4293 212 32 SOLICITED.

3055 4384 114 39 Repairs
3182 4381 54 30 and
3251 4390 81 27 every
3345 4377 166 39 description
3526 4376 29 29 of
3568 4375 188 38 Engineering
3769 4374 55 29 and
3843 4374 196 30 Blacksmith's
4052 4374 89 30 Work

3437 4416 142 40 Promptly
3600 4415 149 29 Executed.

3232 4513 102 35 GROWN
3364 4513 37 33 ON
3432 4512 62 34 THE
3525 4512 87 34 HILLS
3641 4511 35 35 OF
3704 4511 103 34 SUNNY
3835 4510 123 35 CEYLON,

3414 4600 211 48 DRINK

3508 4747 8 17 :
3517 4741 5 10 :
3525 4745 7 21 :
3542 4736 99 31 >SEBS

3542 4774 121 31 KOZTE

3433 4894 109 42 PURE
3564 4892 189 40 BLENDED

3483 4954 156 39 GROWN
3653 4932 234 79 CEYLON^

3125 5051 2 43 I
3146 5057 65 37 THE
3224 5056 87 38 MOST
3323 5054 160 37 DELICIOUS
3495 5054 22 37 &
3532 5052 195 38 ECONOMICAL
3739 5051 62 36 TEA
3815 5051 30 36 IN
3859 5051 63 36 THE
3936 5051 112 36 WORLD,
4063 5051 4 43 i
4081 5051 2 43 I

3464 5218 90 29 Local
3575 5217 145 28 Agents—

3070 5279 35 29 D.
3121 5274 193 35 CORMACK,
3334 5271 172 38 Roxburgh;
3526 5268 123 32 JOHNS
3669 5270 24 28 &
3713 5269 182 37 M'COMBE,
3916 5270 105 29 Millers
4042 5269 73 29 Flat,

3036 5372 41 53 JT
3173 5371 33 38 J.
3285 5364 301 45 WILLIAMS,

3060 5439 200 26 HAIRDKES3ER
3278 5437 62 23 AND
3358 5434 200 26 TOBACCONIST,

3231 5489 163 28 Lawrence.

3076 5579 150 32 LADIES'
3257 5574 294 34 HAIItCOMBINGS

3121 5631 111 32 MADE
3250 5628 92 32 INTO
3361 5626 145 32 PLAITS.

3031 5710 2 47 i
3043 5719 101 31 Orders
3153 5717 36 40 by
3198 5718 63 38 post
3267 5713 140 41 promptly
3412 5710 130 33 attended
3551 5714 37 27 to.

3691 5392 155 37 ouafcaining
3858 5401 52 29 cup
3923 5392 28 28 in
3964 5403 121 18 summer
4100 5393 56 29 and

3589 5424 1 47 I
3601 5434 106 28 winter.
3745 5431 35 30 D.
3797 5432 141 34 Cqkmack,
3952 5433 106 38 Agent,,
4080 5431 57 30 Rox-

3589 5468 1 45 j
3602 5473 100 38 burgh.
