2520 4020
548 619 136 33 PORT
701 617 284 40 NICHOLSON,
1007 616 236 35 WEDNESD
1243 619 73 44 [AJ
1337 617 236 42 MORNING,
1596 623 266 38 DECEMBER
1883 630 31 34 7,
1939 631 89 29 1842.

2267 633 100 40 [Vol.
2387 632 67 32 HI.

93 625 62 31 No,
171 621 93 38 200^

26 53 104 38 The
164 53 104 38 New
302 53 241 38 Zealand
577 53 242 38 Gazette
853 53 104 38 and
991 53 345 38 Wellington
1749 53 35 38 '
1818 53 35 38 ■
1956 53 35 38 •
2025 53 104 38 ''•
2163 53 173 38 THE*'
2370 53 35 38 '
2439 53 34 38 -

423 519 25 15 -
604 504 219 39 PUBLISHED
867 505 132 36 EVERY
1044 503 261 43 WEDNESDAY
1342 504 90 37 AND
1476 506 228 38 SATURDAY
1751 510 203 37 MORNING.

201 715 58 21 Tor
272 714 118 20 London
395 713 105 25 'direct,

172 750 29 20 7\>
214 748 47 21 sail,
274 748 36 19 the
325 747 40 20 end
377 746 29 26 of
407 763 3 4 ,
415 747 123 27 November,

213 783 92 33 Pf^HE
329 783 51 22 well
399 783 81 22 known
503 783 45 22 fast
559 783 89 26 /sailing

82 805 112 34 Jgggjfc
219 805 30 29 JL
300 810 97 27 barque,
419 811 125 31 Clydeside,^
553 823 11 14 .,
566 810 82 21 Alfred'

224 837 88 23 Adams
322 837 150 22 commander.
501 836 55 23 This
564 836 47 22 will
618 837 30 21 be

60 859 149 39 tpßgjffl^i
223 863 38 23 the
278 864 48 21 first
340 863 31 22 oil
389 863 49 28 ship
448 864 43 22 this
503 870 87 20 season,
601 863 47 21 arid

239 898 10 13 s
268 898 14 20 P
284 898 24 14 ar
310 894 9 18 t
336 890 26 27 °f
395 898 24 14 er
437 898 66 19 cargo
521 891 21 21 is
555 890 92 26 already

148 925 4 4 -
181 921 4 6 '
193 918 2 7 '
226 917 107 28 engaged,
349 917 100 28 shippers
457 917 51 29 will;
521 917 88 27 require
623 918 23 19 to

60 945 65 22 make
145 945 61 27 early
223 943 141 29 application.
394 944 56 22 *The
470 945 106 26 Clydeside
593 943 55 26 will,'

58 971 153 29 immediately
220 978 30 15 on
260 971 140 27 discharging
411 971 43 22 her
470 978 66 20 cargo
545 971 24 21 in

61 999 51 26 don,
121 1005 93 21 prepare
224 1001 23 20 to
263 1000 78 20 return
355 1000 23 19 to
393 998 57 21 New
464 997 107 23 Zealand.
601 996 44 21 She

59 1025 44 22 will
119 1025 112 22 therefore
246 1025 70 21 afford
330 1031 31 15 an
376 1024 112 22 excellent
504 1023 142 28 opportunity

58 1052 34 21 for
109 1052 70 26 goods
198 1051 103 27 required
317 1053 24 20 at
355 1050 39 22 the
413 1050 89 22 earliest
519 1049 78 28 period

58 1078 82 27 parties
149 1078 60 27 here,
217 1077 51 24 who
279 1084 37 15 are
324 1077 119 26 requested
450 1079 23 19 to
482 1077 94 21 instruct
585 1075 60 21 their

58 1107 77 25 agents
145 1105 45 21 and
198 1104 86 22 friends
293 1106 24 19 at
324 1103 68 21 home
401 1105 23 19 to
434 1103 50 26 give
491 1103 45 21 this
542 1101 102 23 Colonial

58 1131 73 22 trader
148 1131 38 21 the
204 1130 129 29 preference
348 1136 31 15 on
394 1129 31 22 all
444 1129 120 23 occasions.
583 1134 2 5 '
599 1128 45 22 For

57 1157 81 28 freight
147 1164 24 15 or
179 1163 101 22 passage,
290 1155 65 28 apply
365 1155 24 23 to
395 1166 3 5 ■

370 1187 85 23 Waitt
469 1187 46 23 and
528 1188 34 23 Ty
560 1210 3 8 ;
564 1195 50 15 ser.

83 1223 145 27 Wellington,
240 1222 96 22 October
345 1223 35 26 11,
391 1223 62 21 1842.
495 1212 3 6 '
543 1243 3 4 ,

165 1266 171 28 Survey-office,'
345 1266 56 23 New
410 1266 102 23 Zealand
522 1267 121 27 Company,

248 1293 144 28 Wellington,
403 1291 51 32 Qctl
463 1294 21 26 7,
495 1294 61 21 1842.
579 1296 3 5 '

58 1327 147 49 NOTICE
220 1326 28 23 IS
263 1326 129 22 HEREBY
407 1324 108 29 GIVEN,
537 1327 50 21 that
606 1325 40 23 the

140 1353 99 26 Country
249 1353 66 22 Land
323 1360 52 15 now
382 1353 74 22 under
465 1360 81 20 survey
554 1352 47 22 will
615 1353 29 21 be

58 1380 87 22 thrown
156 1387 55 21 open
221 1379 34 22 for
269 1379 107 23 selection
390 1379 37 23 for
442 1379 39 23 the
496 1377 150 29 Preliminary

60 1407 106 26 Sections,
185 1410 23 18 at
225 1409 89 24 present
330 1406 127 27 remaining
474 1407 123 26 unchosen,
606 1418 2 3 ■
617 1413 29 15 on

61 1433 106 27 Monday,
178 1433 38 23 the
226 1433 46 22 2nd
281 1433 107 30 January,
399 1435 61 25 1843,
476 1433 47 23 and
531 1432 117 28 following;

60 1460 80 27 days—
141 1460 156 27 commencing
305 1462 23 19 at
343 1461 25 21 11
384 1467 60 20 a.m.,
462 1460 45 22 and
524 1460 84 27 closing
622 1464 24 18 at

58 1489 16 19 4
82 1494 60 20 p.m.,
152 1486 117 29 precisely,
279 1487 45 21 and
333 1487 68 27 being
410 1494 25 15 as
444 1487 86 22 follows
536 1495 6 14 :
543 1498 30 5 —

484 1520 35 18 No.
530 1521 20 17 of
563 1520 81 18 Sections

492 1542 59 17 under
558 1542 76 20 Survey.

86 1567 113 23 District
209 1574 28 16 of
242 1574 46 15 the
295 1567 102 26 Ohariu,
403 1567 39 23 the
448 1567 101 23 Sections

114 1602 37 14 are
161 1594 96 22 situated
269 1594 25 22 in
309 1593 39 23 the
357 1593 85 33 valley^
456 1594 94 27 parallel

111 1619 59 24 with'
184 1621 50 23 that
251 1621 67 26 given
337 1623 40 20 out
394 1624 24 18 at
441 1621 39 22 the
503 1621 44 22 last

112 1648 112 26 selection,
235 1647 46 22 and
290 1647 106 28 comprise
408 1651 23 19 at
438 1647 67 23 least.
512 1662 33 6 ...
589 1648 34 27 44,
629 1647 5 26 ,'
645 1660 3 3 •

94 1675 79 26 [Plans
183 1680 57 23 open
253 1673 35 23 for
301 1673 126 28 inspection
435 1677 24 19 at
467 1674 42 23 the,
517 1674 89 27 Office.]

84 1708 114 23 District
213 1715 27 14 of
254 1715 47 15 the
315 1708 69 22 Hutt
576 1710 40 21 100

110 1735 47 22 The
177 1734 100 23 Sections
296 1742 37 14 are
354 1734 47 23 laid
413 1738 39 19 out
467 1739 24 18 at
509 1736 38 21 the

110 1769 69 21 upper
187 1764 51 26 part
243 1761 26 22 of
276 1761 37 22 the
322 1761 66 27 river,
395 1762 46 21 and
449 1769 40 16 are,
494 1769 53 15 con-

110 1788 82 23 nected
210 1788 54 22 with
284 1787 64 22 those
371 1788 91 28 already
467 1809 5 4 .
479 1789 68 27 given

111 1818 44 19 out.
185 1815 68 22 Plans
262 1817 23 19 to
293 1814 29 23 be
330 1815 71 27 ready
409 1817 35 20 Ist
450 1816 97 22 Decem-

58 1861 4 3 .
109 1842 47 28 her,
168 1842 61 23 1842.

84 1876 113 22 District
208 1882 27 14 of
244 1875 103 26 Horoki,
359 1875 122 27 extending
489 1876 55 22 from

110 1910 54 14 near
174 1901 91 23 Section
274 1903 33 26 10,
317 1902 118 27 Kinapora
444 1903 102 26 District,-

110 1929 94 21 towards
225 1927 39 23 the
288 1932 61 18 coast
359 1932 36 19 -at
419 1929 127 23 Wai-kanai

108 1955 108 27 probably
532 1966 9 10 ■.
573 1956 40 22 150
636 1976 6 2 .

98 1981 79 28 [Plans
187 1986 22 18 to
218 1981 29 23 be
256 1982 70 28 ready
335 1984 34 20 Ist
379 1982 133 26 December,
524 1981 74 29 1842.]

40 2035 16 4 _
82 2014 112 23 District
223 2021 28 15 of
283 2015 84 22 Loury
399 2016 57 26 Bay,
492 2016 54 21 Port

40 2035 20 12 *
82 2041 5 3 '
108 2037 441 34 NicholsortiK'iS^^isW®*.^^.;^,

227 2063 78 30 [Plans
314 2072 54 16 now
375 2066 70 28 ready
446 2063 44 31 /p'
522 2087 9 11 t
566 2067 6 11 '-

80 2100 112 26 Porirua,
205 2099 132 27 Kinapora,
345 2100 44 22 and
395 2100 84 28 sundry
484 2103 60 25 parts

107 2127 84 21 around
201 2126 55 22 Port
264 2126 123 22 Nicholson
585 2129 26 21 18

94 2154 78 26 [Plans
181 2156 23 19 to
213 2153 28 22 be
251 2152 69 28 ready
329 2154 35 21 Ist
375 2154 136 27 November,
522 2154 75 28 1842.]

79 2180 113 22 District
203 2187 27 14 of
239 2179 148 27 Manawatu,
395 2180 39 22 the
444 2181 99 23 Sections

106 2207 82 22 extend
216 2206 69 26 along
310 2206 39 22 the
371 2206 61 22 hank
455 2208 26 22 of
505 2208 38 21 the

106 2234 68 22 River
183 2234 70 22 above
262 2234 64 21 those
335 2233 68 28 given
414 2236 38 20 out
467 2237 23 19 at
506 2234 37 22 the

105 2260 45 22 lasfc
160 2260 115 27 selection,
293 2260 82 22 thence
392 2263 23 19 to
418 2265 3 6 1
434 2260 39 22 the
491 2261 52 22 hills

105 2287 161 27 and'comprise
282 2290 25 18 at
321 2287 67 23 least.
396 2298 7 10 .•
411 2302 6 6 .
423 2302 6 6 .
437 2291 6 17 ;
569 2290 42 21 300
646 2301 2 2 -

68 2314 25 26 S'f
97 2314 77 26 [Plans
184 2317 24 19 to
216 2314 30 21 be
254 2314 69 27 ready
333 2315 35 21 Ist
375 2314 135 27 December,
521 2315 73 27 1842.]

78 2346 48 22 The
136 2346 70 22 Field'
211 2345 62 22 Plots
282 2352 53 21 may
346 2345 29 23 be
388 2353 54 15 seen
458 2348 25 20 at
494 2346 38 22 the
547 2350 93 28 present

51 2373 53 22 time
114 2375 23 20 at
145 2373 38 22 the
192 2372 88 27 Survey
289 2373 98 22 Stations
402 2373 28 22 of
438 2373 39 22 the
493 2374 92 22 several,
594 2373 45 23 dis-

52 2399 60 22 tricts
120 2399 154 28 respectively.

79 2427 27 21 In
114 2427 65 21 order
188 2429 23 19 to
221 2425 167 23 accommodate
397 2426 38 22 the
444 2425 91 24 holders
545 2427 26 21 of
578 2427 61 28 early

53 2452 95 29 choices^-
156 2455 168 24 arrangements
331 2453 59 22 have
405 2453 59 22 been
478 2453 66 22 made
554 2453 38 22 for'
599 2454 44 25 the,

51 2482 64 25 party
122 2479 127 28 possessing
265 2479 38 22 the
319 2479 53 23 first
377 2479 66 23 order
459 2481 27 21 of
492 2480 84 28 choice,
589 2488 49 15 suc-

51 2507 109 28 cessively
165 2506 93 27 making
274 2506 58 22 their
346 2506 108 23 selection'
462 2510 24 19 at
501 2507 37 22 the
554 2508 83 28 Survey

53 2533 68 23 Office
131 2541 24 15 as
165 2540 58 16 soon'
230 2540 24 15 as
263 2533 37 22 the
311 2533 68 24 Plans
388 2541 38 15 are
434 2534 77 27 ready.
595 2536 4 6 '
633 2547 9 5 -

209 2571 3 4 •
236 2566 3 7 '
292 2565 99 22 Samuel'
402 2566 109 22 Charles
524 2566 85 28 Brees,

394 2592 208 28 Principal-Survey
605 2601 32 15 or.

218 2636 77 21 Meat
316 2637 151 27 Company.

51 2669 89 48 THE
161 2669 237 29 UNDERSIGNED,
416 2670 86 28 having
519 2671 59 22 been
598 2679 39 21 ap-

122 2695 91 28 pointed
228 2696 110 27 Manager
348 2696 25 23 of
387 2696 38 23 the
437 2698 66 21 Meat
512 2698 123 28 Company,

50 2721 52 28 begs
111 2725 23 19 to
143 2729 118 16 announce
271 2723 49 22 that
333 2730 15 15 a
357 2724 88 27 regular
455 2724 78 29 supply
542 2726 29 21 of
576 2726 60 26 beef,

51 2751 91 25 mutton,
149 2757 3 5 r
163 2749 48 23 and
224 2749 58 27 pork
296 2757 55 19 may
369 2753 83 25 always
469 2751 29 22 be
517 2751 121 28 depended

50 2782 59 20 upon
119 2778 23 19 at
150 2776 47 22 this
206 2775 174 22 establishment.
388 2778 4 5 '

73 2803 33 20 As
129 2803 45 21 this
197 2802 117 27 Company
331 2809 108 25 purposes
458 2803 80 27 selling
556 2807 24 19 at
597 2804 38 23 the

49 2827 75 23 lowest
132 2829 72 28 prices
214 2831 25 19 at
251 2827 75 23 which
333 2831 19 19 it
366 2829 19 21 is
393 2829 72 22 found
465 2832 3 4 1
474 2829 38 22 the
521 2833 116 20 meat,can

49 2854 27 22 be
86 2855 107 28 afforded,
204 2854 38 22 the
250 2854 152 28 undersigned
410 2856 19 21 is
442 2856 55 27 only
505 2857 129 22 authorized

49 2884 21 18 to
79 2882 52 27 give
135 2889 57 20 very
196 2881 88 22 limited
284 2882 2 11 1
293 2881 76 28 credit;
378 2882 45 22 and
430 2881 40 23 has
474 2882 59 23 been
542 2884 95 22 ordered

47 2910 22 20 to
85 2911 48 26 stop
148 2909 32 22 all
194 2910 104 20 accounts
312 2908 75 22 which
400 2916 37 15 are
452 2913 43 18 not
507 2910 54 28 paid
574 2917 61 21 upon

47 2935 101 22 demand.

72 2961 49 23 The
129 2962 103 22 business
242 2961 25 22 of
274 2960 38 23 the
323 2961 113 29 Company
444 2963 21 21 is
475 2963 86 22 carried
571 2971 29 16 on
609 2964 25 23 in

46 2987 57 23 then*
118 2996 50 15 new
181 2987 110 28 building,
409 2989 101 23 between
528 2990 106 23 France's

46 3014 70 23 Hotel
133 3015 45 22 and
196 3014 39 22 the
253 3014 59 22 head
328 3015 27 21 of
368 3015 38 22 the
421 3016 57 28 Bay,
496 3017 46 22 and
555 3018 80 28 nearly

46 3041 99 28 opposite
154 3044 24 20 to
188 3040 46 23 Mr.
244 3040 84 29 Lyon's
338 3041 70 23 Store.
415 3063 3 5 ,
454 3053 3 7 '

319 3074 36 23 W.
368 3075 102 29 Flyger,
487 3077 117 28 Manager.

73 3101 131 23 November
211 3102 35 26 23,
258 3102 61 21 1842.

46 3151 185 48 WILLIAM
249 3151 107 23 ALLEN
376 3154 144 28 respectfully
538 3155 94 23 informs

113 3188 4 4 -
139 3178 38 23 the
187 3177 138 24 inhabitants
341 3178 25 23 of
376 3179 54 23 Port
439 3180 132 29 Nicholson,
583 3180 49 24 that

47 3203 27 22 he
88 3204 41 23 has
148 3204 95 23 entered
258 3205 49 22 into
326 3210 169 24 arrangements
511 3208 56 23 with
585 3208 45 23 Mr.

47 3230 59 23 Watt
114 3232 34 22 for
158 3239 14 15 a
180 3231 90 27 regular
279 3230 116 31 sugply|of
405 3234 58 27 beef,
473 3237 97 26 mutton,
581 3236 49 27 &c,

47 3257 69 24 which
124 3258 50 23 will
180 3258 80 23 enable
270 3258 47 23 him
327 3262 23 19 to
360 3260 41 22 sell
401 3257 4 9 1
414 3263 23 20 at
453 3260 99 24 reduced
560 3262 71 28 prices

48 3283 34 23 for
89 3286 70 27 ready
167 3291 86 21 naoney
261 3285 60 27 only.

71 3311 34 22 W.
115 3312 30 23 A.
154 3312 57 27 begs
217 3312 50 22 that
275 3312 30 22 all
320 3313 145 28 outstanding
473 3316 157 23 accounts.due

46 3338 22 20 to
75 3337 46 24 him
129 3347 54 20 may
192 3340 28 21 be
229 3338 81 23 settled
318 3338 121 29 forthwith,
451 3348 23 15 as
484 3341 35 22 his
531 3337 100 28 business

46 3364 41 22 will
95 3365 25 22 in
127 3366 75 23 future
211 3366 29 23 be
251 3366 125 23 conducted
468 3368 94 23 another
571 3369 58 23 firm.

74 3399 100 29 October,
186 3401 62 21 1842.
263 3405 30 25 ld^
346 3418 4 6 ,
386 3409 8 7 -
460 3423 4 3 .

46 3427 17 4 ~
184 3436 144 31 CHARGES
343 3439 152 35 HARVEYf
596 3434 34 42 ~,

248 3477 103 27 Tailor,
364 3478 56 26 &c,
439 3497 3 3 .

169 3510 114 27 Adjoining
296 3512 73 21 Kumu
383 3513 52 20 Toto
449 3512 55 28 Pah,

255 3552 159 23 WELLINGTON,
423 3551 2 6 '
585 3554 4 5 J
612 3544 28 11 ~*~'

46 3572 101 50 BEGS
161 3580 24 19 to
199 3579 79 20 return
283 3577 93 23 .thanks
392 3582 24 19 to
421 3569 50 32 *fhe
487 3580 82 30 gentry
582 3579 46 22 and

115 3604 75 27 public
200 3603 25 22 of
232 3603 64 22 New'
300 3604 102 23 Zealand'
408 3606 36 23 for
450 3606 39 23 the
497 3608 93 26 support
597 3606 30 23 he

46 3634 42 26 nas^
95 3629 102 24 received
209 3630 65 26 from,
283 3631 68 22 them-
361 3632 61 23 since
436 3633 29 22 lie
481 3633 146 22 commenced

44 3653 101 31 business,
162 3657 46 22 and
226 3657 29 22 he
272 3664 87 16 assures
374 3658 63 24 them
451 3660 51 23 that
516 3660 19 22 it
553 3660 20 22 is
590 3660 36 23 his

43 3683 105 22 intention
158 3687 23 19 to
190 3684 106 22 continue
305 3684 35 22 hid
355 3689 65 19 most'
428 3689 120 20 strenuous
561 3694 65 15 exer-

44 3708 54 22 tions
107 3712 22 19 to
139 3711 66 22 merit
213 3718 14 14 a
236 3711 150 23 continuance
395 3713 26 22 of
426 3713 60 23 their
493 3717 130 25 patronage.

68 3735 23 21 C.
101 3736 29 22 H.
139 3738 63 22 takes
217 3737 45 23 this
281 3739 144 27 opportunity
440 3740 26 22 of
477 3741 84 27 stating

44 3760 31 22 his
83 3763 61 23 stock
154 3764 134 23 consists~of
293 3772 14 14 a
310 3765 72 27 'good'
384 3766 86 28 variety
480 3768 25 21 of
511 3768 112 28 superfine

44 3788 71 29 cloths,
126 3790 110 29 doeskinsi
251 3792 91 27 tweeds,
356 3792 130 29 moleskins,
496 3794 126 28 velveteen^

43 3817 51 21 pilot
108 3816 66 29 cloth,
184 3818 41 22 &c.
235 3819 49 26 &c.,
299 3818 46 23 and
358 3819 36 22 his
404 3819 94 29 charges
509 3822 48 25 (for
573 3823 51 21 cash

42 3841 54 26 °rty)
105 3844 121 23 moderate.
290 3851 3 9 >
496 3848 6 4 '
541 3859 2 3 ■

43 3883 133 49 BLANK
198 3889 140 24 PRINTED
361 3890 210 31 INDENTURES,
594 3900 28 16 on

43 3935 37 13 tin
112 3921 28 21 pa
140 3922 15 20 P
156 3921 24 16 er
198 3916 46 22 and
262 3917 149 27 P«chmenk>
419 3918 100 23 ibr.sala
538 3923 25 20 at
584 3920 52 23 the-

183 3942 78 24 Office.

747 724 2 7 ,
780 719 4 6 ■
821 716 4 15 i
869 709 191 27 .High-School

681 744 92 49 MR.
789 744 22 22 J.
827 744 31 22 H.
872 744 73 26 Rule,
963 743 54 26 (late
1034 742 26 22 of
1071 741 39 23 the
1126 740 138 24 Mechanics-

773 771 123 26 Institute,)
907 771 55 26 begs
975 770 64 21 leave
1054 772 59 19 most
1121 768 143 27 respectfully

679 802 23 17 to
714 795 102 24 intimate
827 800 28 21 ,to
867 797 38 22 the
919 797 141 21 inhabitants
1076 795 26 23 of
1118 794 153 28 Wellington,-

736 822 147 29 dri'Monday,
895 823 36 22 the
943 823 53 22 12th
1010 823 88 25 instant,
1109 820 84 23 he'will
1208 828 56 20 open

670 858 22 14 -a
705 851 82 22 School
801 851 26 22 in
841 851 73 26 No^4,
930 850 93 27 Sydney
1041 849 73 22 Street
1132 847 131 27 (Thorndon

666 875 131 30 •.Flat)j'for
811 877 37 22 the
862 877 94 22 various'
964 875 112 23 branches
1224 875 37 21 the

667 924 3 5 ,
677 905 72 22 above
752 911 28 17 jm
782 911 26 14 en
810 904 74 21 tioned
891 903 139 27 Institution,
1038 901 43 23 and
1086 908 67 21 upon
1157 903 38 19 the
1203 908 60 15 same

677 931 59 21 scale
746 931 25 21 of
779 931 62 21 Fees.
867 928 5 5 '
902 943 3 4 •
966 947 139 10 .,,,

705 955 153 24 Forlhesake
874 957 26 21 of
913 956 55 22 such
976 953 92 29 parents
1077 961 24 15 as
1116 954 88 34 maybe
1220 955 42 22 tin-

819 983 53 22 with
881 983 44 21 Mr.
934 978 55 26 ft's?
996 979 83 28 system
1095 981 27 21 of
1133 981 127 30 education,

671 1010 23 21 'it
702 1016 53 21 may
764 1010 28 21 be
801 1008 196 27 mentioned^Hhat
1005 1008 20 21 it
1031 1007 19 22 is
1065 1007 131 22 conducted'
1201 1016 59 19 upon

667 1049 4 3 •
676 1035 55 24 the/,
732 1038 58 20 most
806 1035 115 27 improved
926 1033 107 25 -Normal
1051 1033 65 28 Plan,
1135 1035 126 28 combining

675 1062 101 27 physical
783 1061 103 27 exercise,
894 1061 315 28 intellectual.improvement^
1217 1070 36 15 ant

675 1087 105 28 religious
790 1088 101 27 training.
920 1088 48 23 The
985 1087 104 23 situation
1101 1087 26 22 of
1138 1087 38 23 the
1185 1089 76 23 school

674 1114 26 22 is'
711 1118 63 19 mosf
787 1115 135 27 beautifully
941 1112 103 29 situated,
1063 1114 61 22 with-
1130 1121 13 15 a
1150 1112 3 13 ;
1161 1115 101 27 spacious

674 1141 157 28 play-ground,
847 1141 45 23 and
909 1142 111 26 swinging
1033 1141 45 27 poll
1088 1141 36 21 for
1138 1143 123 25 gymnastic

675 1174 98 16 exercise
784 1171 46 19 and
841 1172 148 18 amusement.
1009 1178 6 12 >
1179 1171 3 3 '
1225 1179 3 9 i

684 1204 4 3 •
703 1195 75 22 Hours
789 1195 26 22 of
821 1195 129 23 attendance
958 1195 60 22 from
1027 1195 28 22 10
1065 1194 34 22 till
1109 1196 33 26 12,
1153 1195 45 23 and
1202 1196 58 23 from

674 1222 14 20 2
697 1224 24 19 to
730 1218 22 26 4:

701 1253 128 23 December
836 1255 20 25 2,
867 1255 59 21 1842.

667 1310 3 5 -
702 1299 43 20 Ex
926 1299 57 20 and
1025 1299 107 25 George

677 1332 185 49 MANILLA
877 1332 77 27 coffee,

744 1377 5 2 .
761 1360 45 21 Do.
834 1360 71 27 cigars
913 1358 53 23 best'
976 1359 92 28 quality,

717 1385 9 22 '.
751 1386 62 22 Tine
826 1390 52 23 teas,

722 1418 4 4 *
757 1413 80 27 Sugars
846 1412 87 23 refined
942 1413 47 22 and
997 1419 51 21 raw,

723 1451 3 4 -
756 1439 95 28 Brandy,
861 1447 56 19 rum,
928 1440 108 27 whiskey,

757 1466 59 27 Port,
828 1466 82 28 sherry,
919 1466 47 22 and
981 1466 103 23 Madeira
1099 1466 71 23 wines
1187 1466 26 22 of
1222 1466 37 22 the

663 1500 66 20 .very
738 1493 51 22 best
797 1493 89 28 quality.

744 1520 3 4 '
757 1519 75 22 Rhine
839 1520 68 21 wines
916 1519 24 22 in
947 1522 65 25 great
1020 1519 92 28 variety,

727 1553 3 3 •
759 1546 64 23 Good
831 1546 103 22 blankets
943 1546 46 23 and
998 1553 60 21 rugs,

757 1574 39 21 An
804 1573 87 22 invoice
900 1573 26 21 of
935 1573 81 28 lamps,
1125 1584 3 3 ■
1154 1583 2 3 ■

757 1599 108 28 Oatmeal,
874 1600 57 27 pork
938 1600 94 27 barrels,
1050 1616 3 5 .

757 1627 71 22 Slates
837 1629 103 19 countess
950 1627 45 21 and
1003 1627 78 27 ladies,

728 1668 3 4 ■
757 1654 78 27 Sperm
844 1653 44 22 and
898 1653 77 22 mould
983 1653 97 27 candles,

756 1680 84 27 Butter,
860 1680 103 22 Colonial
982 1680 46 22 and
1046 1679 72 23 South
1137 1679 122 23 American

674 1707 64 27 flour,

756 1734 61 26 Oats,
828 1733 99 27 walnuts,
938 1734 50 26 &c,
998 1734 50 26 &c,
1058 1734 42 21 &c.

829 1785 3 3 .
853 1767 146 27 ;RIDGWAYS,
1016 1767 106 27 GUYTON,
1134 1774 47 15 AND
1190 1767 49 23 Co..

861 1812 65 20 Just
946 1813 120 20 Landed.
1081 1816 3 4 °

675 1845 98 50 SEED
797 1844 125 23 BARLEY
950 1845 46 22 and
1020 1845 88 27 OATS,
1132 1845 57 22 bran
1210 1844 48 23 find

713 1882 3 4 ■
738 1872 72 28 Hops.
838 1872 36 22 On
883 1872 45 22 sale
938 1875 25 19 at
1037 1875 3 3 '
1087 1884 5 3 -
1169 1875 2 6 '

862 1911 3 5 ■
902 1910 3 5 '
964 1904 23 22 J.
1003 1904 40 22 M.'
1051 1897 148 34 Taylor's,-'
1238 1905 4 2 '

754 1938 20 16 '--
909 1938 130 21 Wholesale
1050 1938 71 25 Store,
1131 1937 32 22 Te
1174 1937 53 22 Aro.

841 1983 93 21 Wines
949 1983 31 20 in'
992 1983 92 20 'wood.

759 2016 77 22 SALE
850 2016 31 27 by
889 2016 39 21 the
937 2015 160 28 undersigned,
1108 2015 58 22 from
1177 2022 41 15 one
1233 2015 28 22 of

850 2042 96 21 London
956 2042 83 21 houses
1040 2051 28 5 —
1073 2044 13 7 -'
1107 2050 4 3 -

698 2067 83 23 Choice
803 2068 59 26 Port,
887 2067 89 27 Sherry,
1001 2067 111 27 Madeira,
1137 2067 117 26 Teneriffe,

672 2094 87 28 Alican,
787 2094 45 22 and
850 2095 120 26 Taragona
990 2094 77 28 wines,
1076 2096 5 5 '
1088 2094 24 21 in
1130 2094 64 28 pipes
1212 2094 45 22 and

670 2124 89 24 quarter
769 2121 69 27 casks,
1076 2129 3 15 i

697 2148 55 22 Port
761 2148 44 22 and
814 2148 81 27 Sheny
903 2147 25 22 in
942 2155 69 15 cases.

949 2181 22 22 J.
987 2181 35 23 M.
1036 2181 103 27 Taylor,
1155 2181 33 22 Te
1199 2181 54 23 Aro.

698 2208 98 22 October
806 2209 31 26 14,
849 2209 60 21 1842.

791 2260 40 19 On
845 2259 69 25 Sale,
929 2264 37 15 ex
980 2259 17 23 ','
1003 2258 130 21 Nelson.'!

671 2295 44 31 fTi
725 2292 129 23 UNTER'S
869 2300 115 20 preserves
997 2291 47 23 and
1052 2292 91 22 bottled;
1153 2292 64 22 fruits
1230 2292 25 21 in

671 2315 54 27 VJC
752 2319 98 23 assorted
867 2326 69 20 cases,
955 2319 86 22 bottled
1056 2319 101 29 vinegar,
1169 2326 84 20 sauces,

669 2346 93 28 herring
771 2348 67 25 paste,
849 2348 50 25 pat£
908 2354 31 14 au
949 2345 80 27 diable,
1040 2345 99 28 pickles,,
1176 2361 15 12 ,-,

697 2373 82 22 Choice
790 2371 102 24 Cheddeir
900 2373 81 22 cheese
990 2373 46 21 arid
1046 2370 172 29 confectionery,
1228 2372 11 10 ''

696 2400 173 22 London-made
978 2399 45 22 and
1032 2399 91 30 bridle^
1178 2402 12 13 -'
1208 2404 10 11 •'
1236 2402 2 6 '

674 2445 4 4 ,
696 2427 137 22 Bush-made
843 2426 88 23 saddles
940 2427 44 21 and
992 2426 90 27 bridles,
1137 2437 8 10 >■
1213 2442 4 6 ,
1229 2430 11 15 »>

696 2455 58 26 10-4,
766 2455 56 26 11-4,
833 2453 107 22 and-12-4
947 2453 110 27 blankets,
1068 2453 125 27 coloured,.

696 2482 53 20 12-4
756 2488 53 20 rugs
818 2481 45 22 and
872 2484 171 24 counterpanes,
1053 2480 70 22 toilet'
1128 2487 83 20 covers,

696 2508 115 21 Women's
820 2510 67 25 stays,
896 2507 47 22 red,
949 2510 72 25 smrts,
1037 2530 6 4 _
1127 2525 10 5 
1166 2518 11 13 .■
1199 2513 19 16 :,<

695 2535 54 22 Two
757 2542 61 15 cases
826 2534 140 22 fashionable
975 2529 85 32 shaped
1069 2534 108 27 bonnets,'

696 2561 101 22 Ribbons
806 2561 49 22 and'
860 2561 91 28 general
959 2561 120 27 millinery,

695 2588 76 22 Coffee
780 2589 24 21 in
813 2589 63 27 bags.

696 2616 77 21 Green
782 2618 36 19 tea
825 2615 24 22 in
859 2615 74 22 chests
942 2615 48 22 and-
996 2614 49 23 half
1053 2614 79 27 chests,

695 2643 64 26 Oars,
769 2642 77 22 mould
855 2642 99 27 candles,

694 2669 66 22 Nails
769 2669 26 21 of
800 2676 65 20 every
876 2669 142 27 description,
1069 2675 21 21 \
1100 2669 19 12 M

693 2695 85 22 Tinn'd
787 2698 36 19 tea
831 2695 88 28 kettles,
931 2702 132 21 saucepans,
1075 2692 48 31 &c,

693 2723 82 22 White-
778 2722 58 28 lead,
847 2723 82 27 paints,
940 2730 61 20 soap,
1012 2723 41 21 &c.

886 2762 19 6 ■•
916 2746 3 8 '
978 2754 23 22 J.
1016 2754 34 22 M.

936 2796 4 6 ,
950 2789 33 12 if.
1127 2780 97 23 TeAro.

656 2829 3 5 ,
695 2806 98 23 October
801 2808 32 26 11,
846 2809 59 21 1842.
971 2822 20 12 -

894 2853 43 20 On
951 2853 70 25 Sale,

665 2884 148 49 POLICE-
820 2885 91 22 DARK
926 2885 175 27 LANTERNS*

739 2912 126 22 American
870 2919 77 15 ovens.

654 2934 2 34 |
881 2952 2 7 .
935 2950 20 14 ,/
980 2938 23 23 J.
1012 2938 39 28 ,M.
1066 2939 104 27 Taylor,

860 2985 2 5 ,
1121 2966 34 22 Te
1168 2966 55 23 Aro.

686 2992 106 21 •October
801 2993 31 26 11,
844 2993 60 21 1842.
911 2990 4 8 '
996 2992 2 5 '
1031 3008 3 5 .

671 3053 4 5 .
755 3037 46 27 On,
809 3037 79 25 Sale,,
893 3043 47 17 ex,
945 3038 12 21 'I
957 3038 4 11 1
1114 3038 45 20 &c.

663 3066 167 53 MARINE
844 3070 221 28 BAROMETERS,

756 3097 136 27 Quadrants,,
898 3100 106 25 sextants,
1012 3117 2 7 ,
1074 3120 3 3 .
1238 3113 4 5 .

690 3123 161 28 Hydrometers
860 3124 44 22 and
913 3124 185 28 s'achraometers,

689 3151 186 27 Thermometers,-
884 3151 63 28 spirit
955 3151 75 27 levels,

655 3187 1 9 ■•
689 3177 108 27 Drawing
804 3178 152 27 instruments,
953 3177 4 10 1
967 3178 130 28 telescopes,

679 3220 3 4 .
689 3204 49 27 Log
747 3205 48 22 and
800 3204 61 25 hour,
864 3204 90 28 glasses,
965 3205 93 22 &c.&c.

973 3239 53 49 #J.
1041 3239 35 23 M.
1091 3239 102 27 Taylor,
1210 3261 4 3 .

1003 3262 52 29 :.V
1123 3267 112 22 TeAro..

663 3291 98 23 October
770 3293 32 26 11,
813 3293 59 21 1842.
899 3293 4 4 '
949 3290 12 34 ',
973 3293 18 32 ;'
1043 3292 3 6 '
1141 3292 2 5 '
1210 3291 2 6 '
1236 3304 11 9 ,

655 3342 61 21 ,For
725 3342 70 25 Sale,
804 3342 45 21 the
861 3347 82 21 cargo
956 3342 34 21 of
997 3343 46 21 the

665 3377 103 31 O(\f\
787 3373 79 23 TONS
884 3374 77 22 BEST
981 3374 136 23 CHILIAN
1135 3375 111 27 FLOUR,

654 3415 2 3 ■
661 3397 33 28 O
796 3400 59 22 fresh
863 3401 94 27 ground'
961 3401 72 23 direct
1041 3402 59 22 from
1107 3401 138 28 Valparaiso,

654 3427 2 27 I
770 3429 23 19 at
801 3427 47 23 £20
857 3434 45 21 per,
909 3431 52 24 ton,,
967 3429 60 21 cash.
1067 3446 9 7 v
1190 3425 8 23 '.

873 3483 3 10 ,
1012 3462 85 23 Waitt
1107 3462 138 23 ancKTYSER.

660 3486 144 29 Wellington,
815 3488 129 23 November
952 3490 22 26 4,
985 3490 63 21 1842.

659 3539 54 20 For
724 3538 68 25 Sale,
803 3539 45 21 the
865 3544 88 22 cargo,
964 3540 33 23 .of
1008 3540 46 22 the

667 3570 15 36 1
700 3569 92 37 £SIV-
792 3572 39 22 TO
830 3598 4 6 .
832 3572 38 22 NS
894 3572 27 22 of
966 3580 12 15 c
1001 3573 50 23 test
1062 3573 73 23 -fresh
1156 3573 88 27 ground

657 3599 31 25 ,-*•
771 3598 94 22 'Chilian
879 3598 70 29 flour^
960 3607 53 15 now
1026 3600 97 28 landing,
1132 3601 57 21 from
1206 3597 44 25 the'

780 3622 106 31 Cheerful^
898 3626 73 23 direct
983 3627 58 23 from
1060 3627 184 28 Valparaiso—at

656 3651 48 22 £20
713 3659 41 20 per
764 3654 44 20 ton.

917 3693 5 8 *
970 3678 146 30 Waiix^and
1130 3681 85 22 Tyser.
1248 3687 3 3 '

684 3705 49 22 Oct.
743 3707 34 26 23,
788 3707 60 21 1842.
896 3709 20 26 ;■

831 3752 43 21 Ex
917 3753 136 22 Amwell.?
1056 3754 5 9 1
1083 3751 22 26 /
1131 3773 3 4 .
1158 3775 3 4 .
1196 3754 4 2 '
1229 3761 11 5 -

658 3784 69 28 0,/
723 3784 27 28 l
742 3784 78 23 TONS
834 3786 54 27 first,
896 3786 61 22 fresh
971 3786 89 27 ground
1077 3786 91 27 Sydney
1178 3786 59 22 flour

655 3808 33 25 Cj
692 3815 32 18 V
756 3813 26 20 15
796 3812 154 28 chests'hyson
960 3816 44 24 tea,

743 3840 40 20 100
796 3839 72 23 chests
876 3846 71 20 green
956 3841 43 26 tea^

757 3867 27 20 10
796 3866 53 27 bags
859 3866 77 33 coffee,

769 3893 13 21 5
795 3892 44 28 bag
840 3900 9 14 s
858 3900 90 21 pepper,
966 3904 3 5 •

970 3919 84 23 Waitt
1069 3919 50 23 and'
1127 3919 85 25 Tybe'r.

682 3946 97 23 October
787 3947 35 26 25,
833 3947 61 23 1842.

1405 710 55 21 For
1473 710 70 26 Sale,
1558 715 36 16 ex
1799 724 4 5 ■

1296 739 103 51 PALE
1414 741 97 23 INDIA
1524 741 64 23 ALE
1602 742 23 22 in
1641 741 77 30 bottle,
1730 743 85 28 Bryant
1830 744 44 23 and

1365 767 109 28 Davis.V.
1488 789 3 4 .
1738 788 6 5 .
1754 783 19 11 ..•
1831 781 7 12 '-

1321 793 68 28 Stout,
1394 793 91 28 .Bryant
1493 793 45 23 and
1547 795 97 28 Davis's,
1641 803 4 6 1
1716 813 5 5 ,
1752 812 3 6 ,

1321 819 59 23 Bass'
1391 820 84 22 Burton
1485 820 41 27 ale,
1614 820 6 8 '
1806 838 4 5 ,

1282 855 2 5 ■
1321 846 52 22 Pale
1391 846 77 34 sherry
1487 846 44 23 and
1547 848 111 28 Madeira,
1678 846 137 28 Rutherford
1830 851 44 22 and

1295 874 90 27 Drury's
1391 873 87 27 brandy
1712 879 3 5 ■
1727 874 30 18 "*'«
1780 875 11 24 ','■
1799 885 13 6 >-
1839 885 4 6 •

1281 912 4 5 •
1319 899 64 28 Very,
1388 899 43 23 old-
1434 900 109 27 Madeira,
1554 905 52 22 port
1619 902 45 22 and
1678 903 76 27 sherry
1763 904 24 23 in
1801 903 71 28 wood,

1293 925 132 23 Rutherford
1434 927 44 21 and
1487 927 94 27 Drury's
1591 929 80 26 brand,

1321 952 42 22 Old
1372 960 84 20 cognac
1464 953 87 29 brandy
1561 955 24 21 in
1595 955 76 27 bottle,
1707 962 4 2 '

1319 979 79 26 Cherry
1410 979 86 29 brandy
1497 981 31 26 ,,in
1538 989 70 20 cases,
1622 986 17 18 v.
1733 985 4 4 '
1805 985 19 20 ';'

1319 1006 115 27 Sparkling
1443 1006 145 30 champagne,
1716 1028 4 4 .
1846 1019 4 6 '

1288 1030 13 12 '■
1318 1033 139 23 Maraschion
1467 1035 45 21 and
1519 1036 77 26 punch
1606 1042 97 21 essence,
1740 1051 4 5 .

1280 1062 11 14 •'
1317 1059 48 23 Eau
1375 1061 28 21 de
1569 1067 3 4 '

1280 1096 2 5 •
1294 1087 4 21 \
1318 1087 12 21 1
1340 1094 49 17 case
1397 1087 89 23 French
1495 1094 60 21 rugs.
1751 1105 8 9 ,
1869 1091 2 11 '■

1283 1134 7 4 ..
1317 1113 107 25 Assorted
1432 1115 103 27 anchors,
1685 1132 2 6 ,
1812 1135 3 3 .
1833 1129 6 7 .

1286 1160 11 6 
1318 1139 68 25 Ghain
1396 1143 81 25 cables,
1488 1144 89 21 various
1587 1143 63 26 sizes,
1661 1159 4 3 .

1294 1177 3 4 ■
1317 1166 77 24 Patent
1404 1173 93 24 carpets,
1524 1189 2 6 ,

1280 1203 3 4 •
1317 1193 101 29 Glasses,'
1545 1209 4 3 -

1281 1237 3 4 -
1317 1219 120 30 Tumblers,

1280 1259 3 5 •
1298 1256 3 4 •
1318 1246 92 29 Pickles,

1316 1274 76 23 Butter
1400 1276 25 22 in
1431 1283 54 20 jars,

1317 1301 53 22 Pine
1380 1301 85 29 cheese,
1479 1303 40 22 &c.
1531 1303 41 23 &c.

1281 1328 3 10 :
1323 1326 34 33 ["''
1599 1329 82 23 Waitt
1697 1329 47 24 and
1759 1331 85 23 Tyser.

1317 1360 141 29 Wellington,
1471 1362 130 28 September
1610 1364 34 26 30,
1656 1365 62 20 1842.

1317 1406 38 21 To
1365 1407 209 27 Ship-builders.
1580 1409 55 21 and
1649 1409 194 26 Ship-owners.

1292 1438 70 49 ON
1376 1439 77 22 SALE
1467 1440 31 26 by
1507 1439 38 22 the
1554 1440 150 28 undersigned
1711 1448 5 14 :
1718 1452 27 5 —

1352 1465 103 22 Anchors
1466 1466 28 22 of
1503 1466 30 22 all
1542 1466 64 28 sizes,

1317 1491 69 23 Chain
1396 1493 74 21 cables
1479 1493 45 22 and
1538 1489 61 26 short
1612 1493 78 22 linked
1706 1494 83 27 chains,
1800 1494 71 23 tested

1289 1520 30 26 by
1328 1518 155 28 a'hydrostatic
1493 1520 88 27 engine,
1589 1520 99 22 assorted
1697 1521 56 22 sizes
1762 1520 45 23 and
1817 1528 54 15 war-

1289 1546 82 27 ranted,

1306 1577 2 6 '
1316 1572 105 22 Bitheads
1430 1573 45 22 and
1484 1580 63 19 spare
1556 1573 109 26 shackles,

1315 1599 112 22 Windlass
1436 1597 68 24 metal
1512 1600 25 21 in
1547 1599 109 28 complete
1665 1602 61 26 setts,
1738 1611 3 6 ■

1316 1625 111 23 Mariners
1437 1633 129 20 compasses,

1316 1653 45 22 Sail
1370 1660 92 15 canvass
1471 1653 45 22 and
1526 1654 72 26 twine,

1316 1679 69 28 Pitch,
1397 1676 44 31 tar,'
1448 1680 42 21 &c.
1500 1680 40 22 &c.

1516 1717 3 4 ■
1531 1712 3 3 '
1596 1716 2 3 ■
1649 1706 89 23 Willis
1747 1714 47 15 and
1805 1707 38 22 Co.

1290 1733 95 21 October
1395 1734 32 25 11,
1440 1734 60 21 1842.

1340 1778 53 21 For
1413 1777 60 22 Sale
1496 1779 29 20 at
1547 1778 45 21 the
1607 1778 109 21 Nelson
1735 1778 82 27 Dairy

1565 1806 29 19 at

1465 1830 105 22 Nelson
1584 1830 103 22 Haven.

1291 1867 65 27 Q'A
1371 1863 83 22 COWS
1470 1863 35 22 IN
1521 1862 85 27 CALF,

1286 1884 70 32 OAj
1382 1891 29 21 30
1420 1889 82 23 heifers
1510 1889 24 22 in
1544 1890 50 27 calf,

1347 1938 3 3 .
1382 1917 29 21 50
1419 1924 76 19 young
1504 1916 90 28 heifers,

1314 1942 34 28 4;,
1348 1942 103 28 half-bred
1460 1943 103 23 Durham
1574 1943 67 26 bulls,

1290 1990 2 4 ,
1314 1971 24 21 11
1349 1972 75 25 steers,

1339 1997 13 21 6
1361 1996 101 27 working
1469 1995 112 28 bullocks,

1297 2037 3 4 -
1323 2023 30 23 \A
1362 2023 63 21 stock
1432 2023 85 28 horses,

1295 2046 18 14 jC
1315 2048 4 4 '
1338 2046 115 28 lOOgwes,
1600 2054 7 7 -
1813 2061 5 3 .
1864 2062 2 5 ,

1338 2075 28 21 50
1373 2074 104 28 wethers,

1312 2101 47 23 The
1373 2101 71 22 above
1458 2108 38 16 are
1510 2101 58 23 from
1583 2101 41 22 Dr.
1635 2101 94 28 Imlay's
1745 2101 126 25 celebrated

1286 2129 62 21 stock
1357 2131 26 18 at
1389 2128 100 22 Twofold
1500 2129 58 27 Bay.
1585 2128 49 22 The
1645 2129 67 21 cattle
1726 2136 37 14 are
1773 2129 37 21 the
1822 2129 50 21 best

1286 2155 60 28 bred,
1356 2154 58 23 have
1425 2155 58 23 been
1490 2155 87 23 landed
1584 2156 24 21 in
1620 2155 40 22 the
1669 2155 67 22 finest
1746 2155 70 26 order,
1827 2155 44 22 and

1284 2183 59 21 form
1352 2182 44 22 the.
1403 2183 50 21 best
1462 2182 107 23 selection
1577 2183 23 21 of
1607 2190 43 19 any
1657 2182 33 22 lot
1698 2185 39 24 yet
1744 2182 96 27 brought
1848 2185 23 19 to

1286 2209 54 22 New
1351 2209 106 22 Zealand.
1486 2209 44 22 For
1537 2209 136 28 particulars,
1685 2209 66 28 apply
1759 2213 23 18 to
1807 2216 3 4 •

1474 2244 21 21 S.
1510 2244 103 27 Revans,
1627 2243 145 28 Wellington,
1784 2251 24 14 or

1428 2276 3 12 '
1453 2277 2 8 '
1473 2270 29 22 D.
1512 2270 147 27 Drummond,
1671 2270 86 23 Nelson
1767 2270 88 23 Haven.

1312 2296 52 28 July
1375 2296 21 25 7,
1407 2298 60 21 1842.
1611 2304 9 22 -.
1661 2294 4 3 '
1679 2315 2 5 ,
1787 2316 2 4 .

1393 2345 3 11 :
1457 2342 109 21 Heifers
1580 2343 30 20 in
1625 2343 68 21 Calf.

1286 2374 87 48 FOR
1386 2373 89 28 SALE,-
1483 2374 69 21 about
1566 2375 28 21 50
1603 2375 101 27 superior
1713 2374 57 22 bred
1781 2373 88 28 heifers,

1343 2404 60 19 most
1418 2401 25 21 of
1454 2396 62 26 them
1529 2401 74 28 heavy
1613 2402 28 21 in
1658 2401 52 28 calf,
1719 2401 65 27 -and,
1787 2401 84 28 having

1284 2427 58 22 been
1360 2435 61 14 some
1435 2427 55 22 time
1503 2427 76 22 in>the
1599 2428 92 27 Colony,
1709 2431 40 18 not
1763 2428 73 25 liable,
1846 2431 24 18 to

1284 2454 67 21 suffer
1359 2455 58 21 from
1425 2454 38 22 the
1473 2454 76 22 effects
1558 2454 26 22 of
1594 2454 38 22 the
1649 2455 62 22 Toot.
1739 2455 48 22 The
1801 2455 69 22 above

1286 2481 65 22 cattle
1366 2488 44 15 can
1424 2481 28 22 be
1460 2479 4 18 ;
1468 2481 101 28 strongly
1580 2481 181 27 recomriiended,
1817 2481 54 28 they

1284 2507 58 22 have
1357 2508 58 21 been
1431 2507 97 22 selected
1542 2509 58 21 from
1616 2508 37 22 the
1669 2515 120 15 numerous
1803 2508 67 22 cattle

1285 2534 59 28 ships
1352 2535 73 22 which
1434 2535 57 21 have
1508 2535 88 22 arrived
1609 2536 60 21 here.
1698 2535 77 27 Apply
1789 2535 22 22 to
1824 2535 44 22 Mr.

1285 2561 95 28 Revans,
1395 2562 86 21 Gazette
1490 2561 71 28 office,
1573 2569 24 14 or
1606 2565 31 22 to,
1639 2562 45 22 Mr.
1695 2556 85 33 Hutke,
1789 2562 80 22 Evans'

1286 2587 55 28 Bay:

1311 2615 61 27 Also,
1382 2615 63 22 three
1455 2615 116 22 well-bred
1579 2615 104 22 mares.in
1692 2615 53 28 foal,
1757 2619 22 18 to
1789 2616 80 27 impor-

1284 2641 38 21 ted
1330 2641 83 22 horses.
1577 2651 3 3 ■
1718 2665 3 5 t

1377 2686 92 21 Union
1483 2681 80 26 Bank
1577 2686 31 21 of
1624 2687 149 20 Australia.

1283 2718 95 23 London
1396 2719 92 27 Office,
1503 2719 46 22 No.
1563 2721 36 25 33,
1684 2719 184 24 Broad-street.

1331 2748 99 33 'Capital,
1439 2744 124 34 jg800,00d;
1582 2750 53 28 paid
1643 2758 38 20 up,
1697 2752 117 26 £500,000.

1515 2789 110 13 DIRECTORS
1631 2789 5 13 :

1389 2806 113 26 George"'Fife
1508 2811 69 20 Angas,
1583 2811 51 20 Esq.,
1648 2818 2 9 i

1387 2832 69 17 Kobext
1462 2832 75 18 Brooks,
1547 2832 49 19 Esq.,

1389 2853 60 16 James
1457 2852 48 17 John
1512 2852 99 20 Cummins,
1615 2852 54 21 .Esq.,

1387 2873 75 20 Robert'
1462 2873 97 20 Gardener,
1570 2873 48 21 Esq.,
1629 2872 123 22 Manchester,

1387 2894 49 16 John
1444 2894 46 16 Gore
1505 2894 50 20 Esq.,

1387 2915 49 16 John
1442 2914 80 17 William
1528 2914 76 19 Buckle,
1610 2914 48 21 Esq.,

1376 2942 3 5 ■
1387 2935 96 21 Benjamin
1489 2935 22 17 E.
1517 2935 63 20 Lindo,
1589 2935 49 20 Esq.,
1660 2947 2 5 ,
1681 2946 2 3 ■

1387 2956 72 17 Charles
1467 2956 77 17 Edward
1551 2956 87 21 Mangles,
1646 2956 50 21 Esq.,
1714 2971 4 5 ,

1386 2977 115 20 Christopher
1508 2977 83 19 Rawson,
1600 2977 48 20 Esq.',
1660 2977 82 20 Halifax,
1791 2975 2 7 '

1387 2997 78 18 Thomas
1471 2997 64 20 Sands,
1543 2997 48 21 Esq.,
1599 2997 101 21 Liverpool,

1385 3018 62 17 James
1454 3018 60 21 Bogle'
1518 3018 64 19 Smith,
1585 3018 52 20 Esq.,
1687 3025 17 9 ■:
1736 3032 6 4 .

1385 3039 61 17 James
1453 3039 82 17 Buddell
1540 3038 56 20 Xodd,
1604 3039 43 19 Esq.

1284 3067 86 17 Trustees
1375 3071 6 12 :
1397 3067 84 16 George'
1489 3067 57 16 Carr
1558 3065 60 20 Glyn,
1631 3064 48 22 Es'q;,
1690 3066 54 17 Joav
1754 3067 62 19 Gore,
1825 3067 42 21 Esq.

1425 3088 37 16 and
1468 3087 72 18 James.
1542 3087 21 16 J.'
1566 3087 102 19 Cummins,
1678 3087 43 20 Esq.
1751 3092 11 10 i.

1281 3124 5 4 ■
1307 3114 91 17 Bankers:
1410 3115 75 16 Messrs.
1491 3114 63 19 Gi.yn,
1564 3114 115 19 Hailifax,
1687 3114 72 20 Mills,
1766 3114 36 17 and
1810 3115 30 17 Co.

1399 3143 101 20 Secretary:
1511 3142 84 17 Samvei.
1601 3142 96 19 Jackson,
1704 3142 43 20 Esq.

1370 3170 80 17 Colonial
1456 3171 95 20 Inspector
1556 3175 4 11 :
1571 3170 18 16 J.
1596 3170 19 16 C.
1620 3163 106 26 M'L'a'ren,
1734 3170 43 21 Esq.

1546 3201 55 5 __—
1673 3194 4 3 *
1686 3191 11 13 -j
1704 3193 3 4 *
1770 3191 11 13 J
1794 3192 2 4 '

1401 3219 69 20 New.
1487 3218 123 21 Zealand
1628 3217 116 21 Branch.

1280 3252 53 17 Local
1339 3251 92 18 Directors
1437 3257 4 12 :
1457 3251 77 19 Geo.,S.
1545 3251 73 19 Evans,
1630 3251 50 21 Esq.,
1692 3251 66 18 D.C.L.
1777 3253 36 16 and
1825 3253 40 17 Geo

1497 3272 93 19 Hunter,
1601 3269 71 23 Esqi-fe-.
1700 3274 11 10 '-
1738 3277 3 5 '
1808 3288 3 7 (

1280 3298 94 21 Manager:
1385 3298 49 17 John
1442 3298 72 18 Smith,
1521 3297 50 21 Esq.,
1577 3297 38 17 late
1622 3297 24 16 of
1650 3293 36 21 thY
1690 3298 116 18 Commercial
1813 3299 52 17 Ban];

1370 3326 3 10 111
1378 3326 2 6 1
1403 3320 3 4 '
1445 3319 21 16 of
1474 3318 89 21 England,
1575 3318 123 17 Manchester.
1749 3330 3 3 .
1784 3328 11 7 

1387 3344 113 23 Branches
1511 3347 24 19 at
1550 3344 97 27 Sydney,
1659 3365 5 4 
1748 3366 4 6 r
1800 3354 16 8 «■

1472 3382 4 7 .
1549 3370 174 28 HobartTown,

1534 3415 4 3 .
1551 3397 148 28 Lauhcestbri,
1711 3398 46 23 and
1827 3414 9 10 *

1550 3424 54 22 Port
1613 3424 81 28 Philip.

1280 3452 55 22 Port
1339 3451 131 28 Nicholson,
1475 3450 86 24 IVfarch
1570 3451 36 27 24,
1617 3447 62 27 18^0.
1705 3458 4 6 -

1280 3505 88 49 THE
1384 3505 116 27 directors
1516 3504 27 22 of
1685 3505 100 23 Zealand
1799 3506 70 24 Land.

1351 3530 123 30 Company'
1480 3531 84 27 hereby
1581 3531 51 27 give
1648 3532 82 26 notice,
1746 3532 50 23 that
1810 3533 52 29 they

1280 3559 52 22 have
1338 3566 114 15 effected
1461 3565 30 15 an
1502 3565 172 15 arrangement
1681 3558 99 23 with'the
1786 3559 76 25 Union

1280 3586 59 22 Bank
1353 3586 26 22 of
1395 3585 120 27 Australia,
1532 3584 44 22 No.
1592 3585 35 26 38,
1642 3585 45 21 Old
1702 3585 158 30 Broad-street,

1280 3613 97 26 London,
1386 3613 35 21 for
1430 3612 38 22 the
1481 3611 168 23 establishment
1662 3611 27 22 of
1702 3619 13 14 a
1731 3612 131 25 BRANCH

1280 3639 82 23 BANK
1376 3639 35 22 IN
1425 3638 76 29 NEHf
1510 3638 160 27 ZEALAND,
1684 3639 95 27 through
1789 3639 71 25 which

1280 3666 31 22 the
1319 3665 101 23 business
1432 3665 28 22 of
1471 3666 39 21 the
1524 3662 63 24 New'
1599 3664 102 23 Zealand
1712 3665 66 23 Land
1795 3667 65 23 Com-

1280 3700 53 21 pany
1340 3691 83 24 Will-be
1431 3688 136 35 transacted
1594 3688 178 27 TheHDirectors
1787 3693 72 25 there-

1280 3720 39 22 fore
1328 3715 177 26 recommend*?©
1521 3717 111 23 Colonists
1648 3718 38 22 the
1703 3719 76 23 Union
1794 3721 65 23 Bank

1280 3747 19 21 of
1316 3744 120 24 Australia'
1447 3752 24 15 as
1488 3752 32 15 an
1544 3744 169 23 establishment
1734 3749 125 28 possessing

1280 3773 48 22 ;heir
1344 3773 71 22 entire
1437 3771 138 28 confidence,
1595 3772 45 22 and
1658 3769 51 25 able
1727 3776 23 19 to
1767 3776 91 25 provide

1280 3796 123 31 iffectually'
1411 3799 36 22 for
1461 3798 39 22 the
1505 3798 115 22 'financial
1634 3802 71 19 wants
1722 3800 26 22 of
1759 3801 37 22 the
1812 3803 47 23 first

1280 3826 124 23 settlement.

1437 3852 35 27 By
1481 3852 68 21 order
1556 3852 28 21 of
1593 3851 38 22 the
1640 3852 81 28 Board,

1514 3885 92 22 JOHN-
1614 3885 105 28 WARD,
1735 3888 121 29 Secretary.

1280 3914 47 23 New
1335 3913 102 23 Zealand
1445 3911 66 24 Land
1519 3913 137 27 Company's
1665 3913 78 28 Office,

1298 3947 19 24 1,
1328 3946 160 25 Adam-street,
1499 3943 106 28 Adelphi,
1614 3944 54 24 27th
1677 3945 60 26 Aug.
1756 3947 59 24 1839.

2156 720 90 22 Seeds.
2248 713 18 17 r

1909 749 165 48 C\NSALEj
2086 754 24 19 at
2118 752 38 22 the
2166 753 85 22 Gazette
2255 755 77 29 Office,
2340 757 23 22 in
2368 759 119 25 quantities

1934 777 20 20 S
1983 779 23 19 to
2013 780 45 19 suit
2066 778 138 30 purchasers,
2214 781 38 22 the
2261 782 111 28 following
2381 785 106 23 seedsi—

1919 810 6 4 -
1933 804 76 20 Sword
2018 804 110 28 long-pod
2136 805 64 29 bean,

1935 828 193 30 Long-pod-bean,
2297 851 4 3 .
2320 833 2 4 '

1932 855 109 26 Speckled
2051 857 75 22 dwarf
2133 858 82 29 kidney
2224 861 66 28 bean,

1933 881 73 22 Broad
2015 882 66 28 bean,
2097 885 163 20 •'•:""

1933 907 73 22 Horse
2015 908 66 29 bean,

1933 934 85 22 Scarlet
2026 943 93 21 runner,
2131 947 4 6 -
2170 949 3 4 •

1932 960 67 28 Early
2009 961 110 24 .Warwick
2128 971 47 21 pea,

1932 986 67 28 Early
2008 988 118 24 Mazarine
2135 998 49 20 pea,

1930 1013 105 24 Prussian
2045 1014 52 24 blue
2107 1023 48 21 pea,

1932 1040 107 23 Nonsuch
2048 1049 50 20 pea,
2118 1057 2 4 .

1932 1066 56 22 Blue
1996 1068 103 28 imperial
2108 1076 49 21 pea,

1932 1091 178 29 Spani'shhdwarf
2115 1103 50 21 pea,
2173 1115 11 10 N

1932 1120 135 27 Large.cabb
2071 1128 41 21 age
2116 1122 94 29 lettuce,

1931 1146 131 23 Drumhead
2072 1148 99 28 cabbage
2179 1150 90 29 lettuce,

1932 1172 113 24 Battersea
2055 1175 106 27 cabbage,

1930 1199 130 24 Drumhead
2069 1202 107 28 cabbage,

1930 1226 50 22 Red
1989 1226 75 23 Dutch
2075 1228 105 29 cabbage,

1930 1252 94 23 Puller's
2033 1254 62 27 early
2105 1255 105 30 cabbage,

1930 1279 104 23 Prussian
2043 1281 68 22 white
2121 1284 80 26 turnip,

1930 1306 85 23 Yellow
2026 1308 78 21 Swede
2116 1310 82 28 turnip,

1931 1333 79 27 Purple
2021 1337 36 24 top
2068 1334 78 23 Swede
2149 1337 88 28 -turnip,

1929 1359 75 23 White
2013 1363 65 19 stone
2090 1362 82 28 turnip,

1930 1386 75 22 White
2013 1386 58 23 horn
2080 1388 82 28 turnip,

1924 1413 77 24 .Silver
2009 1413 81 23 leaved
2099 1414 57 28 beet,

1929 1440 50 21 Red
1987 1440 58 27 beet,

1929 1466 110 28 Mangold
2050 1468 96 28 wurtsel,
2257 1466 12 18 ■*

1929 1493 143 26 Altringham
2081 1498 81 25 carrot,

1929 1519 68 27 Early
2005 1520 58 22 horn
2073 1526 81 23 carrot,
2167 1529 3 4 ■

1929 1546 65 28 Long
2004 1554 82 22 orange
2097 1552 79 24 carrot,

1928 1573 75 22 White
2013 1574 109 28 mustard,

1929 1599 81 22 Curled
2019 1607 67 21 cress,

1928 1626 65 27 Long
2001 1627 82 22 scarlet
2090 1628 82 28 radish,

1928 1652 74 23 White
2012 1654 75 28 turnip
2095 1654 81 28 radish,

1928 1679 50 22 Red
1986 1680 75 25 turnip
2070 1680 89 29 radish,'
2288 1694 2 6 >
2381 1691 5 7 i
2421 1691 3 4 ■

1929 1706 133 27 Strasburgh
2071 1707 76 28 onion,

1928 1733 81 22 Brown
2019 1734 99 27 Spanish
2125 1735 73 27 onion,

1928 1759 98 29 Parsnip,

1929 1787 83 21 Curled
2020 1787 97 29 parsley,

1930 1813 73 22 Green
2015 1814 77 22 curled
2105 1815 86 28 endive,

1929 1840 108 23 Batavian
2046 1841 89 28 endive,

1930 1866 68 28 Leek,
2091 1878 4 3 ■
2128 1873 3 6 '

1901 1917 64 26 Ship
1980 1917 84 22 Hotel
2078 1919 22 20 &
2114 1919 115 26 Tavern,
2245 1922 130 22 Manners
2390 1924 97 26 Street,

2049 1951 44 22 BY
2107 1952 85 22 JOHN
2206 1954 132 28 FULLER,

1902 1983 79 20 WINES,
1994 1985 95 21 SPIRITS,
2101 1986 46 15 AND
2156 1986 62 16 MALT
2228 1988 98 16 LIQUORS
2336 1989 27 15 OF
2374 1990 113 16 SUPERIOR

2139 2013 107 16 QUALITY.
2266 2013 3 4 '

1973 2030 157 23 Commodious
2139 2039 75 19 rooms,
2223 2034 52 22 with
2284 2035 61 26 good'
2349 2036 64 23 beds.

1928 2061 92 30 Dinners
2038 2063 38 24 got
2096 2063 63 26 ready
2179 2070 25 14 on
2271 2067 91 21 shortest
2381 2069 76 20 notice.

1980 2094 32 15 AW
2022 2094 121 16 ORDINARY
2152 2096 71 16 DAILY
2233 2099 29 15 AT
2270 2093 15 20 2
2302 2093 103 22 O'CLOCK.

2036 2133 88 21 Town
2141 2135 31 20 of
2183 2135 166 24 Manewatu.

1902 2165 92 50 THE
2015 2165 216 25 PROPRIETORS
2255 2170 26 21 of
2304 2171 38 22 the
2361 2172 61 23 three
2436 2175 49 22 first

1989 2192 89 23 choices
2093 2200 14 15 a
2107 2196 9 19 t
2125 2195 38 21 the
2180 2194 44 23 last
2238 2196 104 24 selection
2353 2199 26 21 of
2393 2206 93 22 country

1900 2220 70 25 lands,
1984 2220 84 27 having
2088 2220 138 24 determined
2239 2230 61 20 upon
2314 2225 39 22 the
2370 2227 40 21 site
2423 2228 36 21 for
2473 2237 14 13 a

1914 2246 94 22 TOWN
2023 2246 45 22 ON
2081 2247 65 23 THE
2161 2244 188 32 MANEWa.TU
2363 2253 100 24 RIVER

1900 2273 56 22 after
1961 2274 79 20 several
2047 2274 61 21 visits
2116 2277 23 19 to
2147 2275 38 21 the
2193 2276 186 31 neighbourhood,
2391 2281 46 22 and
2446 2272 39 32 tb'e

1899 2303 58 18 most
1975 2300 87 22 careful
2080 2301 46 21 and
2143 2302 84 22 minute
2246 2305 150 23 examination
2410 2308 26 21 of
2448 2308 38 23 the

1900 2330 71 18 entire
1987 2328 92 27 district,
2096 2328 65 22 aided
2177 2329 31 27 by
2216 2328 38 23 the
2268 2332 145 26 professional
2426 2335 50 22 skill

1899 2353 137 28 knowledge,
2056 2354 46 22 arid
2115 2355 131 28 experience
2261 2357 26 22 of
2298 2358 37 22 the
2350 2364 61 19 most
2424 2369 61 15 com-

1899 2383 77 24 petent
1983 2380 89 28 judges,
2088 2389 93 20 propose
2195 2386 24 18 to
2236 2383 53 23 offer
2299 2385 34 22 for
2349 2386 102 29 disposal,
2462 2393 24 18 at

1905 2423 3 6 .
1916 2422 3 8 i
1991 2412 3 4 '
2041 2411 46 18 -toe
2101 2411 88 24 present
2197 2409 68 26 time,*
2269 2411 68 22 about

1900 2434 218 24 TWENTY-FIVE
2153 2435 106 28 ACRES,
2297 2438 36 22 IN
2370 2440 115 25 ALLOT-

1900 2460 112 28 MENTS,
2028 2461 86 22 EACH
2136 2462 39 22 OF
2199 2463 63 23 ONE
2283 2465 148 25 QUARTER
2445 2469 39 22 OF

2116 2488 46 22 AN
2177 2489 90 23 ACRE.

1926 2514 46 22 The
1982 2517 49 25 spot
2039 2515 58 25 thus,
2101 2514 96 23 selected
2208 2524 110 20 possesses
2326 2518 39 23 the
2373 2524 63 19 most-
2447 2529 39 15 ex-

1899 2542 85 21 tensive
1998 2542 102 27 frontage
2114 2544 23 20 to
2154 2542 56 28 deep
2222 2547 69 19 water
2305 2545 26 22 of
2341 2554 45 21 any
2401 2556 28 14 on
2447 2549 38 22 the

1898 2568 64 22 river.
1992 2568 21 21 It
2031 2568 19 22 is
2070 2569 103 21 situated'
2180 2569 50 27 just
2241 2573 23 19 at
2280 2571 53 23 that'
2346 2575 64 26 point
2426 2576 59 23 from

1961 2594 77 26 which,
2043 2602 14 14 a
2066 2595 55 21 road
2125 2595 80 23 -would
2213 2597 85 23 branch
2308 2599 33 22 off
2347 2604 23 18 to
2379 2601 38 22 the

1900 2629 94 14 WOODED
2017 2629 47 14 AND
2086 2629 96 15 FERTILE
2203 2631 117 17 DISTRICTS
2339 2634 77 17 ALONG
2440 2637 45 15 THE

2069 2656 56 14 BASE
2139 2656 28 15 OF
2180 2657 47 15 THE
2241 2658 75 21 HILXS,
2331 2662 3 5 •

1900 2674 42 22 and
1956 2674 70 22 above
2035 2674 74 22 which
2118 2676 38 21 the
2170 2677 129 26 navigation
2311 2679 36 23 for
2355 2681 82 23 vessels
2446 2683 40 22 be-

1900 2709 73 14 comes
1983 2702 86 26 tedious,
2079 2703 25 25 if
2107 2705 38 18 not
2154 2703 95 27 difficult.
2278 2705 22 22 It
2305 2705 19 23 is
2330 2702 110 29 therefore
2447 2710 37 22 the

1932 2747 3 3 .
1952 2752 4 5 t
1979 2748 3 4 .
2097 2730 63 27 point
2168 2731 73 22 where
2252 2731 36 23 the

1900 2761 88 22 LAND
2003 2762 68 22 AND
2087 2763 112 23 WATER
2213 2765 164 25 CARRIAGE
2391 2768 92 25 MEET.

1899 2788 44 22 and
1953 2789 73 22 where
2035 2797 20 14 a,
2059 2789 70 23 Town
2145 2798 60 15 must
2220 2799 29 15 be
2263 2800 91 16 formed
2370 2796 66 22 when
2446 2797 38 22 the

1900 2815 84 22 district
1999 2815 19 22 is
2027 2816 88 23 settled.
2144 2816 23 23 It
2175 2825 45 16 was
2230 2819 96 23 selected
2342 2822 31 26 by
2382 2822 37 22 the
2432 2824 53 22 Sur-

1900 2843 79 26 veying
1989 2843 59 21 Staff
2059 2851 26 14 as
2095 2844 37 21 the
2140 2845 138 23 rendezvous
2286 2846 109 24 for'their
2407 2850 62 27 body
2478 2858 5 6 •

1900 2869 42 22 and
1952 2869 40 22 has
2001 2870 59 21 been
2069 2877 51 16 now
2133 2870 77 28 found,
2220 2872 58 22 after
2287 2874 86 22 several
2388 2877 96 22 months'

1898 2895 103 28 location,
2013 2896 27 21 to'
2049 2897 29 21 be
2087 2897 38 21 the
2134 2902 58 17 most
2206 2898 164 28 advantageous
2379 2903 103 28 position,

1899 2922 57 22 from
1972 2923 27 21 its
2013 2923 99 27 peculiar
2132 2924 85 28 facility
2233 2925 26 22 of
2269 2927 112 27 approach
2391 2928 54 23 both
2453 2930 31 26 by

1898 2949 57 22 land'
1961 2949 45 22 and
2014 2953 76 18 water.

1926 2976 28 21 In
1965 2976 154 22 confirmation
2128 2977 27 21 of
2159 2977 38 22 the
2207 2978 130 29 superiority
2347 2981 27 22 of
2380 2981 44 23 this
2433 2987 50 23 spot

1898 3010 53 14 over
1959 3010 46 20 any.
2013 3003 65 22 other
2086 3006 38 24 yet
2132 3003 89 29 known,
2233 3004 37 23 the
2280 3006 90 23 Messrs.
2378 3008 104 29 Kebbell,

1898 3029 61 21 after'
1973 3029 37 22 the
2024 3030 155 22 'examination
2196 3032 28 21 of
2239 3029 114 28 th'e,.river
2358 3053 3 6 ,
2367 3034 58 24 from
2444 3036 37 22 the

1898 3055 89 22 Paneiri
1996 3056 48 21 Pah
2053 3058 25 20 to
2086 3057 29 21 its
2123 3058 86 26 mouth,
2220 3058 139 25 determined
2372 3069 29 15 on
2412 3067 70 19 erect-

2135 3083 38 28 ing
2186 3084 59 23 their

1897 3116 68 21 SAW
1978 3116 81 23 MILL
2080 3116 230 25 IMMEDIATELY
2323 3120 158 27 OPPOSITE.

1897 3142 48 23 The
1962 3143 83 22 works;
2052 3143 26 21 of
2092 3143 49 22 that
2160 3144 167 24 establishment
2344 3155 40 15 are
2400 3153 24 20 at
2439 3151 44 22 this

1897 3172 100 19 moment
2015 3169 24 22 in
2053 3170 65 27 rapid
2131 3177 109 22 progress,
2256 3173 43 22 and
2318 3173 52 28 the,.
2373 3178 108 25 proposed

1896 3196 70 22 Town
1974 3196 189 29 will-necessarily
2166 3196 96 29 partake'
2266 3200 26 22 of
2296 3201 44 22 this
2349 3201 131 30 advantage.

1924 3223 50 25 The.
1991 3223 94 22 nucleus
2099 3224 26 21 of
2140 3231 13 14 a
2170 3225 71 22 Town
2254 3226 27 28 is,
2290 3226 24 23 in
2327 3226 53 30 fact,'
2391 3229 90 28 already

1897 3250 95 25 created;
2002 3250 31 26 by
2042 3250 39 21 the
2091 3252 173 22 concentration'-
2271 3253 26 23 of
2299 3267 5 5 «
2309 3254 38 22 the
2357 3256 124 28 Surveying

1897 3276 58 26 S.taff
1961 3283 29 15 on
2000 3276 50 22 that
2059 3280 55 24 spot,
2120 3278 29 20 fes
2159 3275 121 30 tHePcentyre
2290 3282 36 24 ,of,
2331 3283 149 22 communica-

1897 3304 46 21 tion
1953 3305 23 19 to
1986 3302 37 22 the
2034 3304 149 27 surrounding
2191 3304 99 31 district;
2295 3305 47 25 'the
2351 3309 97 22 erection
2457 3311 27 21 of

1895 3330 92 22 Messrs'.
1998 3330 118 22 Kebbell's
2130 3331 129 27 Saw.Mills
2268 3332 102 29 'opposite
2376 3342 8 19 ,•
2398 3335 31 28 by
2441 3336 38 23 the

1896 3360 165 24 arrangements
2075 3357 34 22 for
2124 3365 30 14 an
2169 3360 114 22 extensive
2293 3361 97 21 General
2401 3362 77 29 Store;

1896 3384 46 21 and
1949 3384 75 27 by.the
2034 3384 46 21 late
2089 3384 133 33 application
2228 3387 55 21 fotfa
2288 3386 107 24 Licensed
2401 3389 77 22 House

1895 3417 29 15 on
1932 3410 38 22 the
1979 3413 52 25 part
2039 3411 25 21 of
2076 3418 30 14 an
2114 3411 127 23 individual'
2250 3412 49 22 who
2312 3411 50 30 has?
2370 3414 61 23 since
2441 3416 38 23 the

1894 3437 119 22 formation
2031 3437 26 22 of
2072 3437 37 22 the
2125 3439 90 27 Colony,
2222 3439 104 26 'pursued
2341 3443 20 18 a'
2372 3441 106 24 lucrative

1895 3462 126 35 trade^with
2030 3464 39 22 the
2079 3464 93 28 natives,'
2182 3465 46 22 and
2238 3465 71 22 whose
2318 3466 132 30 knowledge
2457 3471 26 21 of

1895 3490 37 22 the
1942 3490 137 28 advantages
2088 3492 27 21 of
2121 3492 37 22 the
2166 3492 101 27 position,
2274 3494 117 27 prompted
2399 3495 48 23 him
2457 3500 23 19 at

1895 3524 60 15 once,
1961 3521 23 19 to
1991 3519 76 24 prefer
2076 3518 48 22 that
2135 3518 141 27 application.
2288 3521 5 4 '

1921 3544 49 28 The.
1979 3545 95 22 Natives
2079 3545 39 28 by
2125 3545 73 21 whom
2212 3544 45 22 this
2265 3545 53 23 land
2329 3554 46 16 was
2384 3548 94 24 claimed

1893 3577 40 19 are,
1941 3572 61 27 quite
2011 3572 110 27 prepared
2128 3574 23 18 to
2158 3570 51 28 give
2215 3574 167 28 upjiossession,
2389 3576 45 22 and
2440 3584 37 15 are

1893 3596 146 31 exceedingly
2049 3599 92 21 anxious
2153 3600 23 19 to
2191 3597 57 23 have
2258 3605 13 15 a
2280 3599 118 30 European
2407 3610 69 21 popu-

1890 3624 70 22 lation
1970 3632 83 21 among
2062 3625 66 26 them,
2140 3624 83 28 having
2239 3625 56 23 been
2304 3634 59 20 upon
2374 3628 37 22 the
2419 3634 59 18 most

1890 3651 99 30 friendly
1993 3652 88 26 fobting
2090 3650 52 23 with
2151 3650 38 22 the
2200 3652 125 28 Surveying
2335 3654 58 22 Staff
2398 3653 81 32 during

1889 3678 39 23 the
1937 3679 49 23 four
1996 3686 24 16 or
2029 3679 45 22 five
2082 3676 88 24 months
2179 3678 55 27 they
2250 3678 59 23 have
2315 3685 3 4 '
2325 3679 57 24 been
2391 3681 90 25 located

1889 3705 70 23 there.
2119 3721 4 5 -
2236 3718 4 3 ■
2288 3727 3 4 .
2303 3718 20 10 v
2384 3725 5 7 ,
2405 3710 12 12 '"-
2470 3710 10 17 '«

1918 3733 33 22 As
1961 3729 37 25 the
2005 3730 137 29 Proprietors
2151 3737 94 21 purpose
2254 3735 23 19 to
2286 3732 88 29 dispose
2383 3736 26 22 of
2415 3736 40 23 but
2464 3746 14 14 a

1890 3759 85 23 limited
1989 3758 89 26 portion
2093 3757 26 22 of
2130 3756 38 23 the
2183 3758 69 22 Town
2269 3762 23 18 at
2307 3765 96 24 present,
2424 3763 55 29 they

1889 3786 79 27 pledge
1977 3784 134 24 themselves
2118 3784 55 26 that,
2184 3787 23 19 at
2215 3791 30 15 no
2264 3786 73 22 future
2346 3788 63 28 sales,
2420 3791 58 23 shall

1891 3813 37 22 the
1939 3813 127 22 allotments
2074 3810 28 22 be
2112 3813 39 25 put
2156 3818 31 20 up
2197 3814 24 18 at
2229 3819 14 15 a
2252 3808 167 30 iesssurivthan
2428 3824 50 17 now

1890 3839 89 23 offered.
2086 3859 3 5 ,
2149 3858 2 3 .
2199 3857 16 9 
2237 3860 4 3 ,
2272 3858 4 6 ,
2298 3842 45 21 'i:
2453 3855 2 9 ,

1916 3868 22 22 A
1957 3866 131 26 Prospectus
2107 3864 46 22 and
2172 3864 62 23 Plan
2248 3866 27 22 of
2287 3866 38 23 the
2343 3868 69 24 Town
2431 3872 49 23 will

1889 3893 84 28 shortly
1982 3892 27 22 be
2019 3890 69 28 ready
2097 3890 35 22 for
2139 3890 125 28 inspection
2278 3895 23 20 at
2313 3893 39 24 the
2363 3895 82 26 Offices
2454 3899 29 23 of

1890 3921 88 22 Messrs.
1990 3918 70 22 Waitt
2067 3917 47 23 and
2123 3918 75 28 Tyser,
2210 3918 31 23 Te
2250 3918 54 26 Aro.
2368 3938 6 4 ,
2414 3929 5 3 -
2459 3923 6 4 *
2486 3934 2 1 ■

1916 3946 146 27 Wellington,
2073 3944 64 29 April
2146 3946 35 27 22,
2192 3947 60 22 1342.
