2520 4020
687 1005 50 24 The
747 1005 111 24 schooner
870 1004 160 33 Shepherdess,
1042 1004 88 24 arrived
1147 1003 90 32 yester-i

653 1039 51 30 day,
715 1039 57 22 from
785 1038 101 31 Sydney.
922 1038 48 23 She
982 1037 64 23 made
1058 1037 37 23 the
1107 1045 92 23 passage
1207 1038 26 22 in

653 1071 102 24 fourteen
774 1071 65 30 days,
859 1071 44 24 and
922 1071 21 23 is
962 1070 38 23 the
1020 1075 107 26 property
1145 1070 24 24 of
1185 1070 47 24 Mr.

654 1104 103 29 Shultze,
778 1105 25 23 of
820 1105 83 30 Otago,
924 1105 50 22 who
992 1111 62 15 came
1070 1111 121 24 passenger
1211 1104 24 23 in

654 1138 48 29 her,
713 1137 161 32 accompanied
884 1138 31 30 by
926 1138 91 22 Messrs
1035 1136 51 24 Rae
1097 1137 44 23 and
1153 1136 78 31 Lang-

654 1171 52 23 don.
741 1171 44 23 We
795 1170 56 24 hear
861 1170 63 24 dates
936 1174 24 19 to
972 1178 14 15 a
1000 1169 45 24 late
1053 1169 79 31 period
1140 1170 28 23 in'
1174 1169 60 31 July,

654 1204 44 23 had
710 1204 56 22 been
783 1204 104 23 received
898 1208 24 19 at
941 1202 93 31 Sydney
1044 1202 59 24 from
1120 1198 114 36 England.

655 1237 51 23 The
717 1237 53 30 only
780 1238 125 30 important
915 1237 56 22 item
992 1235 24 23 of
1025 1235 126 31 European,
1165 1244 68 21 news,

654 1277 34 16 we
698 1270 57 23 have
774 1270 114 29 obtained,
906 1270 21 22 is
939 1270 39 22 the
991 1268 64 24 death
1069 1269 25 23 of
1110 1268 43 24 the'
1167 1269 70 23 eldest

656 1310 42 16 son
710 1303 23 22 of
749 1303 38 23 the
806 1303 67 31 King
890 1303 25 23 of
930 1303 97 22 France.
1063 1301 51 24 The
1133 1302 69 23 Duke
1214 1301 23 24 of

657 1336 97 23 Orleans
772 1341 47 18 met
836 1336 37 23 his
881 1341 3 6 '
893 1336 67 23 death
973 1335 29 30 by
1015 1335 113 30 throwing
1145 1334 92 25 himself

652 1369 61 25 irom
723 1369 37 24 his
772 1369 108 31 carriage,
892 1369 67 24 while
969 1367 38 25 the
1025 1368 78 23 horses
1114 1376 59 16 were
1183 1375 54 16 run-

655 1403 57 30 ning
722 1410 62 23 away
795 1402 55 23 with
861 1403 26 23 it.
901 1425 2 3 .
923 1402 37 23 As
974 1401 30 24 he
1015 1400 41 24 has
1072 1400 43 24 left
1126 1409 28 16 an
1164 1401 73 23 infant

658 1443 49 21 son,
726 1435 44 24 and
783 1435 73 24 Louis
993 1435 20 22 is
1013 1428 3 14 1
1027 1434 73 23 stated
1112 1438 22 19 to
1152 1434 28 24 be
1190 1434 24 24 in
1225 1442 12 15 a

656 1468 125 31 dangerous
795 1472 59 20 state
866 1468 29 23 of-
899 1466 87 30 health,
1007 1467 88 24 France
1108 1467 45 24 will
1164 1468 24 23 in
1207 1466 30 25 all

657 1501 134 31 probability
802 1501 30 23 be
847 1501 115 31 governed
982 1500 30 31 by
1024 1498 20 26 a'
1056 1499 111 33 Regent,,
1176 1504 22 20 at
1208 1508 29 16 no

658 1535 84 23 distant
753 1534 60 24 date.

692 1587 49 24 The
753 1587 111 24 schooner
880 1587 94 28 Sisters,
988 1586 58 24 from
1058 1586 92 24 Hobart
1159 1586 78 30 Town,

658 1621 37 23 via
713 1621 94 29 Nelson,
831 1621 88 23 arrived
936 1619 127 32 yesterday,
1071 1628 3 12 :
1081 1619 46 24 and
1143 1620 95 31 brought

658 1653 86 24 Nelson
761 1653 139 24 Examiners
920 1654 30 23 of-
963 1653 38 22 the
1023 1652 57 25 19th
1101 1653 137 29 November,

658 1687 41 23 but
711 1695 23 15 as
755 1694 32 16 we
804 1687 58 23 have
874 1691 39 19 not
931 1685 103 27 received
1055 1693 41 16 our
1114 1687 81 30 copies,
1209 1693 29 17 we

659 1727 37 16 are
706 1724 40 19 not
755 1720 49 23 able
817 1724 23 19 to
853 1724 113 19 comment
978 1726 29 16 on
1018 1720 31 22 its
1060 1722 113 21 contents.

693 1778 50 23 The
755 1778 52 31 only
818 1777 74 24 vessel
903 1785 29 15 on
944 1777 39 23 the
995 1776 65 23 berth
1072 1780 24 19 at
1107 1776 92 31 Sydney
1206 1777 34 23 for

660 1810 45 24 this
724 1811 62 31 place
804 1818 47 15 was
870 1810 38 23 the
926 1810 52 29 brig
989 1806 131 33 Margaret,
1140 1809 44 24 and
1201 1809 39 24 she

659 1852 46 16 was
724 1848 22 19 to
766 1844 42 23 sail
825 1844 26 23 in
869 1843 69 24 about
954 1842 64 25 three
1035 1842 77 24 weeks
1131 1842 56 25 after
1204 1843 36 23 the

661 1876 158 31 Shepherdess.

1259 132 89 31 against
1357 140 37 21 us,
1407 132 79 23 and-in
1493 132 45 23 this
1548 132 68 23 claim
1628 136 23 20 to
1658 133 112 23 encroach
1780 141 62 24 upon

1259 164 75 31 public
1346 165 61 28 land,
1418 172 33 16 we
1463 164 132 24 considered
1606 172 33 16 we
1651 172 63 17 were,
1722 165 100 25 afforded
1829 174 15 15 a

1259 205 53 23 very
1323 197 43 23 fair
1378 198 145 31 opportunity
1534 197 25 24 of
1577 198 102 31 snowing
1696 198 40 23 the
1747 198 102 28 delicate,

1260 231 132 23 sentiments
1404 231 30 31 by
1444 230 74 24 which
1529 228 26 25 a's
1566 238 14 16 a
1590 224 84 37 public,
1678 238 62 21 man,
1758 231 37 23 he-
1799 231 44 24 had

1260 263 66 31 been,
1339 264 110 28 actuated,
1469 263 46 24 and
1536 270 34 17 we
1595 263 47 24 still
1659 264 112 23 maintain
1794 264 50 24 that

1261 296 103 23 evidence
1374 297 22 23 is
1408 296 88 24 wanted
1507 300 22 19 to
1548 296 64 23 show
1623 296 50 24 that
1733 296 59 24 have
1804 301 40 19 not

1371 337 13 15 a
1395 337 65 23 gross
1469 328 58 31 job.'

1257 367 4 18 r
1293 361 49 24 Mr.
1363 362 98 24 Hanson
1473 362 82 22 admits
1567 362 49 22 that
1636 362 29 22 he
1675 362 64 23 filled
1755 362 86 24 incom-

1260 394 84 30 patible
1361 395 84 29 offices^
1463 394 45 24 and
1517 394 31 23 he
1564 395 77 30 being,
1645 402 73 16 aware
1729 395 50 23 that
1789 395 60 30 they,

1261 434 63 16 were,
1329 430 38 26 so/
1374 428 66 23 made
1446 424 122 33 hinvagfee
1576 432 22 18 to
1606 432 37 19 act
1650 435 29 15 on
1685 427 80 24 behalf
1769 427 26 23 of
1799 428 53 28 ,the*

1263 459 117 32 Company
1382 460 64 24 <-with
1459 459 145 29 reluctance..
1646 460 35 23 To
1690 460 83 32 justify
1794 461 48 23 Mr.

1262 492 98 24 Hanson
1377 494 19 22 it
1413 492 75 25 would
1505 493 28 23 be
1551 500 122 24 necessary
1684 493 158 30 to|shewsthat

1261 525 29 23 he
1301 522 46 27 arid
1356 526 29 24 he
1392 526 78 29 -alone,
1481 534 55 26 was^
1541 525 108 31 qualified
1663 533 84 24 among
1757 519 40 31 all'
1806 527 43 24 the,

1261 565 52 17 men
1323 560 25 22 in
1360 559 58 24 Port
1430 559 126 24 Nicholson
1566 563 153 27 to'represent
1728 559 38 24 the
1775 559 69 24 Com-

1261 598 65 25 pany
1331 591 83 32 during
1427 592 94 24 Colonel
1531 591 129 24 Wakefield
1662 591 27 24 V
1693 591 97 25 absence
1799 601 6 20 ;
1820 600 24 16 or

1261 628 24 19 at
1294 624 59 24 least
1363 626 25 23 of
1404 625 31 24 all
1445 626 39 23 the
1494 633 53 16 men
1563 624 50 24 who
1634 624 74 32 might
1728 625 28 24 be
1775 625 75 23 found-

1262 656 86 33 willing
1359 661 23 20 to
1394 663 45 19 act.
1524 663 2 4 '

1294 690 52 23 Our
1356 699 82 16 reason
1452 692 36 23 for
1498 695 42 20 not
1557 690 136 32 expressing
1703 690 40 24 the
1754 690 90 32 disgust

1261 730 33 16 we
1314 724 147 30 experienced
1479 729 24 18 at
1521 724 45 24 the.
1579 729 63 23 tune,
1654 724 77 23 before
1750 731 62 22 now,
1824 725 20 22 is

1261 756 49 23 that
1320 756 39 23 the
1369 761 78 20 events
1467 757 74 24 which
1559 757 122 31 generated
1700 758 20 22 it
1736 764 59 16 were
1807 760 43 20 not'

1261 789 26 23 of
1295 797 13 15 a
1318 789 77 32 public
1406 794 98 25 nature;
1515 790 41 27 ripr
1567 790 75 23 would
1656 790 53 31 they
1719 787 57 27 have
1787 790 59 23 been

1263 822 89 24 alluded
1364 827 21 19 to
1406 823 25 23 in
1448 823 50 24 that
1518 823 78 24 article
1615 822 46 24 had
1677 830 34 16 we
1730 823 41 23 riot
1788 830 55 16 con-

1262 855 86 25 sidered
1356 856 55 31 they
1417 856 74 24 would
1499 856 62 24 show
1566 856 50 23 that
1624 856 38 23 the
1670 856 176 23 circumstances

1263 889 24 22 of
1301 889 39 24 the
1344 903 3 10 1
1353 894 100 19 moment
1474 889 45 24 had
1536 889 104 31 strongly
1660 889 126 31 impressed
1806 896 40 16 our

1262 929 107 24 memory.
1407 922 49 24 The
1469 927 48 19 acts
1535 922 75 23 which
1627 929 57 24 gave
1701 929 28 16 us
1739 930 27 15 so
1777 922 70 23 much

1263 954 84 25 offence
1359 964 58 15 were
1429 955 125 24 theuseof
1565 955 57 24 rude
1634 955 212 31 expressions,con-

1263 988 93 31 cerning
1366 989 40 23 the
1417 993 60 20 town
1488 981 54 39 plan
1551 989 25 23 of
1586 988 38 24 the
1637 988 206 31 Surveyor-Gene-

1257 1021 39 27 ral
1314 1025 23 20 to
1355 1022 48 23 him
1419 1022 82 23 before:
1514 1022 38 24 the
1563 1022 85 31 public,
1667 1021 77 24 which'
1751 1022 29 23 he
1792 1030 55 22 very

1262 1054 104 31 properly
1378 1056 86 22 treated
1473 1056 57 22 with'
1543 1055 38 23 the
1597 1055 85 23 silence
1695 1056 19 22 it
1721 1054 108 24 deserved
1838 1063 6 21 ;

1263 1087 37 23 the
1312 1087 85 24 careful
1407 1096 94 15 manner
1513 1089 23 22 in
1546 1088 75 23 which
1633 1087 47 25 Mr.
1692 1087 99 24 Hanson
1806 1087 40 24 ali-

1385 1120 59 24 from
1465 1121 80 30 giving
1562 1121 39 23 the
1620 1121 228 31 Surveyor-General

1264 1153 37 23 the
1312 1158 95 27 support
1418 1158 23 19 to
1459 1153 81 29 which,
1553 1161 33 16 as-
1596 1161 17 15 a
1629 1153 76 24 fellow
1723 1158 92 20 servant
1825 1155 25 23 of

1264 1186 37 23 the
1314 1186 126 32 Company,
1451 1187 30 24 he
1491 1195 47 15 was
1558 1186 102 28 entitled,
1672 1186 44 24 and
1728 1186 73 23 which
1813 1195 32 15 we

1263 1226 49 16 now
1329 1219 81 32 gather
1428 1220 58 24 from
1503 1220 38 23 the
1561 1219 67 24 letter
1645 1220 25 22 in
1688 1220 38 22 the
1748 1219 101 23 Colonist

1263 1260 46 15 was
1320 1253 133 24 occasioned
1462 1254 31 30 by
1505 1253 38 23 the
1562 1252 132 23 anomalous
1705 1253 99 31 position
1823 1254 23 21 in

1265 1285 71 23 which
1348 1285 29 24 he
1389 1286 93 24 allowed
1493 1285 94 25 himself
1601 1290 24 19 to
1641 1285 28 24 be
1688 1285 80 32 placed
1776 1294 6 19 ;
1804 1285 44 24 and

1263 1318 85 32 finally,
1361 1319 34 23 his
1403 1320 78 30 giving
1488 1323 42 20 two
1539 1319 112 31 opposing
1660 1319 104 31 opinions
1771 1319 24 22 in
1808 1319 38 23 the

1267 1352 77 31 public
1352 1360 64 16 room
1427 1353 24 23 in
1461 1352 39 24 the
1510 1360 62 16 same
1583 1352 82 23 breath
1672 1361 7 20 ;
1699 1352 39 23 the
1755 1352 52 23 first
1824 1360 25 15 as

1268 1385 138 31 Company's
1418 1386 85 31 Agent,
1517 1385 43 24 and
1573 1385 38 24 the
1623 1385 45 23 last
1686 1393 25 16 as
1731 1393 14 15 a
1761 1385 88 31 private

1266 1418 86 31 Agent.
1387 1418 45 24 We
1441 1419 57 23 need
1519 1418 79 31 hardly
1610 1418 45 24 add
1665 1418 50 24 that
1733 1418 38 23 the
1782 1418 67 24 latter

1266 1458 44 16 was
1329 1452 124 23 calculated
1472 1452 96 30 entirely
1579 1456 23 19 to
1621 1451 93 32 destroy
1726 1451 38 24 the
1784 1451 67 24 effect

1267 1484 31 24 of'
1305 1484 39 24 the
1354 1485 84 23 former
1448 1486 100 30 opinion.

1300 1517 39 24 On
1350 1518 93 31 reading
1454 1519 38 22 the
1504 1519 66 23 claim
1581 1522 37 19 set
1636 1526 32 24 up
1677 1518 32 32 by
1720 1518 49 24 Mr.
1782 1517 68 24 Han-

1267 1558 48 21 son,
1326 1559 35 15 we
1376 1552 94 23 became
1491 1552 134 31 acquainted
1645 1552 55 23 with
1718 1552 20 22 it
1754 1552 36 23 for
1811 1551 40 23 the

1266 1585 50 22 first
1327 1585 62 23 time.
1427 1584 118 32 Thinking
1562 1585 51 23 that
1634 1585 57 24 such
1702 1592 30 16 an
1743 1592 108 23 arrange-

1267 1621 62 19 ment
1340 1618 74 30 might
1423 1618 58 23 have
1494 1618 68 24 taken
1573 1618 64 31 place
1649 1626 26 16 as
1685 1618 76 24 would
1773 1618 78 22 entitle

1268 1650 46 23 him
1326 1655 23 18 to
1361 1651 37 23 the
1418 1651 54 24 land
1490 1651 104 29 claimed,
1606 1651 88 31 though
1713 1659 34 15 we
1758 1651 46 23 had
1816 1655 34 19 at-

1269 1683 88 30 tended,
1360 1689 76 26 pretty
1454 1684 127 31 constantly
1602 1684 83 31 during
1703 1684 40 24 the
1764 1684 88 24 discus-

1268 1717 61 23 sions
1342 1717 69 24 about
1421 1717 37 24 the
1470 1717 61 29 land,
1543 1725 34 16 we
1594 1718 66 23 made
1679 1719 20 22 it
1710 1717 38 24 the
1765 1717 88 31 subject
1856 1726 2 7 1

1270 1750 24 23 of
1315 1752 155 22 conversation
1488 1751 55 23 with
1560 1758 69 24 many
1646 1750 136 24 individuals
1803 1750 49 24 who

1268 1783 46 23 had
1323 1783 58 24 been
1397 1788 24 19 at
1439 1784 38 23 the
1497 1784 113 31 meetings
1631 1788 24 19 at
1676 1785 39 22 the
1737 1785 55 22 time
1814 1783 39 24 the

1269 1820 58 20 town
1338 1817 66 23 lands
1416 1825 58 16 were
1485 1818 68 30 given
1564 1821 46 25 out,
1623 1818 42 24 but
1683 1825 34 17 we
1736 1825 59 15 were
1813 1821 41 21 not

1271 1849 48 24 able
1331 1854 23 19 to
1366 1851 80 30 gatber
1459 1851 60 23 from
1536 1858 42 17 one
1592 1851 24 23 of
1631 1851 62 24 them
1712 1858 45 24 any
1768 1850 85 24 admis-

1270 1884 49 23 sion
1340 1884 26 23 of
1388 1884 57 23 such
1465 1892 29 16 an
1515 1889 159 26 arrangement
1690 1884 88 31 having
1794 1884 58 23 been

1270 1916 65 25 made
1346 1917 88 24 asthat
1451 1926 30 17 so.
1488 1917 147 31 'elaborately
1647 1917 96 24 detailed
1760 1918 25 22 in
1804 1917 48 24 Mr.

1272 1949 117 24 Hansons
1400 1951 75 24 letter.
1510 1951 49 23 Not
1571 1958 42 16 one
1621 1950 156 24 remembered
1787 1949 66 24 hear-

1270 1983 40 31 ing
1322 1983 45 23 this
1378 1983 68 24 claim
1463 1983 101 24 asserted
1582 1984 23 23 in
1625 1983 84 31 public,
1722 1983 46 24 and
1779 1983 18 23 it
1808 1990 45 16 was

1267 2020 43 19 .not
1321 2017 59 23 until
1390 2025 35 15 we
1435 2016 45 24 had
1491 2016 65 24 made
1576 2017 114 30 enquiries
1703 2017 25 23 of
1743 2016 39 23 the
1797 2016 58 23 kind

1407 2049 50 23 that
1467 2049 177 23 we'derfounced
1655 2049 38 22 the
1703 2049 67 22 letter
1773 2051 3 6 1
1782 2053 23 17 to
1809 2049 53 24 'the.

1273 2081 148 31 Corporation
1434 2089 24 15 as
1475 2081 102 31 yielding
1595 2080 107 24 evidence
1718 2080 25 23 of
1758 2088 14 15 a
1783 2084 73 19 secret

1272 2118 165 27 arrangement.
1461 2114 44 23 We
1517 2114 56 23 have
1585 2114 68 30 again
1664 2114 65 23 made
1742 2114 113 31 enquiries

1273 2147 43 24 and
1327 2147 127 32 singularly
1465 2147 90 31 enough
1572 2155 34 15 we
1625 2152 83 18 cannot
1717 2147 49 23 find
1778 2154 30 16 an
1819 2148 37 22 in-

1273 2180 98 24 dividual
1388 2180 51 24 who
1458 2181 145 23 'remembers,
1618 2188 45 23 any
1686 2180 66 31 thing
1769 2180 26 24 of
1818 2180 38 24 the

1272 2214 145 29 transaction,
1430 2218 80 26 except
1522 2221 24 16 so
1564 2214 40 23 far'
1617 2221 26 16 as
1661 2214 18 23 it
1689 2213 83 24 relates
1785 2218 30 19 to,
1819 2213 37 24 the

1272 2251 158 27 arrangement
1447 2247 65 23 made
1531 2248 56 22 with
1593 2268 3 4 .
1604 2246 46 24 Dr.
1672 2246 87 30 Evans,
1772 2246 45 24 and
1833 2248 23 22 in

1274 2281 135 29 conclusion,
1435 2280 47 24 Mr.
1481 2284 3 11 1
1486 2282 3 4 '
1503 2280 100 24 Hanson
1620 2288 56 23 may
1693 2284 49 19 rest
1763 2280 94 23 assured

1263 2322 2 11 i
1273 2314 47 23 that
1338 2314 90 23 neither
1445 2313 36 24 his
1501 2318 53 20 tone
1574 2314 27 23 of
1614 2314 91 31 injured
1724 2314 131 28 innocence,

1273 2354 41 16 nor
1324 2347 37 23 his
1373 2347 93 29 threats,
1477 2347 46 23 will
1534 2351 72 20 arrest
1627 2354 42 17 our
1686 2347 113 31 opposing
1809 2347 47 23 him

1272 2381 26 23 in
1318 2380 89 35 Public,
1423 2380 106 31 Meeting
1721 2380 39 23 the
1783 2380 81 31 press,!

1273 2413 64 24 when
1348 2421 33 16 we
1392 2437 5 10 t
1400 2414 103 23 consider
1524 2413 115 24 ourselves
1654 2413 78 24 .called
1752 2421 62 23 upon
1834 2418 21 18 to

1274 2447 27 23 do
1313 2455 34 16 so,
1466 2450 7 8 v

1303 2498 54 24 The
1371 2498 117 31 following
1503 2500 21 22 is
1541 2507 15 15 a
1573 2507 118 22 summary
1709 2498 26 24 of
1750 2498 108 31 shipping

1274 2531 43 24 and
1334 2536 99 26 tonnage
1451 2532 71 23 which
1544 2532 43 23 has
1605 2532 89 23 arrived
1714 2531 83 31 during
1818 2531 38 23 the

1273 2564 77 24 month
1362 2564 25 23 of
1396 2564 138 30 November,
1543 2565 26 23 in
1575 2565 38 24 the
1621 2573 66 23 years
1695 2566 75 28 1839,
1783 2566 74 26 1840,

1275 2599 71 26 1841,
1359 2597 44 23 and
1417 2599 116 23 1842:

1308 2767 52 21 The
1370 2767 96 22 number
1476 2767 26 21 of
1517 2767 95 22 arrivals
1623 2767 84 29 during
1721 2767 40 21 the
1773 2767 87 21 several

1275 2798 92 24 months
1377 2818 3 4 .
1394 2798 42 24 has
1464 2797 119 32 gradually
1605 2797 124 30 increased,
1753 2797 42 24 but
1823 2797 39 24 the

1277 2836 97 26 tonnage
1384 2831 36 24 for
1437 2831 45 24 this
1494 2838 53 25 year
1559 2832 20 23 is
1590 2835 41 20 not
1642 2832 63 31 quite
1723 2838 25 17 so
1759 2834 66 28 great
1837 2838 25 16 as

1276 2865 26 23 in
1314 2864 38 24 the
1373 2864 79 24 month
1470 2865 24 23 of
1510 2864 131 24 November
1663 2866 72 22 1841.
1772 2864 35 24 Of
1822 2864 38 24 the

1279 2898 146 31 twenty-four
1437 2898 84 23 vessels
1533 2898 74 23 which
1618 2897 89 26 arrived
1717 2898 26 23 in
1754 2897 46 24 this
1811 2901 52 27 port

1277 2931 45 23 last
1343 2931 80 23 month
1458 2937 42 18 two
1522 2938 59 17 were
1603 2931 62 24 from
1684 2930 115 33 England,
1820 2938 43 16 one

1279 2964 59 29 with,
1343 2964 143 32 immigrants
1496 2964 37 25 for
1549 2964 60 25 New
1626 2964 128 32 Plymoutb
1764 2964 45 23 and
1825 2964 38 23 the

1280 2997 63 25 other
1360 2997 56 24 with
1434 2998 143 31 immigrants
1596 2998 37 24 for
1650 2997 47 24 this
1714 2997 66 32 place
1788 3006 7 20 ;
1822 3004 41 16 one

1279 3031 125 24 American
1411 3030 52 32 ship
1467 3032 42 23 has
1514 3031 125 29 visitedus;
1650 3039 43 16 one
1697 3030 75 25 vessel
1776 3029 88 25 arrived

1279 3064 59 24 from
1348 3064 136 32 Valparaiso
1493 3074 5 20 ;
1510 3063 177 25 "two'frbmthe
1696 3063 168 32 neighbouring

1282 3097 120 30 Colonies;
1422 3098 45 23 and
1484 3098 39 23 the
1524 3101 4 6 1
1541 3098 128 30 remaining
1689 3097 106 31 eighteen
1804 3098 59 21 we're

1281 3135 106 20 coasters.
1430 3131 50 23 The
1498 3131 96 32 imports
1614 3130 115 24 consisted
1750 3130 25 23 of
1796 3130 68 23 about

1280 3171 42 16 one
1333 3164 104 23 hundred
1449 3168 50 20 tons
1511 3164 27 23 of
1550 3164 68 29 flour,
1637 3163 151 31 twenty-nine
1805 3162 59 28 head,

1280 3197 27 23 of
1319 3197 74 29 cattle,
1407 3202 44 18 two
1461 3196 110 30 hundred;
1576 3196 52 25 and,
1632 3197 80 30 ninety
1730 3196 78 31 sheep,
1820 3199 43 20 two
1863 3194 2 15 1

1272 3230 109 23 'hundred
1392 3229 46 24 and
1456 3234 92 26 seventy
1559 3224 148 36 pigssHasfew
1718 3232 54 20 tuns
1792 3229 26 23 of
1833 3228 30 24 oil

1280 3263 44 24 and
1341 3263 66 29 bone,
1428 3262 44 24 and
1488 3262 64 32 large
1571 3262 122 32 quantities
1714 3262 26 24 of
1754 3265 109 28 potatoes,

1280 3297 80 28 maize,
1372 3296 45 23 and
1436 3296 63 23 other
1506 3295 111 24 'articles.
1652 3295 45 24 We
1716 3297 77 22 notice
1810 3295 54 24 with

1280 3330 140 24 satisfaction
1441 3329 36 24 the
1494 3328 90 33 rapidly
1595 3329 131 31 increasing
1743 3328 64 24 trade
1824 3328 40 24 be-

1362 3363 46 24 this
1419 3363 64 31 place
1494 3363 45 23 and
1557 3362 133 31 Wanganui
1699 3363 27 23 in
1735 3362 73 23 bacon
1820 3361 44 24 and

1256 3396 2 22 !
1279 3396 81 29 hams,-
1364 3395 38 24 the
1413 3396 99 31 produce
1524 3396 26 24 of
1564 3396 39 23 the
1623 3396 91 24 settlers
1726 3400 24 19 at
1761 3395 102 30 Wanga-

1256 3433 2 13 !
1279 3430 48 23 nui.
1363 3429 78 31 Every
1448 3426 118 28 craftifthat
1573 3429 86 24 arrives
1668 3429 60 24 from
1736 3429 49 23 that
1793 3428 71 32 place;

1257 3472 1 14 1
1280 3463 78 31 brings
1370 3470 42 16 one
1425 3471 26 15 or
1471 3460 65 26 other
1547 3462 31 24 of
1587 3462 68 24 these-
1664 3462 99 24 article's.
1800 3460 64 31 They

1280 3504 39 16 are
1337 3496 25 23 of
1378 3495 110 24 excellent
1506 3495 94 32 quality,
1608 3497 38 22 -in
1664 3495 139 29 abundance,
1822 3492 42 26 arid

1257 3526 1 8 '
1280 3529 82 31 selling
1373 3533 23 19 at
1407 3530 74 30 prices
1492 3528 74 24 wnich
1584 3529 75 23 would
1670 3534 40 18 not
1721 3531 143 21 remunerate

1257 3566 1 26 \
1280 3563 39 24 the
1329 3563 87 31 foreign
1434 3563 118 31 importer;
1569 3562 44 24 tlt
1698 3561 166 24 henceforward

1257 3599 3 21 '.
1280 3596 113 24 therefore
1410 3595 29 23 be
1458 3603 24 16 as
1499 3595 111 32 impolitic
1628 3603 26 15 as
1674 3594 151 33 unprofitable
1843 3598 21 20 to

1257 3636 3 10 1
1280 3631 83 29 import
1381 3629 64 24 these
1467 3629 90 23 articles
1579 3629 60 22 from
1661 3628 96 32 Europe
1779 3636 25 16 or
1827 3627 37 24 the

1257 3667 3 6 '
1280 3662 166 32 neighbouring
1459 3662 114 23 Colonies.

1305 3713 187 24 Wellington
1514 3712 101 25 Jockey
1632 3713 80 24 Club.
1748 3712 25 25 A
1788 3712 76 24 Meet-

1280 3748 46 30 ing'
1332 3747 25 23 of
1371 3746 38 24 the
1429 3745 71 25 above
1511 3745 51 24 club
1575 3753 46 17 was
1639 3745 55 25 held
1704 3751 24 19 at
1745 3745 119 25 Barriett's

1259 3782 2 6 '
1282 3780 79 29 Hotel,
1382 3787 29 16 on
1432 3778 120 32 Saturday,
1574 3779 131 24 November
1730 3781 39 27 12,
1793 3780 71 27 1842,

1282 3813 63 24 when
1374 3813 19 23 it
1420 3820 46 16 was
1493 3813 113 31 proposed
1624 3812 31 32 by
1679 3813 49 25 Mr.
1759 3812 105 29 Ludlam,

1282 3846 110 25 seconded
1402 3846 32 31 by
1446 3845 46 24 Mr.
1506 3846 115 28 Boulcott,
1642 3846 49 23 that
1701 3846 39 23 the
1750 3845 114 31 following

1272 3901 2 5 ,
1281 3879 128 32 gentlemen
1420 3879 29 24 be
1467 3879 120 32 requested
1606 3883 24 19 to
1642 3883 37 20 act
1700 3887 24 16 as
1743 3878 120 31 Stewards,

1280 3914 37 23 viz
1327 3921 5 16 :
1492 3934 4 3 .
1637 3908 11 13 *

1308 3944 39 24 Mr
1356 3944 27 23 E.
1394 3944 21 22 J.
1423 3944 131 28 Wakefield,
1564 3944 44 22 Mr.
1616 3943 101 28 Jenkins,
1729 3943 40 23 Dr.
1777 3944 86 26 Dorset,

102 1188 166 24 SHIPPING
287 1187 277 25 INTELLIGENCE.
585 1203 6 3 -

262 1245 142 20 ARRIVED.

70 1276 115 21 December
194 1277 22 24 4,
226 1278 68 18 cutter
304 1276 115 25 Pickwick,
430 1277 35 24 38,
480 1277 79 24 Alton,
571 1276 55 20 from

43 1304 87 21 Nelson.

68 1331 115 21 December
194 1331 20 24 6,
224 1332 103 20 schooner
339 1331 112 20 Susannah.
463 1332 56 26 Ann,
532 1331 25 21 79
567 1332 59 24 tons,

43 1359 128 26 Dougherty,
181 1359 55 19 from
245 1359 36 19 the
295 1360 67 19 coast.
400 1374 4 4 .
530 1364 4 5 '
562 1357 3 7 '

70 1386 61 20 Same
140 1386 46 26 day,
198 1386 103 20 schooner
312 1386 146 26 Shepherdess,
477 1386 84 25 Brown,
572 1386 54 20 from

43 1413 91 27 Sydney.

72 1440 60 21 Same
142 1440 47 26 day,
200 1440 102 20 schooner
311 1440 117 27 Elizabeth,
440 1441 35 24 52,
487 1440 75 27 Smith,
573 1440 55 21 from

43 1468 117 21 Auckland.
250 1488 4 3 .
541 1470 3 4 '
574 1477 5 5 -

71 1495 61 20 Same
141 1495 46 26 day,
196 1494 119 26 hrigantine
325 1495 86 25 Sisters,
424 1495 54 24 130,-
492 1494 70 26 Clark,
573 1495 55 20 from

44 1523 87 20 Nelson.
144 1534 4 7 <

72 1550 60 20 Same
142 1550 46 26 day,
197 1550 102 19 schooner
309 1550 107 26 Industry,
425 1550 36 24 24,
470 1549 97 27 Bradley,
574 1550 54 20 from

43 1578 36 20 the
89 1577 134 20 Coalheaver.

278 1621 117 20 SAILED.

77 1649 114 20 December
200 1649 22 24 4,
232 1648 103 21 schooner
345 1649 66 19 Black
419 1649 103 26 Warrior,
539 1650 23 19 15
573 1650 55 23 tons,

43 1676 121 25 M'Gregor,
174 1676 33 20 for
216 1676 116 27 Wyderop.

73 1703 115 21 December
204 1703 20 24 6,
241 1703 104 21 schooner
358 1703 63 26 Kate,
438 1704 34 24 62,
494 1703 134 25 Macfarlane,

43 1731 33 20 for
85 1731 37 20 the
131 1733 66 18 coast.

72 1757 60 21 Same
142 1758 46 26 day,
200 1758 103 20 schooner
322 1759 76 24 Ocean,
408 1759 27 19 30
446 1760 57 26 tons,
515 1758 114 26 Ferguson,

44 1785 35 21 for
89 1785 36 21 the
134 1788 67 18 coast.

267 1831 35 20 IN
317 1831 87 22 PORT.

71 1860 82 26 Barque
171 1858 114 27 Clydeside,
296 1860 42 19 256
353 1861 58 23 tons,
429 1858 133 27 Mathieson,
574 1861 57 19 refit-

43 1887 53 26 ting.
124 1887 69 20 Waitt
200 1887 42 20 and
251 1887 75 26 Tyser,
333 1887 90 26 Agents.

69 1915 84 26 Barque
160 1914 127 26 Indemnity,
296 1915 43 20 450
356 1919 58 21 tons,
428 1914 90 26 Adams,
531 1915 100 26 refitting.

43 1943 89 26 Agents,
142 1942 69 20 Waitt
219 1943 42 19 and
271 1943 76 25 IJyser.
371 1961 3 4 .

71 1970 107 20 Schooner
202 1969 56 27 Ann,
266 1980 5 5 *
283 1971 29 19 22
319 1971 13 27 \
337 1972 63 23 tons,;
419 1969 86 26 Brown,
528 1970 44 20 laid
593 1976 38 21 up.

43 1998 77 26 Agent,
131 1997 68 20 Waitt
208 1997 42 20 and
259 1997 76 26 Tysefr.
368 1993 65 32 .',''

71 2025 52 26 Brig
131 2025 118 24 Elizabeth,
263 2024 47 25 230,
317 2027 57 24 tons,
389 2025 125 26 Guthridge.
544 2025 87 26 Agents,

45 2053 112 25 Ridgways
166 2051 42 21 and
218 2052 38 20 Co.
264 2051 6 28 ,'
351 2068 2 9 ,
369 2069 3 5 ,
419 2056 10 17 .:
435 2057 5 3 '
503 2061 5 6 *
534 2058 5 13 :

73 2080 108 20 Schooner
190 2074 79 27 Maori,
280 2080 26 18 15
318 2080 59 18 tons.

71 2107 84 26 Barque
167 2107 77 24 GeOrge
251 2106 61 25 Fyfe,
322 2107 42 19 460
374 2108 56 22 tons,
444 2103 68 28 PykeJ
545 2106 87 25 Agents,

44 2134 111 25 Ridgways
165 2133 41 21 and
216 2133 38 20 Co.

72 2161 107 20 Schooner
191 2161 103 19 Governor
310 2161 93 26 Hobson,
412 2161 28 19 40
451 2162 57 25 tons,
520 2160 112 21 Crumner.

43 2190 88 26 Agents,
143 2188 91 20 Wallace
244 2188 40 20 and
295 2187 39 21 Co.

84 2216 107 21 Schooner
214 2216 52 25 Imp,
289 2216 28 19 20
341 2216 56 24 tons,
421 2215 77 21 Smith.
540 2216 92 24 Crosbie,

45 2244 79 26 Agent.

73 2271 52 26 Brig
135 2270 147 26 Nimrqd,l7s
294 2272 59 22 tons,
365 2270 94 26 Cooney.
465 2285 8 7 ->

77 2298 75 21 Cutter
171 2298 109 21 Catherine
296 2298 110 26 Johnston,
428 2298 25 19 10
472 2299 60 24 tons,-
550 2298 82 26 Taylor.

47 2326 78 26 Agent,
135 2326 25 20 T.
171 2326 83 26 Taylor.

80 2353 106 20 Schooner
205 2353 59 24 Jane,
283 2353 27 20 15
331 2354 57 24 tons,'
407 2352 83 27 Vendy.
520 2353 21 21 J.
560 2353 73 25 Wade,

48 2381 77 26 Agent.

76 2408 74 20 Cutter
159 2408 112 24 Pickwick,
282 2408 28 20 38
321 2409 57 25 tons,
388 2408 80 20 Axton.
527 2429 4 4 .
593 2420 4 6 ,
607 2424 4 8 ,

78 2435 106 21 Schooner
195 2435 122 21 Sussannah
325 2435 58 25 Ann,
393 2436 26 20 79
436 2438 56 23 tons,
504 2435 129 27 Dougherty.

47 2463 78 26 Agent,
135 2463 72 21 Wade.
353 2481 4 3 .
512 2471 3 8 =

78 2490 106 21 Schooner
217 2490 145 27 Shepherdess,
396 2490 84 22 Brown.
503 2505 3 4 .
530 2490 103 25 Schultze,

49 2518 76 26 Agent.

78 2545 106 21 Schooner
194 2545 116 25 Elizabeth,
328 2545 27 21 52
366 2547 56 23 tons,
440 2545 77 21 Smith.
545 2545 90 21 Wallace

50 2573 41 20 and
101 2573 47 24 Co.,
158 2573 88 26 Agents.
469 2580 3 7 '
582 2592 3 4 ,
614 2569 4 4 '

77 2600 121 25 Brigantine
210 2601 82 24 Sisters,
305 2600 41 20 130
358 2601 56 23 tons,
426 2600 72 20 Clark.

78 2627 105 20 Schooner
191 2627 107 26 Industry,
318 2628 27 19 24
354 2629 57 23 tons,
430 2627 97 26 Bradley.
558 2627 75 26 Agent,

50 2655 23 17 J.
84 2654 73 18 Wade.

43 2710 94 59 NEW
168 2710 218 59 ZEALAND
417 2710 218 59 GAZETTE

90 2771 67 21 AND
171 2769 216 23 WELLINGTON
407 2770 188 23 SPECTATOR.

136 2823 157 26 Wednesday,
310 2823 130 22 December
454 2824 22 26 7,
492 2826 63 20 1842.

694 1927 50 23 The
755 1927 111 25 schooner
877 1926 120 25 Susannah
1006 1927 60 29 Ann,
1084 1926 91 24 arrived
1185 1927 57 24 from

661 1960 37 23 the
710 1965 62 19 coast
781 1961 130 31 yesterday,
922 1961 76 23 where
1006 1960 41 23 she
1058 1960 185 24 hasfbeen/'srace

661 1994 89 30 leaving
760 1994 98 24 Nelson.
893 1994 44 24 We
950 1993 103 24 obtained
1065 1993 31 31 by
1160 1988 23 33 af
1183 1992 59 28 Nel-

661 2034 40 15 son
712 2025 133 31 Examiner,
859 2027 25 23 of
893 2027 38 23 the
945 2026 57 24 12th
1014 2026 138 24 November.
1164 2021 18 31 ,t

696 2059 49 23 The
763 2059 128 23 Examiner
908 2060 103 22 contains
1031 2067 13 13 a
1061 2060 80 21 review
1150 2052 35 34 of,
1195 2058 47 25 Mr.

664 2091 95 24 Charles
772 2091 94 30 Terry's
884 2091 63 23 work
960 2089 93 25 entitled
1065 2089 56 24 New
1132 2089 108 30 Zealand,

662 2124 32 23 its
717 2124 136 30 advantages
872 2124 46 23 and
931 2125 121 29 prospects
1072 2130 26 15 as
1118 2130 14 16 a
1153 2122 90 24 Biitish

664 2156 91 31 Colony.
807 2158 37 22 As
866 2161 39 26 yet
922 2164 30 16 no
965 2163 56 24 copy
1030 2155 24 24 of
1070 2155 45 24 this
1128 2154 64 29 work
1202 2156 41 24 has

662 2190 95 23 reached
770 2190 57 23 Port
839 2190 126 23 Nicholson

696 2223 49 24 The
753 2223 127 24 Examiner
890 2223 41 24 has
941 2232 29 15 an
982 2222 77 24 article
1068 2230 29 16 on
1107 2221 38 25 the
1157 2222 87 31 subject

663 2256 25 24 of
705 2256 149 32 diminishing
871 2256 37 24 the
926 2257 47 23 size
985 2255 25 23 of
1025 2255 38 24 the
1082 2256 129 23 allotments
1223 2256 21 23 of

662 2289 54 24 land
732 2290 68 24 about
811 2289 97 30 Nelson,
924 2294 39 27 yet
982 2288 82 24 unsold
1080 2289 30 31 by
1123 2289 38 23 the
1174 2288 70 24 Com-

661 2331 68 23 pany.
770 2322 24 24 It
815 2323 22 23 is
859 2322 122 33 suggested
1004 2321 29 32 by
1054 2329 14 16 a
1089 2322 155 23 conversation

663 2356 72 24 which
746 2356 86 24 ensued
844 2364 27 16 on
884 2357 38 23 the
934 2355 89 32 subject
1033 2359 23 19 at
1069 2355 38 24 the
1115 2355 45 24 last
1170 2359 72 20 meet-

662 2390 40 30 ing
714 2389 24 24 of
747 2389 145 32 Proprietors
903 2390 24 23 in
938 2388 106 25 London.
1080 2388 51 24 Our
1142 2392 102 20 contem-

663 2430 83 24 porary
752 2423 97 23 inclines
859 2427 25 19 to
894 2423 39 23 the
941 2421 79 30 belief,-
1030 2421 50 24 that
1089 2421 40 24 the
1138 2422 106 31 adoption

664 2456 25 23 of
699 2456 55 23 such
764 2463 14 16 a
789 2464 81 15 course
880 2456 75 23 would
966 2455 29 24 be
1005 2455 126 24 beneficial.

696 2489 43 24 We
758 2489 67 24 learn'
832 2489 59 24 from
913 2489 37 24 the
971 2496 61 16 same
1047 2495 70 25 paper
1135 2488 50 24 that
1205 2488 38 24 the

663 2522 82 32 supply
757 2522 24 23 of
788 2522 81 24 labour
880 2522 20 24 is
911 2523 35 23 for
958 2521 39 26 the
1007 2526 101 19 moment
1120 2522 35 29 in,
1157 2529 87 21 excess,

663 2555 46 24 but,
714 2555 139 32 fortunately
864 2555 39 24 the
913 2555 130 32 possession
1060 2554 31 31 by
1103 2554 38 24 the
1159 2554 86 24 Nelson

665 2589 142 29 Settlement,
821 2589 26 23 of
855 2597 13 15 a
876 2589 57 24 fund
939 2589 36 23 for
983 2588 77 32 public
1068 2588 84 29 works,
1164 2588 81 24 affords

663 2622 38 23 the
713 2630 77 16 means
803 2622 26 24 of
839 2622 130 31 employing
980 2621 37 23 the
1029 2621 91 31 surplus
1131 2622 79 22 labour
1221 2622 24 23 in

664 2663 14 16 a
689 2655 64 24 mode
764 2655 81 31 highly
855 2656 119 23 beneficial
985 2659 23 18 to
1021 2654 49 24 that
1082 2654 137 25 settlement.

698 2689 24 23 A
740 2688 82 24 Public
835 2689 105 31 Meeting
950 2687 48 25 had
1015 2688 57 23 been
1082 2687 61 29 held,
1155 2691 23 20 to
1191 2695 55 16 con-

664 2721 60 24 sider
745 2721 38 24 the
799 2722 116 32 propriety
933 2722 26 23 of
978 2721 96 31 petition
1092 2725 23 19 to
1133 2721 59 24 have
1209 2721 38 23 the

665 2755 148 32 Corporation
824 2755 48 23 Act
884 2755 92 32 applied
984 2759 23 19 to
1019 2754 95 24 Nelson.
1151 2754 51 24 The
1209 2762 37 16 re-

665 2788 47 23 sult
723 2789 24 22 of
764 2788 37 24 the
821 2789 100 31 meeting
938 2795 47 17 was
1006 2795 13 15 a
1225 2791 23 20 to

665 2826 111 27 postpone
788 2822 38 23 the
835 2822 143 31 application,
991 2820 117 24 nnderthe
1114 2820 135 32 impression

666 2855 49 22 that
727 2855 37 23 the
772 2856 148 30 expenditure
931 2862 52 17 now
988 2853 96 31 making
1094 2854 32 31 by
1132 2854 39 23 the
1180 2854 68 23 Com-

666 2888 80 31 pany's
757 2888 80 31 Agent
848 2888 80 30 might,
941 2889 23 22 in
978 2895 50 15 case
1040 2886 28 24 of
1075 2886 38 24 the
1125 2886 74 25 Town
1207 2887 42 23 be-

665 2921 41 30 ing
729 2921 170 31 Incorporated,
920 2922 29 22 be
970 2920 89 23 thrown
1067 2923 72 31 'upon
1158 2921 38 22 the
1213 2921 36 22 in-

666 2954 114 23 habitants
792 2958 24 19 at
826 2962 14 14 a
852 2954 78 31 period
940 2955 63 30 prior
1014 2957 22 19 to
1049 2953 59 23 their
1119 2953 70 31 being
1200 2953 49 23 able

666 2991 23 19 to
703 2987 82 23 endure
797 2987 39 23 the
847 2987 98 23 burthen
957 2986 26 24 of
992 2986 44 23 self
1046 2987 109 23 taxation.

2021 107 2 12 1
2160 107 91 18 11.
2462 107 20 17 ?

1871 132 44 21 Mr.
1931 132 23 21 J.
1964 132 69 28 Watt,
2049 133 47 22 Mr.
2114 129 95 32 Virtue,-'
2216 134 46 23 Mr.
2276 135 177 25 Moleaworth.
2477 127 7 17 *

1872 158 125 27 Carried./.
2007 173 2 5 .
2199 160 30 19 '>
2251 167 19 21 >
2368 168 9 15 v

1904 186 119 31 Proposed
2033 187 30 31 by
2075 188 48 24 Mr.
2135 188 99 24 Jenkins
2245 189 45 24 and
2301 191 110 25 seconded
2422 193 33 29 by.

1872 218 48 25 Mr.
1929 219 32 23 E.
1970 219 23 24 J.
2002 219 134 31 Wakefield,
2149 221 63 24 That
2219 221 48 25 Mr.
2272 222 98 32 ,Guyton
2378 224 30 24 be
2415 233 37 16 re-
2481 237 3 8 -

1872 251 94 31 quested
1976 256 23 19 to
2011 256 36 19 act
2058 260 26 15 as
2096 254 133 24 Treasurer.
2267 249 100 31 Carried!
2476 268 5 8 >

1905 283 118 32 Proposed
2040 285 45 31 by*
2085 285 45 31 Mr.
2142 287 72 29 Watt,
2233 288 44 24 and
2295 290 109 23 seconded
2422 290 31 31 by

1872 316 49 25 Mr.
1929 317 23 24 J.
1962 317 91 29 Sutton,
2067 317 62 25 That
2136 318 48 25 Mr.
2193 320 100 25 Ludlaxu
2300 322 29 23 be
2335 323 119 30 requested

1872 355 23 17 to
1906 355 38 18 act
1955 357 25 16 as
1993 351 127 31 Secretary.
2157 352 101 25 Carried.
2270 366 6 3 -

1872 383 4 5 '
1905 383 119 31 Erdposed
2040 383 31 31 by
2083 384 56 24 Mr.;
2144 384 73 30 Watt-
2237 387 44 23 and
2297 388 110 24 seconded
2423 389 32 30 by

1872 415 49 24 Mr.
1935 416 31 23 E.
1979 416 23 24 J.
2015 416 135 30 Wakefield,
2164 417 62 25 That
2237 419 38 23 the
2286 421 76 29 period
2368 421 36 24 for
2415 421 39 24 the

1873 447 122 24 admission
2005 448 25 23 of
2039 450 96 30 original
2146 450 113 25 members
2269 452 29 23 be
2310 454 110 24 extended
2430 458 25 20 to

1872 480 38 24 the
1923 481 60 24 25th
1994 482 141 30 December,,
2143 485 73 23 1842.
2254 484 98 27 Carried.

1906 537 45 25 We
1962 539 140 24 understand
2114 541 49 23 that
2174 550 29 15 on
2213 543 91 31 .Friday
2322 544 71 31 night,
2412 545 41 24 be-

1874 574 73 20 tween
1959 573 32 22 10
2003 570 44 25 arid
2060 574 30 23 11
2104 574 95 30 o'clock,
2211 575 51 24 Mr.
2281 576 85 31 Lyon's
2385 582 70 25 store,
2465 574 4 5 '

1874 603 84 25 situate
1969 612 30 16 on
2011 604 194 34 Lambton-quay,
2218 616 45 15 was
2283 609 94 26 broken,
2388 619 67 23 open,

1874 636 44 23 and
1928 642 109 26 property
2048 643 23 19 to
2083 647 14 15 a
2108 639 62 32 large
2181 645 95 19 amount
2286 642 174 26 stolen'there-

1872 669 68 24 from.
1976 670 44 24 We
2028 671 70 29 learn,
2107 672 109 30 however,
2229 674 50 23 that
2290 682 62 17 some
2357 683 96 23 persons

1873 701 58 25 have
1943 703 58 24 been
2013 703 69 25 taken
2094 713 29 23 up
2142 713 29 16 on
2187 708 123 29 suspicion.
2348 708 106 26 Colonist.

1906 761 80 25 Died.
2023 762 39 24 On
2080 763 110 32 Monday,
2213 765 40 24 the
2270 767 65 23 31st-
2348 767 106 30 October,

1873 794 45 23 and
1928 795 81 24 buried
2020 803 29 16 on
2059 795 39 24 the
2104 797 4 15 :
2110 797 93 31 Sunday
2214 798 123 32 following,
2349 800 47 24 Mr.

1875 827 108 32 Cording,
2005 828 58 24 after
2089 837 29 17 an
2142 830 80 24 illness
2245 831 25 24 of
2296 832 67 25 about
2390 833 65 24 three

1874 860 85 24 weeks.
2033 864 19 17 '
2087 865 2 5 '

1884 887 17 10 "'
1973 885 2 5 '
2073 889 4 4 '
2142 890 2 5 '
2279 910 5 5 .
2354 891 2 8 '

1876 915 28 21 To
1913 916 37 20 the
1957 916 79 20 Editor
2044 917 28 25 cf
2081 918 35 20 the
2208 920 95 20 Zealand
2313 920 90 27 Gazette,
2413 922 43 20 and

1875 965 19 11 tij
1911 965 4 3 .
1935 965 5 6 ,

1902 976 78 28 Sir,
1980 977 13 21 l
2004 978 101 22 embrace
2120 979 37 21 the
2173 979 47 22 first
2234 981 144 28 opportunity,
2394 982 62 22 since

1874 1010 38 20 my
1922 1003 82 23 arrival
2015 1004 58 22 from
2083 1005 90 27 Nelson,
2184 1009 24 19 to
2215 1007 84 22 submit
2303 1011 23 19 to
2333 1007 34 23 the
2373 1009 82 27 public,

1874 1030 97 28 through
1986 1030 38 22 the
2034 1031 100 23 columns
2144 1033 27 21 of
2179 1040 57 20 your
2246 1033 80 29 widely
2336 1035 119 22 circulated

1874 1063 76 21 paper,
1971 1064 14 14 a
1999 1058 52 27 plan
2069 1058 73 22 which
2161 1059 12 22 I
2189 1059 66 23 think
2269 1061 73 23 would
2355 1062 23 22 in
2396 1069 61 15 some

1874 1091 102 15 measure
1985 1089 100 22 prevent,
2097 1092 24 16 as
2129 1085 35 22 far
2179 1094 24 14 as
2221 1087 84 23 human
2321 1095 74 15 means
2410 1088 45 22 will

1874 1110 90 28 permit,-
1973 1113 37 19 the
2019 1118 130 16 recurrence
2157 1113 26 21 of
2189 1120 24 15 so
2223 1114 67 22 awful
2300 1122 13 14 a
2323 1115 102 27 calamity
2432 1122 25 15 as

1874 1134 70 30 lately
1954 1138 68 22 befell
2030 1138 43 22 this
2084 1141 66 20 town.

1903 1164 28 21 In
1942 1164 37 21 the
1989 1164 48 22 first
2045 1165 71 27 place,
2131 1165 12 23 I
2159 1166 73 22 would
2246 1174 99 21 propose,
2359 1168 51 22 that
2417 1167 38 23 the

1875 1190 71 21 Town
1957 1190 92 22 Council
2060 1192 28 21 do
2096 1191 52 28 levy
2157 1200 13 14 a
2177 1196 39 20 tdx
2223 1200 29 15 on
2257 1194 29 21 all
2293 1195 162 26 householders,

1875 1219 23 18 to
1907 1216 29 21 be
1946 1216 95 22 called'a
2048 1218 41 20 fire
2098 1221 38 18 tax
2144 1226 5 19 ;
2164 1218 38 22 the
2211 1224 94 18 amount
2315 1221 26 21 of
2351 1221 53 22 such
2419 1225 38 19 tax

1876 1245 23 19 to
1903 1242 30 22 be
1943 1243 115 27 expended
2067 1244 25 21 in
2102 1244 38 21 the
2147 1245 109 27 purchase
2265 1247 25 21 of
2302 1254 40 14 one
2357 1255 23 14 or
2392 1255 65 17 more

1877 1269 98 27 engines,
1987 1270 53 21 with
2048 1270 60 26 hose,
2120 1270 99 23 leathern
2230 1272 97 28 buckets,
2339 1274 43 22 and
2391 1275 64 21 other

1877 1299 186 25 appurtenances;
2074 1297 45 21 and
2126 1297 25 21 in
2161 1298 38 21 the
2205 1299 98 22 erection
2310 1300 25 22 of
2342 1307 13 15 a
2359 1300 99 28 building

1877 1322 34 21 for
1921 1322 127 28 containing
2056 1324 56 22 each
2122 1324 78 28 engine
2208 1324 24 22 in
2244 1325 100 24 different
2359 1331 98 24 quarters

1877 1348 26 22 of
1913 1349 39 22 the
1962 1352 67 19 town.
2056 1354 4 3 '

1905 1376 118 28 Secondly,
2040 1377 48 22 that
2103 1377 37 23 the
2156 1385 76 21 young
2240 1379 143 28 professional
2396 1388 59 20 men,

1877 1402 135 28 merchants,
2094 1404 157 29 storekeepers,
2269 1405 28 23 do
2316 1407 55 23 form
2385 1407 73 23 them-

1878 1428 72 25 selves
1957 1432 48 20 into
2015 1432 125 26 companies
2156 1432 26 22 of
2193 1433 144 26 twenty-four
2350 1435 108 22 members

1877 1456 35 21 for
1928 1457 55 23 each
1997 1458 87 26 engine,
2099 1458 115 28 including
2233 1459 58 22 their
2309 1461 90 28 Captain
2414 1462 44 22 and

1879 1484 83 22 second
1972 1484 99 28 Captain;
2080 1487 23 19 to
2113 1486 28 22 be
2149 1486 73 21 under
2234 1486 38 22 the
2287 1487 107 23 direction
2409 1489 26 21 of
2444 1496 14 14 a

1879 1508 63 25 chief
1947 1512 110 27 engineer,
2069 1510 85 24 elected
2163 1513 30 26 by
2202 1513 133 23 themselves
2349 1515 109 27 annually,

1879 1537 50 23 who
1937 1539 46 22 will
1997 1538 62 22 have'
2068 1545 75 21 power
2158 1543 23 18 to
2198 1540 64 22 order
2277 1540 56 22 each
2351 1549 107 20 company

1880 1568 39 18 out
1928 1569 24 19 at
1961 1566 72 22 stated
2042 1564 70 29 times,
2123 1567 45 21 and
2178 1569 22 19 to
2209 1566 53 23 take
2267 1567 37 23 the
2314 1569 116 23 command
2437 1572 23 20 at

1880 1592 30 21 all
1917 1592 61 23 fires.
2078 1593 2 7 '
2169 1590 2 4 '

1907 1619 85 28 Lastly^
2011 1619 39 23 the
2067 1627 118 21 necessary
2203 1619 67 24 funds
2288 1621 35 22 for
2340 1621 57 24 dress
2417 1623 43 22 and

1879 1646 75 27 salary
1969 1650 23 18 to
2002 1652 2 5 '
2011 1653 14 15 a
2039 1654 53 15 man
2102 1647 34 22 for
2145 1647 96 28 keeping
2250 1647 38 23 the
2299 1649 74 26 engine
2384 1650 41 22 &c.
2432 1651 28 21 in

1880 1673 71 27 order,
1962 1673 50 22 and'
2017 1673 36 22 for
2061 1673 64 23 other
2133 1674 122 22 incidental
2269 1682 109 21 expenses,
2395 1679 23 20 to
2432 1677 28 21 be

1880 1699 139 23 subscribed'
2032 1703 102 24 amongst
2156 1701 140 27 themselves,
2321 1702 69 22 which
2410 1711 50 15 sum

1880 1727 75 22 would
1968 1727 29 21 be
2013 1727 135 28 augmented
2163 1728 30 27 by
2208 1727 56 23 fines
2279 1729 45 26 .for.
2335 1733 126 19 non-atten-

1881 1753 72 23 dance
1962 1754 40 21 &c.

1909 1781 12 21 I
1940 1780 45 22 feel
2004 1780 49 23 that
2072 1781 12 23 I
2103 1781 58 23 have
2181 1781 90 29 already
2278 1788 3 5 '
2287 1783 122 28 trespassed
2425 1787 37 19 too

1881 1807 68 22 much
1964 1814 30 14 on
2009 1807 39 23 the
2063 1816 66 20 space
2138 1809 88 27 usually
2236 1804 92 28 allotted
2337 1811 32 22 for
2378 1818 84 16 corres-

1880 1834 119 27 pondents,
2017 1834 45 22 and
2079 1835 46 22 will
2140 1835 110 22 therefore
2272 1839 40 19 not
2330 1841 61 19 enter
2413 1839 49 22 into

1881 1861 87 22 further
1978 1861 78 28 detail;
2074 1862 41 22 but
2127 1862 44 22 will
2181 1863 108 22 conclude
2298 1863 53 23 with
2360 1865 35 21 the
2404 1865 58 28 hope

1881 1887 50 23 that
1940 1888 38 22 the
1994 1887 52 28 plan
2060 1896 52 20 may
2128 1893 59 18 meet
2201 1896 55 20 your
2272 1891 150 29 approbation,
2438 1893 24 21 in

1882 1914 66 23 order
1955 1915 49 21 that
2012 1915 19 21 it
2039 1922 52 20 may
2100 1915 76 23 obtain
2185 1923 57 20 your
2251 1916 51 23 able
2311 1922 97 23 support.

1978 1942 12 22 I
1999 1941 57 23 have
2060 1957 3 9 ;
2065 1943 36 21 the
2110 1942 88 22 honour
2208 1945 22 19 to
2241 1943 35 27 be,
2281 1945 5 14 !
2288 1943 40 28 Sir,

2056 1988 3 4 .
2067 1969 64 23 Your
2136 1976 58 20 .very,
2204 1969 104 23 obedient
2316 1974 92 25 servant,

2275 1997 77 23 Percy
2365 1999 71 22 Earl.

1910 2022 144 28 Wellington,
2064 2022 57 23 Dec.
2131 2023 20 26 5,
2164 2024 60 22 1842.

1930 2053 3 5 '
1966 2050 6 15 ;
2005 2053 13 13 /
2034 2050 38 16 w'*
2093 2062 20 4 -x
2126 2048 71 18 ..'''a
2196 2048 15 11 tK
2211 2053 21 13 :..
2248 2065 2 2 .
2263 2062 6 3 -

1884 2079 29 20 To
1923 2079 36 20 the
1967 2079 79 21 Editor
2049 2075 9 11 K
2055 2079 26 26 of
2164 2080 52 20 New
2226 2079 95 22 Zealand
2331 2081 84 22 Gazette
2423 2084 41 20 and

1982 2105 8 10 *
2039 2107 126 26 Wellington
2175 2108 137 25 Spectator.'"

1912 2138 12 12 <:
1927 2146 33 20 ir,
2002 2138 116 28 Although
2131 2140 113 22 robberies
2260 2140 45 22 and
2319 2144 59 25 petty
2396 2141 66 23 thefts

1884 2171 57 16 were
1956 2166 115 26 generally
2079 2169 73 25 pretty
2166 2167 101 27 frequent
2281 2167 24 22 in
2322 2167 138 29 Wellington,

1884 2192 54 27 they
1951 2199 71 15 never
2039 2193 96 21 hitherto
2149 2194 96 22 reached
2263 2194 38 22 the
2319 2194 83 28 glaring
2420 2196 42 22 and

1884 2225 58 21 open
1952 2219 114 23 character
2074 2220 73 22 which
2156 2220 53 28 they
2217 2220 59 22 have
2286 2222 100 22 assumed
2394 2225 23 19 at
2426 2223 37 21 the-

1884 2248 90 25 present
1983 2246 61 22 time.
2072 2246 33 22 As
2115 2248 35 20 for
2166 2254 41 16 our
2221 2249 49 19 well
2277 2250 108 24 organized
2392 2249 70 28 police

1884 2274 68 25 force,
1963 2272 19 22 it
1994 2274 26 21 is'
2029 2281 69 15 worse
2113 2274 54 22 than
2180 2274 110 24 useless
2290 2275 25 23 in
2324 2275 45 23 fact
2377 2284 14 14 a
2404 2283 59 15 mere

1884 2299 69 22 farce.
1982 2300 45 22 Far
2034 2300 68 26 frpm.
2107 2300 68 28 being
2190 2302 72 22 active
2272 2303 44 21 and
2325 2310 29 14 on
2364 2303 35 21 the
2409 2303 53 22 alert

1884 2328 25 19 to
1929 2329 88 24 protect
2039 2331 109 24 property,
2165 2328 39 22 the
2219 2329 124 23 constables
2363 2329 42 23 sole
2420 2330 43 22 aim

1886 2359 71 16 seems
1967 2357 22 18 to
2004 2354 28 22 be
2047 2354 23 22 in
2086 2350 104 32 skulking
2204 2355 44 23 and
2262 2356 108 27 prowling
2382 2356 81 22 around

1885 2382 98 26 taverns,
1997 2381 36 21 for
2053 2381 36 22 the
2107 2388 99 21 purpose,
2218 2383 26 21 of
2264 2383 107 28 dragging
2389 2383 34 22 off
2441 2387 23 18 to

1886 2407 77 27 choicer/
1978 2415 46 20 any
2037 2409 144 22 unfortunate
2199 2409 51 22 who
2263 2409 40 23 has
2317 2410 96 22 imbibed
2428 2413 37 19 too

1884 2434 62 26 large
1963 2441 13 15 a
1992 2435 102 28 quantity
2109 2435 26 22 of
2150 2435 79 29 liquor,
2245 2436 73 22 which
2332 2436 70 28 liquor
2415 2437 18 21 it
2445 2437 19 21 is

1886 2461 148 27 well-known,
2043 2461 24 23 in
2081 2461 38 23 the
2135 2461 66 30 shape
2211 2463 26 22 of
2247 2463 98 23 licences
2352 2463 32 23 for
2392 2463 73 23 retail-

1885 2487 40 27 ing
1940 2488 26 27 it,
1983 2488 68 22 raises
2067 2496 14 15 a
2093 2496 98 16 revenue
2206 2489 111 23 sufficient
2331 2493 23 19 to
2368 2490 55 29 keep
2437 2497 27 15 an

1886 2514 44 22 idle
1941 2514 45 22 and
1994 2515 114 23 worthless
2124 2515 156 30 constabulary
2288 2517 24 22 in
2326 2516 38 23 the
2373 2517 93 27 glorious

1887 2542 131 27 occupation
2032 2542 26 22 of
2072 2543 108 28 parading
2193 2543 38 22 the
2246 2543 71 23 beach
2333 2544 50 22 with
2397 2543 70 23 hands

1886 2568 25 22 in
1926 2569 59 21 their
2000 2569 98 27 pockets,
2106 2569 81 28 during
2200 2570 39 23 the
2255 2571 50 27 day,
2317 2571 45 22 and
2374 2571 93 28 keeping

1886 2595 73 27 guard
1976 2602 54 16 over
2043 2596 38 22 the
2095 2597 132 28 grog-shops
2244 2600 23 19 at
2285 2597 75 28 night;
2378 2597 89 27 leaving

1887 2622 37 21 the
1933 2626 114 23 property,
2063 2620 45 30 hay
2124 2623 12 22 I
2150 2623 46 23 will
2211 2631 40 20 say
2266 2623 39 23 the
2320 2625 55 21 lives
2389 2624 26 22 of
2430 2624 38 22 the

1888 2648 109 22 Colonists
2013 2649 24 21 in
2053 2649 115 28 danger.:.
2173 2651 37 21 On
2225 2651 111 28 Saturday
2348 2651 62 27 night
2418 2651 48 25 last,

1888 2674 31 22 Te
1929 2675 48 21 Aro
1987 2675 51 21 Flat
2052 2676 52 22 took
2119 2683 50 15 care
2178 2677 27 21 of
2202 2690 6 17 :
2215 2677 71 27 itself,,
2292 2677 46 23 and
2350 2677 20 22 it
2376 2684 46 16 was
2429 2681 39 18 not

1889 2701 33 22 till
1929 2702 103 21 between
2041 2702 42 22 five
2093 2703 45 21 and
2147 2702 35 22 six
2191 2703 86 22 o'clock
2287 2703 39 23 the
2335 2707 52 19 next
2396 2711 72 15 morn-

1887 2728 38 28 ing
1940 2728 50 22 that
2005 2731 43 19 two
2063 2729 171 28 sleepy-headed
2250 2727 85 30 gentry'
2343 2730 94 28 thought
2451 2730 17 22 it

1888 2754 113 23 advisable
2010 2758 24 18 to
2044 2755 58 23 walk
2110 2763 25 15 so
2142 2756 36 22 far
2192 2763 25 15 as
2224 2756 39 22 the
2272 2757 120 25 Exchange
2398 2765 6 20 ;
2419 2757 51 23 thus

1889 2782 90 27 leaving
1994 2782 38 22 the
2046 2782 102 23 valuable
2163 2786 69 20 stores
2247 2783 96 23 situated
2360 2783 69 28 there,
2448 2787 22 19 at

1889 2808 38 22 the
1942 2816 76 20 mercy
2037 2809 26 21 of
2081 2809 57 22 such
2147 2829 3 5 ,
2156 2817 29 15 an
2201 2810 156 27 unprincipled
2374 2818 56 20 gang
2448 2810 24 22 of

1889 2835 88 23 villains
1992 2843 24 14 as
2032 2843 37 15 are
2082 2843 53 15 now
2147 2836 107 28 infesting
2270 2837 142 28 Wellington.
2448 2837 21 22 A

1891 2869 52 15 man
1963 2863 137 27 proceeding
2117 2863 65 23 home
2201 2863 76 23 rather
2293 2863 45 23 late
2357 2864 35 22 the
2411 2870 58 16 same

1891 2889 103 27 evening,
2004 2896 45 16 was
2059 2889 102 23 knocked
2170 2891 65 22 down
2250 2898 56 16 near
2314 2891 109 28 Couper's,
2433 2891 35 21 the

1891 2916 86 22 Thistle
1987 2916 50 27 Inn,
2049 2916 29 28 by
2087 2916 126 29 fourVmen,
2223 2917 62 24 three
2300 2918 27 22 of
2336 2917 38 23 the
2381 2917 88 23 ruffians

1891 2942 97 28 keeping
2000 2943 49 22 him
2058 2944 24 22 in
2097 2943 49 23 that
2152 2944 108 28 'position,
2272 2944 73 23 whilst
2359 2945 35 23 tie
2410 2944 59 22 other

1891 2970 108 21 searched
2013 2970 34 22 his
2061 2970 97 27 pockets.
2194 2966 96 33 Luckily
2300 2972 38 22 the
2352 2974 61 26 party
2427 2970 42 23 had

1884 2994 4 12 !
1891 3003 30 15 no
1936 3003 84 20 money
2034 2997 54 22 with
2101 2997 55 28 him,
2166 3006 26 14 so
2209 2998 39 23 the
2253 2998 105 27 .robbers,
2366 3006 54 15 were
2434 2997 35 23 de-

1892 3023 84 23 ceived.
2004 3023 50 23 The
2069 3024 107 28 burglary
2185 3028 24 20 at
2223 3026 46 22 Mr.
2284 3025 84 28 Lyons',
2381 3028 57 20 store
2451 3023 18 22 is

1893 3053 36 19 too
1943 3050 142 23 well-Icnown
2100 3054 23 19 to
2136 3053 105 21 mention
2254 3053 35 26 it,'
2293 3053 43 22 but
2349 3053 20 21 it
2380 3059 52 21 goes
2448 3053 20 19 to

1891 3084 68 20 prove
1968 3076 188 26 how.much'cafe
2171 3079 19 22 is
2200 3079 69 23 taken
2277 3079 31 28 by
2318 3086 40 16 our
2366 3079 49 28 paid
2423 3084 46 22 pro-

1892 3107 83 19 tectors
1983 3105 68 21 'even;
2062 3105 26 22 of
2089 3102 12 15 v
2105 3105 38 23 the
2159 3104 77 29 beach',
2252 3106 38 22 the
2309 3106 54 32 only
2380 3105 61 29 place
2458 3103 10 21 I

1892 3130 86 22 believe
1994 3130 55 28 they
2058 3138 37 16 are
2112 3140 53 15 ever
2178 3132 82 23 known
2276 3137 22 18 to
2313 3133 57 22 visit.
2397 3130 73 27 Surely

1893 3164 40 14 our
1950 3159 83 25 worthy
2052 3158 75 23 Police
2135 3182 3 4 ,
2143 3159 133 28 Magistrate
2293 3159 72 28 might
2380 3159 54 22 look
2450 3161 20 17 to

1893 3183 61 23 these
1964 3184 83 28 things,
2058 3192 24 15 or
2091 3185 21 22 is
2119 3186 20 22 it
2145 3186 98 23 beneath
2250 3187 36 22 his
2295 3186 84 28 dignity
2382 3186 9 21 f
2397 3210 5 6 #
2417 3185 35 21 As
2460 3190 12 15 a

1893 3214 91 20 servant
1997 3213 26 21 of
2039 3211 38 23 the
2090 3213 85 27 public,'
2189 3221 25 15 as
2228 3221 42 15 one
2285 3213 48 23 who
2347 3210 96 24 receives
2459 3217 13 15 a

1893 3237 73 29 salary
1980 3238 36 23 for
2030 3238 39 23 the
2081 3240 156 27 performance
2253 3239 26 23 of
2295 3238 82 24 certain
2393 3237 78 27 duties,

1893 3271 33 15 we
1935 3265 59 22 have
2003 3272 14 15 a
2026 3265 59 27 right
2095 3269 22 19 to
2127 3270 79 25 expect
2220 3266 49 22 that
2283 3265 66 26 those,
2353 3264 69 23 duties
2431 3261 41 25 will

1893 3291 28 21 be
1931 3291 137 28 'performed.
2089 3293 31 22 -It
2135 3293 19 22 is
2169 3301 16 15 n
2183 3290 4 10 !
2187 3302 13 14 o
2215 3299 78 17 excuse
2308 3292 38 31 for^
2354 3291 35 22 the
2398 3291 73 23 Police

1894 3317 132 33 Magistrate
2036 3319 49 23 that
2100 3319 36 23 his
2150 3320 124 23 constables
2288 3325 37 15 are
2339 3317 119 23 inefficient
2463 3317 7 21 !

1894 3344 23 22 It
1924 3345 20 22 is
1954 3352 30 15 no
1994 3353 85 15 answer
2091 3349 24 19 to
2124 3347 39 22 the
2177 3346 75 28 public
2267 3348 23 18 to
2304 3344 39 22 tell
2357 3344 60 23 them
2427 3345 45 22 that

1893 3371 35 23 his
1937 3377 102 17 servants
2053 3373 59 23 have
2126 3374 64 22 acted
2203 3371 147 28 negligently!
2378 3371 72 24 When
2459 3378 12 15 a

1889 3405 57 15 man
1956 3399 64 23 takes
2029 3407 14 14 a
2053 3403 103 23 contract,
2169 3401 19 21 it
2201 3400 19 21 is
2229 3399 37 21 the
2277 3398 133 24 undeniable
2420 3399 50 26 duty

1894 3425 25 21 of
1930 3425 49 23 that
1989 3434 60 18 man,
2051 3429 23 20 to
2084 3421 183 38 seeSraoever^he
2279 3424 33 27 (as
2323 3425 87 27 master)
2421 3432 49 20 may

1895 3453 95 27 employ,
2001 3453 54 22 that'
2061 3453 52 27 they
2123 3453 28 22 do
2159 3452 59 22 their
2220 3449 61 31 idtuty
2290 3455 22 19 to
2321 3452 39 22 the
2370 3455 100 20 contract.

1894 3479 23 22 A
1925 3483 75 24 pretty
2009 3479 64 28 thing
2087 3479 82 23 indeed
2184 3478 48 22 that
2242 3478 39 23 the
2296 3479 86 23 settlers
2396 3481 76 20 cannot

1895 3506 62 22 stroll
1978 3507 70 22 about
2067 3510 58 18 town
2130 3505 111 22 'without
2264 3505 84 29 danger
2367 3507 23 21 of
2409 3506 62 25 being

1893 3533 97 22 robbed!
2028 3531 177 30 Self-protection
2223 3532 18 22 is
2263 3532 38 23 the
2324 3533 48 22 first
2390 3533 44 23 law

1884 3557 96 30 *hature,
1992 3560 45 22 and
2046 3559 23 22 if
2077 3559 39 21 the
2131 3558 110 23 Colonists
2258 3567 37 15 are
2312 3563 39 19 not
2360 3560 22 22 to
2389 3559 81 23 receive

1893 3587 123 27 protection
2026 3585 128 31 from^those
2170 3586 50 22 who
2230 3593 38 16 are
2277 3587 75 22 bound
2361 3590 21 19 to
2390 3587 81 28 protect

1895 3613 99 27 them/I,
2004 3620 25 15 as
2039 3620 29 14 an
2072 3612 97 24 .humble
2179 3613 133 28 individual,
2319 3613 71 23 would
2399 3613 71 21 advise

1895 3646 66 21 every
1970 3647 41 15 one
2021 3639 50 23 who
2080 3646 53 21 may
2142 3640 27 22 be
2186 3643 39 28 put
2238 3641 58 21 after
2312 3641 55 22 dark
2382 3643 19 20 to
2411 3645 59 20 carry

1894 3673 59 15 arms
1966 3667 55 21 -with
2034 3666 55 27 him,
2100 3670 24 18 to
2237 3667 94 23 Himself
2341 3667 55 23 from
2411 3666 59 22 those

1896 3692 46 24 who
1953 3693 44 22 will
2006 3693 99 28 speedily
2116 3700 50 16 ease
2174 3694 49 23 him
2232 3695 26 21 of
2269 3694 31 22 all
2314 3694 29 22 he
2352 3700 49 21 may
2409 3693 60 22 have.

1977 3720 13 22 I
1999 3719 57 23 have
2067 3720 37 22 the
2113 3720 73 23 honor
2194 3724 24 20 to
2228 3721 93 28 remain,
2332 3721 41 26 Sir,
2401 3732 3 4 >

2166 3747 82 23 Your's
2258 3747 145 29 respectfully,
2414 3745 34 23 W.

1894 3806 57 23 New
1966 3805 111 23 Zealand
2083 3813 35 14 'in
2133 3806 54 22 1842
2193 3813 8 20 ;
2210 3808 3 4 '
2219 3813 30 14 or
2263 3813 46 15 the
2324 3812 91 15 effects
2423 3810 26 15 of
2458 3808 11 16 a

1920 3832 51 23 Bad
1996 3832 161 23 Government
2182 3840 30 15 on
2236 3840 15 15 a
2276 3832 66 22 Good
2361 3832 108 21 Country.

1921 3859 29 22 In
1964 3867 16 15 a
1994 3860 95 22 Letter
2102 3867 29 14 to
2152 3867 45 14 the
2216 3859 81 22 Right
2318 3859 151 22 Honourable

1921 3886 66 23 Lord
2010 3888 114 25 Stanley,
2149 3886 129 23 Principal
2298 3886 131 22 Secretary
2446 3888 23 16 of

1921 3914 75 22 State
2016 3921 45 15 for
2081 3921 46 14 the
2147 3913 122 27 Colonies,
2293 3919 29 16 by
2345 3912 22 21 S.
2388 3911 32 22 M.
2434 3909 35 22 -D.

1920 3940 109 28 Martin,
2054 3940 73 28 M.D.,
2141 3939 144 24 -President
2309 3946 27 16 of
2357 3944 43 17 the
2418 3936 51 23 New

84 2879 50 24 The
162 2879 108 23 schooner
299 2877 130 30 Elizabeth,
452 2879 55 23 with
537 2879 96 23 Colonel

49 2912 136 30 Wakefield,
201 2912 106 24 returned
327 2911 59 24 from
402 2910 125 25 Auckland
550 2917 84 26 yester-

56 2947 50 29 day.

85 2979 47 24 She
143 2987 45 16 was
206 2979 149 30 twenty-four
375 2978 54 31 days
449 2979 89 31 getting
560 2983 23 20 to
599 2979 37 24 the

52 3013 80 31 Gulph
146 3012 25 23 of
186 3011 122 30 Shouraki,
323 3012 25 23 of
363 3011 74 24 which
456 3012 41 23 she
516 3020 45 16 was
576 3012 60 24 hove

51 3051 24 19 to
87 3046 102 23 fourteen
207 3045 35 24 off
254 3046 37 23 the
310 3045 61 24 East
473 3044 45 25 arid
534 3046 40 23 she
594 3046 42 23 has

50 3079 60 24 been
132 3079 89 23 twelve'
238 3079 53 30 days
321 3078 140 31 performing
489 3079 39 23 the
557 3083 78 21 return

54 3119 104 24 passage.

89 3145 94 23 Colonel
193 3144 127 24 Wakefield
338 3153 47 15 was
403 3145 79 30 nearly
494 3154 14 15 a
524 3145 78 24 month
615 3150 24 19 at

53 3178 140 29 Auckland,,
205 3178 44 23 and
263 3175 109 26 intended
391 3179 119 31 returning
532 3179 26 23 in
574 3186 62 16 com-

54 3219 61 24 pany
126 3210 53 24 with
191 3211 39 23 the
243 3211 155 24 Government
409 3211 50 30 brig
475 3211 110 30 Victoria,
597 3212 42 24 but

54 3253 63 23 upon
127 3244 98 30 hearing,
233 3243 37 24 the
282 3244 111 32 difficulty
405 3244 70 24 about
493 3245 38 23 the
552 3246 86 30 Corpo-

56 3278 74 24 ration
142 3277 94 23 election
254 3277 183 35 here^-hastened
455 3281 23 20 to
492 3282 81 20 -return
585 3279 54 23 with

54 3312 40 23 the
104 3310 61 32 legal
176 3309 138 24 authorities'
323 3311 99 31 opinion,
434 3310 75 24 which
527 3312 22 23 is
567 3315 23 20 to
602 3312 39 23 the'

56 3345 66 24 effect
134 3344 49 24 that
196 3351 29 15 an
230 3343 5 13 ;
245 3343 100 23 election,
358 3352 46 15 was
423 3352 130 24 necessary.
574 3347 4 5 '
589 3345 50 23 The

57 3377 124 25 Elizabeth
198 3384 47 16 was
264 3375 33 24 off
320 3377 98 23 Palliser
437 3377 50 31 Bay
508 3385 30 16 on
556 3378 84 32 Friday

56 3411 53 29 last,
122 3410 44 24 and
179 3409 93 25 Colonel
294 3408 126 25 Wakefield
440 3410 87 31 hoped..
531 3415 33 19 to.
572 3411 29 24 be
616 3412 23 23 in

57 3446 54 22 time
123 3449 23 19 to
157 3447 97 28 prevent
266 3441 43 25 the-
321 3442 43 23 bill
383 3443 58 23 from
458 3443 100 33 lapsing,-
568 3444 72 25 which

57 3479 21 22 is
101 3478 38 22 the
167 3483 154 24 consequence
345 3475 26 23 of
396 3481 39 18 not
457 3478 136 31 pfoce'edirl'g
618 3483 22 19 to

59 3511 94 24 another
165 3510 103 24 election.
303 3508 45 24 We
367 3507 85 25 believe
464 3517 14 15 a
487 3505 115 30 biU'must
615 3519 26 16 De

57 3544 83 31 passed
151 3543 30 31 by
193 3543 37 23 the
243 3542 141 31 Legislative
404 3542 96 24 Council
519 3548 22 18 to
562 3545 78 23 enable

57 3578 40 23 the
110 3577 149 30 Corporation
269 3575 47 24 Act
326 3580 24 18 to
362 3575 29 23 be
411 3575 125 31 again-put
546 3570 94 31 in'force

57 3611 26 23 in
108 3609 150 31 Wellington,
279 3609 45 23 and
344 3616 26 16 as
386 3615 30 16 no
432 3605 97 26 Council
550 3617 42 16 can
612 3611 29 23 b&i

61 3643 72 24 called
143 3643 60 23 until
214 3650 14 15 a
234 3663 4 6 ,
247 3650 49 15 new
317 3641 119 24 Governor
456 3642 93 29 arrives,
560 3644 19 21 it
590 3651 51 25 may

58 3677 30 23 be
99 3676 80 24 twelve
194 3675 91 24 months
302 3674 79 24 before
392 3682 33 16 we
437 3682 38 15 are
493 3675 68 30 again
571 3677 70 28 under,

58 3709 73 25 Local
143 3709 162 23 Government.
386 3714 4 6 '
622 3723 3 5 .
640 3707 2 30 \

94 3743 44 23 We
150 3742 81 24 should
243 3748 98 25 suppose
353 3749 25 16 as
390 3741 37 24 the
444 3740 41 24 bill
504 3740 41 24 has
564 3743 77 23 ceased'

61 3782 23 18 to
96 3776 28 23 be
134 3777 24 22 in
171 3775 65 24 effect
247 3775 48 23 that
306 3774 39 24 the
358 3775 75 31 acting
445 3773 120 25 Governor
576 3775 65 27 cqnld

61 3817 66 16 cause
140 3810 18 22 it
171 3809 66 30 again
247 3813 23 18 to
280 3808 30 23 be
324 3807 90 32 applied
424 3808 30 30 by
469 3807 172 32 proclamation.'

61 3841 99 32 Though
172 3842 62 23 there
244 3849 50 23 may
301 3841 35 24 .be
348 3848 30 16 no
395 3841 115 23 sufficient
527 3848 73 24 power
619 3846 22 19 to

62 3879 74 20 create
146 3874 42 24 law
200 3874 64 24 there
272 3881 53 24 may
337 3873 29 24 be
377 3873 38 24 the
425 3882 77 23 power
515 3874 24 23 of
549 3875 92 31 causing

62 3908 107 31 existing-
177 3908 54 23 laws
248 3911 22 19 to
281 3907 28 23 be
321 3906 91 32 applied
423 3907 31 32 by
464 3907 177 32 Proclamation.)

96 3940 50 25 The
167 3941 155 24 Government
343 3940 53 31 brig
415 3940 55 25 with
497 3940 37 25 the
557 3940 84 33 Acting

700 3042 31 23 In
742 3050 41 15 our
790 3042 94 32 journal
893 3042 25 23 of
926 3042 45 23 last
979 3040 152 32 Wednesday,
1145 3049 32 16 we
1189 3049 62 16 com-

666 3076 90 22 mented
767 3083 62 24 upon
841 3076 48 23 Mr.
903 3074 196 28 Hanson's.letter
1110 3078 31 20 to,
1144 3075 39 23 the
1193 3075 58 23 Cor-

666 3110 103 29 poration
788 3109 105 28 Council,
912 3108 115 30 declaring
1043 3107 29 23 he
1087 3107 75 24 would
1178 3109 73 22 main-

668 3142 46 23 tain
727 3142 37 23 the
774 3142 64 31 right
849 3142 26 23 of
889 3142 38 23 the
943 3145 68 28 party
1020 3135 41 29 he^
1065 3141 146 31 represented
1229 3145 22 19 to

667 3175 39 22 the
724 3175 174 24 encroachment
913 3175 75 24 which
997 3173 43 23 had
1052 3173 58 24 been
1118 3174 66 24 made
1191 3182 62 24 upon

668 3208 39 23 the
718 3208 76 31 public
806 3208 63 24 road.

703 3241 29 24 In
745 3241 45 24 the.
795 3241 103 24 Colonist
908 3242 26 23 of
942 3241 39 24 the
988 3239 114 32 following
1112 3240 95 32 Friday,
1219 3248 34 16 we

667 3275 48 23 find
725 3283 20 15 .a
760 3275 66 31 reply
838 3279 83 25 to^our
939 3275 126 27 strictures,
1084 3277 40 20 not
1134 3274 61 24 from
1214 3274 41 26 the.

667 3316 46 22 pen
724 3309 25 22 of
765 3308 48 24 Mr.
826 3308 100 24 Hanson
938 3316 25 15 as
981 3306 89 25 Editor.
1074 3307 25 23 of
1113 3306 51 24 that
1174 3314 77 25 paper,

668 3341 42 23 but
720 3342 23 22 in
755 3340 36 24 his
799 3349 52 15 own
857 3349 74 22 name,
944 3339 173 25 andaddressed
1125 3344 24 19 to
1158 3340 95 24 Samuel

669 3374 102 29 Revans,
783 3374 110 32 Esquire.
1113 3386 16 5 -
1253 3396 3 11 ,

670 3428 3 5 ,
703 3407 50 24 The
763 3408 74 28 .letter
849 3415 141 16 commences
1002 3406 53 24 with
1066 3413 30 16 an
1112 3406 144 31 insinuation;

669 3440 50 24 that
730 3448 32 16 we
769 3448 58 16 were
839 3441 104 24 actuated
954 3441 31 31 by
992 3439 159 25 discreditable
1157 3439 100 25 motives'

669 3478 23 19 to
704 3470 67 27 make
788 3471 38 26 the
840 3481 119 24 .exposure
971 3473 27 24 of
1014 3472 75 24 which
1099 3473 122 32 complaint
1232 3474 21 23 is
1254 3472 3 14 1

669 3507 73 30 made,
762 3507 50 24 that
829 3507 50 24 Mr.
901 3507 99 24 Hanson
1018 3506 20 23 is
1050 3506 135 31 acquainted
1199 3506 58 28 with,

670 3540 58 24 their
736 3544 87 26 nature,
836 3540 46 24 and
893 3540 49 24 that
952 3547 34 17 we
994 3539 71 31 ought
1073 3544 24 19 to
1108 3540 30 23 be
1147 3540 110 31 thankful;

661 3570 31 26 **tb
705 3573 38 24 the
753 3573 153 31 forbearance,
920 3572 74 26 which
1011 3572 41 24 has
1062 3573 98 24 induced
1171 3573 47 24 him
1230 3577 27 19 to-

669 3606 89 24 abstain
769 3607 58 24 from
841 3608 145 30 occasioning
995 3613 28 16 us
1034 3606 43 26 .the
1093 3606 158 30 discomfiture,

669 3639 74 25 which
752 3640 71 25 \yould
836 3639 58 25 have
905 3639 107 25 attended
1022 3639 36 23 his
1070 3639 136 32 submitting
1216 3636 41 27 his'

669 3672 131 33 knowledge
812 3678 24 19 to
847 3674 40 23 the
897 3674 91 31 public,
990 3681 17 5 *
1018 3671 44 25 We
1077 3672 73 32 really
1160 3681 40 16 are
1209 3681 43 15 un-

670 3706 50 23 able
743 3712 23 18 to
789 3706 152 32 compfcehend
949 3710 50 31 $os.
1003 3705 60 24 what
1080 3705 50 24 Mr.
1152 3706 99 24 Hanson

670 3738 213 31 makes>refererice,
901 3736 168 32 andjtherefore
1079 3742 59 20 treat
1149 3739 38 24 the
1200 3747 53 24 pre-

670 3772 80 24 tended
760 3771 146 26 forbearance
922 3773 56 25 with
997 3772 38 24 the
1054 3776 114 27 contempt
1181 3772 23 24 it
1213 3773 40 23 de-

671 3812 83 17 serves.
790 3806 44 23 We
836 3804 8 11 51
842 3814 2 5 '
853 3806 88 25 confess
952 3815 34 16 we
1004 3805 57 24 have
1079 3812 70 17 never
1159 3805 53 26 felt,
1220 3813 33 16 we

670 3845 57 15 were
739 3838 23 22 in
775 3838 37 24 the
822 3846 77 23 power
908 3840 25 23 of
950 3846 46 25 any
1007 3846 59 21 man,
1087 3838 45 24 and
1144 3839 109 31 certainly

670 3870 73 24 would
754 3876 40 18 not
805 3876 79 28 accept
896 3872 26 24 of
931 3880 41 16 our
983 3872 98 32 position
1093 3876 24 19 at
1132 3872 38 23 the
1180 3871 73 24 hands

671 3904 23 23 of
706 3904 47 24 Mr.
767 3904 107 26 Hanson.
910 3905 36 25 As
959 3905 82 25 Editor
1051 3905 26 23 of
1091 3905 38 23 the
1143 3904 110 30 Colonist,

671 3937 48 25 Mr.
734 3937 97 24 Hanson
843 3937 43 26 has
898 3939 57 24 been
967 3937 69 33 ready
1046 3943 22 20 to
1080 3938 68 31 bring
1159 3938 95 31 charges

539 47 98 45 &i)t
661 46 117 42 w*ft>
805 45 209 42 Ztaianh
1038 44 189 46 <&a}tttt
1252 44 91 41 atfa
1366 44 302 47 Wellington
1692 40 256 52 Shptttetov.

652 134 117 23 Governor
780 134 46 23 and
834 134 66 28 suite,
913 133 61 23 Mrs.
988 131 129 29 Shpxtland,
1130 131 44 24 and
1181 132 49 23 Mr.

652 166 79 31 Spain,
740 174 59 15 were
817 170 23 19 to
857 166 64 23 leave
938 163 125 26 Auckland
1072 165 46 23 last
1129 163 103 32 Monday

651 191 75 37 weekj'
734 198 92 24 for-this
834 198 72 31 place.
948 191 102 33 She(was
1062 202 23 19 to
1098 197 49 24 call-
1150 205 31 16 on
1190 196 42 24 her

651 239 48 23 way
711 231 157 31 at.Tauranga
879 236 23 18 to
913 229 68 25 settle
992 237 62 16 some
1061 229 91 32 dispute
1158 230 72 28 there,

652 264 45 24 and
717 265 19 23 it
757 271 47 17 was
813 259 5 7 '
825 264 113 32 supposed
956 262 41 23 she
1014 262 74 23 would
1104 262 29 24 be
1143 262 90 30 leaving

651 297 48 23 that
710 297 63 31 place
783 297 68 23 about
861 295 127 32 yesterday,
998 295 44 23 and
1049 295 40 23 she
1096 302 52 23 may
1157 295 82 23 there-

650 330 49 23 fore
709 330 29 23 be
750 330 108 31 expected
866 330 54 23 here
931 330 27 22 in
969 328 77 23 about.
1049 336 13 14 a
1072 328 73 24 week,
1164 339 6 17 j
1183 349 4 7 ,

683 363 79 23 Anew
772 370 78 24 paper,
859 362 71 24 called
937 360 39 25 the
981 360 120 24 Auckland
1108 360 124 29 Chromcle~,

649 395 47 24 had
704 395 66 29 been..
774 391 164 30 established/?
938 400 3 5 1
955 393 25 24 It
990 394 19 22 is
1020 393 90 31 printed
1193 393 39 23 the

651 428 156 24 Government
817 432 60 27 typej
884 427 50 24 'and
946 426 20 24 is
978 426 48 23 said
1038 429 23 20 to
1072 426 29 23 be
1113 420 54 38 we^l
1177 433 55 16 con-

653 461 90 23 ducted.
802 459 3 5 '
853 459 23 7 ''
886 453 11 14 i
899 463 4 3 -
1080 478 4 4 -
1220 461 3 6 '

648 510 4 5 ~
684 494 51 24 The
745 492 38 26 St.
799 493 94 31 George?
905 494 47 23 had
969 491 89 25 arrived
1068 496 23 19 at
1103 491 129 29 Auckland,

649 527 60 23 from
720 527 38 23 the
767 527 50 23 Isle
828 527 26 23 of
875 526 87 32 Wight,
975 525 54 23 with
1040 525 79 30 ninety
1132 524 102 32 juvenile

651 559 141 32 delinquents
814 567 30 16 on
858 559 78 29 hoard,
955 557 71 25 under
1044 557 83 31 charge
1144 558 26 23 of
1184 557 48 24 Go-

651 597 117 19 vernment
788 592 107 25 Officers.
932 593 68 23 Some
1011 598 59 16 were
1081 590 109 24 liberated
1205 598 37 16 on*

652 626 89 30 arrival,
752 646 5 5 ,
764 626 76 23 othets
850 645 4 3 .
863 633 57 16 were
946 628 24 19 to
992 631 65 16 serve
1084 631 14 15 a
1124 628 58 19 term
1189 623 47 24 vof

652 659 190 31 apprenticeship.
877 658 64 24 This-
948 657 21 24 is
980 656 93 24 another
1084 656 149 24 modification

652 692 26 23 of
685 693 184 29 transportation,
886 692 90 30 against
992 689 74 23 which
1074 696 52 16 ;one
1143 690 43 23 and
1194 689 40 23 -all

652 729 62 19 must
738 729 95 26 protest.
889 724 24 24 It
929 724 23 23 is
969 730 15 16 a
999 726 128 20 monstrous
1144 730 48 23 way
1211 722 26 24 of

651 758 69 30 using
729 758 38 23 the
779 758 134 30 emigration
924 756 64 28 fund,
995 755 35 23 for
1042 755 139 24 weOthiriKit
1192 758 41 21 can'

652 790 28 24 he
700 790 76 24 shown
795 790 50 24 that
862 798 13 15 a
891 797 71 17 worse
980 788 64 24 mode
1049 788 33 23 -of
1086 784 107 35 'flooding
1199 796 33 15 -us

652 823 55 24 with
719 824 99 23 convicts
830 823 66 24 could
906 827 42 19 not
955 821 30 24 be
996 821 138 24 corfceived..
1139 819 3 13 1
1175 824 13 16 '-'

685 856 44 24 We
746 856 61 31 have,
817 864 75 23 .every
906 862 82 18 reason
999 854 34 24 for
1050 854 120 31 believing,
1184 854 50 24 that

653 889 87 31 shortly
746 889 57 24 after
811 889 38 24 the
855 889 83 24 arrival
948 888 26 24 of
981 887 37 24 the
1026 888 75 30 acting
1108 887 129 30 Governor,,

653 922 30 23 all
700 922 38 24 the
742 934 3 10 i
756 922 69 24 Land
847 922 86 24 Claims
953 920 47 24 will
1181 917 56 27 "and'

653 955 159 31 satisfactorily
825 955 119 31 arranged.

1391 2657 54 21 1839

1391 2684 55 21 1840

1391 2711 53 21 1841

1392 2738 55 21 1842

1508 2631 108 20 Number.

1514 2663 5 4 -
1566 2658 21 23 1,

1553 2684 27 21 12

1552 2712 28 19 22

1552 2738 30 21 24
1587 2733 8 26 ;

1659 2631 115 25 Tonnage.

1715 2657 26 21 75

1690 2684 54 21 1693

1688 2711 55 20 3062

1688 2738 56 20 2986

209 134 95 21 Public
320 134 131 22 Auction,
524 144 12 5 -
609 144 5 4 *

40 169 91 48 MR.
146 162 219 27 FITZHERIBERT
374 159 133 34 wiHselll;by
516 165 105 24 Auction,

130 197 23 19 at
161 194 34 21 his
212 194 80 25 Stores,
304 199 28 15 on
350 191 81 28 Friday
441 194 62 24 next,
514 191 37 22 9th
561 191 60 26 irist.,

41 225 23 18 at
73 221 49 21 half
129 224 48 23 past
186 220 77 22 twelve
273 218 93 27 o'clock,
409 217 124 34 "'"',

157 254 22 21 A
207 247 134 28 BRICK
372 250 134 23 STORE
525 254 4 9 l

37 280 25 22 in
70 280 71 21 Willis
151 280 77 26 Street,
238 278 54 22 with
303 279 27 20 14
344 285 64 20 years
423 278 68 26 lease,
508 278 116 20 immediate

36 308 123 25 potsession.

303 339 62 19 ALSO,

67 360 89 27 Surplus
166 360 80 26 Stores,
258 365 28 14 ex
299 359 78 25 George
385 358 62 27 Fyfe,
461 358 99 26 together
569 358 54 22 with

39 394 14 14 a
61 387 85 25 variety
155 386 26 21 of
188 385 63 22 other
259 384 165 23 merchandize.
499 400 3 4 .
592 398 21 8 .<

39 431 39 21 To
94 431 44 19 the
153 429 139 21 Creditors
302 429 32 21 of
347 429 107 26 Wright
463 429 56 20 and
529 428 92 21 Clark.'

57 465 17 19 A
104 462 159 23 DIVIDEND
273 463 26 21 of
304 462 45 22 five
359 461 100 27 shillings
464 462 25 21 in
499 461 38 22 the
545 461 77 26 pound

39 495 51 17 jLJI
118 489 44 22 will
180 490 28 21 be
223 489 51 27 paid
290 492 23 18 to
327 489 39 21 the
380 488 106 22 creditors
499 489 26 20 of
536 487 91 27 Wright-

39 516 44 22 and
102 516 72 27 Clark,
195 522 29 15 on
241 515 44 22 and
305 515 57 22 after
381 514 108 28 Monday,
510 515 36 21 the
569 514 53 22 28th

38 543 91 26 instant,
141 545 24 18 at
174 542 38 21 the
227 541 76 22 offices
320 541 26 22 of
366 541 90 22 Messrs.
475 541 85 23 Waitt,
576 548 45 15 and

39 569 85 22 Tyser.

68 600 144 27 Wellington,
228 600 49 21 Oct.
288 601 36 25 22,
334 600 61 21 1842.

87 654 4 3 -
107 653 10 4 -
278 643 108 21 Notice.

38 678 92 49 ALL
142 678 3 4 '
156 677 136 22 PERSONS
311 677 84 27 having
414 683 44 20 any
478 676 97 22 demand
593 683 30 14 on

103 704 38 22 the
157 703 156 28 undersigned,
337 703 170 27 are.tfequested
530 707 20 17 to
569 710 56 15 sena

38 731 39 22 the
100 738 60 15 same
177 731 25 21 in
220 730 154 27 immediately
393 733 22 18 to
433 730 92 21 Messrs.
543 729 82 28 Henry

39 758 81 27 Taylor
130 757 45 22 and
184 757 58 22 Cos.
254 757 72 22 Store.
432 760 86 23 '.,-
585 764 8 15 :

346 783 30 22 D.
391 783 22 21 S.
428 782 114 22 Durie'&
557 780 39 24 Col

40 810 143 27 Wellington,
195 810 130 21 November
334 811 34 25 18,
379 810 59 20 1842.

145 854 197 23 SUFFOLK
370 853 148 27 HOTEL,

316 888 30 15 BY

246 908 34 21 H.
301 908 54 21 Gar
357 908 57 24 rod,

94 948 124 14 THORNDON
238 947 68 20 QUAY,
322 947 63 15 NEAR
405 946 94 15 PIPITEA
517 947 52 14 PAH.

327 973 11 14 O

44 996 76 26 Wines,
140 996 86 25 Spirits,
246 994 37 26 8(C
303 994 28 26 of
345 995 36 19 the
393 995 54 26 first
466 995 88 28 quality,
571 1001 54 20 upon

233 1023 120 19 reasonable
365 1024 69 19 terms.
459 1038 3 4 .

234 1069 25 19 J.
273 1068 40 20 M.
328 1067 109 25 Taylor,

56 1101 150 22 LICENSED
231 1099 377 28 CUSTOM-HOUSE-AGENT,

287 1135 28 13 TE
331 1134 51 14 ARO.
