2520 4020
1889 146 93 19 ranean,
1994 140 76 25 15,000
2079 146 77 21 square
2170 141 71 27 miles,
2252 142 52 22 with
2318 149 15 14 a
2344 143 128 26 population

1890 165 26 21 of
1926 166 111 26 400,000.,
2081 188 3 6 ,
2304 182 3 4 .
2433 184 7 10 ,

1919 191 27 21 In
1957 192 44 21 and
2017 192 92 27 beyond
2124 192 132 29 Hindostan,
2267 196 111 26 1,096,210
2393 203 80 20 square

1891 217 74 27 miles,
1975 217 54 23 with
2038 226 14 14 a
2060 219 127 27 population
2198 219 26 22 of
2235 221 142 33 145,612j547.
2403 235 3 6 ,

1918 243 71 25 Here;
2005 244 59 27 then,
2076 252 37 14 are
2128 245 94 22 colonial
2236 254 132 20 possessions
2376 247 97 27 .enough

1891 273 22 18 to
1922 269 79 28 satisfy
2008 271 87 22 avarice
2104 271 44 22 and
2156 272 106 22 ambition
2268 273 64 23 itself.
2360 274 47 22 But
2415 281 30 15 no
2446 285 27 5 —

1890 295 49 22 that
1947 297 84 25 nation,
2034 296 45 23 still
2086 297 122 24 interposes
2218 306 14 15 a
2240 299 66 22 claim
2310 303 23 18 to
2339 301 38 22 the
2383 301 90 27 Oregon

1890 322 119 28 Territory,
2026 323 45 22 and
2092 324 71 22 would
2187 325 107 28 willingly
2308 325 52 23 shut
2381 330 40 19 out
2434 327 39 22 the

1891 348 86 23 United
1986 350 71 21 States
2066 350 58 22 from
2133 350 37 22 the
2180 350 82 23 Pacific
2271 355 82 18 Ocean.
2437 354 8 16 >'■

1919 375 54 22 This
1987 376 76 27 unjust
2079 377 44 21 and
2138 377 115 27 impudent
2266 378 64 22 claim
2344 378 45 22 will
2404 386 69 15 never

1889 401 29 21 be
1928 403 167 21 countenanced
2110 403 34 21 for
2158 410 14 14 a
2186 408 99 18 moment
2298 405 35 27 by-
2337 405 37 22 the
2384 405 89 23 Ameri-

1890 435 42 14 can
1946 429 85 27 people.
2059 428 48 23 The
2122 429 88 28 Oregon
2226 431 109 27 Territory
2343 431 21 21 is
2378 438 49 16 ours
2442 433 31 27 by

1889 454 61 27 right
1959 455 25 21 of
1992 455 160 32 discovery^by
2157 463 132 21 occupancy,
2296 457 44 22 and
2347 458 31 27 by
2386 461 73 24 treaty
2465 467 6 18 ;

1889 480 46 22 and
1944 483 40 20 not
1994 488 14 15 a
2015 482 49 21 foot
2073 483 26 21 of
2103 485 20 19 it
2131 482 44 22 will
2184 483 26 21 be
2219 483 144 23 surrendered
2371 487 23 19 to
2404 485 69 21 Great

1890 507 94 28 Britain,
1995 515 23 15 so
2027 508 56 27 long
2091 516 24 14 as
2125 516 31 14 we
2164 516 86 21 possess
2262 513 74 25 strong
2346 518 66 19 arms,
2422 510 51 23 firm

1889 533 46 22 and
1951 534 101 27 patriotic
2069 534 80 29 hearts,
2159 535 47 23 and
2219 535 37 23 the
2270 543 116 21 necessary
2393 544 80 18 .means

1889 562 24 19 to
1923 560 83 22 defend
2015 561 25 21 it.

1918 586 35 22 Its
1962 588 124 26 possession
2092 588 21 22 is
2123 588 103 22 essential
2233 591 22 19 to
2263 589 38 22 the
2309 589 86 22 United
2401 590 72 22 States

1888 612 36 22 for
1933 612 38 23 the
1981 614 124 24 control.,ol
2116 614 38 22 the
2168 615 82 23 Indian
2266 616 127 31 population
2401 616 25 22 in
2435 616 37 22 the

1888 645 51 16 rear
1948 640 27 21 of
1986 647 39 15 our
2033 643 93 19 western
2140 644 138 26 states;*<ana
2292 646 28 18 its
2334 642 65 22 value
2414 645 24 19 to
2447 650 26 15 us

1888 665 25 22 in
1923 673 14 14 a
1946 666 140 23 commercial
2095 668 60 26 point
2163 668 26 22 of
2200 668 55 22 view
2265 673 25 17 at
2297 669 43 21 this
2349 668 62 29 early
2420 669 50 27 day,

1881 708 2 7 ,
1889 699 43 14 can
1940 691 81 29 hardly
2030 693 29 22 be
2203 695 46 21 and
2264 702 14 15 a
2287 695 78 27 longer
2374 695 67 27 delay
2451 697 22 20 to

1890 725 85 21 occupy
1984 719 18 22 it
2010 722 59 19 must
2078 720 45 21 and
2132 720 214 29 will-beaproductive
2356 722 30 22 of'
2391 722 82 27 lasting

1883 745 84 27 .injury
1977 748 23 19 to
2008 746 38 21 the
2053 747 84 21 nation.

1918 772 36 21 On
1970 772 44 23 this
2027 772 133 28 interesting
2179 773 45 22 and
2232 784 2 5 >
2240 772 132 34 importafyj*
2377 775 93 27 subject,

1890 797 61 27 then,
1963 805 40 15 our
2010 799 150 27 negociations
2165 800 55 22 with
2226 800 68 22 Great
2304 801 84 22 Britain
2394 801 79 23 should

1889 824 29 21 be
1935 824 151 29 immediately
2099 826 108 28 renewed,
2222 827 45 22 and
2281 827 56 22 their
2350 828 124 28 pretended

1892 850 68 23 claim
1970 851 78 22 should
2057 853 28 21 be
2095 853 101 28 formally
2203 853 155 31 relinquished.
2455 868 4 8 ,

1918 877 36 27 By
1962 877 39 22 the
2010 880 133 21 convention
2149 879 57 23 with-
2210 880 68 22 Great
2288 880 84 23 Britain
2379 881 26 22 of
2412 882 59 26 1818,

1888 903 20 22 it
1916 911 46 15 was
1971 905 125 27 stipulated,
2111 913 24 15 as
2144 906 17 21 it
2168 906 91 27 regards
2268 906 38 23 the
2318 907 93 27 teritory
2421 912 53 18 west

1890 930 26 21 of
1923 930 39 22 the
1972 931 69 27 Stony
2051 932 197 33 Mountains,gand
2257 933 75 22 onthe
2341 934 132 22 north-west

1889 960 70 23 coast,
1970 957 7 11 '
1983 957 48 23 that
2040 965 42 21 any
2092 956 173 35 countryjjyfifch
2277 967 51 21 may
2337 960 30 22 be
2376 960 96 23 claimed

1889 983 32 28 by
1935 984 71 21 either
2018 988 65 24 party
2096 985 62 27 shall,
2173 985 54 23 with
2240 986 28 22 its
2281 986 113 28 harbours,
2410 987 62 28 bays,

1889 1016 77 21 nvers,
1979 1011 47 27 &c,
2037 1011 28 22 be
2074 1012 49 21 free
2132 1012 45 22 and
2186 1019 57 20 open
2248 1013 35 21 for
2291 1012 37 23 the
2337 1016 57 19 term
2404 1014 26 21 of
2436 1017 37 19 ten

1890 1043 64 21 years
1961 1040 21 18 to
1989 1037 37 22 the
2033 1038 88 28 vessels,
2132 1038 98 27 citizens,
2241 1040 39 21 &c.
2288 1040 25 21 of
2318 1040 56 21 both
2380 1047 92 19 powers.

1892 1063 54 22 And
1959 1063 32 28 by
2000 1064 37 22 the
2042 1066 138 25 .convention
2189 1066 28 21 of
2229 1065 58 27 1827,
2303 1066 52 22 with
2365 1066 38 22 the
2413 1074 60 15 same

1889 1097 81 20 power,
1987 1090 47 22 that
2045 1091 26 22 of
2083 1093 53 21 1818
2145 1099 44 15 was
2204 1092 133 28 indifinitely
2351 1093 120 28 extended,

1891 1116 53 21 with
1954 1118 128 26 permission
2092 1118 28 22 of
2132 1118 69 22 either
2215 1122 64 24 party
2289 1123 20 18 to
2324 1119 106 27 abrogate
2446 1120 24 28 it,

1890 1150 61 20 upon
1961 1144 79 21 twelve
2050 1145 95 22 months'
2154 1146 81 21 notice.

1918 1169 48 22 The
1979 1170 69 23 whole
2058 1172 25 21 of
2091 1171 37 22 the
2139 1172 108 27 territory,
2258 1171 59 27 then,
2327 1173 20 22 is
2357 1172 7 11 '
2371 1172 46 23 free
2427 1173 46 22 and

1890 1203 56 20 open
1954 1197 5 8 '
1975 1198 23 20 to
2007 1197 38 22 the
2053 1198 92 22 citizens
2154 1198 25 22 of
2190 1198 39 21 the
2238 1198 81 23 United
2334 1200 79 26 States,
2429 1200 45 22 and

1889 1223 55 27 they
1952 1223 57 22 have
2019 1231 29 14 an
2066 1224 107 23 admitted
2187 1225 60 27 right
2262 1228 23 19 to
2299 1226 22 26 it,
2337 1226 35 22 for
2387 1226 87 23 Britain

1890 1249 41 22 has
1941 1249 173 29 acknowledged
2130 1259 39 14 our
2179 1252 47 21 title
2242 1256 22 18 to
2274 1252 30 22 all
2316 1252 38 22 the
2371 1252 103 29 territory

1890 1275 67 22 south
1966 1277 29 20 of.
2000 1277 36 22 the
2046 1278 126 27 Columbia;
2188 1278 46 22 and
2243 1278 19 22 if
2269 1278 38 23 she
2316 1279 38 22 did
2363 1280 40 21 not
2413 1287 60 15 com-

1890 1302 61 27 plain
1966 1303 40 22 her
2019 1304 130 28 complaints
2158 1304 73 23 would
2244 1305 27 22 be
2285 1306 139 27 groundless,
2439 1306 35 22 for

1890 1336 41 15 our
1939 1329 61 26 right
2008 1333 23 18 to
2041 1330 70 23 whole
2122 1330 89 28 teritory
2218 1332 19 21 is
2246 1327 136 28 undoubted.

1919 1356 49 21 Self
1975 1357 94 22 defence
2083 1358 19 21 is
2116 1357 38 23 the
2168 1358 49 21 first
2224 1358 42 22 law
2283 1358 24 22 of
2320 1362 92 24 nature;
2429 1360 45 21 and

1890 1389 42 15 our
1949 1386 93 19 western
2060 1387 67 20 states
2145 1384 45 23 and
2210 1385 117 22 territories
2345 1388 83 20 cannot
2445 1386 28 23 be

1890 1409 126 28 effectually
2026 1411 111 22 defended
2145 1412 88 26 against
2245 1412 38 21 the
2292 1412 82 23 Indian
2382 1413 92 27 popula-

1890 1435 54 27 tion,
1957 1437 93 22 without
2059 1438 124 27 occupying
2192 1437 48 23 that
2253 1438 100 24 territory
2359 1447 6 19 ;
2381 1440 46 21 and
2436 1439 38 23 the

1890 1462 45 28 day
1943 1463 20 22 is
1972 1466 38 19 not
2019 1464 34 21 far
2064 1464 87 27 distant,
2161 1464 66 22 when
2241 1471 30 15 no
2281 1466 63 21 small
2353 1466 88 27 portion
2451 1466 26 22 of

1890 1496 42 15 our
1942 1490 99 21 national
2051 1494 74 24 troops
2133 1491 44 22 will
2185 1491 28 22 be
2224 1498 116 22 necessary
2348 1493 24 22 in
2381 1492 50 23 that
2440 1500 36 15 re-

1890 1515 63 28 gion.
1959 1536 3 8 ,

1917 1543 34 21 To
1965 1543 68 22 doubt
2046 1544 51 28 this,
2116 1545 20 21 is
2149 1547 23 20 to
2190 1544 70 23 doubt
2276 1544 47 23 that
2338 1553 14 14 a
2370 1546 63 28 spirit
2452 1546 25 23 of

1889 1569 84 28 rivalry
1979 1570 43 21 will
2029 1571 57 22 exist
2096 1571 98 22 between
2205 1571 38 22 the
2250 1571 94 23 Hudson
2353 1572 50 28 Bay
2411 1574 64 21 Com-

1889 1597 117 26 panyand
2015 1604 42 15 our
2071 1598 92 21 citizens
2177 1598 23 21 in
2209 1598 38 21 the
2256 1598 36 22 fur
2307 1599 68 27 trade,
2387 1607 27 14 or
2427 1600 49 22 that

1890 1622 40 22 the
1940 1623 55 22 time
2006 1624 43 22 will
2059 1631 64 15 come
2132 1624 64 23 when
2207 1625 47 21 that
2262 1625 113 28 Company
2382 1626 44 22 will
2437 1634 38 14 ex-

1890 1649 43 22 cite
1942 1650 94 27 feelings
2047 1651 26 21 of
2085 1651 97 27 hostility
2191 1659 83 19 among
2283 1652 36 22 the
2330 1652 94 23 Indians
2433 1661 42 15 un-

1890 1676 74 22 under
1973 1677 153 26 their,cpntrol
2135 1678 86 27 against
2229 1685 33 16 us.
2320 1692 92 8 ...

1918 1703 42 21 We
1974 1703 57 22 have
2041 1711 52 14 seen
2111 1705 37 22 the
2158 1705 125 27 operations
2292 1706 26 21 of
2328 1705 39 23 the
2381 1706 94 28 English

1890 1729 54 22 East
1955 1730 65 22 India
2030 1731 116 27 Company
2154 1739 5 14 :
2174 1739 33 14 we
2217 1732 56 21 have
2283 1739 53 15 seen
2347 1732 37 23 the
2394 1737 49 18 acts
2452 1734 25 21 of

1891 1755 117 23 hostilities
2022 1757 101 23 between
2135 1758 37 22 the
2186 1758 55 23 rival
2258 1758 82 23 British
2353 1759 38 22 fur
2410 1760 66 23 Com-

1888 1783 80 48 ?»anies
1978 1790 28 15 on
2015 1791 47 19 our,
2066 1792 49 15 own
2126 1785 121 22 continent.
2274 1785 40 22 We
2324 1789 67 24 must,
2402 1786 73 23 there-

1900 1817 45 20 ore,
1956 1811 28 21 be
1994 1818 87 20 assure,
2092 1819 24 14 as
2123 1819 31 14 we
2163 1819 43 14 can
2213 1812 29 22 be
2249 1812 25 22 of
2280 1819 45 21 any,
2329 1816 69 19 event
2403 1813 73 22 which

1889 1837 20 21 is
1918 1839 38 24 yet
1966 1840 24 19 to
2003 1837 96 28 happen,
2115 1838 48 22 that
2179 1845 14 15 a
2205 1838 44 28 day
2257 1839 18 22 is
2291 1838 39 23 riot
2343 1840 36 21 far
2394 1840 83 22 distant

1890 1863 66 22 when
1972 1863 45 25 the,
2029 1865 96 22 Hudson
2145 1865 48 27 Bay
2208 1866 112 27 Company
2336 1866 45 22 will
2395 1866 81 23 induce

1889 1890 58 22 their
1958 1891 90 22 Indians
2058 1894 22 19 to
2093 1891 65 22 make
2167 1899 62 20 war,,
2234 1899 46 20 yes,
2292 1895 21 19 to
2328 1894 148 21 exterminate

1890 1924 42 15 our
1939 1917 73 22 feeble
2021 1918 130 28 population
2160 1919 46 22 and
2212 1919 91 27 solitary
2311 1919 85 22 traders
2405 1920 24 21 in
2438 1920 38 22 the

1890 1944 91 27 Oregon
1987 1944 119 28 Territory,
2111 1945 75 22 unless
2189 1953 14 14 a
2208 1945 128 27 population
2342 1946 135 28 sufficiently

1889 1977 121 15 numerous
2030 1971 57 21 shall
2105 1971 28 22 be
2149 1970 99 29 speedily
2263 1972 84 22 thrown
2362 1973 48 21 into
2427 1974 50 21 that

1890 2000 102 25 country,
2014 1997 88 22 backed
2121 1998 31 27 by
2169 2002 17 18 a'
2205 1999 96 27 military
2320 1999 61 22 force
2400 1999 77 22 within

1890 2023 110 27 stricking
2012 2023 109 28 distance,
2137 2028 23 18 to
2169 2025 64 22 deter
2241 2025 61 22 them
2311 2025 59 22 from
2383 2026 94 27 making

1890 2049 40 21 the
1940 2052 102 18 attempt.
2181 2057 9 4 ••
2207 2051 4 9 '

1910 2109 62 17 JACK
1980 2109 70 20 JUNK,
2058 2110 50 17 THE
2116 2111 93 16 GALLEY
2222 2110 78 18 POET'S
2312 2112 141 17 COMPLAINT

2089 2131 78 17 .FROM
2180 2132 84 17 CHINA.

1889 2158 24 16 In
1926 2157 84 18 Nelson's
2023 2159 43 17 fleet
2080 2159 9 17 I
2103 2159 64 21 helped
2180 2160 20 16 to
2213 2160 42 17 beat
2273 2161 31 16 the
2322 2162 98 20 Spaniards
2438 2162 36 17 and

1933 2179 115 20 Mounseers;
2149 2182 3 4 '
2174 2190 3 4 .
2199 2188 3 7 .
2256 2180 3 6 '
2357 2181 4 5 '

1889 2199 43 17 And
1938 2199 25 17 all
1970 2200 31 16 the
2008 2200 34 21 day
2049 2201 10 16 I
2066 2200 62 18 blazed
2138 2206 48 15 away
2196 2201 44 17 with
2248 2202 92 17 Exmouth
2346 2204 20 15 at
2372 2202 73 21 Algiers
2451 2209 5 11 :

1889 2219 38 18 I've
1935 2221 65 20 fought
2006 2221 42 21 agin
2054 2221 31 17 the
2095 2221 94 20 Brazilian,
2198 2223 37 16 and
2240 2223 40 21 lazy
2288 2223 112 21 Portygeeie,

1888 2241 44 17 And
1938 2241 66 22 always
2010 2247 37 11 was
2054 2247 12 11 a
2072 2242 74 21 longing
2153 2242 27 17 for
2187 2247 11 12 a
2207 2244 53 16 crack
2267 2245 20 15 at
2294 2244 29 16 the
2334 2244 83 17 Chinese.

1888 2272 54 17 Some
1958 2273 48 20 sport
2020 2273 11 16 I
2041 2273 42 20 had,
2095 2273 53 17 when
2161 2274 34 17 but
2234 2273 34 21 lad,
2283 2276 18 15 at
2311 2274 78 22 fighting
2394 2275 46 17 with
2447 2276 31 17 the

1932 2293 67 19 Dutch,

1889 2313 37 16 But
1933 2318 20 11 as
1961 2315 19 14 to
1991 2313 50 17 them
2053 2314 32 17 the
2092 2315 83 16 breeches
2182 2319 44 12 men
2230 2315 10 17 I
2249 2315 49 17 don't
2306 2317 99 16 remember
2412 2317 54 17 much
2471 2322 7 14 ;

1888 2333 38 18 I've
1933 2334 60 19 made,
2001 2334 9 18 1
2020 2334 61 21 think,
2094 2339 50 13 some
2155 2336 64 20 Ingins
2229 2336 50 17 wink
2289 2337 36 16 and
2336 2336 140 22 Yankeydoodle

1933 2359 71 15 sneeze.
2106 2353 8 18 .'
2241 2366 4 3 .

1888 2375 38 17 But
1932 2378 31 19 yet
1967 2376 10 16 I
1980 2375 63 17 worn't
2046 2376 101 21 contented,
2153 2376 27 17 for
2184 2377 31 16 the
2220 2377 85 21 thoughts
2309 2378 20 17 of
2334 2378 52 17 them
2390 2379 85 18 Chinese.

1888 2406 40 17 The
1935 2406 70 17 Danish
2010 2407 57 16 Town
2074 2407 9 17 I
2090 2408 79 17 battered
2180 2408 58 20 down,
2250 2408 36 17 and
2297 2410 28 15 set
2335 2409 48 17 their
2396 2409 51 21 ships
2456 2410 20 17 in

1931 2427 74 20 flames,'
2154 2429 3 6 '
2173 2436 4 3 •
2196 2435 2 5 ■
2274 2441 4 5 
2297 2435 2 6 >

1888 2448 38 17 But
1933 2448 50 21 rayly
1990 2449 15 16 it
2010 2447 47 18 arn't
2064 2449 76 20 possible
2147 2450 18 15 to
2172 2449 95 21 reycollect
2273 2449 31 17 the
2311 2454 64 13 names

1889 2470 26 16 Of
1923 2469 25 17 all
1955 2470 31 16 the
1993 2469 71 17 nations
2072 2470 20 16 of
2101 2470 31 16 the
2139 2470 47 17 airth
2193 2470 61 17 whose
2267 2470 50 21 ships
2328 2470 39 18 I've
2381 2471 61 22 help'd
2456 2472 18 16 to

1932 2490 54 20 seize,

1890 2510 40 17 But
1944 2511 26 16 all
1984 2511 30 16 the
2027 2511 46 17 time
2086 2512 51 16 there
2150 2515 36 13 was
2200 2516 24 12 no
2238 2512 52 16 shine
2304 2512 52 21 along
2369 2513 46 16 with
2426 2513 52 18 them

1923 2548 2 6 ,
1933 2532 90 16 Chinese.'
2063 2536 3 5 •
2131 2534 3 15 ',
2210 2533 17 19 .'
2241 2538 20 15 /.

1885 2561 14 17 'I
1904 2562 52 20 jined
1963 2562 31 16 the
2001 2563 59 16 works
2067 2563 42 20 agin
2112 2563 35 18 .the
2154 2563 66 20 Turks,
2227 2564 30 16 the
2262 2564 94 21 strangest
2363 2568 43 12 ever
2412 2568 43 13 seen
2461 2565 15 16 O

1889 2583 59 16 When
1963 2583 44 17 with
2020 2583 30 17 the
2058 2599 2 5 ,
2064 2583 90 18 Russians
2157 2584 47 17 *and
2218 2585 31 16 the
2262 2585 69 16 French
2342 2589 27 13 we
2381 2585 65 21 fought
2457 2587 21 15 at

1932 2600 121 25 Xavarino;/
2074 2601 140 26 "',-,'
2247 2622 3 4 .
2274 2615 3 5 ■
2290 2618 2 3 •
2333 2603 3 4 '

1889 2624 39 17 Our
1935 2625 95 17 shotvwent
2033 2625 65 16 'well—
2100 2625 48 17 their
2158 2625 104 21 grape-shot
2274 2625 31 17 fell
2318 2627 56 16 about
2381 2628 3 9 J
2387 2630 35 12 our
2436 2630 40 13 ears

1911 2653 2 6 i
1930 2645 38 16 like
1975 2649 59 16 pease,
2041 2659 3 5 ,
2057 2653 17 10 .:.
2092 2642 86 21 .'*,-.
2207 2654 3 6 .
2219 2643 15 18 .^
2238 2646 5 8 1
2297 2650 12 10 ,>

1883 2665 50 29 JThis
1939 2666 17 16 is
1965 2666 31 16 the
2000 2670 43 16 way,
2051 2666 65 17 thinks
2123 2667 15 19 I,
2144 2666 43 17 we'd
2194 2671 36 16 pay
2231 2680 3 7 ,
2237 2667 50 17 them
2291 2667 94 21 impedent
2391 2668 85 16 Chinese.

1879 2691 52 19 'And
1945 2694 44 16 then
2005 2694 8 16 I
2027 2694 78 21 thought
2118 2699 19 12 as
2153 2694 69 18 British
2234 2694 51 22 ships
2296 2695 58 18 would
2365 2700 57 14 never
2424 2696 3 6 1
2430 2696 46 21 fight

1930 2714 73 21 againj,,
2048 2724 4 4 •
2064 2724 5 9 r
2111 2722 21 12 •;-
2261 2722 3 7 >
2417 2715 5 3 '

1888 2735 29 19 So,
1925 2740 24 12 on
1960 2734 33 19 the
1998 2735 35 22 *lp,
2040 2735 10 17 1
2056 2736 37 16 had
2101 2736 52 21 ashy
2158 2736 135 21 with'Poftygal
2299 2737 36 17 «nd
2347 2736 55 21 Spain
2407 2743 6 14 ;
2437 2750 5 3 .

1888 2755 60 18 When
1960 2757 55 19 them.
2018 2757 49 18 'had,
2071 2757 47 16 done
2128 2757 95 16 -vnth/sich
2233 2757 37 17 like
2280 2758 33 16 fun
2324 2759 55 20 again
2389 2759 14 16 I'
2411 2758 67 18 crots'd

1931 2777 32 16 the
1970 2781 45 16 seas,

1888 2797 82 21 Hearing
1977 2802 20 12 as
2004 2798 40 16 how
2050 2798 52 17 there
2108 2802 36 12 was
2151 2803 11 12 a
2165 2802 40 13 tow
2211 2795 60 25 along'
2272 2799 42 17 with
2325 2799 52 17 them
2390 2800 85 17 Chinese.

1888 2829 27 15 Go
1913 2844 3 8 (
1917 2828 22 17 od
1946 2828 35 17 li—
1981 2828 19 20 d,
2006 2821 15 23 it
2019 2824 4 8 l
2024 2838 3 11 :
2027 2832 38 13 was
2071 2832 12 12 a
2087 2826 229 23 hawfulsight/likewiaefa
2319 2830 80 20 burning
2405 2830 69 19 shame,

1888 2849 27 17 To
1922 2854 30 11 see
1959 2849 51 17 them
2015 2849 31 21 pig
2053 2849 56 17 tailed
2114 2849 119 17 mandereeus
2240 2855 12 11 a
2259 2849 73 21 playing,
2335 2851 49 16 their
2387 2851 32 16 old
2423 2855 51 16 game

1888 2870 26 17 Of
1918 2870 130 20 'domineering
2054 2874 44 13 over
2104 2875 28 15 us,
2140 2874 19 12 as
2166 2874 61 16 sarsey
2234 2874 21 14 as
2262 2874 35 17 you
2300 2870 68 21 please,
2374 2870 8 19 '.

1887 2891 43 17 And
1949 2891 69 16 British
2040 2891 78 21 subjects
2132 2891 90 16 nmrder'd
2236 2889 25 22 by'
2272 2891 51 17 them
2329 2891 147 21 'monkey-faced

1933 2912 97 21 Chinese.,,
2106 2924 3 4 .
2154 2917 2 6 <
2198 2909 12 20 h
2238 2922 3 4 ■
2268 2915 24 16 ,'»
2309 2914 11 10 '>
2352 2914 11 12 '•
2390 2914 10 3 ~
2422 2914 2 5 '

1888 2940 115 20 Thcn.natiir
2010 2941 79 17 couldn't
2097 2941 52 16 stand
2153 2945 22 13 no
2180 2945 56 16 more,
2245 2946 19 13 so
2271 2946 28 13 we
2306 2943 29 20 got
2340 2942 52 17 leave
2397 2943 19 16 to
2422 2936 51 28 flgtitj

1887 2962 44 17 And
1937 2962 54 17 when
1997 2962 30 16 the
2035 2962 75 21 Captain
2117 2962 37 17 told
2160 2966 27 16 us,
2189 2966 20 13 so
2217 2962 92 18 Icouldn't
2316 2963 48 21 sleep
2370 2964 42 16 that
2415 2964 59 21 night,

1887 2982 38 17 Bui
1932 2984 32 15 out
1971 2983 38 16 into
2015 2983 32 16 the
2054 2983 64 16 chains
2125 2983 10 16 I
2141 2984 29 19 got
2180 2983 38 16 and
2229 2983 50 17 down
2291 2988 48 16 upon
2345 2982 38 22 'my
2396 2985 58 17 knees
2455 2994 22 4 —

1887 3004 10 16 I
1904 3004 67 20 pray'd,
1979 3004 19 16 in
2006 3008 65 16 mercy,
2076 3001 30 19 'for
2113 3008 12 12 a
2130 3004 40 16 shot
2179 3005 17 15 to
2203 3004 47 17 have
2257 3006 18 14 at
2284 3004 50 17 them
2341 3005 84 17 Chinese.
2436 3020 2 3 .
2454 3020 7 8 r

1886 3034 44 16 And
1936 3034 71 20 werrily
2013 3034 9 15 I
2031 3034 21 15 do
2060 3034 68 16 believe
2135 3034 40 16 that
2182 3038 61 17 marcy
2250 3034 54 17 heerd
2309 3039 31 16 my
2345 3039 71 16 prayer.

1887 3055 36 15 For
1936 3058 55 17 every
2002 3055 46 19 junk
2062 3058 26 13 we
2100 3055 55 16 burnt
2168 3059 20 12 or
2201 3055 54 20 sunk,
2264 3053 45 19 ''and
2327 3055 81 17 smash'd
2427 3056 49 17 their

1930 3075 129 20 crockryware;
2113 3084 5 3 -
2238 3079 9 7 *

1887 3095 33 17 We
1926 3096 84 20 pepper'd
2017 3095 35 17 'em
2059 3095 148 21 splendaciously,
2214 3096 37 17 and
2258 3097 30 16 cut
2295 3101 29 13 em
2328 3101 26 16 up
2357 3096 41 18 like
2404 3098 70 20 cheese,

1887 3116 81 19 Kthink-
1978 3115 99 18 we'wornt
2091 3115 138 18 "Barbarian's"
2244 3117 110 21 thentjalong
2365 3115 46 20 with
2424 3119 51 16 them

1899 3135 4 6 '
1918 3137 96 18 .Chinese.
2034 3148 3 4 .
2196 3135 21 33 if
2243 3160 4 4 .
2263 3127 77 46 J^
2360 3154 5 15 ,

1887 3167 39 17 The
1940 3168 58 15 worst'
2008 3168 21 16 of
2044 3168 51 17 them
2109 3168 51 17 there
2172 3167 181 25 Chiney-men^tney
2365 3168 70 22 always'
2438 3174 35 12 run

1930 3192 55 16 away,
2120 3200 4 3 .
2158 3189 3 3 '
2294 3184 34 28 $(■

1886 3208 89 22 Wishing,
1984 3209 10 16 I
2001 3210 83 19 tpose.to
2091 3209 49 17 show
2147 3209 48 17 their
2201 3210 49 17 nose'
2308 3215 11 12 a
2325 3211 61 16 future
2394 3211 46 20 day;

1887 3229 38 17 But
1939 3230 19 16 at
1973 3230 70 16 Canton
2056 3234 27 12 we
2090 3230 75 20 jamm'd
2177 3230 35 18 'em
2219 3234 24 17 up
2250 3236 20 12 as
2278 3231 47 21 tight
2336 3236 20 12 as
2367 3232 45 20 they,
2421 3231 52 17 could

1930 3254 81 16 squeeze.
2076 3251 3 7 '
2184 3260 5 5 -
2198 3249 2 8 '
2313 3249 5 5 '
2336 3249 3 4 '
2374 3249 18 16 '"
2408 3248 4 4 '
2427 3255 5 3 *

1953 3270 63 20 'now,"
2024 3275 41 17 says
2074 3276 33 15 we,
2120 3272 75 20 "we're,
2199 3277 42 12 sure
2252 3273 18 16 to
2280 3273 22 16 be
2314 3272 93 21 alongside
2422 3272 49 17 them

1920 3289 104 19 'Chinese."
2241 3294 30 16 •*&
2295 3291 4 6 '

1886 3322 51 20 Now,
1951 3321 62 18 when.'
2064 3317 47 26 fignt
2123 3327 36 13 was
2173 3324 59 16 at-its
2245 3323 70 20 -neight,
2334 3322 37 17 and
2390 3326 27 13 we
2435 3327 37 13 was

1928 3343 81 21 walking
2015 3343 61 20 down,
2117 3360 4 2 .
2152 3353 9 6 .-
2195 3352 10 7 .-
2227 3344 56 20 zii'.i

1886 3364 27 16 To
1921 3363 58 21 string
1985 3363 34 17 'em
2029 3368 24 17 up
2060 3362 38 18 like
2105 3365 112 21 sausingers,,
2222 3364 35 16 and
2268 3364 92 20 captiwato
2373 3363 31 17 the
2419 3364 48 17 town

1876 3394 3 4 .
1886 3384 49 17 That
1941 3384 76 22 Hellyet
2024 3389 51 12 came
2083 3385 36 16 and
2125 3385 38 17 sold
2170 3381 88 25 our<jfeme
2263 3384 28 17 for
2295 3383 95 18 damnable
2394 3389 66 16 rupees

1886 3404 43 18 And
1935 3406 28 23 by,,
1966 3405 40 17 that
2012 3405 47 17 trick
2066 3410 26 13 we
2100 3406 61 17 didn't
2168 3406 37 16 lick
2212 3405 31 16 the
2248 3404 80 21 lubberly
2335 3404 84 18 Chinese.
2430 3403 13 15 ='.'
2452 3404 24 21 >L.

1886 3436 43 16 And
1932 3439 3 5 1
1935 3447 2 6 ,
1941 3436 58 20 backs,
2001 3438 35 20 'we,?
2041 3440 50 13 come
2093 3437 56 19 ...with
2246 3434 51 20 done,
2306 3435 38 16 'and
2349 3435 58 17 -them
2413 3446 3 8 (
2417 3436 50 17 there

1930 3453 135 26 Chiney-mejjii_
2073 3472 8 4 ..
2226 3465 19 4 --

1886 3477 18 17 A
1909 3477 90 21 laughing
2005 3474 60 21 ouftof
2069 3477 51 18 their
2123 3476 43 22 pig'i
2180 3480 47 17 eyes.
2256 3476 33 20 Oh,
2301 3476 63 17 worn't
2379 3481 33 12 our
2419 3477 52 17 blood

1923 3502 31 16 -up
1962 3498 53 17 then!
2137 3495 48 24 ■;„'"■
2200 3495 19 26 ,/
2237 3502 6 14 .'
2274 3511 6 4 .
2307 3508 112 13 >..„,,,..
2443 3511 5 6 «

1886 3518 72 21 They'll
1967 3519 37 17 rise
2014 3519 43 19 the;.
2060 3519 48 21 price
2115 3518 20 17 of
2143 3517 39 16 rise,
2185 3517 36 16 and
2229 3517 241 20 spice/iandabulteratethe

1892 3547 5 7 i
1929 3541 49 16 teas:
1992 3537 79 23 '.«&*'
2088 3552 2 4 ■
2121 3547 43 14 ,-■',"•
2222 3549 11 10 x.
2236 3547 4 5 1
2243 3549 4 5 '
2257 3544 40 15 ,<>.\j
2318 3539 33 17 '"'<
2456 3538 7 17 \

1886 3561 44 16 And
1936 3560 55 17 that's
1995 3556 80 25 .the^way
2081 3559 47 17 their
2134 3558 50 17 debts
2191 3557 63 19 they'll
2266 3563 54 17 pay—
2320 3558 20 18 l>
2346 3559 62 17 knows
2422 3559 49 19 them

1890 3590 23 13 v...
1925 3578 155 21 'there-Chinese'!
2180 3583 5 4 '
2217 3575 47 34 ,'-\,
2276 3576 56 35 !{,>■■■
2359 3580 13 30 '■,
2397 3579 66 31 '/.-■•"

1887 3611 51 21 They
1944 3606 116 27 esyanbther
2066 3610 74 20 Plenipo
2146 3609 15 16 is
2173 3609 68 21 shortly
2250 3605 70 29 coming
2325 3611 39 23 put,
2370 3604 14 21 \
2389 3608 4 3 '
2412 3604 7 28 \
2431 3623 3 3 .
2448 3606 7 4 '

1887 3633 27 16 To
1921 3634 46 16 send
1974 3634 44 16 such
2021 3630 119 24 palpitating
2146 3630 54 20 chaps
2208 3630 25 16 all
2240 3631 19 16 to
2266 3629 85 22 the'right
2358 3632 56 16 about
2422 3637 5 14 ;

1887 3653 47 17 Now
1939 3653 39 17 he'i
1985 3654 31 16 the
2021 3657 43 13 man
2071 3655 19 13 as
2098 3650 17 18 is
2121 3656 12 11 a
2191 3651 44 19 and,
2237 3655 33 12 one
2277 3656 20 13 as
2304 3650 68 22 plainly
2377 3656 41 13 sees
2440 3652 4 5 '

1887 3674 28 17 Its
1921 3679 58 16 worry
1985 3671 137 22 undispensable
2129 3669 58 23 to'put
2194 3669 51 20 down
2254 3672 50 17 them
2308 3672 85 17 Chinese.

1887 3704 59 17 When
1953 3704 55 17 we've
2014 3703 48 17 done
2069 3702 45 20 that,
2123 3701 39 21 why
2168 3702 52 19 then,
2231 3702 89 21 mayhap,',
2323 3702 28 17 for
2363 3702 84 21 England
2452 3710 1 6 •
2459 3704 12 17 I

1903 3731 3 4 ■
1929 3724 38 18 will
1975 3726 67 16 steer—
2048 3722 3 4 '
2151 3732 10 13 
2187 3730 4 5 '
2214 3730 26 15 .|.
2259 3726 34 20 fi\.
2312 3728 25 17 ,'v
2358 3738 5 9 s
2369 3729 8 17 ,\
2392 3728 6 16 >

1887 3746 48 17 That
1940 3745 18 17 is
1966 3747 18 15 to
1991 3749 35 15 say,
2034 3747 20 13 as
2062 3742 17 17 if
2083 3747 19 12 so
2109 3744 28 18 be,
2145 3743 9 16 I
2161 3743 39 16 aint
2207 3744 19 15 to
2235 3742 28 17 die
2271 3744 33 15 out
2307 3742 65 22 here-:-
2392 3757 4 7 v
2467 3754 7 11 T

1887 3767 38 16 But
1932 3766 10 16 I
1948 3765 47 18 shall
2001 3768 54 13 never
2063 3768 50 12 cease
2120 3765 19 15 to
2143 3768 46 16 prey,
2194 3766 38 14 nor
2240 3761 230 24 "live'at-homeatease,"

1888 3786 112 17 UntU'we've
2006 3785 69 20 fought,
2083 3789 19 12 as
2111 3784 71 17 Britons
2190 3784 68 21 ought,,
2262 3784 36 17 and
2309 3785 104 22 conquered
2419 3786 50 17 them

1902 3820 3 5 .
1930 3806 87 18 Chinese!
2071 3814 8 19 •_
2130 3812 3 7 ■
2194 3811 58 18 ><-.'.„
2272 3810 50 19 r.\i.
2340 3808 47 19 w\\\

1905 3853 4 4 .
1921 3837 25 24 A
1957 3835 81 30 dandy,
2059 3842 43 16 one
2113 3835 50 30 day,
2354 3836 39 24 old
2396 3842 5 12 2
2412 3837 59 25 bell-

1888 3877 52 16 man
1952 3869 25 23 of
1987 3868 140 29 Pontefract,
2139 3876 24 15 as
2181 3868 87 24 follows
2279 3877 29 16 :—
2345 3869 55 26 You
2417 3871 53 24 take

1888 3903 31 23 all
1930 3906 59 19 sorts
1997 3902 24 23 of
2031 3905 115 28 trumpery
2154 3902 22 22 in
2188 3909 57 23 your
2257 3907 53 20 cart,
2320 3904 62 24 don't
2390 3912 46 24 you
2444 3905 32 24 V\

1913 3935 56 29 Yes,
1979 3935 66 32 jump
2057 3935 31 29 in,
2099 3934 64 32 jump
2173 3935 24 23 in
2248 3952 3 6 ,
2273 3928 73 31 7/S^

67 140 120 21 .Zealand
200 135 155 25 Aborigines'
367 135 148 24 Protection
529 136 112 23 Associa-

77 173 62 19 tion,
150 172 46 14 AND
217 170 90 15 LATELY
326 170 14 14 A
360 163 159 23 MAGISTRATE
532 170 38 16 'OF
594 171 45 15 THE

83 192 101 22 Colony.
206 198 3 5 •
228 201 16 5 •-
394 196 3 5 '
602 203 4 4 •
636 203 3 13 ;

82 226 15 8 ■'
121 231 14 5 ••
153 240 2 4 ,
192 221 128 27 [Concluded
321 221 63 26 from
392 228 40 15 our

81 255 47 22 The
138 257 54 19 next
201 254 44 21 and
254 257 67 19 most-
329 254 98 23 efficient
441 254 92 28 remedy
543 255 72 23 which
627 255 12 22 I

53 285 91 19 venture
153 283 23 19 to
190 285 96 24 propose'
335 283 59 27 your;
401 281 116 28 Lordship,
527 281 20 22 is
558 282 38 21 the
604 289 35 15 re-

51 307 117 23 moval'of
183 306 37 22 the
235 311 92 24 present
332 308 142 22 -anomalous
489 308 124 28 condition,
616 308 25 22 of

52 334 39 22 the
114 334 120 27 aboriginal
258 334 148 25 inhabitants;
427 335 51 22 who
500 335 58 21 have
580 335 58 22 been

53 360 115 28 deprived-
175 360 25 22 of
215 359 65 23 their'
289 367 56 15 own*
472 361 71 27 rights
556 361 31 28 by
600 361 41 32 the.

52 387 58 21 Acts
127 386 26 22 of
168 386 43 28 the,
224 386 173 28 Governmerit,'
397 388 4 11 i
404 388 44 22 and
465 388 49 22 who
529 388 41 21 'are
590 383 51 27 also'

51 412 82 23 denied
141 412 38 23 the
187 413 70 27 rights
266 413 27 22 of
298 414 83 21 British
391 414 104 27 subjects.
528 414 47 22 The
585 414 53 27 only

50 442 51 26 part
110 439 26 22 of
143 440 93 26 English
251 439 44 22 law
306 440 74 22 which
389 440 53 28 they
453 448 38 14 are
507 440 94 22 allowed
615 445 22 17 to

51 466 75 33 en^byj
133 466 68 26 being
208 466 40 22 the
249 470 2 8 1
256 466 108 28 privilege
374 467 25 21 of
411 467 69 27 being
489 467 57 22 tried
557 467 32 28 by
597 467 39 22 the

51 492 105 23 Criminal
176 492 67 22 Code.
280 492 49 23 The
347 493 61 27 right
425 494 26 21 of
466 496 110 26 property,
597 494 39 22 the
639 501 2 9 1

50 519 88 22 natural
150 518 47 23 and
211 518 106 23 inherent
332 520 66 26 right.
401 519 68 23 of\all
484 527 59 20 men,
557 520 44 22 and
615 521 25 21 of

50 545 84 22 British
143 545 100 26 Subjects
252 545 23 22 in
285 544 278 30 particular,3ispurp6sely
571 546 66 22 with-

49 571 55 23 held
112 572 57 21 from
178 574 38 19 the
224 571 76 22 native
310 572 26 21 of
343 572 56 23 New
408 572 107 30 Zealand,
526 574 58 22 until
594 574 43 22 this

49 598 63 27 right
120 598 18 21 is
146 598 98 22 restored
254 601 23 18 to
286 598 55 28 him,
350 598 30 23 he
389 599 44 22 will
442 607 70 15 never
521 600 50 22 look
578 607 59 21 upon

49 624 40 22 the
98 624 109 22 ministers
218 624 26 22 of
247 647 4 10 (
258 624 153 23 Government
419 626 23 22 in
453 633 45 21 any
507 627 65 22 other
580 625 57 29 light

49 650 56 23 than
119 658 24 15 as
147 647 161 36 Oppressors;-
313 659 40 15 nor
357 671 6 7 v
362 652 46 22 will
422 652 30 23 he
462 660 52 15 ever
521 653 29 22 be
559 654 78 26 taught

49 680 24 19 to
83 677 86 22 confide
175 685 24 14 in
208 676 59 23 their
275 677 94 28 honour,
378 686 26 15 or
411 678 93 23 become
510 680 127 22 reconciled

51 706 25 19 to
89 703 58 22 their
158 703 145 23 institutions.
331 705 38 22 He
389 708 81 19 cannot
479 708 4 7 '
489 706 27 22 be
530 707 106 22 reasoned

48 730 48 22 into
106 730 37 22 the
152 730 71 23 belief
233 729 49 23 that
291 731 18 21 it
317 731 19 21 is
346 732 49 26 just
404 732 23 21 to
444 732 91 28 deprive
550 733 48 22 him
613 733 26 22 of

49 756 80 27 selling
137 756 35 23 his
181 756 54 23 land
244 760 23 19 to
282 757 74 22 whom
366 758 29 22 he
404 758 52 26 will,
468 759 65 22 while
547 759 29 22 he
587 767 49 15 sees

50 783 50 22 that
109 784 128 27 Europeans
247 791 37 14 are
295 784 60 27 daily
364 784 93 23 allowed
466 785 44 22 this
519 786 115 27 privilege.

51 810 49 22 The
109 810 85 22 natives
202 810 26 21 of
238 809 44 23 this
292 814 95 29 country
396 818 38 15 are
448 812 80 28 widely
537 812 100 23 different

40 836 66 22 •from
115 836 141 23 either'those
267 837 26 21 of
299 838 106 22 America
417 845 24 15 or
456 838 56 23 New
527 839 114 28 Holland,'

49 863 59 22 their
115 864 117 26 reasoning
241 864 47 21 and
301 865 124 27 perceptive
439 872 85 20 powers
534 865 40 22 are'
580 866 61 27 fully

50 897 25 14 as
89 892 63 19 acute
168 897 24 15 as
206 890 64 22 those
286 890 26 22 of
323 890 127 29 European,
470 892 46 22 and
533 892 51 28 they
599 899 42 16 are'
640 888 1 11 1

51 916 145 28 exceedingly
213 923 60 16 more
289 917 87 31 jealous
394 918 26 22 of
427 924 5 15 :
435 925 47 21 any
500 922 96 24 attempt
613 922 23 19 to

51 943 89 27 deprive
149 945 62 20 them
218 944 26 21 of
250 943 60 22 their
318 944 76 28 rights.
423 944 23 23 It
454 945 45 22 will
508 946 28 21 be
545 946 89 27 argued,

51 969 12 22 I
79 970 75 27 doubt,
165 970 49 22 that
227 970 25 22 in
266 970 39 22 the
322 974 72 20 event,
402 971 25 22 of
440 972 111 26 restoring
562 975 22 18 to
598 972 38 21 the

49 995 79 23 native'
133 1000 38 19 the
180 996 59 28 right
254 997 26 22 of
291 996 85 29 selling,
380 997 36 22 his
425 998 55 22 land
489 1001 23 18 to
522 998 73 22 whom
608 998 28 22 he

49 1023 82 27 would)
140 1021 5 8 '
150 1023 105 27 England
273 1027 59 18 must
354 1024 102 22 abandon
480 1024 37 22 the
529 1046 3 4 ,
539 1024 53 22 idea
614 1025 25 21 of

50 1049 127 28 colonizing
185 1050 57 22 New
251 1050 99 22 Zealand
359 1050 132 27 altogether,
501 1050 24 22 in
535 1058 24 14 as
568 1051 68 22 much

49 1083 26 14 as
92 1076 19 21 it
128 1076 71 28 might
214 1076 28 22 be
260 1076 158 28 apprehended
435 1076 50 22 that
502 1077 38 22 the
558 1084 83 15 means,

50 1103 67 21 could
124 1106 40 19 not
171 1103 117 22 otherwise
297 1103 28 21 be
330 1103 107 27 provided
444 1103 36 21 for
486 1103 36 22 the
531 1111 105 20 purposes

51 1129 26 21 of
92 1129 138 28 emigration,
249 1129 41 21 but
303 1129 83 26 justice
405 1132 23 18 to
448 1129 38 22 the
503 1130 74 21 native
595 1130 46 30 has,

50 1155 94 28 nothing
157 1158 23 19 to
191 1155 28 22 do
228 1155 54 22 with
297 1155 44 22 this
354 1155 169 28 consideration,
538 1163 41 16 nor
591 1157 45 22 will

49 1181 30 22 he
88 1183 28 20 be
124 1182 68 27 easily
199 1182 123 22 convinced
332 1182 25 21 of
364 1182 38 21 the
411 1183 113 27 propriety
529 1184 27 21 of
559 1184 78 27 taking

48 1209 37 21 his
99 1209 56 21 land'
165 1209 58 22 from
237 1209 49 21 him
300 1209 24 21 in
343 1209 65 22 order
423 1212 24 19 to
463 1217 93 20 procure
569 1214 65 19 'more

47 1235 140 28 immigrants
201 1235 58 22 from
276 1235 104 27 England
387 1244 5 17 ;
408 1236 41 21 but
463 1236 44 21 this
516 1237 118 27 objection,

48 1262 110 27 however,
169 1262 45 22 will
223 1270 54 14 soon
287 1270 89 14 remove
385 1263 67 27 itself,
454 1274 29 4 —
483 1263 17 21 it
508 1263 20 22 is
536 1271 51 14 now
597 1264 43 21 the.

50 1289 93 21 decided
153 1289 69 22 belief
234 1289 28 21 of
272 1289 80 21 almost
369 1296 66 21 every
445 1297 79 20 person
538 1290 24 22 in
577 1291 57 22 New
640 1311 2 6 ,

49 1315 106 27 Zealand,
169 1315 49 22 that
231 1322 30 15 no
275 1322 100 15 revenue
394 1323 40 14 can
450 1323 28 25 pc
491 1317 73 22 raised
577 1317 58 22 from

46 1341 42 24 .the
98 1341 43 23 sale
151 1342 27 21 of
187 1342 54 22 land
251 1342 23 22 in
284 1342 39 22 the
339 1350 95 14 manner
448 1343 24 22 in
483 1343 71 22 which
562 1344 19 21 it
595 1344 40 22 has

48 1368 96 22 hitherto
152 1369 58 21 been
223 1368 105 28 disposed
337 1369 34 27 of;
387 1369 45 22 and
447 1369 24 22 it-
479 1370 19 21 is
508 1376 60 16 more
578 1371 56 22 than

48 1395 69 27 likely
126 1395 37 22 the
173 1395 92 24 natives,
270 1395 47 22 will
329 1402 56 15 soon
394 1403 65 14 cease
469 1399 22 19 to
501 1397 41 21 sell
556 1404 45 20 any
611 1398 26 21 of

49 1421 58 22 their
115 1421 64 23 lands
188 1425 23 18 to
222 1422 159 26 Government,
392 1429 26 15 or
425 1423 23 21 if
454 1423 53 27 they
517 1423 36 27 do,
564 1424 19 21 it
589 1424 45 22 will

51 1449 30 21 be
94 1448 37 22 the
147 1451 72 24 worst,
236 1456 24 14 as
275 1448 43 22 has
331 1448 123 29 uniformly
465 1449 59 22 been
538 1451 37 21 the
585 1458 49 15 case

49 1475 110 22 hitherto.-
188 1475 29 22 In
232 1475 66 28 proof
312 1475 26 22 of
350 1475 51 27 this,
420 1476 85 22 several
522 1477 112 22 instances

51 1501 67 22 could
125 1502 28 22 be
163 1501 65 28 cited,
236 1501 142 23 whereinthe
384 1503 86 21 natives
479 1503 56 22 have
545 1504 88 28 already

50 1528 90 22 refused
148 1531 22 19 to
180 1528 40 22 sell
229 1528 59 22 their
300 1528 66 22 lands
369 1531 28 22 io
414 1529 159 23 Government.
602 1531 32 22 At

48 1555 39 22 the
97 1555 82 27 Bayof
190 1555 92 26 Islands,
293 1555 25 21 in
328 1555 37 22 the
376 1558 76 25 centre^
459 1557 27 21 of
493 1557 36 21 the
541 1561 58 18 town
610 1558 26 21 of

48 1581 142 28 Kororarika,
201 1581 54 28 they
263 1584 24 19 at
300 1581 37 23 the
347 1584 89 25 present
450 1587 101 18 moment
560 1591 49 15 own
620 1592 14 15 a

49 1608 65 22 small
122 1608 61 28 piece
193 1609 26 21 of
224 1608 62 27 land,
295 1606 73 24 which
376 1609 53 27 they
438 1609 58 22 have
505 1611 91 22 refused
604 1619 28 14 on

49 1642 66 20 every
125 1635 161 22 consideration
303 1638 23 19 to
334 1635 39 22 sell
423 1635 39 23 the
473 1634 158 26 Government.

52 1662 29 21 So
97 1661 98 28 strongly
208 1669 45 15 was
268 1661 44 23 this
327 1661 85 28 feeling
428 1663 140 28 manifested,
585 1665 49 22 that

49 1688 68 22 about
131 1688 78 22 twelve
228 1688 91 22 months
335 1696 48 20 ago,
390 1701 5 3 -
402 1689 65 22 when
484 1689 38 22 the
533 1691 99 22 Govern-

48 1718 63 19 ment
125 1715 122 28 attempted
259 1718 23 18 to
292 1718 59 19 erect
360 1723 14 14 a
390 1716 170 23 Custom-house
575 1725 29 14 on
619 1725 13 14 a

48 1744 50 25 part
104 1741 25 22 of
135 1742 43 22 this
185 1741 59 28 land,
251 1742 38 22 the
296 1743 86 21 natives
386 1743 141 27 strenuously
533 1745 98 26 resisted,

47 1768 46 22 and
107 1768 79 22 caused
195 1768 37 22 the
241 1769 108 26 building-
356 1772 24 19 to
389 1769 28 22 be
422 1769 81 28 .pulled
512 1770 64 23 down
587 1772 45 21 and

46 1795 104 22 removed
163 1795 59 22 from
236 1795 38 22 the
285 1795 96 28 ground.
411 1796 37 22 On
462 1804 14 14 a
484 1800 77 19 recent
569 1805 63 14 ocea-

48 1821 98 28 sion,'the
157 1822 153 22 Government
319 1830 116 20 surveyors
444 1823 189 28 were'prevented

48 1848 31 27 by
88 1849 36 22 the
133 1849 85 22 natives
232 1849 58 22 from
301 1849 85 28 cutting
400 1856 57 16 even
467 1857 15 15 a
489 1850 45 22 line
544 1851 25 21 of
576 1851 56 22 road

48 1875 59 23 from
121 1875 36 23 the
173 1876 48 27 Bay
231 1875 27 23 of
264 1875 85 23 Islands
364 1879 23 19 to
403 1875 121 28 Hokianga
537 1877 96 28 through

49 1902 58 22 their
115 1903 103 26 grounds,
230 1910 28 14 on
268 1906 96 18 account
373 1903 26 21 of
402 1903 74 22 which
486 1903 36 22 the
533 1904 99 23 Govern-

49 1932 62 19 ment
115 1936 43 15 was
166 1929 89 27 obliged
262 1932 22 18 to
295 1929 66 22 desist
366 1929 57 22 from
431 1930 39 22 the
476 1930 154 28 undertaking.

50 1956 29 21 So
88 1956 67 22 much
170 1955 29 22 do
208 1955 39 22 the
260 1956 87 22 natives
361 1956 66 22 value
435 1956 59 23 their
503 1957 70 27 lands,
585 1958 49 21 that

49 1982 62 22 there
125 1983 19 21 is
154 1986 40 18 not
206 1989 30 15 an
252 1989 51 15 acre
318 1982 72 22 in-the
400 1983 71 22 whole
482 1984 25 22 of
514 1983 37 23 the
562 1985 71 21 Ntirth

41 2008 85 26 .Island
133 2009 72 21 which
218 2009 19 21 is
246 2012 40 18 not
302 2009 94 22 claimed
406 2017 24 14 or
439 2010 79 22 owned
532 2011 30 27 by
571 2018 61 15 some

46 2041 87 20 person.
159 2035 68 28 They.
232 2042 99 18 are.Jiow
340 2043 24 14 so
373 2035 57 28 fully
439 2036 64 22 alive'
507 2040 24 18 to
545 2037 89 22 the.ad-

46 2063 95 24 vantage
150 2060 73 22 which
232 2061 41 23 the.
280 2061 152 22 Government
441 2062 64 21 seeks
514 2065 22 19 to
547 2063 82 28 obtain,

48 2087 24 21 in
88 2086 133 29 compelling
232 2087 74 21 .them.
312 2091 40 18 not
368 2090 22 18 to
408 2087 41 23 sell
462 2088 57 22 their
533 2089 63 23 lands
610 2093 22 19 to

48 2113 84 28 private
150 2113 140 26 individuals,
302 2120 32 15 .as
352 2114 50 22 well
421 2122 24 14 as
463 2115 79 24 of#the
557 2117 76 26 profits

48 2140 66 22 made
128 2141 31 33 by
169 2141 155 21 Government
338 2141 57 21 from
406 2141 37 22 the
452 2142 81 22 re-sale
541 2143 29 21 'of
576 2143 57 22 their

48 2167 71 27 lands,
134 2167 49 21 that
199 2166 43 23 will
262 2167 71 22 either
347 2167 72 22 retain
434 2168 57 22 their
505 2169 63 22 lands
578 2170 54 22 alto-

48 2194 83 27 gether,
143 2201 27 15 or.
176 2193 87 28 dispose
274 2194 26 21 of
309 2193 62 23 them
388 2198 23 18 at
420 2202 13 14 a
442 2199 48 18 rate
500 2202 23 15 so
533 2196 60 27 high,
609 2204 23 15 as

47 2225 23 17 to
88 2220 62 22 leave
169 2221 38 21 the
227 2221 153 22 Government
398 2221 39 22 but
461 2221 57 23 little
538 2223 95 23 towards

49 2247 135 27 emigration.
213 2247 46 22 But
268 2247 49 22 that
326 2255 55 15 even
390 2247 38 23 the
437 2248 75 22 selfish
522 2250 111 22 consider-

48 2274 60 22 ation
124 2274 25 22 of
155 2274 87 26 .raising
256 2281 82 21 money
348 2275 35 21 for
397 2275 131 27 emigration
540 2284 52 21 may
604 2277 28 22 be

46 2301 107 21 removed
161 2303 38 19 out
207 2296 26 26 of
239 2300 37 22 the
288 2301 85 27 waypf
385 2301 68 28 doing
466 2302 81 27 justice
562 2306 22 19 to
596 2303 36 23 the

48 2327 93 27 natives,
148 2327 11 22 I
167 2327 74 22 would
249 2327 44 28 beg
298 2327 64 23 leave
367 2329 142 32 respectfully
516 2333 23 19 to
545 2334 89 23 suggest

48 2358 24 18 to
89 2362 56 19 your
155 2354 118 28 .Lordship
292 2362 15 14 a
317 2355 96 22 -method
426 2355 27 22 of
467 2355 102 29 honestly
588 2357 45 22 and

47 2381 66 28 fairly
122 2381 115 26 obtaining
249 2388 14 14 a
271 2381 58 22 fund
342 2381 34 22 for
392 2383 138 27 emigration,
541 2383 93 23 without

49 2407 110 28 violating,
169 2407 37 23 the
215 2407 77 28 -rights
307 2408 26 22 of
347 2408 87 24 natives
452 2416 32 15 or-
496 2410 134 28 Europeans.

48 2434 54 22 This
111 2434 71 29 might
191 2435 70 27 easily
265 2435 29 21 be
303 2435 171 28 accomplished,
486 2437 30 26 by
524 2437 109 27 imposing

47 2469 15 14 a
79 2461 64 23 small
155 2465 45 18 .tax
218 2468 40 21 per
276 2468 59 18 acre,
346 2469 30 15 on
394 2462 29 22 all
439 2462 38 22 the
493 2465 139 27 unoccupied

47 2488 74 28 lands,
130 2503 3 5 .
141 2487 98 23 whether
256 2488 23 22 in
298 2488 38 22 the
359 2488 73 23 hands
455 2489 26 22 of
500 2491 85 21 natives
608 2498 25 16 or

49 2515 141 27 Europeans;
205 2515 44 21 this
262 2514 59 28 plan.
324 2522 44 15 was
377 2515 106 28 formally
491 2517 108 28 proposed
609 2520 22 20 to

49 2541 46 22 his.
99 2541 135 28 Excellency
248 2541 37 22 the
300 2541 44 23 late
359 2543 124 27 Governer,
498 2543 81 28 during
594 2544 37 23 the

40 2568 130 23 -discussion
180 2569 25 21 of
218 2568 37 22 the
263 2567 45 23 last
324 2569 65 22 Land
400 2569 89 23 Claims'
500 2570 50 27 Bill,
562 2571 42 22 and
614 2571 18 22 it

47 2602 46 15 was
107 2595 83 27 clearly
202 2595 86 27 proved
296 2598 23 19 to
329 2595 47 23 him
385 2595 54 29 that,
450 2597 58 21 from
520 2597 37 22 the
566 2598 65 22 lands

48 2622 27 21 of
87 2621 37 23 the
138 2621 38 23 old
189 2621 86 23 settlers
285 2622 70 27 alone,
368 2630 13 14 a
390 2630 97 16 revenue
497 2624 26 21 of
529 2624 68 28 thirty
607 2632 25 15 or

45 2649 61 27 forty
119 2649 111 21 thousand
242 2649 88 27 pounds
345 2649 73 27 might
430 2650 29 22 be
475 2651 156 28 conveniently

45 2675 75 22 raised
128 2682 135 19 everyiyear.
396 2691 4 3 .
415 2678 5 18 I

72 2707 24 22 If
104 2707 81 27 justice
195 2707 44 22 will
248 2711 41 18 not
297 2708 81 23 induce
387 2708 38 23 the
440 2710 155 23 Government
604 2714 25 19 to

48 2734 96 22 concede
152 2734 45 23 this
205 2734 62 27 right
275 2738 23 18 to
303 2735 43 22 -the
359 2736 83 27 native,
460 2737 109 27 necessity
586 2738 46 22 and

47 2761 39 22 the
100 2761 70 22 result
184 2761 26 22 of
223 2761 45 22 last
273 2761 66 22 "'land
354 2762 59 21 sales
422 2763 44 22 will
477 2770 54 15 soon
545 2764 87 28 compel

46 2787 63 22 them
121 2790 23 19 to
159 2787 58 22 have
232 2794 104 15 recourse
354 2791 24 18 to
396 2795 18 14 a'
428 2788 103 23 different
549 2794 83 23 system

45 2814 59 21 from
113 2814 48 21 that
170 2813 72 22 which
251 2814 19 20 is
284 2814 97 27 pursued
397 2817 24 18 at
434 2819 97 23 present.
550 2827 5 1 -
568 2817 63 27 They

45 2841 47 21 will
106 2847 53 14 soon
173 2839 48 22 find
236 2839 50 22 that
302 2839 36 22 the
357 2841 119 22 estimated
493 2849 97 15 revenue
609 2843 26 22 of

44 2867 52 28 fifty
104 2866 111 22 thousand
225 2866 116 27 (£50,000)
357 2867 35 22 for
402 2867 59 27 .sales
476 2868 24 22 in
514 2870 61 25 1842,
585 2869 46 22 will

44 2894 30 21 be
84 2893 94 27 nothing
185 2893 41 22 but
235 2900 14 14 a
262 2893 47 21 sad'
316 2893 97 22 illusion.
427 2895 93 27 -Eight
535 2896 96 21 month's'

46 2921 26 21 of
83 2920 39 22 the
131 2921 54 21 time
200 2926 37 15 are
253 2926 50 15 now
319 2927 58 20 gone
392 2921 30 27 by
439 2921 48 22 and
503 2921 40 23 the
561 2922 71 23 whole

46 2949 94 20 amount
147 2945 95 23 realised
250 2945 21 23 is
279 2948 42 20 not
335 2951 70 18 more'
411 2947 56 23 than
482 2955 68 16 seven
566 2948 66 23 thou-

45 2974 57 21 sand
110 2973 94 26 pounds.
223 2973 37 24 .If
270 2972 38 23 the
312 2974 73 30 Result
394 2975 26 21 of
429 2975 39 22 the
479 2976 93 26 ensuing
580 2976 51 22 four

44 3001 97 22 months'
150 3007 52 20 may
211 2999 28 22 be
249 2999 136 25 anticipated
392 3001 25 22 in
427 3001 137 23 accordance
578 3002 61 23 with,

45 3027 39 21 the
91 3027 56 22 -last
154 3025 62 23 -land
234 3026 65 27 sales,
304 3039 4 4 •
316 3027 53 28 they
383 3027 57 23 have
456 3028 57 22 little
530 3036 61 15 more
609 3026 30 25 to'

46 3056 87 25 expect.
155 3066 17 4 •-
232 3059 11 5 '*
277 3054 160 30 •■•;•,:•'"'

74 3084 48 23 The
136 3084 44 23 last
193 3084 93 28 remedy
301 3084 74 24 which.
386 3086 16 29 ;I
417 3086 74 23 would
504 3095 94 20 propose
612 3087 19 22 is
636 3081 3 12 r

46 3119 44 15 one
100 3110 71 23 which
183 3111 11 22 I
207 3111 46 22 feel
258 3112 119 26 -pursuade
382 3120 3 4 1
386 3117 3 4 '
392 3113 75 23 would
481 3112 39 23 riot
535 3114 54 27 only
602 3114 29 22 be

46 3138 107 23 attended
157 3138 54 22 with
216 3138 119 23 beneficial
341 3140 84 21 results'
429 3143 23 19 to
459 3140 57 22 New
522 3141 107 27 Zealand,

46 3166 42 21 but
96 3165 45 22 also
150 3167 23 20 to
183 3165 38 22 the
232 3165 135 22 -Australian
383 3166 105 23 Colonies
493 3175 5 14 :
499 3178 29 5 —
528 3168 18 21 it
558 3168 19 22 is
594 3168 37 22 the

46 3192 70 28 doing
133 3199 63 20 away
214 3191 175 32 vrith^customs,
400 3193 45 22 arid
444 3201 3 4 1
462 3193 113 29 declaring
592 3194 38 22 the

45 3222 62 25 ports
117 3219 25 22 of
150 3218 58 23 New
219 3218 102 23 Zealand
326 3219 57 22 free;
394 3228 4 4 •
411 3220 55 22 The-
474 3221 95 27 impetus
582 3221 49 22 that

46 3246 55 22 such
112 3253 12 15 a
133 3252 100 16 measure
242 3252 26 15 as
275 3242 49 25 'this
333 3246 74 23 would
421 3247 51 27 give
489 3251 29 18 to'
526 3247 64 23 trade
605 3248 25 22 in

46 3273 45 22 this
103 3272 44 23 and
154 3272 38 23 the
204 3272 166 28 neighbouring
382 3273 106 28 colonies,
499 3274 19 22 is
532 3274 98 22 incalcu-

46 3299 66 23 lable.
148 3299 49 23 The
209 3299 47 22 loss
270 3299 26 22 in
310 3306 99 16 revenue
423 3300 68 22 could
506 3301 70 28 easily
584 3301 46 21 and

47 3327 45 22 and
102 3326 112 29 equitably
222 3326 28 21 be
260 3326 66 22 made
335 3333 30 21 up
374 3326 32 27 by
420 3334 78 15 means
514 3328 27 21 of
543 3333 21 16 'a
579 3335 51 20 pro-

46 3357 64 25 perty
119 3352 47 24 and'
172 3353 90 22 income
276 3356 46 23 tax,
337 3352 74 23 which
427 3354 12 21 I
456 3353 69 23 doubt
538 3357 41 19 not
592 3354 38 22 the

46 3381 78 27 people
141 3380 73 23 would
233 3379 123 28 cheerfully
375 3382 55 26 'pay:
445 3389 3 4 •
472 3381 49 22 The
543 3384 88 24 present

46 3410 62 20 taxes
126 3415 30 15 on
173 3406 112 29 imported
302 3406 77 28 goods'
387 3414 38 15 are
442 3407 67 22 made
529 3410 23 19 to
569 3415 61 19 press

46 3433 88 29 heavily
144 3441 29 15 on
183 3433 127 32 thei^ioriest
320 3433 72 23 trader
403 3433 73 28 alone,
486 3434 36 22 the
528 3434 106 22 facilities*

46 3460 34 22 for
88 3460 123 28 smuggling
218 3460 70 28 being
297 3467 24 16 so
329 3463 63 25 great
406 3458 53 26 inpa
474 3464 92 24 country
578 3468 53 20 posr

46 3488 82 28 sessing
137 3487 55 23 such
202 3487 46 22 fine
257 3488 114 26 harbours,
383 3486 44 23 and
435 3487 57 22 such
507 3495 29 14 an
552 3491 78 18 exten-

44 3514 45 22 sive
99 3517 60 19 coast
166 3514 47 22 line
223 3521 24 15 as
256 3514 58 22 New
322 3514 100 22 Zealand
430 3521 32 15 as-
469 3517 24 18 to
509 3514 97 26 require-
616 3521 14 15 a

46 3547 60 16 more
116 3542 95 21 efficient
220 3543 61 20 coast
289 3541 72 27 guard
373 3541 55 22 than
437 3540 50 23 that
495 3541 26 22 of
527 3540 104 28 England

48 3575 24 14 or
85 3568 88 22 Ireland
187 3568 40 22 for.
238 3568 30 21 its
285 3568 139 28 prevention.
467 3568 33 22 To
524 3570 55 20 such
602 3574 37 15 an-

47 3597 82 20 extent'
140 3595 18 22 is
173 3594 129 28 smuggling
317 3595 86 22 carried
406 3591 16 13 y
419 3602 29 15 on
460 3594 25 23 in
500 3594 39 23 the
554 3594 76 23 article

47 3621 25 22 of
75 3622 101 22 Tobacco
186 3621 73 25 alone,
267 3621 69 31 that^a
343 3622 62 22 short
414 3622 53 22 time
477 3629 42 21 ago
528 3622 19 21 it
556 3620 73 28 could,

48 3646 24 23 in
82 3648 42 22 this
141 3651 107 24 country,,
255 3648 28 21 be
292 3647 86 28 bought
391 3652 25 19 at
430 3648 50 22 lOd.
498 3656 40 20 per
546 3648 83 28 pound,

46 3674 54 27 duty
109 3675 58 27 paid,
178 3681 24 15 or
218 3674 49 22 said
283 3677 24 18 to
320 3674 28 23 be
362 3676 61 27 paid,
437 3676 66 22 while
521 3676 38 21 the
575 3674 55 28 duty

44 3700 64 23 itself
117 3709 44 15 was
171 3709 14 14 a
194 3700 97 27 shilling.
344 3720 2 4 ,

73 3728 28 22 In
117 3728 132 27 concluding
264 3727 44 22 this
322 3726 79 24 sketch
415 3729 26 21 of
451 3729 38 22 the
504 3736 88 20 wrongs
608 3728 26 22 of

46 3753 55 24 New
111 3754 106 28 Zealand,
225 3754 12 22 I
248 3754 57 22 have
315 3756 21 19 to
346 3755 107 27 apoligize
463 3760 23 18 to
494 3763 56 21 your
559 3754 71 24 Lord-

47 3780 48 28 ship
104 3781 35 22 for
145 3781 38 22 the
193 3783 109 28 apparent
309 3781 97 27 severity
415 3782 26 22 of
452 3790 38 20 my
497 3790 92 15 censure
600 3789 29 15 on

46 3807 37 22 the
93 3808 152 22 Government
253 3808 47 21 and
310 3807 154 23 Government
474 3810 91 22 officers.
601 3809 28 21 In

47 3834 141 23 extenuation
203 3835 27 22 of
250 3834 39 22 the
305 3834 67 23 latter
387 3834 94 29 offence,
496 3836 110 28 however,
618 3836 12 21 I

46 3860 73 23 would
126 3861 87 22 remark
223 3860 50 23 that
282 3861 13 22 I
305 3868 37 15 am
348 3864 42 19 not
405 3861 53 29 only
473 3870 15 14 a
502 3863 90 22 witness
606 3862 27 22 of

46 3886 38 23 the
93 3887 51 22 ruin
152 3886 47 23 arid
207 3887 83 28 misery
298 3887 26 22 in
331 3887 73 23 which
413 3887 38 23 the
460 3888 137 24 inhabitants
606 3889 28 27 of

48 3912 61 23 these
126 3914 146 26 magnificent
286 3913 85 23 islands
385 3914 56 23 have
456 3914 58 24 been
524 3916 106 22 involved

46 3939 95 28 through
158 3940 38 23 the
214 3940 86 25 unwise
318 3940 81 27 policy,
417 3941 46 23 and
481 3942 149 24 mischievous

1311 1109 109 25 Oregok
1448 1110 162 24 Tbrritory.
1622 1123 35 5 —
1667 1111 51 23 The
1747 1111 116 32 following

1278 1147 95 18 account
1394 1143 47 23 will
1463 1143 28 23 be
1514 1143 54 24 read
1592 1143 53 24 with
1667 1144 69 23 much
1766 1145 97 24 interest

1276 1175 89 31 though'
1374 1176 38 23 the
1429 1176 72 23 harsh
1516 1176 113 31 language
1645 1177 27 23 of
1686 1177 39 23 the
1735 1177 93 24 authors
1841 1178 24 24 of

1278 1208 37 23 the
1326 1213 77 27 report
1413 1209 98 24 towards
1523 1209 73 24 Great
1613 1210 96 29 Britian,
1729 1215 82 20 cannot
1821 1211 42 24 but

1276 1241 29 23 be
1323 1242 150 24 condemned.
1509 1242 33 27 It,
1544 1243 46 23 will
1606 1244 30 23 be
1653 1251 54 15 seen
1724 1243 32 31 by
1768 1244 44 23 this
1824 1252 38 16 ac-

1277 1279 67 18 count
1372 1275 50 23 that
1444 1283 30 16 an
1502 1277 124 30 important
1666 1275 90 25 British
1784 1277 78 24 settle-

1275 1312 62 19 ment
1349 1309 20 22 is
1381 1308 98 31 rapidly,
1490 1309 90 32 though
1587 1309 92 32 silently
1686 1311 87 30 arising
1782 1318 29 16 on
1823 1310 39 24 the

1276 1339 73 25 banks
1363 1341 25 23 of
1395 1341 39 24 the
1447 1342 121 23 Columbia
1577 1351 6 14 :
1585 1355 34 5 —

1302 1379 47 22 The
1363 1381 92 26 general
1463 1381 85 27 feeling
1556 1381 27 22 of
1594 1381 38 22 the
1641 1381 124 23 American
1777 1382 83 27 nation,

1276 1405 23 23 in
1309 1411 86 24 respect
1405 1411 22 17 to
1437 1414 46 15 war
1492 1408 53 22 with
1552 1407 95 28 Britain,
1657 1407 40 23 has
1706 1408 58 23 been
1774 1409 90 27 already

1276 1433 98 28 strongly
1384 1433 123 28 expressed.
1531 1434 49 22 The
1586 1435 97 22 M'Leod
1690 1435 62 22 affair
1758 1435 44 22 had
1806 1436 57 21 been

1276 1459 78 28 hardly
1371 1460 129 27 concluded,
1518 1461 44 22 and
1579 1461 38 22 the
1633 1461 114 28 boundary
1763 1463 100 26 question

1276 1487 140 27 temporarily
1425 1487 96 27 patched
1530 1495 38 20 up,
1579 1487 63 23 when
1652 1488 48 22 that
1709 1488 71 28 really
1788 1491 75 19 vexata

1278 1515 84 24 questio,
1378 1513 37 23 the
1429 1513 61 28 right
1504 1514 26 22 of
1541 1515 84 26 search,
1640 1515 72 22 which
1728 1516 80 22 caused
1818 1516 45 23 ,the

1276 1540 43 22 last
1323 1548 51 19 war,
1385 1547 44 15 was
1434 1537 92 25 revived
1533 1541 54 22 with
1593 1541 122 23 additional
1722 1543 140 27 pertinacity.

1278 1567 29 21 In
1323 1567 65 22 order
1394 1571 32 23 .to
1443 1567 44 23 add
1504 1571 23 18 to
1541 1567 39 23 the
1594 1567 125 23 difficulties
1733 1569 73 22 which
1825 1569 38 22 the

1276 1593 120 23 American
1407 1594 155 22 Government
1575 1602 61 14 seem
1646 1595 102 27 disposed
1763 1598 22 20 to
1793 1604 69 19 press,

1276 1627 14 15 a
1300 1621 58 21 fre3h
1368 1621 87 26 subject
1465 1621 25 21 of
1502 1622 130 22 contention
1645 1628 61 21 upon
1720 1622 39 22 the
1773 1623 88 27 British,

1276 1647 55 28 fully
1342 1647 106 27 occupied
1458 1655 25 14 as
1491 1647 38 23 the
1543 1647 65 23 latter
1617 1648 19 22 is
1646 1655 52 15 seen
1708 1652 23 18 to
1740 1649 35 27 be,
1790 1649 23 22 in
1825 1650 38 21 In-

1277 1673 44 27 dia,
1342 1673 78 28 China,
1441 1674 44 22 and
1503 1674 53 22 with
1572 1675 41 22 her
1628 1675 107 22 immense
1754 1676 108 28 Colonies,

1276 1700 71 22 which
1359 1704 39 18 not
1407 1701 54 26 only
1471 1701 54 27 fully
1533 1708 85 21 occupy
1624 1701 41 22 her
1672 1702 98 27 military
1777 1710 84 20 means,

1277 1727 41 21 but
1334 1728 89 27 require
1438 1727 82 28 doubly
1535 1727 38 22 the
1591 1728 105 27 standing
1714 1736 62 21 army
1790 1729 73 23 which

1277 1755 59 20 could
1348 1755 30 21 be
1396 1750 120 32 supported
1532 1755 30 26 by
1577 1755 87 26 Britain,
1681 1755 24 21 in
1720 1755 39 23 the
1775 1760 89 23 present

1277 1785 54 18 state
1352 1781 26 21 of
1397 1781 41 21 her
1462 1781 106 22 finances.
1584 1799 2 5 ,
1601 1793 1 8 i
1610 1781 49 22 The
1678 1789 50 15 new
1747 1783 65 22 claim
1831 1783 31 28 by

1278 1808 106 22 America
1400 1807 20 22 is
1438 1811 24 18 to
1478 1807 38 23 the
1530 1807 55 28 long
1599 1812 61 18 coast
1676 1816 27 14 on
1719 1809 39 21 the
1773 1809 88 28 Pacific,

1277 1835 71 21 called
1358 1834 37 22 the
1408 1836 80 25 Oregon
1501 1836 116 25 Territory,
1628 1835 121 28 extending
1758 1836 56 22 from
1824 1837 38 21 lat.

1276 1863 39 20 42°
1330 1865 23 18 to
1366 1861 39 22 49°
1420 1862 36 22 N.-
1479 1861 70 28 Early
1557 1862 24 22 in
1597 1862 88 27 March,
1699 1862 38 22 the
1751 1863 113 28 following

1277 1891 85 19 extract
1377 1888 59 22 from
1451 1896 14 14 a
1479 1890 81 25 Report
1573 1889 27 21 of
1612 1896 13 14 a
1639 1889 133 22 Committee
1788 1891 25 21 of
1825 1889 38 23 the

1267 1915 87 22 -House
1365 1915 26 21 of
1397 1915 195 28 Representatives
1601 1922 44 16 was
1655 1917 119 26 presented
1784 1917 31 27 by
1824 1917 38 22 the

1276 1943 110 20 President
1399 1945 23 19 to
1432 1943 117 26 Congress.
1578 1942 41 22 We
1629 1943 117 21 commend
1761 1943 18 22 it
1792 1946 22 19 to
1824 1943 38 22 the

1277 1969 84 22 serious
1370 1969 110 21 attention
1489 1969 28 21 of
1526 1976 42 15 our
1575 1969 90 21 readers
1675 1976 24 14 as
1714 1972 110 25 pregnant
1840 1973 23 19 at

1271 1995 45 22 'the
1324 1997 89 26 present
1425 1998 102 20 moment
1535 1995 56 23 with
1599 1995 37 22 the
1650 1998 58 19 most
1716 1997 83 21 serious
1809 2004 54 14 con-

1277 2029 121 17 sequences
1407 2029 13 15 :•
1420 2033 23 4 —
1459 2042 4 9 t

1271 2045 58 29 ;f'Tn
1338 2055 15 14 a
1363 2047 148 27 commercial;
1521 2047 150 28 agricultural,
1690 2047 44 23 and
1743 2056 16 14 a
1766 2048 97 29 military

1276 2075 66 28 point',
1347 2075 26 21 of
1378 2075 62 26 view,
1451 2074 38 22 the
1498 2075 89 26 Oregon
1596 2075 112 26 Territory
1714 2075 19 21 is
1742 2082 43 14 one
1792 2075 27 21 of
1825 2075 37 23 the

1277 2104 58 18 most
1352 2101 124 27 important
1489 2101 48 22 and
1551 2101 102 22 valuable
1667 2102 99 27 portions
1782 2102 25 21 of
1822 2110 42 14 our

1277 2130 94 25 country
1377 2135 6 20 ;
1401 2127 45 23 and
1455 2127 72 23 sound
1542 2127 74 28 policy
1625 2128 41 21 and
1672 2143 5 10 ,,
1683 2127 38 23 the
1734 2129 92 21 interest
1841 2129 25 21 of

1277 2154 37 22 the
1324 2153 86 23 United
1419 2155 72 21 States
1500 2154 143 28 imperiously
1648 2155 86 26 require
1742 2154 30 22 its
1781 2155 81 28 speedy

1275 2181 130 22 settlement
1418 2181 47 22 and
1474 2181 98 27 militray
1582 2185 139 23 occupation.
1749 2181 59 22 Able
1817 2182 46 22 and

1276 2207 112 23 luminous
1393 2211 86 24 reports
1485 2208 59 22 from
1550 2208 136 22 committees
1694 2208 28 22 of
1721 2208 56 22 both
1782 2209 80 22 houses

1277 2235 26 21 of
1319 2235 107 27 Congress
1445 2234 151 28 conclusively
1614 2235 60 22 shew
1691 2235 38 22 the
1752 2235 108 23 immense

1276 2261 64 23 value
1355 2261 44 22 and
1412 2261 139 28 importance
1566 2262 27 22 of
1606 2261 45 23 thia
1666 2262 104 27 territory
1784 2266 22 18 to
1823 2262 39 22 the

1277 2287 82 23 United
1368 2289 78 21 States.
1568 2288 3 4 '

1303 2315 48 22 The
1361 2315 117 22 Columbia
1486 2322 26 14 or
1521 2315 91 27 Oregon
1620 2315 66 28 river,
1702 2315 21 23 is
1732 2322 43 16 one
1785 2316 25 21 of
1821 2315 39 23 the

1275 2341 83 28 largest
1366 2341 45 23 and
1420 2342 67 22 finest
1495 2341 70 23 rivers
1573 2343 25 21 in
1608 2342 36 22 the
1654 2341 76 23 world:
1749 2358 5 3 -
1759 2342 23 22 It
1790 2343 72 22 isnow

1276 2368 118 27 navigable
1404 2369 35 21 for
1448 2369 59 26 ships
1517 2369 27 21 of
1554 2376 44 14 one
1607 2369 102 21 hundred
1725 2368 45 22 and
1778 2372 84 25 twenty

1278 2399 57 24 tons,
1351 2395 44 22 and
1405 2403 13 14 a
1428 2397 64 21 canal
1501 2395 87 23 around
1600 2395 29 23 its
1638 2395 50 22 falls
1697 2395 74 23 would
1784 2396 77 22 render

1275 2422 20 21 it
1318 2422 131 26 navigable*-
1453 2423 35 21 for
1501 2422 151 23 'steam-boats
1674 2430 66 21 more,
1756 2423 52 21 than
1826 2423 36 21 six

1277 2449 103 21 hundred
1388 2449 72 22 miles.
1481 2453 4 3 ■
1530 2446 46 15 •"?'

1287 2501 6 6 #
1300 2475 48 23 The
1358 2475 59 28 right
1427 2476 26 22 of
1464 2476 38 22 the
1516 2476 85 22 United
1610 2477 71 21 States
1691 2478 23 19 to
1730 2475 29 23 all
1769 2476 37 22 the
1815 2479 46 19 ter-

1275 2501 69 28 ritory
1354 2502 120 28 bordering
1482 2510 30 14 on
1521 2503 38 22 the
1574 2503 89 26 Pacific,
1672 2503 59 22 from
1739 2503 40 22 lat.
1788 2505 39 20 42°
1838 2507 24 19 to

1266 2530 48 20 ,29°
1324 2531 37 25 N.,
1371 2529 20 22 is
1401 2529 130 23 undoubted
1539 2538 6 18 ;
1563 2530 51 22 and,
1617 2530 18 22 is
1643 2530 179 27 not'questioned
1831 2531 31 27 by

1275 2562 44 21 any
1327 2555 78 23 nation
1420 2559 86 25 except.
1512 2557 70 21 Great
1595 2556 101 22 Britain.*
1714 2556 49 22 The
1773 2557 89 22 climate

1275 2585 53 19 west
1333 2583 27 21 of
1366 2582 37 22 the
1412 2583 80 28 Rocky
1498 2583 132 22 Mountains
1635 2583 19 22 is
1660 2583 61 23 mild,
1726 2583 44 22 and
1777 2584 83 27 steady,

1276 2609 45 21 and
1328 2609 19 22 is
1359 2609 118 28 decidedly
1486 2610 71 22 better
1567 2609 55 23 than
1631 2610 48 22 that
1690 2609 26 22 of
1722 2617 45 20 any
1777 2611 85 26 portion

1275 2635 27 22 of
1307 2642 39 16 our
1356 2636 129 25 territories,
1487 2639 53 19 east,
1545 2636 26 22 of
1577 2636 61 22 these
1650 2637 134 23 mountains.
1804 2658 3 3 .

1301 2662 47 22 The
1360 2663 89 26 Oregon
1460 2663 120 27 Territory,
1589 2670 40 15 our
1639 2663 159 27 Government,
1809 2671 53 20 may

1274 2688 28 22 be
1312 2689 47 22 said
1375 2693 22 18 to
1411 2690 27 21 be
1445 2708 1 6 ,
1454 2689 65 22 ruled
1533 2689 31 28 by
1574 2689 38 23 the
1627 2689 95 22 Hudson
1730 2690 56 27 .Bay
1793 2691 69 29 ,Cpm-

1274 2722 64 25 pany,
1359 2716 46 22 and
1421 2716 59 22 from
1504 2715 73 23 which'
1594 2717 19 21 it
1632 2716 69 22 draws
1725 2724 29 14 an
1778 2717 84 22 annual

1274 2749 89 15 income
1372 2743 58 21 from
1439 2743 39 21 the
1489 2742 36 22 fur
1540 2743 63 22 trade
1618 2743 63 22 alone
1690 2743 33 25 ,of
1726 2744 84 27 mearly
1820 2750 40 16 one

1274 2769 86 22 million
1371 2769 26 22 of
1408 2769 96 28 dollars.,
1541 2785 17 11 .
1637 2769 2 5 '
1703 2767 126 28 *'.'','•<■

1301 2796 53 22 This
1364 2803 110 21 company
1483 2795 41 23 has
1533 2796 33 22 its'
1571 2796 110 32 principal
1694 2796 168 23 establishment

1274 2826 54 18 west
1345 2823 26 21 of
1389 2823 36 21 the
1448 2823 78 26 Rocky
1549 2823 139 26 Mountains,
1704 2830 14 15 a
1736 2823 43 22 few
1796 2824 65 22 miles

1272 2848 72 24 below
1363 2849 38 23 the
1420 2849 54 22 falls
1487 2856 36 18 .on
1526 2871 4 8 t
1535 2863 3 9 ,
1543 2849 39 23 the
1601 2849 117 23 Columbia
1735 2850 64 27 river,
1817 2851 45 21 and

1274 2875 82 28 clearly
1365 2875 78 23 within
1454 2883 41 15 our
1504 2877 110 27 territory,
1626 2877 72 21 where
1709 2877 19 21 it
1737 2876 40 23 has
1786 2884 13 14 a
1808 2877 51 28 fort,

1274 2909 14 15 a
1304 2903 108 26 saw-mill,
1430 2910 14 14 a
1459 2903 121 27 grist-mill,
1596 2903 87 23 various
1697 2903 67 23 kinds
1779 2904 26 22 of
1813 2912 49 14 me-

1274 2928 94 28 chanics,
1380 2937 14 14 a
1408 2930 62 27 large
1485 2930 142 27 boat-house,
1638 2938 14 14 a
1667 2931 140 26 steam-boat,
1816 2931 45 21 and

1274 2956 61 22 other
1345 2956 111 28 shipping,
1467 2964 29 14 an
1507 2957 107 22 enclosed
1622 2957 57 22 farm
1685 2954 176 35 Joif^hr'ee.thou-

1274 2983 55 22 sand
1345 2990 70 19 acres,
1434 2986 31 18 'on
1484 2983 73 23 which
1617 2983 125 33 producea'^
1752 2983 105 28 annually

1274 3009 67 23 about
1346 3010 55 22 5000
1405 3009 91 23 bushels
1504 3011 26 21 of
1537 3010 84 27 wheat,;
1624 3009 44 24 and
1675 3010 60 27 large
1738 3009 122 33 'quantities

1275 3035 26 21 of
1312 3042 59 21 corn,
1382 3036 84 28 barley,
1471 3034 61 29 [oats',
1547 3039 107 25 potatoes,
1666 3033 48 30 &c.,
1720 3057 11 8 M
1728 3036 59 22 with-
1794 3044 14 14 a
1822 3044 39 21 po-

1272 3062 110 27 pulation,
1399 3062 82 28 mostly
1492 3063 133 26 Canadian's,
1636 3063 26 21 of
1672 3063 81 23 about.
1758 3063 40 23 7so
1811 3071 49 20 per-

1273 3096 59 15 sons.
1361 3089 23 22 It
1391 3089 41 22 has
1509 3089 87 23 several
1608 3089 64 22 other
1681 3089 179 23 establishments

1272 3122 55 15 near
1336 3115 39 23 the
1384 3115 117 23 sourch'of
1504 3112 45 26 'the
1559 3116 117 22 Columbia
1759 3114 29 34 ';,'.

1301 3143 47 21 The
1359 3143 47 21 title
1416 3143 27 21 of
1452 3143 39 21 the
1494 3142 13 22 '
1507 3142 79 22 United
1601 3143 71 21 States
1681 3146 28 21 .to
1719 3138 30 26 all
1759 3143 101 28 territory

1272 3169 65 22 south
1352 3170 26 21 of
1389 3169 38 23 the
1445 3169 122 26 Columbia,
1585 3169 46 22 and
1645 3173 22 19 to
1681 3168 39 23 the
1737 3169 93 23 middle-
1837 3170 26 22 of

1272 3195 39 22 the
1328 3195 96 23 channel
1439 3196 26 22 of
1483 3196 50 22 that
1545 3196 67 27 river,
1629 3195 41 23 has
1684 3195 59 22 been
1758 3196 102 28 virtually

1273 3222 174 28 acknowledged
1462 3223 31 27 by
1497 3223 12 21 '
1509 3223 64 21 Great
1587 3222 164 25 Britairi-rrthat
1766 3223 25 27 is,
1801 3223 58 22 from

1271 3248 95 23 latitude
1375 3251 28 21 42
1412 3253 24 19 to
1446 3251 35 26 46,
1493 3249 26 23 17
1529 3249 79 27 north;
1624 3249 43 22 and
1677 3251 53 31 'pur;
1739 3249 48 23 title
1801 3250 58 22 from

1271 3277 29 20 42
1314 3279 21 19 to
1352 3277 29 21 49
1397 3276 78 22 north-
1480 3276 94 22 latitude
1590 3283 30 15 on
1635 3273 48 25 the'
1689 3276 84 22 Pacific
1787 3276 21 22 is
1817 3284 42 14 un-

1272 3302 105 28 doubted,
1387 3302 108 27 although
1511 3309 13 15 a
1540 3302 66 22 claim
1620 3302 19 22 is
1655 3305 35 19 set
1704 3310 31 20 up
1749 3302 32 28 by
1791 3303 69 22 Great

1272 3329 87 22 Britain
1369 3333 23 18 to
1402 3329 29 22 all
1443 3329 38 21 the
1490 3329 104 28 territory
1602 3329 66 22 north
1683 3328 75 23 of-the
1760 3329 14 32 s
1774 3329 84 32 Colum-

1271 3355 40 22 bia
1328 3356 64 22 river.
1435 3352 55 26 The'
1505 3356 100 27 grounds
1624 3356 26 21 of
1671 3351 189 32 that^pretended

1272 3382 66 22 claim
1348 3390 38 14 are
1400 3382 109 27 perfectly
1518 3382 138 22 understood
1665 3383 30 27 by
1704 3383 38 21 the

1271 3412 62 18 ment
1343 3409 25 22 of
1380 3409 37 22 the
1434 3408 85 22 United
1534 3406 80 30 States}
1625 3409 43 22 and
1678 3416 37 15 are
1726 3409 134 28 notoriously

1271 3436 128 22 untenable.
1429 3435 22 22 It
1457 3436 20 21 is
1486 3435 110 23 therefore
1606 3442 151 21 unnecessary
1758 3439 32 24 *to,
1793 3439 67 21 .enter

1271 3462 47 22 into
1326 3469 30 15 an
1366 3462 150 22 examination
1526 3462 26 22 of
1563 3462 74 28 them;
1653 3462 45 22 and
1707 3462 37 22 the
1756 3462 71 22 claim-
1831 3470 28 14 on

1271 3488 40 22 the
1325 3491 50 25 part
1389 3489 26 21 of
1425 3489 51 21 that
1490 3496 82 20 power,
1584 3489 52 28 only
1652 3492 57 24 goes'
1721 3492 24 18 to
1761 3488 68 28 show,'
1843 3490 21 21 if

1272 3515 49 22 that
1329 3518 23 19 at
1358 3516 45 21 this
1410 3515 44 28 day
1462 3516 66 21 could
1535 3516 27 21 be
1569 3523 124 20 necessary,
1699 3515 38 22 the
1744 3515 116 23 insatiable
1866 3524 3 4 '

1272 3542 94 27 avarice,
1389 3542 46 22 and
1451 3542 46 22 the-
1505 3542 109 30 grasping,
1626 3542 130 28 disposition
1770 3542 33 22 of
1812 3543 48 22 that

1272 3568 118 23 ambitious
1399 3568 86 22 nation.
1547 3566 32 17 <<
1607 3566 7 11 '
1660 3575 11 17 \
1737 3573 12 22 <;
1751 3589 10 10 T
1761 3569 4 6 '
1799 3581 25 10 -j.

1299 3595 64 28 They
1391 3595 92 27 already
1487 3606 5 4 -
1504 3602 87 20 possess
1596 3595 38 31 _in
1650 3595 92 22 .North'
1756 3595 104 23 America

1271 3622 91 26 435,000
1370 3629 80 21 square
1465 3621 71 28 miles,
1618 3629 13 15 a
1640 3622 130 28 population
1780 3622 26 22 of
1817 3629 43 15 one

1272 3648 87 22 million
1368 3648 45 22 and
1423 3655 15 15 a
1446 3647 69 23 half.*
1521 3655 37 26 -w^
1648 3668 5 3 .

1291 3683 3 7 1
1300 3674 28 23 In
1338 3674 70 23 South
1417 3672 214 30 America/tt65,00b
1639 3681 80 21 square
1729 3675 69 27 miles,
1806 3676 54 22 with

1272 3709 14 14 a
1296 3701 166 29 populatiori'of
1472 3702 98 31 129,000.

1299 3728 28 22 In
1336 3728 38 21 the
1385 3728 61 22 West
1457 3728 85 21 Indies.
1552 3728 77 26 15,000
1638 3734 78 22 square
1727 3728 70 28 miles,
1806 3729 55 22 with

1272 3762 14 15 a
1294 3754 128 28 population
1432 3754 27 22 of
1471 3755 118 27 1,000,000.
1645 3766 10 6 -•

1302 3781 26 22 In
1337 3781 84 27 Africa,
1432 3781 92 27 250,000
1533 3788 79 20 square
1625 3781 70 27 miles,
1707 3781 54 23 with
1770 3789 14 15 a
1791 3789 69 21 popu-

1271 3808 71 22 lation
1352 3808 26 21 of
1388 3808 97 26 350,000.
1532 3822 6 5 -
1606 3823 5 7 ,
1645 3830 4 4 .

1287 3834 41 23 .In
1343 3834 144 27 Australasia,
1498 3834 98 27 500,000'
1605 3841 78 21 square
1699 3834 71 28 miles,
1785 3834 54 23 with
1848 3843 13 14 a

1274 3860 129 29 population
1413 3860 26 22 of
1450 3862 97 25 120,000.

1279 3902 3 2 •
1301 3887 27 22 In
1338 3886 90 28 Ceylon,
1431 3889 8 9 r24r
1439 3888 35 31 24j
1476 3888 42 21 644
1531 3894 79 22 square
1625 3887 70 28 miles,
1705 3888 55 22 with
1769 3889 93 27 a-poptf-

1272 3914 70 23 lation
1352 3914 27 21 of
1389 3921 43 15 one
1442 3914 96 23 million.

1301 3941 26 22 In
1337 3940 122 28 Gibraltar,
1469 3940 47 23 and
1525 3940 37 23 the
1572 3940 83 24 islands
1665 3941 27 23 of
1702 3940 38 23 the
1752 3940 108 24 Mediter-

671 144 114 14 measures
796 135 25 22 of
832 135 38 22 the
879 134 70 23 Local
958 135 161 27 Government,
1130 135 41 21 but
1183 135 49 21 that
1237 154 2 4 ,
1240 135 15 21 l:

668 170 36 14 am
714 162 83 28 myself
803 169 43 15 one
855 161 25 23 of
886 174 3 13 ;
890 161 39 22 the
939 161 111 28 principal
1055 161 108 23 sufferer's.
1203 161 23 22 It
1233 161 19 21 is

666 189 134 27 impossible,
810 196 40 19 my
863 187 75 27 Lord,,
949 190 24 18 to
985 194 103 20 suppress
1101 187 88 28 feeling,
1208 187 45 23 and

669 214 94 24 difficult
780 217 39 20 not
836 217 23 19 to
865 227 4 10 :
877 214 107 22 manifest
996 213 142 27 indignation
1145 214 69 22 .itself
1229 215 28 21 in.

669 242 76 27 seeing
752 241 40 23 the
801 241 63 21 fruits
874 241 26 21 of
909 240 80 22 labour
998 240 45 21 arid
1048 240 101 28 industry
1155 240 101 30 destroy-,

668 268 55 22 cd—
724 268 44 22 the'
772 268 76 22 efforts
856 268 25 21 of
888 273 85 21 energy
978 266 44 22 and
1028 266 112 28 enteprize
1145 264 112 34 thwarte'd|

666 306 29 5 —
695 295 44 22 and
746 294 132 27 thefdesigns
883 293 27 21 of
915 292 136 29 providence
1057 292 92 23 himself
1155 291 101 30 opposed!

667 321 97 28 through
773 320 38 22 the
819 319 192 27 instrumentality
1020 319 25 22 of
1055 326 52 15 men
1116 320 81 22 whose'
1206 323 45 19 acts

659 348 62 27 -fully
731 349 94 20 warrant
835 354 36 14 me
913 346 175 26 characterising
1097 346 61 22 them
1213 347 38 21 the

665 378 58 18 most
818 372 112 28 unhappy,
941 372 46 22 and
1001 372 156 23 mischievious
1171 373 79 27 rulers,

665 401 30 27 by
706 400 72 24 whom
789 400 120 27 the.power
919 399 44 22 and
976 398 113 28 authority
1106 400 27 21 of
1147 395 110 32 England'

665 428 58 21 have
733 433 52 15 ever
792 426 59 21 been
858 425 115 22 exercised
983 433 25 14 or
1017 426 90 22 abused.
1113 424 13 14 *
1138 431 2 4 '

672 467 3 6 ■
691 459 13 21 I
714 458 56 22 have
780 457 38 22 the
827 457 73 23 honor
908 461 23 17 to
940 457 37 27 be,
987 455 38 29 niy
1030 457 74 26 'Lord,
1111 450 15 14 *

674 496 26 19 ,i■
707 508 4 8 (£(
716 494 11 17 £
771 484 63 22 Your
843 483 188 28 Lordshp's-'most
1041 483 111 28 obedient,

662 515 21 14 ■>:
707 506 32 29 '{*,
766 506 68 19 )-"-'
849 510 45 22 and
904 513 59 19 most
968 509 202 30 Tiumble'servant,.

686 542 4 4 •
723 536 5 5 -
762 547 2 4 .
825 540 23 11 v,
869 533 55 28 ff/f
933 546 4 3 .
986 542 15 21 s
1003 537 10 26 ;
1024 541 36 22 m;
1074 542 30 23 d>
1119 543 72 22 MarT
1192 551 9 14 j
1203 551 22 14 N#

693 579 24 23 P.
728 578 120 27 S.-r-Since
857 577 38 23 the
905 577 48 23 first
961 581 52 24 part
1022 578 26 22 of
1053 577 45 27 .the
1107 579 69 22 above
1186 579 66 23 letter

665 613 46 15 was
726 606 96 26 written,
829 625 3 3 .
843 604 38 23 the
886 618 3 4 •
895 604 61 22 reins
961 614 3 12 :
972 604 27 22 of
1004 614 6 15 ;
1017 605 153 23 Government
1177 624 3 3 .
1185 606 65 27 have,

664 631 107 29 through'
782 631 38 23 the
903 636 4 6 1
909 631 37 26 joff
957 631 36 21 his
1010 631 135 28 Excellency
1159 633 92 27 Captain

667 659 104 26 Hobson,
783 657 100 28 dropped
890 657 165 28 unexpectedly
1064 657 49 23 into
1130 658 35 22 the
1179 659 72 23 hands

655 708 2 4 ,
664 686 27 22 of
703 685 50 26 Mr..
759 685 126 26 Shortland,
896 684 51 22 who
961 691 53 15 now
1027 684 75 22 unites
1116 685 24 21 in
1154 685 34 22 his
1203 694 48 14 own

663 720 84 19 person
756 712 39 22 the
804 715 43 19 two
857 711 76 22 offices
941 711 25 21 of
973 711 103 21 Colonial
1085 711 114 28 Secretary
1207 713 44 22 and

665 739 168 21 Adminstrator
853 737 25 22 of
900 738 161 21 Government.
1099 737 107 24 Whether
1223 739 28 22 he

663 765 47 23 will
719 765 107 22 continue
836 767 22 19 to
869 764 75 22 follow
954 763 38 23 tHe
1003 771 61 15 same
1073 764 47 22 line
1126 764 25 22 of
1157 765 94 23 conduct

664 791 72 23 which
745 791 30 23 he
785 792 41 22 has
834 791 99 22 hitherto
942 791 93 22 advised
1039 791 39 21 the
1084 791 47 22 late
1138 791 113 24 Governor

663 821 23 19 to
695 826 88 19 pursue,
794 825 31 20 or,
835 817 45 23 like
890 825 15 14 a
913 818 69 22 noted
989 817 57 28 king
1057 818 26 22 of
1090 817 44 28 old,
1145 825 35 15 see

657 866 4 6 ,
665 852 61 15 error
736 845 27 22 of
773 845 35 22 his
818 844 211 28 way/'Js.scarcely
1038 852 15 14 a
1062 847 82 19 matter
1152 845 26 21 of
1185 845 64 29 hope.

665 871 75 28 Every
749 879 54 15 man
813 871 66 22 taken
893 871 60 22 from
972 871 38 22 the
1024 871 84 28 plough
1123 871 19 21 is
1155 875 41 19 not
1213 880 38 14 ex-

664 898 81 33 pected
761 901 24 19 to
800 898 83 24 follow,
888 897 39 23 the
943 897 67 22 noble
1025 897 108 22 Roman's
1142 899 107 28 example.

665 925 48 22 The
724 925 55 27 days
795 925 26 21 of
839 924 157 22 disinterested
1011 923 125 28 patriotism
1153 932 37 15 are
1208 933 43 15 un-

663 951 92 28 happily
764 958 57 20 gone
832 951 36 27 by,
873 958 48 14 -nor
937 951 21 21 is'
969 950 63 22 there
1048 957 45 20 any
1109 951 48 26 just
1171 958 79 16 reason

664 981 22 18 to
706 981 83 24 expect,
803 977 58 22 their
877 976 86 22 revival
986 976 78 22 under*
1075 977 38 22 the
1133 977 117 24 Shortland

665 1003 101 32 dynasty.
796 1003 47 22 The
969 1007 103 24 compact
1109 1008 82 18 cannot
1206 1005 44 23 and

663 1030 46 22 will
717 1033 41 19 not
766 1031 28 20 be
805 1030 100 22 disolved
919 1036 58 18 even
992 1026 49 28 for.t
1044 1030 40 22 he
1102 1031 57 26 good
1176 1032 26 22 of
1212 1032 37 22 the

663 1059 64 19 state.
756 1056 74 22 While
840 1056 37 22 the
893 1063 42 15 son
950 1056 20 22 is
987 1056 123 27 Governor,
1127 1057 37 23 the
1177 1058 74 23 father

662 1083 25 21 in
703 1083 42 22 law
762 1083 44 22 will
820 1087 42 17 not
875 1083 28 22 be
917 1083 112 27 forsaken,
1045 1083 45 22 and
1100 1083 44 22 'the
1154 1085 94 28 brother,

662 1109 103 22 however
773 1110 44 21 low
827 1110 38 22 the
877 1110 68 22 funds
959 1110 27 21 of
997 1110 37 22 the
1050 1111 80 26 colony
1145 1118 52 21 may
1213 1113 35 26 be,

663 1136 45 22 will
718 1136 113 22 doubtless
840 1137 27 21 be
877 1136 125 22 continued
1010 1144 24 14 in
1048 1137 35 22 his
1097 1141 77 18 recent
1188 1138 62 23 office

663 1163 26 21 of
701 1163 173 22 Sub-Protector
883 1163 27 21 of
920 1163 143 27 Aborigines,
1079 1164 59 22 until
1151 1164 28 22 he
1194 1165 55 23 shall
1255 1183 2 5 ,

662 1189 59 23 have
741 1190 107 27 acquired
865 1197 14 14 a
894 1190 113 22 sufficient
1024 1190 136 27 knowledge.)
1171 1192 26 21 of
1211 1192 39 22 the

664 1216 83 22 Native
752 1216 115 28 -language
877 1220 24 18 to
910 1216 87 32 qualify
1006 1216 47 22 him
1063 1220 23 18 to
1096 1221 47 23 step
1152 1217 47 23 into
1205 1219 43 21 Mr.

665 1243 101 22 Clarke's
776 1244 65 21 shoes
846 1250 29 20 ;as
884 1243 72 27 Chief,
964 1243 122 23 Protector.
1120 1244 130 23 Favoritism

663 1270 45 21 and
719 1277 68 20 every
797 1270 63 22 other
870 1270 84 27 species
964 1270 27 21 of
1002 1270 68 22 abuse
1088 1270 56 22 have
1161 1271 89 28 already

662 1296 90 28 injured
770 1296 38 22 the
824 1296 95 27 Colony.,
925 1304 24 14 so
965 1296 69 22 much
1048 1296 49 22 that
1110 1297 37 22 the
1157 1298 92 22 settlers'

663 1322 69 29 hopes
742 1326 61 18 must
810 1326 46 18 rest
865 1322 96 28 entirely
978 1330 29 14 on
1025 1323 38 22 the
1076 1324 80 27 justice
1171 1325 26 21 of
1211 1325 38 22 the

663 1350 75 21 Home
748 1350 160 22 Government.
948 1350 45 21 The
1003 1350 97 26 Augean
1110 1351 68 22 stable
1194 1351 18 22 is
1226 1359 23 15 so

661 1376 42 22 full
718 1377 26 21 of
755 1376 135 28 corruption,
907 1376 47 22 and
963 1376 38 22 the
1127 1382 100 23 compact

663 1410 23 14 so
697 1403 55 27 firm,
764 1403 49 21 that
819 1403 96 27 nothing
924 1403 43 21 less
978 1403 54 22 than
1041 1411 16 14 a
1070 1404 61 22 river
1146 1405 32 24 of.
1182 1409 68 18 water

662 1437 41 14 can
727 1430 89 22 cleanse
841 1430 36 21 the
903 1437 49 20 one,
974 1437 25 14 or
1018 1430 38 22 the
1075 1431 97 27 strength
1191 1433 26 21 of
1237 1439 13 15 a

663 1456 113 22 Hercules
785 1456 69 22 break
864 1456 37 22 the
909 1456 71 22 other.

720 1517 194 22 ENGLISH
943 1517 246 22 EXTRACTS.

773 1557 73 26 [From
854 1558 35 20 the
895 1558 7 12 *
909 1557 81 21 Nelson
996 1558 142 26 Examiner.']

688 1607 45 21 Mr.
743 1606 88 27 Lister,,
835 1606 38 22 the
879 1606 221 28 Register-General,
1114 1607 51 23 died
1173 1616 29 14 on
1211 1609 38 22 the

660 1633 38 21 sth
716 1633 25 21 of
756 1633 67 22 June.
853 1633 44 22 Mr.
904 1633 87 22 .Lister
1010 1640 45 15 was
1074 1634 37 22 the
1131 1635 77 22 author
1228 1636 24 22 of

809 1659 46 22 arid
864 1659 64 22 other
942 1660 94 27 popular
1046 1661 73 22 works
1130 1661 25 22 of
1166 1662 82 23 fiction.

686 1686 33 22 To
729 1689 100 25 promote
840 1686 36 22 the
886 1686 64 22 trade
961 1687 25 21 of
995 1687 112 28 Norwich,
1125 1688 36 22 the
1171 1689 78 24 Queen

660 1712 40 22 has
710 1713 123 28 purchased
850 1713 87 22 several
945 1713 82 22 shawls
1041 1715 170 23 manufactured
1227 1717 21 21 in

660 1739 50 22 that
719 1743 64 23 town,
794 1740 35 22 for
837 1739 40 23 her
887 1747 51 15 own
949 1741 106 26 wearing.

691 1767 48 21 The
759 1767 63 21 West
837 1767 180 28 India^steamer
1035 1769 89 19 Medina
1138 1768 39 22 has
1191 1769 57 22 been

659 1793 79 28 totally
748 1793 45 22 lost
803 1800 29 16 on
849 1800 13 15 a
870 1794 51 21 reef
923 1796 33 29 _at
970 1794 39 21 the
1020 1798 106 19 entrance
1137 1795 25 21 of
1171 1796 78 27 Turk.s

660 1819 85 23 Island.
780 1820 37 22 No
831 1820 76 22 blame
921 1820 19 22 is
956 1821 132 22 attributed-
1095 1825 21 18 to
1135 1821 37 23 the
1189 1830 60 15 com-

659 1847 102 22 mander.
790 1847 48 22 The
846 1847 56 21 lives
913 1847 27 21 of
945 1847 30 21 all
989 1854 29 15 on
1026 1848 72 22 board
1107 1856 57 14 were
1175 1850 73 22 saved.

686 1873 49 23 The
745 1881 50 15 sum
804 1874 26 21 of
843 1874 103 27 jgl5;O0O'
954 1873 43 23 has
1010 1875 57 21 been
1087 1875 126 23 subscribed
1227 1880 21 18 to

660 1900 82 22 relieve
754 1901 38 21 the
799 1900 121 23 'distresses
931 1901 95 28 existing
1039 1901 25 22 in
1079 1901 39 23 the
1135 1903 114 22 manufac-

664 1927 74 27 turing
746 1927 104 23 districts.

688 1954 23 21 A
720 1954 102 22 dreadful
833 1954 102 22 accident
943 1954 42 22 has
996 1955 106 23 occurred
1112 1959 23 19 at
1145 1957 35 21 the
1187 1957 62 27 Apo-

660 1979 115 23 thecaries'
786 1981 60 26 Hall,
857 1981 101 26 London,
965 1991 5 5 '
975 1981 31 27 by
1017 1988 27 15 an
1054 1983 112 26 explosion
1176 1983 25 22 in
1210 1983 38 22 the

660 2006 136 27 laboratory,
815 2007 73 22 which
902 2007 70 22 killed
988 2015 15 14 a
1018 2009 128 25 gentleman
1164 2012 86 25 present

660 2034 83 21 named
757 2033 97 27 Hennel,
869 2033 45 22 and
923 2034 243 27 scatteredfragments
1176 2037 26 20 of
1214 2037 34 21 his

659 2059 65 27 body,
728 2067 54 14 over
796 2059 36 22 the
847 2063 48 24 tops
910 2061 27 20 of
948 2059 43 22 the-
1001 2060 115 27 adjoining
1130 2061 117 28 buildings.

660 2086 48 21 The
717 2086 104 22 accident
832 2093 43 15 was
887 2086 82 22 caused
982 2087 33 26 by
1023 2087 88 27 mixing
1121 2087 128 29 detonating

660 2112 96 27 powder,
770 2113 109 27 prepared
894 2113 30 27 by
934 2117 44 18 two
992 2113 103 23 different
1112 2121 96 22 persons,
1225 2119 23 19 to

660 2139 97 27 produce
766 2139 132 27 uniformity
908 2139 27 22 of
941 2140 83 22 colour.
1051 2143 4 6 '
1142 2157 2 4 .
1154 2142 3 8 '

687 2166 62 22 Lord
759 2166 86 27 Ashley
853 2166 40 22 has
902 2166 98 28 brought
1008 2167 24 21 in
1042 2174 14 15 a
1064 2167 40 22 bill
1115 2171 23 18 to
1147 2168 101 27 improve

661 2192 37 22 the
708 2192 114 22 condition
830 2193 25 21 of
862 2193 38 21 the
909 2194 80 27 people
1126 2195 23 21 in
1159 2195 38 22 the
1204 2196 44 22 col-

660 2219 79 28 lieries;
747 2219 38 23 the
796 2219 60 23 chief
865 2219 84 23 clauses
957 2220 28 22 of
991 2220 73 22 which
1073 2228 36 15 are
1117 2230 6 13 :
1124 2233 28 4 —

752 2251 32 17 the
793 2251 121 21 employment
921 2252 21 16 of
946 2256 71 12 women
1023 2253 20 16 in
1051 2253 32 16 the
1090 2253 58 17 mines
1156 2254 65 17 should
1228 2256 20 16 be

660 2271 65 21 wholly
731 2272 88 17 forbiden.
930 2278 3 5 •
940 2278 10 9 .<■
1067 2272 3 6 '
1130 2272 3 4 '
1151 2281 3 3 ■
1205 2275 3 9 '

682 2293 63 16 "/'That
752 2297 25 12 no
784 2293 48 17 male
839 2293 49 17 child
895 2293 65 17 should
971 2294 23 16 be
1001 2294 94 21 employed
1103 2295 58 17 under
1170 2296 78 17 thirteen

660 2317 50 17 years
718 2314 20 16 of
742 2318 40 16 age.
996 2319 3 6 •

699 2334 46 17 That
752 2334 32 17 the
792 2335 64 20 engine
862 2335 24 20 by
890 2334 60 18 which
957 2334 93 18 labourers
1055 2340 46 12 were
1108 2336 67 17 carried
1183 2341 25 18 up
1212 2338 36 17 and

660 2354 52 17 down
719 2355 32 17 tho
758 2355 58 17 shafts
823 2356 65 17 should
895 2357 34 15 not
935 2357 21 16 be
963 2356 92 17 intrusted
1060 2359 18 14 to
1086 2357 31 16 the
1124 2360 125 19 management

660 2375 20 17 of
684 2380 35 16 any
726 2376 95 21 engineers
828 2381 20 12 or
854 2377 93 16 workmen
954 2378 60 15 under
1022 2378 115 21 twenty-one.
1153 2380 17 12 '■■
1193 2382 3 8 <
1233 2380 10 9 ''

757 2397 32 16 the
799 2399 68 19 system
877 2398 22 16 of
907 2398 125 20 apprenticing
1044 2399 45 20 boys
1100 2399 30 16 till
1140 2400 108 20 twenty-one

660 2417 65 17 should
731 2418 23 16 be
1050 2435 8 7 t
1186 2434 4 5 ,
1204 2415 5 3 '
1224 2430 3 7 ,

687 2444 74 23 Those
777 2445 86 22 clauses
872 2452 58 15 were
945 2446 120 27 supported
1081 2447 30 27 by
1121 2451 127 19 statements

660 2471 176 29 demonstrating
845 2472 57 22 their
910 2473 122 27 necessity,'
1043 2473 45 22 and
1097 2471 102 29 ree'eiyed
1204 2490 4 9 t
1208 2475 38 22 the

660 2498 42 22 full
710 2501 91 25 support
810 2498 26 22 of
839 2499 37 21 the
886 2498 77 23 house.
1000 2515 4 4 -
1041 2514 2 6 ,
1098 2515 4 4 .

686 2526 73 26 Many
767 2526 27 21 of
799 2526 37 22 the
846 2526 86 22 colliers
942 2529 23 19 at
973 2524 92 30 JDudley
1074 2526 172 24 have-returned

660 2554 22 19 to
693 2552 57 22 their
756 2553 60 21 work
823 2555 23 19 at
855 2553 97 22 reduced
961 2560 80 20 wages.
1065 2554 70 27 Eight
1140 2555 106 22 Chartists

659 2578 57 23 have
725 2579 57 22 been
794 2580 129 22 committed
930 2580 36 22 for
975 2580 99 27 uttering
1082 2581 164 29 inflammatory

660 2606 100 27 speches.
824 2606 3 3 '
935 2623 10 16 v
987 2604 7 21 •'
1017 2622 3 13 ;
1131 2623 4 6 '
1146 2621 21 13 m
1180 2615 28 19 .'"
1241 2613 3 4 '

685 2632 29 22 A-
727 2640 51 14 new
794 2632 89 28 church,
903 2633 103 28 building
1024 2637 24 18 at
1067 2634 179 29 Andover,,,and

658 2658 73 23 which
749 2667 45 14 was
811 2660 77 27 nearly
908 2659 133 28 completed,
1061 2660 40 23 fell
1119 2661 64 23 down
1203 2663 43 21 and

658 2686 79 22 buried
747 2694 14 14 a
770 2694 53 14 man
833 2687 24 21 in
867 2687 28 21 its
902 2686 73 22 'ruins.
1125 2696 13 18 ■,
1204 2694 11 13 .f

684 2712 49 22 The
749 2713 61 28 King
825 2714 25 21 of
865 2713 38 22 the
921 2713 92 23 French,
1024 2714 19 21 is
1060 2714 148 29 dangerously
1213 2722 4 4 '
1222 2715 26 23 ill

658 2738 56 23 from
725 2747 28 14 an
764 2740 75 22 attack
848 2740 26 22 of
881 2740 87 28 dropsy.
1163 2755 3 4 .
1191 2760 1 6 ,
1206 2755 3 11 ,
1231 2748 4 6 •

685 2766 93 22 Messrs.
797 2767 129 27 Thompson
949 2768 47 21 and
1009 2768 44 21 .Co.
1057 2768 17 21 's
1091 2768 61 27 large
1171 2772 75 19 cotton

660 2793 158 28 manufactory,
830 2794 22 21 in
860 2794 42 22 Pin
910 2794 53 22 Mill
970 2794 62 27 Bow,
1043 2795 57 21 Man
1103 2795 99 28 Chester,,
1206 2796 40 22 has

659 2818 57 23 been
724 2820 80 27 totally
813 2821 123 21 consumed
944 2821 32 27 by
985 2821 47 21 fire.
1161 2840 12 8 
1197 2835 4 4 •
1225 2828 18 20 ;

685 2846 48 21 The
743 2849 76 19 cotton
833 2847 48 21 mill
890 2848 36 25 of,
931 2848 45 21 Mr.
987 2848 141 27 Whitworth,
1133 2845 4 4 '
1144 2851 24 19 at
1177 2849 68 28 Bury,

658 2871 24 22 in
693 2872 144 28 Lancashire,
846 2873 40 22 has
896 2874 47 21 also
953 2874 58 22 been
1020 2875 118 26 destroyed
1142 2875 33 28 ,by
1185 2876 48 22 fire.

686 2898 23 22 A
718 2901 60 20 most
789 2899 136 22 lamentable
937 2904 67 18 event
1018 2900 40 22 has
1068 2901 67 23 taken
1149 2903 63 26 place
1221 2903 25 22 in

659 2927 58 20 town
724 2925 26 22 of
756 2924 80 30 Enhis,
844 2926 25 22 in
879 2926 101 22 Ireland.
987 2942 12 12 r
1008 2928 38 21 An
1051 2928 77 22 attack
1136 2928 44 23 had
1189 2929 57 23 been

660 2951 63 22 made
738 2952 29 21 oh
777 2959 15 15 a
805 2959 53 16 corn
871 2956 60 19 store
947 2954 31 27 by
987 2961 14 14 a
1015 2954 61 27 large
1091 2962 120 16 concourse
1222 2956 26 22 of

659 2978 83 28 people,
754 2979 46 22 and
808 2979 134 29 the^policej!
945 2980 67 22 while
1025 2981 139 28 attempting,
1168 2986 21 18 to
1199 2983 46 22 dis-

657 3012 63 20 perse
733 3005 40 22 the
788 3006 60 27 mob,
865 3013 57 15 were
1046 3007 53 22 with
1114 3008 96 23 showers
1224 3009 26 23 of

658 3035 83 24 stones,
761 3032 72 23 which
847 3032 111 23 fractured
974 3034 39 21 the
1030 3033 60 23 skull
1105 3035 26 21 of
1144 3042 41 16 one
1201 3036 45 22 and

658 3060 76 21 struck
742 3059 87 22 several
839 3060 80 21 others.
948 3060 49 22 The
1007 3060 72 28 police
1090 3061 53 22 then
1152 3062 72 23 found
1229 3063 18 22 it

658 3091 118 22 necessary
786 3091 22 16 to
818 3086 47 27 fire,
870 3087 63 27 .and,
940 3087 17 22 it
966 3095 47 14 was
1027 3091 41 18 not
1082 3088 57 22 until
1153 3091 93 26 twenty-

658 3112 44 22 five
717 3112 127 28 discharges
857 3113 46 22 had
919 3110 68 26 taken
1004 3114 63 28 place
1079 3114 48 22 that
1141 3115 37 23 the
1193 3117 53 21 mob

658 3138 90 23 showed
757 3147 45 24 any
811 3140 130 27 disposition
950 3143 24 19 to
985 3141 74 22 desist.
1089 3142 89 22 Several
1187 3143 58 23 have

659 3165 51 23 died
719 3166 26 22 of
752 3166 58 23 their
820 3166 99 23 wounds.
1074 3178 3 5 ■
1112 3180 3 3 ■

685 3193 79 22 Steam
773 3193 149 23 Navigation
933 3202 30 14 on
974 3202 47 14 the
1036 3194 105 24 Thames.
1142 3207 29 6 —
1171 3195 72 24 The*e

658 3226 38 15 are
719 3227 51 15 now
794 3221 33 20 16:
843 3220 83 22 vessels
936 3239 3 3 .
947 3222 97 27 running
1069 3222 68 27 daily,
1147 3223 99 22 between

660 3246 130 23 Gravesend
801 3247 48 23 'and
865 3248 119 28 London,,.
986 3248 38 22 the
1041 3256 63 14 same
1113 3251 94 21 number
1222 3253 23 18 to

654 3272 134 29 •Woolwich,
803 3276 27 20 20
846 3277 23 18 to
885 3272 140 28 Greenwich,
1043 3282 120 16 numerous
1180 3276 65 22 small

658 3303 106 19 steamers
764 3312 28 4 —
792 3300 37 22 the
843 3301 63 22 boats
921 3302 29 21 of,
957 3298 40 25 th!e
1008 3300 153 28 '^Watermen's
1178 3304 66 21 Com-

657 3333 66 21 pany,
742 3327 47 22 and
804 3328 26 21 of
845 3327 37 22 the
900 3328 52 22 Old'
961 3328 125 22 Woolwich
1103 3329 115 30 Company
1218 3340 28 5 —

658 3352 101 23 between
770 3354 139 26 Greenwich,
918 3354 45 22 arid
1107 3364 6 19 ;
1137 3356 60 23 there
1207 3364 37 14 are

658 3380 61 26 eight
734 3383 78 21 steam,
825 3381 84 22 vessels
925 3382 125 27 constantly
1067 3383 70 27 going
1151 3390 31 19 up
1201 3385 44 20 arid

658 3406 65 23 down
733 3407 37 22 the
779 3407 60 22 river
847 3415 29 14 on
884 3408 63 26 their,
951 3416 50 20 way
1008 3411 22 19 to
1041 3409 47 22 and
1096 3409 56 23 from
1160 3409 84 27 Dover,

658 3432 127 30 Rariisgate,
796 3434 111 27 Margate;
917 3434 80 23 Herrie
1004 3436 55 27 Bay,
1070 3435 122 29 Southerid,
1200 3436 45 22 and

658 3459 127 24 Sheerness.
827 3461 48 22 The
893 3461 100 23 General
1016 3463 75 21 Steam
1109 3463 134 27 Navigation

659 3486 115 28 Company
795 3488 87 22 ihuster;
894 3489 29 21 49
925 3491 4 7 s
937 3488 67 29 tfrst;'
1008 3489 57 22 class
1083 3488 119 29 steamers;'
1206 3490 38 26 .all

658 3513 82 28 sailing-
752 3514 174 28 fromfLondon,
938 3522 19 20 ,a
973 3516 56 22 fleet
1048 3514 109 30 superior^
1164 3516 24 22 tb
1190 3524 5 8 i
1206 3516 38 22 the

658 3543 70 19 steam
738 3540 54 23 fleet
801 3537 25 26 of
836 3542 139 31 any^qtthe.
987 3543 144 22 Continental
1147 3543 96 27 Powers,

658 3566 52 23 and.
717 3567 73 22 which
803 3575 64 22 carry
876 3569 158 22 merchandize
1051 3570 44 22 and
1104 3573 102 24 property
1220 3573 24 18 to

658 3594 146 26 the^ariaount
822 3595 27 22 of
863 3603 14 14 a
888 3594 92 24 million'
990 3596 192 27 sterlirig\weefcly,
1199 3596 46 22 and

658 3620 72 22 whose
745 3622 154 28 consumption
914 3623 27 21 of
956 3623 61 22 coals
1032 3622 96 23 exceeds
1142 3623 22 21 in
1178 3622 66 22 value

658 3647 96 27 £50,000
768 3655 40 21 per
816 3656 91 15 annum.
917 3664 5 4 -
937 3650 73 22 There
1025 3657 37 15 are
1077 3653 41 18 not
1132 3650 42 21 less
1189 3648 55 23 than

657 3672 50 30 fifty
716 3674 64 23 other
790 3675 62 28 large
862 3680 72 18 steam
949 3676 89 24 vessels,
1041 3676 89 26 trading
1144 3676 100 22 between

658 3700 95 23 London
763 3702 43 22 and
816 3702 87 22 various
914 3705 63 25 ports
985 3700 105 25 in^Great
1105 3702 85 22 Britain
1199 3702 46 22 and

658 3727 102 28 Ireland;
776 3730 27 20 23
811 3732 71 19 steam
890 3732 57 25 tugs,
957 3729 105 28 carrying
1071 3730 59 21 from
1138 3731 27 19 30
1175 3732 22 19 to
1204 3730 41 20 100

657 3754 64 22 horse
727 3761 75 21 power
807 3755 62 27 each,
878 3756 137 27 exclusively
1023 3755 101 28 engaged
1132 3755 24 22 in
1161 3756 85 27 towing

658 3781 59 24 ships
726 3780 101 24 between
836 3783 130 21 Gravesend
977 3783 45 21 and
1030 3782 39 22 the
1076 3782 55 22 Pool
1137 3789 5 20 ;
1157 3784 28 20 20
1194 3783 50 21 iron

658 3815 45 15 ana
713 3808 92 22 wooden
812 3812 106 19 steamers
926 3809 132 27 navigating
1063 3808 38 22 the
1109 3809 59 21 river
1173 3809 71 22 above

657 3834 85 28 bridge,
757 3835 101 23 between
873 3836 97 22 London
987 3835 78 27 bridge
1079 3835 45 22 and
1140 3834 93 24 Chelsea
1238 3843 6 24 j

657 3864 43 20 two
718 3862 124 28 constantly
858 3862 98 26 running
975 3862 101 22 between
1090 3862 38 21 the
1137 3870 4 2 -
1147 3862 98 27 Adelphi

656 3888 49 33 pier
714 3888 43 23 and
771 3889 95 27 Putney,
877 3889 46 22 and
938 3896 44 15 nve
992 3891 24 19 to
1029 3888 134 23 Richmond.
1191 3888 55 23 This

657 3923 19 14 is
691 3923 14 14 a
719 3917 50 21 vast
783 3919 93 19 amount
889 3916 28 22 of
927 3919 72 18 steam
1111 3915 135 28 unequalled

657 3949 60 21 upon
733 3949 45 21 any
791 3942 59 24 river
863 3942 23 22 in
898 3942 39 22 the
952 3941 76 24 world.
1058 3941 72 23 There
1145 3942 18 22 is
1177 3949 70 16 never

555 47 98 50 ®!>e
676 48 120 43 Wtto
820 48 211 43 Ztalantr
1054 48 192 46 i&zytttt
1270 49 91 39 anti
1385 49 301 48 tmtlUnqton
1711 47 255 50 spectator-

1280 134 49 27 less,
1340 138 23 18 at
1372 142 44 21 any
1426 144 44 15 one
1480 137 60 26 time,
1551 137 55 23 than
1620 139 63 25 5,000
1688 146 94 19 .persons
1796 139 67 21 afloat

1278 168 26 14 in
1321 161 36 21 the
1366 165 106 20 steamers
1488 163 82 28 during
1582 164 37 22 the
1634 172 98 14 summer
1740 172 79 14 season
1834 172 29 14 on

1279 186 38 22 the
1326 187 74 23 River
1403 189 104 23 Thames.
1536 190 93 28 Among
1638 191 37 21 the
1680 191 107 22 novelties
1796 191 67 33 lately

1272 213 138 24 •introduced
1417 215 26 22 in
1451 219 70 19 steam
1526 217 133 26 -navigation
1674 217 19 21 is
1703 224 15 14 a
1726 217 71 23 vessel
1810 217 53 22 with

1279 239 129 24 locomotive
1415 242 101 27 engines,
1526 243 86 22 similar
1617 247 21 18 to
1648 242 62 22 those
1718 243 28 21 oh
1746 245 3 7 ;
1756 251 13 14 a
1773 243 90 28 railway

1386 271 22 18 at
1418 275 14 15 a
1440 268 60 27 high'
1504 276 108 20 pressure,
1628 268 44 23 aifd
1680 269 39 22 the
1734 269 129 23 Waterman

1279 292 43 22 No.
1330 294 20 26 7,
1361 294 52 22 with
1420 295 100 21 Steven's
1529 299 79 24 patent
1613 295 99 28 paddles,
1724 295 72 23 which
1802 300 61 18 enter

1270 321 2 25 |
1278 318 38 23 the
1326 323 67 19 water
1403 323 23 19 at
1434 328 30 14 an
1474 321 64 27 angle
1547 322 26 21 of
1583 323 34 26 35,
1633 322 97 27 produce
1739 330 54 19 very
1806 322 57 22 little

1271 346 78 27 f'^well,-
1362 347 67 21 avoid
1443 347 40 22 the
1491 348 59 22 back
1565 348 161 22 water'thrown
1741 356 31 24 up
1782 349 28 27 by
1826 349 37 21 the

1279 372 103 28 ordinary
1390 373 99 28 paddles,
1501 374 46 22 and
1561 374 99 28 produce
1673 375 57 21 little
1745 375 117 22 vibration.

1274 397 67 25 .With
1350 402 42 19 two
1403 407 24 14 or
1436 400 62 22 three
1509 401 134 27 exceptions,
1652 401 113 31 the^team
1773 402 90 27 engines

1278 430 24 16 m
1312 432 40 15 our
1355 426 64 22 -river
1429 427 82 22 vessels
1519 435 37 14 are
1562 428 91 22 worked
1659 431 24 18 at
1692 428 66 22 alow
1764 436 98 20 pressure

1279 450 69 24 hence
1358 452 125 28 explosions
1493 461 39 15 are
1541 461 69 15 never
1619 454 69 22 heard
1696 455 31 21 of.
1742 464 4 4 •

1279 481 12 18 '•"
1304 485 50 22 The
1368 485 70 23 Heat
1453 494 25 14 in
1493 487 108 24 Paris.—
1601 487 49 22 The
1666 487 53 22 heat
1735 495 30 15 on
1780 487 82 23 Thurs-

1279 510 43 29 day
1330 518 45 16 was
1385 512 155 29 considerably
1549 513 123 23 increased.
1705 515 34 20 At
1747 515 34 21 six
1790 515 23 21 in
1824 515 38 21 the

1278 538 103 28 morning
1395 539 39 21 the
1449 539 159 23 thermometer
1626 541 30 27 by
1675 541 37 21 the
1729 541 133 26 Centigrade

1280 564 57 22 scale
1347 572 43 15 was
1401 569 23 18 at
1434 567 27 21 18
1474 566 87 22 8-10ths
1577 567 25 21 of
1618 567 138 23 Fahrenheit
1768 568 39 25 65|
1816 574 6 15 :
1839 570 24 19 at

1279 591 91 27 midday
1384 598 47 16 was
1445 599 31 20 up
1493 596 25 18 at
1526 593 12 22 '
1538 593 25 22 27
1579 593 33 27 C,
1627 595 39 24 80|
1681 593 33 26 F.,
1726 593 46 22 arid
1780 594 30 27 by
1818 596 44 19 two

1279 617 86 22 o'clock
1381 619 257 28 p.m;at2yi»lothC,
1653 621 41 24 82J
1704 620 26 22 F.

1283 655 3 6 '
1308 650 20 23 A
1345 651 131 27 gentleman
1492 652 26 22 in
1533 660 15 14 a
1561 652 105 23 northern
1683 653 84 22 suburb
1783 654 26 21 of
1824 652 38 23 the

1272 678 131 27 .metropolis
1411 678 42 22 has
1463 678 95 23 blocked
1572 687 30 20 up
1612 687 66 21 every
1687 680 93 22 window
1789 680 24 22 in
1823 680 38 22 the

1271 702 62 24 ,back
1344 704 26 22 of
1381 704 34 22 his
1424 704 78 27 house,
1518 706 74 22 where
1606 706 61 23 there
1676 713 58 16 were
1748 713 73 21 seven,
1831 706 30 28 by

1278 729 72 23 which
1367 730 29 23 he
1411 730 42 23 has
1472 739 29 14 no
1520 732 94 23 window
1632 736 39 19 tax
1689 736 23 19 to
1733 741 51 20 pay.
1812 733 49 22 The

1277 760 93 19 amount
1385 757 28 22 he
1422 757 47 22 will
1481 758 58 23 have
1556 763 23 18 to
1592 766 44 21 pay
1645 760 34 22 for
1693 760 89 22 income
1790 762 39 19 tax
1843 760 19 21 ia

1278 783 93 27 exactly;
1380 783 61 23 what
1453 784 30 22 he
1498 784 41 23 has
1552 786 60 21 been
1627 786 84 28 paying
1727 786 34 22 for
1769 786 93 23 window

1277 811 45 25 tax,
1330 810 47 22 and
1385 810 27 22 he
1422 810 20 22 is
1451 810 140 24 determined
1599 817 39 18 not
1647 816 22 18 to
1678 820 48 19 pay.
1732 812 60 23 both.

1304 843 177 23 Water-spout.
1481 856 30 4 —
1511 845 22 22 A
1543 845 171 29 correspondent
1766 846 36 22 the
1811 847 51 20 Bel-

1272 869 51 26 fast
1332 871 108 21 Chronicle
1455 875 68 18 states
1537 871 48 23 that
1600 880 29 14 on
1645 873 111 27 Saturday
1767 873 96 27 evening

1277 896 44 22 last
1328 897 38 22 the
1376 902 60 18 town
1446 897 26 23 of
1483 898 54 22 Port
1552 899 89 22 Patrick
1656 906 45 15 was
1714 899 80 22 visited
1809 900 34 27 by
1849 907 14 14 a

1277 926 148 25 water-spout,
1445 924 73 22 which
1534 925 39 21 did
1592 932 54 21 very
1660 925 84 23 serious
1761 926 99 27 damage,

1276 949 31 28 by
1326 951 93 26 causing
1443 951 38 22 the
1500 951 80 22 almost
1603 952 54 22 total
1679 952 136 22 destruction
1840 953 25 21 of

1276 977 100 26 upwards
1394 978 26 21 of
1438 980 29 20 20
1484 978 88 22 houses.
1601 978 62 28 Very
1679 979 136 28 fortunately
1832 986 30 15 no

1276 1002 54 23 lives
1336 1006 61 19 Vere
1406 1004 50 21 lost.
1495 1024 3 2 .
1564 1021 4 2 .
1591 1024 1 2 ,
1615 1007 4 4 '

1386 1052 365 25 MISCELLANEOUS.
