3300 4340
1155 3318 94 17 DEATH.

1010 3363 86 18 JONES.
1098 3363 54 18 —On
1161 3363 109 23 September
1279 3364 16 21 1,
1310 3365 21 16 at
1343 3364 30 17 his
1386 3370 23 16 pa-

987 3387 57 16 rents'
1051 3386 100 21 residence,
1159 3387 57 16 Groat
1223 3386 62 18 North
1291 3387 59 21 Road,
1357 3386 51 18 Auck-

987 3409 52 20 land,
1054 3409 98 22 suddenly,
1169 3410 66 21 Henry
1251 3409 89 21 Herbert,
1356 3410 64 16 fourth

988 3438 33 11 son
1030 3433 21 16 of
1058 3431 50 18 John
1121 3432 37 16 and
1166 3432 77 17 Harriet
1256 3432 64 20 Jones,
1336 3433 49 22 aged
1398 3433 23 16 20

988 3461 54 15 years
1051 3456 10 15 S
1070 3454 82 18 months.

988 3509 58 23 THE
1068 3508 56 24 HOT
1141 3509 97 23 LAKES
1253 3511 167 24 CHRONICLE

1176 3546 55 13 AND

1091 3574 106 21 Tourists'
1214 3577 101 24 Journal.

990 3640 170 21 WEDNESDAY,
1174 3641 154 20 SEPTEMBER
1339 3646 18 18 4,
1369 3645 51 16 1895.

1002 3703 103 24 LOCAL
1120 3704 94 25 NEWS
1225 3706 70 23 AND
1309 3703 97 27 NOTES.

1012 3761 82 18 Tenders
1102 3767 31 12 are
1140 3763 71 18 invited
1223 3763 19 18 in
1252 3765 79 17 another
1347 3765 74 17 column

990 3784 30 18 for
1028 3784 103 23 supplying
1143 3791 68 17 supper
1225 3789 19 15 at
1261 3787 31 18 the
1307 3788 39 17 ball
1362 3789 21 16 to
1398 3789 24 16 bo

990 3807 44 17 held
1041 3807 20 17 in
1069 3807 32 17 the
1110 3808 85 18 Pukeroa
1203 3809 46 18 Hall
1258 3815 24 12 on
1297 3810 123 23 Wednesday,

991 3829 109 23 September
1109 3831 51 18 18th.

1013 3857 32 18 Mr
1052 3858 30 17 W.
1091 3859 71 22 Rogers
1171 3866 105 12 announces
1290 3862 43 17 that
1348 3862 24 17 he
1387 3863 35 17 has

990 3882 38 16 two
1037 3882 85 22 cottages
1130 3883 20 16 to
1159 3882 84 19 let—one
1261 3884 99 18 favorably
1374 3886 38 16 situ-

990 3904 44 16 ated
1042 3909 25 11 on
1075 3904 32 17 the
1115 3904 86 18 Utuhina
1214 3907 59 20 creek,
1291 3908 33 17 the
1340 3908 55 17 other
1402 3908 20 17 iu

991 3926 116 18 Ohineiuutu
1117 3928 100 23 township.

1013 3954 17 16 A
1039 3953 49 18 total
1096 3954 67 23 eclipse
1171 3956 21 16 of
1204 3956 33 17 the
1253 3962 57 12 moon
1323 3958 39 17 will
1379 3957 43 18 take

990 3976 53 22 place
1051 3977 87 22 to-night
1146 3978 60 17 which
1214 3979 39 18 will
1259 3979 23 17 be
1288 3981 64 21 partly
1357 3980 65 18 visible

990 3999 51 17 here.
1064 4000 39 17 The
1111 4007 56 11 moon
1175 4002 38 16 will
1221 4003 36 16 rise
1263 4002 69 22 during
1336 4003 33 17 the
1375 4002 47 18 total

990 4022 64 22 phase,
1063 4023 38 17 and
1108 4023 33 18 the
1149 4024 60 18 whole
1218 4026 19 16 of
1246 4025 32 17 the
1286 4031 79 17 passage
1373 4026 49 16 from

991 4045 32 17 the
1039 4045 69 18 earth's
1124 4046 76 18 shadow
1216 4048 38 17 will
1270 4047 24 18 be
1310 4053 49 12 seen.
1383 4048 39 17 The

991 4068 76 22 totality
1075 4068 66 22 begins
1148 4071 20 15 at
1175 4070 41 17 4.37
1223 4068 4 24 ;
1241 4070 71 18 middle
1320 4071 20 17 of
1348 4070 73 22 eclipse,

992 4091 52 20 5.27;
1058 4091 37 17 end
1101 4092 21 16 of
1129 4092 82 22 totality,
1228 4093 21 20 G.
1249 4093 32 20 17;
1295 4094 37 16 last
1348 4094 74 16 contact

992 4113 46 18 with
1046 4114 83 20 shadow,
1140 4115 40 17 7.24
1187 4113 4 25 ;
1206 4116 36 16 end
1259 4116 20 16 of
1291 4115 73 23 eclipse,
1374 4117 47 16 8.34.

990 4136 39 18 The
1037 4142 36 11 sun
1081 4138 37 16 sets
1126 4137 87 23 to-night
1223 4139 20 16 at
1256 4139 47 16 5.31.

1459 138 32 17 Mr
1506 138 29 17 W.
1553 138 107 24 Brakenrig
1679 140 21 17 cf
1719 140 33 17 the
1772 138 98 19 AncHora

1437 161 100 18 Y.M.C.A.
1548 162 105 18 conducted
1661 162 63 18 divine
1733 162 69 18 service
1810 162 20 16 in
1838 161 33 19 the

1437 184 132 22 Presbyterian
1590 185 75 18 Church
1687 191 25 12 on
1734 185 77 21 Sunday
1827 185 43 17 lust.

1437 207 31 17 Mr
1476 207 105 23 Brakenrig
1597 209 38 17 will
1656 209 80 17 officiate
1753 208 56 22 again
1825 209 46 16 nest

1437 230 77 23 Sunday
1523 231 88 22 morning
1620 232 37 17 and
1666 232 86 22 evening.

1460 269 39 17 The
1512 268 57 18 Town
1583 268 63 18 Board
1662 269 34 17 has
1710 267 101 19 consented
1823 270 20 15 to
1860 274 10 11 a

1437 293 69 21 charge
1515 292 19 16 of
1545 292 17 16 Is
1571 292 57 22 being
1637 293 54 16 made
1700 293 30 15 for
1738 291 100 17 admission
1851 293 19 15 to

1437 315 32 17 the
1477 315 86 18 Pukeroa
1572 321 24 10 on
1604 315 33 17 the
1646 314 84 19 occasion
1740 314 19 19 of
1767 314 32 17 the
1808 314 62 17 match

1437 338 75 23 against
1520 338 79 17 Maketu
1607 344 24 11 on
1641 338 93 22 Saturday
1740 340 52 15 nest.
1806 337 54 17 Child-

1437 367 32 11 ren
1479 361 38 17 will
1525 361 23 17 be
1557 361 92 17 admitted
1657 362 44 16 free.

1460 394 39 17 The
1515 394 127 17 Government
1667 394 102 17 Insurance
1790 393 68 23 Depart-

1438 418 50 17 ment
1498 423 106 11 announces
1613 418 19 16 in
1643 418 79 16 another
1738 416 75 18 column
1829 416 40 17 that

1438 447 49 11 stuns
1496 441 21 16 of
1525 446 68 16 money
1600 446 32 11 are
1640 442 20 15 to
1669 439 44 18 lend
1719 441 21 15 at
1745 440 64 16 lowest
1815 441 54 19 rates;

1439 463 118 23 Application
1567 470 43 16 may
1621 463 23 18 be
1661 463 54 17 made
1731 466 20 13 to
1768 467 37 17 any
1820 462 49 17 other

1439 488 19 17 of
1466 487 32 16 the
1510 486 115 22 deparment.

1462 519 23 17 In
1494 519 32 16 the
1535 517 120 18 distribution
1665 518 20 17 of
1693 518 52 17 trout
1754 522 36 12 ova
1799 517 29 17 for
1834 517 37 17 this

1439 548 65 10 season
1512 542 25 22 by
1545 542 33 17 the
1586 541 116 22 Wellington
1712 540 159 17 Acclimatisation

1439 565 74 22 Society
1522 564 31 18 the
1560 564 64 23 Taupo
1631 564 71 18 district
1710 569 73 11 secures
1791 564 79 18 100.000,

1439 588 76 22 (Jpotiki
1524 588 53 20 6,500
1585 587 38 17 and
1632 588 100 21 Tauranga
1745 587 58 20 5,000.
1834 587 37 16 The

1439 611 74 21 Society
1525 610 48 17 have
1587 610 63 17 orders
1665 610 19 16 in
1700 609 52 18 hand
1769 610 29 17 for
1814 609 57 18 about

1440 635 75 19 100,000
1524 634 35 21 fry.

1462 665 31 17 Mr
1501 665 44 17 Gill,
1555 664 74 24 though
1638 666 34 15 not
1683 665 80 21 entirely
1774 665 97 17 recovered

1439 689 48 16 from
1496 688 29 17 his
1538 688 38 17 late
1590 693 62 12 severe
1665 688 64 17 attack
1745 688 19 17 of
1773 688 97 19 influenza,

1438 711 34 17 has
1477 710 47 18 been
1540 710 101 26 engrossed
1657 711 46 17 with
1720 710 45 18 land
1781 711 90 22 purchase

1438 734 84 17 business
1531 733 69 23 during
1609 734 33 17 the
1653 736 43 21 past
1709 733 58 19 week.
1792 735 51 16 Most
1852 735 19 16 of

1439 757 31 17 the
1480 757 44 17 land
1533 757 57 22 being
1599 757 50 18 dealt
1660 757 46 17 with
1715 762 42 13 now
1766 757 15 18 is
1790 757 81 18 situated

1438 781 20 16 in
1466 780 32 17 the
1508 780 87 17 Urewera
1609 782 86 20 country.

1462 810 16 17 A
1487 815 49 12 man,
1546 809 68 18 named
1622 810 99 19 Donovan,
1734 809 42 18 who
1785 809 15 17 it
1814 809 15 18 is
1842 809 19 18 al-

1438 832 55 23 leged
1501 832 38 17 had
1547 832 97 18 borrowed
1653 839 11 10 a
1673 833 55 16 horse
1737 834 48 15 from
1791 839 11 10 a
1808 832 63 17 native

1439 858 19 15 at
1467 856 100 22 Waiotapu
1579 856 38 17 and
1631 856 105 22 attempted
1753 857 20 16 to
1790 856 33 16 sell
1839 856 32 16 the

1439 885 50 11 same
1498 881 20 15 at
1527 878 90 20 Rotorua,
1627 885 38 11 was
1674 879 83 17 arrested
1766 881 20 15 at
1800 879 71 17 Paeroa

1438 902 99 22 yesterday
1557 908 24 11 on
1602 904 89 15 warrant.
1728 902 31 17 He
1784 902 38 17 will
1847 902 24 17 be

1439 924 83 24 brought
1543 925 47 17 back
1613 925 37 17 und
1672 925 82 23 charged
1776 925 45 17 with
1839 925 32 17 the

1438 949 76 16 offence.

1462 978 64 18 Guard
1534 978 72 18 Turner
1616 978 16 18 is
1641 983 43 11 now
1697 983 20 11 so
1733 978 29 16 far
1775 976 85 18 convales-

1438 1004 43 16 cent
1490 1008 21 11 as
1520 1004 20 15 to
1548 1002 23 16 be
1581 1001 42 19 able
1632 1004 19 14 to
1668 1001 49 17 walk
1734 1001 59 16 about
1808 1006 12 11 a
1835 1000 35 21 bit,

1437 1026 35 17 but
1480 1026 28 17 Dr
1517 1024 78 19 Ginders
1604 1025 34 18 has
1653 1024 99 17 forbidden
1766 1024 38 17 him
1813 1025 19 15 to
1841 1029 20 12 re-

1438 1055 51 11 sume
1498 1049 47 21 duty
1553 1049 64 16 before
1625 1050 46 15 next
1680 1047 58 17 week.
1763 1048 40 15 Mrs
1811 1047 60 16 Willis

1438 1072 15 17 is
1462 1072 39 17 also
1510 1072 120 23 progressing
1639 1073 48 15 most
1703 1070 103 22 favorably.
1834 1070 37 17 She

1437 1095 34 17 has
1480 1095 65 17 shown
1554 1095 104 16 wonderful
1668 1100 56 11 nerve
1734 1093 117 23 throughout
1860 1100 11 10 a

1438 1124 44 14 very
1491 1118 65 20 trying
1566 1117 51 18 time.

1461 1147 58 16 There
1528 1145 42 18 died
1579 1151 23 11 on
1612 1143 117 25 Wednesday
1743 1144 79 21 evening
1835 1144 36 17 last

1437 1174 19 13 at
1466 1170 86 17 Owhata,
1562 1168 99 18 Haehactu
1675 1168 82 20 Eruana,
1774 1175 12 10 a
1802 1173 33 12 son
1851 1168 21 17 of

1437 1200 10 10 a
1457 1193 49 17 chief
1515 1193 19 16 of
1548 1192 196 21 Ngatirorooterangi.
1778 1190 94 18 Deceased

1437 1222 38 11 was
1484 1222 11 10 a
1503 1215 104 23 promising
1621 1220 66 17 young
1703 1215 63 16 native
1783 1214 57 16 about
1849 1215 22 15 'JO

1437 1245 54 16 years
1500 1240 20 16 of
1529 1245 40 16 age,
1576 1238 37 17 and
1621 1237 112 18 succumbed
1740 1241 19 14 to
1768 1237 79 22 phthisis

1437 1262 32 17 the
1477 1268 78 16 scourge
1565 1261 60 17 which
1634 1266 67 18 proves
1706 1260 47 18 fatal
1762 1263 20 14 to
1790 1266 19 12 so
1814 1266 57 17 many

1437 1286 20 16 of
1470 1286 28 16 his
1507 1291 46 11 race.
1585 1285 17 16 A
1618 1284 54 22 tangi
1689 1290 24 11 on
1729 1290 25 12 an
1771 1283 100 24 unusually

1437 1309 52 22 large
1498 1308 48 17 scale
1556 1314 37 10 was
1602 1307 51 17 held.

1460 1341 17 16 A
1485 1339 146 22 correspondent,
1640 1340 61 16 writes
1712 1339 127 22 complaining
1851 1340 21 16 of

1437 1364 31 17 the
1477 1363 126 18 Government
1620 1365 58 14 stores
1693 1369 26 16 up
1733 1362 78 18 Galatea
1829 1368 42 17 way

1437 1386 108 24 competing
1554 1385 45 18 with
1609 1385 73 24 private
1693 1385 125 23 storekeepers
1833 1386 37 17 and

1437 1409 102 25 Supplying
1548 1409 59 22 goods
1616 1411 20 15 to
1646 1409 31 16 the
1686 1408 76 22 general
1771 1408 63 23 public
1851 1415 19 11 its

1437 1434 41 16 well
1495 1439 20 11 as
1532 1432 32 18 the
1581 1432 128 23 co-operative
1729 1431 82 18 laborers
1828 1432 42 17 who

1436 1457 54 17 nlone
1499 1462 30 10 are
1539 1455 78 17 entitled
1627 1458 20 14 to
1663 1456 33 16 the
1709 1455 112 21 advantage.
1852 1456 19 16 If

1437 1480 36 17 this
1482 1479 15 16 is
1506 1479 32 16 the
1547 1485 41 10 case
1597 1479 15 16 it
1621 1477 91 25 certainly
1722 1480 59 15 wants
1795 1479 64 22 enquir-

1436 1502 34 23 ing
1478 1502 46 17 into.

1459 1535 39 16 The
1507 1534 42 17 flow
1558 1533 20 18 of
1586 1535 58 16 water
1653 1533 63 18 struck
1730 1533 18 18 in
1758 1533 32 18 the
1806 1533 64 18 trench

1436 1563 44 13 near
1490 1558 32 16 the
1531 1556 76 18 Priest's
1624 1556 49 18 Bath
1691 1556 38 17 still
1747 1557 100 16 maintains
1860 1563 10 10 a

1437 1581 125 22 temperature
1571 1580 20 17 of
1600 1580 33 18 113
1647 1579 43 24 dog.
1715 1580 39 18 The
1771 1579 52 24 pipes
1839 1586 31 11 are

1436 1610 43 11 now
1487 1604 58 21 behig
1553 1603 65 23 joined
1628 1603 87 21 together
1724 1603 18 17 in
1760 1603 75 21 lengths
1851 1603 20 17 of

1437 1627 42 18 four
1487 1627 25 22 by
1521 1632 64 11 means
1593 1627 21 16 of
1625 1627 78 21 sulphur
1720 1629 72 14 cement
1809 1625 61 18 which

1436 1650 15 17 is
1460 1650 113 22 impervious
1583 1651 18 16 to
1618 1650 33 16 the
1668 1649 66 22 highly
1752 1648 117 19 mineralised

1436 1675 64 15 water.
1525 1673 32 17 Mr
1569 1672 83 22 Malfroy
1665 1672 39 18 will
1719 1672 91 23 probably
1828 1673 42 20 give

1436 1696 121 18 instructions
1566 1697 29 16 for
1604 1696 76 22 placing
1687 1696 51 16 them
1754 1696 19 16 in
1789 1696 81 22 position

1437 1718 73 18 to-day.

1460 1752 16 16 A
1497 1749 147 24 correspondent
1669 1750 20 16 of
1714 1749 32 17 the
1772 1749 98 18 Auckland

1436 1773 72 18 Herald
1517 1773 71 17 reflects
1598 1778 50 17 upon
1658 1773 31 17 the
1703 1775 57 14 waste
1774 1773 20 17 of
1807 1772 63 23 public

1437 1803 67 15 money
1513 1797 18 18 in
1541 1796 135 23 rood-making
1685 1796 18 17 in
1713 1796 32 17 the
1754 1796 66 17 barren
1829 1796 31 17 val-

1436 1820 39 23 leys
1484 1821 20 16 of
1513 1820 77 17 Galatea
1604 1820 37 16 anil
1656 1819 103 17 Ahtkereru
1774 1819 37 17 and
1825 1825 33 15 sug-

1437 1845 50 22 gests
1496 1843 71 17 instead
1577 1843 32 17 the
1618 1841 82 25 opening
1709 1848 25 17 up
1743 1843 20 16 of
1776 1842 54 17 roads
1841 1843 30 17 for

1437 1867 106 17 settlement
1560 1867 18 17 in
1595 1867 32 16 the
1649 1865 90 18 Mamaku
1760 1865 37 17 and
1817 1865 54 18 other

1437 1890 64 17 blocks
1513 1896 44 11 near
1574 1889 90 18 Rotorua.
1698 1889 40 17 Our
1753 1888 118 17 contributor

1438 1917 11 5 '•
1567 1912 37 18 had
1613 1911 108 23 something
1731 1913 19 16 to
1760 1917 33 16 say
1805 1911 20 17 in
1840 1917 20 11 re-

1437 1936 47 21 gard
1492 1938 20 15 to
1521 1936 32 18 the
1562 1936 47 22 duty
1626 1936 20 16 of
1659 1936 32 16 the
1708 1936 126 16 Government
1851 1935 19 17 in

1437 1960 36 16 this
1483 1960 72 22 respect
1564 1959 36 17 last
1609 1959 57 16 week.

1459 1987 38 17 The
1506 1987 33 16 flat
1548 1987 33 17 has
1590 1989 20 14 at
1624 1985 67 24 length
1705 1990 48 18 gono
1769 1985 50 17 forth
1833 1985 37 17 and

1437 2011 31 16 tin'
1481 2010 57 17 Town
1553 2010 62 17 Board
1633 2010 33 16 has
1683 2008 85 17 declared
1783 2008 42 17 that
1838 2009 32 16 the

1437 2032 97 25 unsightly
1543 2033 52 21 pines
1612 2031 48 19 shall
1674 2038 24 11 no
1713 2031 66 24 longer
1796 2031 75 19 cumber

1437 2057 73 17 Fcnton
1527 2057 66 15 Street.
1628 2057 24 15 At
1666 2056 32 16 the
1716 2057 74 20 request
1805 2055 20 16 of
1838 2055 32 16 the

1437 2086 72 11 owners
1517 2080 20 16 of
1546 2079 31 18 the
1586 2079 64 17 Grand
1659 2079 58 16 Hotel
1727 2079 31 16 the
1768 2079 60 16 Hoard
1838 2081 33 14 lias

1437 2102 100 18 consented
1546 2104 19 15 to
1575 2102 32 17 the
1616 2102 82 17 removal
1715 2102 20 17 of
1751 2101 46 17 each
1813 2101 48 17 alter-

1437 2128 43 15 nate
1490 2127 38 15 tree
1538 2125 19 17 in
1567 2126 52 16 front
1627 2126 20 16 of
1663 2124 50 18 their
1727 2124 94 23 premises.
1852 2124 20 17 It

1437 2154 43 12 now
1496 2149 33 17 lies
1546 2149 29 16 for
1590 2149 31 16 the
1638 2149 39 15 rest
1697 2147 20 17 of
1734 2147 31 17 the
1782 2149 89 21 property

1438 2177 72 13 Owners
1518 2171 19 17 in
1547 2171 31 17 the
1588 2177 50 11 same
1647 2172 56 16 street
1713 2173 20 14 to
1743 2170 52 17 make
1802 2176 10 11 a
1819 2170 41 17 simi-

1437 2196 28 16 lar
1480 2194 115 23 application
1612 2194 37 17 and
1665 2194 33 17 the
1720 2194 62 17 Board
1803 2195 69 15 cannot

1438 2217 122 23 consistently
1569 2217 50 22 deny
1628 2217 32 17 the
1669 2218 80 21 request.

1461 2246 16 16 A
1486 2244 60 24 grand
1555 2245 125 22 subscription
1690 2245 37 17 ball
1738 2244 14 17 is
1762 2245 110 17 announced

1438 2271 19 15 to
1467 2269 43 16 take
1519 2269 52 21 place
1581 2269 18 16 in
1609 2269 32 16 the
1651 2268 86 16 Pukerou
1746 2267 45 17 Hall
1802 2274 23 10 on
1839 2269 33 16 the

1438 2291 80 23 evening
1538 2292 20 17 of
1574 2291 118 22 Wednesday
1710 2291 31 17 the
1764 2290 42 18 18th
1826 2291 44 18 inst.

1438 2316 38 16 The
1487 2314 38 17 ball
1537 2314 16 17 is
1570 2315 30 16 for
1616 2314 33 17 the
1665 2319 80 18 purpose
1764 2315 19 16 of
1799 2314 73 17 further

1438 2337 125 24 augmenting
1572 2338 32 16 the
1619 2337 47 17 fund
1680 2344 42 10 now
1739 2337 58 23 being
1812 2338 60 17 raised

1438 2362 30 16 for
1480 2361 33 17 the
1527 2366 68 18 proper
1608 2360 109 24 equipment
1734 2361 19 17 of
1768 2361 32 16 the
1817 2361 55 17 Brass

1439 2384 59 17 Band.
1531 2385 38 16 The
1586 2384 143 21 arrangements
1749 2389 31 12 are
1800 2384 19 17 in
1840 2384 32 17 the

1438 2408 60 16 hands
1507 2408 20 16 of
1536 2407 30 17 Mr
1574 2407 18 17 J.
1604 2407 28 18 W.
1642 2407 80 17 Webber
1731 2406 36 18 and
1780 2413 23 11 an
1812 2407 60 17 active

1439 2431 111 17 committee,
1565 2431 59 16 which
1640 2431 14 15 is
1670 2430 91 18 sufficient
1771 2431 101 22 guarantee

1439 2454 41 17 that
1490 2454 32 17 the
1531 2452 53 18 affair
1593 2453 38 18 will
1640 2453 22 18 be
1671 2453 83 22 brought
1771 2455 19 15 to
1804 2460 12 10 a
1830 2459 32 12 suc-

1440 2478 66 16 cessful
1515 2477 54 17 issue.

1463 2505 38 18 The
1510 2505 55 18 death
1575 2506 20 17 of
1603 2506 31 17 Mr
1643 2506 23 17 D.
1678 2505 86 18 McNicol
1774 2505 19 17 of
1807 2505 55 18 Cleve-

1440 2530 42 19 don,
1493 2529 124 21 grandfather
1654 2530 32 16 the
1695 2530 70 15 Messrs
1778 2528 61 17 Steele
1854 2529 20 16 of

1440 2552 37 18 this
1486 2549 58 25 place,
1555 2558 83 12 removes
1647 2553 48 17 from
1706 2552 40 17 that
1757 2552 71 17 district
1838 2558 35 11 one

1440 2577 19 15 of
1468 2576 23 16 its
1500 2575 76 22 pioneer
1586 2575 78 18 settlors.
1691 2575 30 17 Mr
1730 2575 91 19 McNicol,
1831 2575 42 17 who

1439 2598 50 19 lived
1499 2600 20 15 to
1532 2599 33 17 the
1576 2598 96 18 advanced
1687 2605 35 15 ape
1739 2599 20 16 of
1776 2599 20 16 77
1813 2604 59 16 years,

1440 2628 37 11 was
1486 2622 55 17 much
1551 2622 96 22 respected
1656 2622 19 17 in
1685 2622 32 16 the
1732 2620 141 25 neighborhood

1440 2645 36 17 and
1493 2645 29 17 his
1539 2645 72 17 funeral
1630 2645 60 17 which
1711 2644 45 18 took
1777 2645 51 21 place
1849 2651 24 11 on

1439 2667 98 22 Thursday
1553 2668 37 17 last
1605 2674 38 11 was
1656 2668 73 22 largely
1745 2667 87 18 attended
1848 2668 25 22 by

1440 2692 85 18 relatives
1534 2691 37 17 and
1581 2692 70 16 friends
1660 2697 50 11 some
1727 2692 20 16 of
1761 2691 60 16 whom
1836 2691 37 17 had

1440 2714 103 23 journeyed
1560 2720 11 11 a
1585 2716 53 20 great
1654 2714 89 18 distance.
1774 2714 39 17 The
1828 2714 45 18 Rev.

1440 2739 80 17 Thomas
1529 2737 66 18 Norric
1605 2737 105 18 conducted
1725 2737 32 17 the
1771 2737 102 23 obsequies.

1464 2772 53 17 Since
1531 2772 31 17 the
1576 2772 69 17 Native
1662 2771 55 18 Land
1731 2772 57 17 Court
1803 2772 71 22 opened

1440 2795 63 21 Judge
1528 2795 72 17 Wilson
1619 2795 35 17 has
1674 2795 47 17 been
1743 2794 132 25 adjudicating

1440 2819 67 21 chiefly
1516 2824 23 11 on
1549 2819 103 16 succession
1664 2823 57 12 cases.
1751 2819 17 15 A
1785 2819 79 21 supersti-

1440 2842 49 17 tious
1498 2842 40 17 fear
1546 2841 33 17 has
1596 2841 84 18 hitherto
1696 2840 85 17 deterred
1795 2841 31 17 the
1840 2848 22 11 na-

1440 2865 47 17 tives
1496 2865 48 16 from
1558 2864 115 22 proceeding
1686 2864 19 17 in
1722 2864 33 17 the
1769 2865 69 16 matter
1856 2865 19 16 of

1440 2888 49 17 their
1498 2887 102 18 succession
1609 2887 61 21 rights
1680 2888 19 16 to
1708 2886 32 18 the
1753 2888 89 22 property
1856 2889 20 16 of

1441 2912 53 16 those
1503 2911 41 17 who
1553 2911 43 17 died
1605 2913 18 15 at
1634 2911 32 16 the
1678 2911 44 16 time
1738 2911 20 16 of
1771 2911 32 16 the
1819 2917 45 16 erup-

1441 2935 40 16 tion
1489 2934 35 17 but
1542 2934 44 22 they
1600 2940 31 11 are
1644 2939 43 12 now
1704 2933 76 23 coming
1794 2934 81 17 forward

1441 2963 50 12 more
1501 2958 63 21 freely.
1590 2958 61 16 When
1660 2957 52 16 these
1721 2962 31 11 are
1762 2957 85 22 disposed
1856 2958 20 16 of

1441 2981 32 17 the
1483 2980 76 23 general
1568 2986 50 12 cases
1627 2980 39 17 will
1673 2980 25 17 be
1710 2979 103 23 proceeded
1830 2980 45 18 with

1441 3003 37 17 and
1491 3003 32 17 the
1539 3003 74 17 various
1623 3003 52 19 [land
1691 3003 100 21 purchases
1808 3003 19 17 in
1844 3004 32 17 the

1442 3026 73 18 district
1523 3026 38 18 will
1569 3026 23 17 be
1601 3023 97 21 advanced
1707 3032 11 11 a
1726 3027 60 21 stage.

1464 3054 39 17 The
1511 3053 99 23 telephone
1619 3054 69 17 service
1696 3053 86 18 between
1796 3054 32 17 the
1845 3054 31 18 old

1442 3077 93 17 townsbiT)
1544 3077 37 17 and
1589 3078 32 16 the
1630 3083 41 11 new
1685 3076 60 17 which
1754 3077 34 16 bus
1801 3077 48 17 been
1857 3078 19 17 in

1442 3100 93 21 abeyance
1554 3100 50 18 since
1622 3100 32 18 the
1678 3100 115 17 destruction
1810 3101 20 17 of
1845 3101 31 17 Mr

1442 3123 74 17 Wake's
1524 3123 47 23 shop
1579 3124 26 22 by
1614 3123 40 19 tire,
1664 3123 16 17 is
1695 3123 59 17 about
1771 3125 20 15 to
1806 3123 24 17 be
1846 3130 20 11 re-

1442 3146 68 18 stored.
1534 3147 39 16 The
1582 3153 41 11 new
1635 3146 100 21 telephone
1751 3146 70 17 station
1837 3147 39 17 will

1443 3170 21 16 he
1477 3170 20 16 in
1505 3170 69 23 charge
1583 3170 19 17 of
1619 3170 31 16 Mr
1665 3169 19 17 J.
1701 3169 26 17 H.
1745 3169 67 20 Lakin,
1830 3170 46 17 than

1442 3193 63 17 whom
1518 3193 33 17 tho
1565 3193 63 21 posts.l
1644 3192 111 17 authorities
1772 3193 54 17 could
1842 3194 34 16 not

1442 3215 47 18 have
1497 3215 30 18 bit
1534 3221 52 17 upon
1594 3222 12 11 a
1613 3216 63 17 better
1684 3220 50 12 man.
1767 3215 61 18 When
1844 3215 32 18 the

1443 3238 51 17 office
1503 3239 15 16 is
1526 3238 58 22 ready
1592 3240 30 20 foy
1636 3238 87 18 business
1734 3238 33 17 the
1783 3238 39 18 fact
1838 3238 38 17 will

1442 3262 23 17 be
1473 3261 45 23 duly
1527 3262 117 19 announced,
1653 3261 112 19 nteanwhile
1773 3262 31 17 Mr
1816 3262 60 18 Lakin

1442 3285 19 17 in
1478 3285 80 17 another
1574 3285 83 19 columns
1673 3285 70 17 thanks
1764 3285 54 17 those
1833 3285 43 17 who

1443 3307 65 23 signed
1518 3307 32 18 tho
1558 3308 80 22 petition
1649 3314 25 11 on
1689 3307 30 18 his
1736 3307 69 18 behalf.

1486 3339 81 17 Richard
1576 3339 69 20 Curtis,
1654 3339 38 17 late
1701 3345 90 16 manager
1804 3339 72 17 Rotoiti

1444 3362 82 17 Sawmill
1535 3363 37 17 and
1581 3363 90 22 formerly
1684 3368 84 12 overseer
1783 3362 92 17 Rotorua-

1444 3385 111 23 Cambridge
1564 3386 46 17 road
1638 3386 63 17 writes
1715 3387 21 16 to
1744 3386 32 16 the
1786 3385 90 17 Observor

1443 3408 110 23 expressing
1560 3408 29 18 his
1598 3408 91 23 approval
1700 3409 21 17 of
1729 3409 31 16 Mr
1768 3408 107 17 Fairburn's

1443 3437 67 17 survey
1518 3432 20 16 of
1551 3431 33 18 the
1598 3431 213 18 Whakatane-Rotorua
1823 3431 52 17 road.

1443 3455 30 16 He
1478 3455 16 17 is
1572 3456 20 16 to
1598 3461 39 16 say,
1644 3455 92 19 however,
1742 3454 43 17 that
1791 3459 85 12 someone

1444 3478 45 17 with
1498 3483 51 12 moro
1558 3478 97 22 authority
1662 3478 34 17 has
1705 3477 48 17 been
1765 3476 82 23 altering
1861 3477 15 17 it

1443 3500 20 18 in
1469 3500 70 18 several
1550 3500 68 23 places,
1629 3500 37 18 and
1682 3500 16 17 if
1711 3500 38 16 this
1765 3499 16 17 is
1797 3499 78 18 allowed

1444 3524 31 17 the
1484 3523 45 18 road
1536 3523 74 18 instead
1619 3524 20 16 of
1647 3523 57 21 being
1712 3528 35 11 one
1756 3522 20 17 of
1789 3521 32 18 the
1834 3522 42 18 best

1444 3546 70 23 graded
1522 3546 38 18 and
1568 3549 49 15 most
1625 3547 86 21 pleasant
1719 3545 67 20 drives,
1795 3545 39 17 will
1842 3546 22 17 be-

1444 3575 51 12 come
1503 3575 35 12 one
1544 3570 21 17 of
1572 3570 33 17 the
1614 3570 57 16 worst
1680 3568 78 18 botches
1766 3568 11 16 I
1791 3567 56 18 know
1856 3570 20 17 of

1444 3593 36 16 and
1489 3593 32 16 the
1529 3591 157 24 la'ughinp-stock
1695 3591 20 16 of
1721 3591 25 16 all

1443 3615 33 17 We
1484 3615 48 18 have
1540 3622 25 11 no
1573 3615 60 18 doubt
1641 3614 38 17 this
1688 3614 88 17 criticism
1785 3614 37 17 will
1828 3615 47 18 have

1444 3638 35 17 due
1488 3638 71 21 weight
1567 3638 19 17 in
1593 3638 33 17 the
1634 3642 68 17 proper
1711 3638 82 20 quarter.

1466 3666 39 16 The
1522 3665 91 17 Observer
1629 3663 96 22 publishes
1741 3664 37 17 this
1794 3665 51 18 week
1864 3673 11 10 a

1444 3688 54 18 series
1508 3688 19 16 of
1535 3687 84 18 sketches
1679 3692 23 10 an
1842 3689 22 18 de-

1444 3711 73 22 picting
1529 3711 32 16 the
1574 3709 63 18 tffects
1651 3709 20 17 of
1684 3709 33 17 the
1732 3712 63 16 recent
1811 3713 53 17 earth-

1444 3734 60 22 quake
1520 3734 21 15 at
1564 3732 70 22 Tnupo.
1667 3732 57 17 From
1747 3733 33 18 the
1799 3737 76 19 general

1444 3761 114 18 appearance
1567 3755 19 17 of
1595 3754 32 18 the
1642 3754 95 24 drawings
1749 3762 29 12 we
1790 3763 85 16 presume

1444 3779 45 21 they
1497 3784 48 11 were
1554 3777 54 17 made
1616 3777 56 17 while
1680 3778 32 17 the
1746 3779 58 18 shake
1838 3788 37 11 was

1444 3803 31 21 yet
1482 3801 21 17 in
1511 3801 32 16 the
1551 3800 97 22 plenitude
1657 3801 20 17 of
1685 3801 25 18 its
1716 3803 87 22 strength
1812 3804 29 17 for
1847 3810 28 12 we

1444 3830 34 11 can
1486 3824 83 21 imagine
1577 3829 11 11 a
1596 3823 62 17 better
1671 3824 54 18 effect
1738 3826 95 22 produced
1849 3828 26 21 by

1444 3853 24 11 an
1485 3852 77 15 unwary
1579 3846 63 22 spider
1661 3848 98 23 emerging
1774 3850 47 17 from
1842 3850 33 17 the

1444 3875 78 11 recesses
1531 3869 19 16 of
1558 3874 24 11 an
1590 3869 68 22 inkpot
1666 3871 37 16 and
1712 3871 106 24 disporting
1823 3873 52 17 itself

1444 3891 114 22 ecstatically
1566 3897 25 11 on
1600 3899 11 10 a
1619 3892 52 18 sheet
1685 3894 21 17 of
1717 3900 59 17 paper
1788 3895 20 17 in
1821 3895 54 18 order

1444 3916 19 16 to
1472 3915 34 20 get
1513 3914 29 17 rid
1550 3914 20 18 of
1578 3914 32 18 the
1619 3916 63 23 grimy
1688 3916 53 18 fluid.
1765 3918 39 17 The
1811 3918 53 17 earth-

1444 3936 60 24 quake
1520 3937 64 18 served
1600 3938 33 17 the
1650 3939 65 23 Taupo
1732 3940 66 23 people
1817 3941 58 21 badly

1444 3959 75 23 eno-igh
1528 3965 20 12 so
1557 3960 42 17 that
1607 3962 33 17 the
1651 3963 62 21 genial
1813 3964 62 21 might

1444 3982 47 17 have
1507 3982 66 22 spared
1585 3984 53 18 them
1651 3986 33 16 the
1697 3986 91 17 infliction
1801 3987 20 16 of
1836 3987 39 16 this

1444 4005 104 17 additional
1555 4006 72 18 horror.
1653 4005 11 26 ''
1671 4008 84 23 Perhaps
1763 4009 32 17 the
1800 4005 67 26 artist,'
1870 4005 4 26 *

1444 4033 20 12 as
1472 4034 12 11 a
1492 4028 65 22 Taupo
1565 4031 146 22 correspondent
1718 4031 89 20 remarks,
1837 4038 38 12 was

1444 4056 35 12 one
1492 4051 21 17 of
1526 4051 32 18 the
1572 4052 71 23 plucky
1659 4060 45 11 ones
1719 4054 44 17 who
1778 4060 48 12 were
1842 4057 34 15 not

1444 4073 107 22 frightened
1559 4080 43 12 now
1610 4076 44 18 that
1660 4077 17 17 it
1684 4077 15 18 is
1716 4077 25 17 all
1842 4077 33 21 Or,

1444 4102 24 11 on
1477 4096 32 18 the
1514 4097 54 18 other
1572 4097 57 23 hand,
1635 4100 81 22 perhaps

1444 4125 38 11 was
1491 4119 30 18 led
1529 4122 64 21 astray
1600 4122 26 22 by
1631 4122 33 18 the
1670 4123 127 22 exaggerated
1803 4125 73 21 reports

1444 4142 62 18 which
1514 4144 93 22 appeared
1614 4145 21 17 in
1642 4146 75 17 various
1725 4151 73 16 papers.

1916 143 31 17 Mr
1955 142 20 19 0.
1986 141 83 23 Malfroy
2077 140 39 17 and
2124 138 66 21 family
2202 136 89 18 returned
2305 138 20 16 to

1893 166 84 18 Rotorua
1994 166 36 16 last
2044 164 56 23 night
2116 163 48 17 from
2181 160 49 18 their
2246 162 44 19 visit
2305 166 20 15 to

1893 189 94 17 Australia
2002 188 61 18 where
2079 188 46 20 they
2142 188 53 20 spent
2213 191 44 11 over
2274 186 51 17 three

1893 213 81 16 months.
2012 211 39 17 The
2067 211 57 22 party
2140 214 47 12 were
2203 211 40 15 met
2257 210 21 16 at
2293 210 32 17 the

1893 235 69 18 station
1971 235 26 21 by
2006 239 101 12 numerous
2115 231 71 18 friends
2194 237 56 17 eager
2255 234 20 15 to
2281 238 33 12 con-

1893 257 95 23 gratulate
1997 257 52 18 them
2067 262 24 12 on
2108 256 47 16 their
2171 257 70 15 return.
2275 256 18 16 It

1893 281 119 21 satisfactory
2020 284 21 13 to
2049 280 56 16 know
2113 278 43 18 that
2164 277 119 24 MrMalfroy
2293 284 22 12 ex-

1893 308 71 18 presses
1983 303 77 17 himself
2075 308 21 11 as
2117 301 55 17 much
2188 301 102 18 benefitted
2307 303 18 16 in

1893 328 63 15 health
1967 327 25 21 by
2002 327 32 16 the
2042 325 44 23 trip.
2117 325 38 17 The
2168 324 57 17 Brass
2239 325 54 16 Band
2307 326 18 16 of

1893 350 61 16 which
1964 350 23 17 he
2001 350 33 16 has
2050 349 48 17 been
2115 354 11 10 a
2141 348 103 17 consistent
2258 350 67 19 patron

1893 373 68 17 turned
1969 374 34 16 out
2011 373 19 16 in
2039 372 36 17 full
2089 372 51 17 force
2153 371 37 16 and
2205 371 76 21 greeted
2294 371 31 18 the

1893 400 55 18 party
1965 395 46 18 with
2028 401 47 17 appr
2085 394 63 23 ipriate
2164 394 58 17 music
2241 401 19 10 as
2281 394 44 23 they

1893 420 78 15 reached
1980 420 61 15 home.

1916 456 34 18 We
1964 455 30 23 reg
1994 455 30 23 Yet
2040 457 19 16 t><
2072 460 97 12 announce
2185 455 31 18 the
2233 455 56 17 death
2307 455 18 17 of

1893 479 31 17 Mr
1933 480 25 16 H.
1969 480 25 16 11.
2004 479 63 17 Jones,
2079 477 64 19 fourth
2152 483 33 12 son
2200 477 20 18 of
2231 478 31 17 Mr
2274 478 51 17 John

1893 502 62 21 Jones,
1967 503 112 18 contractor,
2090 501 60 17 which
2161 500 45 19 took
2213 501 54 22 place
2281 502 33 17 sud-

1893 526 57 21 denly
1959 526 19 17 in
1988 525 97 17 Auckland
2095 529 24 13 on
2129 524 76 23 Sunday
2218 526 41 15 last.
2288 525 37 17 The

1893 548 89 21 deceased
1999 554 37 12 was
2053 554 10 11 a
2080 547 105 23 promising
2201 553 65 16 young
2282 554 43 11 man

1893 571 40 23 just
1941 571 129 24 approaching
2079 571 29 16 his
2122 571 41 16 '.2lst
2177 576 50 16 year,
2243 571 37 17 and
2294 571 31 17 the

1893 596 71 15 utmost
1981 595 101 21 sympathy
2098 594 16 16 is
2135 594 97 22 expressed
2252 595 30 16 for
2296 594 29 17 his

1893 618 86 17 relatives
1988 618 20 16 in
2022 618 49 16 their
2088 616 93 19 affliction.
2215 617 31 17 Mr
2262 617 63 17 Jones'

1893 641 78 17 brother
1979 641 36 16 and
2026 641 53 16 uncle
2089 646 47 10 were
2145 641 19 16 in
2173 641 85 17 Rotorua
2272 641 53 17 when

1893 665 45 21 they
1945 664 83 17 received
2037 665 32 16 the
2078 663 107 17 intimation
2194 663 20 18 of
2222 663 29 18 his
2262 663 63 19 death,

1893 688 37 17 and
1940 689 19 15 at
1968 693 45 10 once
2022 686 103 24 proceeded
2133 689 20 15 to
2162 686 97 18 Auckland
2269 689 20 14 to
2303 688 22 15 be

1893 712 74 21 present
1977 714 18 13 at
2006 710 31 17 the
2054 710 72 17 funeral
2141 710 60 17 which
2216 710 44 17 took
2274 710 51 22 place

1893 734 100 22 yesterday
2002 734 105 16 afternoon.

1917 770 30 17 On
1955 769 70 23 Friday
2034 770 81 20 evening
2127 771 46 15 next
2182 769 31 17 Mr
2221 769 107 21 Brakenrig

1893 794 20 17 of
1921 794 33 17 the
1962 792 99 19 Auckland
2074 792 101 17 Y.M.C.A.
2190 792 39 17 will
2237 792 71 17 deliver
2317 798 10 10 a

1893 816 70 18 lecture
1972 816 19 18 in
2001 816 31 18 the
2042 816 85 17 Pukeroa
2136 815 45 17 Hall
2193 821 24 11 on
2263 815 64 17 Africa

1893 840 37 17 and
1939 840 32 17 the
2111 839 38 17 The
2159 838 93 18 discourse
2259 838 37 17 will
2304 839 23 16 be

1893 862 106 18 elucidated
2007 863 25 21 by
2041 869 57 15 many
2107 862 90 17 beautiful
2204 862 37 17 and
2248 862 67 21 impres-

1893 886 38 17 sive
1940 886 56 17 views
2005 886 37 17 and
2051 885 86 18 enriched
2147 885 45 18 with
2207 884 92 18 incidents
2307 884 20 17 in

1893 909 32 17 the
1941 916 63 10 career
2020 910 20 16 of
2063 909 32 17 the
2119 907 209 22 missionary-explorer

1893 933 61 16 David
1964 933 128 21 Livingstone,
2103 931 37 18 and
2154 932 19 17 in
2189 931 32 18 the
2237 931 91 22 journeys

1893 956 20 16 of
1921 956 43 17 that
1972 957 49 16 most
2030 956 82 22 intrepid
2124 956 19 16 of
2152 954 24 17 all
2193 954 77 17 African
2287 956 30 14 tra-

1893 978 72 21 vellers,
1980 979 66 22 Henry
2062 979 27 17 M.
2107 978 83 21 Stanley.
2215 976 59 18 Vocal
2289 976 39 17 and

1893 1001 132 18 instrumental
2034 1003 54 16 items
2105 1001 38 18 will
2157 1001 73 17 further
2238 999 90 21 diversify

1893 1025 32 17 the
1933 1030 126 19 programme.
2134 1024 61 17 would
2213 1022 72 18 remind
2294 1028 35 11 our

1893 1049 73 16 readers
1976 1049 42 17 that
2027 1049 32 16 the
2067 1048 88 22 proceeds
2172 1048 20 16 of
2208 1046 32 17 the
2256 1046 72 16 lecture

1893 1071 38 18 will
1940 1072 23 16 be
1972 1072 60 17 added
2042 1075 19 14 to
2070 1072 33 17 the
2112 1069 131 22 Presbyterian
2252 1069 76 17 Church

1893 1094 87 22 building
1989 1095 52 19 fund,
2052 1095 37 17 and
2098 1095 16 16 it,
2122 1095 15 16 is
2146 1096 19 14 to
2178 1093 23 17 be
2214 1091 62 23 hoped
2285 1091 43 18 that

1893 1118 32 17 the
1941 1117 112 20 attendance
2077 1117 38 18 will
2132 1117 23 18 bo
2179 1117 149 16 commensurate

1893 1142 45 17 with
1947 1142 32 16 the
1988 1141 104 18 excellence
2100 1141 21 17 of
2129 1140 32 17 the
2169 1139 63 22 object
2245 1138 20 17 in
2273 1138 53 16 view.

1915 1171 18 17 A
1948 1177 45 10 man
2020 1170 69 17 named
2115 1169 80 17 Duncan
2219 1167 107 20 Mcintosh,

1893 1194 58 17 about
1960 1196 22 14 GO
1991 1199 53 17 years
2053 1194 20 16 of
2081 1198 42 17 age.
2137 1191 43 17 who
2189 1197 38 11 was
2244 1190 84 22 recently

1893 1218 41 16 sent
1943 1223 25 16 tip
1977 1217 48 17 from
2035 1215 99 19 Auckland
2148 1217 20 15 to
2185 1214 51 17 work
2254 1219 23 11 on
2295 1214 33 16 the

1892 1239 55 18 roads
1964 1246 45 11 near
2025 1239 85 19 Galatea,
2128 1243 38 12 was
2187 1237 84 23 brought
2287 1237 40 16 into

1893 1265 50 15 town
1953 1269 23 11 on
1985 1263 94 21 Saturday
2086 1262 56 21 night
2148 1260 91 23 suffering
2244 1260 83 21 severely

1893 1287 48 17 from
2100 1285 26 17 As
2142 1284 15 17 is
2174 1283 54 18 usual
2244 1283 19 17 in
2281 1283 46 17 such

1893 1316 48 10 crses
1949 1310 24 16 he
1987 1315 38 11 was
2039 1307 75 20 handed
2129 1313 44 11 over
2189 1309 20 15 to
2226 1306 101 18 Constable

1893 1333 78 21 Murray
1980 1333 42 17 who
2036 1331 36 18 had
2082 1333 20 15 to
2119 1330 54 17 make
2189 1330 32 17 the
2237 1330 42 17 best
2295 1335 21 12 ar-

1893 1357 120 21 rangement*
2022 1354 86 25 possible,
2119 1354 36 17 and
2164 1353 75 17 become
2249 1358 66 18 person-

1893 1378 38 25 ally
1940 1378 114 23 responsible
2064 1378 29 16 for
2103 1377 31 17 the
2140 1376 86 18 invalid's
2232 1377 82 16 mainten-

1892 1408 51 12 ance.
1969 1403 20 17 It
2001 1402 15 17 is
2034 1401 47 22 high
2099 1400 45 17 time
2160 1399 43 18 that
2218 1399 108 22 something

1892 1432 48 11 were
1948 1425 49 18 done
2006 1425 25 22 by
2048 1424 32 17 the
2096 1424 128 17 Government
2241 1424 20 16 to
2278 1424 48 17 meet

1892 1450 45 16 such
1954 1455 51 12 cases
2022 1448 20 17 of
2065 1451 118 18 emergency.
2219 1446 108 22 Supposing

1892 1478 50 12 eases
1951 1473 20 16 of
1987 1477 24 12 tin
2028 1470 100 18 infectious
2145 1471 67 15 nature
2221 1476 47 10 wen'
2286 1472 41 14 sent

1891 1496 62 18 down,
1963 1493 163 23 boarding-house
2138 1493 77 21 keepers
2221 1493 63 16 would
2293 1495 34 15 not

1891 1515 78 27 provide
1976 1516 168 21 accommodation,
2159 1516 32 17 the
2207 1515 120 19 Sanatorium

1892 1542 54 17 could
1955 1541 82 23 scarcely
2046 1540 70 16 receive
2125 1536 56 23 them,
2192 1538 38 19 and
2236 1539 34 18 the
2274 1538 42 20 lock-

1891 1570 26 18 up
1926 1564 63 19 would
1997 1564 24 18 bo
2028 1564 33 18 the
2078 1562 44 22 only
2142 1563 71 21 refuge.
2239 1562 33 16 Wo
2280 1563 47 17 have

1892 1589 49 16 since
1950 1587 77 18 learned
2043 1587 43 17 that
2103 1586 83 20 through
2202 1585 28 17 Dr
2248 1586 79 17 Gimlets

1892 1611 133 23 telegraphing
2035 1612 20 15 to
2063 1610 33 16 the
2105 1609 110 17 authorities
2232 1610 20 15 at
2268 1609 53 18 ■Well-

1892 1635 67 21 ington
1976 1635 33 16 the
2026 1633 60 18 man's
2109 1637 90 18 expenses
2215 1632 48 17 have
2279 1632 49 18 been

1892 1657 121 22 guaranteed,
2023 1657 35 17 but
2065 1656 64 22 seeing
2137 1655 51 17 these
2197 1661 51 11 cases
2257 1662 31 10 are
2293 1657 34 16 not

1891 1688 43 10 now
1943 1681 109 23 infrequent
2056 1684 52 13 some
2113 1679 112 23 permanent
2232 1679 95 22 provision

1892 1705 60 20 ought
1961 1705 20 16 to
1990 1704 23 17 be
2021 1703 61 17 made.

1915 1735 25 15 At
1950 1733 31 17 the
1991 1732 83 21 meeting
2082 1732 21 16 of
2111 1731 32 16 the
2151 1731 57 17 Town
2226 1730 62 18 Board
2303 1737 24 11 on

1891 1756 99 22 Thursday
2006 1756 36 17 last
2055 1756 32 16 Mr
2103 1753 107 19 McDonald
2227 1754 52 17 drew
2295 1755 32 17 the

1892 1780 93 16 attention
1999 1780 20 16 of
2032 1778 32 18 the
2082 1778 91 17 members
2189 1780 20 14 to
2226 1778 32 16 the
2275 1777 52 22 large

1891 1803 57 17 efflux
1966 1803 20 16 of
2002 1804 59 15 water
2082 1802 47 16 from
2150 1800 33 17 the
2199 1799 42 19 lake
2258 1801 20 16 in
2295 1801 32 17 the

1892 1824 143 24 neighborhood
2052 1825 19 16 of
2086 1825 31 16 the
2135 1823 55 20 Ohau
2206 1824 61 17 creek.
2296 1824 31 17 He

1892 1848 102 24 suggested
2004 1848 41 17 that
2054 1848 32 17 the
2095 1847 62 17 Board
2167 1847 67 17 should
2243 1847 43 17 visit
2295 1848 32 16 the

1892 1872 52 23 place
1954 1872 53 17 when
2016 1872 24 16 he
2049 1871 83 21 thought
2141 1871 13 16 it
2162 1870 67 23 highly
2237 1871 91 21 probable

1892 1896 41 16 that
1943 1895 63 17 action
2022 1894 63 18 would
2100 1894 22 17 be
2140 1892 55 19 taken
2212 1895 20 15 to
2249 1895 78 21 prevent

1892 1919 32 16 the
1941 1918 82 17 outflow.
2059 1918 19 17 It
2095 1923 78 16 appears
2190 1917 43 17 that
2249 1923 11 10 a
2277 1916 50 18 fresh

1892 1942 79 17 channel
1988 1942 34 16 has
2038 1941 47 17 been
2099 1939 72 18 formed
2185 1945 46 12 near
2247 1940 32 16 the
2294 1940 22 17 de-

1892 1965 125 18 boucheracnt
2032 1964 20 17 of
2068 1964 33 17 the
2117 1963 55 17 Ohau
2188 1963 54 17 creek
2259 1965 19 14 at
2295 1964 33 16 the

1893 1990 41 20 spot
1956 1988 61 17 where
2038 1987 32 18 the
2091 1986 45 17 weir
2154 1992 37 11 was
2208 1987 119 16 constructed

1892 2017 51 12 some
1951 2017 54 16 years
2014 2017 36 15 ago
2059 2010 37 17 and
2105 2010 82 22 through
2199 2009 36 17 this
2244 2017 9 9 a
2272 2010 55 17 much

1893 2036 74 22 greater
1976 2034 76 17 outflow
2061 2034 20 16 of
2091 2032 58 19 water
2159 2032 51 19 takes
2220 2033 52 22 place
2281 2033 47 17 than

1893 2058 95 21 formerly.
2021 2057 28 17 Dr
2066 2055 80 18 Ginders
2164 2055 107 19 considered
2286 2057 42 17 that

1893 2083 31 16 the
1934 2080 61 19 Board
2005 2079 67 18 should
2081 2079 90 21 certainly
2181 2079 43 18 take
2237 2085 62 12 ucuuli
2308 2088 20 9 as

1893 2105 31 17 the
1934 2106 126 20 temperature
2077 2103 20 16 of
2112 2102 31 17 the
2156 2102 62 19 baths,
2234 2109 50 10 more
2298 2109 20 11 es-

1893 2127 80 23 pecially
1990 2127 32 17 the
2040 2126 82 19 Priest's,
2137 2124 97 23 depended
2255 2132 24 10 on
2296 2126 32 17 the

1893 2151 42 17 lake
1943 2150 58 21 being
2009 2148 116 19 maintained
2140 2149 20 16 at
2168 2148 24 18 its
2206 2148 54 18 level.
2290 2149 38 17 The

1893 2174 48 17 level
1949 2173 38 17 had
1995 2173 47 16 been
2053 2172 36 17 low
2098 2172 21 16 of
2127 2172 37 17 lute
2173 2171 37 18 and
2226 2172 32 17 the
2272 2172 56 17 baths

1893 2198 36 16 had
1940 2196 86 18 suffered.
2052 2195 31 18 Mr
2091 2195 80 17 Mueller
2180 2195 95 21 regretted
2286 2196 42 17 that

1893 2220 29 18 his
1931 2220 135 22 engagements
2075 2217 62 18 would
2147 2219 33 15 not,
2188 2219 70 21 permit
2264 2219 38 17 him
2309 2220 19 15 to

1893 2243 71 19 remain
1973 2243 37 17 and
2019 2242 40 22 join
2067 2242 21 17 in
2096 2241 33 17 the
2137 2241 105 22 inspection
2256 2241 35 18 but
2305 2242 23 17 he

1893 2266 103 24 suggested
2005 2266 41 17 that
2056 2264 32 18 the
2100 2264 81 17 resident
2196 2265 92 17 members
2305 2264 23 18 do

1893 2295 21 12 so
1928 2290 38 17 and
1978 2290 65 21 report
2057 2294 24 11 on
2098 2287 32 17 the
2147 2290 74 16 matter.
2256 2288 19 17 It
2291 2294 37 11 was

1894 2313 108 22 eventually
2016 2311 77 17 decided
2107 2311 42 17 that,
2161 2316 20 11 as
2199 2311 31 17 Mr
2246 2311 82 22 Malfroy

1894 2336 62 17 would
1965 2337 64 17 return
2039 2335 19 16 in
2067 2340 10 11 a
2083 2335 36 16 few
2126 2334 46 22 days
2178 2335 31 16 the
2217 2335 38 21 trip
2262 2334 66 18 should

1894 2360 22 16 be
1926 2360 54 16 made
1990 2359 18 17 in
2018 2359 42 17 that
2068 2357 125 23 gentleman's
2206 2363 98 17 company.

1917 2391 59 17 There
1985 2397 38 11 was
2035 2397 11 10 a
2060 2395 46 17 very
2120 2389 49 23 good
2183 2389 112 19 attendance
2309 2391 19 16 at

1894 2414 33 18 the
1941 2414 87 22 monthly
2044 2412 102 24 gathering
2159 2413 19 16 of
2192 2412 33 17 the
2242 2413 53 17 Baud
2309 2413 20 16 of

1894 2438 56 22 Hope
1959 2438 20 16 in
1988 2438 32 16 the
2029 2436 119 17 Schoolroom
2159 2441 24 12 on
2194 2436 70 22 Friday
2273 2442 44 11 even-

1894 2460 34 22 ing
1936 2461 43 17 last.
2006 2460 31 17 Mr
2050 2460 25 17 H.
2138 2459 116 22 Neighbour,
2270 2459 49 22 presi-

1894 2484 52 20 dent,
1956 2482 89 24 occupied
2054 2483 32 17 the
2095 2482 52 17 chair
2154 2482 37 17 and
2201 2488 10 11 a
2217 2488 45 16 very
2267 2482 51 17 excel-

1894 2507 40 17 lent
1951 2513 120 16 programme
2089 2511 37 11 was
2141 2505 102 18 submitted
2260 2507 20 15 to
2297 2505 31 18 the

1895 2530 59 17 entire
1960 2530 115 17 satisfaction
2082 2529 20 17 of
2105 2528 26 18 all
2136 2530 80 21 present.
2227 2529 38 17 The
2271 2534 46 17 open-

1895 2553 34 22 ing
1941 2554 78 16 anthem
2056 2552 75 20 Awake,
2255 2552 26 21 by
2297 2552 32 17 the

1895 2577 52 17 choir
1955 2583 39 10 was
2011 2577 49 16 most
2073 2575 84 18 effective
2171 2574 37 19 and
2225 2575 104 17 betokened

1896 2600 70 17 careful
1974 2600 87 21 practice.
2087 2599 39 16 The
2135 2597 45 22 solo,
2211 2598 38 17 The
2258 2598 38 17 Sun
2314 2598 15 16 is

1895 2622 20 18 in
1922 2622 33 19 the
2055 2622 26 18 by
2094 2621 47 19 Miss
2155 2621 101 20 Robinson,

1896 2646 73 17 Cricket
1979 2652 24 11 on
2013 2646 31 16 the
2166 2644 24 23 by
2204 2644 46 17 Miss
2267 2644 62 17 Tattie

1896 2669 91 19 Griffiths,
2123 2668 25 22 by
2165 2667 46 18 Miss
2228 2668 21 17 P.
2267 2667 62 17 White

1896 2692 37 17 and
2070 2692 26 21 by
2113 2691 46 17 Miss
2173 2692 47 17 Cora
2234 2690 95 17 Robinson

1896 2721 49 12 were
1954 2715 89 18 rendered
2053 2716 49 16 most
2110 2714 105 21 efficiently.
2241 2714 38 16 The
2291 2713 38 17 solo

1896 2739 37 17 ami
1942 2739 67 17 chorus
2085 2737 67 17 Sinner
2160 2737 37 17 and
2211 2737 32 17 the

1896 2767 38 12 was
1943 2761 95 23 tunefully
2047 2761 56 23 given
2112 2760 24 22 by
2146 2760 32 17 the
2185 2759 66 18 Misses
2258 2758 60 19 Robin-

1896 2791 33 10 son
1939 2785 37 16 and
1985 2786 78 20 Murray
2078 2782 37 19 and
2129 2784 69 16 Messrs
2211 2783 68 17 Fairlie
2293 2782 37 18 and

1896 2808 116 17 Hammond.
2038 2807 46 18 Miss
2101 2806 77 22 Murray
2193 2806 38 17 and
2244 2806 47 17 Miss
2308 2807 21 16 P.

1896 2831 63 17 White
1967 2837 49 11 were
2030 2830 58 18 heard
2107 2831 19 15 to
2140 2828 106 22 advantage
2262 2829 19 16 in
2298 2829 32 17 the

1896 2854 45 17 duct
1971 2855 38 16 Too
2109 2852 46 17 Miss
2170 2852 21 17 F.
2206 2852 62 17 White
2282 2859 48 15 sang

1897 2879 37 15 two
1947 2878 50 17 little
2012 2877 63 17 ditties
2089 2881 19 12 so
2125 2874 105 23 pleasantly
2247 2875 42 17 that
2306 2881 24 11 an

1898 2906 65 12 encore
1972 2907 38 10 was
2019 2898 109 19 demanded.
2154 2898 116 17 Recitations
2282 2905 48 11 were

1898 2923 55 22 given
1962 2924 46 17 with
2018 2922 76 19 marked
2103 2921 52 17 effect
2164 2921 26 23 by
2199 2921 39 17 Mrs
2247 2921 69 23 Thomp-

1898 2953 33 10 son
1941 2947 37 16 and
1987 2946 47 17 Miss
2042 2945 83 18 Dillicar.
2150 2944 72 17 Master
2230 2944 18 17 J.
2256 2945 74 18 Purcell

1898 2970 109 22 eloquently
2016 2968 65 18 orated
2089 2968 59 16 about
2175 2968 35 20 Bo}
2216 2968 14 16 s'

1897 2993 36 17 and
1943 2993 47 17 Miss
1999 2991 78 22 Maggie
2085 2991 52 17 Scott
2147 2990 31 17 bid
2195 2990 32 18 the
2242 2991 88 17 audience

1919 3016 60 17 Adieu
2034 3016 33 16 her
2075 3014 42 17 best
2129 3020 84 12 manner.
2246 3015 38 17 The
2299 3021 21 11 ac-

1898 3039 148 22 companiments
2061 3037 120 20 throughout
2201 3038 31 17 the
2251 3038 79 21 evening

1898 3068 48 11 were
1955 3063 49 15 most
2012 3060 134 22 satisfactorily
2162 3061 68 22 played
2242 3061 26 22 by
2284 3062 46 16 Miss

1899 3085 20 17 C.
1930 3085 95 17 Robinson
2034 3083 38 18 and
2080 3083 46 17 Miss
2135 3083 18 18 S.
2163 3083 69 19 White.

1980 3112 59 18 FEW
2056 3111 194 19 CONNOISSEURS

1898 3159 37 16 Arc
1945 3157 53 18 there
2005 3157 64 17 whose
2077 3157 101 23 judgment
2192 3159 15 17 is
2216 3159 87 17 valuable
2312 3160 18 18 in

1898 3182 33 16 the
1939 3183 49 14 taste
2002 3180 38 17 and
2054 3181 89 17 selection
2153 3183 19 15 of
2186 3183 76 21 liquors.
2287 3183 43 18 This

1898 3204 62 17 choice
1969 3204 36 16 few
2014 3203 26 18 all
2049 3209 69 12 concur
2125 3204 20 17 in
2158 3205 88 24 favoring
2254 3206 76 18 Wolfe's

1899 3227 103 21 Schnapps.

1956 3276 122 18 ROTORUA
2092 3277 74 18 TOWN
2178 3278 94 19 BOARD.

1920 3322 39 17 The
1979 3323 54 17 usual
2050 3324 87 22 monthly
2157 3325 84 23 meeting
2262 3327 21 17 of
2298 3326 32 18 the

1898 3345 58 17 Town
1973 3346 62 17 Board
2051 3347 46 17 took
2113 3348 53 22 place
2182 3348 37 17 last
2232 3349 98 21 Thursday

1898 3369 99 17 afternoon
2006 3369 19 17 in
2034 3370 32 17 the
2075 3371 122 18 Courthouse.
2229 3372 101 17 Present—

1898 3391 69 17 Messrs
1976 3392 19 17 S.
2004 3393 21 17 T.
2035 3393 64 19 Brent,
2115 3393 72 24 (chair),
2203 3394 22 18 G.
2243 3395 84 18 Mueller,

1898 3414 23 17 R.
1931 3414 23 18 D.
1965 3415 76 23 Dansey
2050 3417 36 16 and
2095 3417 29 16 Dr
2131 3417 86 17 Ginders.

1975 3443 90 19 Leasing
2078 3449 41 13 tiie
2133 3446 126 17 FouEsnortE.

1921 3471 69 17 Messrs
2010 3472 108 18 McDonald
2138 3473 38 18 and
2192 3473 61 17 Boord
2272 3472 57 17 asked

1897 3493 43 18 that
1948 3495 32 16 the
1995 3495 62 17 Board
2070 3495 63 18 would
2147 3496 81 18 increase
2241 3496 33 17 the
2286 3501 43 12 area

1898 3517 19 17 of
1927 3517 32 17 the
1972 3518 75 22 ground
2060 3518 77 23 applied
2150 3519 30 17 for
2192 3519 26 22 by
2231 3519 52 17 them
2300 3519 30 16 for

1897 3539 32 18 the
1937 3546 81 17 purpose
2027 3542 20 16 of
2059 3541 84 23 erecting
2157 3548 11 10 a
2184 3542 68 17 launch
2269 3542 61 16 wharf

1897 3563 38 17 and
1942 3563 46 18 boat
1997 3564 46 17 shed
2051 3570 24 12 on
2084 3565 32 16 the
2124 3565 42 17 lake
2175 3565 53 17 shore
2244 3565 49 17 from
2307 3565 22 16 30

1896 3586 27 22 by
1930 3588 41 16 20ft
1979 3589 20 16 to
2010 3588 32 16 120
2050 3587 26 22 by
2084 3588 46 17 60ft.
2156 3588 54 16 After
2225 3593 51 11 some
2290 3587 29 17 dis-

1897 3610 73 18 cussion
1978 3617 21 11 as
2007 3612 20 16 to
2036 3610 32 18 the
2076 3610 70 23 precise
2157 3610 77 21 locality
2248 3610 32 17 the
2295 3616 22 11 ex-

1896 3633 69 17 tended
1982 3639 43 11 area
2041 3638 38 12 was
2096 3633 80 21 granted
2191 3633 20 16 at
2232 3639 11 10 a
2264 3633 64 22 yearly

1897 3657 60 17 rental
1966 3657 20 16 of
1995 3655 25 18 £2
2027 3661 33 17 per
2069 3661 75 11 annum.

1919 3681 40 17 The
1974 3681 93 20 secretary
2080 3678 61 18 stated
2154 3678 42 17 that
2208 3678 23 17 he
2244 3678 37 18 had
2299 3685 20 12 re-

1896 3704 62 17 ceived
1968 3703 48 17 back
2025 3704 49 16 from
2081 3702 32 16 Mr
2121 3702 28 16 W.
2159 3701 62 21 Kelly,
2239 3702 87 20 M.H.R.,

1896 3727 33 17 the
1936 3727 50 17 lease
1994 3726 21 16 of
2027 3725 32 17 the
2074 3730 43 11 area
2131 3724 66 18 rented
2210 3725 19 16 to
2243 3725 39 18 him
2299 3727 30 17 for

1896 3749 68 18 timber
1971 3748 48 22 yard
2028 3747 46 22 duly
2082 3746 72 23 signed.

1942 3777 95 18 Library
2049 3780 42 13 and
2109 3775 94 18 Reading
2216 3776 64 19 Room.

1919 3806 31 17 Mr
1968 3804 81 18 Mueller
2064 3803 62 18 stated
2142 3803 42 19 that
2204 3805 33 17 the
2257 3806 72 23 Survey

1896 3828 124 22 Depart)pent
2036 3827 19 16 in
2067 3826 117 22 Wellington
2201 3827 37 18 had
2252 3831 77 16 marked

1896 3852 27 17 off
1930 3858 10 10 a
1949 3851 69 17 section
2028 3856 20 10 as
2056 3855 11 11 a
2076 3849 34 17 site
2124 3850 28 17 for
2166 3850 114 20 Mechanic's
2295 3854 22 16 In-

1896 3875 66 16 stitute
1970 3872 38 18 and
2016 3872 86 22 Library.
2127 3873 30 17 He
2164 3873 63 19 found,
2235 3875 92 21 however,

1896 3897 42 17 that
1946 3896 38 17 this
1993 3896 34 17 site
2036 3901 38 11 was
2083 3896 88 22 occupied
2185 3897 25 22 by
2224 3899 32 16 the
2269 3899 60 23 police

1896 3919 69 17 stables
1982 3918 38 18 and
2036 3918 74 23 lockup.
2140 3919 30 17 Ho
2186 3920 84 18 believed
2287 3922 43 17 that

1896 3942 32 17 the
1942 3941 80 17 mistake
2034 3941 38 17 had
2090 3942 59 18 arisen
2166 3943 63 23 owing
2242 3946 20 15 to
2278 3950 51 12 some

1896 3965 123 17 interference
2027 3964 26 22 by
2062 3970 11 11 a
2087 3964 113 19 dessentient
2213 3967 84 17 member
2310 3969 20 15 of

1896 3988 32 17 the
1936 3987 80 22 Library
2029 3988 118 17 Committee.
2172 3989 31 18 He
2215 3989 114 18 understood

1895 4016 44 12 now
1946 4010 43 17 that
1997 4010 33 17 the
2038 4010 35 18 site
2081 4011 98 22 agreeable
2187 4014 19 15 to
2212 4012 32 17 the
2250 4012 80 23 Library

1896 4033 112 17 Committee
2016 4039 39 11 was
2063 4034 33 16 the
2109 4036 64 16 sccton
2185 4035 19 17 in
2220 4035 67 17 Arawa
2301 4036 27 18 St.

1896 4062 25 11 on
1929 4056 63 17 which
2000 4056 32 17 the
2046 4057 126 18 Government
2185 4058 79 22 Agent's
2277 4058 53 18 office

1897 4080 90 21 formerly
1995 4079 60 18 stood.
2073 4080 30 17 Ho
2112 4079 63 18 would
2182 4080 94 17 therefore
2281 4081 49 18 have

1897 4103 33 16 the
1936 4104 70 15 matter
2014 4103 83 17 rectified
2104 4103 38 17 and
2150 4103 82 17 forvrard
2244 4103 33 17 the
2284 4104 46 22 plan

1898 4126 20 17 of
1933 4125 33 18 the
1982 4125 71 18 section
2069 4125 77 18 decided
2163 4132 24 11 on
2203 4132 20 11 as
2244 4132 46 12 soon
2310 4133 20 12 as

1897 4148 87 22 possible.

2371 141 23 18 In
2403 141 68 22 regard
2478 145 19 12 to
2506 140 32 17 the
2546 140 89 22 painting
2644 140 20 18 of
2669 140 32 17 the
2706 141 76 20 present

2348 164 87 23 building
2443 165 32 16 Mr
2483 163 80 18 Mueller
2572 164 39 16 said
2620 164 44 17 that
2668 162 38 18 this
2713 163 69 17 matter

2348 188 97 22 depended
2448 194 23 11 on
2476 187 84 17 whether
2566 187 89 22 thoplace
2661 186 95 22 belonged
2762 189 20 13 to

2348 212 32 16 the
2389 211 127 18 Government
2525 215 21 13 or
2561 211 40 16 nut.
2631 209 31 18 He
2676 209 37 17 had
2728 208 54 18 made

2348 234 92 24 enquiries
2448 235 49 16 from
2506 234 31 16 Mr
2546 232 79 19 Dunbar
2633 233 96 16 Johnston
2745 230 38 18 and

2348 258 63 17 others
2418 256 40 19 and
2464 256 61 19 found
2532 256 43 18 that
2591 256 14 18 it
2621 261 37 11 was
2673 261 11 11 a
2697 254 72 18 Govern-

2349 282 51 16 ment
2408 280 87 23 building
2509 286 20 12 so
2542 279 33 17 the
2588 279 53 17 work
2654 277 64 19 would
2733 280 48 14 most

2348 303 92 23 probably
2454 304 23 17 be
2491 303 54 18 done.
2577 302 38 19 The
2634 301 89 21 building
2745 300 37 17 had

2348 326 66 24 passed
2430 326 84 24 through
2531 331 57 16 many
2607 324 123 18 vicissitudes.
2763 323 20 17 It

2348 350 37 17 had
2395 350 100 21 originally
2503 350 47 16 been
2563 347 105 24 purchased
2683 352 23 13 on
2719 345 64 19 behalf

2348 373 20 17 of
2375 373 33 17 the
2417 373 67 17 Crown
2492 372 64 18 Lands
2565 372 126 22 Department
2699 369 38 17 and
2750 369 33 17 the

2348 397 58 17 Town
2413 395 65 19 Board
2483 395 39 18 had
2536 400 57 13 never
2610 393 95 23 anything
2722 394 19 15 to
2758 392 25 17 do

2348 420 46 16 with
2403 420 21 16 it.
2450 420 18 16 It
2477 419 36 17 hud
2528 418 46 17 been
2589 415 123 22 successively
2727 421 44 12 occu-

2348 442 41 23 pied
2405 449 20 10 as
2441 448 12 12 a
2468 441 129 19 schoolhouse,
2615 439 37 17 and
2669 439 46 19 then
2732 444 20 12 as
2772 444 11 11 a

2348 465 89 18 teacher's
2447 465 92 17 residence
2549 463 44 18 (ilia
2601 463 58 16 house
2666 461 115 18 waserected

2348 489 29 18 for
2389 489 45 18 him.
2459 488 60 18 When
2533 487 32 18 the
2578 486 37 18 late
2633 484 31 18 Mr
2677 484 70 23 Blythe
2755 486 28 16 set

2348 512 33 17 the
2389 514 105 15 movement
2504 516 24 12 on
2537 510 40 17 foot
2586 510 21 16 to
2615 508 89 17 establish
2717 514 10 11 a
2737 507 33 18 Lib-

2348 541 43 17 rary
2411 534 37 18 and
2465 534 87 20 Reading
2569 536 59 13 Koom
2647 531 32 17 the
2696 529 87 25 building

2348 564 38 11 was
2394 557 79 18 allowed
2482 559 20 14 to
2511 557 23 16 be
2542 555 47 17 used
2602 555 29 16 for
2645 554 42 17 that
2702 559 81 17 purpose

2348 581 36 18 but
2390 581 61 18 under
2458 580 53 17 what
2516 574 101 27 authority
2624 577 25 18 ho
2663 583 38 11 was
2715 577 68 17 unable

2348 606 19 16 to
2377 610 38 16 say.
2442 602 88 23 Looking
2537 602 19 16 at
2567 601 31 17 the
2609 607 8 11 c
2627 600 76 17 mdition
2718 601 21 15 of
2751 599 32 18 the

2348 627 87 22 building
2448 627 23 17 he
2485 623 107 19 considered
2607 625 40 16 that
2666 623 70 18 certain
2754 628 18 13 re-

2348 651 50 23 pairs
2407 649 68 19 should
2482 648 24 19 be
2519 648 48 16 done
2581 648 33 16 but
2631 653 24 12 no
2669 652 51 12 more
2737 646 45 17 than

2349 680 37 10 was
2395 672 105 21 absolutely
2509 676 97 15 necessary
2621 676 21 10 as
2657 670 17 16 in
2690 676 9 10 a
2718 670 65 21 couple

2348 698 20 16 of
2377 701 53 18 years
2438 701 21 12 or
2468 700 20 12 so
2497 695 45 20 they
2551 693 63 18 would
2623 693 73 22 require
2704 694 20 16 to
2736 693 47 17 raise

2349 719 56 18 funds
2414 719 29 16 for
2452 719 32 16 the
2493 717 81 17 erection
2583 717 20 16 of
2615 723 12 10 a
2642 722 40 11 new
2696 715 87 22 building

2349 748 24 11 on
2382 743 32 16 the
2428 742 54 16 other
2497 740 40 17 Kite.
2563 740 30 17 He
2610 739 82 22 thought
2709 739 42 18 that
2769 739 14 16 if

2348 767 33 16 the
2389 765 53 23 place
2451 769 47 11 wen;
2508 762 76 24 painted
2592 763 72 17 outside
2673 761 37 19 and
2724 762 59 16 inside

2349 788 36 18 and
2395 788 32 17 the
2435 787 80 17 window
2525 786 38 16 sills
2572 786 85 17 renewed
2666 786 42 18 that
2722 784 61 18 would

2349 811 21 18 be
2388 810 98 17 sufficient.
2519 809 39 17 The
2575 809 79 22 Library
2671 808 112 19 Committee

2349 834 61 23 might
2432 832 86 24 expedite
2535 832 32 19 the
2584 834 69 16 matter
2669 832 26 23 by
2711 837 60 12 recom-

2349 856 91 23 mending
2448 857 51 16 what
2509 862 37 10 was
2555 856 106 21 absolutely
2675 855 74 17 wanted
2763 858 20 12 to

2349 881 32 17 the
2389 881 65 16 extent
2462 880 20 16 of
2490 879 32 17 the
2531 885 41 11 sum
2581 878 73 22 named,
2665 879 37 16 i.'-"'
2712 881 20 14 to
2739 879 43 16 JL':i(>.

2435 907 144 19 Depasturing
2593 907 103 19 Licenses.

2372 937 32 17 Mr
2412 935 80 19 Mueller
2502 935 67 17 moved
2577 936 19 16 in
2610 935 113 19 accordance
2737 934 45 18 with

2349 960 61 17 notice
2420 959 42 17 that
2471 957 124 25 depasturing
2608 959 77 17 licenses
2699 958 24 17 be
2737 957 33 19 abo-

2349 982 59 19 lished
2419 982 36 17 and
2464 982 42 17 that
2521 981 32 18 the
2568 981 129 23 Impounding
2711 982 35 16 Act
2760 981 22 16 be

2349 1006 74 22 strictly
2432 1005 71 18 carried
2516 1008 40 14 out.
2582 1006 30 16 He
2629 1005 61 17 stated
2707 1004 41 18 that
2762 1011 20 9 as

2349 1030 32 16 the
2390 1029 57 17 cattle
2461 1029 38 16 and
2513 1029 52 21 stray
2578 1029 63 17 horses
2659 1034 48 10 were
2724 1027 59 22 doing

2349 1054 56 16 mutJ
2414 1052 85 17 mischief
2508 1053 19 15 to
2535 1051 32 17 the
2576 1058 65 16 young
2653 1053 48 16 trees
2716 1051 14 17 it
2746 1057 36 10 was

2349 1081 98 16 necessary
2455 1077 20 15 to
2483 1076 72 21 protect
2565 1072 56 21 them.

2373 1097 182 24 MrDanseystated
2567 1098 42 16 that
2622 1098 18 16 in
2659 1097 122 22 anticipation

2349 1122 21 16 of
2378 1122 37 17 this
2424 1122 71 16 motion
2505 1120 57 24 being
2570 1120 71 18 carried
2650 1126 24 12 no
2683 1120 100 23 pasturing

2349 1145 77 18 licenses
2436 1144 39 17 had
2483 1144 46 17 been
2541 1144 61 17 issued
2617 1144 30 18 for
2661 1144 32 17 the
2707 1145 74 15 current

2349 1168 73 19 month,
2432 1168 34 17 but
2475 1174 19 10 so
2504 1173 19 11 as
2532 1168 20 17 to
2562 1168 53 16 avoid
2629 1173 37 16 any
2683 1166 100 23 hardships

2349 1192 64 17 horses
2422 1190 36 19 had
2468 1191 45 17 been
2523 1190 78 18 allowed
2610 1193 20 15 to
2639 1191 22 16 be
2670 1192 36 21 put
2715 1190 18 17 in
2751 1190 32 16 the

2349 1215 87 16 Pukcroa
2444 1220 71 11 reserve
2524 1216 20 14 at
2553 1214 32 16 the
2593 1219 50 12 same
2653 1215 35 15 fee.

2373 1237 38 19 The
2420 1237 71 18 motion
2500 1242 38 12 was
2547 1237 68 23 agreed
2630 1240 20 14 to
2664 1236 38 18 and
2716 1236 15 16 it
2745 1240 37 12 was

2350 1261 76 17 decided
2436 1260 41 18 that
2495 1259 77 24 grazing
2585 1259 77 18 licenses
2679 1257 68 20 should
2759 1258 23 16 lie

2349 1284 61 17 issued
2420 1284 29 17 for
2462 1284 90 17 Pukeroa,
2568 1283 35 18 but
2616 1283 33 18 the
2663 1282 87 24 question
2764 1281 18 18 of

2349 1306 90 24 reducing
2456 1306 31 19 the
2505 1306 26 18 fee
2549 1306 29 18 for
2591 1306 45 18 such
2649 1305 62 17 would
2728 1304 54 18 stand

2349 1336 44 11 over
2402 1331 18 16 in
2429 1331 31 16 the
2470 1329 105 19 meantime.

2401 1353 116 17 Extension
2530 1357 24 12 ok
2566 1352 77 18 Water
2656 1352 74 17 Mains.

2373 1377 13 18 A
2397 1376 56 19 letter
2460 1383 37 10 was
2507 1376 42 17 rend
2559 1377 48 16 from
2616 1376 32 17 the
2658 1376 123 21 Department

2349 1401 20 16 of
2378 1399 62 18 Lands
2448 1406 18 11 re
2479 1400 32 17 the
2526 1399 97 18 extension
2641 1398 19 17 of
2677 1397 31 19 the
2726 1398 55 16 water

2350 1423 68 24 supply
2427 1424 36 16 and
2473 1423 66 22 asking
2548 1423 42 17 that
2599 1428 24 11 an
2632 1421 87 17 estimate;
2726 1421 20 16 of
2751 1421 30 16 the

2349 1449 40 15 cost
2403 1447 65 16 should
2482 1447 23 16 he
2519 1445 104 18 forwarded
2639 1445 15 16 if
2670 1444 32 18 the
2721 1444 60 17 Board

2349 1470 72 17 desired
2430 1470 31 17 the
2470 1470 126 17 Government
2611 1471 19 14 to
2644 1468 45 16 hear
2702 1473 12 11 a
2730 1466 51 18 share

2349 1494 20 16 of
2378 1494 31 16 the
2422 1495 44 15 cost.

2373 1517 23 17 In
2405 1516 52 22 reply
2470 1517 20 16 to
2505 1515 30 19 Mr
2549 1514 81 18 Mueller
2645 1514 32 17 the
2691 1514 91 22 secretory

2350 1539 61 18 stated
2432 1539 41 18 that
2493 1539 31 17 the
2540 1539 77 21 present
2638 1543 81 11 revenue
2736 1537 46 16 from

2349 1564 59 15 water
2416 1562 67 23 supply
2492 1568 38 11 was
2538 1561 60 17 about
2607 1560 37 18 £BO
2660 1565 33 17 per
2705 1565 77 12 annum.

2349 1587 111 17 Consumers
2469 1591 47 12 were
2524 1585 19 17 in
2553 1590 72 11 arrears
2634 1585 20 15 to
2669 1583 33 17 the
2719 1585 63 15 extent

2349 1611 20 15 of
2378 1608 37 19 £46
2425 1610 28 16 for
2461 1609 35 17 last
2506 1607 40 19 half
2554 1613 51 17 year,
2615 1606 38 17 and
2662 1606 33 18 the
2709 1607 73 16 current

2349 1635 47 14 term
2406 1638 37 11 was
2451 1638 42 11 now
2502 1631 85 23 payable.
2614 1630 30 17 He
2653 1630 62 21 might
2731 1635 39 11 men-

2349 1656 40 17 tion
2397 1656 42 17 that
2449 1656 30 16 the
2488 1654 61 18 Board
2559 1659 49 11 were
2616 1653 45 22 only
2676 1652 106 18 authorised

2349 1681 20 15 to
2376 1679 69 17 receive
2454 1680 33 15 not
2495 1680 19 15 to
2524 1677 73 17 collect.

2373 1703 31 16 Mr
2413 1701 71 19 Purcell
2491 1699 102 20 submitted
2599 1705 24 12 an
2630 1699 86 17 estimate
2721 1698 48 18 show-

2349 1725 33 23 ing
2391 1725 41 17 that
2441 1725 31 17 the
2480 1724 98 17 extension
2587 1724 20 17 of
2615 1722 53 23 pipes
2683 1722 57 22 along
2751 1722 31 17 the

2349 1750 66 15 streets
2423 1748 90 23 proposed
2523 1746 62 18 would
2603 1747 76 16 amount
2690 1746 19 16 to
2726 1745 54 18 iMOO,

2350 1772 36 16 and
2396 1774 19 14 to
2424 1771 31 17 the
2465 1771 82 22 Sulphur
2556 1770 60 17 Baths
2632 1769 56 18 £3OO,
2697 1775 20 10 or
2733 1767 48 19 £7OO

2350 1795 18 17 in
2378 1795 30 17 all.
2433 1795 43 16 This
2490 1793 88 18 included
2592 1794 41 16 cost
2647 1792 20 17 of
2680 1792 51 22 pipes
2744 1791 37 17 and

2350 1818 58 17 labor.

2373 1841 17 18 It
2406 1847 37 11 was
2459 1840 67 18 moved
2539 1839 38 17 and
2590 1838 143 18 carried—That
2750 1838 30 16 the

2350 1865 126 17 Government
2484 1864 23 17 be
2516 1862 92 18 informed
2618 1861 41 18 that
2674 1861 31 17 the
2720 1860 60 17 Board

2350 1887 35 19 bad
2396 1887 80 22 nothing
2484 1889 19 14 to
2512 1887 24 16 do
2545 1886 46 17 with
2602 1885 32 18 the
2643 1886 56 15 water
2705 1884 74 21 supply.

2349 1911 42 17 that
2403 1910 15 17 it
2432 1916 38 11 was
2485 1916 10 11 a
2509 1910 128 17 Government
2651 1909 67 16 matter
2731 1907 40 17 alto-

2350 1934 66 21 gether
2430 1939 21 11 as
2468 1933 32 17 the
2517 1935 51 15 town
2586 1931 78 19 sections
2681 1931 36 17 had
2735 1931 45 16 been

2350 1958 55 16 taken
2415 1962 24 16 up
2446 1956 59 18 under
2512 1963 11 9 a
2532 1955 75 23 proviso
2617 1955 40 16 that
2666 1960 23 11 an
2701 1953 79 18 efficient

2350 1983 67 19 system
2428 1979 61 17 would
2500 1979 22 17 he
2531 1978 101 23 provided:
2648 1978 36 17 and
2694 1977 42 16 that
2749 1977 31 16 the

2350 2004 84 16 estimate
2443 2004 20 15 of
2472 2004 39 15 cost
2521 2002 22 17 he
2552 2000 110 19 forwarded.

2373 2026 30 18 Mr
2413 2026 21 17 E.
2445 2025 104 19 Robertson
2560 2026 56 16 wrote
2626 2024 66 22 asking
2702 2023 67 23 permis-

2350 2050 39 16 sion
2406 2051 19 15 to
2441 2048 122 24 temporarily
2578 2047 32 23 lay
2626 2047 54 17 down
2697 2053 24 10 an
2738 2046 43 17 inch

2350 2072 42 25 pipo
2402 2073 47 17 from
2459 2073 32 16 the
2500 2072 50 17 main
2565 2072 18 16 in
2599 2071 71 18 Fonton
2686 2069 61 18 Street
2761 2070 20 16 to

2350 2096 28 17 his
2394 2096 69 17 stables
2480 2096 19 16 in
2516 2094 103 19 Tutanekai
2629 2095 59 15 Street
2698 2092 84 23 pending

2349 2119 32 17 the
2401 2119 113 22 completion
2531 2119 20 15 of
2568 2118 31 16 the
2615 2116 103 18 extension.
2752 2116 30 17 Mr

2350 2142 105 17 Robertson
2463 2141 39 18 also
2511 2141 57 17 asked
2578 2141 52 16 when
2647 2139 32 18 the
2692 2138 57 18 levels
2763 2139 20 16 of

2349 2164 104 19 Tutanekai
2462 2164 132 17 Street-would
2606 2164 23 16 be
2642 2161 107 19 obtainable
2763 2167 19 11 as

2350 2189 23 17 he
2381 2188 70 17 wished
2460 2189 20 16 to
2489 2187 54 18 make
2552 2194 11 10 a
2574 2192 67 18 proper
2654 2185 95 23 approach
2763 2185 19 17 to

2350 2211 28 18 his
2387 2211 58 22 place.

2373 2235 19 16 It
2401 2240 38 11 was
2448 2233 76 18 decided
2533 2233 42 17 that
2582 2232 109 23 permission
2697 2232 23 16 be
2727 2230 56 24 given

2350 2260 19 15 to
2379 2258 31 17 Mr
2419 2258 105 17 Robertson
2533 2262 24 11 on
2563 2256 89 23 payment
2659 2256 20 16 of
2686 2255 40 17 half
2733 2256 50 15 rates

2350 2282 30 17 for
2387 2280 33 19 the
2427 2282 61 16 water
2494 2279 39 19 and
2540 2279 43 18 that
2596 2279 24 18 he
2632 2279 24 16 be
2670 2277 79 18 allowed
2764 2279 19 15 to

2350 2310 73 11 remove
2432 2304 28 16 his
2469 2304 53 22 pipes
2530 2303 54 17 when
2593 2301 83 19 desirous
2690 2302 19 17 of
2725 2300 58 23 doing

2350 2334 26 11 so.
2403 2327 22 17 In
2434 2327 68 23 regard
2510 2329 20 14 to
2540 2326 31 17 tins
2585 2325 57 17 levels
2657 2325 31 16 Mr
2703 2323 80 19 Mueller

2350 2350 61 17 stated
2421 2350 42 17 that
2471 2350 31 17 Mr
2510 2349 80 22 Phillips
2598 2348 38 18 had
2644 2347 47 19 been
2703 2347 80 17 detailed

2350 2376 20 15 to
2378 2380 52 11 come
2439 2380 26 16 up
2473 2373 37 17 and
2519 2372 44 18 take
2571 2372 32 17 the
2611 2370 91 18 standard
2717 2375 66 17 survey

2350 2398 20 16 of
2378 2397 32 17 the
2419 2399 51 15 town
2479 2395 37 18 and
2527 2396 26 17 fix
2563 2395 31 17 the
2603 2394 62 18 levels.
2683 2394 31 17 He
2723 2392 60 19 woidd

2350 2421 23 16 be
2381 2420 44 17 here
2433 2426 44 11 verv
2487 2418 78 22 shortly.

2439 2443 44 18 The
2496 2442 119 18 Unsightly
2625 2441 69 17 Bines.

2373 2467 70 17 Messrs
2452 2465 90 19 Hancook
2551 2464 37 18 and
2595 2465 32 17 Co.
2635 2462 147 22 wrotedrawing

2350 2489 94 18 attention
2460 2491 20 16 to
2500 2489 31 17 the
2551 2487 70 18 serious
2641 2486 139 18 inconvenience

2351 2513 79 18 suffered
2438 2513 25 21 by
2472 2513 32 16 the
2513 2510 102 24 proximity
2629 2511 21 16 of
2662 2510 33 17 the
2710 2514 37 12 row
2763 2507 19 17 of

2350 2537 44 22 pine
2461 2536 20 17 in
2496 2535 51 18 front
2561 2534 19 16 of
2594 2534 32 17 the
2641 2533 63 19 Grand
2719 2532 37 17 Blot
2758 2530 20 17 el.

2350 2560 39 17 The
2398 2561 48 15 trees
2455 2557 95 19 detracted
2560 2558 48 16 from
2623 2557 33 17 the
2670 2559 110 19 appearance

2351 2585 20 16 of
2377 2583 32 17 the
2418 2581 91 24 building,
2520 2580 36 19 and
2566 2580 45 22 kept
2620 2580 16 17 it
2641 2580 41 17 cold
2688 2578 34 17 and
2730 2576 48 18 dark.

2351 2607 50 21 They
2411 2606 37 16 had
2456 2606 46 15 been
2512 2606 18 15 tit
2540 2609 45 17 very
2598 2605 54 21 great
2667 2606 76 18 expense
2756 2604 24 12 on

2352 2630 31 17 the
2392 2628 87 23 building
2488 2628 36 17 and
2534 2627 56 17 asked
2600 2627 32 17 the
2641 2625 60 18 Board
2709 2625 19 16 to
2737 2627 31 12 con-

2352 2654 40 16 sent
2401 2654 20 16 to
2430 2652 32 17 the
2471 2650 82 18 removal
2563 2650 20 17 of
2592 2650 32 17 the
2633 2651 52 16 trees.

2375 2677 23 16 In
2407 2675 32 18 the
2448 2674 102 18 discussion
2560 2673 61 17 which
2636 2670 65 19 ensued
2714 2669 14 17 it
2742 2674 37 10 was

2352 2698 93 19 admitted
2454 2698 43 17 that
2505 2698 32 16 the
2546 2700 48 14 trees
2603 2696 37 18 had
2648 2698 62 20 grown
2719 2696 19 13 so
2747 2691 33 21 big

2352 2723 42 17 that
2410 2722 45 21 they
2464 2727 47 11 were
2528 2720 74 17 neither
2618 2715 111 20 ornamental
2745 2720 35 11 nor

2352 2745 67 19 useful,
2429 2744 16 18 if
2449 2744 45 23 they
2503 2743 37 18 had
2549 2748 43 13 ever
2601 2743 43 16 been
2654 2746 23 11 so.
2688 2738 36 17 and
2738 2738 42 16 that

2352 2769 49 18 their
2410 2768 82 17 removal
2501 2773 38 10 was
2549 2766 45 21 only
2602 2772 11 10 a
2622 2764 64 17 matter
2694 2761 20 16 of
2728 2762 50 15 tune.

2352 2792 52 21 They
2412 2792 50 16 must
2470 2789 107 22 eventually
2587 2792 49 13 come
2652 2785 59 16 down.
2743 2785 37 15 The

2352 2818 51 15 roots
2411 2820 43 12 now
2463 2813 66 23 spread
2539 2818 44 11 over
2591 2811 30 17 the
2630 2807 94 22 footpaths
2738 2812 31 11 ren-

2352 2839 68 22 dering
2427 2837 52 18 them
2488 2835 98 24 positively
2595 2834 102 19 dangerous
2705 2831 20 16 to
2731 2830 49 16 walk

2353 2862 58 20 along
2419 2861 32 17 the
2460 2861 66 16 streets
2535 2861 19 14 at
2563 2856 57 23 night.

2376 2886 20 16 It
2404 2890 37 11 was
2451 2882 75 18 decided
2535 2882 40 16 that
2584 2879 30 16 the
2627 2876 81 17 resident
2721 2881 44 12 mem-

2352 2909 42 16 bers
2403 2907 67 18 should
2479 2906 42 17 deal
2530 2904 42 17 with
2581 2901 30 17 the
2620 2901 68 15 matter
2698 2899 37 16 and
2751 2904 19 11 re-

2353 2937 53 11 move
2415 2930 45 18 such
2469 2931 48 16 trees
2525 2933 19 11 as
2551 2926 42 19 they
2600 2922 76 18 deemed
2684 2922 94 17 desirable.

2446 2953 120 18 Surrexdeb
2579 2950 23 14 of
2614 2946 73 17 Lease.

2376 2978 69 17 Messrs
2462 2973 86 20 Hancock
2564 2969 37 18 and
2617 2969 33 17 Co.
2668 2968 39 17 also
2723 2968 57 16 wrote

2353 3000 68 23 asking
2436 3001 31 16 the
2484 2995 104 25 permission
2603 2992 19 17 of
2637 2992 32 16 the
2683 2990 62 19 Board
2759 2990 21 18 to

2353 3023 99 18 surrender
2460 3022 31 17 the
2499 3021 45 16 lease
2553 3017 29 16 for
2590 3016 33 16 tin;
2632 3016 35 16 site
2681 3020 24 12 on
2720 3013 59 17 winch

2353 3048 32 16 the
2394 3046 31 18 old
2439 3044 66 19 Palace
2517 3039 57 19 Hotel
2590 3038 54 17 stood
2667 3037 59 18 which
2743 3037 36 16 had

2352 3070 48 18 been
2407 3065 109 22 transferred
2524 3065 19 14 to
2552 3062 52 17 them
2613 3062 26 21 by
2648 3062 31 16 Mr
2688 3060 59 21 Kelly.

2376 3094 39 16 The
2424 3089 88 20 secretarv
2521 3085 62 17 stated
2592 3085 43 17 that
2643 3084 32 17 the
2685 3084 41 16 rent
2738 3088 42 11 now

2354 3116 36 18 due
2399 3110 97 23 amounted
2504 3111 19 15 to
2532 3108 44 18 £3O.
2602 3109 26 16 As
2637 3108 32 17 the
2682 3105 63 23 length
2761 3105 19 17 of

2394 3133 99 25 unexpired
2502 3134 47 16 term
2558 3138 38 10 was
2606 3132 94 16 uncertain
2715 3131 15 14 it
2742 3134 38 11 was

2353 3161 76 19 decided
2437 3161 18 15 to
2464 3158 25 17 let
2498 3155 31 18 the
2538 3156 69 16 matter
2613 3155 37 16 rest
2655 3153 29 17 till
2690 3151 90 22 enquiries

2353 3191 48 11 were
2409 3182 58 19 made.

2477 3202 90 18 Outside
2580 3201 73 17 Roads.

2376 3230 30 18 Mr
2414 3229 49 20 Keys
2472 3227 58 15 wrote
2538 3224 69 23 asking
2620 3223 42 18 that
2676 3227 10 11 a
2699 3220 43 17 road
2756 3220 24 17 be

2353 3249 116 22 constructed
2477 3250 21 16 to
2505 3247 30 18 his
2549 3247 96 18 suburban
2658 3244 68 18 section
2742 3242 36 18 No.

2352 3278 20 16 41
2404 3275 19 16 It
2435 3278 37 11 was
2489 3270 100 23 explained
2606 3270 42 17 that
2663 3268 30 17 the
2710 3267 69 16 section

2352 3305 36 11 was
2397 3296 65 18 within
2471 3296 10 17 7
2491 3295 65 17 chains
2564 3294 21 16 of
2590 3294 32 17 the
2631 3291 29 19 old
2666 3291 62 20 Taupo
2734 3289 45 17 road

2351 3326 60 13 across
2420 3319 90 23 perfectlv
2519 3317 48 17 level
2580 3316 50 17 land.
2660 3315 18 16 It
2692 3317 37 12 was
2745 3312 22 16 de-

2351 3343 52 18 cided
2411 3344 20 15 to
2439 3343 69 16 inform
2517 3341 32 16 Mr
2557 3340 51 21 Keys
2619 3339 40 17 that
2672 3336 30 17 the
2717 3336 61 16 Board

2350 3367 37 17 had
2396 3372 24 11 nc
2429 3365 57 18 funds
2494 3367 20 15 to
2521 3363 75 23 expend
2604 3368 23 11 on
2641 3359 52 19 roads
2706 3359 72 16 outside

2351 3390 31 17 the
2391 3390 52 16 town
2451 3388 105 21 boundary.

2408 3412 44 17 The
2465 3415 51 14 i.ate
2527 3411 76 16 Public
2620 3407 99 16 Meeting.

2373 3436 32 17 Mr
2412 3435 118 23 Neighbour,
2540 3434 91 18 secretary
2644 3427 101 23 appointed
2758 3429 20 15 at

2351 3459 32 17 the
2395 3460 62 16 recent
2465 3458 64 22 public
2543 3455 86 20 meeting,
2644 3451 40 17 sent
2697 3455 48 17 copy
2758 3451 20 17 of

2350 3481 112 18 resolutions
2469 3481 66 22 passed
2543 3477 37 19 and
2588 3477 49 16 drew
2644 3474 32 17 the
2684 3474 93 17 attention

2350 3506 21 17 of
2378 3505 33 17 the
2419 3505 63 17 Board
2489 3508 21 13 to
2523 3508 54 13 same.
2607 3498 53 18 After
2675 3495 102 19 discussion

2350 3528 16 17 it
2375 3533 38 12 was
2422 3528 68 22 agreed
2499 3527 42 17 that
2549 3526 31 16 the
2699 3519 67 22 regard-

2350 3552 34 21 ing
2392 3552 33 17 the
2434 3550 125 19 construction
2575 3546 19 17 of
2606 3543 31 18 the
2651 3547 45 12 roau
2709 3543 21 16 to
2745 3542 32 19 the

2351 3575 77 17 summit
2436 3575 20 17 of
2463 3571 126 25 Ngongotaha
2603 3566 35 18 <md
2651 3565 32 17 the
2696 3566 81 17 erection

2350 3599 21 16 of
2378 3598 33 17 the
2419 3598 61 17 wharf
2533 3594 42 18 boat
2583 3589 67 19 shelter
2657 3587 23 17 be
2691 3589 86 22 strongly

2351 3620 142 19 recommended
2500 3621 20 16 to
2528 3618 31 18 the
2566 3611 134 21 consideration
2712 3611 21 16 of
2745 3612 32 17 the

2351 3644 133 18 Government.
2514 3641 38 17 The
2564 3634 133 21 consideration
2712 3634 20 17 of
2745 3634 32 18 the

2351 3667 54 18 other
2418 3669 77 15 matters
2507 3669 36 12 was
2556 3659 42 19 held
2613 3662 44 12 over
2673 3657 30 16 for
2716 3663 11 10 a
2742 3657 34 18 full

2351 3691 83 21 meeting
2443 3691 19 17 of
2470 3690 32 16 the
2510 3684 64 21 Board.

2421 3705 12 8 °
2460 3712 94 19 GENERAL
2568 3706 95 17 BUSINESS

2374 3738 20 16 It
2401 3743 39 11 was
2449 3733 74 20 decided
2530 3733 19 15 to
2557 3733 40 18 give
2607 3726 31 18 the
2652 3724 91 18 influence
2757 3728 20 16 of

2351 3761 32 16 the
2392 3760 61 17 Board
2462 3759 19 17 in
2485 3754 86 21 inducing
2580 3750 32 17 the
2621 3749 128 17 Government
2756 3750 19 17 to

2350 3784 82 16 transfer
2453 3782 31 17 the
2504 3778 80 18 Rotorua
2608 3772 75 20 County
2702 3773 21 15 to
2743 3772 32 17 the

2352 3805 98 19 Auckland
2466 3797 152 24 Acclimatisation
2632 3793 73 23 Society
2714 3800 8 11 s
2738 3794 27 18 dis-

2351 3830 50 19 trict,
2411 3828 37 18 and
2456 3827 40 17 that
2504 3823 24 19 £5
2535 3821 23 17 be
2566 3817 80 23 granted
2654 3817 30 17 for
2689 3817 32 17 the
2730 3823 33 16 pur-

2350 3858 46 16 pose
2404 3851 19 18 of
2432 3849 83 20 stocking
2523 3844 29 18 the
2561 3841 62 18 creeks
2631 3840 46 17 with
2686 3840 35 17 fish

2350 3859 13 15 P
2374 3874 110 18 Permission
2498 3874 34 11 was
2548 3863 79 25 granted
2639 3863 33 16 the
2688 3862 87 20 Football

2351 3898 48 18 Club
2408 3898 19 16 to
2437 3897 63 19 charge
2511 3893 16 14 is
2536 3890 18 15 to
2639 3886 45 21 only
2697 3886 31 16 for
2740 3887 23 17 ad-

2351 3921 76 17 mission
2443 3921 19 16 to
2477 3916 29 18 the
2525 3911 85 18 Pukeroa
2629 3914 24 11 on
2674 3908 99 23 Saturday,

2351 3943 108 18 September
2471 3938 35 19 7tl».
2520 3940 23 12 on
2558 3933 32 17 the
2607 3937 85 12 occasion
2707 3931 20 18 of
2742 3933 32 18 the

2351 3966 63 18 match
2422 3964 44 18 with
2474 3959 79 19 Maketu.

2373 3990 40 16 The
2421 3984 91 22 following
2519 3978 85 33 amount*
2604 3983 59 13 rwere
2670 3978 68 21 passed
2745 3979 29 18 for

2419 4011 20 11 „x
2468 4007 18 15 _r,
2501 4004 20 17 T.
2526 4001 66 21 TVren,
2601 4001 35 17 £37
2656 4001 19 16 Is
2691 4001 35 18 od;
2747 4002 25 18 H.

2351 4016 124 32 BEETm?
2488 4018 115 29 V.Rogers,
2614 4024 41 19 17s;
2669 4024 26 16 H.
2713 4024 58 22 Brett,

2351 4037 78 16 Martin,
2440 4037 7 13 1
2451 4039 65 16 '■»_.%•
2572 4045 25 10 j»n
2606 4047 11 8 n
2651 4037 21 18 Li.
2694 4046 5 9 i
2720 4046 15 9 -d

2352 4058 23 16 £1
2384 4048 4 26 •
2439 4056 21 16 A.
2572 4048 25 16 £2
2606 4048 31 19 9s;
2651 4048 61 16 isteele
2721 4048 50 21 Bros,

2352 4072 37 24 £ol
2407 4070 23 26 7s'
2441 4076 21 19 6d
2483 4071 80 24 (subject
2578 4071 20 16 to
2613 4069 120 27 deduction);
2751 4071 22 18 F.

2352 4104 91 17 Goodson.
2456 4098 27 17 18s
2499 4092 134 23 »d;Wages,
2645 4091 37 18 £G3
2703 4093 20 16 5s
2743 4093 29 19 6d.

2354 4126 60 19 Total,
2427 4121 43 20 £l"'2
2484 4119 19 15 la
2505 4123 12 26 ?,
2525 4116 24 17 6d
2574 4137 15 12 v
2655 4137 6 6 ,

2374 4150 39 17 The
2420 4145 76 19 meeting
2504 4139 46 18 then
2558 4138 111 23 adjourned.

2862 139 36 17 AX
2913 140 122 19 IMMENSE
3052 141 125 21 I-'OKTUIs'E,

2804 185 67 18 WHEN
2878 185 38 22 Jay
2925 186 63 18 Gould
2996 187 43 17 died
3054 188 23 17 he
3092 188 34 16 left
3139 194 9 10 a
3163 189 70 19 fortnr*.

2804 209 20 16 of
2832 209 67 16 twelve
2910 209 80 18 millions
3007 209 85 25 sterling.
3126 211 58 19 When
3203 219 14 12 oi
3225 223 7 6 <■

2804 232 112 17 remembers
2925 232 32 18 the
2966 233 54 18 smell
3033 234 106 23 beginning
3155 234 22 17 lie
3193 236 21 18 ha
3223 232 3 25 !

2804 254 61 21 when,
2873 260 22 12 as
2902 261 13 11 a
2922 260 48 18 poor
2975 256 46 23 boy,
3029 256 25 18 he
3070 257 89 18 invented,
3167 265 10 10 a
3194 265 12 16 j,
3212 268 9 8 ;:
3226 272 7 2 .

2804 277 122 18 tieularkind
2943 280 20 15 of
2981 280 122 23 mouse-trap,
3122 281 28 17 his
3168 287 44 13 suea

2805 300 52 18 reads
2864 301 40 17 like
2911 307 10 12 a
2938 307 48 18 page
3003 305 33 16 out
3053 304 19 17 of
3089 303 31 18 the

2919 325 39 18 The
2967 327 66 21 legacy
3046 325 34 19 loft
3089 329 20 14 to
3123 327 32 17 the
3169 329 49 21 yout]
3227 341 5 2 -

2805 347 26 17 ful
2841 347 62 17 Gould
2913 348 14 16 is
2942 355 19 9 so
2979 350 51 21 great
3050 349 38 18 thai
3108 356 35 11 one
3160 352 41 16 tails
3217 354 15 18 to

2804 375 57 17 grasp
2875 371 32 16 the
2920 377 99 12 enormous
3036 377 63 17 power
3114 374 29 16 for
3154 374 48 23 good
3217 371 2 26 i

2804 393 36 16 evil
2862 394 60 17 which
2940 395 111 21 necessarily
3078 401 45 18 goes
3148 397 44 17 witli
3216 400 16 17 i:.

2805 415 91 19 Whether
2903 417 47 18 such
2956 423 13 12 a
2986 418 75 18 fortune
3076 420 89 16 exercises
3181 428 9 9 a
3205 421 14 18 di

2805 439 110 24 moralising
2923 441 92 17 influence
3024 446 49 18 upon
3083 443 24 15 its
3117 449 68 12 owner,
3200 446 32 17 and

2805 461 38 17 also
2853 463 18 16 in
2882 463 43 18 turn
2935 469 50 17 upon
3000 465 31 16 the
3046 465 103 19 thousands
3164 467 19 17 of
3196 473 21 12 mi
3230 461 1 26 i

2805 485 42 18 who
2856 486 43 16 look
2909 487 45 17 with
2963 487 77 18 envious
3050 494 42 16 eyes
3103 494 48 16 upon
3158 489 32 18 the
3196 492 27 15 mil-

2804 508 83 18 lionaire,
2898 510 15 16 is
2922 512 33 15 not
2969 510 51 18 what
3033 507 31 21 we*
3077 517 80 17 propose
3170 515 20 14 to
3204 521 15 9 ;.;
3228 507 2 27 -

2804 536 47 12 swer
2859 531 38 23 just
2908 539 48 11 now.
2983 534 59 16 Then;
3050 541 35 11 can
3091 535 22 17 he
3119 541 24 11 no
3149 536 72 23 gainsaj
3227 548 6 3 -

2804 554 33 23 ing
2847 555 31 16 the
2887 556 52 16 truth
2951 557 41 16 that,
3002 560 38 14 two
3049 558 94 17 thousand
3152 559 80 21 families,

2804 578 45 16 each
2866 579 107 23 possessing
2992 580 29 17 six
3042 580 94 19 thousand
3158 583 75 21 pound-,

2804 601 63 17 would
2876 602 46 16 tend
2931 604 19 14 to
2960 609 10 10 a
2980 604 29 16 far
3017 605 75 22 greater
3100 606 109 21 proportion
3218 611 13 14 oj

2805 623 89 19 domestic
2903 625 37 17 and
2950 627 84 16 national
3043 625 101 25 happiness
3152 628 46 17 than
3213 623 4 27 i
3228 623 3 27 ,

2805 647 70 23 having
2885 654 19 10 so
2914 654 56 18 many
2980 649 81 18 millions,
3076 651 66 17 locked
3155 657 26 17 up
3194 653 18 15 in
3224 660 9 11 a

2805 670 59 19 s'mrle
2873 676 42 17 pur
2923 673 20 15 of
2951 672 84 23 pockets.

2828 694 39 16 'Die
2877 694 78 19 broader
2964 695 32 18 the
3006 696 121 18 distribution
3139 697 33 17 the
3188 703 45 11 moro

2805 718 96 15 extensive
2910 718 38 17 will
2957 718 22 18 be
2988 719 25 17 its
3021 724 96 18 currency.
3130 720 37 22 Jay
3177 721 45 17 Go:;'
3231 718 2 24 |

2805 745 38 11 was
2857 746 11 11 a
2885 744 52 15 iLUtA
2951 746 52 15 avis,
3021 742 170 24 exceedingly-so!
3213 742 21 24 T,

2805 764 50 16 most
2863 768 43 13 men
2914 764 101 19 fortune-is
3022 771 11 11 a
3049 766 91 22 stranger,
3155 768 37 16 and
3205 768 20 17 ad-

2805 785 70 24 versity
2891 794 12 9 a
2918 790 87 15 constant
3026 789 106 21 attendant,
3146 790 84 19 althou-r!

2826 811 34 15 not
2887 815 10 12 a
2908 810 64 18 bosom
2981 811 68 18 friend.
3067 813 69 18 .What,
3146 813 88 19 however,

2805 832 16 16 is
2831 832 108 23 impossible
2953 834 18 17 in
2987 835 32 16 the
3036 836 58 17 realm
3110 837 20 16 of
3143 841 68 17 money

2805 855 142 24 demonstrably
2955 857 38 17 and
3002 858 68 23 visibly
3078 860 82 21 possible
3173 860 20 17 in

2805 879 59 17 world
2873 879 21 17 of
2902 879 70 19 health,
3019 881 61 24 Every
3092 888 44 11 man
3149 888 44 17 may
3206 890 10 9 e

2804 901 33 23 joy
2847 908 11 11 a
2875 902 33 17 life
2924 904 20 17 of
2960 905 127 22 comparative
3103 905 113 19 healthfulne-

2804 925 38 17 and
2858 932 12 10 a
2887 926 75 17 fortune
2983 928 20 16 of
3023 928 76 22 vitality
3117 928 38 17 and
3170 930 50 17 anim
3233 925 1 25 I

2901 950 49 18 Such
2959 957 11 9 a
2979 950 66 25 legacy
3054 951 15 17 is
3086 952 20 16 of
3120 957 51 12 more
3186 953 48 17 valur

2804 971 46 18 than
2868 972 24 17 all
2911 973 32 16 the
2963 968 75 23 dollars*
3051 975 19 17 in
3089 975 31 17 the
3141 975 93 18 Aincric:...

2805 996 67 16 States.
2899 996 85 18 Without
2994 997 64 18 health
3068 1004 67 16 money
3144 998 31 17 isu
3184 999 47 17 dm-

2804 1019 17 15 A
2829 1024 47 16 poor
2885 1025 42 11 man
2937 1020 45 17 with
2992 1027 11 9 a
3012 1022 72 20 strong,
3094 1022 89 20 vigorous
3190 1022 33 18 bod
3231 1019 1 23 .

2804 1041 15 16 is
2828 1042 145 22 immeasurably
2983 1043 60 17 richer
3052 1043 18 18 in
3086 1045 41 17 true
3139 1044 77 24 happine-

2804 1063 47 18 than
2861 1071 11 10 a
2885 1065 113 18 millionaire
3014 1067 45 16 with
3075 1074 12 10 a
3103 1068 84 18 wrecked
3202 1076 21 10 an
3233 1063 1 24 |

2805 1089 98 16 worn-out
2919 1089 64 17 frame.
3017 1089 91 18 Warner's
3123 1092 52 16 S.U'K
3191 1092 40 17 Cun

2804 1110 53 22 helps
2866 1116 23 11 on
2908 1112 141 23 magnificently
3059 1115 19 15 to
3087 1113 31 17 the
3129 1115 89 22 acquisitii

2805 1133 20 18 of
2831 1133 35 18 the
2873 1135 84 21 greatest
2971 1136 20 16 of
3005 1135 26 19 all
3045 1136 98 22 fortunes;
3162 1144 10 10 a
3189 1138 43 18 bee.

2805 1157 80 17 without
2894 1157 71 18 disease
2972 1159 38 17 and
3019 1166 9 9 a
3045 1159 32 17 life
3092 1160 80 17 without
3189 1167 45 16 pa;-.

2807 1180 25 16 Its
2850 1180 138 19 characteristic
3003 1182 14 17 is
3031 1182 41 18 that
3090 1183 15 16 it
3121 1185 73 16 attacks
3208 1185 24 17 tl.i

2805 1205 38 15 seat
2852 1204 21 16 of
2881 1203 70 18 disease
2965 1205 37 17 and
3017 1206 78 17 fortifies
3110 1206 74 24 against
3199 1208 25 17 fin-

2805 1225 42 18 ther
2855 1226 117 21 onslaughts.

2813 1249 4 26 _
2828 1249 93 18 Warner's
2931 1252 51 16 .Sam:
2996 1252 48 16 Cure
3057 1252 71 22 always
3142 1252 51 23 gives
3210 1259 12 12 n
3228 1249 1 26 •

2805 1271 37 18 lief.
2873 1273 31 17 All
2922 1275 58 16 forms
2996 1277 20 14 of
3029 1280 80 12 nervous
3126 1271 103 30 prostiratioi

2805 1295 36 17 and
2851 1296 95 17 weakness
2954 1297 43 23 give
3001 1297 54 23 place
3062 1300 19 15 to
3089 1298 107 20 robustness
3203 1306 26 12 one

2805 1325 9 9 a
2825 1318 35 17 tine
2870 1319 78 22 healthy
2957 1320 85 23 physical
3051 1322 68 16 action.
3150 1322 18 17 It
3180 1322 41 18 elimi-

2805 1343 53 16 nates
2865 1342 42 18 uric
2914 1343 41 17 add
2973 1344 49 16 from
3036 1344 31 17 the
3083 1344 55 19 blood
3153 1346 38 17 and
3208 1346 21 18 tin

2805 1364 106 24 possibility
2919 1366 21 17 of
2947 1367 102 22 poisoning
3065 1368 32 17 the
3111 1371 76 19 system,
3203 1375 21 12 an

2805 1388 85 21 destroys
2899 1395 37 16 any
2950 1390 131 18 environment,
3095 1391 29 17 for
3138 1391 32 17 the-
3184 1391 36 19 deve-

2805 1410 84 22 lopment
2899 1413 19 16 of
2929 1413 76 17 disease.

2807 1478 425 46 CABLEGRAMS

2828 1567 90 17 London.
2928 1567 110 22 September
3046 1567 59 19 3.—A
3114 1569 47 17 fatal
3170 1575 41 11 case
3219 1576 9 10 o

2805 1590 69 17 Asiatic
2883 1590 74 17 cholera
2967 1591 34 16 has
3010 1591 88 17 occurred
3107 1593 19 16 at
3133 1592 92 18 Grimsbev

2804 1613 38 17 The
2850 1613 65 17 victim
2925 1619 38 12 was
2976 1619 11 12 a
3001 1619 43 12 man
3058 1614 100 23 employed
3174 1616 19 17 in
3206 1616 22 17 tin

2804 1635 108 18 demolition
2923 1637 20 17 of
2952 1637 31 17 the
2993 1635 32 20 old
3030 1636 79 20 Cholera
3118 1638 95 23 Hospital.

2827 1660 31 16 St.
2880 1659 140 23 PETERSBURG,
3039 1660 109 24 September
3168 1663 45 17 3.
3222 1665 6 15 .\

2804 1682 115 23 widespread
2928 1684 40 21 plot
2978 1684 76 22 against
3062 1684 33 18 the
3100 1684 47 18 Czar
3151 1684 35 19 has
3191 1685 37 18 beei

2804 1705 107 18 discovered
2920 1708 20 15 at
2949 1706 89 18 Moscow.
3064 1708 38 16 The
3111 1707 71 18 leaders
3191 1715 32 10 wei

2804 1729 88 20 arrested,
2911 1729 38 17 and
2966 1736 58 17 many
3044 1729 67 19 bombs
3131 1731 38 17 and
3189 1738 39 11 arne

2804 1751 65 17 seized.

2827 1775 90 22 SYDNEY,
2929 1776 110 22 September
3048 1778 16 16 .'i.
3066 1777 62 17 —The
3137 1778 73 17 mother
3218 1775 2 23 .

2803 1797 31 18 the
2845 1799 36 18 >rirl
2890 1798 91 23 Nicholls,
2992 1800 63 16 whose
3063 1800 51 22 body
3126 1807 38 11 was
3180 1802 41 17 foun

2803 1821 19 17 in
2830 1827 12 11 a
2851 1821 37 18 box
2898 1828 45 11 near
2952 1823 32 16 the
2993 1824 58 16 water
3060 1824 87 22 frontage
3156 1826 21 15 at
3182 1824 37 18 Woi

2803 1844 111 19 loomooloo.
2922 1845 17 16 4s
2948 1845 18 17 in
2977 1852 10 10 a
2996 1847 49 16 state
3054 1847 19 16 of
3085 1848 52 16 utter
3151 1847 70 23 eollaps<

2803 1868 38 16 The
2850 1868 82 17 horrible
2942 1869 38 16 fate
2989 1869 21 16 of
3018 1869 33 16 her
3060 1870 94 22 daughter
3162 1870 34 18 has
3203 1877 18 11 Uli

2803 1891 62 17 seated
2875 1891 34 17 her
2921 1897 71 11 reason.

2827 1914 92 17 Sheridan
2939 1915 34 17 has
2990 1915 76 23 already
3083 1915 64 19 served
3164 1924 11 10 a
3192 1917 39 19 lon.

2803 1938 87 17 sentence
2899 1938 30 17 for
2937 1944 24 11 an
2970 1938 70 19 offence
3049 1940 20 17 of
3076 1945 12 12 a
3096 1939 71 18 similar
3172 1941 50 18 natut

2803 1959 59 17 about
2872 1961 21 15 10
2902 1966 54 17 years
2971 1967 44 17 ago.
3040 1962 31 18 He
3088 1968 37 12 was
3142 1963 90 18 convicted

2803 1985 19 15 at
2831 1983 33 17 the
2873 1983 136 24 Darlingh'urst
3018 1985 58 17 Court
3084 1986 30 16 for
3120 1986 58 23 being
3192 1992 30 13 con-

2803 2006 66 17 nected
2879 2007 45 16 with
2934 2014 24 11 an
2967 2008 64 21 illegal
3041 2009 97 21 operation
3147 2010 37 17 and
3196 2016 27 12 sen-

2804 2029 66 18 tenced
2879 2031 21 16 to
2909 2032 31 15 ten
2949 2031 59 22 years!
3023 2032 150 21 imprisonment.
3207 2034 15 16 B

2803 2052 38 17 had
2850 2054 33 16 not
2892 2053 47 19 been
2949 2056 33 16 out
2991 2055 20 16 of
3024 2055 43 21 gaol
3081 2061 45 16 very
3140 2056 47 23 long
3200 2062 21 11 an
3229 2052 3 27 ;

2803 2075 33 18 has
2846 2077 89 21 occupied
2945 2078 32 17 the
2985 2077 53 22 place
3053 2079 18 16 in
3086 2079 98 18 Elizabeth
3202 2080 30 16 St..

2804 2098 28 17 for
2841 2105 10 10 a
2861 2099 36 17 few
2906 2101 76 16 months
2991 2101 51 21 only.
3067 2101 89 23 Judging
3163 2103 26 23 by
3205 2103 27 17 the

2804 2121 126 20 instruments,
2941 2122 58 21 drugs
3009 2123 37 16 and
3055 2124 110 17 documents
3179 2126 41 16 four.
3230 2121 2 22 I

2804 2144 18 16 in
2832 2144 32 16 the
2872 2143 52 23 place
2932 2150 25 11 an
2966 2145 66 22 illegal
3041 2145 78 18 medical
3128 2145 83 20 business
3216 2148 16 17 of

2804 2173 23 11 an
2837 2167 93 17 extensive,
2938 2169 68 16 nature
3015 2174 39 12 was
3062 2169 58 23 being
3133 2170 84 17 conductt
3229 2167 3 25 I

2804 2190 58 17 there.

2827 2213 65 17 Sewell
2901 2213 33 18 has
2944 2214 97 18 confessed
3050 2216 19 16 to
3086 2216 102 23 procuring
3205 2217 12 16 tl

2805 2237 36 16 box
2849 2236 37 17 and
2895 2237 78 23 helping
2982 2239 21 15 to
3011 2244 74 12 remove
3095 2239 31 17 the
3135 2239 50 23 body
3199 2246 20 10 ar

2805 2259 88 18 Sheridan
2902 2260 33 17 has
2944 2260 48 18 been
3000 2261 97 18 identified
3111 2268 20 11 as
3145 2263 33 17 the
3193 2269 26 11 ma:

2805 2283 39 16 who
2853 2282 53 17 hired
2915 2283 32 17 the
2956 2284 67 22 buggy
3032 2285 19 16 at
3064 2284 33 18 the
3111 2286 43 21 City
3168 2286 51 18 stahh

2805 2305 69 20 shortly
2883 2305 64 19 before
2956 2307 32 17 the
2997 2307 98 18 discovery
3105 2310 19 15 of
3133 2308 32 17 the
3174 2310 43 15 eriin

2826 2328 66 18 Mason
2902 2329 95 18 Brothers'
3008 2331 52 21 large
3069 2333 50 15 store
3135 2332 20 16 in
3168 2333 48 17 Sussi

2804 2352 60 17 Street
2877 2357 39 12 was
2930 2353 92 17 unroofed
3039 2354 37 17 and
3092 2355 64 21 partly
3173 2355 49 19 demo

2804 2374 57 18 lished
2870 2374 26 23 by
2905 2375 32 17 the
2945 2376 61 22 heavy
3015 2377 43 22 gale
3066 2377 85 23 blowing
3161 2379 61 17 to-day

2804 2398 57 16 Other
2869 2398 97 23 buildings
2973 2405 49 12 were
3029 2399 78 24 slightly
3113 2401 98 23 damaged.

2894 2470 235 34 TELEGRAPHIC.

2802 2530 105 21 Auckland,
2918 2532 44 19 This
2971 2533 86 22 day.—A
3074 2536 80 17 married
3171 2538 51 21 coup!

2802 2554 67 17 named
2879 2554 80 19 Clarken
2969 2557 84 23 residing
3065 2560 21 15 at
3102 2559 32 17 the
3151 2559 67 19 Thame

2802 2576 82 23 charged
2902 2579 45 17 with
2972 2580 112 23 negligence
3108 2583 78 22 causing
3205 2584 17 16 th

2801 2599 56 17 death
2872 2601 21 16 of
2902 2601 49 18 the'-
2967 2603 57 20 child,
3034 2609 48 12 were
3096 2604 59 18 found
3164 2606 58 22 guiltv

2801 2622 38 17 'Die
2849 2629 44 12 man
2902 2630 38 12 was
2949 2627 101 17 sentenced
3066 2629 20 15 to
3103 2628 42 17 four
3154 2629 71 18 months

2801 2646 37 16 and
2845 2646 32 17 the
2886 2653 74 13 woman
2969 2655 39 12 was
3024 2649 116 24 discharged,
3157 2653 20 17 to
3185 2658 39 12 com

2801 2674 26 17 up
2836 2669 29 17 for
2874 2672 87 17 sentence
2975 2673 54 16 when
3043 2673 61 18 calicd
3111 2680 31 12 on.

2824 2691 133 23 Negotiations
2966 2701 32 11 are
3014 2696 58 23 being
3086 2698 102 17 concluded
3203 2698 15 18 be-

2801 2714 61 19 tween
2870 2715 33 18 the
2912 2723 72 13 owners
2993 2720 20 16 of
3022 2720 64 20 13,000
3101 2726 51 12 acres
3168 2722 19 17 in
3204 2722 21 17 th'

2802 2737 57 18 Great
2868 2739 74 19 Barrier
2952 2742 70 20 Island,
3033 2743 61 18 which
3103 2749 37 12 was
3158 2744 67 18 worked

2801 2766 20 12 as
2830 2768 11 10 a
2850 2767 68 18 copper
2927 2764 49 18 mine
2985 2766 23 16 30
3016 2771 53 17 years
3079 2773 42 15 ago,
3131 2768 37 17 and
3174 2774 24 11 an
3207 2769 15 16 in

2801 2783 85 19 fiuential
2895 2787 80 22 English
2985 2788 103 22 syndicate.
3121 2790 38 18 The
3168 2791 57 22 buyer,

2802 2808 65 17 intend
2876 2809 86 25 working
2971 2811 32 17 the
3015 2817 69 18 copper
3100 2813 88 22 deposits,
3199 2820 26 12 anc

2801 2829 40 18 also
2849 2831 32 17 the
2890 2834 111 17 antimonial
3011 2835 60 20 silver,
3082 2836 100 22 platinum,
3192 2839 28 16 etc

2801 2853 21 16 of
2830 2854 61 18 which
2900 2856 52 18 there
2961 2864 31 10 are
2999 2858 119 19 indications.

2824 2876 47 18 New
2888 2878 109 23 Plymouth,
3024 2881 43 18 This
3084 2882 42 23 day.
3168 2884 57 17 Honn

2802 2899 101 23 Hayward,
2914 2903 50 18 clerk
2973 2906 19 15 to
3002 2905 32 16 the
3051 2905 110 23 Inglcwood
3178 2902 47 22 Towi

2801 2922 68 21 Board,
2877 2924 34 18 has
2919 2926 47 17 been
2975 2928 83 17 arrested
3070 2934 25 12 on
3111 2935 11 11 a
3138 2929 69 23 charge
3216 2933 9 15 oi

2801 2945 150 22 embezzlement.

2824 2968 122 26 Wellington,
2957 2972 44 18 This
3017 2973 93 22 day.—ln
3125 2975 31 17 the
3171 2975 61 18 House

2802 2991 37 17 last
2846 2993 56 22 night
2911 3001 10 10 a
2930 3001 85 18 message
3029 3001 38 13 wiis
3087 2998 82 17 received
3187 3000 44 15 from

2801 3014 32 17 the
2848 3015 115 23 Legislative
2977 3019 78 17 Council
3069 3020 89 23 insisting
3172 3027 25 12 on
3210 3022 12 17 it

2801 3038 129 21 amendments
2939 3041 19 17 in
2967 3042 33 17 the
3013 3042 74 19 Familv
3101 3043 71 19 Homes
3187 3045 35 17 Pro

2801 3061 68 18 toction
2886 3063 44 18 Bill.
2963 3065 31 16 Mr
3016 3065 19 17 J.
3051 3066 102 18 McKenzie
3168 3068 63 17 movwi

2801 3083 42 17 that
2851 3085 32 17 the
2892 3087 66 17 House
2966 3088 55 18 insist
3036 3095 25 11 on
3075 3090 26 16 its
3114 3096 75 12 reasons
3207 3092 25 16 for

2802 3106 118 26 disagreeing
2928 3110 46 18 with
2987 3111 32 18 the
3033 3113 127 17 amendment.
3191 3114 33 17 Thi
3230 3106 2 26 •

2802 3134 37 13 was
2847 3134 69 19 agreed
2925 3135 26 16 to.

2824 3153 38 18 The
2870 3157 110 18 conference
2989 3159 21 16 of
3017 3164 99 18 managers
3131 3160 47 18 from
3187 3161 43 17 both

2801 3175 73 21 Houses
2883 3185 24 12 on
2916 3180 33 17 the
2957 3182 54 16 Bank
3024 3182 38 17 Bill
3076 3182 33 17 has
3125 3183 74 19 arrived
3215 3185 15 16 a'.

2801 3204 23 11 '*n
2833 3206 114 17 agreement,
2957 3204 38 17 and
3004 3204 32 18 the
3044 3205 39 18 Bill
3091 3206 39 17 will
3142 3207 88 22 probably

2801 3222 23 17 be
2831 3225 35 19 put
2874 3225 85 24 through
2968 3227 25 17 its
3002 3228 46 17 final
3055 3230 69 21 stages.

1192 69 57 20 THE
1277 70 59 21 HOT
1362 68 94 23 LAKES
1483 67 173 26 CHRONICLE,
1686 69 189 24 WEDNESDAY,
1905 71 167 20 SEPTEMBER
2100 74 19 19 4,
2137 72 49 18 1895

111 239 71 23 [•UIOK
195 238 137 18 STEAMSHIP
348 235 115 21 COMPANY
481 234 28 17 OF

164 259 57 19 NEW
233 260 115 17 ZEALAND
356 259 79 17 Limited.

139 292 252 18 w!minws>i»i>anmTW

214 329 48 14 i-Olt
274 327 87 16 SYDNKJ

80 364 131 20 Makajouri,

79 388 120 19 Taraweba,
210 384 51 20 Wedi

79 480 107 16 MAunuFTM
195 483 50 16 every
257 480 50 13 linn-
317 480 25 18 loy

78 501 120 20 Australia,
209 498 123 24 Wednesday,
344 498 50 23 Sept.
405 499 16 20 4,
432 498 9 17 5
451 502 45 18 p.m.

77 524 53 20 Moa,
140 522 122 23 Wednesday,
270 522 109 22 September
386 522 26 20 11,
424 523 7 14 '>
439 525 46 18 p.m.

141 565 79 16 Reduced
229 566 44 15 faros
281 570 27 10 are
318 571 38 9 now
365 565 16 16 in
391 564 51 15 f»ri'e.

78 586 89 18 Auckland
174 586 67 16 Branch
292 585 104 17 Palmerston
410 585 91 21 Buildings

119 732 119 23 TJDDAET,
263 733 111 20 PARKER,
395 733 54 17 AND
471 732 36 18 CO.

239 757 107 22 (limited),

153 803 59 18 NEW
225 803 84 18 STEAM
322 802 108 19 SERVICE

80 835 127 30 Bringing
216 835 62 23 Low
285 835 78 23 Fares
373 836 55 22 into
440 834 68 23 force

101 884 94 23 Splendid,
205 884 160 23 Well-appointed
372 885 92 16 Steamers
470 882 37 17 will

76 908 24 18 bo
108 908 113 22 despatched
230 908 48 17 from
287 908 118 19 AUCKLAND,
415 913 20 11 as
449 905 59 18 under

76 931 89 22 (weatlier
182 931 37 17 und
238 931 54 17 other
309 931 140 18 circumstances
465 934 31 18 per-

77 954 84 23 mitting)
169 960 27 11 :

76 978 42 17 Fob
124 976 134 20 GISBORNE,
265 976 103 18 NAPIER,

98 1000 57 20 TON,
165 999 157 20 LYTTELTON,
332 1000 14 16 &
356 998 127 20 DUNEDIN,

76 1024 113 16 Tasmania.
198 1023 14 21 ..
220 1023 109 20 .TUESDAY,
341 1023 50 21 Sept.
401 1023 25 17 10,
438 1026 57 12 noon.

76 1047 99 19 Anglian,
182 1045 2 22 .
193 1046 108 20 .Tuesday,
311 1045 51 22 Sept.
370 1045 28 21 24,
410 1046 20 15 10
439 1050 44 11 a.m.

202 1091 50 17 FOR
266 1091 111 19 SYDNEY,

121 1115 114 23 (Returning
247 1116 19 16 to
275 1114 97 17 Auckland
381 1113 79 23 Direct.)

75 1138 92 22 Carrying
187 1137 112 22 Passengers
321 1138 28 15 for
371 1136 133 21 MELBOURNE,

87 1162 53 16 other
145 1162 131 17 Australian
283 1161 70 18 Pouts,
360 1160 37 17 and
403 1159 91 20 Hobart,

75 1190 92 16 Anglian
238 1188 98 19 Monday,
347 1188 50 21 Sept.
411 1189 17 18 it,
443 1187 10 16 3
460 1192 45 17 p.m.

75 1213 111 16 Tasmania.
196 1211 25 22 ...
228 1211 99 20 Monday,
341 1211 50 22 Sept.
400 1211 27 19 i>;s,
440 1212 10 14 4
460 1215 45 18 p.m.

97 1239 78 22 Freight
184 1239 37 16 and
230 1239 90 22 Passages
333 1240 20 15 at
366 1241 79 14 LOWEST
458 1240 36 14 CUR-

75 1266 52 14 RENT
140 1265 68 15 RATES.

97 1286 72 16 Return
178 1284 73 17 Tickets
258 1284 91 17 available
355 1284 29 17 for
389 1284 28 17 six
424 1282 80 18 months.

173 1313 22 17 L.
209 1313 23 17 D.
242 1312 107 18 NATHAN
362 1313 14 16 &
390 1312 45 19 CO.,

104 1400 210 46 Visitors
353 1399 119 45 List.

72 1538 32 17 Mr
112 1536 99 23 Tliornlcy,
222 1536 75 22 Sydney

108 1561 40 17 Mrs
159 1560 38 16 and
205 1560 72 16 Master
285 1558 110 23 Brakenrig,
406 1555 98 21 Auckland

106 1583 70 20 Norris,
186 1583 37 17 Los
233 1582 76 22 Anglos,
320 1581 103 18 California

74 1606 28 17 Dr
110 1607 60 21 Barry
178 1606 21 17 T.
210 1606 79 19 Russell,
299 1605 76 22 Sydney

191 1644 70 22 Lake
277 1644 94 22 House.

74 1680 32 17 Mr
115 1679 63 19 Black,
188 1678 79 18 London

109 1702 56 20 Gask,
175 1701 89 23 England

109 1724 119 21 Sutherland,
238 1724 82 17 Hawkos
327 1723 42 22 Bay

108 1749 19 17 J.
138 1748 68 21 Carrie,
221 1747 98 17 Auckland

109 1771 51 18 John
170 1771 63 20 Jones,
260 1783 11 9 ~

109 1795 39 17 Jas.
157 1794 59 17 Jones
260 1806 11 8 ~

108 1817 67 20 Foder,
259 1829 12 8 ~

109 1841 70 19 Potter,

184 1889 53 23 The
250 1887 139 30 Langham.

75 1926 31 16 Mr
114 1924 114 20 Hammond,
239 1923 98 17 Auckland

109 1948 83 19 Butters,
202 1946 132 18 Christchurch

110 1970 89 19 Gibbons,
209 1969 99 18 Auckland

109 1995 96 21 Seymour,
221 1992 99 18 Auckland

109 2017 102 20 Robinson,
220 2015 99 18 Auckland

185 2040 101 21 Tauranga

110 2063 107 19 Tarawhiti,
227 2061 98 18 Auckland

75 2086 64 23 Judge
147 2086 78 20 Wilson,
234 2084 99 19 Auckland

185 2131 116 23 Rotorua
315 2131 84 23 Hotel.

76 2168 40 17 Mrs
132 2166 72 21 Butler,
221 2165 99 18 Auckland

75 2190 64 21 Judge
152 2189 43 20 Gill,
209 2189 101 22 Tauranga

76 2214 32 16 Mr
115 2214 59 18 Boon,
184 2208 100 22 Anckland

110 2237 45 20 Grej
155 2235 4 22 -
162 2235 3 22 ,
175 2235 100 18 Auckland

110 2260 22 16 E.
143 2260 21 15 P.
174 2258 139 21 Goldsbrough,
322 2256 99 18 Auckland

110 2282 25 17 H.
145 2282 88 19 Wallace,
246 2281 99 17 Auckland

110 2305 71 20 Butler,
191 2303 117 23 Wellington

112 2328 29 17 W.
150 2327 102 20 Robinson,
261 2328 80 16 Galatea

150 2351 49 22 igan,
217 2350 61 18 Ohiwi

211 2404 160 24 ROTORUA.

534 206 58 40 HIT.
620 205 137 41 HOBSON
792 203 167 45 NURSERY,

558 259 171 28 REMUERA,
746 257 188 27 AUCKLAND,

637 296 59 22 [LONG
705 293 152 23 JiSTALLIsnED.]

532 323 60 47 SU
600 323 18 19 P
625 323 17 21 P
650 324 16 18 L
674 324 11 18 I
694 323 18 19 E
720 324 13 19 S
744 323 103 20 advanced
856 321 59 20 Fruit
922 320 39 19 and

591 350 132 19 Ornamental
738 350 66 18 Trees.

559 381 75 20 Native
644 381 73 18 Plants
727 380 40 19 and
776 380 69 21 Perns,
861 377 100 25 prepared

531 408 32 18 for
574 408 86 24 sending
670 409 21 18 to
702 407 27 19 all
739 408 56 23 parts
813 410 21 13 or
848 404 34 18 the
899 402 62 20 world

532 434 49 18 with
591 432 208 24 success—including
809 431 35 18 the
851 429 110 19 handsome

531 460 76 23 species
616 460 21 18 of
647 459 124 19 Tree-Ferns
780 457 21 19 of
809 457 56 18 these
873 455 87 21 Islands,

531 486 40 18 and
581 485 27 19 all
618 486 58 18 other
686 485 59 19 items
758 482 94 26 required
860 481 27 25 by
902 480 50 20 culti-

531 514 73 16 vators.

558 538 86 19 Current
662 536 85 19 circular
766 533 114 20 forwarded
895 538 26 14 on
931 538 20 13 re-

531 564 53 25 ceipt
593 564 21 18 of
625 563 89 19 address.

562 616 48 46 C.

681 949 57 20 ASK
753 948 55 20 FOR

529 998 429 50 HANCOCKS'

651 1073 184 21 CELEBRATED

708 1125 86 33 XXXX

638 1181 209 52 ALES,

658 1250 58 15 MADE
724 1249 54 15 FROM
788 1248 41 14 THE

530 1287 116 32 FINEST
672 1285 87 33 MALT
780 1284 63 32 AND
861 1282 95 38 HOPS,

566 1381 52 13 FREE
630 1379 55 16 FROM
698 1380 39 13 ALL
750 1379 127 13 ANTISEI'TICS
890 1378 25 14 OR

632 1416 140 14 DELETERIOUS
790 1416 63 14 ACIDS.

529 1479 137 33 CAPTAIN
689 1478 83 33 GQQK
790 1478 166 37 BREWERY,

630 1528 193 20 NEWMARKET.

553 1588 174 24 WYNYARD
741 1587 191 29 &PURCHAS,

587 1623 130 19 Barristers
724 1629 42 13 and
778 1623 122 21 Solicitors,

528 1653 84 26 Temple
620 1653 120 24 Chambers,
748 1653 59 26 High
814 1654 29 23 St,
851 1651 106 21 Auckland

620 1711 52 19 have
682 1717 72 19 money
764 1714 20 16 to
794 1710 47 20 lend
853 1718 26 11 on
896 1709 61 20 Mort-

560 1737 11 18 T
616 1743 53 19 gage
679 1738 21 18 of
715 1736 100 21 Freehold
831 1736 40 19 and
886 1736 60 19 Lease-

527 1762 48 19 hold
585 1767 95 22 property
690 1766 21 16 at
721 1766 81 17 current
812 1766 60 15 rates.

585 1816 114 47 FOR
729 1815 163 47 SALE.

532 1941 25 21 JL
592 1952 40 20 era,
644 1946 40 18 and
694 1945 136 19 Government
840 1945 40 18 size
893 1945 64 21 Posts,

526 1971 22 19 in
559 1978 40 18 nny
610 1972 102 24 quantity,
723 1971 101 19 delivered
834 1973 20 16 to
865 1977 38 17 any
913 1974 46 21 part

526 1997 21 19 of
559 1998 34 19 the
602 1997 181 25 district.—Apply
795 1999 22 16 at
827 1997 34 18 the
873 1997 86 18 Auction

526 2022 63 22 Mail.

709 2058 20 19 J.
748 2057 27 18 H.
789 2056 118 19 TAYLOR.

544 2155 397 37 H.W.MITCHKLL,

625 2206 116 23 3utl)oriscl>
752 2205 110 26 J&urbcgot,

672 2242 142 24 ROTORUfI.

583 2359 80 18 .STOCK
677 2359 14 18 &
705 2358 196 22 SHAREBROKER,

529 2401 60 17 LAND,
603 2402 75 13 ESTATE
691 2402 42 13 AND
747 2402 121 13 COMMISSION
887 2401 72 17 AGENT,

528 2435 36 18 No.
574 2435 28 21 82,
613 2435 132 19 Qucon-strect
754 2434 79 23 (Arcudo
846 2433 113 25 Buildings,)

77 2484 424 86 Langham.

99 2581 49 23 (One
154 2580 87 17 minute's
251 2580 48 17 walk
308 2580 48 17 from
362 2580 33 17 the
401 2580 72 17 Govern-

226 2605 53 15 mcnt
287 2602 75 23 Butbß.)

194 2671 191 23 T6RMS:

106 2708 45 23 35s
157 2714 47 23 per
221 2707 88 28 week;
327 2707 30 22 6s
371 2712 45 23 per
424 2705 58 30 day.

108 2738 60 23 Two
177 2737 89 24 weeks
275 2744 28 15 or
313 2737 98 29 longer,
427 2735 55 23 30s.

115 2799 28 31 C.
175 2798 135 31 HAWKER
336 2796 139 37 WILSON,

203 2837 185 21 PROPRIETOR.

96 2944 56 53 H.
181 2941 313 55 STEWART

108 3031 56 21 HAS
176 3031 113 20 OPENED
307 3030 49 20 HIS
371 3029 113 22 SALOON,

84 3083 76 20 NEXT
176 3082 75 20 DOOE
263 3082 34 20 TO
310 3082 42 19 MR
369 3080 142 22 SAMSON'S.

122 3187 89 19 Setting
223 3186 82 19 Razors
316 3192 14 13 a
344 3186 122 19 Specialty.

85 3237 239 48 KUSABS
355 3236 155 47 BROS

190 3306 217 33 MAMAKtr

82 3355 74 42 SAW
171 3355 26 41 &
222 3354 152 42 PLANING
395 3353 117 41 MILLS,

85 3424 269 24 MOUNTHIN
376 3423 137 25 Rl7«t:\7,

88 3499 133 23 GENUINE
234 3499 59 20 DRY
308 3499 80 20 LAND
404 3497 112 21 TIMBER

190 3533 30 18 IN
231 3533 53 18 THE
296 3533 114 18 MARKET.

89 3580 18 6 -
119 3579 96 19 'ESSES
233 3579 98 18 KUSABS
348 3579 70 17 BROS,
431 3578 39 22 beg
486 3582 29 13 re-

131 3603 9 21 L
162 3602 102 23 spootfully
269 3604 19 15 to
295 3603 70 16 inform
373 3603 33 16 the
418 3601 67 18 Public
496 3602 21 17 of

89 3627 78 16 Koturua
174 3624 35 17 and
216 3624 73 21 vicinity
296 3626 38 14 that
343 3626 40 19 they
397 3625 43 15 have
456 3626 48 14 estab-

89 3648 54 16 lished
151 3652 11 10 a
170 3645 43 21 yard
221 3646 17 14 in
251 3645 124 19 Hinemoa-3t.,
384 3646 33 15 and
431 3650 32 10 can
476 3650 38 10 now

89 3669 62 20 supply
159 3667 29 16 the
195 3667 51 15 6nest
254 3666 43 15 class
311 3667 18 15 of
343 3666 82 21 Building
436 3666 79 15 Materia]

89 3690 19 15 in
115 3690 29 15 the
151 3688 75 16 Market.
242 3687 18 15 It
267 3687 15 16 is
289 3692 26 10 urn
322 3687 68 20 quailed
397 3688 17 14 in
423 3687 93 20 durability

92 3711 33 15 and
132 3709 103 21 impervious
243 3710 18 14 to
270 3708 28 16 the
307 3708 66 16 attacks
388 3708 19 15 of
419 3708 50 15 borer
484 3708 33 15 and

90 3731 32 20 dry
132 3732 32 15 rot.
186 3730 53 16 Their
247 3729 82 16 sawmills
337 3734 28 11 are
372 3728 49 16 fitted
431 3728 42 16 with
488 3728 29 16 the

91 3754 45 13 most
144 3751 68 16 modern
221 3751 96 20 appliances
327 3750 33 16 and
369 3750 28 15 the
405 3750 38 15 firm
455 3749 15 16 is
480 3749 37 16 able

91 3776 19 12 to
124 3772 62 21 supply
202 3777 33 15 any
251 3772 80 20 quantity
346 3771 19 16 of
378 3770 38 21 Dry
435 3770 83 20 Building

92 3793 80 17 Material
180 3798 22 10 on
210 3793 29 15 the
247 3793 74 15 shortest
328 3793 62 15 notice.

93 3834 138 29 Skirtings,
238 3834 177 27 Architraves,
419 3833 83 24 Mould-

128 3865 67 28 ings,
207 3865 51 22 and
266 3864 110 23 Dressed
385 3864 103 23 Timber

158 3895 29 22 of
194 3901 79 23 every
287 3894 165 30 description,

184 3923 107 31 Always
301 3932 33 16 on
343 3924 83 23 Hand.

122 3957 117 24 HENAU
249 3958 106 23 HOUSE
364 3956 128 25 BLOCKS.

113 4005 50 17 Price
170 4004 48 16 Lists
224 4009 22 10 on
254 4005 103 20 application
365 4005 20 16 to

90 4033 225 36 KUSABS
349 4033 169 37 BEOS.,

166 4075 117 18 MAMAKU
295 4079 25 13 or
332 4075 113 18 OHAUPO.

219 4103 26 18 Or
254 4104 20 16 at
281 4103 32 17 the
325 4104 68 20 Yards,

115 4131 124 20 HINEMOA
251 4130 100 21 STREET,
371 4129 126 19 ROTORUA.

563 2530 164 32 CLEARING
753 2530 62 32 OUT
845 2530 82 31 SALE

731 2568 32 17 OF

589 2598 142 24 WINTER
740 2597 159 25 DRAPERY

556 2664 150 20 HOWARD'S
729 2664 91 20 COMET
840 2664 94 20 HOUSE

530 2702 44 19 Will
583 2703 87 18 continue
677 2703 29 18 for
712 2704 10 17 3
729 2703 90 17 WEEKS
825 2703 72 23 longer.
912 2703 36 18 Fur-

530 2729 42 19 ther
580 2731 107 17 reductions
695 2731 19 16 in
723 2731 56 22 price.
804 2731 17 16 A
830 2730 26 17 lot
871 2731 20 17 of
905 2730 42 19 Rem-

531 2759 55 18 nants
594 2759 37 17 and
640 2758 73 19 Ladies'
727 2759 36 17 and
772 2759 105 18 Children's
882 2759 78 21 Ulsters,

530 2787 56 20 Hats,
597 2789 21 16 &(
620 2796 16 12 :.,
647 2791 69 15 UNDEIt
729 2792 46 13 COST
788 2792 64 13 TltlCE.

620 2838 247 43 NOTICE.

535 2972 196 31 FRANKTON
755 2972 207 32 JUNCTION

697 3013 113 32 HOTEL.

566 3124 172 22 IASSENGEES
752 3125 28 24 by
795 3125 54 19 train
863 3126 21 18 to
899 3125 64 19 Auck.

724 3151 55 19 land.

534 3244 71 20 Trains
627 3246 45 24 stop
692 3246 75 24 twenty
786 3245 87 19 minutes
891 3248 21 17 at
931 3246 34 20 the

580 3270 106 20 Frankton
694 3271 97 19 Junction
801 3271 32 19 for
842 3271 78 19 dinner.

559 3296 43 20 The
625 3297 137 25 undersigned
789 3296 38 20 Jms
857 3297 109 20 first-class

535 3321 64 20 Meals
611 3322 63 25 ready
684 3323 40 19 and
734 3323 70 18 served
814 3328 27 14 on
854 3323 75 20 arrival
945 3325 21 18 of

535 3347 27 20 all
572 3348 70 20 trains.

535 3395 217 48 William
764 3397 198 55 Geateh,

589 3467 319 23 PROPRIETOR.

537 3509 147 24 Hancock's
691 3509 98 24 XXXX
795 3509 63 23 Ales
867 3510 99 29 always

667 3542 33 17 on
710 3535 126 30 Draught.

538 3590 163 43 ROTORUA
722 3590 92 42 BOOT
835 3590 26 42 &
877 3590 89 42 SHOE

688 3637 126 42 DEPOT.

595 3708 45 52 J.
663 3707 245 52 LARKIN.

541 3963 18 19 A
577 3963 67 26 Large
663 3966 61 20 Stock
743 3967 21 19 of
781 3967 93 24 German,
891 3966 77 20 French

608 3990 41 19 and
658 3991 91 20 Colonial
758 3993 62 19 Boots
830 3993 75 25 always

703 4019 21 17 in
740 4018 67 20 Stock.

541 4046 67 21 BEBT
615 4047 152 21 MATERIAL.
802 4049 68 20 BEST
875 4049 93 20 WORK.

618 4079 158 20 AUCKLAND
785 4080 106 21 PRICES.

541 4125 162 26 Hand-sewn
712 4128 79 25 Boots
800 4135 16 18 a
830 4129 138 30 Specialty.

983 133 169 24 MONEY
1194 145 48 12 xv
1284 145 128 14 A,xi«x>

1181 161 32 17 AT

1097 184 102 23 Lowest
1211 184 88 24 Rates.

1065 233 63 23 Apply
1137 234 20 16 to
1166 239 37 16 any
1211 233 52 18 office
1272 235 20 15 nf
1300 235 33 17 the

983 256 179 19 GOVERNMENT
1192 256 148 19 INSURANCE
1369 257 30 17 DE-

1122 279 146 18 PARTMENT.

1098 326 18 17 J.
1130 326 25 17 H.
1169 326 174 20 RICHARDSON',

1241 348 149 19 Commissioner.

983 416 293 46 Ehrenfried
1292 418 121 45 Bros

1126 494 144 25 BREWERS,

1061 526 110 21 ALBERT
1186 527 148 25 BREWERY,

1007 569 216 25 QUEEN-STREET,
1237 570 158 20 AUCKLAND

1004 631 68 17 WINE
1084 631 50 17 AND
1147 631 79 17 SPIRIT
1237 631 155 20 MERCHANTS,

1026 658 123 17 BOTTLERS
1160 659 51 16 AND
1227 658 145 20 IMPORTERS,

1070 687 27 18 43,
1112 691 130 11 QOKEU-STREET
1259 690 69 13 VfHixr.

1076 737 51 12 TBIZE
1140 738 57 10 MI-H.VI,
1208 738 35 11 AND
1254 737 70 12 i^WAESS

983 769 24 16 At
1016 768 28 17 the
1059 769 91 20 following
1166 768 111 16 Exhibitions
1291 768 28 15 for
1327 772 32 11 our
1366 767 39 16 well-

1079 790 62 16 known
1155 789 45 16 Bulk
1208 789 33 15 and
1249 788 69 16 Bottled

1096 815 48 17 ALE
1155 815 51 16 AND
1216 813 86 19 STOUT:

983 846 70 20 Sydney
1061 844 125 17 International
1194 844 107 18 Exhibition,
1312 844 49 16 1879.

983 867 102 15 Melbourne
1094 865 126 16 International
1226 865 108 18 Exhibition,
1343 865 70 16 1880-81

983 888 43 16 New
1034 887 74 16 Zealand
1115 886 94 16 Industrial
1213 886 108 19 Exhibition,
1326 885 77 22 Welling-

1026 912 35 14 ton.
1074 909 46 15 188.').

983 930 43 17 New
1046 928 74 17 Zealand
1135 928 33 16 and
1182 929 53 15 South
1247 929 42 16 Seas
1305 928 108 17 Exhibition.

1025 950 87 17 Dunedin.
1124 950 78 16 1889-90.

983 973 21 16 In
1014 972 76 17 addition
1099 974 16 13 to
1126 971 53 16 above
1188 971 42 15 havo
1247 971 42 16 been
1304 971 79 16 awarded
1397 973 18 14 at

1025 993 105 16 Taemanian
1162 992 108 20 Exhibition,
1298 992 115 20 Launceston,

1027 1015 78 15 1891-92.

1068 1039 58 17 FIVE
1137 1039 70 16 FIRST
1223 1039 105 17 AWARDS

983 1108 67 17 BULK
1064 1107 111 17 BOTTLED
1190 1106 59 16 ALES
1267 1107 52 16 AND
1336 1107 79 16 STOUT

1176 1136 47 20 Also,

1070 1168 249 32 CHAMPIONSHIP

1011 1214 64 23 Gold
1088 1213 86 24 Medal
1185 1214 27 23 of
1223 1214 166 23 Australasia

1074 1335 73 21 Having
1155 1341 10 10 a
1176 1335 57 21 Large
1241 1336 52 16 Stock
1301 1336 18 17 of

1094 1365 48 16 ALE
1154 1366 50 16 AND
1216 1366 82 20 STOUT,

981 1397 68 16 Bottled
1058 1397 17 16 in
1083 1399 51 17 quart
1144 1397 33 15 and
1193 1397 37 20 pint
1244 1397 68 19 bottles,
1329 1403 35 15 spe<

980 1418 68 17 brewed
1056 1418 27 16 for
1091 1417 28 18 t!\a
1129 1423 73 11 summer
1211 1418 53 19 trade,
1275 1418 56 18 whioh
1338 1425 28 10 an;

980 1440 105 20 thoroughly
1100 1440 78 18 natured,
1190 1444 31 12 oan
1237 1439 42 17 with
1292 1445 51 15 every
1357 1446 9 10 c

980 1462 52 15 dence
1044 1461 106 16 recommend
1165 1466 45 10 same
1226 1463 17 14 to
1257 1465 109 13 cQUnoiSseut

980 1483 53 15 ccond
1041 1484 17 14 to
1067 1487 44 11 none
1120 1483 18 14 iu
1147 1481 29 17 the
1184 1481 71 22 Colony.

997 1600 9 18 f
1023 1598 56 20 BEG
1089 1601 20 16 to
1119 1601 68 16 return
1197 1605 33 18 my
1245 1599 76 19 sincere
1338 1598 75 19 thanks

997 1619 9 27 L
1035 1628 21 16 to
1066 1624 27 19 all
1103 1624 58 19 those
1175 1625 44 19 who
1237 1625 73 26 signed
1326 1624 35 19 the
1379 1631 23 19 ap-

981 1652 96 25 plication
1087 1650 20 19 in
1118 1656 33 19 my
1161 1652 57 18 favor
1226 1651 31 19 for
1274 1652 139 25 appointment

981 1685 21 13 as
1013 1676 128 26 telephonist.

1192 1701 19 20 J.
1223 1701 27 20 IT.
1261 1702 99 19 LAKIN.

1049 1760 162 25 COTTAGES
1225 1763 39 22 TO
1278 1762 69 23 LET.

983 1813 84 47 ONE
1079 1813 144 22 Four-roomed
1234 1823 26 13 on
1271 1817 34 19 the
1320 1815 94 19 Utuliina

1055 1840 71 19 Creek.

981 1867 42 18 One
1034 1866 139 20 Two-roomed
1183 1867 21 19 in
1214 1867 124 19 Ohinemutu
1350 1872 51 15 town-

981 1893 52 25 ship.

1008 1919 40 19 Eur
1058 1919 120 26 particulars
1190 1920 66 24 apply,

1166 1945 33 21 W.
1218 1945 115 23 ROGERS,

1208 1972 102 19 Ilinemoa
1323 1973 64 19 Store.

1082 2025 136 19 PUKEHOA
1233 2024 82 20 ITALL.

1140 2076 113 24 GRAND

1005 2104 254 40 SUBSCRIPTION
1288 2104 99 41 BALL.

983 2164 73 18 Usira:
1065 2168 40 13 the
1114 2164 122 18 Patronage
1245 2168 25 14 of
1278 2164 20 18 C.
1307 2164 106 21 Maxfroy,

1142 2187 53 20 Esq.,
1209 2187 45 18 C.E.

983 2217 30 22 (In
1022 2217 31 16 aid
1067 2217 19 15 of
1103 2215 32 18 the
1152 2215 84 19 Rotorua
1252 2216 91 18 Amateur
1359 2217 56 17 Brass

1165 2239 67 23 Band.)

1103 2261 44 18 take
1155 2262 52 23 place
1216 2262 18 17 in
1248 2262 32 18 the
1294 2263 59 16 above
1363 2262 51 19 Hall,

999 2288 10 16 T
1017 2288 10 16 T
1070 2291 24 11 on
1103 2285 122 23 Wednesday,
1241 2285 109 23 September
1366 2285 49 19 18tli.

1006 2309 30 17 Mr
1045 2308 88 17 Landells
1143 2309 37 16 will
1189 2308 72 24 preside
1270 2311 20 15 at
1305 2308 33 18 the
1352 2308 63 24 piano.

1056 2336 72 20 'ancing
1136 2338 20 15 to
1165 2341 105 13 commence
1280 2339 21 15 at

983 2422 143 44 TENDERS
1140 2429 31 10 arc
1185 2422 71 17 invitod
1270 2422 30 17 for
1314 2422 102 24 supplying

1046 2446 33 17 the
1086 2445 73 22 Supper
1168 2446 20 16 at
1197 2446 31 16 the
1237 2445 131 23 Subscription
1375 2446 41 16 Ball

983 2471 19 15 to
1011 2469 23 17 he
1043 2469 44 17 held
1096 2474 24 11 on
1129 2469 32 17 the
1173 2469 42 17 18th
1223 2469 44 17 inst.
1298 2469 82 17 Tenders
1397 2471 19 15 to

982 2492 23 19 be
1013 2492 71 22 lodged
1097 2492 25 21 by
1131 2492 32 18 the
1174 2492 42 17 12th
1230 2492 43 17 inst.
1307 2492 64 23 Apply
1388 2493 28 16 for

983 2516 25 16 all
1016 2515 112 22 particulars
1138 2518 19 14 to
1166 2515 31 17 tlie
1206 2515 51 17 Hon.
1269 2514 38 19 Sec.

1179 2538 18 17 J.
1211 2539 28 16 W.
1253 2538 116 18 WEBBER.

1062 2584 159 22 PUKEROA
1238 2583 92 24 HALL

995 2634 106 19 FRIDAY,
1116 2633 153 17 SEPTEMBER
1286 2635 45 18 Gth,
1354 2634 50 16 1895.

984 2679 24 18 In
1021 2684 35 13 aid
1070 2684 24 12 of
1105 2684 42 12 the
1161 2679 156 19 Presbyterian
1331 2680 85 17 Church

1108 2702 101 17 Building
1223 2703 65 17 Fund.

1067 2730 158 19 BRAKENRIG,
1241 2730 97 21 Secretary
1352 2730 19 17 of
1385 2730 33 17 the

991 2753 43 20 LTJL
1060 2753 99 17 Auckland
1168 2753 107 20 Y.M.C.A.,
1293 2753 38 17 will
1348 2753 70 17 deliver

984 2783 11 10 a
1003 2777 70 16 lecture
1082 2776 20 17 in
1110 2776 32 18 the
1151 2776 85 17 Pukeroa
1245 2776 52 21 Hall,
1314 2782 24 12 on
1347 2776 71 22 Friday

984 2800 86 22 evening.

984 2827 86 22 Subject:
1084 2827 94 17 AFRICA
1190 2831 41 12 and
1241 2831 40 14 the
1290 2826 128 19 AFRICANS

1008 2855 38 16 The
1060 2854 80 17 Lecture
1154 2854 38 17 will
1208 2855 23 16 be
1247 2854 107 17 illustrated
1371 2853 46 18 with

984 2883 101 11 numerous
1093 2877 92 17 beautiful
1199 2877 87 17 coloured
1300 2877 63 20 views,
1381 2877 37 17 and

985 2900 38 17 will
1032 2900 23 18 be
1063 2900 125 22 interspersed
1196 2900 25 22 by
1229 2900 54 18 vocal
1295 2900 38 18 and
1347 2900 60 18 instru-

985 2923 71 18 mental
1065 2923 103 17 selections.

986 2947 118 19 Admission,
1116 2946 40 17 On>
1172 2946 87 22 shilling;
1274 2946 94 21 Children,
1387 2946 30 17 6d.

1009 2970 60 16 Doors
1078 2975 48 16 open
1135 2970 19 17 at
1163 2970 46 16 7.30.
1234 2970 111 18 Commence
1352 2970 20 17 at
1377 2970 17 16 8.

1048 3015 166 32 FOOTBALL
1234 3015 122 32 MATCH.

987 3071 186 28 SATURDAY,
1187 3070 197 24 SEPTEMBER
1396 3071 22 23 7.

987 3120 44 42 A
1043 3120 71 17 TEAM
1135 3120 129 22 representing
1286 3121 33 16 the
1340 3120 80 17 Maketu

1055 3142 48 18 Club
1112 3143 39 17 will
1159 3143 44 22 play
1211 3144 75 22 against
1294 3144 33 17 the
1335 3144 85 17 Rotorua

987 3166 116 17 Footballers
1112 3171 24 12 on
1146 3167 32 16 the
1192 3167 87 17 Pukoroa
1295 3166 83 23 grounds
1395 3172 25 12 on

987 3189 31 17 the
1027 3189 59 17 above
1095 3188 49 18 date.

987 3217 123 16 Admission:
1128 3215 73 21 Adults,
1218 3216 28 22 >bj
1261 3215 95 21 Children,
1373 3217 45 17 free.

1159 3243 19 18 J.
1191 3243 29 18 W.
1232 3243 117 21 WEBBER,

1295 3267 51 18 Hon.
1356 3266 40 18 Sec.

972 4224 102 40 Ask
1099 4226 74 40 for
1197 4226 269 45 Hancock's
1494 4232 284 44 Celebrated
1803 4236 190 40 XXXX
2017 4237 113 39 Ales
2157 4239 94 37 and
2276 4238 145 39 Stout.

2867 3307 151 21 LASSITUDE,

2891 3332 148 21 TORPIDITY,

2915 3354 66 19 SOUR
2991 3355 127 23 STOMACH,

2939 3379 175 22 INDIGESTION,

2961 3401 152 22 HEADACHE,

2800 3442 13 8 _,
2825 3443 6 8 ,
2984 3424 146 22 BACKACHE.
3145 3428 39 22 &c,

2800 3443 48 18 Take
2857 3451 10 11 a
2876 3447 67 22 couple
2957 3447 20 17 of
2994 3447 103 19 Fletcher's
3113 3450 47 19 Pills
3176 3459 54 16 every

2800 3468 66 17 second
2874 3469 68 23 night;
2963 3471 46 22 they
3026 3476 31 13 are
3073 3478 11 11 a
3100 3477 77 20 prompt
3193 3476 36 17 and

2798 3494 41 13 sure
2847 3497 44 12 cure
2899 3493 38 17 and
2946 3494 42 21 give
2997 3494 70 18 certain
3076 3493 59 22 rolief.

2820 3512 157 22 FLETCHER'S
3001 3516 75 20 PILLS
3092 3525 31 12 arc
3139 3526 12 11 a
3167 3521 61 23 quick,

2798 3540 40 13 sure
2844 3537 38 18 and
2888 3539 77 17 reliable
2970 3539 76 22 remedy
3052 3542 29 17 for
3087 3541 26 18 all
3120 3544 99 23 complaint
3223 3551 7 12 s

2798 3559 69 24 arising
2889 3561 49 18 from
2959 3563 63 22 torpid
3038 3563 52 20 liver,
3107 3565 121 24 indigestion,

2797 3584 51 16 weak
2857 3586 85 16 stomach
2947 3585 37 18 and
2993 3586 104 22 impurities
3104 3589 20 17 of
3128 3589 33 18 the
3166 3591 62 18 blood.

2797 3605 50 23 They
2852 3613 32 11 ftre
2892 3608 92 23 prepared
2995 3615 24 11 on
3037 3610 80 19 rational
3133 3614 38 16 and
3187 3620 31 12 sen-

2797 3628 44 17 sible
2850 3630 47 18 lines
2906 3631 37 17 and
2952 3631 24 18 do
2984 3634 35 15 not
3032 3634 75 16 contain
3124 3641 11 11 a
3151 3638 78 19 particle

2797 3651 19 17 of
2835 3654 85 20 ealome),
2941 3655 100 23 gamboge,
3062 3662 22 12 or
3103 3664 38 16 any
3161 3660 68 18 drastic

2796 3676 105 22 purgative,
2911 3678 35 17 but
2959 3680 77 20 operate
3044 3680 26 22 by
3085 3681 93 24 perfectly
3194 3689 22 12 na-

2796 3698 48 17 tural
2852 3706 64 11 means
2924 3701 26 22 by
2959 3701 120 24 stimulating
3090 3703 32 18 the
3137 3704 46 19 liver
3191 3707 36 17 and

2796 3723 104 23 increasing
2909 3723 32 18 the
2950 3724 43 18 flow
3001 3725 21 17 of
3032 3724 42 23 bile,
3085 3727 38 17 and
3131 3728 44 18 thus
3183 3735 33 16 pro-

2796 3743 69 25 ducing
2873 3752 45 16 easy
2933 3748 120 17 evacuations
3061 3749 38 17 and
3113 3752 75 17 natural
3198 3758 17 12 ca
3221 3763 6 3 -

2796 3766 70 20 tharses
2875 3770 81 17 without
2965 3770 32 18 the
3013 3776 109 19 annoyance
3137 3775 37 17 and
3182 3776 44 22 pain

2796 3789 20 18 of
2822 3792 79 23 griping
2906 3792 40 18 and
2952 3793 91 24 purging.

2818 3814 77 19 Beware
2904 3816 20 17 of
2935 3816 32 17 the
2984 3822 57 16 many
3057 3818 83 18 harmful
3157 3821 59 17 substi-

2796 3836 48 18 tutes
2853 3844 25 11 on
2887 3838 37 17 sale
2932 3840 21 16 in
2964 3845 58 17 many
3038 3841 62 22 shops.
3125 3842 54 19 None
3196 3850 31 12 are

2795 3861 80 19 genuine
2883 3862 63 17 unless
2959 3858 55 27 they'
3020 3863 46 19 bear
3082 3864 32 18 the
3130 3866 96 23 signature

2794 3882 20 17 of
2829 3883 22 18 F.
2868 3885 66 17 Moore
2949 3886 95 17 Clements
3060 3893 25 11 on
3104 3889 33 17 the
3153 3890 73 18 outside

2794 3909 91 19 wrapper.
2922 3909 136 18 CLEMENTS
3087 3911 76 19 TONIC
3189 3914 36 18 and

2794 3927 155 21 FLETCHER'S
2958 3932 75 17 PILLS
3042 3933 47 17 have
3097 3934 76 19 become
3181 3937 43 18 such

2793 3950 104 20 household
2906 3955 61 17 words
2979 3955 43 17 that
3035 3955 104 20 imitations
3148 3965 31 10 are
3187 3960 28 17 fre-

2793 3976 78 22 quently
2878 3977 75 18 offered.
2982 3978 34 17 We
3033 3980 80 17 contend
3130 3981 42 18 that
3189 3982 37 19 thin

2793 3998 94 18 imitation
2895 4000 15 17 is
2919 4000 32 17 the
2965 4000 89 19 sincerest
3070 4003 55 20 proof
3141 4005 20 16 of
3177 4005 49 19 their

2793 4019 74 23 virtues,
2878 4028 21 12 so
2907 4028 30 13 see
2946 4024 41 16 that
3003 4029 38 17 you
3057 4025 71 23 always
3144 4029 32 20 get
3193 4029 32 18 the

2793 4045 85 20 genuine,
2888 4045 80 24 bearing
3024 4052 56 13 name
3095 4050 38 16 and
3149 4051 76 18 address

2793 4066 19 17 of
2820 4067 21 17 F.
2849 4068 27 17 M.
2887 4068 100 22 Clements,
3001 4070 105 21 Newtown,
3119 4073 82 18 Svdnov.

2815 4124 40 17 The
2864 4125 69 18 'Frisco
2943 4127 44 17 mail
2996 4127 57 17 closes
3062 4128 43 18 here
3119 4130 20 16 nt
3154 4131 10 16 8
3180 4137 37 11 a.in

2793 4151 24 12 on
2825 4148 70 22 Friday
2903 4150 53 16 next.
