3258 4254
1893 123 106 20 TARIFF
2012 122 100 23 DOWN,
2123 121 89 20 WAGE
2228 121 38 19 UP.

1895 176 41 19 The
1943 175 50 20 New
2003 174 59 21 York
2070 174 67 19 Times
2146 173 55 26 gives
2211 179 11 13 a
2233 172 68 27 highly

1870 202 131 22 sacisfactory
2017 202 36 18 list
2063 207 22 12 or
2099 200 92 19 increase
2205 199 21 20 in
2238 206 62 19 wages

1869 235 45 12 now
1926 228 46 19 that
1981 228 35 19 the
2027 233 54 13 more
2091 226 102 19 moderate
2205 226 66 18 duties
2281 225 21 19 of

1871 254 33 19 the
1914 254 80 19 AVilson
2006 252 57 21 tariff,
2075 254 34 18 law
2121 259 33 13 are
2171 252 79 25 c.-.ming
2260 251 41 21 into

1871 280 111 24 operation.
2011 280 32 19 On
2055 279 58 25 April
2132 278 31 26 15'
2173 278 11 26 h
2194 278 31 26 the
2244 285 58 17 paper

1874 306 103 25 published
1984 306 34 19 the
2029 305 104 24 following
2142 305 35 19 list
2184 305 21 18 of
2213 312 12 11 a
2232 305 70 18 week's

1872 339 100 13 increases
1982 331 4 21 :
2009 332 44 19 Fall
2073 331 62 19 River
2156 331 48 19 Iron

1874 359 61 23 Mills,
1954 359 91 19 increase
2060 357 22 19 of
2096 364 11 12 a
2118 357 54 19 little
2187 364 53 12 moro
2255 357 47 19 than

1874 386 24 18 10
1909 392 35 18 per
1960 387 53 18 ceDt.
2042 383 107 20 American
2160 383 65 20 Linen
2241 383 63 24 Mills,

1874 411 45 20 Fall
1942 411 66 23 River,
2028 411 72 22 Mass.,
2115 411 25 18 10
2161 416 35 16 per
2210 412 47 18 cent
2275 410 20 18 in-

1874 444 72 14 crease.
2097 436 54 23 Mill,
2157 436 77 20 Lisbon
2243 435 61 24 Falls,

1875 465 48 23 Me.,
1932 464 90 20 increase
2036 464 26 18 10
2073 469 36 18 per
2126 465 52 17 cent.-

1874 491 56 19 antic
1948 491 65 19 Linen
2029 490 111 24 Company,
2159 489 147 19 Williamantic

1876 517 70 24 Conn.,
1969 523 26 13 an
2013 515 91 20 advance
2124 515 22 19 of
2164 517 13 17 5
2200 522 36 18 per
2253 517 53 17 cent.

1876 543 87 24 Belding
1982 543 50 19 Bros
2053 541 39 19 and
2104 541 45 19 Go's
2163 541 39 19 silk
2220 542 51 19 mills
2285 543 22 18 at

1876 569 110 23 Rockville,
1997 569 72 22 Conn.,
2081 574 26 13 an
2116 568 90 20 increase
2217 568 22 19 of
2249 569 11 19 5
2272 574 34 18 per

1877 599 52 17 cent.
1965 594 162 21 Grosvenordale
2151 594 74 20 Cbifcon
2249 595 44 19 Com-

1878 629 58 18 pany,
1944 621 66 20 North
2022 621 168 24 Grosvenordale,
2201 621 70 23 Conn.,
2283 628 24 12 an

1877 649 89 19 increase
1991 647 20 20 of
2035 649 25 18 10
2081 654 35 18 per
2135 650 52 17 cent.
2225 647 22 20 E.
2274 646 33 21 W.

1878 675 64 25 Capin
1966 674 37 20 and
2024 673 46 20 Co's
2091 673 82 20 woollen
2192 673 79 25 factory
2287 675 21 17 at

1878 701 119 25 Capinville,
2014 700 72 24 Mass.,
2097 700 88 19 increase
2200 700 22 19 of
2232 701 25 18 10
2273 706 34 18 per

1878 731 52 17 cent.
1956 727 56 20 Lake
2020 726 171 26 Manufacturing
2198 727 109 24 Company,

1879 755 69 23 Mass.,
1959 755 25 19 10
2001 760 34 19 per
2046 757 47 16 cent
2107 754 94 19 advance.
2234 752 74 21 United

1878 783 68 18 States
1971 780 93 25 Bunting
2087 779 111 26 Company,
2226 778 82 24 Lowell,

1878 807 69 21 Mass.,
1966 813 25 13 an
2005 806 90 20 increase
2114 806 21 19 of
2151 807 24 18 10
2199 812 35 19 per
2257 807 52 18 cent.

1878 835 41 19 The
1928 834 77 19 United
2021 834 69 18 States
2100 833 110 24 Company,
2227 831 82 20 Central

1878 860 60 24 Falls,
1949 867 26 12 an
1985 859 91 20 addition
2086 859 22 20 of
2118 859 53 19 from
2182 860 12 19 5
2207 861 22 16 to
2239 859 25 18 10
2276 865 33 17 per

1878 889 53 18 cent.
1958 887 20 20 A
1996 886 98 24 despatch
2111 886 52 19 from
2178 885 46 19 Fall
2243 884 66 23 River,

1879 914 68 22 Mass.,
1967 911 78 27 says—'
2057 914 33 17 An
2105 912 88 19 advance
2203 911 23 19 of
2245 917 64 18 wages

1879 940 40 19 will
1938 940 24 19 be
1971 940 58 25 given
2045 939 20 19 in
2082 938 27 19 all
2125 938 33 19 the
2170 938 51 19 mills
2236 937 20 19 in
2276 936 33 20 the

1878 966 47 26 city.
1963 966 21 19 it
2007 966 39 19 will
2067 972 57 13 mean
2140 971 25 12 an
2183 969 91 14 increase
2288 962 21 19 of

1878 993 62 20 about
1947 992 38 20 12*
1993 999 35 18 per
2036 994 49 18 cent
2095 997 46 13 over
2151 992 82 24 present
2241 989 68 20 rates.'

1878 1019 41 20 The
1938 1019 108 25 M'Kinley
2064 1018 58 19 tariff
2137 1018 80 19 became
2232 1016 37 20 law
2284 1023 25 12 on

1879 1046 87 20 October
1976 1046 42 22 6th,
2029 1046 59 21 1890,
2099 1044 39 19 and
2149 1045 35 18 the
2194 1044 115 19 enactment

1878 1072 22 20 of
1909 1072 17 20 it
1938 1076 53 22 (says
2001 1072 35 19 the
2046 1071 51 20 Nev
2107 1070 58 20 York
2181 1070 75 24 Times)
2270 1075 39 13 was

1982 1099 26 24 by
2026 1105 12 12 a
2047 1098 48 24 long
2105 1097 36 19 list
2151 1096 21 19 of
2192 1095 117 20 reductions

1878 1126 21 19 of
1916 1132 64 16 wages
1990 1125 20 19 in
2021 1125 35 18 the
2071 1123 105 25 protected
2193 1122 116 20 industries.

1877 1152 41 20 The
1929 1152 79 19 Wilson
2024 1150 58 20 tariff
2092 1150 35 19 has
2145 1150 49 19 been
2204 1149 20 19 in
2236 1155 61 19 opera-

1878 1182 41 16 tion
1940 1185 58 13 Beven
2015 1176 89 23 months,
2120 1176 45 24 and,
2182 1176 78 25 despite
2275 1175 34 19 the

1878 1205 48 20 hard
1949 1205 66 23 titnes,
2036 1204 101 19 increases
2158 1202 19 19 in
2198 1209 64 18 wages
2276 1208 33 12 are

1878 1232 71 24 taking
1968 1231 55 25 place
2041 1230 21 19 in
2078 1229 27 20 all
2124 1229 115 20 directions.
2267 1228 42 19 The

1877 1259 89 19 increase
1983 1258 21 19 of
2014 1258 25 18 15
2051 1263 35 19 per
2101 1258 46 17 cent
2157 1256 20 19 in
2188 1255 35 19 the
2240 1254 56 20 West-

1877 1291 35 13 ern
1935 1283 150 25 Pennsylvania
2099 1282 50 20 coke
2168 1281 82 20 district
2271 1280 38 20 will

1878 1311 57 25 (adds
1956 1310 34 20 the
1999 1305 77 30 times)
2088 1308 59 20 recall
2163 1308 35 20 the
2212 1307 43 20 fact
2265 1306 44 20 that

1878 1338 33 19 the
1930 1337 48 25 long
1987 1336 40 20 and
2038 1336 71 24 bloody
2125 1334 65 21 strike
2207 1333 21 20 of
2239 1334 70 22 15,000

1878 1368 49 15 coke
1951 1363 88 20 workers
2058 1362 21 20 in
2094 1362 35 19 th«
2153 1366 53 14 same
2229 1359 80 19 district

1878 1390 80 26 against
1971 1396 13 13 a
2003 1389 106 20 reduction
2125 1387 21 19 of
2170 1389 26 18 10
2211 1392 35 19 per
2265 1387 44 18 cent

1879 1418 61 25 began
1951 1416 20 20 in
1982 1416 110 25 February,
2103 1415 59 19 1891,
2173 1413 47 20 four
2230 1411 79 20 months

1878 1443 53 21 after
1940 1443 35 20 the
1985 1441 109 25 M'Kinley
2105 1439 60 21 tariff
2177 1439 80 21 became
2267 1438 42 20 law.

1904 1501 17 19 A
1936 1496 187 24 POPULATION
2140 1493 143 24 PROBLEM.

1905 1548 4 28 '
1917 1552 65 22 There
1991 1551 17 22 is
2018 1557 27 16 no
2055 1556 56 15 more
2119 1548 94 28 pressing
2220 1548 91 28 problem

1878 1584 20 17 at
1918 1580 40 21 this
1982 1580 47 19 time
2046 1580 21 18 in
2088 1574 104 27 America,'
2218 1581 44 21 says
2278 1575 34 21 the

1879 1606 163 24 Humanitarian,
2061 1602 4 28 '
2074 1604 47 21 tban
2139 1603 44 21 that
2199 1602 114 28 pertaining

1879 1637 21 18 to
1919 1634 34 20 the
1973 1633 58 20 cities
2049 1632 22 20 of
2086 1631 34 21 the
2135 1628 76 23 United
2237 1630 74 20 States.

1879 1660 103 22 Statistics
2006 1660 55 20 show
2091 1658 43 21 how
2158 1656 79 28 rapidly
2260 1655 53 22 their

1881 1687 117 28 population
2013 1686 35 20 has
2065 1685 104 21 increased
2187 1686 19 18 in
2226 1690 75 20 propor-

1879 1717 42 19 tion
1938 1718 20 16 to
1982 1714 47 19 that
2048 1712 80 21 outside
2142 1712 53 20 their
2212 1710 100 21 environs.

1881 1743 24 19 In
1914 1742 52 20 1790
1980 1738 162 22 one-thirteenth
2154 1738 22 20 of
2186 1738 34 19 the
2232 1737 70 26 popula-

1881 1769 42 20 tion
1933 1767 52 21 lived
1996 1767 21 20 in
2028 1766 58 21 cities
2094 1766 22 19 of
2126 1766 53 19 8000
2188 1763 125 21 inhabitants

1881 1797 37 19 and
1930 1799 57 19 over)
2002 1794 21 19 in
2039 1794 53 19 1850
2102 1792 34 20 the
2147 1795 116 23 proportion
2276 1791 37 19 had

1881 1821 102 21 increased
2005 1822 21 18 to
2046 1819 117 25 one-eighth
2173 1818 4 26 ;
2192 1824 44 13 now
2251 1818 63 19 about

1881 1847 104 22 one-third
1996 1847 21 19 of
2032 1847 35 19 the
2078 1846 50 19 total
2139 1852 34 13 are
2182 1844 100 21 residents
2293 1844 21 19 of

1882 1876 63 20 cities.
1973 1873 47 21 This
2045 1872 58 26 rapid
2127 1871 84 27 growth,
2230 1870 84 26 coupled

1883 1902 47 20 with
1953 1900 129 24 notoriously
2111 1900 84 24 corrupt
2218 1898 39 19 and
2280 1898 24 18 in-

1882 1929 86 19 efficient
1978 1926 109 26 municipal
2098 1927 138 24 government,
2250 1924 66 19 makes

1883 1955 34 19 the
1934 1953 98 21 situation
2043 1959 12 13 a
2072 1953 76 19 serious
2158 1958 44 17 one,
2217 1950 34 20 the
2262 1957 54 12 more

1883 1989 21 12 so
1924 1981 56 20 when
1998 1987 29 12 we
2042 1979 49 20 take
2109 1979 43 19 into
2168 1976 148 21 consideration

1885 2009 33 19 the
1928 2008 76 19 diverse
2012 2006 99 19 elements
2128 2008 21 17 to
2159 2004 24 20 be
2198 2004 54 19 dealt
2262 2002 55 20 with.

1885 2035 40 20 The
1935 2035 52 18 most
2002 2032 77 21 vicious
2090 2032 38 19 and
2139 2030 92 21 criminal
2241 2030 75 19 classes

1885 2068 32 13 are
1927 2060 103 25 naturally
2041 2059 64 19 found
2120 2059 20 18 in
2151 2058 35 19 the
2203 2056 62 24 cities,
2276 2056 39 19 and

1885 2088 19 19 in
1917 2088 34 19 the
1968 2086 118 26 proportion
2099 2085 20 19 of
2135 2086 40 17 two
2191 2086 21 17 to
2220 2090 38 13 one
2268 2083 48 25 they

1885 2121 33 13 are
1937 2114 21 19 of
1975 2112 79 26 foreign
2070 2111 53 20 birth
2138 2110 40 20 and
2202 2112 115 23 parentage,

1885 2141 39 20 and
1943 2147 34 13 are
1996 2141 37 18 oat
2053 2138 21 20 of
2088 2137 108 27 sympathy
2220 2136 47 19 with
2285 2136 34 18 the

1886 2167 106 20 American
2005 2165 60 26 spirit
2076 2165 39 19 and
2134 2164 71 19 habits.
2234 2163 25 19 In
2267 2162 51 20 New

1885 2194 57 19 York
1952 2192 115 21 four-fifths
2078 2191 22 20 of
2110 2191 35 19 the
2159 2190 116 26 proportion
2286 2196 33 12 are

1886 2221 21 19 of
1918 2220 78 25 foreign
2013 2218 121 23 extraction,
2146 2218 40 18 and
2196 2218 21 17 in
2231 2216 88 25 Chicago

1887 2248 33 19 the
1932 2246 118 26 proportion
2064 2244 16 20 is
2092 2243 160 25 overwhelming,
2263 2242 57 20 there

1888 2274 58 24 being
1958 2280 25 13 no
2001 2272 63 19 fewer
2078 2271 48 19 than
2145 2271 25 18 91
2186 2276 35 20 per
2235 2271 53 18 cent,
2299 2268 21 20 of

1887 2300 32 20 the
1940 2299 117 27 population
2078 2298 21 19 of
2116 2296 80 26 foreign
2219 2295 55 20 birth
2298 2303 21 12 or

1890 2329 113 24 parentage.
2031 2324 42 20 The
2097 2324 101 24 illiteracy
2220 2322 22 20 of
2266 2322 54 20 these

1890 2353 70 27 people
1970 2353 17 19 is
1997 2350 117 26 deplorable
2125 2350 39 19 and
2173 2349 84 20 renders
2266 2349 53 19 tbem

1889 2379 130 27 particularly
2035 2376 131 21 inaccessible
2177 2378 22 17 to
2209 2375 99 25 enlighten-

1890 2408 60 19 ment.
1978 2406 35 19 Mr
2037 2404 71 25 Bryce,
2132 2403 74 19 author
2222 2402 21 20 of
2267 2401 4 28 '
2279 2401 40 21 The

1890 2432 104 21 American
2014 2429 185 24 Commonwealth,'
2215 2435 44 19 says
2278 2428 41 19 that

1890 2458 108 26 municipal
2031 2458 132 24 government
2186 2456 17 20 is
2226 2456 34 18 the
2284 2460 36 13 one

1890 2486 133 25 conspicuous
2048 2484 73 19 failure
2133 2482 21 20 in
2173 2481 98 21 America.
2299 2479 21 21 It

1890 2514 15 19 is
1925 2512 78 26 ground
2029 2510 34 19 for
2086 2509 53 26 hope
2161 2509 45 19 that
2220 2507 33 20 the
2271 2507 48 19 civic

1890 2538 125 21 federations
2052 2536 40 20 and
2119 2536 91 20 citizen's
2242 2535 77 23 leagues

1889 2565 64 21 which
1963 2564 49 20 have
2032 2564 49 19 been
2097 2563 76 19 formed
2186 2568 19 12 in
2215 2559 74 21 several
2300 2559 21 19 of

1890 2594 34 18 the
1948 2592 55 24 large
2027 2590 58 20 cities
2104 2596 34 12 are
2149 2588 82 23 already
2245 2592 62 13 accom-

1891 2618 89 26 plishing
1991 2625 11 12 a
2013 2623 89 13 measure
2113 2616 21 19 of
2144 2613 84 21 reform.'

1916 2675 43 20 The
1977 2675 104 25 Engineer
2091 2677 122 20 newspaper,
2231 2668 91 23 London,

1891 2703 60 19 offers
1970 2708 13 13 a
2001 2701 56 26 prize
2067 2700 21 19 of
2102 2705 12 13 a
2122 2695 100 22 thousand
2237 2694 86 27 guineas

1890 2729 33 19 for
1932 2735 12 13 a
1954 2725 153 28 self-propelled
2116 2723 48 20 road
2173 2722 96 24 carriage.

1918 2761 112 20 California
2041 2765 43 13 now
2097 2755 97 27 produces
2203 2755 120 26 2G,000,000

1893 2788 77 26 pounds
1989 2787 22 19 of
2032 2785 72 20 raisins
2122 2781 101 25 annually.
2265 2783 58 21 More

1892 2816 48 19 than
1952 2813 87 24 100,000
2053 2817 54 13 acres
2123 2809 20 18 in
2161 2807 112 23 California
2290 2818 33 12 are

1892 2842 62 20 under
1971 2841 64 18 vines,
2054 2837 39 19 and
2114 2835 53 19 these
2186 2834 52 26 yield
2255 2838 68 25 nearly

1893 2867 119 24 25,000,000
2022 2864 77 26 gallons
2110 2861 21 21 of
2142 2860 57 20 wine.

1919 2898 119 28 Coolgardie
2057 2895 56 20 itself
2133 2895 109 26 comprises
2262 2896 62 20 about

1894 2928 71 24 13,500
1976 2930 73 21 square
2059 2922 65 23 miles;
2135 2921 51 20 East
2196 2923 125 25 Coolgardie,

1893 2955 72 23 16,700
1973 2957 72 20 square
2053 2948 63 23 miles;
2124 2947 68 21 North
2198 2949 125 26 Coolgardie,

1893 2970 73 33 39|C00
1980 2983 73 20 square
2069 2975 55 19 miles
2134 2970 4 33 ;
2149 2975 39 19 and
2204 2975 51 21 East
2265 2976 44 21 Mur-

1893 3008 73 22 chison,
1977 3004 59 24 56,00
2046 3008 72 19 square
2129 3001 63 21 miles.

1919 3039 63 19 There
1992 3036 16 19 is
2025 3041 12 12 a
2054 3034 57 19 boom
2121 3032 21 20 in
2161 3034 76 21 rabbits
2247 3035 20 20 in
2278 3034 36 21 Vic-

1893 3065 58 21 toria.
1979 3061 77 21 Orders
2066 3060 51 19 from
2134 3060 83 21 London
2227 3061 98 21 salesmen

1893 3098 35 14 are
1938 3089 77 25 coming
2025 3090 21 17 to
2058 3086 52 19 hand
2120 3086 66 20 faster
2194 3087 73 21 almost
2276 3088 50 20 than

1895 3118 46 24 they
1956 3122 36 13 can
2010 3115 23 18 be
2048 3114 103 24 executed,
2166 3115 39 19 and
2224 3121 37 14 one
2271 3115 44 25 ship-

1895 3145 54 19 ment
1971 3141 54 20 from
2049 3139 35 20 the
2115 3140 138 21 Government
2279 3141 46 20 cold

1894 3173 70 20 stores,
1979 3166 98 26 recently,
2104 3167 113 25 comprised
2239 3175 26 12 no

1894 3197 48 19 than
1966 3194 86 24 100,000
2071 3193 70 20 frozen
2160 3194 84 20 rabbits.
2284 3195 42 20 The

1894 3220 84 22 demand
1988 3220 37 19 has
2039 3219 32 20 leJ
2086 3222 21 17 to
2117 3227 26 12 an
2163 3221 88 20 advance
2261 3220 20 20 in
2293 3222 33 19 the

1895 3248 57 26 price,
1974 3246 64 19 which
2057 3246 17 20 is
2093 3253 45 13 now
2161 3248 94 26 sixpence
2272 3248 54 24 each,

1893 3273 101 22 delivered
2003 3273 22 19 in
2041 3273 127 20 Melbourne,

1919 3307 19 20 A
1956 3309 76 18 farmer
2051 3307 35 21 has
2101 3308 50 20 been
2166 3308 89 20 arrested
2278 3308 21 20 in
2316 3315 11 13 a

1893 3335 73 25 village
1977 3335 20 19 in
2007 3335 101 25 Hungary
2114 3335 33 19 for
2156 3335 58 26 firing
2225 3337 39 17 two
2271 3335 55 19 shots

1893 3361 88 25 through
1990 3361 35 19 the
2036 3361 84 19 window
2135 3361 21 19 of
2166 3368 26 12 an
2207 3362 36 18 inn
2262 3363 22 18 at
2295 3361 30 19 his

1895 3387 45 20 wife
1954 3387 39 20 and
2008 3387 35 19 her
2051 3387 74 20 father.
2154 3388 132 25 Eortunately
2297 3387 30 20 his

1893 3415 37 19 aim
1942 3420 42 13 was
2001 3414 46 19 bad.
2089 3414 30 19 On
2138 3415 61 24 being
2214 3414 60 20 asked
2297 3414 30 19 his

1893 3448 70 12 reason
1974 3441 32 19 for
2015 3441 35 19 the
2064 3442 93 25 attempt,
2173 3441 24 19 he
2207 3441 65 19 stated
2283 3440 45 20 that

1895 3467 24 20 he
1928 3467 40 19 had
1983 3467 82 25 already
2084 3467 39 19 had
2142 3468 47 18 nine
2205 3468 66 23 wives,
2281 3467 44 19 who

1894 3494 37 19 had
1944 3494 26 18 all
1981 3493 117 24 consented,
2107 3496 21 16 at
2139 3493 30 20 his
2177 3496 87 23 request,
2272 3496 21 17 to
2304 3494 24 19 be

1893 3520 97 20 divorced.
2032 3519 40 20 His
2095 3522 59 17 tenth
2181 3521 38 18 and
2243 3523 85 23 presont

1895 3547 52 23 wife,
1957 3547 100 22 however,
2064 3547 69 24 acting
2139 3554 25 11 on
2175 3547 33 19 the-

1893 3580 37 13 ous
1940 3573 75 19 advice'
2023 3573 21 19 of
2055 3573 35 19 her
2104 3573 74 24 father,
2189 3573 88 24 refused,
2287 3573 39 19 aud

1893 3599 146 26 consequently
2051 3599 24 19 he
2084 3599 38 19 felt
2136 3601 97 25 annoyed.

1923 3635 27 18 To
1961 3636 82 22 exempt
2060 3641 129 19 newspapers
2203 3635 52 19 from
2268 3636 47 24 poet-

1894 3668 43 18 age,
1947 3668 22 12 as
1980 3662 35 17 Mr
2025 3660 103 20 Guinness
2144 3664 99 22 suggests,
2255 3660 71 23 would,

1896 3688 33 19 the
1940 3688 47 18 Post
1992 3687 175 20 master-General
2182 3694 51 19 says,
2249 3693 58 14 mean
2318 3693 9 12 a

1895 3714 40 19 loss
1945 3714 22 19 of
1984 3713 71 20 £1302
2074 3714 19 18 in
2108 3720 93 18 revenue,
2221 3720 21 13 as
2253 3714 43 19 well
2307 3719 20 13 as

1896 3747 23 12 an
1931 3740 92 19 increase
2037 3740 20 19 in
2077 3740 92 25 carrying
2183 3741 89 24 charges,
2289 3739 38 20 and

1895 3767 34 18 Mr
1949 3766 59 20 Ward
2029 3766 69 19 thinks
2114 3767 35 18 the
2168 3766 70 25 colony
2253 3769 73 16 cannot

1895 3792 64 19 afford
1973 3793 38 18 this
2022 3792 33 19 for
2072 3799 57 19 maQy
2140 3799 58 19 years
2209 3794 21 18 to
2240 3799 60 13 come.

1921 3828 41 20 The
1986 3828 71 20 Queen
2080 3828 21 19 of
2126 3829 79 24 Saxony
2222 3826 105 20 maintains

1895 3854 57 20 three
1984 3854 114 26 physicians
2123 3853 66 21 whose
2213 3853 40 20 sole
2278 3854 48 23 duty

1895 3882 17 18 is
1936 3884 20 16 to
1979 3881 73 19 attend
2076 3881 34 19 the
2133 3881 94 19 ailments
2250 3880 22 19 of
2295 3879 33 19 the

1897 3907 99 25 suffering
2006 3914 56 18 poor.

1919 3943 31 16 Mr
1964 3942 21 17 T.
1995 3942 108 17 Mackenzie
2121 3942 99 17 attributes
2235 3940 31 17 the
2276 3938 50 19 Hon.

1895 3966 31 16 Mr
1942 3965 101 18 Steward's
2055 3964 68 23 appeal
2139 3967 20 15 to
2172 3964 46 18 have
2231 3963 96 19 Coronets'

1895 3989 57 22 juries
1961 3989 45 22 paid
2015 3989 20 17 to
2043 3988 29 17 his
2084 3988 77 22 anxiety
2168 3989 19 16 to
2196 3987 39 17 find
2243 3986 74 23 employ
2323 3996 5 2 -

1895 4013 52 16 luont
1956 4012 30 17 for
1994 4012 33 17 the
2041 4011 126 23 unemployed
2184 4011 19 17 of
2211 4010 28 17 his
2248 4010 79 19 district,

1896 4035 61 17 where
1977 4041 12 11 a
2010 4036 54 21 great
2083 4034 40 17 find
2144 4034 19 17 of
2180 4034 94 17 skeletons
2291 4038 38 11 was

1896 4057 83 24 recently
1988 4058 60 17 made.

2184 4088 29 15 out
2226 4088 39 17 rats,
2286 4086 44 16 mice

1899 4109 71 19 roaches,
1983 4107 40 21 ilies,
2037 4110 41 16 auta,
2095 4107 88 20 bed-bugs,
2198 4108 62 16 iufecta,
2274 4107 14 14 si
2299 4105 31 16 ink

1898 4128 117 17 cocct-rarjits,
2032 4131 87 16 sparrows,
2131 4128 75 19 gophorß.
2230 4124 100 18 Alchemists

1902 4147 33 17 and
1940 4147 92 20 druggists.

2346 117 202 22 FOOTBINDING
2555 116 61 20 AND
2624 115 84 21 WAIST-

2440 143 191 21 TIGHTENING.

2348 206 32 18 An
2389 204 152 25 extraordinary
2551 203 76 24 fatuity
2638 202 36 19 has
2687 201 66 20 seized

2322 239 9 11 a
2347 231 85 19 number
2457 231 21 18 of
2503 231 109 24 European
2640 228 65 19 ladies
2732 228 21 19 in

2322 258 101 25 Shanghai
2434 257 42 20 who
2485 257 50 20 have
2546 256 75 19 formed
2642 261 12 12 a
2672 254 82 24 Society

2324 289 19 14 to
2354 287 32 22 try
2395 284 38 19 and
2445 284 79 19 reclaim
2535 283 35 19 the
2579 281 86 20 heathen
2679 280 75 20 Chinee

2323 311 51 19 From
2384 310 35 19 the
2428 310 108 19 barbarous
2546 311 77 17 custom
2635 308 21 18 of
2670 306 85 24 binding

2323 337 33 20 the
2365 336 45 20 Teet
2420 336 20 19 of
2451 343 75 12 women
2537 338 19 17 to
2567 334 57 19 make
2635 333 55 20 them
2707 332 48 20 look

2322 363 111 20 beautiful.
2461 362 42 20 The
2512 361 86 20 heathen
2617 360 93 19 however
2720 359 35 19 has

2323 396 21 13 as
2364 389 58 20 usual
2440 388 50 20 been
2509 390 35 17 too
2559 388 62 19 smart
2645 386 34 19 for
2701 385 54 20 them

2324 416 39 19 and
2374 422 11 13 a
2395 415 87 20 Chinese
2492 414 121 26 gentleman,
2624 419 40 13 one
2671 412 53 23 Luk,
2734 411 21 20 of

2324 442 103 25 Shanghai
2436 441 37 19 has
2479 441 82 19 written
2570 446 28 13 on
2616 438 35 20 the
2670 438 85 24 subject,

2324 468 55 26 quite
2390 467 86 24 turning
2483 466 35 20 the
2528 466 66 19 tables
2603 471 27 13 on
2636 464 37 20 the
2682 464 65 20 -would-

2325 494 24 19 be
2369 494 113 20 reformers.
2511 493 34 19 He
2741 491 16 19 is

2325 520 33 20 the
2373 527 35 13 use
2427 520 22 19 of
2468 518 85 26 binding
2571 518 36 20 the
2623 517 59 20 feet?
2710 517 49 19 This

2325 547 94 25 question
2439 546 17 19 is
2474 544 102 21 answered
2586 544 26 25 by
2632 544 72 25 saying
2715 543 45 20 that

2326 574 25 18 its
2363 579 87 19 purpose
2470 572 17 19 is
2506 571 36 20 the
2561 577 53 13 same
2624 577 21 13 as
2687 569 61 21 waist-

2473 598 92 25 amongst
2592 597 34 20 the
2649 597 111 25 European

2326 626 69 19 ladies.
2424 625 32 19 Do
2466 631 40 18 you
2517 624 79 25 tighten
2605 624 34 18 the
2650 624 58 18 waist
2728 623 32 19 for

2327 652 85 19 comfort
2420 651 8 18 ?
2456 651 40 19 No.
2524 650 22 19 Is
2570 649 17 20 it
2604 652 21 16 to
2644 649 59 20 make
2722 656 39 13 cne

2329 678 43 20 look
2393 677 59 19 taller
2471 684 22 12 or
2513 677 77 19 shorter
2598 676 9 20 ?
2636 676 40 20 No.
2704 676 56 20 Then

2329 705 52 18 what
2391 704 17 19 is
2419 704 16 18 it
2442 703 49 19 for?
2519 703 20 19 It
2550 702 17 19 is
2578 703 32 19 for
2628 703 83 25 beauty.
2740 701 22 20 It

2327 731 16 19 is
2354 732 21 18 to
2390 729 58 20 catch
2466 730 33 19 the
2515 736 46 19 eyes
2579 729 21 19 of
2620 736 51 12 men.
2699 729 28 19 So
2744 727 19 20 is

2329 757 130 24 foot-biding.
2487 756 52 25 They
2560 762 33 13 are
2607 755 49 19 both
2676 755 32 19 for
2727 754 36 20 the

2329 783 74 19 benefit
2431 783 20 19 of
2471 789 51 13 men.
2551 781 147 26 Foot-binding
2715 781 48 19 does

2330 812 34 16 not
2374 809 24 19 do
2409 816 21 12 as
2442 809 57 19 much
2508 809 55 19 harm
2574 816 21 12 as
2603 807 149 26 waist-tighten-

2329 837 40 24 ing.
2396 836 42 19 The
2462 835 76 19 former
2555 835 47 25 only
2622 835 85 19 crushus
2727 833 36 19 the

2329 862 114 20 metatarsal
2476 862 61 19 bones
2575 863 56 24 (very
2662 859 100 28 painful),

2330 888 62 20 which
2404 891 72 17 cannot
2487 889 24 19 be
2521 894 22 12 so
2562 888 102 25 injuiious
2687 889 21 17 to
2728 886 35 19 the

2329 915 52 25 body
2389 922 21 13 as
2421 915 34 19 the
2464 915 68 24 latter,
2543 914 63 20 which
2614 913 102 25 displaces
2727 912 36 20 the

2329 942 48 20 vital
2406 948 79 19 organs,
2506 948 20 12 so
2551 941 45 19 that
2614 941 49 24 they
2687 942 76 17 cannot

2329 968 87 26 perform
2433 968 53 19 their
2510 974 74 19 proper
2611 967 112 19 functions.
2751 966 12 19 I

2329 997 48 18 have
2387 995 60 19 heard
2459 994 22 19 of
2496 994 71 25 people
2586 993 44 19 who
2650 993 51 19 have
2722 994 41 17 met

2329 1021 51 20 their
2391 1021 71 19 deaths
2472 1021 26 25 by
2514 1019 190 27 waist-tightening,
2724 1018 39 20 but

2330 1054 34 14 not
2372 1047 144 24 foot-binding.

2369 1107 78 20 GOLD
2464 1106 32 20 IN
2507 1105 56 20 THE
2573 1105 141 20 URIWERA.

2366 1156 43 19 The
2437 1154 85 20 Wairoa
2547 1153 107 20 Guardian
2676 1153 88 25 nays:—

2328 1183 79 19 Messrs
2422 1181 88 20 Parsons
2527 1180 38 19 and
2582 1182 59 23 party
2661 1179 45 19 who
2726 1179 38 19 left

2328 1209 32 19 for
2371 1207 150 20 theßuakituri
2530 1207 88 23 country
2630 1205 58 19 thiee
2699 1205 65 19 weeks

2328 1242 43 18 ago,
2383 1238 21 15 to
2422 1233 82 20 further
2525 1234 105 23 proßecute
2649 1232 47 25 gold
2717 1238 35 19 pro-

2329 1261 93 24 specting
2453 1260 123 24 operations,
2608 1258 99 20 returned
2737 1265 25 12 on

2331 1287 135 24 Wednesday.
2495 1285 55 24 They
2559 1287 70 22 report
2636 1285 60 24 being
2703 1284 61 27 fairly

2329 1313 113 20 successful
2456 1312 21 19 in
2492 1311 53 19 their
2563 1311 144 24 explorations,
2728 1311 36 19 but

2329 1340 49 20 have
2386 1339 51 19 been
2447 1337 110 26 compelled
2573 1340 21 16 to
2609 1339 89 24 suspend
2709 1337 32 20 for
2753 1344 10 12 a

2329 1366 47 20 time
2394 1365 64 25 owing
2473 1367 21 17 to
2518 1364 33 19 the
2575 1365 85 24 severity
2683 1364 22 20 of
2729 1363 35 21 the

2329 1393 96 19 weather.
2462 1390 55 27 They
2529 1391 86 25 brought
2630 1391 21 19 in
2666 1398 11 12 a
2688 1391 76 25 sample

2329 1419 21 21 of
2366 1419 47 26 gold
2430 1417 95 21 obtained
2536 1417 53 20 from
2609 1417 82 21 Bhallow
2710 1416 44 20 sink-

2330 1445 34 26 ing
2375 1453 20 13 in
2407 1445 95 20 different
2513 1446 57 24 parts
2580 1443 21 21 of
2620 1445 35 19 the
2675 1446 89 23 country

2331 1477 104 19 traversed,
2462 1470 40 22 and
2527 1471 41 20 also
2591 1471 77 20 several
2691 1472 60 24 quart-

2329 1499 119 26 specimens,
2458 1504 54 14 some
2522 1497 21 20 of
2554 1497 64 21 which
2629 1497 48 21 bear
2688 1495 69 22 indica

2329 1526 43 21 tion
2383 1527 21 20 of
2414 1525 73 26 haviDg
2504 1524 51 20 been
2569 1524 70 25 burnt)
2651 1524 34 20 the
2701 1522 65 21 result

2330 1553 22 21 of
2362 1552 91 22 volcanic
2471 1553 67 19 action
2548 1550 4 27 ;
2567 1553 39 19 and
2618 1551 80 20 Messrs
2718 1550 47 19 Par*

2329 1587 48 14 sons
2393 1580 39 21 and
2442 1582 59 23 party
2512 1580 54 18 state
2576 1577 46 21 that
2641 1584 12 14 a
2663 1576 102 22 consider'

2329 1607 46 21 able
2397 1605 80 29 portion
2498 1603 22 23 of
2535 1605 34 20 the
2590 1607 88 24 country
2699 1603 65 21 ahows

2331 1634 96 21 evidence
2436 1633 21 21 of
2469 1633 73 25 having
2552 1631 50 21 been
2618 1631 36 21 the
2664 1633 45 18 seat
2726 1630 21 20 of
2755 1638 9 12 *

2331 1662 59 25 great
2401 1661 90 20 volcanic
2501 1659 105 26 upheaval.
2642 1658 55 26 They
2713 1664 39 20 pur-

2333 1695 46 19 pose
2390 1687 123 26 suspending
2529 1685 82 21 further
2627 1684 138 27 explorations

2332 1715 53 20 until
2406 1716 35 18 the
2463 1713 88 21 weather
2576 1713 91 19 beoomea
2688 1711 76 25 milder,

2333 1742 56 20 when
2400 1742 16 19 it
2423 1741 16 20 is
2449 1739 98 21 intended
2558 1741 21 17 to
2590 1745 79 14 resume
2676 1739 52 19 work
2739 1745 25 13 on

2331 1775 12 14 a
2352 1768 118 26 Systematic
2481 1766 59 21 scale.

2332 1831 91 21 FATAL
2441 1828 144 22 ANTHRAX
2605 1828 32 20 IN
2660 1827 105 21 HUMAN

2498 1855 110 20 BEINGS.

2362 1913 60 21 Some
2428 1911 154 27 extraordinary
2589 1914 116 18 statements
2712 1911 56 26 (says

2336 1939 33 22 the
2376 1940 85 19 London
2468 1939 75 26 Times)
2554 1946 21 12 as
2584 1941 20 17 to
2612 1939 34 19 the
2656 1945 87 18 ravages
2747 1938 21 19 of

2336 1967 88 19 anthrax
2434 1966 40 19 and
2484 1966 34 18 the
2528 1965 84 19 attitudo
2622 1966 22 18 of
2653 1965 35 19 the
2700 1964 68 20 Board

2336 1993 21 19 of
2366 1992 130 26 Agriculture
2503 1992 21 19 in
2533 1991 83 19 relation
2627 1991 78 19 thereto
2716 1996 52 14 were

2336 2019 58 19 made
2404 2021 21 17 at
2434 2025 12 13 a
2451 2018 89 25 meeting
2545 2017 21 19 of
2572 2017 34 19 the
2612 2017 156 19 Leicestershire

2336 2045 80 24 County
2434 2044 88 20 Conncil.
2549 2044 41 18 The
2608 2043 78 20 disease
2705 2043 63 19 broke

2336 2074 35 16 out
2388 2078 26 12 on
2436 2071 34 19 the
2488 2071 51 18 farm
2555 2070 22 19 of
2594 2076 14 13 a
2628 2069 34 20 Mr
2680 2069 89 20 Warren

2337 2101 20 16 at
2366 2097 96 25 Aruetby,
2472 2096 39 19 and
2526 2099 36 16 not
2582 2096 48 24 only
2648 2096 34 19 tho
2702 2095 66 23 cattle,

2336 2124 38 19 but
2383 2124 75 18 human
2474 2122 70 25 beings
2563 2122 41 19 and
2622 2122 28 18 all
2667 2121 62 19 kinds
2749 2121 20 18 of

2338 2150 84 20 animals
2437 2155 50 14 were
2502 2148 100 19 attacked.
2631 2148 43 19 The
2692 2148 78 18 farmer

2338 2177 41 19 and
2388 2177 21 18 10
2420 2181 44 14 men
2477 2181 52 13 were
2552 2174 28 19 all
2595 2174 23 19 ill
2637 2176 21 17 at
2668 2180 38 13 one
2714 2173 54 24 time,

2338 2209 37 14 one
2385 2208 45 13 man
2444 2201 63 25 dying
2525 2203 21 16 at
2566 2200 35 19 the
2618 2200 102 19 .Leicester
2735 2199 23 19 lu-

2338 2229 85 23 firmary.
2450 2229 20 17 A
2494 2233 79 14 woman
2591 2227 22 19 in
2632 2226 85 26 passing
2736 2226 33 19 the

2338 2254 169 27 plague-stricken
2514 2256 44 23 spot
2574 2259 41 14 was
2632 2256 62 22 stung
2714 2252 26 25 by
2759 2259 10 12 a

2338 2282 26 24 tiy
2371 2280 39 19 and
2416 2280 47 19 died
2468 2280 53 19 from
2528 2280 94 19 anthrax.
2651 2279 53 24 Cats,
2713 2278 54 25 dogs,

2340 2307 38 20 and
2388 2306 54 19 birds
2462 2306 21 19 in
2502 2306 34 19 tho
2555 2305 155 25 neighborhood
2728 2305 41 18 also

2338 2333 50 20 died.
2416 2332 32 19 Sir
2453 2332 102 19 Archdale
2559 2332 82 19 Palmer
2645 2331 66 20 stated
2718 2331 50 22 that,

2338 2360 21 18 in
2371 2359 51 19 view
2441 2359 21 19 of
2481 2358 34 19 tho
2533 2358 125 19 seriousness
2676 2358 40 19 and
2733 2358 24 18 im-

2338 2388 94 22 portance
2450 2385 22 18 of
2490 2384 34 19 the
2543 2387 79 22 matter,
2638 2384 34 19 the
2697 2386 72 23 county

2338 2411 78 19 council
2424 2411 42 19 had
2472 2411 80 20 written
2561 2411 75 25 asking
2651 2410 34 20 tho
2703 2410 66 20 Board

2338 2438 21 18 of
2368 2437 131 26 Agriculture
2518 2439 20 17 to
2556 2437 50 20 send
2625 2437 58 19 down
2698 2443 26 13 an
2740 2436 20 19 in-

2338 2467 78 22 spector
2423 2466 20 16 to
2453 2464 59 19 make
2521 2470 26 12 an
2556 2464 82 24 inquiry
2648 2463 39 19 and
2696 2464 72 24 report,

2339 2490 37 20 but
2386 2490 34 19 the
2430 2490 65 20 Bosrd
2503 2490 40 19 had
2553 2490 77 25 replied
2639 2489 44 19 that
2698 2489 16 19 it
2729 2489 40 19 had

2339 2523 26 13 no
2375 2517 134 26 professional
2524 2517 66 20 officer
2609 2518 21 17 to
2646 2515 49 20 send
2705 2515 63 20 down.

2339 2543 20 19 A
2374 2542 110 21 resolution
2502 2551 42 13 was
2564 2543 73 27 passed
2653 2541 117 26 expressing

2338 2571 69 27 regret
2416 2569 45 19 that
2468 2572 35 19 the
2519 2571 68 20 Board
2602 2570 22 19 of
2641 2568 128 25 Agricultuio

2339 2596 41 21 had
2390 2597 35 19 not
2434 2602 48 15 seen
2496 2598 23 20 fit
2538 2600 21 17 to
2576 2600 80 22 comply
2672 2595 47 19 with
2736 2594 33 19 tho

2338 2633 82 18 requoss
2428 2628 21 18 of
2459 2627 34 19 tho
2503 2626 82 19 council.

2342 2681 17 18 A
2371 2679 146 26 QUESTION
2533 2679 35 19 OF
2584 2677 137 20 INTEREST
2735 2677 34 19 TO

2464 2704 183 21 TRADESMEN.

2368 2761 19 19 A
2398 2758 60 27 point
2468 2759 21 19 of
2503 2758 89 20 interest
2601 2764 42 13 was
2659 2755 71 21 settled
2738 2755 33 19 the

2342 2787 59 19 other
2411 2786 38 25 day
2459 2787 21 18 at
2496 2785 84 19 Nelson.
2614 2784 20 19 A
2652 2783 118 22 tradesman,

2342 2814 19 19 in
2371 2813 120 19 accordance
2499 2811 46 20 with
2557 2818 11 12 a
2576 2812 67 18 notice
2650 2816 23 13 on
2685 2809 32 19 the
2728 2808 34 19 bill-

2342 2840 67 23 heads,
2423 2839 87 25 charged
2519 2838 87 19 interest
2616 2844 25 12 on
2651 2842 24 13 an
2687 2835 84 19 overdue

2342 2869 87 17 account
2438 2865 39 20 and
2493 2865 48 19 sued
2554 2864 32 19 for
2603 2863 33 19 the
2653 2863 82 18 amount
2750 2861 20 19 in

2343 2894 71 20 Court.
2449 2891 42 21 The
2501 2890 51 22 S.M.
2567 2890 42 20 said
2619 2889 25 20 lie
2654 2888 37 20 had
2701 2887 69 20 looked

2343 2927 27 18 up
2395 2918 119 21 authorities
2538 2917 38 21 and
2603 2915 64 21 found
2689 2914 81 24 several,

2343 2946 91 25 whereby
2449 2945 17 19 it
2484 2943 98 27 appeared
2597 2943 44 19 that
2658 2941 33 20 the
2705 2940 66 20 notice

2343 2979 25 14 on
2383 2972 34 20 the
2434 2971 86 20 billhead
2536 2977 39 13 was
2592 2971 35 18 not
2637 2968 98 20 sufficient
2750 2969 21 17 to

2345 2999 70 21 enable
2425 2998 86 20 interest
2521 3001 21 16 to
2552 2997 23 19 be
2586 2995 88 26 charged.
2702 2994 21 19 It
2733 2999 38 14 was

2343 3028 37 18 not
2390 3032 105 19 necessary
2505 3024 45 20 that
2560 3023 56 20 there
2623 3020 69 22 should
2707 3020 24 19 be
2745 3027 25 12 an

2343 3053 117 26 agreement
2477 3052 91 19 between
2587 3049 34 20 the
2638 3046 78 27 parties,
2735 3046 36 19 but

2345 3080 56 19 there
2411 3078 71 20 should
2494 3078 23 19 be
2528 3084 11 13 a
2550 3078 60 18 letter
2625 3081 21 14 or
2659 3072 112 25 something

2345 3108 21 18 to
2377 3112 35 18 say
2423 3105 46 19 that
2479 3104 85 20 interest
2573 3102 63 20 would
2653 3100 23 20 be
2686 3100 84 24 charged

2345 3133 50 19 from
2406 3139 11 13 a
2427 3131 77 20 certain
2512 3131 52 23 date,
2573 3129 19 19 in
2600 3127 62 21 which
2670 3133 42 13 case
2719 3124 51 27 legal

2343 3159 94 23 interest,
2448 3159 22 19 at
2484 3159 12 18 8
2508 3164 35 19 per
2553 3159 44 17 cent
2613 3154 45 25 only
2674 3152 57 21 could
2747 3152 24 20 be

2345 3185 91 24 charged.

2372 3234 63 21 There
2457 3241 35 13 are
2514 3241 25 12 no
2569 3234 60 18 fewer
2658 3229 49 20 than
2735 3230 36 19 103

2347 3260 113 21 cathedrals
2478 3260 22 19 in
2518 3260 34 19 the
2570 3257 74 21 United
2661 3255 109 25 Kingdom.

2347 3288 28 20 Of
2393 3286 56 21 tliesc
2470 3287 22 19 18
2525 3292 33 13 are
2582 3283 75 20 Roman
2681 3281 90 20 Catholic

2346 3312 120 24 cathedrals,
2478 3314 25 19 36
2514 3310 79 22 Church
2602 3310 20 19 of
2631 3307 98 26 England,
2749 3309 22 18 12

2347 3340 75 24 belong
2432 3342 21 16 to
2460 3339 35 19 the
2505 3337 79 22 Church
2593 3336 20 19 of
2626 3333 85 24 Ireland,
2732 3335 39 19 and

2347 3368 10 17 7
2368 3368 21 17 to
2403 3366 35 19 the
2461 3364 107 27 Episcopal
2586 3361 76 21 Church
2678 3359 21 19 of
2717 3359 43 21 Scot-

2346 3392 54 19 land.

2372 3427 19 19 A
2400 3425 154 25 match-cutting
2563 3422 87 21 machino
2657 3421 16 18 is
2680 3421 55 23 quite
2745 3427 25 14 an

2346 3452 214 24 automaticcuriusity.
2586 3449 63 19 Itcuts
2655 3448 115 22 10,000,000

2346 3479 62 19 sticks
2418 3485 11 13 a
2440 3479 45 24 day,
2495 3478 39 18 and
2544 3477 45 19 then
2605 3478 93 19 arranges
2716 3472 54 21 them

2347 3512 47 12 over
2403 3511 12 13 a
2424 3507 42 21 vat,
2474 3503 66 21 whero
2550 3502 33 20 the
2589 3499 59 20 heads
2658 3504 34 13 are
2699 3500 38 23 put
2745 3506 25 13 on

2346 3534 22 17 at
2377 3530 115 26 surprising
2501 3532 43 17 rate
2553 3528 20 19 of
2582 3524 62 29 speed.

2374 3566 41 19 The
2425 3566 156 24 quartermaster
2594 3561 42 19 who
2650 3565 39 13 was
2709 3561 51 19 steer-

2347 3593 35 25 ing
2396 3595 20 16 at
2427 3592 37 19 the
2474 3591 47 19 time
2532 3590 32 19 the
2574 3586 116 22 Cattliertun
2700 3587 69 19 struck

2347 3626 39 12 was
2401 3625 12 12 a
2424 3619 66 18 South
2504 3618 37 19 Sea
2552 3613 91 22 Islander,
2653 3611 41 19 and
2704 3615 36 17 not
2757 3621 10 11 a

2347 3645 117 24 Chinaman,
2473 3651 22 12 as
2504 3645 22 18 at
2537 3643 41 19 first
2587 3637 67 23 stated.
2683 3637 34 20 He
2731 3646 39 13 was

2346 3679 47 12 seen
2402 3674 21 16 at
2433 3671 34 19 the
2478 3670 61 20 wheel
2554 3675 25 18 up
2589 3670 18 16 to
2618 3664 31 19 the
2659 3670 49 18 very
2725 3665 43 25 last,

2347 3698 37 19 and
2401 3700 53 17 went
2473 3697 56 19 down
2547 3693 42 21 with
2604 3691 33 20 the
2652 3691 61 19 vessel
2728 3692 40 20 still

2347 3724 82 25 holding
2440 3730 24 13 on
2475 3725 21 17 to
2513 3723 33 19 the
2563 3717 64 22 wheel.
2662 3716 48 20 This
2725 3724 43 14 mat

2347 3757 40 13 was
2397 3757 24 12 on
2434 3750 33 19 the
2478 3753 83 15 steamer
2575 3745 73 25 Quetta
2658 3743 58 20 when
2736 3746 33 18 she

2348 3784 39 12 was
2398 3776 98 23 wrecked,
2511 3774 38 20 and
2568 3777 35 14 was
2618 3770 80 19 rescued
2716 3770 52 21 after

2347 3803 73 25 having
2430 3802 73 20 floated
2514 3801 30 19 for
2552 3803 53 19 many
2612 3796 61 19 hours
2682 3802 25 13 on
2716 3803 52 14 som«

2348 3829 107 23 wreckage.

2770 107 168 22 AMERICANS
2954 104 156 21 LEARNING
3121 103 80 20 FROM

2903 131 170 21 AUSTRALIA.

2798 191 39 21 We
2847 197 52 13 seem
2910 192 21 18 to
2941 191 26 19 be
2986 190 99 25 swinging
3103 187 65 21 round
3183 189 20 19 to

2773 218 118 20 Australian
2899 216 92 20 fashions
3001 216 20 19 in
3039 221 60 20 gram
3115 214 77 19 harvest-

2772 245 34 25 ing
2821 245 54 24 (says
2894 243 35 20 the
2948 242 74 21 Pacific
3044 241 65 20 Rural
3129 240 75 26 Press),

2772 271 54 25 They
2837 270 65 19 would
2913 271 37 18 not
2960 269 48 20 take
3022 275 37 11 our
3077 269 59 22 great
3153 273 39 12 com-

2774 297 59 20 bined
2842 297 115 19 harvesters
2969 296 86 19 because
3073 294 22 19 of
3114 294 44 19 cost
3167 293 39 20 and

2774 324 93 19 numbers
2882 322 21 20 of
2920 322 86 19 animals
3026 320 92 26 required
3137 319 32 19 for
3179 319 18 20 lo-

2774 350 106 22 comotion,
2890 348 117 26 preferring
3014 348 53 19 their
3077 353 45 13 own-

2870 375 52 20 Now
2932 376 80 23 reports
3025 380 34 13 are
3069 374 84 18 current
3161 371 46 21 that

2774 402 51 20 local
2837 404 93 23 patterns
2943 400 22 21 of
2984 399 105 27 stripping
3105 397 102 21 machines

2775 435 33 14 are
2818 431 21 16 to
2849 428 24 19 be
2882 427 78 26 largely
2974 426 59 20 made
3042 433 27 12 on
3087 424 42 21 this
3147 427 62 19 coast.

2776 454 41 20 The
2828 454 93 26 Spokane
2930 453 82 20 Review
3022 452 48 21 tells
3084 451 23 20 of
3117 450 64 20 which
3190 451 16 19 it

2776 488 45 19 says
2831 480 41 20 will
2882 480 24 19 be
2916 480 79 26 largely
3005 478 50 21 used
3066 478 20 19 in
3096 477 98 24 Washing-

2772 502 1 34 j
2777 511 44 16 ton.
2848 506 42 20 The
2897 506 93 19 machine
3000 505 16 20 is
3027 504 43 21 said
3080 506 22 18 to
3112 503 97 21 resemble

2777 541 12 13 a
2798 534 79 19 header.
2905 534 19 18 A
2930 532 93 26 cylinder
3030 531 67 20 armed
3106 530 49 20 with
3164 529 45 21 iron

2778 561 79 19 beaters
2866 560 18 19 is
2895 558 69 26 rigged
2975 560 22 18 to
3007 564 40 14 run
3054 557 22 20 in
3083 556 35 20 the
3125 556 56 25 place
3187 556 22 20 of

2778 587 34 19 the
2823 586 46 23 reel,
2881 586 39 19 and
2930 584 81 20 instead
3035 583 22 20 of
3076 583 82 25 cutting
3178 581 33 21 the

2778 613 64 26 grain,
2862 612 64 20 which
2946 611 65 20 would
3033 609 122 21 necessitate
3176 609 34 20 the

2781 639 96 25 handling
2890 638 21 20 of
2920 644 55 13 more
2993 644 23 12 or
3033 637 40 19 less
3092 638 67 22 straw,
3179 635 32 19 the

2779 666 61 19 heads
2851 671 34 14 are
2896 664 89 25 stripped
2997 663 30 19 off
3037 663 39 19 and
3087 663 35 19 the
3132 663 79 19 beaters

2780 692 70 19 thresh
2860 693 36 18 out
2906 691 34 19 the
2951 690 57 25 grain
3018 697 22 12 as
3051 689 15 19 it
3076 689 47 19 falls
3138 695 27 13 on
3179 687 33 21 the

2780 719 79 25 draper.
2887 718 21 19 It
2915 717 16 20 is
2939 717 49 19 then
2997 716 76 20 carried
3082 717 22 18 to
3111 722 13 12 a
3133 715 78 19 suction

2781 746 42 22 fan,
2835 744 63 20 which
2909 743 68 20 cleans
2987 743 34 19 the
3031 742 58 26 grain
3100 742 22 18 of
3130 741 54 20 chaff
3193 747 19 13 ae

2780 771 22 20 in
2821 778 26 12 an
2866 770 96 25 ordinary
2988 769 107 24 threshing
3116 767 97 21 machine.

2781 798 42 19 The
2833 797 57 25 grain
2901 797 17 19 is
2939 795 73 21 sacked
3030 795 40 20 and
3089 793 87 26 dumped
3195 793 19 20 iu

2783 825 50 25 piiea
2843 826 21 17 to
2875 823 24 20 be
2910 823 95 25 gatnered
3015 829 27 19 up
3051 822 26 25 by
3087 821 35 19 the
3132 819 81 26 hauling

2782 857 99 18 waggons.
2910 850 41 20 The
2960 849 117 24 machinery
3086 847 18 20 is
3113 847 95 25 operated

2783 878 24 25 by
2819 882 65 19 power
2890 875 108 21 furnished
3005 875 27 25 by
3040 882 12 12 a
3059 873 59 20 small
3125 873 88 26 gasoline

2781 910 80 18 engine,
2871 903 37 19 and
2918 901 35 21 the
2968 901 65 20 entire
3049 900 90 20 machine
3157 899 19 20 is
3193 906 21 13 fo

2781 929 52 27 light
2843 929 46 20 that
2897 929 48 19 four
2954 928 70 20 horses
3042 934 38 13 can
3101 925 42 23 pull
3153 925 17 20 it
3188 931 25 14 on

2782 956 96 20 ordinary
2888 955 51 20 level
2950 954 81 27 ground
3041 954 39 19 and
3091 952 31 20 six
3132 959 26 13 on
3181 952 33 20 the

2783 983 95 24 roughest
2888 982 52 19 farm
2948 981 54 20 land.
3031 981 47 19 Two
3087 986 47 13 men
3145 985 35 13 are
3190 979 26 20 all

2783 1010 45 19 that
2838 1014 33 13 are
2882 1008 76 20 needed
2969 1011 21 15 to
3000 1009 84 23 operate
3103 1006 82 19 it—one
3195 1006 20 19 to

2781 1035 56 20 drive
2847 1035 34 18 the
2890 1037 54 16 team
2953 1034 38 19 and
3001 1033 91 26 regulate
3099 1032 34 19 the
3143 1030 69 26 height

2783 1062 21 19 of
2815 1061 34 18 the
2859 1060 63 20 sickle
2932 1061 42 22 bar,
2984 1060 39 19 and
3035 1059 34 20 the
3085 1058 59 19 other
3154 1059 22 18 to
3186 1060 19 17 at-

2783 1087 48 20 tend
2842 1089 21 17 to
2873 1087 34 19 iho
2917 1087 76 24 engine
3004 1087 38 19 and
3054 1092 38 13 sew
3103 1084 35 20 the
3153 1083 64 23 sackd,

2782 1115 42 19 The
2834 1113 90 20 machine
2936 1119 39 13 was
2991 1112 108 20 conceived
3118 1110 41 20 and
3169 1117 34 13 con-

2783 1141 91 19 structed
2885 1140 25 26 by
2922 1139 92 20 William
3025 1139 85 25 Copper,
3127 1137 43 19 who
3181 1143 22 19 op-

2783 1167 70 20 erated
2863 1167 17 19 it
2890 1167 39 18 last
2939 1173 50 19 year
3009 1165 48 20 with
3078 1163 136 21 considerable

2783 1200 85 14 success.
2896 1193 22 19 It
2938 1192 40 20 will
2989 1194 53 18 start
3056 1193 37 18 out
3110 1190 41 19 this
3170 1197 45 18 year

2784 1220 46 20 with
2838 1226 58 18 many
2904 1219 159 25 improvements
3076 1216 108 26 suggested
3191 1216 25 26 by

2784 1247 37 19 last
2832 1246 65 26 year's
2908 1246 122 24 experience
3049 1244 40 19 and
3096 1242 68 26 study.
3192 1243 21 19 It

2783 1274 15 19 is
2806 1272 83 21 claimed
2901 1272 46 19 that
2957 1279 11 12 a
2983 1271 92 20 machine
3084 1269 22 20 of
3130 1269 40 20 Ihis
3181 1269 22 20 de-

2782 1299 97 25 scription
2890 1305 37 13 can
2935 1299 23 18 be
2969 1300 38 22 put
3018 1304 26 18 up
3054 1297 33 19 for
3101 1295 73 20 300iol
3191 1301 21 15 <r

2782 1326 79 22 •lOOdol,
2882 1325 39 19 and
2933 1324 48 19 with
2992 1324 18 19 it
3020 1323 57 25 grain
3092 1329 37 13 can
3140 1322 24 20 be
3181 1324 34 19 cut

2783 1353 40 19 and
2834 1350 94 21 threshed
2939 1350 32 21 for
2988 1350 63 20 about
3070 1350 26 19 50
3115 1350 56 19 cents
3191 1355 24 14 au

2784 1385 51 14 acre.

2835 1420 39 22 NO
2884 1421 81 20 IRISH
2976 1420 78 21 NEED
3066 1419 99 22 APPLY.

2811 1474 52 21 Irish
2878 1474 102 21 mackerel
2999 1474 37 20 has
3046 1480 55 15 come
3112 1472 64 23 under
3184 1474 31 21 the

2783 1502 153 21 condemnation
2965 1501 22 21 of
3006 1501 36 21 the
3071 1501 142 20 Government,

2783 1529 21 20 It
2814 1528 34 22 has
2858 1528 51 21 been
2919 1527 57 22 mada
2990 1527 35 22 the
3045 1525 81 30 subject
3142 1527 22 22 of
3174 1527 41 22 des>

2785 1556 80 25 patches
2881 1555 91 21 betweon
2991 1553 32 22 his
3042 1554 122 26 Excellency
3184 1554 31 23 the

2784 1583 105 20 Governor
2900 1581 39 22 and
2950 1582 35 21 the
2999 1581 93 27 Marquis
3102 1581 21 21 of
3142 1581 71 28 Ripon,

2783 1609 33 22 the
2827 1610 40 21 late
2884 1608 109 27 Secretary
3013 1608 21 21 of
3055 1609 58 21 State
3130 1607 34 24 for
3183 1609 32 22 the

2784 1636 99 21 Colonies.
2911 1636 22 20 It
2943 1642 56 15 arose
3010 1636 20 19 in
3044 1634 41 22 this
3093 1635 52 22 wise.
3173 1636 40 22 The

2783 1664 72 27 people
2864 1664 90 26 engaged
2965 1663 20 20 in
3001 1662 36 21 the
3055 1662 55 22 Irish
3129 1662 86 23 fisheries

2783 1694 48 17 Bent
2841 1697 10 14 a
2862 1690 61 20 letter
2931 1693 21 18 to
2962 1690 55 20 Lord
3025 1689 67 27 Ripon
3100 1690 115 27 requesting

2785 1718 37 19 him
2834 1719 21 18 to
2865 1723 61 14 cause
2935 1716 99 27 inquiries
3048 1719 21 18 to
3088 1718 25 20 be
3131 1718 58 20 made
3198 1718 18 20 in

2784 1744 34 20 the
2846 1744 145 20 Australasian
3030 1744 89 21 colonies
3146 1752 22 13 as
3194 1744 20 21 id

2785 1770 89 21 whether
2888 1770 19 19 it
2916 1770 66 21 would
2996 1772 39 18 not
3052 1771 25 20 be
3095 1771 90 26 possible
3195 1774 18 17 td

2784 1804 54 20 open
2856 1804 28 19 up
2903 1803 12 14 a
2935 1796 81 21 market
3030 1798 20 19 in
3069 1799 49 20 each
3138 1796 21 22 of
3184 1799 31 19 the

2785 1824 88 20 colonies
2882 1824 32 19 for
2922 1824 100 20 mackerel
3030 1825 62 20 cured
3100 1821 21 24 in
3129 1822 86 23 trfelatldi

2785 1851 57 25 They
2853 1850 78 21 offered
2942 1855 21 15 to
2971 1850 49 21 send
3044 1851 23 19 th
3073 1852 65 26 rough
3149 1850 33 21 the
3191 1848 25 23 in*

2785 1880 92 23 spectors
2907 1877 22 20 of
2947 1877 36 20 the
3015 1876 91 22 flsheriea
3134 1878 81 26 samples

2785 1904 22 19 of
2839 1903 34 20 the
2893 1904 62 19 cured
2975 1902 43 26 flsb,
3041 1904 66 25 gratis
3123 1907 22 17 to
3162 1904 50 21 firms

2785 1930 21 20 of
2816 1928 98 27 standing
2924 1930 21 20 in
2966 1931 36 19 the
3018 1931 96 25 colonies,
3131 1938 22 14 so
3170 1931 42 20 that

2787 1958 33 19 the
2844 1956 72 26 people
2936 1957 66 25 might
3025 1957 50 21 have
3093 1965 27 14 an
3142 1964 57 20 oppor-

2786 1983 69 26 tunity
2872 1984 22 19 of
2922 1984 71 25 trying
3020 1984 36 19 the
3091 1984 44 21 flsb.
3164 1983 49 22 Lord

2787 2010 66 25 Ripon
2864 2012 64 18 wrote
2936 2012 22 18 to
2969 2010 52 20 New
3043 2011 88 21 Zealand
3142 2018 21 13 as
3174 2010 40 20 well

2786 2043 22 13 as
2816 2040 20 15 to
2847 2036 34 20 the
2898 2037 58 20 other
2976 2037 95 25 colonies,
3090 2038 39 20 and
3145 2038 40 19 this
3197 2037 16 20 id

2787 2064 32 18 the
2829 2063 57 26 reply
2896 2062 25 20 he
2941 2064 98 19 received.
3067 2064 23 20 It
3100 2071 85 21 appears
3198 2063 17 20 in

2789 2090 32 19 the
2840 2089 165 25 Parliamentary
3023 2097 74 18 papeea
3127 2091 45 24 just
3193 2090 26 18 ie»

2788 2115 53 20 sued:
2902 2115 141 20 Government
3062 2115 78 24 Houne,
3163 2115 53 21 Wei*

2790 2142 82 25 lington,
2888 2141 113 26 Septenber
3019 2142 58 25 23rd,
3098 2142 58 21 1894
3183 2142 32 26 Mj

2790 2168 56 23 Lord,
2849 2168 37 19 —I
2896 2167 51 21 have
2956 2168 35 20 the
3006 2168 81 20 honour
3105 2171 22 18 to
3144 2168 70 21 inform

2787 2202 45 18 you,
2843 2195 20 19 in
2874 2195 56 24 reply
2942 2196 22 18 io
2976 2201 51 15 your
3036 2195 107 27 despatch,
3159 2195 56 24 (New

2787 2221 94 24 Zealand,
2891 2221 35 20 No
3011 2221 61 21 dated
3093 2223 54 20 June
3162 2221 54 24 22nd,

2787 2249 51 22 189-1,
2849 2248 46 20 that
2905 2254 33 19 my
2948 2247 140 22 Government
3102 2249 24 19 do
3142 2250 36 18 not
3188 2249 18 19 de-

2788 2275 37 19 sire
2835 2275 21 18 to
2864 2280 113 19 encourage
2985 2275 35 19 the
3029 2274 149 27 Jintroduction
3196 2274 18 21 of

2788 2301 148 26 foreign-cured
2950 2301 40 19 fish
3000 2301 22 21 of
3041 2309 40 19 any
3103 2301 111 27 descrption

2787 2329 43 19 into
2853 2328 39 19 this
2916 2327 78 26 colony,
3016 2329 40 19 and
3076 2329 139 26 consequently

2788 2356 55 20 there
2853 2355 16 19 is
2879 2361 26 13 no
2914 2354 88 26 opening
3020 2355 33 19 for
3076 2355 56 21 Irish
3157 2356 56 19 cured

2787 2381 96 21 mackerel
2898 2381 56 20 here.
2982 2381 12 19 I
3002 2381 50 21 have
3059 2383 42 22 &c,
3117 2382 93 24 Glasgow
3211 2381 4 25 t

2788 2409 41 19 The
2834 2407 64 25 Right
2908 2407 56 20 Hon.
2975 2407 35 21 the
3020 2407 92 28 Marquis
3121 2409 23 19 of
3153 2407 61 27 Ripon

2788 2434 117 23 K.C.MG.,
2916 2434 107 26 Secretary
3034 2435 22 19 of
3076 2436 57 19 State
3143 2435 32 20 for
3185 2435 30 19 tbe

2942 2461 40 19 His
3017 2461 120 26 Excellency
3164 2463 50 18 must

2787 2487 111 22 sometimes
2909 2487 40 19 feel
2957 2488 69 20 rather
3036 2496 57 12 mean
3109 2491 21 17 at
3146 2488 69 25 having

2788 2520 19 14 to
2816 2515 32 19 act
2854 2520 21 12 as
2886 2514 34 18 the
2929 2514 128 25 mouthpiece
3067 2515 21 19 of
3094 2514 48 21 such
3152 2514 62 20 small*

2788 2540 78 22 minded
2886 2539 90 21 advisers
2994 2548 21 12 as
3025 2541 58 21 those
3098 2541 47 20 with
3157 2540 59 21 whom

2788 2569 23 19 he
2822 2569 15 18 is
2848 2568 22 18 at
2879 2569 84 23 present
2971 2568 78 20 blessed
3059 2568 48 20 with
3123 2567 22 21 in
3166 2567 51 21 Wel«

2787 2595 86 24 lington.
2901 2593 75 21 Should
3001 2594 35 20 the
3071 2595 33 19 old
3135 2596 80 24 country

2788 2621 60 20 shake
2856 2620 77 21 herself
2941 2628 27 18 up
2977 2621 46 19 into
3030 2621 114 20 retaliation
3153 2627 38 13 ono
3199 2621 16 19 of

2789 2648 55 20 these
2854 2649 54 24 days,
2919 2647 40 19 and
2974 2647 70 25 notify
3063 2648 51 20 New
3133 2647 82 20 Zealand

2790 2675 43 19 that
2844 2675 33 19 she
2888 2680 68 13 means
2966 2676 20 17 to
2994 2674 64 26 adopt
3074 2675 34 19 the
3126 2680 54 13 same
3190 2675 17 18 at-

2789 2701 66 19 titude
2863 2700 87 20 towards
2961 2707 37 13 our
3008 2700 69 20 frozen
3090 2704 78 16 mutton
3175 2700 40 19 that

2790 2734 27 13 we
2827 2727 89 25 through
2926 2734 37 12 our
2972 2727 103 19 ministers
3093 2727 51 20 have
3158 2726 57 20 taken

2790 2761 26 18 up
2827 2754 89 20 towards
2926 2753 56 20 Irish
3006 2753 105 25 mackerel,
3132 2759 28 13 we
3182 2752 34 20 will

2789 2781 48 19 have
2848 2781 69 19 rather
2925 2780 72 25 rudely
3007 2780 70 20 forced
3095 2786 54 20 upon
3168 2786 24 14 us
3207 2786 8 12 a

2790 2807 65 20 better
2865 2806 162 26 understanding
3037 2806 21 20 of
3078 2807 34 19 the
3131 2805 72 21 foolish-

2789 2840 45 13 ness
2848 2833 21 21 of
2884 2840 36 14 our
2943 2837 83 22 present
3048 2832 165 22 narrow-minded

2790 2860 71 25 policy.

2823 2910 201 31 GENERAL
3051 2907 135 33 NEWS.

2814 2964 26 20 In
2849 2965 104 20 Australia
2963 2964 68 20 horses
3050 2965 41 20 and
3109 2962 60 21 cattle
3188 2968 29 15 are

2789 2997 43 14 now
2841 2991 63 26 being
2914 2990 92 21 branded
3012 2990 28 25 by
3049 2989 110 26 electricity
3168 2988 48 21 from

2789 3019 78 25 storage
2883 3016 103 21 batteries.
3022 3016 43 21 The
3088 3018 130 24 temperature

2788 3043 17 19 is
2815 3044 94 24 uniform,
2919 3044 42 19 and
2976 3043 35 20 the
3027 3044 76 20 brands
3121 3042 43 20 safe
3183 3041 35 21 and

2789 3068 81 21 artistic.

2814 3107 27 20 At
2856 3114 12 13 a
2883 3107 59 21 small
2957 3107 70 27 public
3041 3107 90 26 meeting
3144 3106 48 20 held
3201 3106 17 19 at

2789 3133 109 21 Cooktown
2907 3135 17 19 it
2938 3141 41 13 was
2994 3134 92 20 resolved
3102 3135 21 18 to
3141 3132 77 26 request

2788 3159 34 20 the
2831 3160 94 21 Minister
2935 3161 21 19 of
2965 3161 67 19 Mines
3041 3162 21 18 to
3077 3159 58 21 order
3142 3159 35 19 the
3185 3159 22 19 im-

2788 3186 86 20 mediate
2884 3187 108 26 expulsion
3001 3187 21 19 of
3031 3187 35 19 the
3076 3185 86 21 Chinese
3169 3185 48 19 from

2789 3212 34 20 the
2833 3213 84 20 Starcke
2928 3213 102 25 goldfield.

2814 3247 19 20 A
2849 3248 60 20 letter
2928 3253 86 21 appears
3031 3247 22 20 in
3077 3244 139 23 Christchureh

2789 3273 58 20 Press
2857 3274 73 26 signed
3097 3272 81 21 written
3193 3271 24 25 by

2789 3306 36 13 uiio
2840 3300 21 19 uf
2878 3300 57 20 those
2951 3300 45 19 who
3013 3304 54 15 went
3081 3306 28 19 up
3124 3298 50 21 with
3187 3297 30 20 the

2788 3325 72 21 labour
2877 3333 47 13 men
2942 3328 21 17 to
2973 3326 55 20 work
3038 3328 22 17 at
3069 3326 92 19 Galatea.
3189 3324 29 19 He

2788 3358 45 19 says
2840 3353 35 19 the
2885 3352 65 20 whole
2961 3352 91 19 business
3062 3352 38 19 has
3109 3351 53 20 been
3172 3350 33 20 mis-

2787 3379 100 25 managed
2897 3379 40 19 and
2949 3378 141 26 humbugged.

2814 3410 128 20 Summonses
2949 3410 53 20 have
3008 3410 53 19 been
3067 3409 67 20 issued
3140 3408 77 26 against

2787 3436 56 20 three
2862 3437 45 19 lads
2926 3437 32 19 for
2981 3436 133 25 distributing
3134 3440 84 20 cayenne

2787 3469 76 19 popper
2872 3463 21 19 in
2912 3469 12 13 a
2942 3463 99 19 ballroom
3061 3464 21 17 at
3097 3461 80 25 Albury
3193 3466 25 14 on

2786 3488 50 26 July
2846 3491 30 20 26,
2887 3489 29 24 by
2925 3488 66 21 which
3001 3495 61 19 many
3076 3494 83 20 persons
3168 3493 49 14 wore

2787 3514 72 19 almost
2868 3511 118 22 suffocated.

2812 3550 79 20 Twelve
2901 3549 93 20 hundred
3005 3549 59 19 cattle
3074 3555 35 19 per
3119 3548 57 20 week
3186 3553 31 14 are

2786 3575 62 26 being
2857 3578 38 24 put
2904 3575 91 26 through
3004 3575 34 20 the
3046 3571 102 29 Alligator
3156 3573 61 21 Creek

2787 3601 55 19 Meat
2852 3602 75 18 Works
2941 3604 21 16 at
2975 3601 128 19 Townsville.

2812 3633 19 20 A
2854 3634 75 19 fanner
2948 3633 73 19 namod
3043 3632 92 24 Preston,
3160 3631 57 20 while

2786 3658 90 26 blasting
2885 3660 45 24 logs
2940 3661 20 18 at
2970 3659 101 24 Bruthen,
3084 3658 97 24 Tictoria,
3195 3664 22 13 on

2786 3684 49 26 July
2846 3688 30 21 29,
2896 3692 42 13 was
2956 3685 68 19 blown
3042 3687 21 17 to
3081 3684 66 26 pieces
3165 3684 28 25 by
3206 3690 11 12 a

2786 3711 75 25 charge
2867 3711 138 25 prematurely
3014 3710 118 26 exploding.

2812 3744 43 19 Tho
2866 3744 91 20 Colonial
2966 3744 110 19 Treasurer
3085 3744 61 18 states
3153 3742 45 19 that
3205 3741 13 20 it

2785 3770 67 19 would
2881 3776 61 13 mean
2977 3775 12 14 a
3019 3769 41 20 loss
3079 3768 22 21 of
3117 3768 67 19 £SOOO
3198 3770 19 17 to

2785 3796 76 24 permit
2882 3802 129 19 newspapers
3026 3794 82 26 printod
3135 3794 22 19 in
3184 3794 32 19 tho

2785 3821 70 26 colony
2865 3824 20 17 to
2895 3822 26 19 bo
2930 3824 45 17 sent
2985 3821 77 20 abroad
3071 3821 43 19 free
3127 3822 21 18 of
3166 3822 41 24 post-

2785 3853 44 20 age.
2857 3848 43 19 Tho
2910 3848 120 25 suggestion
3040 3854 43 13 was
3101 3849 35 16 not
3155 3846 60 25 likely

2784 3875 21 18 to
2814 3874 26 19 bo
2850 3874 126 19 entertained
2985 3874 32 19 for
3031 3880 61 17 many
3101 3879 65 18 years.

2812 3907 18 18 A
2840 3905 41 19 lind
2896 3905 21 19 of
2935 3905 51 19 slato
3005 3905 36 19 has
3060 3905 52 19 been
3126 3905 60 19 made
3195 3911 22 12 on

2784 3931 33 20 Mr
2826 3932 24 19 E.
2860 3931 63 20 Mill's
2932 3934 103 23 property.
3062 3931 40 19 Wo
3108 3931 52 19 have
3166 3931 50 19 been

2785 3958 70 19 shown
2864 3964 12 13 a
2886 3958 77 24 sample
2973 3958 21 18 of
3003 3958 21 22 it,
3041 3956 66 20 which
3123 3957 18 18 is
3150 3957 22 19 of
3181 3964 24 12 ex-

2785 3984 72 19 cellent
2866 3984 85 24 quality.
2980 3984 20 18 A
3008 3983 43 19 find
3061 3983 21 18 of
3092 3982 43 19 coal
3144 3983 17 19 is
3175 3984 40 18 also

2785 4010 93 25 reported
2883 4010 54 19 from
2943 4010 34 18 the
2985 4015 54 13 same
3049 4009 156 25 property.—Ex-

2796 4036 70 18 minor.

1109 70 57 24 THE
1180 68 60 24 HOT
1255 70 92 23 LAKES
1362 66 175 28 CHRONICLE,
1559 65 194 27 WEDNESDAY,
1778 65 167 22 SEPTEMBER
1959 66 20 26 4,
1991 65 50 21 IHSS
2040 65 1 29 ;

69 973 40 50 r

2805 4078 71 16 Printed
2888 4078 34 16 and
2934 4078 91 21 published
3043 4078 28 15 for
3086 4078 30 16 the
3124 4079 92 19 proprietor

2806 4102 18 14 at
2839 4100 27 15 his
2885 4099 94 20 registered
2984 4098 80 21 printing
3068 4096 48 20 office
3130 4098 77 17 Rotorua

2805 4121 24 21 by
2838 4121 56 15 I'KitcY
2905 4120 58 17 Jahks
2974 4120 99 20 Hammond,
3087 4120 17 16 of
3113 4119 82 18 Rotorua.

2805 4145 163 22 WEDNESDAY,
2978 4145 144 19 SEPTEMBER
3129 4146 67 21 4,1895

192 136 634 68 WAIWERA
935 127 753 66 SANATORIUM

895 199 123 35 AND

487 253 16 32 i.
522 253 10 24 i
546 251 106 33 <r\T
681 249 35 37 o
733 250 18 37 I

786 307 9 13 t
817 309 35 10 Hi
872 309 8 9 >
905 310 11 7 »
935 308 25 11 \_
961 307 1 13 •
969 307 4 13 .

61 359 88 33 Only
176 358 42 26 30
249 355 99 28 miles
586 350 194 33 Auckland,
793 347 104 35 |with
925 346 96 33 daily
1052 345 296 27 communication
1378 341 87 28 with
1494 340 112 27 Coach
1637 346 38 20 or
1694 338 150 27 steamer

386 396 55 21 See
456 393 167 22 advertised
634 393 84 21 Time
734 390 78 23 table
824 389 31 21 of
863 395 46 14 s.s.
924 387 80 22 Rose
1013 388 98 25 Casey
1122 385 60 21 and
1198 385 129 21 Butler's
1336 385 33 20 R.
1382 383 38 21 M.
1439 381 106 22 Coach.

58 435 103 23 WHE
186 433 117 25 ABOVE
317 430 298 26 ESTABLISHMENT
626 427 139 27 STANDS
778 423 233 27 UNRIVALLED
1023 432 26 15 as
1067 432 14 15 a
1092 421 93 25 Health
1195 430 27 16 or
1233 421 111 33 pleasure
1356 420 99 27 Resort,
1467 417 48 25 and
1527 416 44 25 has
1581 414 91 34 special
1703 413 152 31 advantages

92 463 2 35 ,
144 468 37 25 for
193 467 78 25 either
294 465 114 26 Tourists
423 472 27 17 or
464 463 120 29 Invalids,

421 569 174 30 Beautiful
613 569 158 32 Scenery,
791 565 240 32 Sea-Bathing,
1058 564 159 33 Boating,
1235 561 150 36 Fishing,
1399 559 57 31 &c,

614 601 127 28 Cusine
755 601 70 27 and
838 599 209 28 attendance
1067 597 37 28 of
1125 597 60 27 the
1204 596 83 29 best.

57 649 94 26 Famed
162 649 36 24 for
210 649 32 24 its
255 647 95 26 urative
363 647 95 23 natural
471 644 104 26 medical
590 644 52 24 Hot
655 644 103 31 Springs
835 642 83 24 Baths.
953 641 37 23 As
1002 641 42 23 the
1058 640 102 32 Springs
1174 639 47 23 and
1235 637 73 24 Baths
1320 643 42 15 are
1371 634 42 24 the
1425 637 115 28 property
1553 631 25 25 of
1590 631 42 23 the
1661 628 77 26 Hotel
1759 627 98 25 visitors

90 692 43 16 are
142 682 110 33 supplied
263 681 56 26 with
329 680 105 28 Towels,
447 680 48 23 and
508 687 43 16 can
560 679 56 22 take
626 686 30 14 an
668 676 130 24 unlimited
811 676 103 24 number
927 675 25 23 of
964 674 75 24 Baths
1051 679 25 18 at
1089 682 46 22 any
1148 673 59 23 time
1221 672 25 23 of
1254 670 40 23 the
1308 669 47 30 day
1369 667 78 27 FREE
1460 666 63 23 from
1536 673 46 23 any
1590 664 90 32 charge
1691 663 132 25 whatever.

292 718 520 48 TARIFFfPERJDAY,
835 719 53 38 8s
904 717 70 45 6d;
1011 715 120 40 PER
1146 711 192 46 WEEK,
1360 708 72 40 £2
1482 707 92 40 10s.

471 775 160 33 Cottages
644 774 35 26 to
692 773 51 27 let
753 773 49 32 by
814 772 60 27 the
892 771 107 31 week,
1010 769 131 32 month,
1156 775 40 20 or
1216 766 56 28 the
1291 771 125 21 season

59 842 29 19 or
105 839 46 24 any
164 827 283 34 informationlrequired
460 825 83 33 please
556 824 72 32 apply
641 829 25 19 to
679 823 132 32 Manager.
895 835 32 6 -
999 834 33 7 -
1099 832 32 8 -
1202 817 59 24 Post
1271 817 48 22 and
1326 814 142 33 Telegraph
1479 813 92 25 Offices
1585 811 127 33 adjoining
1736 809 42 25 the
1792 809 66 24 Hote

618 866 59 44 A.
704 865 54 38 A.
787 864 203 46 SMITH,
1110 858 279 47 Proprietor.

1106 964 221 26 OFFICIAL
1348 960 288 28 TESTIMONY.

1061 1024 244 38 HiFCHEiYS
1331 1023 151 38 BLOOD
1506 1018 251 41 RESTORER

1079 1078 39 10 oars
1126 1075 20 14 at
1153 1074 29 15 the
1190 1072 76 18 Colonial
1273 1071 92 17 Industrial
1373 1072 99 15 Exhibition
1482 1071 40 14 held
1529 1071 18 15 in
1555 1069 113 19 Wellington,
1677 1067 34 16 and
1730 1067 4 23 ]

1052 1088 2 22 ;
1061 1093 90 15 submitted
1160 1097 17 11 to
1185 1093 28 16 the
1221 1092 113 17 Government
1344 1092 29 15 the
1380 1091 88 19 following
1475 1091 84 15 reference
1567 1094 35 10 wus
1609 1090 48 14 made
1665 1090 17 13 to
1690 1088 37 14 it.—

1056 1112 20 16 A.
1088 1112 23 16 H.
1120 1113 87 18 Hitchens,
1213 1112 95 18 Auckland,
1315 1111 49 15 sends
1369 1116 10 10 a
1386 1111 54 19 small,
1449 1111 31 15 but
1487 1109 78 16 valuable
1572 1108 72 18 exhibit,
1651 1107 94 19 consisting
1759 1106 19 15 of
1791 1110 11 9 a
1808 1109 40 14 vego-

1053 1133 50 14 jound
1111 1133 44 14 from
1163 1133 42 14 New
1212 1132 73 15 Zealand
1292 1132 53 18 herbs,
1351 1132 27 14 for
1384 1132 28 13 the
1419 1135 40 11 cure
1466 1131 18 14 of
1498 1129 109 20 ludigostion,
1622 1128 123 16 Bheumatism,
1760 1126 98 14 Rheumatic

1056 1151 96 21 Impurities
1160 1152 17 15 of
1183 1152 28 14 the
1219 1151 59 16 Blood.
1299 1151 35 15 The
1339 1151 58 15 maker
1404 1151 34 15 and
1445 1149 84 16 exhibitor
1542 1148 57 16 claims
1613 1148 27 15 for
1657 1147 34 15 this
1701 1145 82 16 medicine
1796 1145 62 14 several

1057 1171 82 20 qualities,
1147 1172 34 15 and
1190 1172 28 15 has
1226 1171 59 19 gained
1292 1170 28 15 the
1331 1171 38 15 first
1376 1170 48 15 order
1431 1170 18 15 of
1459 1169 49 15 merit
1514 1169 44 15 from
1565 1168 30 16 the
1606 1167 67 20 judges.
1701 1165 37 17 The
1753 1165 105 19 preparation

1053 1196 8 9 e
1068 1191 106 16 confounded
1183 1191 38 15 with
1229 1191 78 18 ordinary
1315 1191 55 15 iiuack
1377 1190 96 18 medicines,
1481 1189 87 15 inasmuch
1573 1192 19 11 as
1599 1187 15 15 it
1626 1187 15 16 is
1654 1187 29 14 the
1690 1185 74 20 product
1777 1185 18 14 of
1808 1187 50 15 many

1052 1211 40 19 tudy
1100 1212 33 14 and
1141 1211 118 19 investigation
1266 1211 20 18 by
1294 1215 21 10 an
1322 1211 75 14 eminent
1404 1209 85 20 physician
1497 1209 17 15 of
1519 1209 29 14 the
1556 1209 53 17 Army
1616 1206 73 16 Medical
1699 1205 49 17 Staff,
1756 1205 41 13 with
1805 1205 53 13 whom

1052 1231 26 14 tor
1084 1230 59 16 served
1149 1230 62 20 during
1217 1229 30 17 the
1259 1230 42 15 New
1308 1230 72 14 Zealand
1391 1234 36 10 war
1440 1234 18 10 as
1471 1228 79 15 assistant
1560 1227 91 19 Dispenser
1658 1227 19 14 to
1694 1225 29 15 the
1738 1227 41 12 P«cw
1786 1224 73 14 Zealand

1052 1250 16 14 Ir
1077 1249 83 16 Hitohens
1168 1250 74 19 explains
1251 1250 38 15 that
1296 1250 27 14 the
1330 1254 48 10 cures
1385 1250 19 14 of
1411 1248 122 18 ltheumatism,
1541 1248 31 17 etc,
1580 1246 71 15 effected
1658 1246 23 18 by
1695 1245 27 14 his
1732 1244 88 17 medicine,
1831 1246 28 11 are

1052 1271 14 17 ly
1072 1271 18 14 to
1097 1269 21 15 its
1127 1269 92 15 wonderful
1227 1269 48 16 effect
1282 1274 45 11 uoon
1334 1269 28 15 the
1371 1269 48 14 blood
1432 1269 22 19 by
1468 1268 22 15 its
1498 1267 90 19 cleansing,
1595 1265 96 21 purifying,
1702 1264 34 16 and
1745 1264 114 18 invigorating

1060 1290 14 14 is
1082 1289 47 15 made
1139 1290 45 14 from
1193 1289 42 15 New
1242 1289 73 15 Zealand
1325 1289 49 15 herbs
1381 1288 34 16 aud

429 1069 28 71 I

781 1109 46 22 MTI

100 1131 30 42 i

806 1139 98 42 AS/fJ

651 1159 33 34 4

360 1252 163 71 w*>

252 1471 85 35 (33D

230 1752 32 32 i>

280 1712 28 25 ©

560 1709 71 42 QLd
653 1724 72 27 and
748 1715 162 33 MELLOW

432 1767 58 32 the
513 1757 146 35 FINEST
681 1755 165 42 WWISKT

408 1796 207 41 SCOTLAND
648 1800 230 38 PRODUCES

426 1932 205 46 Proprietors-.-

394 1986 40 54 *
456 1979 281 67 DISTILLERS
772 1981 50 62 0
852 1979 51 70 ft

398 2069 35 26 ■a
485 2049 169 44 riwmjy,
675 2058 142 31 swum

67 2141 268 32 WHuLcSALE
358 2138 180 38 AGbNTS,

359 2182 49 38 L.
438 2181 52 39 D.
520 2180 262 40 NATHAN
808 2180 117 39 &Co.

69 2267 513 48 SPECIAL
641 2264 305 48 SALE

487 2337 52 27 OF

114 2397 191 45 Cutlery,
332 2395 256 42 Hardware,
614 2394 288 41 Erasswares,

206 2449 148 35 House
373 2447 279 46 Furnishing
668 2446 143 37 Goods

348 2500 55 33 (in
414 2500 99 33 great
525 2500 146 32 variety)

67 2536 157 42 Nickle
250 2538 87 36 and
363 2538 96 35 E.P.
487 2539 165 44 Spoons
689 2537 87 35 and
809 2535 140 36 Forks

367 2585 95 38 E.P.
491 2585 156 35 Cruets

206 2635 87 37 Tea
318 2635 115 42 Pots,
459 2636 155 35 Butter
644 2635 157 35 Dishes

69 2688 103 40 Jam
191 2690 165 45 Spoons
610 2688 158 35 Butter
786 2686 164 36 Knives

327 2741 145 45 Sugar
522 2741 147 44 Tongs

248 2799 80 34 etc.
471 2798 78 36 etc.
694 2797 80 33 etc.

157 2869 271 45 SPLENDID
478 2869 388 41 ASSORTMENT.

281 3006 93 42 234,
409 3005 147 44 Queen
593 3008 152 38 Street,

79 3246 879 74 COACHINGLINE

264 3385 517 47 BETWEEN

194 3500 265 51 Rotorua
495 3498 116 51 and
643 3500 213 63 Taupo.

348 3752 346 30 THURHNGK

82 3792 81 42 Smith
191 3792 47 39 and
257 3789 113 50 Carriage
391 3788 105 45 Works,
527 3787 80 40 Coach
633 3787 48 38 and
711 3784 111 52 Waggon
857 3784 103 50 Factory

283 3849 212 23 ESTABLISHED
511 3848 80 21 OVER
608 3848 26 21 10
648 3847 108 21 YEARS.

158 3907 65 7 ~,,,,,,,,-
253 3892 3 22 ,
266 3892 21 22 ~,,.
303 3907 123 6 ~,.,,,,,,.,,,,,,,,
434 3907 5 3 ,
575 3907 17 5 „.
602 3895 80 17 Vehicles
691 3895 13 15 &
714 3893 120 21 Agricultural
843 3892 32 22 Im]
883 3893 77 16 lements.

161 3921 92 16 ell-known
262 3920 97 22 reputation
368 3925 18 10 as
394 3919 84 16 Practical
493 3918 101 17 Meotaanioa
610 3917 33 16 und
657 3916 23 16 W
728 3917 20 16 27
764 3920 51 17 years
826 3914 99 22 experience
944 3915 16 16 in

170 3942 63 16 alasian
241 3942 83 19 Colonies,
332 3941 64 21 justify
405 3946 19 10 us
432 3940 17 16 in
465 3940 83 19 claiming
560 3940 39 14 that
614 3944 24 10 we
655 3943 32 10 can
701 3937 69 16 furnish
785 3943 11 9 u
811 3937 56 16 better
882 3936 43 15 ckss
944 3936 16 16 of

166 3963 93 17 jonsistent
267 3963 40 15 with
314 3963 62 15 honest
384 3962 47 15 work
439 3963 18 14 at
465 3966 10 11 a
484 3961 74 19 cheaper
569 3963 36 12 rate
614 3959 41 15 than
665 3964 34 14 any
708 3959 18 15 of
734 3964 31 9 our
774 3958 115 20 competitors.

80 3977 167 26 '"The"p'ubliowiU
257 3984 35 15 find
300 3984 14 15 it
325 3986 17 13 to
356 3983 45 16 their
415 3983 99 19 advantage
530 3984 17 13 to
564 3980 149 17 ENCOURAGE
732 3979 80 16 LOCAL
830 3978 130 20 INDUSTkY,

146 4006 41 11 -*--->
198 4010 31 11 can
236 4005 44 15 have
286 4005 28 15 the
320 4005 79 20 pleasure
406 4004 17 15 cf
431 4004 59 20 seeing
505 4003 91 15 fimt-cluss
612 4001 80 16 raatorial
704 4001 34 15 an-i
754 3999 127 21 workmanship
896 4001 33 19 put
943 3999 17 16 in

184 4027 29 16 ade
222 4028 17 13 to
247 4025 43 16 their
297 4025 61 16 valued
366 4025 63 16 orders.

83 4042 5 4 '
97 4050 47 19 N.B.
167 4047 78 17 Vehicles
253 4047 17 15 of
276 4046 23 16 all
307 4046 113 20 descriptions
431 4045 83 21 repaired,
527 4045 78 20 painted,
617 4043 96 17 renovated
721 4043 34 16 and
765 4043 49 16 made
829 4045 18 14 to
862 4042 39 16 look
917 4047 43 16 equa

79 4115 204 31 WILLIAM
302 4114 182 32 PARKER,
505 4111 257 31 Coachbuilder.

433 4151 139 27 JAMES
591 4149 134 31 HATJA,
745 4147 215 30 Blacksmith

328 4184 153 18 DEVONPOKT
494 4183 75 19 ROAD,
582 4182 148 20 TAURAfcGA.'

1198 1348 224 25 NOTABLE
1457 1346 164 27 CURES.

961 1399 91 21 Mention
1061 1402 18 18 is
1088 1401 59 21 made
1158 1402 22 19 of
1189 1402 34 20 the
1233 1402 105 23 following
1346 1409 22 12 as
1377 1409 13 12 a
1399 1402 40 19 few
1447 1401 21 20 of
1475 1401 34 20 the
1519 1399 109 21 multitude
1638 1399 21 20 of
1668 1404 59 14 cures
1736 1397 119 21 effected:—

979 1437 137 19 Sciatica—Oapt
1140 1437 93 19 Faruuhar,
1242 1443 13 10 s.
1264 1442 13 9 s.
1298 1437 96 16 'Clansman

959 1455 90 16 Auckmud
1054 1456 55 16 whose
1116 1461 36 10 caso
1160 1462 33 10 was
1199 1457 95 15 considered
1300 1458 18 15 to
1324 1457 19 15 be
1349 1457 40 19 hope-

959 1474 40 16 lesa.

979 1495 115 15 Rueumatistn
1100 1495 17 15 of
1122 1496 28 15 the
1155 1496 40 16 Feet
1196 1496 65 20 —Capt
1280 1496 58 16 Jamos
1343 1496 46 16 Avon-

960 1514 43 19 dale,
1011 1514 91 17 Auckland
1115 1516 18 16 17
1141 1521 48 15 years
1197 1517 84 18 standing,

980 1535 100 15 Kneumatiu
1088 1537 53 17 (jout,
1149 1542 18 8 so
1176 1536 31 15 bad
1215 1536 38 16 that
1260 1537 27 14 the
1294 1536 67 20 patient
1368 1535 33 17 had

960 1554 37 14 obe
1004 1554 50 16 lifted
1061 1554 18 17 in
1086 1556 34 15 and
1127 1559 32 12 out
1166 1556 18 15 of
1191 1555 81 17 bed—Mr
1281 1556 26 17 \V.
1323 1556 77 20 Hunter,

961 1574 74 16 Ormoud
1042 1575 75 20 Poverty
1129 1576 43 20 ]3ay.

983 1596 104 14 Jttneawatio
1096 1595 108 17 Fever—Air
1222 1596 68 22 Brown,
1308 1595 94 18 Britannia

962 1615 76 21 Height,
1054 1616 73 17 Nelson.

984 1639 104 15 Knouintttio
1105 1639 54 21 Uout,
1176 1639 77 22 Dropsy,
1273 1642 60 20 Ague,
1349 1639 53 18 Liver

962 1660 106 19 Complaint,
1078 1661 34 15 and
1120 1662 84 15 Stomach
1221 1663 70 21 Cough,
1309 1665 46 14 moat
1365 1662 27 16 dis-

964 1683 127 19 tressing—Mr
1109 1683 77 21 Waugh,
1205 1684 84 23 Bombay,
1312 1684 88 18 Waikato:

962 1703 52 20 given
1023 1709 28 15 up,
1062 1709 22 10 no
1093 1704 45 22 hope
1146 1706 41 16 held
1197 1709 36 18 out,
1244 1707 132 16 recommended
1386 1709 16 14 to

962 1730 23 15 go
994 1726 50 15 home
1052 1726 34 15 and
1098 1727 35 17 die.

986 1747 130 17 inflammation
1133 1750 18 15 of
1166 1750 29 15 iho
1209 1749 54 18 Liver
1283 1751 34 16 and
1333 1750 71 17 Gastric

963 1768 50 16 Juice
1019 1771 18 13 of
1046 1770 29 15 the
1087 1771 136 16 Stomach—Sir
1239 1773 75 16 lliomas
1330 1773 71 21 Maeky,

964 1790 97 20 Merchant,
1072 1792 101 18 Auckland.

986 1811 61 21 Lupus
1053 1813 19 15 of
1077 1818 29 11 tne
1112 1813 98 19 Faoe—Mr
1216 1817 84 21 Dickson,
1310 1817 94 17 Auckland

986 1834 105 16 Kheumatic
1099 1836 103 18 Gjut—Mr
1221 1839 101 21 Blackmail,
1338 1839 55 16 •Even-

964 1860 30 15 ing
1004 1856 44 15 Star'
1058 1857 54 19 office,
1126 1859 103 18 Auckland.

986 1878 123 15 Khcuu.utiMu
1118 1881 18 14 of
1153 1881 20 16 23
1193 1884 56 20 years'
1267 1883 138 21 standing—Mr

967 1899 77 15 Widum
1051 1900 87 22 McEvoy,
1148 1904 38 15 Jt'itt
1194 1905 80 23 Terrace,
1282 1905 101 16 Auckland.

987 1922 79 19 Sciatica,
1077 1927 33 10 ami
1119 1924 145 22 Lumbago—Mr
1272 1927 23 17 N.
1304 1926 100 20 McMillan,

967 1942 11 15 V
984 1947 49 10 uieau
1042 1944 55 19 Liuue,
1106 1946 101 17 Auckland.

988 1965 152 19 Luuibago-Mrs
1152 1969 51 21 Mary
1212 1970 60 21 Knox,
1282 1971 75 20 Rokcby
1370 1970 34 16 St..

966 1986 100 17 Auckland.

988 2008 134 17 Sciauca—Mrs
1129 2012 19 17 J.
1158 2013 16 16 R
1176 2019 7 10 o
1185 2014 64 20 nwick,
1264 2015 60 16 Drake
1340 2013 64 19 Street,

967 2029 99 17 Auckland.

989 2050 121 21 Klicuinatism
1118 2056 18 15 of
1145 2057 20 14 20
1174 2058 56 19 yea™'
1247 2058 85 19 standing
1350 2056 56 16 which

969 2072 76 19 brought
1052 2080 21 9 on
1081 2078 76 15 Asthma
1165 2079 34 14 and
1205 2079 124 21 Dropsv-Mr
1336 2078 71 16 Samuel

967 2094 55 16 iieu,
1033 2094 47 19 Dom
1089 2102 58 12 au>et.
1155 2101 98 16 Auckland.

990 2114 172 22 iihiiuraatisiii—Mr
1169 2121 24 15 H.
1202 2121 66 20 Lewis,
1279 2123 61 18 Queen
1350 2121 59 16 Street

968 2137 98 19 Auckland

990 2158 52 15 Seiati
1044 2167 20 10 oil
1072 2168 27 10 an(
1099 2163 7 15 i
1115 2163 145 19 Lumbiiu-o—Mr
1270 2166 52 16 Chas.
1333 2165 62 21 Honey-

969 2181 66 20 coiube,
1046 2184 99 20 Auckland.

996 2203 104 19 libeuimitic
1118 2207 99 18 Gout—Mr
1233 2208 64 22 Elliot,
1316 2209 91 19 McGuire,

968 2225 74 16 Oout>uc
1044 2232 14 12 lc
1058 2225 3 23 ,
1063 2234 12 14 r)
1086 2229 101 18 Auckland.

990 2245 74 20 Chronic
1083 2250 176 19 Khoumatism—Mr
1280 2253 70 16 B.onald
1370 2251 39 17 Mc-

968 2268 74 23 Donald,
1052 2271 89 17 Rollestou
1155 2274 62 19 Street,
1230 2274 83 17 Thames.

990 2290 115 22 Indigestion,
1119 2294 74 17 General
1209 2295 89 22 Debility,
1314 2296 35 16 and
1364 2295 45 16 Con-

969 2328 64 19 Tkeso
1042 2335 57 13 euros
1110 2335 35 13 are
1151 2328 28 20 all
1188 2330 90 18 attested
1287 2330 28 24 by
1326 2328 93 19 testimou

1206 2355 107 19 kuudreds
1324 2356 21 18 of
1355 2355 63 18 other!

1418 1444 48 15 stant
1473 1442 105 21 Dysontory,
1588 1440 63 17 caused
1663 1439 26 21 by
1698 1438 82 21 working
1790 1437 18 17 in
1826 1437 23 17 ba

1419 1464 26 16 air
1453 1464 35 16 and
1494 1466 33 14 wet
1535 1463 55 16 mines
1599 1464 19 14 at
1623 1461 28 17 the
1658 1459 123 18 Thames,—D.
1799 1459 55 16 Elkin

1441 1484 176 18 Eheumatiam—Mr
1624 1483 62 17 James
1693 1482 55 21 Pook,
1759 1480 93 17 Auckland

1442 1507 97 17 Cancerous
1566 1505 53 17 Ulcer
1638 1505 20 16 in
1677 1503 99 18 Face—Mr
1791 1502 30 18 W.
1839 1501 18 19 C*

1421 1528 78 21 Walker,
1510 1528 101 16 Auokland.

1442 1551 104 16 Rueumatto
1565 1548 100 17 Gout—Mr
1684 1546 87 18 Edwards
1784 1547 75 17 Waters'

1420 1572 128 20 Confectioner,
1565 1571 96 19 Auckland;
1670 1569 29 17 Mr
1706 1569 101 17 Alexander
1816 1568 33 16 Bar-

1421 1597 38 17 rett,
1471 1593 60 18 Queen
1547 1593 64 21 Street,
1626 1591 93 18 Auokland
1729 1596 5 15 ;
1750 1590 28 17 Mr
1797 1590 21 16 E.
1835 1589 23 17 D.

1421 1616 92 19 Halstead,
1523 1614 107 22 Veterinary
1638 1615 86 20 Surgeon,
1738 1611 100 18 Auckland.

1431 1637 122 17 Rheumatism
1562 1638 18 15 in
1586 1637 30 16 the
1623 1634 58 18 Knees
1687 1635 34 16 and
1727 1633 49 21 Feet,
1783 1633 78 21 brought

1421 1665 22 12 on
1452 1660 23 21 by
1485 1659 79 21 working
1572 1659 18 16 in
1600 1657 107 18 water—Mr
1720 1656 86 17 Matthew
1822 1656 39 15 Box

1421 1683 82 16 Thames.

1444 1703 128 19 Rheumatism,
1583 1702 75 22 causing
1668 1701 70 17 intense
1746 1699 49 23 paiuj
1804 1698 56 19 which

1422 1726 95 21 prevented
1524 1725 29 16 the
1562 1725 69 21 patient
1639 1725 45 15 from
1692 1723 54 20 being
1753 1720 107 18 overturned

1422 1750 19 14 in
1449 1747 33 17 bed
1505 1747 29 16 Mr
1541 1746 61 17 David
1611 1746 64 21 Barry,
1684 1745 83 16 Newton.

1445 1769 74 16 Chronic
1527 1767 154 23 Dysentery—Mr
1689 1767 23 17 A,
1720 1765 84 22 Bettany,
1814 1765 34 16 Pon-

1423 1791 54 21 sonby
1485 1791 56 18 Bond,
1558 1790 100 16 Auckland.

1445 1813 77 15 Chronic
1536 1812 124 16 Rheumatism
1680 1811 18 15 in
1717 1811 31 15 the
1757 1810 55 21 spine,
1823 1809 37 21 hip,

1424 1835 49 19 knee,
1480 1835 60 20 joiuttt,
1554 1833 36 16 calf
1597 1833 19 16 of
1626 1833 30 16 the
1669 1832 36 20 leg,
1727 1831 34 17 and
1782 1831 79 17 toes—T.

1424 1856 80 22 Morgan,
1514 1855 63 17 Mount
1585 1855 50 16 Eden
1644 1854 57 20 Road,
1711 1853 98 17 Auckland.

1424 1878 106 16 Rheumutic
1538 1877 54 20 Gout,
1603 1877 58 15 which
1669 1875 81 17 confined
1759 1875 29 16 the
1795 1875 68 21 patient

1425 1903 17 13 to
1451 1900 27 15 his
1486 1899 32 16 bed
1525 1899 28 16 for
1565 1898 109 16 weeks—Mr
1681 1897 50 16 T.J.
1748 1896 113 22 Bainbridge,

1425 1921 98 20 Ponsonby,
1532 1920 100 16 Auckland.

1452 1943 75 15 General
1545 1941 81 22 Debility
1638 1941 35 16 and
1693 1940 119 22 Indigestion,
1830 1939 33 17 and

1425 1964 82 21 inability
1516 1966 17 13 to
1541 1964 44 20 keep
1592 1964 88 19 anything
1694 1968 22 10 on
1725 1963 30 16 the
1763 1962 100 17 stomach—

1426 1986 28 16 Mr
1462 1985 64 16 Garald
1535 1986 62 18 Grace,
1608 1984 116 22 KyberPass,
1731 1984 99 16 Auckland.

1459 2006 127 17 Sciatica—Mr
1602 2007 47 16 John
1665 2005 51 21 Rosb,
1733 2005 52 16 Duke
1800 2005 63 17 Street.

1426 2028 100 17 Auckland.

1448 2051 96 19 Discharge
1549 2051 19 16 of
1577 2051 55 16 Blood
1641 2052 45 14 from
1693 2049 31 17 tho
1730 2048 136 21 Bowels—Capt

1426 2073 20 16 T.
1457 2072 92 20 Aldridge.

1448 2094 53 16 Great
1510 2093 79 22 Debility
1597 2094 34 16 and
1636 2092 88 21 Bleeding
1732 2094 20 14 at
1760 2092 30 17 the
1798 2091 68 17 Nose—

1427 2115 29 16 Mr
1463 2115 75 15 Tbomas
1545 2115 83 20 Pellican,
1645 2115 101 19 Ponsonby.

1449 2136 96 21 Neuralgia
1553 2137 35 16 and
1597 2136 82 17 Nervous
1686 2134 142 23 Debility—Mrs
1840 2134 25 17 H.

1430 2158 62 16 W.,iln.
1503 2159 99 16 Auckland.

1450 2179 51 16 After
1508 2179 59 17 effects
1583 2181 18 16 of
1608 2179 105 18 Rheumatic
1732 2179 61 18 Fever,
1811 2177 55 16 which

1428 2202 33 16 left
1470 2202 28 14 the
1507 2202 69 19 patient
1583 2201 129 22 helpless—Mr
1720 2200 49 17 John
1778 2200 25 16 H.
1813 2199 53 17 Jones

1430 2223 98 17 Auckland.

1450 2244 71 22 Kidney
1529 2246 74 16 Disease
1611 2245 34 16 and
1652 2244 93 21 Lumbago
1757 2243 18 17 of
1785 2244 20 15 20
1813 2247 51 17 years

1430 2265 135 22 standing—Mr
1575 2267 80 17 William
1663 2266 79 20 Trice,
1754 2263 63 23 Poplar
1833 2263 33 17 Fm

1430 2293 42 12 near
1480 2287 30 18 Ho
1512 2289 50 16 wick.

1418 2326 50 24 lials,
1477 2324 65 22 which
1552 2326 35 19 the
1601 2324 154 21 manufacturer
1764 2323 43 24 has,
1819 2321 49 21 with

1418 2360 12 17 s,
1440 2353 22 19 in
1468 2352 31 19 his
1509 2352 121 24 possession.

1056 2432 40 17 Sold
1107 2433 23 20 by
1143 2432 23 16 all
1171 2432 109 21 respectable
1291 2431 87 16 Chemists
1385 2429 33 17 and
1431 2429 126 21 Storekeepers,
1568 2427 34 18 and
1613 2428 23 21 by
1648 2427 29 17 tho
1686 2427 105 21 proprietor,

1075 2473 28 20 H.
1115 2473 25 19 A.
1151 2473 28 19 11.
1192 2472 155 24 IttTCIIENS,
1359 2473 24 18 50
1406 2471 125 21 Siiohtland
1542 2470 86 23 Street,
1639 2467 123 21 Auckland.

995 2586 72 20 Under
1082 2586 35 19 tho
1135 2584 153 26 distinguished
1303 2583 118 26 Patronage
1437 2583 21 19 of
1474 2582 31 19 his
1514 2580 121 25 Excellency
1645 2580 35 19 the
1691 2579 105 20 Governor
1809 2577 35 20 the

1332 2608 50 21 Earl
1397 2610 21 19 of
1429 2608 87 21 Onslow.

1031 2674 141 67 HOT
1209 2670 306 69 SPRINGS
1558 2666 248 74 HOTEL,

1209 2768 39 28 t
1265 2767 38 29 e
1360 2766 41 28 7*
1418 2764 91 30 RO
1527 2764 41 29 H
1587 2763 51 29 7*.

1039 2829 54 25 The
1106 2829 58 24 best
1190 2826 131 30 Situated,
1343 2826 47 24 the
1403 2826 68 23 most
1484 2822 184 30 Comfortable,
1682 2821 46 25 the
1741 2820 58 25 best

1209 2859 141 33 appointed
1364 2858 80 25 Hotel
1454 2858 29 24 in
1495 2858 33 24 Te
1547 2857 97 25 Aroha.

1008 2900 110 32 Adjoins
1145 2898 75 32 (with
1226 2890 11 4 ~
1244 2897 105 25 Private
1375 2895 142 33 Entrance)
1542 2895 47 25 the
1618 2893 125 26 Thermal
1764 2890 108 35 Springs

976 2934 121 31 Domain,
1109 2933 95 23 Tennis
1219 2930 83 26 Court
1312 2932 29 23 in
1352 2930 120 25 Domain.

1163 3010 160 24 Terms—6s
1341 3015 46 25 per
1406 3007 60 33 day,
1485 3007 44 23 30s
1546 3013 47 25 per
1606 3002 80 33 week,

978 3080 48 39 W.
1055 3076 41 43 H.
1126 3076 163 48 MOCK,,
1352 3092 14 8 -
1429 3097 13 7 -
1503 3089 14 8 -
1583 3089 13 7 ■
1647 3069 225 46 Proprietor.

1002 3165 44 19 Tbe
1066 3163 59 21 oaths
1145 3164 40 20 and
1204 3161 97 24 drinking
1321 3163 64 16 water
1404 3165 33 13 are
1454 3156 109 27 especially
1582 3156 116 21 efficacious
1719 3156 21 19 in
1764 3155 57 20 Gout
1836 3153 38 19 and

976 3190 124 22 Rheumatic
1112 3188 115 25 affections,
1237 3187 91 21 Chronic
1336 3185 122 27 Dyspepsia,
1469 3184 108 20 Disorders
1596 3184 22 19 of
1628 3182 36 21 the
1674 3182 92 26 TTrinery
1789 3181 85 25 Organs,

977 3219 105 19 Cutanous
1094 3217 101 23 Diseases,
1211 3215 82 27 Splenic
1303 3214 40 20 and
1360 3212 88 26 Hepahc
1462 3211 115 23 Disorders,
1594 3210 96 21 Diseases
1705 3209 39 20 due
1762 3210 22 18 to
1799 3208 75 19 Exeess

980 3245 88 24 Acidity,
1079 3243 117 26 Neuralgia.
1209 3242 96 20 Sciatica.

1085 3311 74 19 Public
1174 3310 49 19 Hall
1235 3309 41 20 and
1288 3307 80 24 Sample
1378 3307 78 19 Rooms
1472 3304 111 21 connected
1599 3302 45 22 with
1655 3302 35 21 the
1700 3301 71 24 Hotel,

1016 3367 76 18 DVICB,
1113 3367 153 13 BEusuaallx
1290 3367 32 12 uit
1334 3367 28 10 jui

1156 3384 50 20 TKR,
1217 3384 29 16 FB
1251 3382 35 17 EE.

996 3427 37 15 DR.
1050 3425 57 16 NEIL
1118 3424 30 15 has
1165 3424 74 19 pleasure
1255 3422 18 15 iu
1290 3421 39 15 info:

976 3448 73 19 patrons
1057 3446 33 14 and
1098 3445 29 15 the
1135 3445 56 18 public
1198 3443 37 15 that
1245 3443 23 14 ho
1276 3442 30 15 has
1317 3441 68 15 secured
1391 3441 26 15 the

976 3466 71 17 services
1054 3469 17 11 ot
1082 3469 11 11 a
1097 3464 95 19 competent
1197 3466 83 15 manage!
1290 3462 28 14 lor
1329 3460 25 14 his
1364 3461 15 15 A
1385 3461 10 10 3
1400 3460 18 13 ek

977 3489 41 12 land
1037 3485 78 17 business,
1134 3485 54 12 whoso
1205 3481 74 16 medical
1296 3480 74 19 training
1388 3480 3 22 i

976 3506 73 18 hospital
1064 3503 96 20 experience
1171 3502 67 15 enables
1257 3500 37 15 him.
1311 3501 18 13 to
1339 3500 38 18 give
1394 3509 6 6 ,
1401 3509 16 5 m

978 3526 35 15 best
1021 3524 57 15 advice
1086 3527 26 10 lor
1120 3523 28 14 ihe
1158 3521 92 15 treatment
1255 3520 18 14 of
1282 3520 78 15 diaeeaso.

997 3550 65 16 BALM
1080 3549 28 15 OF
1127 3545 151 19 GILEAD.—The
1294 3550 17 14 gi

976 3575 48 10 curer
1042 3570 17 14 of
1070 3569 27 14 the
1108 3567 42 20 age;
1168 3567 29 14 huS
1212 3567 51 14 cuied
1282 3569 29 10 con

976 3598 7 6 a
984 3594 41 10 uvcu
1033 3591 17 12 to
1058 3591 29 13 ten
1098 3592 49 15 years
1157 3586 85 19 standing.
1266 3584 54 19 Price,
1331 3584 17 15 2s
1359 3585 20 15 ud
1390 3589 27 14 pov

978 3610 58 14 bottle.

996 3628 65 15 LUNIi
1076 3624 155 18 BALSAM—WiII
1242 3628 38 11 cure
1299 3624 118 19 Consumption

977 3648 16 15 in
1002 3648 21 14 its
1031 3648 45 17 early
1085 3651 18 10 or
1113 3645 61 16 middle
1185 3648 63 14 suiges.
1270 3644 47 14 Mlus
1328 3644 89 18 ItUKSiiLb,

980 3668 73 15 Wooileu
1071 3666 52 17 Mills,
1141 3664 101 18 UiiehiLnga,
1260 3666 64 16 speaks:
1385 3668 32 9 was

977 3691 51 14 gsveu
1038 3690 21 14 up
1067 3686 20 18 by
1095 3689 32 10 two
1141 3684 68 15 doctdm
1222 3683 56 14 Uefore
1292 3683 9 14 i
1312 3683 105 14 commenced

978 3706 59 18 taking
1051 3709 41 14 your
1106 3705 50 16 Lung
1176 3703 74 17 Balsam,
1268 3701 33 16 aud
1325 3703 9 13 1
1352 3703 65 14 declare

978 3725 72 16 without
1060 3728 32 15 any
1104 3723 122 19 exaggeration
1238 3721 37 16 that
1291 3721 14 15 it
1322 3723 50 13 saved
1390 3726 26 15 my

978 3744 36 17 life.
1035 3744 38 19 Any
1093 3746 69 13 Bunerur
1172 3742 61 14 should
1244 3741 120 16 ojmrnunicate
1376 3741 41 15 with

1044 3763 48 16 Price
1099 3765 19 12 2s
1125 3763 19 13 bu
1151 3766 29 15 per
1188 3761 58 18 bottle;
1264 3762 32 13 hvu
1307 3760 26 17 for
1344 3761 32 14 10s.

1005 3782 103 18 CASCAKA
1126 3780 153 17 Bl'lTljaS—The
1290 3783 39 17 only
1340 3782 36 14 real
1388 3784 29 11 cur

977 3803 27 16 for
1021 3807 105 14 cosuvenoss,
1144 3800 110 19 Indigestion,
1271 3800 91 15 Headache
1383 3801 33 13 and

978 3824 102 16 .Flatulence,
1091 3821 68 19 mating
1174 3826 10 9 a
1202 3820 86 15 miserable
1306 3820 29 15 life
1353 3820 62 18 happy:

978 3843 37 15 well
1026 3843 60 14 named
1097 3842 21 17 by
1129 3840 46 15 those
1186 3840 37 15 who
1234 3840 42 14 have
1287 3840 42 14 used
1339 3839 15 15 it

979 3862 109 16 SUFl'tunu's
1212 3859 47 16 Price
1265 3859 19 16 2s
1290 3859 22 15 Gd
1318 3862 31 16 per
1355 3858 60 16 bottle-

998 3888 67 14 Ladiks
1093 3886 131 15 Comim.exidnk
1251 3883 90 16 beautified
1367 3882 49 15 made

979 3908 52 16 cloan,
1039 3906 69 19 pimpies
1118 3906 33 13 and
1163 3904 74 15 blotches
1247 3904 77 14 removed
1334 3904 23 18 hy
1368 3906 48 13 using

978 3932 31 9 our
1019 3926 70 15 LIvEK
1101 3924 73 18 lOwlC,
1186 3923 54 15 which
1251 3924 14 14 is
1275 3925 35 12 also
1327 3923 29 14 the
1373 3924 43 12 most

979 3945 89 17 Successful
1074 3949 40 11 euro
1121 3945 26 13 lor
1153 3944 103 14 Biliousness
1267 3943 33 15 and
1310 3942 22 14 all
1344 3942 72 14 diseases

979 3966 17 16 of
1005 3966 29 14 the
1041 3966 46 13 liver.
1110 3963 47 16 Prioe
1163 3965 17 12 2s
1186 3963 21 14 (id
1213 3968 30 14 pur
1250 3963 57 16 bo.lie;
1314 3962 33 15 live
1354 3960 27 15 for
1388 3960 27 14 10s

998 3989 64 18 IRISH
1080 3988 57 16 MOSS
1155 3988 47 15 AND
1224 3988 47 15 COB
1288 3986 71 16 LIVEH
1377 3984 38 16 OIL

980 4008 115 19 EMULSION
1097 4007 56 17 —'ihe
1162 4011 35 12 best
1202 4010 33 12 aud
1241 4007 83 18 Cheapest
1328 4005 86 16 Emulsion

979 4036 16 9 iu
1003 4031 28 14 the
1040 4029 71 16 market;
1119 4033 10 10 a
1143 4031 60 16 special
1217 4031 39 11 cure
1270 4026 27 15 for
1304 4027 71 15 wasting
1382 4024 32 14 and

979 4051 78 17 debility.
1078 4049 50 13 Price
1136 4049 17 12 2s
1163 4051 30 15 per
1205 4047 61 14 bottle.

999 4069 33 15 Bit
1042 4067 82 18 NEIL'S,
1144 4065 155 20 Wellesloy-Htrcet
1313 4064 7 14 I

979 4089 50 15 doors
1036 4091 54 11 above
1097 4087 53 15 Milne
1158 4085 143 18 andchoyee's.is
1309 4084 29 14 the
1344 4083 70 18 cheapes

980 4109 50 14 house
1036 4110 17 13 U
1059 4111 31 15 buy
1096 4111 8 10 1
1110 4108 48 13 uteut
1163 4106 34 14 aud
1201 4103 119 19 liorucepatbic
1324 4102 90 15 MeUieines

979 4129 56 18 Toilet;
1054 4129 94 16 i.eiiu-sitea
1169 4128 33 11 una
1223 4122 92 20 Druggists
1336 4121 81 15 Sundries

979 4148 56 15 Herbs
1040 4146 34 17 and
1080 4145 63 17 Herbal
1153 4142 123 20 Preparations.

1116 4163 86 18 &D-YICE
1216 4162 60 16 FREE

1462 3380 46 42 M
1513 3379 16 17 E
1553 3377 67 41 W.
1653 3377 41 38 J.
1835 3382 5 10 1

1490 3422 153 20 BARRISTER
1655 3421 17 18 &
1681 3416 140 22 SOLICITOR-

1440 3445 148 18 Commissioner
1597 3444 19 17 of
1625 3444 32 17 the
1674 3442 90 22 Supreme
1780 3439 58 16 Court
1850 3439 20 13 ot

1633 3465 55 23 Fiji.)
1846 3481 5 6 ,

1440 3492 87 18 Solicitor
1539 3492 21 18 to
1569 3491 31 17 the
1609 3490 24 17 N.
1644 3488 20 18 Z.
1675 3484 129 21 Government
1817 3483 58 16 under

1547 3514 98 18 Advances
1653 3514 20 15 to
1682 3509 77 19 Settlers
1771 3508 43 16 Act.

1441 3552 96 18 Victoria
1546 3551 90 19 Arcade,
1645 3547 116 19 Queen-st.,
1769 3540 105 19 Auckland.

1463 3588 69 19 Money
1542 3589 18 14 to
1571 3584 50 18 lend
1631 3579 109 21 onfreohold
1753 3577 82 22 security
1848 3579 19 14 at

1441 3617 28 12 ow
1477 3613 49 16 rates
1532 3610 20 17 of
1555 3608 83 18 interest.
1665 3605 71 20 Money
1745 3601 86 18 invested
1839 3599 29 18 for

1441 3636 46 16 liens
1496 3634 38 17 free
1544 3632 20 18 of
1574 3631 75 19 charge.

1467 3700 43 18 The
1519 3700 43 15 Kev
1573 3700 22 12 *.
1611 3700 29 10 vv.
1651 3700 55 11 «i»,
1720 3700 11 8 «
1747 3700 52 18 ;™;s
1810 3700 65 6 "*-»''

1442 3719 159 24 Prohibitionist,
1831 3714 45 18 that

1442 3750 33 18 Mr
1488 3744 97 23 Seddon's
1599 3744 113 17 astuteness
1726 3741 17 19 is
1757 3739 84 20 devoted
1856 3740 20 17 to

1442 3772 106 24 unworthy
1555 3769 55 23 ends,
1618 3768 40 19 and
1668 3768 46 19 that
1720 3766 33 20 his
1760 3766 117 22 democracy

1442 3801 17 18 is
1469 3807 12 11 a
1490 3794 182 25 sham—knowing
1686 3794 45 18 that
1743 3798 62 17 many
1814 3796 46 13 mem-

1443 3826 46 19 bers
1498 3824 21 19 of
1528 3822 32 19 his
1572 3827 44 13 own
1630 3819 91 26 political
1734 3819 60 24 party
1803 3816 74 25 regard

1443 3852 32 18 his
1486 3849 53 20 word
1549 3855 23 12 as
1579 3845 114 25 absolutely
1698 3845 108 22 unworthy
1814 3843 21 18 of
1842 3842 23 19 be-

1444 3877 40 22 lief,
1496 3874 40 20 and
1545 3873 78 24 having
1635 3871 42 19 had
1690 3877 62 18 many
1765 3869 112 19 roasonsto

1444 3902 82 19 endorse
1536 3900 42 18 this
1587 3897 150 20 conviction—l
1756 3895 51 19 have
1826 3893 49 23 said,

1444 3926 113 24 editorially
1567 3925 39 19 and
1613 3931 25 12 on
1646 3923 34 19 the
1687 3923 103 26 platform,
1799 3921 51 22 that,
1857 3920 20 18 in

1444 3954 34 18 tho
1487 3953 94 19 interests
1591 3951 20 18 of
1621 3950 35 18 the
1661 3949 78 26 people,
1748 3947 21 20 of
1776 3946 99 24 morality,

1444 3979 40 19 and
1493 3979 21 18 of
1523 3977 134 25 Temperance
1677 3975 80 22 reform,
1776 3973 11 19 I
1806 3971 73 26 regard

1444 4005 32 19 his
1485 4003 86 26 position
1588 4009 22 12 as
1625 4001 92 19 Premier
1732 4007 22 12 as
1764 4006 13 13 a
1786 3996 92 21 Colonial

1444 4031 90 24 disgrace
1543 4028 40 20 and

1471 4067 42 20 Tho
1523 4066 83 19 salaries
1613 4065 21 18 of
1651 4064 42 19 His
1710 4061 120 24 Excellency
1844 4060 34 18 the

1446 4094 107 22 Governor,
1560 4093 37 17 live
1601 4090 85 25 Judges,
1694 4089 76 19 andsix
1776 4087 103 19 Ministers

1446 4120 20 19 of
1476 4120 34 18 the
1519 4118 73 19 Crown
1598 4117 22 18 in
1628 4116 51 19 New
1687 4113 96 24 Zealand,
1795 4112 84 20 totalled

1447 4146 88 22 £18,980
1546 4146 22 18 6s
1579 4143 25 20 5d
1618 4142 42 21 last
1666 4147 55 21 year.

2366 3884 35 16 The
2414 3885 79 14 Customs
2500 3884 64 14 returns
2574 3881 48 17 prnvo
2630 3878 66 17 beyond
2708 3879 46 15 contr-

2348 3903 109 17 dlctionthat
2469 3903 68 18 Nelson,
2544 3898 53 18 Moate
2607 3900 34 12 ana
2653 3898 24 13 Co
2684 3902 8 9 a
2700 3898 32 14 fine
2740 3899 27 15 tea

2347 3917 3 25 ;
2358 3928 17 10 re
2391 3923 49 19 being
2455 3919 105 23 appreciated
2573 3918 20 19 by
2602 3917 29 15 the
2640 3918 88 17 majority,
2743 3918 25 15 for

2347 3944 17 14 in
2372 3942 42 19 spito
2427 3943 18 15 of
2458 3936 29 22 tiio
2494 3943 83 14 numoroua
2591 3937 44 14 hrms
2646 3940 18 11 in
2673 3941 50 14 every
2731 3938 38 19 part

2348 3963 48 14 urtho
2410 3962 79 16 Colonies
2496 3961 38 16 that
2547 3963 26 11 nre
2589 3955 72 18 copying
2675 3956 52 18 them,
2743 3957 26 15 the

2593 3980 5 4 ■•
2618 3976 34 13 -nil
2663 3976 27 13 the
2699 3976 68 16 demand

2627 3993 65 20 Indian,
2707 3994 55 20 Ceyon

2348 4025 7 9 .1
2379 4013 69 22 5i..u.1,.,1
2470 4025 23 9 i,:,
2523 4020 19 13 li,.
2557 4013 1 22 ■
2577 4020 24 9 '■'■»
2622 4013 54 16 *nole
2692 4014 18 14 of
2731 4015 29 15 the

2347 4041 63 18 mports
2428 4040 33 15 and
2476 4039 63 16 dealers
2558 4041 10 14 V
2570 4034 16 15 at
2610 4034 18 13 to
2629 4034 61 18 ffotlier
2702 4038 18 11 in
2737 4034 31 16 last

2348 4060 67 19 quarter
2421 4060 18 14 of
2447 4059 28 15 the
2486 4059 67 15 Colony-

2367 4087 55 18 Every
2429 4091 36 14 ptrs
2476 4086 35 14 nin
2518 4084 30 16 this
2562 4079 62 16 district
2650 4079 58 16 should
2730 4082 39 15 send

2349 4106 51 19 hcopy
2417 4106 18 17 of
2449 4105 28 17 the
2493 4105 41 15 New
2554 4099 68 17 Reatana
2636 4099 75 20 Cookery
2722 4100 47 16 Book

2348 4125 36 16 neir
2392 4125 67 16 friends.
2481 4125 14 15 A
2513 4126 42 14 more
2567 4119 53 17 usoful
2638 4120 68 19 present
2721 4120 48 16 could

2350 4146 17 15 ot
2375 4145 20 16 be
2402 4144 128 17 found.—Advx
