3398 5536
50 158 255 71 Shipping
337 158 314 71 Intelligence.

50 256 187 199 rPOItT
257 303 49 29 OK
325 301 262 32 CHAIM,ESTOV.

273 384 65 25 IfKill
360 384 101 26 W.ITKR.

132 439 26 24 ay
301 433 51 21 2.4.*)
379 439 46 15 a.in
554 430 51 21 S.IO
636 434 55 24 p.m.

50 465 117 32 I'hursday
306 467 50 22 .Vl.l
381 473 45 16 sun
555 465 37 21 4.0
638 470 14 24 p
662 468 29 17 ni.

50 500 81 34 Friday
306 502 50 22 4.-3
383 507 44 17 a.in
557 500 52 22 3.30
639 503 52 27 p.m.
699 496 1 43 |

310 557 125 18 An;:iv.u..«.

77 586 47 27 Nil.

50 624 7 6 '
328 630 95 17 p.\u.vn.

50 667 20 17 m
80 657 66 35 April
158 656 159 35 G—Halcyon,
329 667 45 18 s.s.,
390 658 80 31 Wing,
482 665 35 17 ma
522 659 54 27 stir,
596 655 37 25 for
667 654 28 26 lie

50 696 67 31 Grey.

81 733 67 22 Jhirt.
159 729 118 31 schooner,
289 730 101 25 Bonner.
404 731 93 23 master,
510 728 36 23 for
558 726 39 24 the
609 727 70 23 Grev.
699 726 1 34 j

81 764 67 33 April
161 766 98 24 s—Star
275 766 26 23 of
322 764 40 24 the
376 765 17 23 M
404 763 57 29 iller,
483 761 89 33 lugger,
585 753 115 35 Norman.]

50 805 95 24 master,
157 802 36 25 for
204 801 66 26 West
274 805 57 30 port.

84 896 25 25 In
129 903 160 25 consequence
305 894 26 23 of
350 893 40 24 the
401 890 123 27 uncertain
543 893 60 21 state
614 889 26 25 of
657 888 40 25 the

52 938 110 21 entrance
183 931 37 24 for
242 931 39 25 the
302 932 51 30 past
376 928 66 24 three
462 926 58 31 days
549 932 30 17 no
610 921 87 27 vessel*

52 969 60 25 l'uve
133 965 95 27 tnteretl
239 967 116 24 Constant
368 962 50 33 Bay
430 961 63 26 since
504 968 42 17 onr
564 959 44 26 last
628 959 69 27 issue,

52 1002 113 32 although
177 1009 30 17 on
219 999 96 32 Sunday
329 999 39 24 the
381 998 63 28 lona,
462 996 120 31 Cymraes,
601 994 54 25 Star
672 994 26 24 of

52 1037 136 30 Tasmania,
200 1035 45 26 and
258 1034 116 27 Florence,
386 1032 131 27 schooners,
527 1037 66 18 came
606 1033 22 20 to
646 1032 39 21 out-

52 1073 56 28 side,
120 1072 39 24 the
172 1080 32 16 sir
215 1072 8 23 f
239 1070 70 30 being
325 1073 23 19 at
362 1068 39 23 the
418 1067 58 24 time
497 1074 25 15 so
543 1072 56 23 very
621 1063 77 32 heavy

52 1107 52 26 that
117 1107 15 24 it
145 1114 47 17 was
205 1102 131 36 impossible
348 1103 37 23 for
396 1109 46 24 any
454 1101 66 23 boats
531 1103 24 19 to
566 1102 73 22 enter.
660 1100 37 21 01

53 1140 104 28 Mondav
179 1140 39 25 the
236 1138 61 26 wind
320 1145 47 16 was
386 1136 66 31 l'glit.
477 1135 40 24 but
537 1133 65 26 there
621 1140 48 17 wa«
685 1140 13 15 a

54 1178 75 31 heavy
143 1176 58 25 surf,
212 1184 25 15 so
249 1175 50 24 that
316 1173 39 25 the
367 1173 65 22 boats
449 1168 67 27 could
536 1171 41 23 not
598 1172 100 22 venture

53 1216 41 22 out
106 1216 24 21 to
142 1215 45 22 tow
199 1211 63 24 them
278 1209 23 25 in
313 1220 5 17 ;
343 1207 45 25 and
409 1205 125 33 yesterday
553 1212 47 17 was
612 1211 45 18 one
673 1202 26 24 of

54 1247 40 24 the
106 1250 69 20 worst
186 1244 58 31 days
257 1251 33 14 we
301 1244 59 23 have
372 1241 44 26 had
428 1241 37 24 for
472 1247 63 17 some
542 1237 158 26 cons'derablc

53 1282 65 28 time,
142 1281 15 24 it
178 1279 70 33 being
265 1275 133 37 impossible
416 1276 36 24 for
467 1273 118 33 anything
596 1276 24 22 <o
636 1272 64 25 have

54 1315 97 27 effected
162 1323 29 18 an
202 1319 118 21 entrance.
352 1312 76 25 There
439 1319 39 17 are
489 1316 52 20 now
560 1309 35 24 six
613 1306 87 27 vessel*

54 1351 66 32 lying
141 1354 24 21 at
176 1350 87 24 anchor
275 1349 22 24 in
310 1348 40 25 the
368 1349 77 26 o'fing,
469 1350 46 19 two
533 1351 63 17 more
612 1343 88 30 having

54 1385 92 27 arrived
156 1393 29 16 on
199 1383 102 32 Monday
313 1382 107 31 evening.

724 1142 402 50 CHARLESTON
1157 1139 209 51 ARGUS.

810 1269 217 31 WEDNESDAY,
1044 1268 99 26 APRIL
1165 1253 41 54 10,
1220 1253 68 54 1866.

724 1359 62 30 The
802 1359 56 29 first
872 1359 29 29 of
921 1359 45 28 the
988 1357 113 32 election
1119 1357 28 28 of
1166 1366 15 19 a
1199 1355 119 30 member
1331 1354 40 30 for

725 1402 44 30 the
784 1401 75 31 West
879 1401 80 30 Coast
974 1401 29 29 of
1023 1401 55 30 this
1101 1398 125 32 Province
1241 1398 47 31 has
1305 1397 64 31 been

725 1444 109 40 already
854 1443 177 42 inaugurated
1045 1448 27 26 at
1091 1443 47 30 the
1157 1441 99 34 Buller,
1270 1441 52 30 and
1336 1441 35 39 by

726 1489 45 30 the
794 1488 65 30 time
880 1488 53 30 this
955 1488 107 31 reaches
1075 1497 48 20 our
1139 1484 112 32 readers'
1265 1494 69 32 eyes,
1350 1484 21 30 it

727 1531 54 30 will
796 1531 66 29 have
875 1531 68 31 been
964 1531 118 30 decided.
1122 1530 24 28 A
1165 1528 137 30 memorial
1319 1538 52 19 was

726 1578 60 28 sent
806 1573 35 43 by
855 1573 46 33 the
922 1573 165 32 inhabitants
1107 1571 28 32 of
1155 1571 143 42 Westport,
1312 1569 59 32 who

727 1619 65 28 have
816 1618 65 28 been
905 1618 127 36 virtually
1047 1616 199 35 disfranchised,
1260 1615 111 38 praying

727 1659 58 31 that
798 1659 28 30 in
840 1669 60 20 case
913 1659 29 30 of
955 1669 34 20 no
1000 1658 145 32 alteration
1159 1657 79 41 being
1248 1656 121 40 possible,

727 1703 59 32 that
800 1703 45 30 the
858 1703 114 32 election
987 1703 85 40 might
1086 1702 31 31 be
1131 1700 148 42 postponed
1291 1711 8 28 ;
1324 1700 47 31 'out

726 1747 45 30 the
785 1747 62 39 only
868 1747 75 41 reply
957 1757 53 20 was
1029 1747 46 30 the
1091 1746 143 29 document
1248 1754 39 19 we
1307 1743 48 40 pub-

727 1790 86 31 lished
833 1790 27 30 in
880 1801 47 19 our
947 1790 52 30 last
1018 1790 79 32 issue,
1112 1787 86 31 which
1218 1786 83 42 really
1314 1786 57 31 said

727 1844 34 20 no
775 1843 70 19 more
866 1833 64 31 than
950 1834 59 30 that
1030 1836 111 27 matters
1161 1832 73 29 must
1253 1830 78 29 stand
1343 1841 29 19 as

727 1876 141 43 originally
890 1877 137 40 arranged.
1080 1875 79 30 With
1180 1874 101 31 sincere
1308 1873 64 40 pain

727 1931 39 19 we
787 1930 46 27 say
847 1920 58 29 that
928 1922 45 28 the
997 1920 107 38 coming
1117 1918 114 31 election
1256 1917 43 29 for
1311 1917 62 29 here

726 1963 54 30 will
801 1965 48 28 not
869 1963 27 30 in
919 1964 44 30 the
983 1964 68 29 least
1070 1963 96 37 degree
1180 1963 134 36 represent
1327 1959 46 31 the

727 2006 90 40 public
844 2006 30 30 of
895 2006 45 30 the
966 2006 80 40 place,
1075 2004 53 31 and
1154 2004 47 30 the
1221 2012 103 24 process
1347 2003 27 29 of

726 2051 114 32 election
856 2050 21 31 is
891 2051 26 30 in
927 2062 14 18 a
950 2053 73 37 great
1035 2058 117 21 measure
1161 2057 13 20 a
1184 2046 101 31 solemn
1294 2046 77 31 farce.

727 2095 56 30 The
798 2094 64 30 17th
877 2095 23 29 is
919 2094 45 29 the
984 2091 166 32 nomination
1166 2091 61 39 day,
1241 2088 53 31 and
1310 2090 61 39 only

727 2139 120 31 business
875 2138 99 30 license
1006 2135 115 34 holders,
1147 2144 30 20 or
1209 2131 105 32 holders
1347 2133 26 29 of

727 2182 108 31 miners'
849 2181 86 39 rights
954 2180 31 30 of
1001 2179 39 29 six
1056 2177 106 30 months
1182 2175 135 39 standing,
1331 2185 43 19 are

726 2225 107 42 eligible
858 2231 26 25 to
908 2227 69 28 vote.
1017 2221 88 31 When
1127 2218 46 31 the
1187 2228 62 29 very
1268 2217 105 31 limited

726 2270 116 30 number
855 2269 32 30 of
906 2276 108 31 persons
1025 2269 30 27 at
1072 2289 5 23 ;
1077 2261 295 44 prssent_congregatsd

726 2314 61 30 here
810 2312 60 30 who
892 2311 66 30 have
979 2308 66 31 been
1069 2307 27 30 in
1119 2304 47 32 the
1187 2304 129 31 Province
1333 2303 41 39 s£jr.

727 2358 106 29 months
856 2366 44 21 are
917 2351 156 34 considered
1087 2351 27 29 in
1128 2349 165 38 comparison
1308 2347 65 30 with

726 2401 75 30 those
815 2403 31 28 at
857 2401 106 38 present
976 2394 104 32 located
1091 2403 33 20 on
1136 2392 45 30 the
1195 2394 111 30 western
1316 2390 57 30 side

727 2444 30 32 of
777 2444 46 31 the
847 2443 138 34 Province,
1000 2439 22 30 it
1042 2438 23 31 is
1084 2435 99 32 certain
1195 2434 61 31 that
1272 2433 46 31 the
1332 2444 27 19 so-

727 2488 84 30 called
833 2486 117 39 blessing
972 2484 28 29 of
1021 2478 211 42 representation
1249 2477 22 30 is
1290 2476 83 40 really

727 2530 191 31 non-existant.
959 2527 28 31 It
1006 2526 31 36 is,
1052 2524 129 35 however,
1197 2520 101 31 certain
1315 2519 58 31 that

726 2573 24 32 if
767 2573 65 40 only
845 2575 104 38 twenty
966 2572 77 27 votes
1056 2577 49 20 can
1124 2565 33 29 be
1177 2562 132 36 recorded,
1324 2562 46 30 the

727 2617 112 31 election
863 2615 55 31 will
940 2615 34 30 be
997 2609 129 41 accepted
1145 2618 28 20 as
1187 2606 46 32 the
1253 2605 64 31 final
1329 2605 30 31 de-

728 2658 174 25 k>rminaiion
927 2656 31 25 at
981 2660 23 23 a}
1022 2652 158 43 population
1212 2648 160 49 UUmbc^^g

726 2694 154 34 thousands,
893 2693 52 32 and
960 2690 91 41 surely
1061 2690 23 29 it
1093 2688 115 30 behoves
1221 2686 47 31 the
1282 2681 91 45 pi™c

727 2744 28 26 to
767 2739 63 31 take
844 2738 65 31 such
922 2740 74 37 steps
1007 2746 28 20 as
1047 2732 54 31 will
1115 2732 28 31 in
1158 2731 91 30 future
1262 2733 112 38 prevent

726 2782 46 30 the
792 2791 153 21 recurrence
969 2780 28 28 of
1020 2777 64 31 such
1106 2786 80 29 grave
1208 2766 118 46 grounds
1347 2773 26 30 of

727 2824 153 42 complaint.
919 2823 27 30 It
969 2822 22 31 is
1013 2824 47 28 not
1073 2820 27 30 in
1115 2817 44 31 the
1179 2826 88 31 power
1281 2815 29 32 of
1328 2815 45 31 the

729 2868 145 31 Provincial
891 2866 113 32 Council
1018 2869 27 26 to
1058 2862 78 32 make
1151 2871 51 28 any
1216 2860 139 31 alteration
1363 2871 12 33 j

726 2913 48 30 but
788 2912 46 31 the
849 2910 112 33 General
971 2907 143 39 .Assembly
1127 2905 22 30 is
1159 2904 82 30 about
1251 2909 29 24 to
1293 2907 78 33 tneet,

726 2956 53 30 and
793 2956 22 29 if
835 2956 74 29 these
923 2955 66 29 facts
1002 2963 43 18 are
1059 2949 124 41 properly
1197 2954 42 24 set
1253 2947 118 37 forward,

726 2998 74 31 there
814 2998 54 29 will
889 2997 32 30 be
940 3006 34 20 no
993 2993 131 39 difficulty
1136 2992 28 28 in
1178 2990 106 41 getting
1298 3000 60 29 regu-

727 3041 96 32 lations
846 3041 78 31 made
947 3040 58 30 that
1027 3037 55 31 will
1104 3038 112 40 prevent
1239 3033 46 31 the
1300 3043 73 21 same

727 3085 125 39 injustice
865 3085 27 29 in
907 3084 88 29 future
1009 3081 134 30 elections.
1184 3077 69 30 That
1263 3076 110 30 because

727 3139 14 19 a
768 3138 60 20 man
853 3127 47 30 has
922 3128 48 28 not
993 3125 66 29 been
1082 3122 42 31 six
1147 3119 106 31 months
1278 3119 27 29 in
1329 3119 44 29 the

731 3172 128 31 Province
871 3170 35 31 he
915 3168 97 32 should
1027 3168 33 30 be
1072 3163 163 33 condemned
1247 3165 27 28 to
1288 3161 74 40 politi-

727 3216 40 29 cal
781 3214 87 36 death,
880 3224 39 19 we
931 3215 95 28 cannot
1039 3220 61 27 see;
1120 3209 47 29 but
1180 3207 72 36 such,
1268 3207 26 28 in
1310 3205 63 39 fact,

727 3259 22 30 is
769 3258 44 30 the
834 3257 89 41 ruling
943 3267 28 19 as
990 3255 45 30 the
1048 3254 50 30 law
1113 3257 27 25 at
1154 3254 104 38 present
1271 3247 101 33 stands.

727 3302 58 31 One
799 3311 72 22 more
882 3300 73 31 word
969 3300 27 30 in
1006 3299 132 31 reference
1151 3301 29 25 to
1190 3294 47 33 the
1248 3293 127 32 election:

729 3347 64 28 —lt
816 3349 71 26 must
909 3344 32 30 be
955 3344 80 29 borne
1049 3342 27 29 in
1090 3341 76 29 mind
1180 3339 59 30 that
1253 3337 122 31 whoever

727 3389 21 30 is
762 3388 132 30 returned,
909 3388 22 29 is
945 3384 127 33 returned
1091 3384 41 29 for
1151 3382 44 30 the
1209 3379 124 31 duration
1347 3380 28 29 of

727 3431 54 31 this
795 3430 123 34 Council,
932 3429 53 31 and
1006 3431 46 28 not
1072 3428 40 29 for
1131 3426 47 30 the
1199 3424 63 40 May
1275 3424 98 29 session

727 3474 80 40 only;
840 3473 53 31 and
919 3483 33 21 on
979 3472 44 30 the
1050 3469 115 31 member
1191 3477 59 21 now
1276 3466 97 31 chosen

727 3517 93 40 hinges
842 3518 28 28 in
893 3527 15 19 a
924 3518 76 38 great
1013 3515 95 38 degree
1122 3513 46 29 the
1184 3509 149 42 prosperity
1347 3509 28 31 of

726 3561 45 30 the
785 3560 113 30 district.
937 3558 85 31 There
1042 3567 42 19 are
1103 3565 80 30 many
1197 3552 137 41 questions
1347 3552 30 30 of

727 3605 64 30 vital
817 3604 163 39 importance
1006 3604 28 29 to
1061 3600 33 31 be
1115 3597 115 40 brought
1251 3595 122 40 forward,

727 3648 53 30 and
802 3648 46 28 the
869 3645 91 40 public
983 3648 97 26 cannot
1099 3643 33 28 be
1145 3647 45 24 too
1203 3640 98 30 careful
1315 3640 59 29 into

727 3690 87 30 whose
846 3688 84 31 hands
962 3688 63 40 they
1052 3687 104 29 entrust
1185 3682 81 31 them.
1324 3681 50 31 We

727 3734 104 30 neither
853 3732 102 38 require
978 3731 171 29 adventurers
1171 3730 27 26 to
1217 3736 76 20 serve
1306 3725 69 30 their

727 3787 59 22 own
800 3776 132 36 interests,
943 3784 47 21 nor
1000 3775 16 15 u
1139 3770 58 30 who
1217 3773 97 27 cannot
1328 3778 45 30 say

727 3832 14 19 a
756 3819 72 32 word
842 3820 26 29 in
883 3817 172 41 explanation
1067 3815 31 32 of
1105 3814 69 31 what
1183 3814 65 39 they
1258 3815 113 37 request.

729 3862 51 32 We
803 3874 44 20 are
868 3860 93 41 likely,
974 3872 41 20 we
1037 3859 111 37 believe,
1164 3863 27 26 to
1213 3856 32 31 be
1265 3854 108 33 favored

729 3908 63 29 with
811 3907 72 35 both,
898 3906 52 30 and
964 3916 51 20 one
1035 3903 162 40 gentleman,
1211 3902 27 30 in
1253 3901 79 30 order
1345 3903 28 29 to

727 3960 90 19 secure
831 3953 53 26 two
908 3948 100 38 strings
1021 3951 27 24 to
1066 3946 41 29 his
1120 3946 68 32 bow,
1204 3945 45 28 has
1262 3953 69 29 gone
1345 3942 29 30 in

727 3991 65 32 both
820 3991 41 30 for
886 3991 61 29 here
971 3989 53 30 and
1047 3988 143 39 Westport.
1231 3986 53 31 We
1305 3984 68 32 shall

729 4036 64 30 have
816 4045 72 20 more
908 4038 28 26 to
950 4043 46 28 say
1009 4033 27 29 in
1051 4042 16 20 a
1086 4032 92 30 future
1192 4031 80 35 issue,
1287 4029 27 30 in
1328 4029 45 30 the

729 4080 142 31 meantime
885 4090 38 18 we
943 4076 131 39 earnestly
1089 4075 68 39 hope
1171 4075 61 29 that
1244 4073 47 31 the
1305 4071 50 41 pub-

728 4123 34 29 lic
775 4122 55 30 will
849 4122 31 29 be
894 4120 121 31 cautious
1030 4118 26 31 in
1071 4117 130 43 pledging
1214 4116 160 30 themselves

727 4170 30 27 to
771 4176 53 28 any
838 4176 60 20 one.

763 4291 26 29 It
812 4291 22 29 is
847 4290 165 37 satisfactory
1027 4291 28 27 to
1076 4287 97 35 notice,
1188 4287 28 30 in
1231 4285 46 32 the
1292 4285 80 30 midst

725 4334 29 30 of
767 4333 45 30 the
825 4332 163 32 excitement
1000 4330 156 38 necessarily
1169 4329 95 29 caused
1278 4328 35 38 by
1327 4328 44 29 the

726 4378 52 29 late
800 4377 83 29 influx
904 4376 31 29 of
955 4374 95 41 people
1063 4378 29 26 to
1110 4372 53 31 this
1187 4371 112 33 district,
1313 4371 58 29 that

725 4419 46 31 the
795 4419 182 32 Government
991 4428 43 19 are
1052 4415 139 39 evidently
1205 4414 164 31 determined

725 4468 28 25 to
776 4463 53 29 lose
852 4473 35 19 no
909 4463 65 28 time
994 4461 27 30 in
1042 4459 110 39 making
1165 4458 63 30 local
1245 4458 111 38 improve-

726 4510 92 27 ments.
857 4505 133 36 Amongst
1013 4503 46 30 the
1082 4505 70 27 most
1174 4501 148 38 important
1344 4499 28 30 of

725 4550 45 30 the
797 4549 87 30 works
910 4555 28 23 at
963 4550 107 36 present
1092 4546 28 29 in
1146 4555 92 20 course
1257 4543 31 29 of
1304 4553 50 21 com-

725 4592 108 39 pletion,
857 4602 39 19 we
913 4600 61 28 may
994 4588 118 32 mention
1141 4587 45 30 the
1215 4586 106 40 cutting
1342 4588 27 27 in

724 4634 65 31 Coal
803 4637 91 31 street,
918 4632 94 38 which,
1037 4632 76 29 when
1137 4630 112 30 finished
1273 4632 95 26 cannot

724 4678 46 30 fail
795 4682 27 25 to
840 4677 53 30 add
913 4675 183 38 considerably
1109 4678 27 25 to
1157 4673 44 30 the
1216 4672 113 30 comfort
1343 4672 27 28 of

723 4721 45 30 the
791 4719 165 32 inhabitants
973 4719 30 29 of
1023 4717 156 31 Charleston
1193 4715 52 31 and
1263 4724 92 31 appear-

723 4774 64 21 ance
801 4764 28 30 of
849 4763 46 30 the
918 4766 80 26 town.
1039 4760 55 30 The
1116 4762 119 28 contract
1254 4759 23 29 is
1292 4758 79 39 being

723 4807 103 42 rapidly
850 4804 104 34 carried
976 4809 55 33 out,
1045 4803 52 31 and
1120 4804 28 30 in
1163 4802 44 31 the
1226 4800 143 32 meantime

724 4861 38 18 we
788 4850 87 29 would
901 4852 109 34 suggest
1035 4847 58 29 that
1118 4857 15 18 a
1156 4846 51 29 few
1226 4846 89 38 lamps
1337 4845 32 28 be

724 4891 92 41 placed
836 4902 35 19 011
885 4890 84 30 either
982 4889 57 30 side
1052 4889 28 28 of
1092 4889 48 29 the
1154 4887 105 37 cutting
1273 4890 26 25 to
1314 4895 42 29 pre-

724 4939 62 27 vent
807 4934 137 31 accidents
957 4938 28 24 to
999 4932 76 31 those
1091 4931 59 30 who
1163 4941 43 19 are
1221 4927 149 44 compelled

724 4983 28 25 to
777 4978 77 29 make
880 4971 104 36 use'of
1008 4975 56 29 that
1089 4973 188 40 thoroughfare
1303 4971 67 30 after

725 5020 136 38 nightfall.

760 5064 79 30 Since
866 5072 50 21 our
942 5061 50 31 last
1018 5060 73 31 issue
1113 5059 77 30 there
1213 5058 48 29 has
1275 5056 64 30 been
1354 5068 15 18 a

751 5107 82 41 slight
846 5105 62 31 rush
951 5108 29 28 to
994 5104 45 30 the
1053 5103 104 41 ground
1170 5104 28 28 at
1212 5102 45 30 the
1272 5112 58 19 rear
1343 5100 29 29 of

724 5150 43 30 the
781 5150 123 30 Darkie's
918 5148 117 33 Terrace,
1051 5147 85 29 where
1150 5155 15 19 a
1176 5155 59 19 new
1249 5144 59 29 lead
1321 5143 48 29 has

723 5192 65 32 been
797 5191 161 34 discovered,
974 5189 53 33 and
1042 5189 58 31 bids
1114 5188 50 32 fair
1176 5190 27 27 to
1219 5185 89 32 realise
1324 5185 43 30 the

723 5235 182 40 expectations
913 5234 31 29 of
954 5234 44 28 the
1009 5237 68 24 most
1088 5230 138 38 sanguine.
1242 5229 56 30 The
1308 5228 58 29 lead

723 5279 21 29 is
757 5277 81 32 about
852 5289 14 18 a
880 5277 61 30 mile
956 5276 27 31 in
996 5275 102 39 length,
1113 5273 45 31 the
1172 5272 109 38 sinking
1298 5270 69 31 from

723 5322 58 29 four
796 5324 27 27 to
838 5320 49 30 five
901 5320 57 36 feet,
972 5318 51 29 and
1033 5318 45 29 the
1090 5315 157 44 population
1258 5313 109 38 already

722 5375 34 20 on
771 5363 46 31 the
831 5362 104 40 ground
949 5360 140 32 estimated
1103 5364 26 24 at
1141 5359 60 29 200.
1240 5356 49 31 We
1299 5355 68 31 have

723 5406 93 31 visited
840 5406 43 31 the
907 5410 67 34 spot,
998 5402 59 38 and,
1082 5401 80 31 while
1184 5410 38 19 we
1243 5410 47 18 can
1318 5398 47 29 but

722 5449 80 40 speak
816 5449 27 29 in
858 5449 43 29 the
915 5447 104 40 highest
1033 5450 80 25 terms
1123 5444 30 30 of
1165 5443 45 29 the
1219 5441 147 33 auriferous

1388 145 135 37 prospects
1544 141 31 30 of
1598 141 43 29 the
1665 138 115 38 locality,
1806 146 38 19 we
1871 133 89 30 would
1985 136 45 26 not

1388 183 90 31 advise
1501 193 50 20 our
1564 183 104 38 mining
1681 181 100 29 friends
1796 183 27 24 to
1843 176 105 31 forsake
1961 175 69 30 their

1388 226 100 37 claims,
1511 236 28 18 as
1565 228 27 26 at
1618 228 104 36 present
1745 223 45 29 the
1814 230 76 29 space
1913 219 30 28 of
1963 216 67 39 good

1388 268 104 40 ground
1506 268 22 29 is
1544 267 127 39 certainly
1687 264 113 32 limited.

1426 334 131 35 Amongst
1578 333 44 29 the
1645 341 78 29 many
1736 329 135 32 additions
1892 328 59 30 that
1964 328 68 29 have

1389 387 74 19 come
1472 380 27 26 to
1514 375 164 31 Charleston,
1692 374 51 30 few
1756 383 42 19 are
1812 381 71 21 more
1897 380 136 29 necessary

1389 421 65 30 than
1468 431 15 18 a
1497 421 84 29 steam
1595 417 132 32 saw-mill.
1779 415 49 30 We
1841 425 42 20 are
1904 414 89 40 happy
2006 418 27 26 to

1389 466 70 26 state
1480 463 58 28 that
1552 472 50 19 one
1615 462 30 29 of
1664 461 45 28 the
1723 461 77 28 finest
1814 458 110 39 engines
1937 468 35 19 on
1986 457 47 29 the

1393 505 76 31 West
1483 504 87 37 Coast,
1581 514 34 20 an
1625 502 114 31 efficient
1752 501 68 36 staff,
1835 500 52 30 and
1898 510 13 20 a
1926 500 6 29 1!
1947 499 68 31 work-

1393 550 45 39 ing
1460 548 151 40 appliances
1624 546 47 31 has
1690 546 58 39 just
1771 546 66 28 been
1852 544 131 41 imported
1999 543 35 40 by

1393 592 41 29 Mr
1458 591 78 37 Nees,
1552 590 58 29 who
1624 590 61 29 will,
1702 590 28 29 in
1744 588 46 30 the
1805 597 91 20 course
1910 587 29 29 of
1955 598 16 19 a
1983 588 38 28 feu-

1393 635 73 38 days,
1481 633 32 30 be
1534 632 125 43 prepared
1680 637 27 24 to
1726 630 96 41 supply
1835 634 46 26 cut
1897 630 96 29 timber
2008 630 25 28 in

1392 688 51 29 any
1469 678 132 39 quantity,
1625 675 52 30 and
1700 675 62 30 thus
1786 673 96 31 relieve
1903 674 45 29 the
1969 683 50 20 com-

1391 721 104 38 munity
1518 720 31 30 of
1569 732 16 18 a
1606 718 130 40 difficulty
1759 717 61 29 that
1843 717 56 32 has,
1923 717 112 29 without

1391 762 92 35 doubt,
1499 762 67 30 been
1581 771 49 20 one
1644 760 27 29 of
1696 760 45 30 the
1755 763 69 25 most
1837 758 102 30 serious
1953 758 66 30 draw-

1392 806 79 31 backs
1485 810 28 25 to
1527 805 48 30 the
1588 813 122 31 progress
1723 801 30 31 of
1763 802 47 30 the
1823 805 78 27 town.

1429 863 40 38 By
1495 873 14 18 a
1537 861 103 39 private
1666 858 224 31 communication
1916 858 121 29 received

1393 907 65 29 from
1492 905 43 29 Mr
1563 903 112 30 Warden
1702 900 166 39 Kynnersley
1897 899 141 40 yesterday

1392 949 147 36 afternoon,
1562 957 37 20 we
1626 946 71 30 learn
1712 945 57 29 that
1791 954 61 29 very
1867 944 72 40 large
1961 953 56 19 num-

1393 994 57 29 bers
1463 1002 45 21 are
1522 991 54 29 still
1601 989 118 39 arriving
1741 993 26 24 at
1782 988 47 29 the
1852 986 92 31 Buller
1967 986 69 35 rush,

1393 1035 52 31 and
1459 1036 59 29 that
1533 1035 20 29 it
1573 1034 21 29 is
1608 1031 125 41 probable
1747 1032 57 28 that
1828 1030 27 29 in
1871 1041 14 18 a
1900 1031 51 29 few
1974 1030 65 38 days

1394 1080 45 29 the
1454 1077 153 40 population
1622 1076 30 29 of
1668 1075 54 28 this
1735 1084 57 19 new
1807 1073 31 29 El
1856 1073 106 29 Dorado
1983 1072 56 28 will

1395 1120 96 32 exceed
1505 1119 70 31 5000
1590 1126 117 32 persons.

1430 1178 84 29 There
1541 1176 46 30 has
1610 1174 66 30 been
1697 1183 72 19 some
1794 1171 68 30 little
1876 1171 162 31 excitement

1395 1221 95 30 caused
1504 1220 34 38 by
1551 1220 45 29 the
1610 1217 94 30 Buller
1718 1217 71 35 rush,
1802 1215 51 31 and
1863 1226 80 27 many
1955 1215 29 29 of
1992 1225 48 19 our

1395 1265 99 29 miners
1514 1262 67 30 have
1601 1260 49 30 left
1663 1260 71 38 good
1755 1258 100 40 paying
1868 1258 90 28 claims
1978 1257 62 30 here

1395 1311 27 25 to
1436 1312 42 35 try
1491 1305 69 31 their
1574 1304 118 30 fortunes
1705 1312 36 20 on
1762 1301 44 30 the
1821 1311 57 20 new
1900 1300 71 31 field.
2012 1300 28 29 It

1396 1352 21 28 is
1429 1361 16 19 a
1457 1359 63 28 very
1534 1353 58 25 true
1606 1347 93 38 saying
1719 1345 59 29 that
1824 1344 124 29 distance
1964 1343 76 30 lends

1396 1392 188 32 enchantment
1607 1393 27 27 to
1649 1388 44 31 the
1835 1385 52 33 and
1911 1385 129 40 although

1396 1447 37 20 we
1446 1435 34 31 do
1498 1439 44 25 not
1556 1433 66 30 wish
1636 1432 35 39 by
1686 1440 52 29 any
1751 1440 92 20 means
1859 1433 27 26 to
1901 1429 137 39 disparage

1395 1480 45 30 the
1455 1479 96 35 Buller,
1566 1476 56 32 still
1649 1485 39 20 we
1702 1474 79 30 think
1802 1474 61 30 that
1876 1472 45 31 the
1942 1472 98 29 miners

1397 1524 58 29 who
1480 1532 42 20 are
1546 1521 28 30 in
1596 1519 100 40 paying
1717 1516 90 32 claims
1829 1527 34 21 on
1887 1516 46 29 th«
1946 1514 94 32 Pakihi

1397 1565 86 32 would
1499 1564 36 31 do
1549 1562 59 32 well
1621 1566 28 26 to
1662 1560 68 32 stick
1744 1564 28 26 to
1786 1559 72 30 them
1880 1559 70 30 until
1963 1558 65 29 infor-

1396 1611 98 29 mation
1504 1619 74 19 more
1591 1604 118 36 tangible
1723 1604 65 31 than
1802 1614 38 20 we
1857 1602 66 31 have
1936 1605 48 36 yet
2003 1611 25 20 re-

1395 1651 91 31 ceived
1500 1659 87 20 comes
1600 1653 26 24 to
1640 1647 80 29 hand.

1433 1709 47 31 We
1506 1711 87 37 regret
1617 1708 29 29 to
1667 1705 62 30 hear
1742 1702 28 31 of
1792 1702 46 31 the
1853 1701 79 31 death
1946 1701 28 30 of
1994 1700 45 31 Dr.

1397 1752 151 32 Alexander
1574 1750 116 35 Hunter,
1718 1746 88 31 which
1830 1745 66 30 took
1918 1745 74 39 place
2015 1745 27 29 in

1397 1795 131 32 Hokitika
1542 1804 34 20 on
1590 1792 132 38 Saturday
1741 1788 124 40 morning
1886 1788 59 30 last.
1985 1787 57 30 The

1396 1839 125 31 deceased
1543 1837 153 39 gentleman
1720 1844 53 19 was
1793 1842 33 20 an
1850 1832 44 29 old
1920 1831 122 34 colonist,

1396 1884 50 30 and
1461 1883 46 32 the
1522 1880 139 38 following
1673 1876 155 42 particulars
1842 1875 28 31 of
1893 1875 40 30 his
1947 1884 95 26 career,

1397 1926 83 30 which
1496 1934 39 20 we
1548 1924 134 29 condense
1696 1922 67 28 from
1776 1920 45 28 the
1868 1919 80 29 West
1961 1918 81 30 Coast

1534 1966 56 31 will
1611 1964 137 31 doubtless
1761 1963 32 30 be
1817 1961 64 31 read
1896 1960 63 30 with
1979 1960 51 30 inte-

1397 2016 54 28 rest
1475 2012 35 39 by
1770 2005 79 30 death
1872 2014 53 19 was
1954 2004 90 29 rather

1397 2056 113 34 sudden,
1524 2052 101 41 thmgh
1639 2054 46 27 not
1704 2048 149 41 altogether
1866 2046 178 42 unexpected,

1397 2110 28 19 as
1439 2100 33 29 he
1483 2098 48 30 has
1543 2097 68 30 been
1626 2094 127 39 suffering
1766 2093 40 28 for
1820 2101 15 19 a
1847 2091 65 38 long
1931 2091 78 28 series
2018 2089 31 30 of

1396 2152 76 31 years
1485 2141 70 30 from
1569 2138 108 32 chronic
1700 2134 148 33 bronchitis
1863 2133 53 31 and
1939 2143 91 29 conges-

1399 2186 55 29 tion
1479 2184 27 29 of
1528 2183 47 30 the
1604 2181 85 39 lungs.
1747 2178 57 30 The
1828 2187 89 19 career
1943 2176 31 30 of
1995 2176 46 28 Dr.

1400 2228 106 31 Hunter
1519 2226 47 30 has
1579 2225 69 30 been
1662 2232 50 20 one
1735 2220 30 31 of
1775 2230 16 21 a
1814 2229 64 29 very
1892 2217 151 41 chequered

1397 2276 99 26 nature.
1539 2270 44 30 He
1597 2277 52 19 was
1661 2266 66 30 born
1741 2265 27 30 in
1782 2263 45 30 the
1845 2273 65 29 year
1926 2262 70 29 1816
2018 2265 28 26 at

1399 2314 103 37 Heriot,
1517 2309 87 34 idfthe
1618 2308 134 36 Lothiaus,
1768 2305 137 35 Scotland,
1929 2303 53 32 and
2002 2303 41 32 his

1397 2359 93 35 father,
1503 2357 51 30 the!
1563 2355 65 29 Lev.
1644 2352 99 31 Robert
1757 2350 116 36 Hunter,
1886 2347 121 31 minister
2018 2347 31 31 of

1399 2401 102 34 Heriot,
1517 2397 64 32 died
1601 2395 97 31 within
1711 2404 51 20 one
1785 2403 62 29 year
1860 2392 28 30 of
1910 2391 42 30 his
1966 2390 76 30 birth.

1398 2444 44 31 Dr.
1461 2444 115 30 Hunter,
1590 2450 63 30 very
1666 2437 72 40 early
1752 2437 27 30 in
1793 2436 46 31 life
1853 2433 137 43 displayed
2002 2434 44 29 the

1397 2488 127 31 evidence
1538 2486 28 30 of
1578 2486 78 37 great
1670 2482 95 30 talent,
1779 2480 52 30 and
1847 2479 37 41 by
1897 2479 41 29 his
1961 2478 70 29 untir-

1396 2531 47 39 ing
1456 2538 100 30 energy
1578 2537 52 19 was
1653 2523 114 34 enabled
1789 2526 28 26 to
1831 2531 60 32 pass
1914 2521 116 30 examina-

1396 2574 56 30 tion
1466 2572 28 30 in
1508 2580 110 29 surgery
1631 2568 28 31 in
1677 2564 169 41 Edinburgh,
1865 2564 28 30 in
1917 2562 46 31 the
1983 2573 63 29 year

1392 2618 16 30 A
1416 2616 53 30 835
1483 2625 55 20 was
1551 2611 145 43 appointed
1709 2610 204 31 Demonstrator
1924 2607 28 29 of
1972 2608 72 28 Ana-

1482 2657 47 36 Ja
1550 2655 105 31 Knox's
1676 2652 105 37 School,
1806 2648 166 40 Edinburgh,
1993 2648 51 30 and

1397 2705 84 23 utmer
1492 2695 46 31 the
1776 2691 94 30 Listou
1884 2692 33 28 he
1932 2700 52 20 was
2004 2692 42 29 for

1397 2750 71 21 some
1481 2750 76 30 years
1570 2735 121 43 engaged
1707 2735 26 31 in
1752 2735 46 30 the
1812 2733 105 31 clinical
1940 2733 88 40 depart-

1502 2782 64 33 anl.
1578 2782 29 29 in
1628 2780 102 37 setting
1743 2788 36 29 up
1799 2778 45 29 the
1858 2775 105 31 various
1983 2788 51 18 ana

1397 2825 107 33 toxical
1527 2823 167 42 prepartions
1709 2820 125 40 required
1858 2820 33 41 by
1905 2819 59 30 that
1983 2829 46 29 gen-

1396 2871 101 30 tleman
1524 2870 28 29 in
1575 2868 43 30 his
1638 2867 112 30 lectures
1807 2864 42 30 He
1870 2863 125 36 married,
2016 2864 26 29 in

1399 2914 80 33 1843,
1503 2912 66 31 Miss
1592 2907 171 42 Handasyde,
1787 2908 46 29 the
1856 2907 79 30 sister
1950 2907 28 30 of
1999 2907 46 29 the

1396 2958 52 29 late
1473 2957 69 30 Lord
1566 2955 137 30 Advocate
1726 2952 28 29 of
1779 2950 138 38 Scotland,
1943 2950 52 29 and
2017 2950 27 29 in

1399 3000 69 31 1945
1482 2996 131 33 obtained
1626 2997 46 29 the
1694 2994 85 30 honor
1792 2994 29 28 of
1841 2994 46 29 the
1901 2993 98 38 degree
2018 2992 31 29 of

1397 3043 130 32 F.It.C.S.
1546 3041 28 31 of
1588 3039 41 31 Ed
1634 3034 3 44 :
1641 3037 112 41 n'ourgh,
1773 3036 90 32 where
1887 3036 32 30 he
1943 3034 87 32 contin-

1396 3074 53 43 ual
1470 3090 28 26 to
1517 3084 113 41 practise
1655 3082 40 30 his
1719 3079 144 42 profession
1888 3079 65 30 with
1972 3083 74 34 great

1396 3138 105 30 supcess
1520 3126 69 31 until
1602 3126 46 30 the
1667 3134 64 32 year
1752 3123 78 29 1848.
1872 3123 34 29 In
1923 3121 70 31 1818
2012 3121 32 30 he

1397 3171 96 34 settled
1515 3171 28 30 in
1557 3168 168 36 Melbourne,
1744 3166 88 31 where
1857 3166 34 31 he
1905 3166 42 30 for
1965 3175 79 31 many

1397 3208 75 50 yehrs
1487 3213 115 42 pursued
1623 3211 42 30 his
1686 3213 122 37 practice.
1868 3209 30 29 In
1920 3209 71 29 185!)
2013 3208 31 29 he

1397 3271 52 20 was
1463 3257 103 32 elected
1580 3261 27 25 to
1621 3255 46 30 the
1682 3253 157 41 Legislative
1856 3251 141 40 Assembly
2018 3251 26 29 in

1397 3302 128 35 Victoria,
1548 3300 54 33 and
1628 3297 145 32 continued
1799 3299 29 28 to
1853 3296 35 30 sit
1914 3296 41 30 for
1981 3295 64 30 East

1398 3347 157 31 Melbourne
1569 3344 70 30 until
1653 3343 41 29 his
1707 3342 97 38 failing
1819 3340 101 37 health,
1933 3339 53 31 and
2000 3340 44 29 the

1396 3390 84 30 desire
1506 3387 32 31 of
1560 3386 108 43 placing
1689 3384 42 30 his
1753 3394 47 19 son
1828 3385 28 26 at
1882 3382 101 38 college
2016 3382 27 28 in

1397 3429 158 42 Edinburgh
1581 3427 115 32 induced
1722 3427 55 30 him
1800 3430 28 25 to
1847 3429 91 26 return
1958 3425 84 30 home.

1398 3476 77 31 After
1489 3474 40 31 his
1543 3476 91 27 return
1649 3478 26 24 to
1693 3469 156 31 Melbourne
1874 3469 32 29 he
1922 3467 120 31 resumed

1397 3519 41 31 his
1451 3518 123 40 practice,
1588 3514 53 31 and
1654 3519 28 26 at
1696 3523 50 21 one
1761 3513 66 29 time
1849 3511 53 30 had
1924 3511 119 30 amassed

1397 3575 15 18 a
1426 3572 62 31 very
1501 3558 144 33 handsome
1659 3559 181 36 competency,
1854 3554 50 30 but
1917 3554 89 40 owing
2018 3558 26 26 to

1395 3606 48 31 the
1454 3603 173 33 fluctuations
1639 3600 52 32 and
1705 3597 168 35 vicissitudes
1887 3596 32 32 of
1931 3597 113 32 colonial

1397 3651 53 35 life,
1466 3650 35 29 he
1515 3657 52 19 was
1581 3644 157 39 compelled,
1752 3643 69 30 after
1842 3641 101 38 having
1963 3641 69 30 deter-

1397 3691 87 32 mined
1497 3694 29 27 to
1539 3686 148 42 relinquish
1700 3685 42 31 his
1757 3684 119 41 practice,
1897 3687 29 27 to
1939 3693 105 21 resume

1397 3736 27 30 it.
1484 3732 137 32 Domestic
1647 3729 118 32 troubles
1791 3728 56 30 also
1873 3737 72 20 came
1971 3726 74 30 thick

1396 3787 70 32 upon
1478 3778 63 30 him.
1583 3774 53 32 His
1649 3773 63 40 only
1725 3782 57 24 son,
1802 3771 58 28 who
1875 3780 52 19 was
1940 3770 106 40 coming

1396 3827 46 26 out
1455 3825 29 28 to
1493 3820 58 41 join
1566 3820 41 30 his
1620 3818 96 36 father,
1731 3826 53 19 was
1808 3814 128 31 drowned
1952 3815 25 29 in
1998 3814 46 31 the

1397 3865 109 33 ill-fated
1522 3864 118 31 London.
1682 3860 43 32 At'
1743 3859 54 31 this
1811 3858 62 30 time
1899 3855 44 33 Dr.
1967 3857 58 31 Hun-

1396 3915 50 29 ter,
1459 3910 60 30 who
1534 3908 52 31 had
1599 3904 125 33 removed
1738 3907 28 28 to
1781 3902 199 38 Dunediu,aud
1991 3913 52 19 was

1396 3953 147 39 practising
1564 3950 82 34 there,
1671 3957 53 19 was
1738 3947 27 29 in
1789 3956 15 18 a
1818 3955 62 27 very
1894 3945 150 39 precarious

1393 3999 72 27 .state
1479 3994 27 30 of
1519 3993 100 34 health,
1635 3990 52 32 and
1700 3989 30 31 th
1733 4001 12 10 u
1759 3988 70 31 blow
1840 3987 157 32 occasioned
2009 3986 33 41 by

1396 4039 44 31 the
1454 4048 71 20 news
1538 4036 30 31 of
1579 4036 44 30 the
1637 4031 130 41 untimely
1780 4031 80 31 death
1876 4043 6 16 <
1893 4031 12 29 f
1924 4030 42 30 his
1985 4040 57 26 son,

1398 4082 84 31 whom
1505 4082 34 31 he
1562 4078 124 37 idolized,
1708 4088 29 18 so
1752 4074 121 42 weighed
1896 4085 71 28 upon
1988 4074 54 30 him

1396 4125 59 32 that
1467 4125 32 29 he
1513 4122 138 42 gradually
1664 4118 169 34 succumbed,
1847 4118 53 29 and
1913 4116 129 39 although

1396 4169 34 32 he
1449 4167 120 33 retained
1586 4165 46 31 the
1653 4174 46 21 use
1720 4162 27 31 of
1773 4161 41 30 his
1835 4160 131 38 faculties,
1990 4160 52 30 and

1396 4212 117 39 actually
1539 4208 110 33 advised
1673 4207 65 30 with
1760 4205 115 39 patients
1898 4215 36 30 up
1949 4211 27 21 to
1997 4203 43 29 the

1396 4255 51 39 day
1459 4255 89 30 before
1559 4253 41 29 his
1614 4250 88 36 death,
1717 4249 33 29 he
1764 4258 81 20 never
1858 4245 93 31 rallied
1972 4247 70 29 from

1396 4298 45 30 the
1454 4297 92 30 shock.

1431 4353 53 31 For
1515 4361 74 21 some
1616 4349 62 30 time
1704 4350 60 37 pa*t
1795 4344 45 32 the
1873 4344 112 39 scarcity
2014 4343 28 30 of

1395 4401 99 35 stamps
1508 4395 47 29 has
1574 4393 67 30 been
1656 4391 76 30 much
1747 4390 51 30 felt
1821 4389 28 29 in
1863 4388 54 29 this
1938 4387 104 29 district

1395 4440 51 30 and
1460 4437 95 33 caused
1568 4433 183 34 considerable
1764 4430 208 33 inconvenience
1986 4433 27 26 to
2028 4440 14 18 a

1395 4482 71 41 large
1488 4481 100 30 section
1608 4480 27 28 of
1658 4478 46 30 the
1727 4475 173 36 community.
1940 4473 38 29 At
1997 4472 45 29 the

1396 4531 105 35 present
1526 4530 64 24 time
1617 4532 38 19 we
1678 4520 100 30 believe
1805 4520 110 37 postage
1941 4519 99 35 stamps

1395 4573 94 26 cannot
1502 4567 32 30 be
1550 4564 144 43 purchased
1708 4564 26 29 in
1749 4561 164 30 Charleston,
1928 4569 15 19 a
1957 4559 25 29 ,d
1995 4558 45 30 the

1394 4610 96 42 supply
1504 4610 28 29 of
1545 4608 97 40 receipt
1662 4610 99 34 stamps
1784 4604 23 29 is
1828 4602 114 38 nothirg
1964 4600 77 40 equal

1395 4658 27 27 to
1436 4654 46 31 the
1496 4650 120 33 demand.
1656 4649 25 30 It
1696 4648 21 30 is
1730 4652 27 25 to
1776 4646 33 29 be
1823 4644 86 39 hoped
1923 4644 56 29 thir
1996 4644 35 29 im

1395 4697 114 30 mediate
1522 4698 75 35 steps
1611 4692 52 30 will
1677 4692 31 28 be
1724 4690 78 29 taken
1827 4692 27 25 to
1868 4687 98 38 supply
1986 4687 54 28 this

1395 4744 77 34 want,
1488 4737 53 32 and
1555 4737 57 30 that
1627 4735 44 30 the
1694 4733 181 31 Government
1890 4729 52 29 will
1958 4729 82 40 adopt

1395 4793 132 20 measures
1552 4785 28 24 to
1594 4781 111 38 prevent
1718 4788 16 17 a
1753 4783 154 22 recurrence
1922 4774 24 28 ot
1972 4772 66 30 such

1395 4839 14 19 a
1423 4826 97 31 serious
1530 4823 60 32 evil.

1432 4881 51 30 We
1496 4880 109 30 observe
1616 4877 67 30 from
1694 4877 45 28 the
1755 4873 109 39 English
1877 4882 93 29 papers
1981 4871 56 28 that

1395 4925 20 30 it
1426 4935 53 20 was
1503 4920 121 33 iuinored
1646 4924 27 25 at
1696 4917 204 38 Southampton,
1915 4913 52 30 and
1985 4923 40 20 cur-

1394 4967 86 39 rently
1506 4964 129 32 believed,
1659 4962 58 29 that
1768 4960 114 29 Thomas
1896 4956 124 31 Chamber-

1394 5011 42 40 lay
1439 5021 40 27 ne,
1495 5009 73 38 Esq.,
1583 5006 31 31 of
1637 5001 224 41 Cranbury-park,
1882 5000 45 30 the
1950 5009 88 20 owner

1394 5054 28 29 of
1448 5053 45 29 the
1520 5051 54 30 Old
1601 5049 101 33 Arrow,
1726 5056 29 19 as
1778 5045 46 29 she
1850 5045 22 28 is
1897 5043 140 38 familiarly

1393 5096 92 36 called,
1507 5092 109 32 intends
1635 5096 28 25 to
1684 5087 135 40 challenge
1845 5085 46 32 Mr
1913 5085 120 32 Bennett

1393 5150 90 19 owner
1495 5138 29 28 of
1544 5138 46 27 the
1606 5134 149 30 Henrietta,
1769 5134 29 26 to
1811 5142 16 18 a
1839 5129 60 30 trial
1913 5130 28 29 of
1953 5129 82 39 speed

1393 5190 89 24 across
1503 5180 47 30 the
1573 5176 129 33 Atlantic.
1751 5173 56 30 The
1828 5172 93 29 Arrow
1945 5172 22 28 is
1990 5171 45 30 the

1395 5226 99 29 winner
1515 5223 28 29 of
1564 5230 80 28 many
1664 5216 121 31 valuable
1809 5216 90 38 prized,
1915 5215 52 29 and
1990 5215 45 29 has

1392 5265 116 40 scarcely
1522 5274 60 20 ever
1595 5263 65 29 been
1673 5260 104 31 beaten.
1818 5258 52 29 She
1884 5258 21 29 is
1918 5267 15 19 a
1946 5260 87 26 cutter

1392 5310 31 31 of
1444 5309 50 30 102
1517 5311 68 25 tons.
1626 5305 42 28 Mr
1689 5300 210 38 Chamberlayne
1925 5300 23 28 is
1969 5300 52 29 vice-

1392 5349 170 34 commodore
1576 5347 28 32 of
1617 5346 46 31 the
1678 5343 85 42 li<>yal
1778 5343 149 40 Squadron,
1947 5342 51 29 and
2014 5352 20 18 is
2041 5342 1 43 \

1391 5406 14 19 a
1428 5392 136 38 thorough
1586 5389 154 40 yachtsman
1757 5386 53 30 and
1831 5388 148 37 sportsman
2007 5385 26 28 in

1391 5447 77 28 every
1483 5444 77 21 sense
1574 5433 30 30 of
1615 5432 46 30 the
1676 5429 98 31 word.'

2093 130 28 30 It
2143 130 22 29 is
2188 127 122 32 rumored
2323 127 58 30 that
2394 125 46 32 the
2454 134 59 22 new
2528 123 175 52 SnicflHjH

2057 174 22 30 is
2087 173 80 37 being
2180 170 85 32 found
2278 170 68 30 fault
2356 169 64 29 with
2432 168 37 39 by
2479 167 45 30 the
2532 157 171 40 authomMß

2059 216 23 28 A
2096 219 73 35 great
2183 224 81 29 many
2277 223 42 19 are
2331 211 80 39 being
2425 209 97 31 turned
2535 212 54 26 out.
2649 219 53 18 lwo

2059 257 109 30 Palliser
2191 256 61 31 shot
2266 266 43 20 9re
2322 252 175 42 superseding
2510 250 36 32 all
2560 250 87 31 others
2660 249 43 30 for

2058 310 48 19 our
2129 301 69 38 large
2221 299 77 30 naval
2322 308 75 28 guns,
2413 296 53 31 and
2489 297 138 37 penetrate
2649 301 54 30 any

2058 343 136 29 thickness
2216 342 30 30 of
2266 350 111 22 armour.
2431 338 37 30 At
2493 337 86 39 thirty
2593 336 110 39 degrees

2057 386 76 40 angle
2156 384 65 41 they
2247 395 44 19 are
2315 393 59 21 now
2398 381 75 30 made
2500 385 27 26 to
2548 380 87 39 pierce
2656 377 47 30 the

2058 430 92 38 plates,
2177 428 49 30 but
2247 428 20 29 it
2296 426 120 39 requires
2441 424 70 40 large
2538 423 110 39 charges
2674 423 26 27 ot

2060 473 112 40 powder,
2197 470 136 30 otherwise
2347 474 62 32 tney
2419 468 94 38 glance
2524 466 37 30 off
2572 465 45 29 the
2631 464 72 38 ships

2059 515 78 31 sides.

2149 625 143 31 MINING
2323 618 284 34 INTELLIGENCE.

2098 714 87 30 There
2206 712 46 29 has
2266 710 66 31 been
2355 705 178 33 considerable
2546 704 160 31 excitement

2062 758 25 28 in
2100 757 104 36 mining
2216 753 92 31 circles
2331 751 97 37 during
2447 749 45 30 the
2506 752 59 35 past
2578 748 52 28 few
2641 746 65 37 days

2062 800 87 39 owing
2162 804 27 25 to
2208 797 45 29 the
2278 794 143 38 discovery,
2437 790 55 32 and
2515 788 127 41 reported
2656 787 38 30 dis-

2063 853 103 29 covery,
2190 840 27 30 of
2252 839 104 29 various
2379 845 58 21 new
2486 834 97 39 golden
2607 831 73 30 leads
2692 830 4 52 '

2064 888 26 28 in
2105 886 54 29 this
2185 882 114 36 district,
2322 880 52 30 and
2391 879 47 29 the
2463 877 123 31 addition
2609 879 28 24 to
2661 873 46 30 the

2064 928 155 41 population
2254 925 47 29 has
2334 924 67 29 been
2427 931 64 28 very
2526 920 78 37 large.
2665 917 40 29 On

2067 970 150 39 Moonlight
2226 967 71 32 Lead
2311 967 46 30 the
2371 967 163 38 prospectors
2542 961 67 31 have
2624 960 84 30 found

2064 1016 54 30 still
2135 1014 84 30 richer
2237 1010 113 42 ground,
2364 1008 64 29 both
2449 1007 81 30 above
2550 1005 52 29 and
2623 1003 85 30 below

2064 1058 70 30 their
2160 1054 113 41 original
2299 1051 169 40 prospecting
2491 1049 81 33 shaft,
2589 1046 53 31 and
2664 1046 44 29 the

2066 1105 68 25 most
2158 1099 99 29 serious
2280 1094 140 31 drawback
2440 1094 29 28 to
2494 1091 47 30 the
2567 1089 143 31 successful

2067 1142 121 40 working
2209 1139 30 30 of
2258 1139 44 30 the
2316 1134 105 43 ground
2434 1134 47 30 has
2500 1134 66 29 been
2577 1132 45 30 the
2635 1133 74 37 great

2070 1185 111 40 scarcity
2207 1184 27 30 of
2266 1185 88 26 water.
2412 1178 59 31 One
2497 1180 76 37 party
2598 1186 14 20 a
2638 1174 72 30 short

2065 1231 117 30 distance
2204 1228 81 29 above
2308 1225 45 29 the
2374 1220 176 41 prospectors'
2564 1219 80 30 claim
2657 1228 53 19 was

2066 1272 82 38 lately
2161 1268 96 33 offered
2271 1267 77 31 £l2O
2362 1265 40 29 for
2424 1265 41 28 his
2478 1263 86 31 share,
2576 1260 87 31 which
2678 1260 32 29 he

2066 1315 113 33 refused,
2193 1326 15 18 a
2221 1313 54 30 fact
2288 1311 32 39 by
2335 1308 86 31 which
2435 1317 15 21 a
2463 1306 52 30 fair
2527 1305 111 42 opinion
2648 1313 60 31 may

2066 1359 101 29 formed
2183 1358 26 29 of
2219 1357 46 29 the
2277 1354 118 30 richness
2405 1350 33 30 of
2453 1350 46 29 the
2512 1348 104 40 ground
2627 1347 28 28 iu
2666 1347 45 29 the

2066 1400 115 40 locality.
2232 1399 125 31 Between
2383 1393 47 31 the
2457 1389 173 44 prospectors'
2658 1388 52 32 and

2066 1446 45 30 the
2125 1436 58 42 hiil,
2197 1454 15 20 a
2225 1440 97 32 second
2341 1435 112 44 payable
2467 1435 102 30 bottom
2584 1433 47 30 has
2645 1432 65 29 been

2066 1487 159 36 discovered,
2239 1484 53 30 and
2313 1479 154 41 everybody
2487 1489 34 19 on
2535 1476 47 31 the
2604 1474 106 41 ground

2066 1532 23 30 is
2103 1533 26 27 in
2144 1530 65 34 high
2233 1527 90 39 spirits
2343 1529 28 25 at
2384 1524 44 29 the
2446 1525 107 36 present
2567 1519 144 40 workings,

2067 1573 86 31 which
2175 1571 73 43 yield
2268 1569 82 30 about
2371 1567 60 29 four
2457 1573 95 21 ounces
2578 1573 48 29 per
2651 1561 58 40 day.

2067 1620 56 29 The
2136 1615 132 38 township
2279 1613 22 29 is
2310 1622 64 27 very
2388 1609 89 38 lively.
2505 1606 107 33 Several
2626 1609 84 26 stores

2068 1660 53 30 and
2148 1656 129 32 butchers'
2304 1654 80 37 shops
2410 1661 72 20 seem
2501 1654 27 24 to
2546 1649 32 28 be
2592 1647 82 38 doing
2696 1658 16 17 a

2067 1703 68 41 good
2148 1701 131 34 business,
2294 1696 53 33 and
2360 1693 158 41 everything
2531 1693 22 29 is
2567 1687 82 35 brisk.

2107 1748 23 27 A
2144 1749 68 25 start
2226 1743 47 30 has
2289 1741 57 39 just
2361 1740 65 28 been
2441 1737 77 30 made
2532 1740 27 26 at
2572 1736 46 28 the
2638 1733 72 30 Four

2070 1788 63 32 mile
2159 1788 119 30 Terrace,
2300 1784 36 40 by
2358 1780 158 40 Handyside
2550 1778 52 30 and
2629 1777 81 37 Party

2071 1833 57 29 who
2154 1840 43 20 are
2222 1829 82 31 about
2330 1830 28 25 to
2381 1823 141 32 introduce
2544 1832 15 19 a
2579 1820 134 41 puddling

2070 1874 121 33 machine
2221 1872 53 31 and
2305 1873 137 35 stampers,
2477 1865 86 31 which
2594 1863 56 31 will
2682 1862 31 29 be

2070 1918 106 30 worked
2200 1917 38 40 by
2258 1916 180 35 horse-power.
2488 1910 150 30 Robertson
2661 1906 51 30 and

2074 1963 77 37 Party
2174 1960 67 30 have
2262 1957 55 31 also
2340 1954 100 32 started
2463 1964 15 19 a
2499 1951 101 31 similar
2618 1949 79 31 under-

2070 2006 102 37 taking,
2183 2013 34 19 on
2231 2013 16 19 a
2259 1999 145 31 somewhat
2418 1996 104 29 smaller
2541 1995 75 35 scale,
2630 1991 85 31 which

2072 2048 62 34 will,
2158 2046 129 32 however,
2314 2042 32 30 be
2371 2039 104 31 worked
2499 2038 34 39 by
2556 2036 79 38 hand,
2651 2034 64 31 with

2071 2092 46 29 the
2143 2090 141 29 assistance
2310 2086 29 28 of
2357 2096 15 18 a
2398 2082 129 40 flywheel.
2567 2081 84 29 These
2668 2079 32 28 im-

2072 2136 168 38 provements
2250 2128 55 31 will
2319 2128 32 29 be
2364 2138 15 19 a
2390 2130 74 37 great
2477 2126 149 36 advantage
2642 2122 74 29 when

2071 2175 160 40 completed,
2264 2172 53 30 and
2349 2173 71 28 must
2449 2178 82 30 prove
2563 2166 92 39 highly
2680 2175 25 19 re-

2072 2218 177 32 munerative,
2264 2225 30 21 as
2315 2214 45 29 the
2381 2212 77 31 black
2482 2209 64 32 sand
2566 2211 116 30 cement,
2696 2207 21 29 if

2071 2261 113 34 crushed
2198 2260 34 38 by
2247 2259 45 30 the
2306 2257 43 30 aid
2363 2256 30 30 of
2402 2254 161 38 machinery,
2579 2251 54 31 will
2646 2250 71 40 yield

2071 2317 16 19 a
2211 2303 85 39 larger
2318 2300 79 40 profit
2419 2299 63 30 than
2498 2297 22 29 it
2541 2296 45 30 has
2601 2295 116 31 hitherto

2071 2351 68 29 done
2155 2347 76 30 when
2245 2344 108 31 worked
2367 2343 35 39 by
2415 2342 47 31 the
2476 2340 44 31 old
2533 2343 107 37 system.

2289 2465 209 31 WESTPORT.

2192 2578 83 33 (From
2286 2586 42 16 our
2342 2585 48 17 own
2406 2575 193 35 correspondent.)

2562 2651 80 42 April
2656 2654 24 27 8.

2113 2711 58 39 Hey
2194 2710 106 30 Presto:
2333 2710 25 29 A
2382 2708 86 37 magic
2482 2706 108 40 change,
2605 2706 113 30 without

2072 2756 45 29 the
2140 2754 88 40 magic
2248 2753 44 30 aid
2311 2752 28 30 of
2357 2751 132 41 anything
2509 2750 104 39 beyond
2634 2761 15 18 a
2669 2751 49 28 few

2072 2798 139 39 glittering
2232 2796 90 40 grains
2346 2796 29 29 of
2401 2794 63 39 gold
2485 2794 71 29 dust.
2598 2792 91 31 When
2704 2793 13 28 I

2072 2843 80 28 wrote
2174 2850 53 31 you
2249 2839 59 31 last,
2328 2837 75 31 there
2421 2846 51 21 was
2486 2846 16 20 a
2521 2839 69 26 certa
2594 2835 4 46 :
2602 2845 15 20 n
2632 2835 76 30 rumb

2070 2884 56 40 ling
2139 2887 140 36 portntous
2291 2883 30 29 of
2331 2891 14 20 a
2359 2886 90 30 storm,
2465 2881 48 28 but
2526 2879 54 30 still
2593 2890 38 19 we
2650 2890 67 19 were

2070 2929 27 30 in
2111 2928 47 31 the
2172 2930 68 27 most
2254 2924 81 33 awful
2354 2928 67 26 state
2437 2924 28 30 of
2487 2922 131 41 quietude.
2660 2922 57 30 The

2074 2971 88 30 Buller
2184 2980 52 19 was
2250 2968 155 29 abandoned
2428 2967 35 37 by
2479 2967 34 29 its
2536 2966 58 28 best
2608 2966 107 35 friends,

2071 3013 51 31 and
2136 3022 78 29 every
2228 3020 51 21 one
2294 3020 53 20 was
2370 3008 127 40 prepared
2520 3012 27 25 to
2562 3007 62 30 hear
2637 3007 28 29 of
2683 3006 34 31 its

2058 3041 1 49 !
2070 3057 104 31 funeral
2196 3054 115 31 without
2333 3053 52 30 loss
2399 3053 31 30 of
2448 3052 73 31 time.
2562 3050 84 40 Many
2658 3050 59 31 who

2072 3100 57 29 who
2155 3098 52 30 had
2234 3097 77 29 stuck
2337 3101 27 25 to
2390 3097 22 27 it
2443 3095 68 29 from
2543 3093 73 36 time,
2642 3103 53 20 com-

2070 3140 150 42 paratively
2251 3138 139 41 speakinsr,
2423 3136 179 37 immemorial,
2645 3145 69 20 were

2070 3185 78 40 fairly
2162 3184 68 30 tired
2242 3187 54 33 out,
2311 3182 52 30 and
2378 3182 49 29 left
2440 3181 40 29 for
2493 3180 69 31 fresh
2577 3178 74 31 fields
2663 3179 52 29 and

2058 3222 1 49 |
2070 3234 120 34 pastures
2212 3237 65 24 new,
2300 3226 52 29 and
2375 3224 99 40 though
2499 3224 22 29 it
2541 3233 52 19 was
2620 3222 94 29 known

2058 3264 1 47 !
2071 3272 58 30 that
2143 3282 16 19 a
2172 3269 172 42 prospecting
2368 3267 75 32 claim
2458 3267 52 30 had
2528 3266 66 30 been
2608 3264 104 40 applied

2071 3316 47 34 for,
2135 3314 36 32 its
2193 3313 78 32 value
2286 3323 52 21 was
2352 3311 62 32 held
2435 3321 28 21 so
2483 3310 97 41 lightly
2593 3309 57 31 that
2664 3308 50 32 but

2070 3360 50 29 few
2146 3357 123 31 troubled
2296 3356 160 30 themselves
2482 3365 35 19 on
2536 3354 45 29 the
2601 3352 111 39 subject.

2071 3403 42 29 On
2127 3401 46 30 the
2185 3400 98 30 arrival
2293 3399 28 29 of
2335 3398 42 30 Mr
2392 3396 177 42 Kynnersley,
2584 3396 128 30 however,

2070 3455 36 19 on
2129 3443 96 38 Friday
2240 3442 58 36 last,
2314 3441 54 30 this
2381 3441 77 30 horse
2474 3438 123 31 assumed
2610 3438 74 39 quite
2698 3448 15 20 a

2070 3486 123 31 different
2216 3485 96 36 colour,
2341 3484 53 30 and
2413 3484 22 29 it
2455 3493 53 19 was
2528 3481 90 31 shown
2642 3481 68 34 that,

2058 3527 1 41 i
2071 3530 118 29 whether
2209 3539 16 19 a
2238 3528 70 40 large
2326 3527 61 30 field
2401 3536 52 19 was
2467 3537 29 19 or
2510 3535 52 19 was
2576 3528 47 26 not
2635 3533 76 30 open,

2070 3583 71 20 some
2150 3571 124 41 splendid
2288 3573 133 37 prospects
2434 3568 52 30 had
2500 3568 66 29 been
2577 3566 134 38 obtained,

2070 3617 57 31 The
2141 3616 75 31 claim
2232 3625 52 20 was
2301 3613 124 42 granted,
2439 3612 31 31 of
2486 3622 97 25 course,
2600 3610 112 31 without

2070 3660 85 38 delay,
2171 3660 52 28 and
2244 3667 92 30 proves
2358 3661 29 25 to
2411 3657 31 28 be
2461 3665 36 29 up
2512 3655 44 28 the
2571 3654 139 36 Orawaite,

2058 3696 1 48 |
2069 3702 103 40 though
2197 3705 30 27 at
2249 3703 105 37 preseut
2375 3700 21 29 it
2418 3708 47 21 can
2482 3697 32 30 be
2528 3697 62 39 only
2603 3696 109 30 reached

2070 3747 35 37 by
2119 3756 14 19 a
2148 3747 39 28 far
2200 3754 72 20 more
2293 3742 145 31 circuitous
2451 3744 75 27 route
2540 3740 65 29 than
2620 3750 47 19 can
2680 3739 32 29 be

2070 3793 44 27 cut
2129 3792 48 28 out
2190 3789 29 30 at
2233 3791 113 36 present.
2388 3786 11 29 I
2414 3784 68 31 shall
2495 3786 110 28 content
2618 3782 95 40 myself

2070 3833 65 29 with
2159 3831 99 40 stating
2270 3831 59 29 that
2343 3829 44 30 the
2401 3829 135 39 discovery
2551 3827 22 30 is
2586 3826 125 41 genuine,

2069 3876 53 31 a-ul
2145 3877 28 30 in
2192 3886 66 30 your
2278 3879 63 26 next
2357 3873 11 30 I
2383 3871 68 33 shall
2469 3881 33 31 go
2515 3870 58 30 into
2587 3869 83 33 detail
2683 3869 29 31 in

2070 3921 130 29 reference
2223 3925 28 24 to
2275 3919 25 29 it.
2344 3918 12 29 I
2371 3927 67 28 may,
2453 3916 128 31 however,
2595 3925 46 28 say
2655 3914 57 29 that

2069 3963 20 29 it
2117 3963 21 29 is
2163 3963 66 37 deep
2255 3959 115 40 sinking,
2391 3958 52 31 and
2466 3958 58 28 that
2547 3956 77 30 there
2646 3956 23 29 is
2685 3959 27 25 at

2070 4012 104 33 present
2197 4015 78 27 every
2296 4012 159 28 appearance
2479 4000 28 31 of
2527 4010 15 19 a
2563 4009 62 29 very
2641 3999 71 39 large

2068 4060 15 20 a
2096 4049 25 30 id
2138 4048 134 40 profitable
2286 4045 125 41 goldfield
2425 4044 97 41 having
2535 4042 66 30 been
2611 4042 101 40 opened

2068 4104 42 28 up.
2152 4093 62 28 This
2238 4092 22 29 is
2279 4091 58 39 just
2356 4090 69 29 what
2446 4088 46 30 the
2515 4086 91 30 Buller
2619 4086 92 40 people

2068 4136 65 29 h<»ve
2148 4135 68 30 been
2232 4135 106 37 waiting
2352 4133 49 37 for,
2415 4131 54 30 and
2484 4132 28 28 at
2524 4129 94 39 length
2630 4138 65 20 some-

2068 4179 76 39 thing
2157 4178 46 29 has
2216 4176 114 40 actually
2345 4174 94 32 turned
2453 4184 43 29 up.
2536 4172 61 39 Any
2609 4175 103 37 greater

2067 4224 101 36 change
2183 4222 26 29 in
2224 4221 44 29 the
2282 4223 88 36 aspect
2384 4219 30 28 of
2433 4228 15 19 a
2465 4215 93 41 people
2571 4215 78 30 could
2662 4219 48 25 not

2069 4265 57 29 well
2151 4264 30 29 be
2208 4262 140 40 imagined,
2371 4262 40 28 for
2434 4260 99 29 traders
2559 4259 27 28 of
2611 4258 34 28 all
2668 4257 29 29 de-

2068 4307 180 28 nominations
2271 4304 61 30 look
2356 4302 108 40 smiling
2483 4302 53 30 and
2551 4299 118 30 brimfull
2682 4299 29 28 of

2068 4351 75 38 hope,
2159 4348 83 30 where
2266 4358 14 19 a
2304 4344 131 42 fortnight
2455 4354 50 30 ago
2528 4342 110 38 nothing
2662 4340 47 29 but

2069 4394 44 27 the
2126 4393 90 38 gloom
2227 4391 29 30 of
2267 4390 107 38 despair
2386 4399 51 18 was
2448 4386 100 32 visible.
2590 4383 120 32 Sections

2068 4435 114 38 recently
2208 4431 154 33 considered
2387 4430 138 36 valueless,
2548 4426 68 32 have
2642 4426 66 29 been

2068 4478 46 29 the
2128 4488 76 19 scene
2216 4478 29 28 of
2258 4476 87 37 wordy
2359 4485 67 19 wars
2439 4473 52 30 and
2504 4471 67 30 fistic
2585 4469 124 37 combats,

2068 4521 63 30 with
2155 4520 43 30 ihe
2221 4519 121 30 ultimate
2355 4516 84 32 result
2453 4516 28 30 of
2502 4511 161 43 magisterial
2679 4521 31 21 or

2068 4565 127 29 warden's
2215 4563 184 29 interference.
2451 4557 167 41 Everything
2639 4555 22 29 is
2675 4564 34 20 on

2067 4607 45 29 the
2134 4606 73 37 rush,
2221 4605 86 31 where
2325 4602 154 39 everything
2493 4600 62 38 only
2568 4609 28 20 so
2609 4598 73 30 short
2695 4607 15 21 a

2067 4650 62 28 time
2151 4659 49 29 ago
2215 4658 52 20 was
2279 4646 157 32 somnolent.
2475 4643 58 30 The
2543 4642 61 31 best
2616 4640 31 31 of
2655 4638 54 32 this

2066 4693 28 33 is,
2113 4692 57 29 that
2194 4692 20 28 it
2235 4701 84 20 seems
2340 4688 82 39 likely
2444 4690 28 26 to
2495 4686 32 30 be
2546 4686 163 38 permanent,

2065 4734 50 31 and
2131 4745 15 19 a
2161 4734 52 30 real
2228 4734 63 30 rush
2305 4731 104 41 worthy
2423 4730 30 30 of
2463 4728 44 30 the
2519 4728 59 31 best
2591 4726 118 30 harbour

2065 4790 35 18 on
2114 4779 44 29 the
2172 4781 72 26 coast
2257 4777 46 29 has
2317 4772 178 34 commenced.

2103 4822 122 41 Apropos
2248 4819 36 38 of,
2305 4817 103 42 though
2432 4819 46 28 not
2500 4815 28 30 in
2548 4812 160 33 connection
2717 4810 1 53 J

2065 4866 71 33 with,
2152 4866 46 27 the
2212 4863 70 36 rush,
2294 4862 14 28 I
2323 4871 60 28 may
2392 4859 71 29 refer
2476 4862 29 25 to
2515 4859 46 28 the
2571 4861 135 32 tramway.

2065 4908 83 29 There
2159 4916 47 19 c:iu
2223 4906 32 29 be
2267 4914 34 20 no
2314 4901 123 41 question
2448 4899 58 30 that
2519 4899 25 29 if
2553 4897 45 30 the
2612 4897 95 29 Pakihi

2065 4956 124 32 tramway
2204 4948 54 30 had
2282 4948 66 29 been
2371 4942 174 37 constructed,
2560 4941 79 30 fewer
2650 4951 57 19 sore
2717 4938 1 55 j

2065 4994 81 29 bones
2159 4991 89 31 would
2261 4990 68 30 have
2350 4988 54 29 laid
2417 4988 28 28 in
2460 4986 139 39 Westport
2611 4983 107 52 duringj

2065 5037 42 29 the
2130 5040 58 34 past
2211 5035 50 29 few
2284 5033 72 38 days,
2372 5030 53 31 and
2447 5028 46 30 the
2507 5028 93 30 coffers
2614 5026 29 30 of
2661 5026 45 30 the

2062 5088 137 31 company,
2221 5076 51 31 had
2294 5085 16 20 a
2332 5081 132 32 company
2486 5069 109 38 existed,
2617 5068 88 31 would

2065 5123 64 30 have
2155 5123 68 30 been
2251 5116 145 40 materially
2421 5115 47 31 the
2490 5115 86 29 richer
2597 5111 42 31 for
2660 5113 45 30 the

2062 5165 89 29 traffic.
2192 5162 127 30 Whether
2344 5169 58 20 now
2429 5169 28 19 or
2482 5160 50 27 not
2553 5156 22 29 it
2594 5155 55 30 will
2673 5149 45 36 be!

2061 5205 171 33 constructed
2259 5205 13 30 I
2298 5207 99 28 cannot
2416 5210 54 30 say,
2495 5200 50 30 but
2570 5198 14 31 I
2609 5196 109 33 shouldl

2061 5250 77 30 think
2161 5251 20 27 it
2197 5247 96 33 would,
2306 5245 53 30 and
2381 5255 15 19 a
2416 5245 106 38 greater
2535 5241 129 37 certainty

2062 5294 75 37 profit
2162 5293 12 29 I
2198 5294 96 26 cannot
2314 5298 50 20 see.
2403 5287 37 30 At
2458 5285 45 31 the
2517 5294 73 21 same
2605 5283 62 30 time
2676 5276 42 56 jfl

2062 5336 88 29 would
2166 5337 29 26 be
2209 5343 72 19 mere
2291 5329 151 32 affectation
2455 5328 29 29 in
2496 5337 43 20 me
2548 5330 29 26 to

2060 5379 57 29 that
2143 5378 44 29 the
2211 5378 152 38 prospectus
2383 5383 29 20 as
2434 5374 28 27 at
2484 5370 109 39 present

2058 5423 75 40 gives
2158 5419 131 40 anything

2727 337 29 26 to

2728 379 96 27 matter

2731 418 51 32 will
2796 418 32 30 be

2766 461 40 30 Of
2815 470 89 20 course
2914 469 54 28 you
2975 460 99 27 cannot

2729 514 72 22 news
2822 502 74 31 other
2916 501 64 30 than
3003 499 29 29 of
3049 498 46 31 the
3109 498 75 40 great
3205 495 62 31 rush
3283 487 90 40 9H

2730 547 115 31 Aaron's
2859 545 53 37 rod,
2928 545 21 30 it
2963 542 129 31 swallows
3104 551 36 28 up
3154 540 42 35 all,
3212 540 52 30 and

2730 595 47 27 not
2791 593 111 34 attempt
2915 592 27 26 to
2954 587 56 31 talk
3023 585 83 31 about
3116 584 130 38 anything

2730 644 67 28 may,
2812 633 128 34 however,
2952 640 33 30 go
2995 639 29 19 so
3037 629 39 28 far
3090 638 27 19 as
3128 631 27 25 to
3168 636 46 29 say

2730 679 22 30 is
2776 688 15 19 a
2813 681 91 33 strong
2925 672 133 40 suspicion
3072 669 29 31 of
3118 669 69 40 good

2730 721 76 40 good,
2820 719 30 30 in
2872 718 62 33 fact,
2956 728 28 19 as
3003 716 59 29 that
3085 718 27 26 at
3133 713 45 30 the

2731 761 102 42 opened
2848 770 16 20 a
2876 759 73 30 little
2959 768 58 28 way
3031 768 36 30 up
3079 756 47 29 the
3139 756 77 29 river.
3291 794 6 7 #
3344 747 29 17 ™

2767 805 34 30 In
2824 802 112 31 election
2961 803 106 26 matters
3081 809 38 19 we
3142 797 66 30 have
3228 794 145 33 continued

2732 852 29 27 to
2784 848 32 30 be
2839 845 89 40 lively,
2944 843 53 31 and
3019 843 46 30 the
3088 842 56 29 first
3158 839 163 31 nomination
3333 839 40 30 for

2732 892 44 29 the
2804 888 133 39 township
2963 895 71 21 came
3057 885 39 29 off
3118 893 35 21 on
3177 883 118 38 Monday

2732 935 56 30 The
2810 933 110 30 interest
2943 928 138 41 displayed
3103 936 53 20 was
3174 926 36 39 by
3229 935 34 19 no
3281 916 92 40 meafl

2732 980 83 38 great,
2829 974 52 31 and
2894 973 89 32 rather
2996 970 104 33 showed
3114 968 74 33 itself
3197 968 28 31 in
3238 968 45 31 the
3297 959 76 40 evfl

2734 1021 55 38 ing,
2815 1018 77 30 when
2918 1027 15 20 a
2956 1015 52 30 free
3032 1013 65 40 fight
3123 1023 28 20 or
3173 1016 53 26 two

2733 1063 120 30 between
2875 1059 131 40 partisans
3026 1058 27 30 of
3076 1055 121 31 different
3213 1046 160 49 candidafH

2734 1105 65 30 than
2822 1107 27 27 at
2870 1102 45 30 the
2938 1101 126 38 hustings.
3114 1098 84 28 There
3212 1107 66 19 were
3297 1088 76 61 thrj

2734 1146 161 34 nominated,
2911 1144 57 36 viz.,
2984 1143 97 30 Messrs
3099 1140 86 34 Crate,
3198 1139 111 41 Wright,
3322 1130 51 39 afl

2736 1191 141 37 Hankins;
2907 1188 47 29 the
2968 1190 52 26 two
3034 1186 97 29 former
3145 1183 13 29 I
3179 1183 66 30 have
3259 1178 114 34 referrJ

2735 1239 27 25 to
2775 1234 94 34 before,
2885 1231 47 30 the
2945 1230 81 30 latter
3036 1238 54 21 was
3104 1226 118 40 recently
3232 1226 44 29 the
3290 1217 83 38 editol

2735 1276 30 30 of
2782 1276 46 30 the
2850 1274 68 30 local
2935 1271 108 39 journal
3066 1271 69 29 here.
3179 1269 55 30 The
3257 1268 71 29 show
3348 1259 25 37 ol

2735 1319 84 31 hands
2832 1328 52 19 was
2898 1316 28 31 in
2944 1314 75 31 favor
3038 1313 30 31 of
3086 1311 47 33 Mr
3149 1311 118 41 Wright,
3282 1311 49 29 but
3344 1317 29 23 asf

2735 1363 46 29 the
2802 1361 112 30 election
2933 1360 23 27 is
2976 1361 27 26 to
3018 1357 62 29 take
3100 1356 75 37 place
3189 1365 33 19 on
3236 1354 46 30 the
3295 1354 52 37 day
3361 1353 12 29 I

2735 1405 66 32 send
2824 1403 54 31 this
2900 1410 83 29 away,
2997 1400 14 29 I
3034 1400 54 29 fear
3102 1398 13 29 I
3129 1397 65 30 shall
3208 1400 46 27 not
3267 1396 33 31 be
3314 1394 59 32 able

2737 1452 26 26 to
2789 1448 61 39 give
2874 1455 54 30 you
2953 1443 45 30 the
3023 1442 91 36 result,
3135 1451 28 20 as
3186 1440 14 29 I
3225 1438 148 42 previously

2736 1491 105 37 stated;
2889 1488 129 34 however,
3051 1485 47 30 the
3130 1483 111 31 butcher
3273 1481 61 37 will,
3360 1481 13 30 I

2736 1535 112 32 believe,
2862 1541 73 27 carry
2949 1529 37 30 off
2997 1528 45 30 the
3055 1528 78 40 palm,
3149 1526 52 30 and
3213 1537 16 19 a
3242 1525 39 31 far
3295 1518 78 37 worsJ

2738 1577 90 31 choice
2841 1574 86 40 might
2940 1572 66 30 have
3019 1570 64 30 been
3097 1570 83 31 made.
3356 1558 17 40 J

2739 1697 143 35 LATEST
2916 1692 320 35 INTER-COLONIAL
3264 1690 84 33 NEWS

2776 1789 53 31 We
2843 1788 100 30 extract
2957 1785 45 30 the
3017 1784 136 40 following
3172 1784 66 29 from
3252 1783 44 30 the

2740 1844 98 28 bourne
3002 1836 28 30 of
3046 1846 16 19 a
3074 1839 87 26 recent
3175 1824 215 42 dateM

2776 1893 43 30 Mr
2833 1890 184 33 Ramsbottom
3031 1888 47 30 has
3088 1893 27 26 at
3138 1888 49 29 last
3201 1886 65 32 been

2740 1937 91 39 testify
2853 1933 148 42 personally
3016 1936 28 25 to
3057 1932 47 28 the
3123 1931 55 29 fact
3196 1930 59 30 that

2740 1991 64 19 mon
2829 1979 67 30 have
2910 1975 124 31 returned
3059 1978 28 26 to
3106 1973 45 31 the
3178 1973 81 30 River

2740 2024 68 29 after
2821 2022 69 30 their
2911 2019 52 39 trip
2987 2021 28 25 to
3029 2017 44 29 the
3088 2026 49 20 sea.
3178 2016 42 29 lie
3242 2005 148 41 mitesH

2740 2066 103 31 follows
2857 2075 35 20 on
2911 2063 44 30 the
2980 2060 65 31 15th
3065 2060 29 30 of
3113 2058 92 32 March

2740 2114 28 25 at
2780 2110 52 29 last
2854 2118 61 20 seen
2929 2116 15 19 a
2966 2104 109 33 salmon,
3088 2103 67 28 after
3177 2102 97 42 having

2741 2152 46 32 the
2801 2153 69 29 river
2889 2150 57 41 just
2963 2150 111 37 seventy
3088 2145 78 30 times
3188 2145 39 30 for
3248 2145 58 30 that
3319 2135 71 52 pifl

2742 2206 71 28 pose,
2827 2194 52 31 and
2893 2190 103 31 walked
3017 2189 91 39 nearly
3123 2189 52 29 300
3191 2188 76 30 miles
3287 2192 29 26 to
3330 2178 60 39 afl

2742 2239 49 30 fro.
2831 2237 137 34 However,
2984 2232 14 30 I
3022 2231 52 32 feel
3089 2231 59 30 well
3173 2230 90 39 repaid

2742 2281 103 30 trouble
2871 2278 53 31 and
2950 2279 175 27 monotonous
3151 2274 73 38 piece

2743 2325 48 30 We
2803 2323 69 31 have
2885 2324 46 37 got
2944 2319 44 31 the
3001 2318 100 30 salmon
3114 2316 74 38 back,
3203 2316 52 31 and

2742 2370 30 29 in
2798 2366 97 42 goodly
2923 2363 124 29 numbers
3072 2366 51 29 too,
3150 2359 101 40 though

2742 2412 70 29 been
2833 2418 64 29 very
2909 2406 170 30 unfortunate
3092 2404 29 29 in
3134 2409 46 24 not

2744 2463 94 32 proper
2850 2452 73 41 place
2932 2453 26 26 at
2971 2448 45 30 the
3025 2447 72 41 right
3107 2446 72 30 time.
3207 2446 12 30 I

2743 2500 47 37 got
2810 2493 143 42 impressed
2967 2492 66 29 with
3045 2491 46 30 the
3111 2488 61 32 idea

2745 2540 31 30 be
2789 2539 82 29 about
2883 2536 45 30 the
2947 2535 52 30 last
3020 2542 93 32 person
3133 2536 28 25 to
3178 2541 44 21 see

2744 2582 49 31 but
2806 2580 63 31 luck
2881 2578 47 32 has
2941 2586 74 22 come
3025 2580 28 26 at
3066 2575 57 30 last.
3163 2575 15 30 I

2744 2626 54 29 this
2822 2624 137 31 afternoon
2984 2619 81 31 about
3085 2620 102 36 twenty

2742 2666 113 32 four--a
2879 2661 135 34 beautiful
3044 2661 58 36 fish,
3130 2660 13 29 I

2743 2709 93 31 should
2851 2707 79 32 think
2943 2706 25 29 fr
2977 2714 33 21 ;m
3024 2704 52 29 41b.
3093 2707 27 25 to

2742 2752 107 32 showed
2859 2750 84 36 twice,
2953 2748 49 30 but
3012 2746 45 31 the
3070 2746 60 30 best

2742 2795 35 31 he
2798 2805 56 19 rose
2875 2794 83 29 about
2979 2794 53 26 two
3052 2789 55 30 feet
3125 2790 48 27 out

2742 2838 53 30 and
2818 2834 138 34 broadside
2975 2843 33 19 on
3053 2842 16 20 a
3090 2831 87 29 better

2742 2886 47 25 not
2802 2882 66 29 have
2881 2878 101 31 wished
2994 2877 49 29 for.
3082 2874 56 30 Our

2742 2925 51 30 had
2807 2923 114 32 another
2933 2920 70 41 sight
3017 2918 28 30 of

2742 2967 125 38 morning
2880 2977 6 23 ;
2917 2966 32 28 he
2975 2973 59 28 says

2742 3010 84 30 dozen
2840 3017 66 21 were
2919 3005 108 40 playing
3040 3003 87 35 about,

2742 3052 74 40 high,
2830 3062 28 20 as
2878 3050 68 39 they
2958 3057 68 21 were
3049 3045 111 39 chasing

2741 3097 29 28 in
2784 3095 44 30 the
2841 3094 71 30 river
2923 3104 6 24 ;
2949 3092 49 28 but
3011 3090 69 29 from
3094 3088 45 30 the

2740 3142 68 26 state
2826 3137 27 30 of
2872 3136 45 29 the
2930 3136 82 27 water
3028 3132 32 29 he
3073 3141 53 20 was

2741 3181 46 30 the
2801 3180 102 31 salmon
2947 3175 53 32 and
3013 3175 13 29 I
3041 3184 60 29 may

2740 3224 46 30 the
2800 3233 72 21 same
2883 3222 71 39 place
2968 3220 28 29 in
3006 3218 44 29 the

2740 3277 45 31 my
2799 3267 50 30 fish
2866 3265 52 29 this

2777 3310 24 31 A
2815 3309 72 43 plain
2910 3308 49 31 but
2979 3304 147 33 handsome

2846 3353 33 30 of
2902 3348 145 33 Peterhead
3059 3348 47 29 red

2739 3407 33 19 on
2786 3396 46 30 the
2846 3395 65 35 face,
2924 3394 46 29 has
2984 3391 64 31 been

2740 3438 139 31 Memorial
2900 3434 162 33 Committee
3076 3441 28 20 as

2740 3482 89 42 public
2842 3478 177 42 appreciation
3032 3475 28 30 of

2739 3523 181 32 self-sacrifice

2739 3568 97 30 Burke.
2876 3565 56 30 The

2738 3611 119 41 spection
2867 3608 99 41 during
2979 3605 45 32 the

2740 3655 114 37 Huxley,
3012 3649 53 29 and

2739 3741 45 29 the
3001 3726 389 63 conn^^^^^^^^^^H

2738 3829 66 30 been

2988 3874 28 20 as

2916 3953 70 32 Flat,

2738 4000 52 31 late
2964 4005 16 19 a

2737 4053 27 20 as
2942 4030 448 57 scene^^^^^^^^^^^H

2784 4085 45 30 the
2853 4082 146 40 beginning

2737 4172 43 30 the

2848 4203 542 56 according^^^^^^^^^^^^^^J

2844 4258 70 26 most
2922 4253 31 29 of

2737 4341 94 29 Centre

2878 4390 35 21 on

2862 4464 43 32 till

2737 4554 75 31 made
2825 4562 72 29 upon

2735 4607 28 21 as
2787 4587 603 53 ringlead^^^^^^^^^^^^^^^H

2819 4638 41 30 for

2733 4811 56 31 him

1512 30 70 30 THE
1604 25 250 35 CHARLESTON
1877 23 128 33 ARGUS

75 1495 191 34 NOTICE
305 1495 56 30 TO
401 1490 281 33 MARINERS.

59 1608 147 40 QIGNAL
221 1604 163 28 STATIONS
411 1604 59 25 have
491 1602 56 25 been
563 1598 140 28 established

56 1697 24 22 at
92 1693 39 26 the
142 1689 130 28 BULLER
288 1687 45 28 and
349 1690 25 23 at
392 1684 92 28 FOX'S
500 1683 109 31 RIVER,
627 1681 76 26 where

56 1763 40 26 the
117 1768 65 19 same
192 1759 94 33 Signals
307 1766 38 18 are
356 1756 56 26 used
429 1763 25 17 as
474 1758 24 21 at
520 1754 40 25 the
582 1754 64 31 Grey
658 1752 44 25 and

56 1832 123 26 Ifokitika.

88 1921 22 24 A
131 1918 115 33 Flagstaff
260 1919 43 23 has
324 1918 55 24 been
402 1914 91 28 erected
513 1922 30 16 on
566 1912 40 25 the
627 1911 74 25 North

57 1991 69 25 Point
145 1989 26 25 of
186 1986 176 29 CONSTANT
378 1985 79 30 DAY,
476 1982 127 29 FAKIHI,
626 1981 76 24 where

56 2062 40 25 the
117 2058 122 32 following
264 2055 95 33 Signals
386 2054 46 27 will
458 2055 28 24 be
498 2053 80 25 shown
590 2063 37 14 :

54 2131 51 26 Red
117 2130 59 32 Flag
186 2133 24 21 at
222 2125 121 29 masthead
354 2137 6 15 :
378 2126 72 25 Boats
461 2132 42 17 can
516 2126 66 23 enter

56 2200 60 27 Blue
137 2199 67 33 Flag,
230 2197 140 26 half-mast:
406 2194 54 25 Low
482 2196 81 27 water,
584 2191 55 25 wait
666 2191 37 24 for

116 2248 53 26 tide.

56 2320 82 27 White
147 2318 74 33 Flag:
240 2317 117 25 Entrance
368 2314 138 33 dangerous,
514 2311 51 27 surf
576 2314 39 23 too
625 2310 77 33 heavy

117 2369 36 25 for
164 2368 73 24 boats.

72 2419 60 43 \
171 2436 28 26 T.
218 2437 28 26 A.
263 2435 107 27 SNEYD
387 2431 226 31 KYNNERSLEY,

484 2481 188 27 Commissioner.

56 2523 107 30 January
175 2520 48 29 3rd,
238 2522 67 24 1867:
674 2516 25 23 71

171 2616 112 27 STAMP
300 2614 121 27 DUTIES
437 2612 76 32 ACT,
529 2614 64 24 1866.

52 2873 100 70 THE
169 2871 117 26 attention
298 2870 26 26 of
334 2869 41 25 the
387 2866 82 28 Public
486 2866 20 26 is
522 2864 75 27 called
613 2867 24 23 to
655 2871 36 18 sec-

138 2923 49 25 tion
199 2921 90 26 sixteen
303 2919 54 35 [l6]
371 2918 26 27 of
407 2917 41 27 the
460 2916 82 34 Stamp
554 2914 85 27 Dnties
647 2914 55 30 Act,

58 2971 76 25 which
155 2970 106 33 specifies
283 2969 40 24 the
344 2968 156 24 instruments
517 2972 31 17 on
569 2963 77 25 which
663 2963 40 24 the

54 3020 79 27 duties
144 3017 98 36 payable
254 3024 55 25 may
320 3016 27 25 be
354 3014 99 27 denoted
458 3013 29 33 by
495 3012 71 26 adhes
570 3012 4 41 :
578 3020 28 18 ve
614 3014 88 31 stamps

55 3069 81 25 affixed
146 3069 31 31 by
189 3067 41 25 the
240 3066 95 24 makers
347 3073 26 18 cr
383 3062 98 28 holders.

86 3118 36 25 On
134 3115 32 27 all
182 3116 69 25 other
268 3114 155 25 instruments
440 3111 41 26 the
496 3114 78 30 stamp
595 3113 62 22 must
676 3109 27 25 be

56 3166 83 27 affixed
160 3168 25 22 at
204 3165 41 24 the
261 3165 83 33 Stamp
361 3162 82 29 office;
467 3168 46 25 any
531 3162 77 31 stamp
619 3161 40 23 not
677 3165 26 18 so

55 3215 86 26 affixed
153 3215 20 25 is
183 3215 26 24 of
221 3222 31 18 no
263 3211 70 31 avail,
343 3210 45 26 and
396 3211 40 25 the
444 3210 141 26 instrument
594 3211 24 22 to
625 3207 76 25 which

54 3266 21 26 it
86 3265 19 26 is
116 3262 82 28 affixed
209 3262 19 26 is
242 3260 139 35 uustamped
399 3259 83 26 within
500 3259 40 26 the
551 3257 111 33 meaning
677 3256 26 25 of

56 3317 40 26 the
109 3316 53 26 Act.

86 3364 41 25 All
144 3365 151 24 instrumeots
313 3359 106 34 required
437 3362 24 22 to
472 3359 27 24 be
518 3356 105 33 stamped
640 3356 63 24 after

56 3414 123 26 execution
199 3411 95 34 [except
313 3410 67 25 those
397 3406 108 36 specified
524 3406 21 25 in
558 3405 89 26 section
661 3403 39 33 16]

54 3467 64 23 mnst
129 3462 27 25 be
168 3459 121 38 presented
301 3462 25 22 at
337 3458 41 25 the
388 3457 159 33 Stamp-office
559 3453 83 25 within
658 3460 45 18 one

54 3512 84 26 month
160 3511 62 25 after
233 3509 40 25 the
283 3508 55 25 date
348 3508 26 24 of
394 3504 133 29 execution,
547 3511 26 17 «r
590 3502 56 32 they
663 3509 40 17 are

53 3560 92 32 subject
157 3563 24 21 to
192 3567 14 17 a
217 3558 46 26 fine
275 3558 26 24 of
320 3560 28 21 20
360 3563 40 26 per
416 3558 63 21 cent,
491 3561 29 17 on
541 3552 39 25 the
593 3550 68 26 value
677 3550 26 26 of

64 3611 30 26 he
106 3613 77 30 stamp
195 3612 24 22 to
230 3609 28 24 be
269 3605 93 28 affixed.

294 3664 25 24 C.
337 3662 27 25 T.
383 3662 107 25 BATKIN.

141 3715 47 26 For
200 3716 40 24 the
251 3711 184 29 Commissioner
446 3709 26 26 of
484 3709 84 33 Stamp
580 3708 91 25 Duties.

86 3778 83 32 Stamp
180 3777 79 27 Office,
271 3772 154 34 Wellington,

114 3828 40 24 6th
167 3826 126 30 February,
307 3825 63 23 1367.

167 3925 75 30 THE
272 3921 158 32 LONDON
454 3918 138 31 HOUSE.

125 4009 110 33 ESSRS
266 4007 157 31 THOMAS
454 4006 23 28 &
516 4000 185 35 M'BEATH.

274 4090 33 23 of
324 4089 62 29 Grey
390 4085 89 30 mouth,

86 4144 55 29 Will
160 4140 89 30 shor.lv
271 4144 58 27 open
347 4135 57 25 with
416 4134 41 25 the
472 4132 88 32 largest
572 4129 44 26 and
634 4133 68 27 most,

53 4178 146 35 fashionable
211 4175 74 27 Stock
294 4172 26 26 of

164 4218 120 35 Drapery
297 4209 53 31 and
364 4207 63 30 Men
437 4216 12 19 s
463 4206 128 34 Clothing

54 4264 63 25 That
138 4261 43 24 has
197 4262 54 20 ever
273 4253 57 24 been
353 4245 128 28 submitted
502 4246 38 24 for
557 4244 47 25 sale
614 4252 30 16 on
662 4244 40 24 the

54 4299 66 25 West
134 4294 79 27 Coast.

84 4369 21 25 X
115 4367 94 25 R—loo
221 4367 65 21 cases
297 4357 46 27 and
354 4355 64 28 bales
428 4360 39 19 are
477 4351 63 34 daily
553 4350 111 35 expected
676 4353 24 23 to

260 4487 60 24 Note
331 4485 40 25 the
383 4481 108 26 address:

169 4547 78 32 THB
266 4540 161 35 LONDON
448 4536 134 33 HOUSE.

164 4649 73 28 NEW
255 4645 108 29 RATES
379 4642 41 28 OF
436 4638 161 30 POSTAGE.

84 4712 38 24 On
151 4708 45 26 and
222 4706 62 26 after
310 4703 39 25 tVe
378 4704 33 21 Ist
433 4697 84 27 ultimo
538 4697 40 25 the
604 4699 96 30 postage

54 4743 136 33 chargeable
200 4750 28 17 on
240 4740 81 27 letters
333 4736 46 27 and
398 4739 155 28 newspapers,
570 4731 37 25 for
623 4729 77 35 places

54 4781 82 24 within
154 4778 59 26 New
232 4772 108 29 Zealand,
361 4770 48 26 will
430 4771 26 22 be
474 4772 24 20 at
516 4768 41 24 the
579 4765 122 32 following

86 4836 72 37 To'wn
171 4842 209 31 Letters—Posted
392 4845 23 20 nt
427 4849 47 23 any
485 4841 51 31 post
543 4838 64 23 office
618 4837 80 24 within

55 4885 40 25 the
105 4882 91 32 colony,
208 4882 36 23 for
254 4877 103 31 delivery
369 4880 24 19 at
406 4875 57 24 such
475 4876 50 30 lost
536 4872 95 24 office—

115 4917 46 26 Not
173 4913 126 32 exceeding
312 4913 8 30 J
334 4919 32 17 or.
439 4920 8 5 -
508 4919 8 5 -
579 4915 8 5 *
606 4905 33 24 Id.

115 4953 63 25 Over
190 4953 10 23 I
213 4959 34 15 o*.
261 4949 40 24 but
313 4946 74 26 under
400 4948 8 21 1
422 4953 32 16 oz.
507 4955 8 4 -
577 4952 8 4 *
604 4942 34 22 2d.

115 4987 77 32 Every
202 4980 129 31 additional
341 4988 32 16 07..
384 4986 26 18 or
416 4977 100 26 fraction
524 4976 26 24 of
554 4983 33 16 02.
605 4974 34 25 2d.

85 5022 108 31 Country
213 5013 210 32 Letters—Posted
450 5016 24 21 at
494 5018 48 25 any
563 5013 51 29 po«t
634 5008 66 25 office

56 5057 83 25 within
151 5056 39 24 the
200 5053 91 32 colony,
306 5051 37 24 for
353 5048 103 31 delivery
467 5050 24 22 at
508 5053 47 24 any
566 5044 67 26 other
649 5047 51 30 j»ost

53 5095 65 24 oHicc
130 5089 82 28 within
223 5089 40 26 the
273 5094 65 19 same
348 5083 138 36 [.rovince-

113 5127 47 25 Not
311 5123 11 28 \
333 5128 44 17 oz.-
439 5129 8 5 -
604 5115 35 24 2d.

114 5165 64 22 Over
190 5162 10 28 I
213 5166 32 16 oz.
258 5157 40 24 bat
308 5154 73 26 under
394 5155 8 22 1
416 5160 32 16 oz.
507 5162 9 4 -
578 5160 9 5 *
604 5149 35 24 4d.

113 5197 79 30 Every
199 5188 126 31 additional
334 5196 33 18 oz.
375 5195 25 18 or
409 5186 101 27 faction
518 5183 25 26 of
554 5191 31 17 oz.
604 5182 35 26 4d.

86 5225 191 35 Intorprovincial
300 5220 208 29 Letters—Posted
528 5223 24 19 at
573 5226 47 23 any
647 5222 52 28 post

51 5269 64 27 office
127 5263 82 28 within
221 5261 40 26 the
270 5257 92 33 colony,
370 5256 37 25 for
416 5253 104 33 delivery
539 5256 23 20 at
583 5258 47 22 any
648 5255 49 30 post

51 5302 68 27 (,;Ucc
129 5301 24 24 in
165 5306 46 17 arv
222 5295 67 24 o*Vr
299 5292 109 35 province
425 5287 81 26 within
524 5287 40 24 the
584 5287 115 31 colony—

113 5337 47 25 Not
171 5329 128 30 exceeding
309 5329 50 31 ioz
369 5338 8 3 -
438 5335 9 5 -
508 5333 9 5 *
577 5331 10 6 '
602 5320 36 25 3d.

112 5373 20 24 0
138 5378 38 17 ver
189 5371 10 28 i
210 5374 32 18 oz.
255 5366 39 23 bat
307 5362 74 26 under
395 5363 7 22 1
416 5367 32 17 oz.
506 5368 8 6 *
576 5367 9 5 *
602 5359 35 21 6d.

114 5406 76 29 Every
199 5396 125 31 additional
334 5406 32 14 oz.
376 5402 26 17 or
409 5392 99 27 fraction
515 5392 26 25 of
552 5398 32 18 or
602 5390 41 39 6d.^

39 5432 17 28 /
82 5435 222 32 Newspapers—On
315 5431 31 26 all
357 5434 147 28 newspapers
515 5424 80 35 posted
614 5424 82 26 within

39 5458 1 47 '
52 5462 185 43 |hvcoW>
260 5466 37 29 Id!
301 5474 54 26 very
383 5463 68 26 -Ww
463 5461 42 26 ♦!*
515 5469 5 15 t
528 5468 23 18 m
618 5458 34 27 ?d.

752 155 12 9 -
773 148 219 28 CHARLESTON
1011 146 113 27 AKGUS
1180 141 142 29 AGENCY.

720 226 162 66 Messrs.
912 225 78 24 koss
1019 223 68 25 and
1111 219 136 27 veunon
1270 217 89 32 having

811 266 56 24 been
889 262 124 37 appointed
1043 262 93 32 Agents
1161 260 38 25 for
1225 258 40 26 the
1291 258 72 26 above

714 299 99 26 Journal
825 308 40 17 are
877 298 108 34 prepared
997 302 24 21 to
1028 297 90 25 receive
1127 292 147 29 subscribers'
1283 301 80 17 names

714 334 44 26 and
769 334 200 25 advertisements.

745 368 85 26 Orders
850 367 121 27 entrusted
999 372 24 21 to
1053 367 65 26 them
1147 365 36 24 for
1206 362 157 34 job-printing

715 402 116 37 promptly
842 402 120 27 executed.

745 438 144 33 Temporary
909 439 72 27 office,
1002 441 25 21 at
1049 435 93 27 Neale's
1163 433 100 26 Okarita
1284 431 79 26 Hotel.

717 473 122 31 Brjliton.

982 564 120 24 NOTICE

724 599 45 24 The
790 604 107 20 accounts
911 600 42 32 for
974 599 45 24 this
1039 597 96 34 journal
1154 596 47 25 will
1220 596 25 25 be
1265 594 103 26 collected

750 634 101 33 monthly,
870 633 47 25 and
936 633 136 25 advertisers
1093 641 40 16 are
1154 630 109 35 informed
1282 628 49 26 that
1353 632 13 19 K

750 670 125 28 insertions,
891 670 21 23 in
924 668 33 25 all
971 677 63 16 cases
1054 667 46 26 will
1115 666 103 34 complete
1235 668 34 22 the
1288 663 77 26 month.

751 706 20 24 A
794 703 100 27 collector
915 702 46 26 will
980 702 25 25 he
1025 701 122 35 appointed
1168 701 38 32 for
1226 700 140 31 advertising

749 743 106 21 accounts
866 739 30 32 of
908 738 69 24 which
988 737 42 24 due
1042 738 70 23 notice
1123 729 46 32 will
1178 735 25 26 be
1213 736 71 33 givtn.
1319 733 32 26 Ad-

751 774 103 25 vertisers
872 771 94 35 wishing
978 776 21 21 to
1019 770 57 26 alter
1093 779 25 16 or
1134 767 160 28 countermand
1310 767 57 25 tlieir

749 801 188 38 advertisements,
956 811 57 21 must
1030 805 28 26 do
1073 815 23 15 so
1115 806 21 24 in
1155 806 96 33 writing,
1263 807 36 21 not
1310 801 57 26 later

750 844 52 24 than
816 846 25 22 U)
846 851 21 17 a.
870 851 26 17 in.
901 851 28 16 on
938 842 33 25 the
982 842 45 32 day
1029 842 106 32 previous
1143 845 20 20 to
1166 839 146 34 publication.
1322 837 30 25 Ad-

751 879 149 24 vertisements
910 881 48 20 sent
970 875 90 26 without
1072 875 85 25 written
1165 874 143 25 instructions
1312 881 28 15 as
1347 875 20 21 t<>

751 913 34 25 the
807 912 89 25 number
917 912 30 29 of
967 911 119 25 insertions
1107 908 46 27 will
1172 908 25 25 be
1218 907 97 27 inserted
1335 905 33 26 till

750 945 191 31 countermanded,
948 946 47 26 and
1005 945 98 34 charged
1107 942 149 36 accordingly.
1281 940 87 28 Casual

749 983 188 28 advertisements,
950 981 59 26 when
1018 981 35 24 the
1059 980 124 25 advertiser
1190 979 42 25 has
1239 988 27 15 no
1274 982 94 21 account

752 1018 51 24 with
825 1017 35 25 the
870 1018 70 31 ojfice,
952 1020 56 21 must
1020 1015 24 26 be
1058 1015 60 33 paid
1127 1015 42 33 for
1185 1015 64 33 prior
1267 1018 20 20 to
1300 1013 57 25 inser-

752 1054 52 22 tion.
