3427 5481
589 355 85 40 ■Eight

473 411 21 20 is
511 403 47 26 not
578 403 45 35 yet
638 409 26 19 re

144 640 498 75 Correspondence.

143 800 142 32 POSTAL
313 799 250 31 GRIEVANCES.

28 886 111 39 (TOTHE
146 895 103 20 EDITOR
257 895 34 20 OF
299 894 56 20 THE
367 892 183 23 CHARLESTON
560 882 116 39 AEGUB.)

16 933 5 54 |
64 942 59 35 Slk,
126 942 125 29 —When
265 940 65 31 evils
345 940 69 30 exist
433 940 26 29 in
473 950 16 19 a
511 939 164 39 community

16 985 148 37 Mjkeoilfs,
177 986 53 31 and
243 995 46 21 are
304 983 127 31 tolerated
445 983 113 30 without
572 992 66 21 even
658 993 15 18 a

16 1040 135 27 mrormur,
167 1030 21 30 it
205 1029 114 31 behoves
344 1038 30 19 us
389 1032 27 25 to
440 1027 108 38 remedy
562 1026 64 30 such
648 1025 26 30 in

16 1074 55 30 ithe
83 1074 59 28 best
156 1082 107 20 manner
277 1070 123 40 possible.
442 1070 12 29 I
477 1069 87 29 allude
579 1073 28 25 to
628 1069 45 31 the

16 1121 120 36 'present
173 1115 128 31 defective
332 1113 85 41 postal
450 1111 221 32 communication

26 1159 119 31 between
159 1159 53 29 this
225 1157 53 31 and
294 1157 136 39 Brighton,
447 1155 87 30 which
548 1159 125 26 amounts

16 1206 38 27 *to
66 1213 15 19 a
95 1202 112 39 positive
222 1202 133 34 nuisance,
370 1199 53 30 and
442 1196 96 33 entails
560 1197 101 31 conside-

24 1245 74 30 rable
132 1244 206 31 inconvenience
362 1245 29 26 to
424 1241 47 29 the
504 1241 169 29 commercial

25 1288 175 39 community,
216 1291 45 26 not
276 1291 27 25 to
329 1282 81 42 speak
436 1283 30 30 of
490 1283 45 30 the
562 1283 110 33 miners,

26 1331 59 29 who
98 1331 79 29 suffer
191 1333 77 26 most.
310 1328 30 29 In
354 1327 99 38 calling
466 1337 68 28 your
543 1326 130 30 attention

28 1380 26 23 to
68 1374 54 29 this
136 1373 103 38 subject
263 1371 12 29 I
296 1374 69 26 trust
385 1378 53 30 you
463 1369 54 28 will
543 1380 46 19 use
609 1378 66 29 your

28 1416 127 40 powerful
169 1415 132 31 influence
315 1413 29 31 in
358 1411 153 40 remedying
525 1413 44 29 the
590 1411 81 30 above

26 1460 156 30 anomalous
202 1462 68 26 state
291 1457 31 31 of
339 1456 98 36 thing*.
479 1455 39 30 Bv
541 1455 133 38 inserting

28 1503 45 30 the
96 1503 81 30 above
200 1512 53 29 you
268 1500 53 30 will
344 1498 98 34 confer,
470 1498 47 31 Mr
531 1498 101 37 Editor,
659 1508 15 18 a

26 1546 75 30 favor
114 1555 33 20 on
162 1545 43 29 the
228 1543 97 41 public,
344 1542 54 30 and
412 1551 32 19 an
468 1542 151 40 obligation
640 1550 32 20 on

27 1599 89 30 your?,
131 1589 55 36 Jlrc.,

541 1627 94 29 Nemo.

63 1714 118 45 [Several
195 1714 158 40 complaints
366 1714 69 31 have
457 1713 111 31 reached
588 1724 31 20 us
640 1724 33 20 on

25 1759 54 30 this
92 1759 111 39 subject,
218 1759 52 28 and
285 1759 21 28 it
322 1758 22 29 is
358 1761 30 26 to
402 1757 30 29 be
447 1757 85 39 hoped
553 1757 58 30 that
625 1757 46 30 the

24 1803 160 29 authorities
197 1801 52 30 will
263 1801 55 30 lose
332 1811 34 20 no
381 1801 63 29 time
464 1801 27 29 in
507 1801 112 39 making
632 1811 28 19 ar-

16 1849 178 37 rangements
207 1843 86 30 which
306 1843 54 30 will
374 1853 103 19 remove
491 1843 45 29 the
550 1853 75 19 cause
647 1842 31 31 of

344 1887 232 32 communication.
581 1886 88 31 —Ed.

16 1918 1 46 P
26 1933 29 31 C.
79 1932 32 31 A.

16 2042 1 39 ■
24 2045 47 36 (to
81 2053 57 21 THE
146 2052 106 22 EDITOR
264 2050 287 23 OFTHECHARLESTON
561 2042 113 38 ARGUS.)

16 2097 1 40 '
63 2100 124 31 Sfß,—lt
211 2099 87 30 would
313 2109 35 20 no
362 2098 84 31 doulit
470 2098 34 31 be
516 2108 61 28 very
591 2097 69 40 grati-

25 2144 76 39 fying
115 2148 26 24 to
154 2153 68 28 your
234 2141 115 37 readers,
369 2141 144 41 especially
531 2141 74 30 those
625 2151 31 20 en-

16 2187 93 48 gaged
122 2187 27 29 in
164 2187 120 29 business
298 2185 126 41 pursuits,
439 2185 21 30 if
472 2197 15 18 a
501 2185 76 31 small
591 2189 82 26 steam

26 2237 49 33 tug
87 2230 79 30 eould
181 2230 31 28 be
226 2229 64 39 kept
310 2228 69 34 here,
402 2239 29 17 so
445 2229 57 29 that
517 2229 45 28 the
586 2229 74 29 incon-

16 2272 135 45 venience
176 2272 52 30 and
260 2270 76 40 delay
369 2270 59 30 that
454 2272 22 29 is
502 2269 171 42 experienced

16 2304 97 41 Aould
128 2315 33 30 be
175 2314 131 30 obviated.
367 2315 26 28 It
408 2314 22 29 is
452 2325 16 18 a
491 2314 60 31 well
574 2315 98 28 known

16 2348 62 41 Pact
92 2359 58 29 that
165 2358 76 30 much
267 2357 206 31 dissatisfaction
487 2359 21 28 is
530 2355 141 43 expressed

16 2392 43 54 Iby
75 2401 149 31 merchants
237 2400 53 30 and
304 2401 180 39 tradespeople
499 2401 25 29 in
536 2404 46 26 not
593 2399 80 40 being

16 2434 69 57 d|le
111 2448 28 27 to
160 2449 44 36 get
228 2444 70 31 their
310 2443 90 41 goods,
424 2442 87 33 which
530 2454 44 21 are
595 2442 75 32 often

16 2481 134 38 Htained
177 2489 40 30 for
245 2488 101 31 several
372 2488 75 40 days,
478 2488 53 30 and
557 2488 115 39 perhaps

132 2531 113 40 through
260 2531 44 29 the
318 2531 124 39 inability
455 2530 30 31 of
494 2530 98 31 vessels
604 2540 69 19 com-

161 2574 78 35 Now,
258 2574 43 28 Mr
315 2574 101 35 Editor,
432 2573 22 30 if
472 2583 15 20 a
500 2573 76 30 small
590 2576 82 26 steam

245 2627 53 19 was
324 2616 102 30 formed
447 2621 26 24 to
496 2616 97 40 supply
618 2615 55 31 this

120 2660 13 29 I
149 2660 66 30 have
229 2670 34 19 no
282 2659 84 31 doubt
383 2660 61 29 that
457 2658 21 30 it
494 2659 87 30 would
605 2663 68 25 meet

368 2703 44 27 the
444 2703 148 29 merchants
622 2702 51 27 and

175 2734 168 48 Charleston,
367 2742 54 31 and
544 2743 30 30 of
597 2741 76 30 much

148 2799 22 30 p
183 2787 45 30 the
242 2790 69 36 port.

328 2898 25 30 J.
377 2898 25 30 P.
425 2899 210 31 Christensox.

1484 20 78 30 THE
1585 20 255 30 CHAIUJBSTuX
1864 18 125 28 ARtJfJS

148 3023 145 32 Partnership
305 3022 103 24 hitherto
415 3021 104 31 existing
528 3020 102 25 between
640 3028 27 16 us

159 3062 162 33 undersigned,
333 3062 72 26 under
417 3061 39 28 the
469 3068 68 19 name
547 3068 26 18 or
581 3060 60 33 style
648 3060 25 25 of
684 3060 1 35 i

172 3097 29 24 nd
222 3098 102 30 Cowley,
342 3098 19 23 is
377 3096 48 25 this
444 3096 46 27 day
508 3095 116 26 dissolved
643 3096 29 30 by
684 3095 1 33 ,

157 3135 75 20 n-ent.
265 3130 41 26 All
316 3134 112 21 accounts
441 3129 44 25 will
505 3130 27 24 be
544 3129 83 26 settled
643 3129 29 31 by
684 3129 1 31 i

167 3165 71 32 )bing,
250 3165 52 25 who
313 3164 46 25 will
377 3164 22 26 in
412 3164 80 26 future
509 3171 67 24 carry
588 3172 29 17 on
634 3164 40 25 the

161 3234 26 26 lis
199 3235 39 25 6th
250 3234 45 25 dav
307 3234 26 25 of
344 3233 74 32 April,
434 3236 61 24 1867.

325 3268 106 26 EDWD.
448 3268 145 31 COWLEY,

329 3303 56 28 HY.
403 3303 69 26 WM.
498 3303 173 28 STEBBING.

223 3340 55 26 Geo.
293 3340 84 26 Salter.

175 3408 120 32 itnership
318 3407 103 27 hitherto
442 3407 105 31 existing
568 3408 104 24 between

194 3446 20 26 is
224 3446 80 26 Joliffe
314 3446 45 25 and
371 3444 96 28 Charles
479 3446 85 29 Leach,
579 3444 93 32 trading

190 3488 58 26 p<?rs,
261 3480 145 29 Charleston,
418 3480 94 32 Pakihi,
532 3481 19 24 is
563 3480 47 24 this
625 3479 46 32 day

197 3514 74 27 mutal
283 3520 104 20 consent.

200 3550 69 32 igned
329 3549 139 26 THOMAS
483 3549 144 29 JOLIFFE,

329 3583 152 27 CHAREES
497 3583 117 26 LEACH,

224 3622 24 24 to
260 3618 245 34 signatures—James
518 3616 124 36 Hennelly.

253 3659 74 24 eston,
338 3654 41 24 3rd
391 3653 76 33 April,
481 3657 63 22 1867.

230 3785 146 34 ndersigned,
387 3786 59 27 have
453 3785 84 34 agreed
545 3786 29 32 by
582 3783 91 28 mutual

248 3830 25 23 to
283 3825 100 26 dissolve
395 3826 152 34 partnership,
558 3834 26 17 as
592 3825 82 26 bakers

251 3865 88 29 estport
351 3862 124 33 township.

395 3896 34 25 A.
448 3896 131 31 DUPUIS,

392 3931 26 25 F.
435 3930 158 31 MONNIER,

391 3966 111 25 FREAD
519 3966 140 26 LAURET.

256 4006 34 44 1

385 4083 291 31 WARE!!!

326 4272 288 26 ARTHENWARE!!!

351 4356 236 26 RONMONGERY.

377 4534 39 26 the
427 4535 73 25 above
516 4540 51 19 now
579 4533 101 35 opening

402 4714 44 42 S.
495 4718 31 35 &
575 4714 104 42 CO..

599 5045 23 34 £

701 138 25 22 ■
924 141 15 16 a
956 131 112 26 situation
1086 139 26 17 as
1130 130 65 26 Cook
1213 137 26 17 or
1263 129 90 25 Ilouse-

701 161 59 48 Pny?
813 174 70 25 maid.
916 172 138 26 References
1071 172 78 32 given.
1182 169 88 34 Apply,
1288 171 64 23 office

702 210 27 26 of
740 210 47 24 this
799 217 78 25 paper.

712 276 194 68 WANTED,
928 277 29 31 by
979 278 48 22 two
1056 273 94 29 Sisters,
1173 271 89 31 having
1288 271 66 23 three

815 313 75 31 years'
900 311 144 33 experience,
1053 308 128 25 situations
1190 315 25 16 as
1223 305 122 26 Barmaids

706 353 44 31 Apj
760 351 22 24 lv
795 348 63 24 office
870 347 26 24 of
909 346 45 24 tliis
967 351 76 26 paper.

886 421 70 68 Y°
962 417 42 26 UU
1033 419 45 66 JJ
1081 413 66 27 oOT

738 515 285 46 AINSW
1056 514 32 42 0
1120 515 32 38 R
1185 513 30 39 T
1248 510 35 41 H
1310 511 7 39 !

902 595 58 25 Two
971 593 67 26 doors
1050 593 60 24 from
1124 591 39 26 the

808 652 92 28 BANK
921 652 41 26 OF
983 649 75 28 NEW
1079 647 166 31 ZEALAND,

870 710 86 26 Where
966 716 47 27 you
1025 715 42 18 can
1081 711 39 28 get
1131 713 59 26 your

796 766 161 27 EASU
981 766 20 24 li
1024 765 20 25 E
1106 765 50 66 rjp
1181 762 70 26 AK
1275 762 20 24 E
1320 761 21 25 N

777 867 44 27 OR
836 865 68 27 BUY
923 865 21 26 A
961 863 80 27 PAIR
1057 861 114 27 READY
1187 860 105 32 MADE,

992 921 34 25 Of
1038 920 38 25 the

705 980 238 72 JgEST

825 1081 45 26 IN
902 1079 95 27 NEW
1030 1077 107 26 ZEAL
1144 1077 52 24 AN
1206 1076 28 25 D.

763 1178 112 68 JgEST

809 1279 41 30 On
868 1277 91 37 Hand,
974 1287 30 19 or
1019 1275 78 30 Made
1112 1279 27 26 to
1155 1273 94 32 Order.

705 1369 152 27 TENDERS
870 1369 65 24 FOR
951 1368 66 24 THE
1034 1365 169 27 CATHOLIC
1219 1363 136 27 CHURCH

885 1435 46 26 AT
951 1431 227 30 CHARLESTON.

708 1575 28 66 J
742 1573 20 28 N
779 1580 161 28 consequence
951 1573 26 26 of
994 1572 40 27 the
1046 1570 107 28 tenderer
1174 1571 35 25 for
1221 1568 39 28 the
1278 1568 75 28 above

703 1648 106 33 building
821 1648 89 30 having
922 1645 71 26 failed
1014 1650 24 20 to
1056 1642 113 35 complete
1186 1642 36 25 his

699 1713 95 27 tenders
805 1721 40 17 are
856 1712 85 33 hereby
955 1711 90 26 invited
1057 1711 37 24 for
1106 1709 39 25 the
1158 1715 73 18 same.

732 1777 71 27 Plans
814 1778 46 25 and
876 1776 173 35 specifications
1061 1781 54 25 may
1127 1773 28 25 be
1167 1780 54 18 seen
1234 1775 24 21 at
1265 1770 88 26 Tobias

701 1842 137 29 Glennon's,
852 1840 169 28 Beach-street,
1033 1837 147 26 Charleston.

731 1910 52 24 The
803 1907 82 26 lowest
908 1915 25 17 or
955 1914 47 24 any
1030 1904 81 27 tender
1137 1907 41 23 not
1207 1901 142 34 necessarily

700 1973 117 34 accepted.

732 2039 104 27 Tenders
846 2043 24 22 to
880 2039 28 26 be
919 2037 116 27 delivered
1053 2041 41 23 not
1111 2035 60 27 later
1188 2036 57 25 than
1266 2038 12 22 4
1298 2042 46 26 p.m

701 2114 30 18 on
746 2105 93 32 Friday,
851 2103 69 35 April
932 2107 35 27 26,
978 2107 25 22 at
1014 2103 40 25 the
1066 2102 73 26 above
1150 2100 99 27 address.

915 2172 22 26 J.
956 2172 94 29 Ckeed,

914 2240 27 24 T.
960 2239 131 28 Glknnon,

913 2311 26 26 P.
957 2310 93 30 Hehir,

909 2373 119 26 Michael
1044 2372 97 29 Babry,

1043 2432 113 33 Building
1168 2431 150 27 Committee.

783 2515 154 39 FOR
1018 2511 152 40 SAL
1204 2510 55 46 E,

701 2609 94 69 r£Ul£
812 2608 104 26 STORE
928 2606 45 25 and
985 2605 72 33 Right
1071 2608 23 21 to
1106 2603 93 26 Section
1218 2609 52 18 now
1281 2609 55 17 occu-

708 2685 35 27 ied
755 2686 30 32 by
798 2685 28 27 G.
840 2683 66 28 Blair
917 2683 46 26 and
977 2683 40 26 Co.
1030 2682 23 26 in
1065 2681 160 29 Main-street,
1244 2677 93 27 Charles-

703 2747 50 21 ton.
796 2741 51 26 The
869 2740 104 31 building
994 2740 20 23 is
1031 2740 29 22 30
1072 2745 15 17 x
1099 2740 37 27 20,
1158 2737 148 24 constructed
1327 2742 14 16 o

704 2805 71 29 wood,
788 2803 57 25 with
857 2803 49 24 iron
918 2801 59 25 roof.
1010 2800 23 25 It
1049 2800 19 24 is
1080 2797 165 32 substantially
1256 2796 94 30 floored,

700 2866 45 26 and
758 2865 66 28 fitted
836 2873 31 26 up
878 2865 25 25 in
915 2864 58 25 such
985 2871 15 17 a
1010 2869 98 19 manner
1119 2869 25 17 as
1164 2864 24 22 to
1198 2859 28 27 be
1244 2860 93 25 convert-

701 2923 45 28 ible
762 2925 37 26 for
810 2932 46 26 any
866 2924 113 26 business.
1012 2923 51 26 The
1082 2921 102 31 Section,
1202 2920 76 27 which
1296 2920 19 25 is
1325 2927 14 19 o
1341 2913 10 24 f

703 2991 40 26 the
755 2986 45 28 full
810 2987 53 30 size,
877 2989 27 22 33
916 2994 15 16 x
943 2988 36 29 66,
997 2984 91 32 adjoins
1106 2984 40 24 the
1163 2982 70 26 Bank
1247 2982 26 25 of
1294 2981 57 26 New

699 3045 108 32 Zealand,
821 3045 45 26 and
878 3044 39 25 the
930 3043 43 26 site
985 3043 19 25 is
1016 3050 43 18 one
1070 3041 27 26 of
1108 3041 40 26 the
1157 3041 48 26 best
1214 3040 24 25 in
1246 3038 97 28 Charles

704 3118 38 16 on.
763 3109 114 24 Business
887 3113 55 18 m?n
953 3105 45 25 and
1009 3105 80 24 others
1101 3104 101 30 wishing
1210 3106 23 21 to
1242 3102 69 25 settle
1324 3102 22 24 in

697 3170 40 26 the
749 3168 115 33 tow.iship
875 3169 86 24 cannot
972 3166 59 25 have
1042 3172 13 17 a
1067 3165 75 24 better
1153 3163 160 35 opportunity.

727 3232 46 25 For
794 3230 62 34 price
876 3228 45 26 and
942 3231 79 27 terms,
1043 3226 77 25 which
1143 3233 39 18 are
1202 3224 144 26 reasonable*

697 3292 68 36 apply
777 3297 24 21 to

806 3356 29 26 G.
857 3355 102 26 BLAIR
980 3353 47 26 and
1049 3352 57 32 CO.,

938 3416 37 26 On
987 3415 40 25 the
1038 3414 119 35 premises,
1170 3411 145 27 Charleston.

700 3488 48 65 p
829 3484 201 31 HEHIR
1087 3482 118 31 AND
1262 3481 82 36 CO,

727 3603 167 39 Wholesale,
908 3602 89 38 Wine,
1014 3601 90 41 Spirit,
1120 3599 52 32 and
1187 3599 137 31 Provision

937 3703 164 36 Merchants,

857 3811 173 31 Beach-street,
1041 3808 146 27 Charleston.

750 4031 111 30 Packers
875 4028 131 41 Supplied
1029 4038 33 19 on
1077 4026 106 30 Liberal
1197 4024 98 31 Terms.

703 4136 31 66 J
773 4134 70 30 EH
858 4132 68 31 AN
976 4130 106 32 AND
1134 4129 108 31 O'BR
1260 4127 90 30 IF.N

705 4228 106 39 Having
824 4224 171 32 commenced
1016 4223 84 40 Dairy
1115 4222 125 30 Business
1260 4231 35 20 on
1316 4231 33 20 an

899 4302 148 32 Extensive
1067 4301 83 38 Scale,

748 4395 66 33 Hope
825 4397 23 22 to
859 4392 70 26 merit
939 4399 14 17 a
965 4391 67 25 share
1044 4390 26 25 of
1080 4388 78 35 public
1169 4391 137 32 patronage.

732 4470 68 31 They
811 4475 39 18 are
859 4465 109 36 prepared
980 4468 24 22 to
1015 4463 84 35 supply
1116 4467 129 22 customers
1263 4463 25 25 in
1306 4470 47 24 any

704 4548 52 31 part
767 4545 26 24 of
804 4544 41 25 the
856 4541 95 31 Pakihi,
963 4549 29 17 on
1004 4539 39 26 the
1054 4543 61 23 most
1127 4538 94 27 Liberal
1232 4538 90 27 Terras.

734 4614 23 25 A
769 4610 162 29 Considerable
941 4609 129 26 Reduction
1079 4612 24 23 to
1110 4608 67 27 those
1187 4607 84 33 takiug
1278 4607 77 33 Large

705 4670 156 35 Quantities.'

709 4762 49 66 p
917 4756 436 38 GRIFFIN,

725 4836 165 33 PAINTER
922 4836 80 30 AND
1042 4835 290 37 PAPERHANGER,

857 4904 120 25 PAKIHI
995 4905 19 24 &
1031 4903 174 28 HOKITIKA,

710 4968 139 41 (Opposite
863 4966 53 39 the
916 4966 89 39 Camp,
1021 4966 52 30 and
1086 4968 65 28 next
1165 4969 28 26 to-

887 5041 46 25 ton
1082 5035 93 31 Office.

711 5129 40 66 J
873 5126 39 25 S.
984 5124 372 30 JOHNSTON,

729 5241 135 35 Barrister,
888 5238 133 37 Solicitor,
1045 5237 54 31 and
1122 5237 103 40 Notary
1240 5237 97 31 Public.

712 5334 70 25 Office
794 5327 4 38 :
817 5331 77 34 Harry
906 5330 94 26 Mann's
1014 5327 77 34 Hotel,
1108 5329 103 33 opposite
1228 5329 40 26 the
1284 5330 71 25 Court

1379 128 35 70 J
1487 128 242 48 NEWTON'
1777 128 113 39 AND
1938 124 89 49 CO.,

1382 251 164 27 TINSMITH
1579 252 19 24 &
1627 251 105 25 SiIKKT
1760 250 79 25 IRON*
1868 248 160 27 WORKERS

1612 341 72 24 Camp
1701 340 96 24 Stkekt

1459 430 100 34 (Nearly
1569 433 106 33 opposite
1688 431 67 26 Mace
1769 431 47 25 and
1830 430 76 26 L)ix(;u
1909 430 12 14 v
1923 432 28 30 >).

1409 559 23 25 J.
1451 558 28 26 N.
1499 558 48 25 and
1567 558 52 30 Co.,
1636 558 44 31 beg
1701 561 24 21 to
1744 557 86 25 inform
1847 556 40 25 the
1908 555 77 35 public
2003 557 23 25 of

1379 606 139 27 Charleston
1540 607 52 25 that
1612 606 56 32 they
1681 606 58 25 have
1757 605 148 27 commenced
1924 605 100 26 business

1378 664 24 17 as
1414 655 80 32 above,
1505 655 46 26 and
1570 663 39 18 are
1621 653 110 36 prepared
1745 659 22 21 to
1779 656 98 25 execute
1888 654 39 26 the
1941 653 73 27 follow-

1384 704 41 31 ing
1434 703 152 34 descriptions
1598 704 25 24 of
1635 703 65 25 work
1741 718 8 5 -

1414 791 275 26 GALVANISED
1722 791 97 26 IRON
1850 791 149 30 PUMPS;

1579 874 110 27 HOTEL
1716 873 116 34 LAMPS,

1499 935 33 26 Of
1543 935 41 25 the
1595 935 50 26 best
1657 935 44 25 and
1713 935 81 26 Latest
1806 936 116 31 Designs;

1383 1023 324 26 KEROSENE
1783 1024 235 27 STOVES

1494 1084 67 26 With
1573 1085 91 33 Copper
1673 1094 30 17 on
1715 1086 40 25 the
1766 1085 97 32 Boilers,
1874 1085 45 26 and

1459 1173 214 27 GENERAL
1734 1174 16 25 J
1763 1174 19 26 0
1797 1174 19 24 B
1828 1174 110 27 BING
1949 1193 5 6 .

1536 1278 138 25 Remember
1686 1277 39 25 the
1736 1276 104 27 Address

1414 1340 183 26 CAMP
1691 1340 299 25 STREET.

1384 1434 266 42 QECOND
1726 1434 67 33 TO
1864 1435 165 31 NONE

1384 1465 38 41 k5

1382 1512 226 29 RESTAURANT
1629 1513 71 25 AND
1723 1513 174 28 BOARDING
1915 1512 110 28 HOUSE

1556 1592 86 31 Meals
1656 1595 28 28 at
1697 1592 45 31 All
1757 1593 99 32 Hours.

1381 1671 130 26 Breakfast
1522 1671 46 25 and
1578 1672 56 31 Tea,
1645 1675 25 22 2s
1678 1671 43 30 6d;
1735 1672 98 31 Dinner,
1842 1675 42 28 3s;
1896 1670 85 33 Board,
1989 1674 41 23 45s

1427 1754 195 39 Provincial
1642 1754 144 39 Council
1810 1754 168 38 Election.

1383 1833 86 69 ~!y£R
1497 1832 110 25 CRATE
1634 1831 48 25 will
1703 1832 96 25 address
1820 1833 40 25 the
1881 1832 104 26 Electors
2006 1837 24 21 at

1380 1910 115 32 Brighton
1505 1919 30 17 on
1547 1911 40 25 the
1602 1910 53 25 14th
1667 1909 76 34 April,
1755 1909 45 26 and
1810 1913 24 22 at
1846 1909 92 27 Cobden
1950 1918 29 17 on
1990 1910 40 25 the

1381 1954 61 26 16th.

1378 2031 47 67 rjl
1521 2029 507 39 ROSENBERG,

1436 2122 71 24 From
1519 2121 118 26 Hokitika
1647 2119 47 26 and
1710 2120 119 30 Dunedin,
1845 2119 48 26 will
1909 2128 59 26 open

1604 2168 25 27 in
1641 2176 14 18 a
1667 2169 46 26 few
1726 2168 58 34 days
1795 2176 14 18 a

1375 2244 75 25 NEW
1468 2243 106 27 STOCK
1592 2244 41 25 OF
1649 2243 202 31 FURNITURE,
1868 2243 158 31 BEDDING,

1681 2288 41 25 &c.

1468 2370 80 30 HAY
1569 2369 83 32 AND
1674 2370 50 30 DE
1745 2369 191 32 WINTER'S
1980 2363 13 12 s

1376 2544 381 41 CIRCULATING
1783 2544 240 51 LIBRARY,

1496 2728 156 25 MAXtf-ST.,
1676 2725 227 26 CilAlilTK&rCnV.

1376 3017 44 30 All
1434 3017 47 31 the
1497 3017 93 30 Latest
1604 3017 103 38 Papers,
1725 3015 54 31 and
1792 3027 15 19 a
1820 3016 83 31 Great
1916 3017 109 39 Variety

1496 3191 150 41 Stationery
1660 3191 98 40 always
1773 3202 35 21 on
1822 3191 80 32 hand.

1376 3482 131 25 AGENTS
1531 3483 37 24 for
1592 3483 40 24 tie
1656 3482 221 26 CHARLESTON
1903 3483 122 25 ARGUS.

1476 3591 104 31 EST
1637 3591 120 31 AND

1826 3591 60 67 K
1903 3591 58 31 IS

1481 3737 141 37 Fruiterer,
1643 3737 187 42 Greengrocer,
1852 3738 55 37 &c.,

1376 3843 108 30 MAIN
1531 3843 162 37 STREET,
1742 3841 282 40 Charleston,

1450 3996 186 26 OBIAS
1714 3996 295 26 GLENNON

1376 4087 133 28 Wholesale
1521 4088 19 25 &
1554 4087 77 26 Retail
1639 4087 61 26 Boot
1711 4086 46 26 and
1765 4086 60 27 Shoe
1839 4085 177 26 Manufacturer

1467 4166 172 27 BEACH
1706 4165 223 32 STREET,

1626 4235 145 27 Charleston.
1996 4239 24 23 5i

1423 4329 121 28 iJNEILL
1568 4328 45 27 and
1636 4328 170 32 GOTHARD,
1825 4327 132 28 Wholesale
1979 4327 44 27 and

1589 4445 78 28 Retail
1678 4446 123 31 Butchers,

1495 4509 122 43 Diggers'
1630 4509 93 30 Street.
1745 4508 162 31 Charleston.

1380 4622 111 27 Families
1512 4621 45 26 and
1578 4621 40 25 the
1636 4619 64 26 trade
1722 4617 103 36 supplied
1843 4622 24 21 at
1884 4619 40 26 the
1945 4618 81 26 lowest

1606 4659 94 22 current
1712 4659 69 21 rates.
1980 4657 43 23 31c

1472 4759 160 41 HAMIL
1683 4762 31 35 &
1761 4758 158 49 INNES,

1575 4862 71 31 (Late
1656 4861 27 24 of
1694 4859 93 26 Ilokitil
1798 4859 33 33 a),

1380 4946 56 26 TIN
1460 4943 109 27 PLATE
1586 4943 70 26 AND
1674 4941 104 27 SHEET
1792 4941 80 27 IRON
1884 4941 141 27 WORKER

1546 5014 63 25 Near
1620 5012 69 26 Mace
1700 5010 45 27 and
1757 5010 105 30 Dixon's,

1419 5089 151 40 Cainp-s
1582 5090 55 28 tre
1647 5089 51 33 et,
1737 5085 252 32 Charleston.

1382 5270 124 27 STOVES
1519 5268 70 27 AND
1609 5266 110 27 LAMPS
1735 5265 95 26 MADE
1849 5265 42 26 TO
1912 5264 116 28 ORDER.

1444 5360 99 28 General
1556 5360 117 29 Tinware,
1684 5357 133 29 Wholesale
1829 5357 44 26 and
1885 5356 85 28 Retail.

2057 125 53 55 W
2111 125 172 70 estport
2295 123 103 59 Alv
2411 122 174 59 jrVisam
2598 137 47 43 v&
2658 130 44 49 's

2057 252 24 28 II
2102 250 222 30 IBEHNI
2345 252 25 27 A
2394 251 23 29 X
2484 250 21 28 II
2528 250 106 29 OTE
2663 251 17 27 L
2696 273 5 11 ,

2220 320 159 39 Esplanade,
2397 320 142 40 \Ve>tport.

2056 431 49 26 The
2116 431 72 27 above
2199 431 62 27 hotel
2273 432 18 25 is
2304 440 45 17 now
2366 441 65 24 ojmi.
2465 431 64 26 (iuwl
2545 429 78 29 in«.;>ls,
2635 429 20 25 el
2672 438 26 16 ,;n

2265 466 54 26 beds
2330 466 45 25 and
2389 466 98 32 civility.

2060 544 38 33 11)4
2318 544 33 25 M.
2363 544 185 30 CORCORAN,
2568 544 121 33 Proprieto

2062 649 179 40 WEST
2260 647 73 41 P0
2351 647 31 40 R
2399 649 30 38 T
2479 647 122 40 HOT
2615 647 30 38 E
2657 647 37 38 L

2279 737 71 31 (Late
2361 737 120 32 Askew's)

2189 807 144 41 Westport,
2361 807 91 31 Buller
2479 806 86 31 River.

2110 973 96 27 Messrs.
2232 972 101 26 TIBBY
2363 972 70 25 AND
2465 970 176 27 ANDERSEN

2055 1016 162 35 Respectfully
2229 1017 87 25 inform
2328 1016 62 26 their
2401 1014 89 26 friends
2501 1014 45 26 and
2565 1015 39 25 the
2624 1013 78 34 public

2055 1068 24 24 in
2096 1066 100 33 general,
2208 1067 52 24 that
2282 1066 56 31 they
2349 1066 59 23 have
2431 1065 71 24 taken
2522 1065 39 23 the
2582 1063 72 26 above
2665 1063 37 25 old

2056 1114 141 28 established
2217 1113 45 27 and
2283 1112 158 27 commodious
2462 1110 71 33 hotel,
2554 1110 57 37 andj
2622 1119 80 19 assure

2056 1164 65 24 those
2134 1164 51 23 who
2203 1170 52 23 may
2269 1163 68 23 favor
2348 1162 64 23 them
2424 1160 57 25 with
2497 1160 61 25 their
2574 1164 127 29 patronage

2055 1212 52 25 that
2117 1211 56 33 they
2185 1209 47 26 will
2243 1210 29 26 do
2283 1209 30 25 all
2325 1210 23 24 in
2360 1209 60 26 their
2430 1216 78 26 power
2519 1212 25 22 to
2555 1208 67 25 merit
2634 1208 24 25 it.

2084 1258 73 26 Clean
2175 1256 125 28 well-aired
2317 1256 60 31 beds,
2389 1256 45 25 and
2450 1260 104 29 separate
2574 1255 128 26 bed-rooms

2056 1308 19 24 if
2090 1305 115 35 required.

2084 1355 77 31 Every
2169 1361 126 18 accommot
2296 1353 5 16 1
2311 1357 16 20 it
2331 1353 38 24 ion
2377 1353 37 24 for
2421 1353 86 25 miners
2519 1353 46 25 and
2573 1352 128 26 travellers.

2055 1401 115 27 PRICES
2186 1400 192 31 MODERATE,
2401 1399 24 26 in
2457 1399 101 34 keeping
2579 1399 57 26 with
2663 1400 39 25 the

2055 1451 76 26 times.

2146 1604 93 22 MEALS
2260 1604 31 20 AT
2319 1602 61 22 TilE
2399 1598 96 27 U3LAL
2522 1601 91 21 TIMES.

2084 1755 51 25 The
2147 1753 89 32 Wines,
2248 1753 92 33 Spirits,
2358 1752 59 29 beer,
2430 1752 49 29 &c.,
2497 1759 39 16 are
2553 1750 26 24 of
2595 1749 40 25 the
2652 1748 50 26 best

2055 1804 90 25 brands,
2163 1802 45 26 and
2229 1802 59 25 have
2309 1802 57 25 been
2388 1803 62 23 most
2471 1797 114 33 carefully
2603 1796 99 28 selected

2055 1852 61 24 from
2128 1851 40 25 the
2178 1857 58 25 very
2248 1850 50 25 best
2310 1853 91 21 houses.

2084 1899 98 27 Billiard
2203 1900 75 25 Room
2300 1907 30 17 on
2351 1898 40 26 the
2412 1896 119 35 premises,
2548 1894 45 27 and
2612 1903 31 17 an
2665 1903 25 18 ex-

2054 1947 84 28 cellent
2149 1947 61 27 table

2084 1997 51 25 The
2157 1997 72 24 house
2250 1996 20 24 is
2291 1992 166 34 conveniently
2469 1992 108 31 situated,
2599 1992 104 33 opposite

2054 2045 39 27 the
2104 2046 68 31 river,
2184 2044 23 26 in
2219 2042 61 28 close
2291 2042 100 33 vicinity
2403 2044 24 24 to
2439 2041 40 26 the
2490 2040 115 35 shipping.

2084 2094 33 25 H.
2130 2093 74 32 Tibby
2217 2093 42 24 has
2270 2091 46 26 had
2326 2091 56 31 long
2397 2089 136 35 experience
2554 2089 24 25 in
2597 2089 107 32 catering

2053 2143 38 24 for
2107 2141 40 26 the
2166 2140 83 34 public,
2260 2140 45 25 and
2327 2148 30 17 no
2378 2139 68 34 pains
2464 2137 47 25 will
2532 2138 27 25 be
2582 2136 80 35 spared
2679 2140 25 22 to

2053 2191 69 25 make
2134 2191 39 25 the
2185 2190 119 33 Westport
2314 2187 70 27 Hotel
2396 2196 14 17 a
2420 2186 153 27 comfortable
2584 2187 69 25 home
2666 2186 37 26 for

2055 2240 66 24 those
2133 2239 51 24 who
2196 2246 54 25 may
2263 2239 67 24 favor
2341 2238 19 23 it
2371 2237 58 24 with
2441 2244 14 16 a
2465 2236 65 24 visit.

2066 2364 140 25 TIBBY
2269 2362 90 26 AND
2431 2361 181 26 ANDERS
2625 2360 59 32 EN,

2264 2441 179 19 PROPRIETORS.
2672 2434 28 23 89

2051 2514 284 33 HAMMOND
2392 2514 52 29 and
2496 2514 64 29 DA
2573 2513 52 30 VI
2639 2512 59 38 ES,

2276 2630 200 35 IMPORTERS,

2217 2729 96 27 WINE,
2329 2731 115 24 SHKrr,
2462 2733 78 16 Airrr

2074 2823 150 40 General
2259 2823 177 38 Provision
2472 2820 209 46 Merchants,

2171 2935 183 23 GREYMOUTH
2376 2933 60 23 AND
2457 2932 120 26 BULLER,

2050 3017 185 27 HAVE
2300 3016 74 25 ON
2440 3013 212 28 SALE:

2142 3094 102 32 Brandy,
2257 3093 87 32 ITodgs,
2355 3091 93 33 qr-cask
2462 3090 43 25 and
2518 3098 53 18 case

2145 3141 121 32 Whiskey,
2277 3140 35 25 do.
2324 3139 39 26 do.

2145 3190 103 30 Geneva,
2260 3189 112 26 J.D.K.Z.

2140 3239 56 26 Port
2208 3237 45 27 and
2265 3237 81 32 sherry
2359 3236 66 31 wine,
2437 3235 96 34 qr-cask

2140 3286 78 28 Claret
2230 3286 46 26 and
2288 3286 143 33 champagne

2142 3337 76 33 Byasß
2230 3335 45 26 and
2286 3334 118 27 Machin's
2416 3336 65 23 stout

2143 3385 129 27 Tennent's
2284 3384 35 27 ale

2140 3433 87 27 Nelson
2238 3433 35 26 do.
2285 3433 24 25 in
2321 3434 95 31 quarter
2427 3430 46 27 and
2485 3431 66 26 lihds.

2140 3481 144 26 Ilostetter's
2295 3481 82 24 bitters

2139 3528 154 28 Townsend's
2310 3527 147 35 sarsaparilla

2140 3576 99 27 Sinclair
2250 3576 45 25 and
2304 3577 82 30 Coev,s
2398 3577 67 24 hams
2477 3576 46 25 and
2535 3576 71 25 bacon

2140 3625 82 26 Hart's
2236 3624 113 27 Adelaide
2361 3624 59 27 flour

2140 3674 96 25 Wood's
2247 3673 45 25 silk
2303 3672 99 31 dressed,
2413 3673 25 24 in
2450 3672 71 25 50lbs.

2140 3722 124 27 Aromatic
2276 3721 45 26 and
2331 3721 67 27 other
2409 3721 96 26 tobacco

2140 3772 109 26 Genuine
2262 3771 104 25 Barret's
2377 3770 65 26 twist
2452 3770 29 25 do

2140 3820 90 33 Cigars,
2242 3820 37 26 Sir
2290 3819 85 26 Robert
2387 3818 76 26 Peel's
2474 3818 46 25 and
2532 3817 73 27 Swiss

2140 3869 68 30 Teas,
2220 3869 78 24 chests
2309 3867 45 25 and
2366 3865 139 27 half-chests

2138 3916 138 26 Mackenzie
2293 3915 45 26 and
2352 3914 110 35 Harper's
2474 3913 139 28 Melbourne
2625 3914 70 28 coffee

2138 3965 143 33 Company's
2292 3963 46 26 and
2349 3963 128 26 Mauritius
2490 3962 87 33 Sugars

2140 4013 94 26 Raisins
2246 4012 45 25 and
2302 4013 108 24 currants

2138 4060 78 25 Prime
2227 4058 99 27 colonial
2337 4059 77 25 butter

2138 4109 59 26 Oats
2213 4107 46 27 and
2271 4107 60 26 chaff

2140 4156 143 26 Galvanised
2294 4156 58 31 iron,
2363 4159 19 28 6,
2396 4158 19 28 7,
2427 4156 45 25 and
2485 4159 12 22 8
2509 4157 49 24 feet

2140 4206 103 32 Ridging
2253 4206 46 25 and
2310 4205 112 35 spouting
2432 4205 34 26 do.

2138 4255 68 31 Long
2217 4253 45 27 and
2273 4254 65 26 short
2350 4253 84 27 handle
2445 4252 91 28 shovels

2143 4303 71 25 Picks
2225 4302 46 26 and
2283 4301 60 27 nails

2139 4354 167 30 Ironmongery
2318 4353 26 24 of
2355 4360 69 24 every
2436 4351 140 34 description

2344 4408 67 30 Also,

2141 4469 23 25 A
2184 4466 65 33 large
2276 4469 142 22 assortment
2448 4466 26 24 of
2505 4473 51 18 new
2585 4465 112 33 clothing,

2199 4514 122 33 including
2339 4523 14 16 a
2368 4514 78 25 choice
2465 4513 32 26 lot
2514 4514 26 25 of
2554 4513 47 27 silk
2618 4513 78 27 mixed

2202 4565 45 24 and
2258 4563 74 26 tweed
2342 4563 66 30 suits,
2424 4562 87 25 Nelson
2529 4563 69 25 made
2615 4567 69 21 water-

2201 4611 74 33 tights
2286 4610 46 26 and
2344 4610 25 25 E.
2380 4610 23 26 S.
2415 4610 73 26 boots.
2520 4610 50 26 The
2582 4608 73 28 whole
2672 4611 26 25 of

2201 4661 76 26 which
2288 4659 47 27 will
2347 4660 26 25 be
2385 4658 49 27 sold
2445 4662 25 23 at
2480 4666 14 18 a
2505 4667 57 25 very
2573 4659 68 26 small
2658 4660 26 25 ad-

2205 4717 72 18 vance
2289 4712 23 22 to
2324 4707 54 26 cash
2390 4708 91 32 buyers.

2172 4799 86 29 OTTO
2288 4796 285 38 WIESENIIAVERN,

2052 4887 206 28 WHOLESALE
2276 4887 19 24 &
2313 4886 125 25 RETAIL
2458 4886 239 30 TOBACCONIST,

2112 4971 94 31 Nelson,
2217 4969 123 31 Hokitika,
2348 4968 155 34 Greymouth,
2511 4968 127 34 Westport,

2326 5016 9 8 #

2277 5048 45 25 and
2344 5047 130 26 Blenheim.
2670 5048 28 24 87

2145 5120 69 26 DR.
2269 5116 165 30 ROCKS
2451 5117 95 27 TRO
2563 5118 44 31 W,

2314 5188 122 26 Surgeon.

2252 5315 111 27 Bellevuc
2380 5316 106 32 Cottcge.

2114 5386 301 32 MOLESWORTH-ST.,
2432 5385 190 29 WESTPvjRT.
2671 5389 33 29 4ft

2731 122 32 38 A
2792 122 23 37 L
2842 122 28 37 ]\
2899 121 11 38 I
2938 120 30 39 0
2996 120 30 38 X

2873 221 110 26 GLADS
2992 219 134 27 TONE-SI

2793 449 50 30 Gni
2859 447 62 32 i'J3
2945 447 136 37 WHtrfi,
3105 447 160 39 Proprietor.

3343 495 9 19 :

2756 599 28 26 G.
2804 599 35 25 W.
2858 599 55 31 begs
2935 601 24 21 to
2986 597 86 25 inform
3090 596 36 25 his
3143 595 89 27 friends
3259 595 46 27 and
3330 597 11 26 t

2735 647 81 32 liming
2843 646 146 31 community
3020 645 24 25 in
3071 644 93 33 general
3197 645 60 30 that,
3282 645 31 25 ha

2727 694 127 35 completed
2879 695 40 25 the
2949 694 71 25 above
3049 693 77 30 Hotel,
3156 693 29 24 he
3215 693 18 24 is
3260 700 80 27 prepal

2727 748 23 20 to
2767 744 57 25 oiler
2844 741 202 26 accommodation
3067 741 83 25 second
3166 746 24 20 to
3207 750 60 17 none
3283 749 31 18 on
3329 741 13 27 £

2841 901 87 39 JOB
3043 900 216 48 L.MUNSON,

2727 1020 159 38 Bookseller,
2914 1023 139 33 Stationer,
3076 1023 52 31 and
3152 1023 111 31 General
3286 1024 83 31 Xews

2811 1234 130 24 REVELL
2963 1234 131 28 STREET,
3111 1235 172 26 lIOKITIKA.

2856 1329 112 32 Opposite
2980 1329 38 25 the
3029 1328 137 27 Corinthian
3178 1329 61 27 Ilall.

2729 1519 65 26 HAS
2807 1520 43 26 ON
2873 1520 91 30 SALE,
2976 1521 131 27 Wholesale
3119 1523 44 25 and
3176 1524 193 26 Retail—Novels

2786 1609 45 25 and
2844 1610 76 25 works
2938 1611 25 25 of
2979 1611 93 31 general
3090 1611 126 32 literature,
3228 1614 29 30 by
3269 1613 39 25 the
3320 1614 49 24 best

2786 1695 109 26 standard
2907 1697 103 31 authors,
3023 1696 220 34 including—Clias.
3258 1698 111 32 Dickens,

2786 1783 88 27 Wilkie
2886 1784 95 33 Collins,
2992 1785 96 28 Charles
3098 1787 81 33 Lever,
3192 1787 37 26 Sir
3239 1789 25 25 E.
3277 1788 94 27 Bulwer

2787 1871 97 34 Lytton,
2906 1871 146 38 Thackeray,
3079 1874 85 36 Mayne
3186 1875 65 34 Reid,
3272 1876 98 33 Dumas,,

2787 1961 37 26 Sir
2836 1961 90 26 Walter
2938 1963 72 31 Scott,
3023 1965 49 30 &c.,
3085 1966 50 29 &c.,
3148 1966 44 25 &c.

2884 2102 164 26 POETICAL
3064 2103 123 25 WORKS.

2728 2189 113 33 Milton's,
2863 2191 108 29 Moore's,
2983 2191 90 34 Pope's,
3085 2191 108 33 Byron's,
3206 2191 164 33 Goldsmith's,

2787 2276 45 26 and
2844 2278 93 31 Burns',
2950 2277 219 36 Shakspere,|cheap
3177 2278 45 26 and
3233 2278 137 27 illustrated.

2726 2460 24 25 A
2772 2458 104 35 splendid
2892 2462 140 24 assortment
3049 2460 27 26 of
3097 2460 92 27 Church
3211 2462 26 25 of
3263 2461 108 34 England

2787 2547 88 33 Prayer
2899 2548 87 32 Books,
3013 2548 126 33 Wesleyan
3160 2549 100 33 Hymns,
3286 2550 85 26 Scotch

2785 2634 93 27 Psalms
2898 2636 46 26 and
2963 2636 101 33 Hymns,
3085 2636 45 26 and
3150 2636 93 27 Roman
3265 2636 106 28 Catholic

2726 2885 23 25 A
2769 2884 64 33 large
2849 2885 46 26 and
2906 2885 79 26 varied
3006 2888 141 23 assortment
3168 2886 26 26 of
3210 2886 66 26 other
3297 2886 73 35 cheap

2785 2973 126 27 literature.

2724 3060 295 35 Dictionaries—English,
3031 3062 92 26 French
3134 3062 45 26 and
3191 3062 109 28 German.

2725 3150 64 31 Song
2799 3149 79 25 Books
2890 3149 26 25 of
2931 3156 70 26 every
3010 3148 146 35 description.

2724 3238 22 25 A
2758 3236 64 33 large
2833 3239 141 23 assortment
2985 3237 26 25 of
3028 3236 83 26 School
3122 3236 87 32 Books,
3221 3237 51 30 &c.,
3284 3238 41 25 &c.

2724 3388 75 34 Ships'
2818 3387 118 27 Manifest
2953 3386 45 26 and
3019 3387 119 26 Customs'
3155 3386 83 26 Forms
3255 3387 26 25 of
3297 3394 71 28 every

2782 3461 146 34 description.

2722 3548 129 26 Almanacs
2862 3548 46 26 and
2919 3548 91 26 Diaries

2710 3628 2 44 |
2723 3638 69 34 Maps
2802 3637 44 26 and
2858 3636 96 28 Atlases

2710 3723 2 40 j
2722 3725 79 35 Legal,
2812 3724 100 27 Medical
2924 3723 46 28 and
2982 3723 120 29 Scientific
3114 3723 93 28 Works.

2721 3843 54 30 The
2790 3843 108 39 Largest
2912 3840 122 40 Lending
3048 3840 114 40 Library
3175 3851 35 20 on
3224 3840 49 33 the
3288 3840 77 31 West

2996 3924 88 36 Coakt,

2898 4063 23 24 A
2940 4061 63 32 large
3020 4063 141 23 assortment
3172 4061 25 24 of

2863 4132 174 31 Commercial
3065 4132 159 39 Stationery.

2911 4245 60 26 Note
2987 4245 39 26 the
3040 4244 131 26 Address—

2722 4322 179 27 REVELL
2929 4319 188 34 STREET,
3142 4318 223 30 lIOKITIKA.

2804 4391 104 32 BANK
2930 4391 46 30 OF
2996 4390 85 31 NEW
3102 4390 184 38 ZEALAND,

2722 4464 188 22 INCORPORATED
2931 4463 32 17 BY
2983 4463 44 17 ACT
3048 4462 31 18 OF
3100 4462 113 18 GENERAL
3234 4462 132 19 ASSEMBLY.

2724 4536 122 33 Bankers
2866 4539 27 27 to
2919 4534 45 31 the
2993 4532 118 33 General
3137 4533 184 32 Government
3340 4533 30 31 of

2795 4592 70 31 New
2879 4588 116 33 Zealand
3022 4588 47 31 the
3084 4588 148 31 Provincial
3245 4589 104 30 Govern-

2795 4651 86 27 ments
2927 4645 31 32 of
2992 4644 153 38 Auckland,
3187 4645 178 40 Canterbury,

2797 4704 97 40 Otago,
2907 4704 56 33 <fcc.,
2978 4703 45 29 ifcc.

2751 4790 107 25 Paid-it
2872 4788 107 26 Capital

2752 4826 117 25 Reserve
2879 4824 71 25 Fund

3220 4789 116 29 £500,000

3240 4825 95 29 150,000

2737 4903 30 24 W
2793 4903 20 24 E
2840 4903 16 24 S
2883 4901 20 24 T
2924 4900 19 24 P
2966 4901 19 23 O
3010 4899 22 26 Pt
3057 4901 20 24 T
3124 4899 216 30 AGENCY,

2836 4937 66 26 With
2923 4936 135 26 AGEMCI'
3079 4938 25 22 at
3130 4934 125 26 PAKIHI.

2723 5014 140 41 £)RAFTS
2888 5013 78 26 issued
2987 5021 29 18 on
3027 5013 41 26 the
3081 5013 92 26 various
3184 5012 121 27 Branches
3320 5011 46 26 and

2787 5049 120 33 Agencies
2917 5049 24 24 in
2959 5049 56 24 New
3029 5046 107 33 Zealand,
3154 5056 31 17 on
3196 5047 61 26 their
3272 5047 94 32 Agents

2723 5086 24 26 in
2768 5084 32 26 all
2820 5082 139 28 Australian
2982 5081 113 33 Colonies,
3117 5083 72 25 Great
3210 5081 92 25 Britain
3320 5080 46 26 and

2724 5120 98 31 Ireland,
2831 5119 74 28 India,
2917 5117 95 33 Ceylon,
3028 5118 135 31 Mauritius,
3185 5117 82 31 China,
3284 5117 70 32 Singa-

2724 5164 60 25 pore,
2796 5153 90 26 British
2897 5152 130 31 Columbia,
3034 5152 137 30 California,
3181 5152 100 31 Mexico,
3297 5152 69 31 Peru,

2723 5190 46 26 and
2783 5187 87 29 United
2881 5186 80 28 States
2971 5186 29 26 of
3009 5185 128 28 Columbia.

2754 5265 144 29 HIGHEST
2914 5265 97 26 PRICE
3027 5265 104 26 GIVEN
3151 5264 66 28 FOR
3239 5263 96 31 GOLD.

2841 5299 71 28 'Gold
2923 5298 102 28 Smelted
3036 5301 59 23 Free
3105 5300 26 24 of
3142 5299 97 32 Charge.

3025 5334 73 27 GEO.
3116 5333 132 33 KIRTON,

2724 5389 26 24 41
3249 5382 89 31 Agent
3394 5388 11 19 4
