3490 5590
1560 52 75 31 THE
1658 51 253 33 CHARLESTON
1932 53 130 31 ARGUS.

370 152 78 27 spec
456 154 12 25 r
477 153 39 26 us

366 249 31 20 OF
409 250 49 18 THE

166 349 199 32 ARLESTON
454 350 21 33 7
478 350 70 31 ATE
553 351 22 29 R
608 351 45 32 T)
662 350 47 30 AC
715 349 19 30 E

240 490 131 39 COM
393 491 188 42 PAW,

84 606 4 36 (
88 607 51 35 {To
155 607 28 26 be
200 607 124 33 registered
345 608 71 25 under
439 609 39 24 the
500 606 100 27 Limited
623 606 110 33 Liability

334 697 56 29 Act,
414 696 75 33 1865.]

89 882 112 40 Capital,
216 881 105 38 £SOOO,
341 882 28 28 in
384 881 50 31 five
453 880 119 32 hundred
595 881 91 31 shares
706 880 29 31 of

124 978 61 30 ,£lO
199 978 63 30 each
276 989 5 25 ;
300 978 38 30 £\
358 983 26 24 to
398 977 32 31 be
444 978 62 39 paid
521 988 33 19 on
568 977 165 43 application

124 1075 52 30 and
190 1075 39 30 X'l
247 1086 32 19 on
303 1075 147 33 allotment,
473 1074 46 32 the
535 1075 149 30 remainder
704 1075 28 30 in

124 1170 63 29 calls
209 1176 46 24 not
274 1173 146 37 exceeding
435 1172 51 35 £l,
510 1175 26 26 at
560 1171 128 30 intervals
708 1171 29 30 of

124 1270 99 36 twenty
237 1267 66 40 days
317 1266 70 32 each.

236 1479 164 18 I'ituVlfilOJfAL
430 1479 133 19 DIRECTORS

236 1561 88 25 Messrs
335 1561 81 25 .James
428 1559 117 28 Hennellv

328 1648 104 27 Bernard
444 1649 86 32 M'Coy

324 1739 21 25 J.
360 1738 40 25 W-
411 1738 108 25 Griffiths

328 1826 79 25 llcnrv
421 1826 87 26 Kofohl

325 1919 119 24 Jeremiah
456 1918 73 26 Creed

329 2007 37 26 W.
383 2009 102 30 Keating

329 2095 105 26 William
446 2095 140 35 Flannigan.

160 2186 107 25 Bankers
279 2196 5 15 :
302 2185 51 26 The
364 2185 70 25 Bank
444 2185 27 25 of
482 2185 58 26 New
552 2185 108 26 Zealand.

145 2276 121 31 Manager,
284 2283 40 26 pro
336 2278 47 21 tem
395 2274 4 35 :
424 2274 81 26 James
525 2274 143 26 M'Masters.

200 2364 63 27 Seer,
270 2367 61 30 tary,
341 2371 41 27 pro
393 2366 47 22 tem
454 2361 4 37 :
481 2363 26 25 F.
520 2361 95 29 Carroll.

209 2454 117 32 Engineer
338 2451 4 35 :
361 2451 95 28 Charles
467 2451 70 32 Nees,
549 2451 54 27 C.E.

113 2641 50 24 The
181 2639 77 33 object
275 2640 24 24 in
312 2638 103 31 forming
432 2638 40 25 the
484 2638 71 26 above
578 2638 122 34 Company
710 2639 20 25 is

83 2768 100 26 Terrace
204 2767 89 31 claims,
310 2765 46 27 and
374 2766 43 25 the
426 2772 52 19 new
497 2765 82 26 rushes
590 2766 141 33 contiguous

82 2843 25 22 to
128 2836 147 34 Charleston,
296 2837 108 32 whereby
426 2842 73 25 many
521 2834 105 28 hundred
648 2836 83 28 claims

82 2908 67 25 could
169 2909 28 24 be
218 2907 123 33 profitably
362 2904 95 28 woiked
468 2905 63 32 .that
547 2912 39 18 are
597 2914 53 17 now
660 2908 57 24 aban-

81 2977 75 26 doned
174 2978 38 25 for
229 2981 64 22 want
309 2979 27 23 of
353 2981 79 22 water.
467 2977 51 25 The
536 2976 122 33 Company
670 2977 61 26 have

81 3046 126 33 registered
228 3048 40 24 the
289 3047 63 25 Race
372 3052 25 20 to
419 3046 83 35 supply
524 3049 90 30 twenty
632 3055 84 24 govern-

81 3120 66 24 ment
163 3116 72 26 sluice
246 3116 78 31 heads,
333 3117 77 25 which
422 3116 76 26 would
510 3116 93 26 furnish
615 3125 30 17 an
657 3117 59 25 abun-

80 3188 58 27 dant
155 3188 117 34 quantity,
290 3187 24 26 in
331 3187 104 26 addition
447 3192 23 21 to
487 3187 70 33 being
567 3187 51 28 able
630 3192 24 23 to
665 3188 65 27 drive

79 3256 115 36 powerful
222 3258 136 33 machinery
371 3258 36 25 for
424 3257 113 33 crushing
548 3262 92 22 cement
652 3257 77 26 which

75 3328 105 26 abounds
191 3328 25 26 in
239 3332 52 23 vast
302 3328 130 33 quantities
453 3335 30 19 on
502 3328 41 26 the
553 3328 48 26 line
612 3328 27 26 of
650 3332 75 29 route,

78 3396 51 27 also
149 3398 68 26 could
237 3399 28 25 be
286 3398 66 26 made
370 3397 114 27 available
503 3399 37 25 for
558 3398 52 26 Saw
627 3398 65 26 Mills
703 3407 25 17 or

78 3468 68 27 other
157 3476 119 27 purposes.

107 3546 52 27 The
176 3546 106 36 probable
299 3547 82 34 length
399 3547 26 25 of
436 3547 40 26 the
492 3554 53 19 race
556 3547 20 26 is
587 3549 56 26 four
653 3547 74 34 miles,

79 3617 46 26 and
143 3626 26 17 as
186 3626 44 19 one
247 3618 62 27 third
328 3617 49 26 will
394 3617 91 34 require
502 3618 108 33 fluming,
627 3619 40 27 the
677 3628 38 26 pro-

78 3690 88 24 moters
183 3695 39 19 are
239 3688 101 35 positive
357 3688 53 26 that
428 3687 39 26 the
485 3687 87 34 capital
584 3689 84 33 sought
681 3690 46 26 will

78 3758 28 26 be
117 3758 76 35 ample
204 3760 38 25 for
252 3758 31 26 all
295 3767 119 26 purposes.

109 3837 52 25 The
170 3836 47 26 line
228 3838 27 24 of
264 3838 64 25 Race
345 3838 21 24 is
377 3838 114 33 surveyed
502 3842 47 22 two
565 3839 75 26 thirds
651 3840 26 24 of
687 3840 39 25 the

76 3906 74 26 entire
171 3905 79 33 length
270 3907 29 32 by
318 3907 40 26 the
373 3911 136 30 promoters,
527 3909 53 25 who
598 3909 61 26 have
676 3908 49 26 also

74 3977 92 27 cleared
178 3977 39 26 the
229 3979 76 30 track,
317 3979 23 25 in
353 3979 172 27 consideration
535 3981 26 24 of
572 3980 77 26 which
669 3981 57 32 they

73 4047 93 34 require
186 4048 63 34 sixty
269 4048 50 35 (60)
340 4048 59 35 fully
411 4049 53 35 paid
476 4050 79 26 shares
568 4050 23 26 in
604 4050 40 26 the
656 4050 52 28 Com-

75 4135 70 28 pany.

104 4207 24 26 It
138 4208 21 25 is
170 4207 52 27 well
234 4208 85 26 known
331 4209 52 26 that
395 4209 107 34 upwards
514 4211 26 25 of
551 4212 55 24 four
618 4212 105 25 hundred

72 4269 83 25 claims
176 4269 67 26 could
265 4271 27 24 be
313 4270 105 34 supplied
438 4271 61 25 from
518 4271 40 26 the
575 4272 73 25 above
671 4280 54 19 race

73 4330 84 34 which,
168 4335 25 23 at
204 4332 40 26 the
255 4335 50 23 rate
316 4332 26 26 of
354 4335 33 24 £2
399 4340 40 27 per
450 4334 74 31 week,
542 4333 52 28 half
611 4335 41 27 the
662 4335 62 35 price

72 4392 54 33 paid
138 4393 37 24 for
187 4396 73 22 water
280 4400 60 24 now,
358 4393 78 26 would
456 4393 62 33 yield
538 4395 40 26 the
596 4395 127 27 handsome

72 4455 80 23 return
168 4454 27 24 of
206 4457 64 21 £BOO
281 4454 99 33 weekly,
399 4462 25 18 or
436 4459 101 28 £40,000
556 4464 40 26 per
613 4464 91 19 annum
716 4470 5 20 ;

71 4516 45 20 one
125 4510 27 26 of
163 4511 40 26 the
215 4516 60 22 most
286 4510 116 29 lucrative
419 4513 171 35 undertakings
608 4515 52 26 that
677 4515 42 27 has

72 4567 59 27 been
142 4569 126 26 submitted
279 4572 25 24 to
315 4570 40 26 the
366 4570 82 35 public.

101 4632 37 25 As
154 4640 54 17 new
223 4633 82 26 rushes
322 4635 56 25 take
399 4634 65 33 place
486 4636 87 26 almost
594 4636 71 34 daily,
681 4638 40 25 the

72 4687 143 34 Company's
235 4689 63 26 Race
317 4690 77 25 would
415 4699 94 18 assume
530 4701 63 17 more
615 4694 105 32 gigantic

71 4745 146 32 proportions
239 4753 25 17 as
297 4747 40 25 the
363 4748 77 24 works
467 4748 131 32 extended;
630 4751 89 32 ground

71 4803 104 26 hitherto
191 4803 169 33 unprospected
378 4803 77 27 would
472 4805 27 26 be
516 4807 87 33 opened
623 4816 38 24 up,
678 4808 40 26 the

70 4860 96 30 miners,
177 4867 57 25 very
253 4859 124 33 naturally,
396 4860 76 27 would
490 4870 29 24 go
537 4863 141 32 contiguous
693 4864 26 26 to

70 4920 82 29 water,
163 4917 45 26 and
219 4917 39 26 the
270 4916 151 28 well-known
432 4919 122 27 character
564 4922 27 24 of
608 4921 39 26 the
658 4923 48 25 auri-

69 4975 81 25 ferous
161 4973 101 34 deposits
274 4974 26 25 of
311 4974 46 25 this
369 4974 91 26 district
472 4976 76 26 would
566 4982 100 22 warrant
678 4978 40 27 the

69 5032 147 32 assumption
227 5031 52 25 that
296 5039 14 16 a
327 5038 57 25 very
396 5031 62 33 large
476 5033 45 24 and
540 5034 97 32 payable
655 5035 50 32 gold-

68 5083 54 28 field
134 5083 74 27 would
220 5084 60 26 exist
291 5084 54 26 here
357 5084 37 27 for
405 5085 90 27 several
504 5095 74 24 years.

96 5146 77 26 When
183 5145 52 27 half
245 5146 26 26 of
282 5146 40 26 the
334 5146 79 26 shares
430 5156 40 18 arc
487 5148 97 28 allotted
605 5151 40 26 the
662 5152 41 25 Pro-

69 5198 99 26 visional
189 5198 118 26 Directors
329 5200 81 26 intend
432 5205 25 21 to
476 5201 43 26 call
542 5211 13 17 a
572 5204 104 33 meeting
691 5179 39 58 of!

69 5251 167 31 shareholders,
248 5256 24 21 to
283 5251 59 27 elect
354 5253 128 31 Directors,
498 5255 46 25 and
556 5260 24 20 to
592 5257 68 26 settle
676 5258 40 26 the

66 5303 62 26 rules
138 5303 46 25 and
196 5303 143 33 regulations
352 5304 73 26 under
444 5306 75 25 which
533 5308 40 25 the
593 5308 122 35 Company

66 5355 59 26 shall
137 5356 26 25 be
175 5356 122 32 governed.

96 5416 165 35 Application'
283 5418 37 26 for
342 5419 80 26 s!:ar:s
443 5423 24 24 to
492 5421 28 26 be
540 5421 70 28 mado
629 5425 24 49 tp
673 5425 40 26 the

64 5469 127 34 Directors,
202 5478 25 18 or
238 5471 90 27 Messrs
340 5471 137 29 M'Mutcr;
489 5474 44 27 and
545 5475 100 29 CarrolL

67 5549 27 18 rf

759 156 66 26 THE
838 157 91 25 WEST
932 157 86 25 PORT
1031 157 20 25 &
1065 155 221 28 CHARLESTON
1297 158 86 25 TRAM-

840 271 76 26 WAY
933 271 161 27 COMPANY
1111 271 216 27 PROSPECTUS.

762 494 134 40 Proposed
909 493 111 43 Capital,
1035 494 134 37 £'20,000,
1182 494 29 31 in
1226 494 70 31 4000
1312 493 94 32 Shares

996 618 27 29 of
1038 617 39 30 £o
1093 618 72 29 each.

847 846 94 34 [Under
953 847 39 26 the
1010 847 101 26 Limited
1127 846 111 34 Liability
1251 847 68 35 Act.]

849 1064 224 28 PROVISIONAL
1100 1065 196 27 COMMITTEE
1311 1077 5 14 :

819 1179 128 26 Chairman
959 1179 3 34 :
1032 1180 95 31 Martin,
1139 1181 63 31 Esq.,
1219 1180 127 33 Westport.

823 1266 25 26 T.
862 1268 95 31 Askew,
971 1268 61 33 Esq.,
1049 1266 118 37 IKestport

859 1355 77 33 Blain,
950 1355 61 35 Esq.,
1089 1377 12 11 „

859 1447 112 30 Gibbons,
985 1447 61 32 Esq.,
1058 1445 87 27 Nelson

818 1534 26 26 J.
858 1534 76 32 Crate,
946 1535 56 31 Esq.
1089 1554 12 11 ~
1149 1534 45 25 and
1206 1534 120 33 Westport
1346 1534 4 33 ,

860 1623 85 28 Smith,
955 1623 63 31 Esq.,
1030 1622 118 33 Westport

820 1722 29 5 ---
861 1710 140 32 Hamiuond,
1014 1711 54 31 Esq,
1086 1730 13 11 „

859 1796 124 36 Hennclly,
996 1798 54 34 Esq,
1063 1797 136 29 Charleston

818 1887 31 26 G.
863 1887 71 32 Blair,
945 1887 68 32 Esq.,
1130 1908 12 11 „
1174 1887 45 26 and
1233 1888 119 34 Westport

856 1975 86 32 Roche,
955 1977 54 32 Esq,
1127 1997 14 12 „

816 2065 26 25 E.
854 2065 139 31 Broadbent,
1004 2065 55 32 Esq,
1130 2085 13 11 „

858 2152 103 26 Thomas

816 2240 30 26 11.
858 2240 82 32 Mann,
952 2240 56 34 Esq,
1131 2262 12 12 „

816 2330 31 25 A.
859 2330 28 25 Y.
900 2329 126 33 Skogland,
1039 2331 55 31 Esq,
1131 2351 13 11 „

846 2418 66 26 With
924 2427 77 25 power
1014 2423 23 21 to
1047 2420 44 26 add
1103 2425 24 21 to
1140 2421 60 27 their
1211 2423 103 25 number.

845 2642 120 26 Bankers;

825 2805 132 39 Engineer:
975 2808 51 27 The
1038 2809 162 27 Government
1209 2810 127 34 Engineer.

867 2896 122 32 Secretary
1001 2905 41 24 pro
1054 2901 62 22 tem:
1140 2899 65 25 John
1217 2900 77 25 Crate.

757 3125 159 64 fJIRAMW
919 3126 64 26 AYS
999 3127 162 34 economising
1172 3129 56 25 time
1248 3129 47 25 and
1312 3138 93 28 money,

755 3202 45 25 and
812 3203 39 24 the
863 3203 119 26 increased
994 3205 73 25 traffic
1079 3205 104 26 between
1206 3206 138 26 Charleston
1359 3208 46 25 and

755 3271 131 35 Westport,
908 3274 122 25 combined
1053 3274 57 26 with
1131 3275 40 27 tho
1192 3284 52 18 now
1266 3278 139 27 established

753 3344 122 27 character
895 3346 27 25 of
942 3345 41 27 the
1010 3346 131 27 auriferous
1169 3347 104 28 districts
1303 3349 101 34 through

753 3414 77 27 which
842 3415 40 26 the
893 3415 119 35 projected
1030 3416 47 27 line
1089 3426 87 26 passes,
1197 3419 42 26 has
1251 3419 98 27 induced
1366 3421 39 27 the

752 3490 128 29 projectors
888 3490 24 22 to
923 3487 86 26 launch
1021 3488 47 25 this
1080 3489 94 26 scheme
1184 3490 79 26 before
1274 3492 40 24 the
1328 3492 77 33 public

754 3555 74 27 under
840 3555 40 27 the
892 3560 62 22 most
966 3556 121 28 favorable
1097 3559 113 34 auspices.

782 3650 36 26 To
837 3650 93 26 further
941 3651 40 25 the
998 3651 110 26 interests
1120 3653 26 25 of
1163 3653 40 27 the
1215 3654 132 35 Company,
1364 3657 40 26 the

752 3709 88 29 Nelson
852 3711 169 33 Government,
1042 3712 90 28 instead
1143 3715 26 25 of
1184 3716 83 33 giving
1277 3725 13 17 a
1302 3726 88 25 guaran-

752 3777 37 22 tee
799 3782 30 17 on
842 3774 40 26 the
899 3775 84 33 capital
1005 3776 113 30 invested,
1140 3785 40 18 are
1199 3778 90 34 willing
1309 3784 24 22 to
1350 3782 54 31 give

751 3833 53 26 land
816 3834 70 33 along
897 3836 40 24 the
948 3836 110 26 intended
1069 3836 46 26 line
1136 3838 134 32 equivalent
1288 3840 24 25 in
1334 3841 69 26 value

752 3899 23 21 to
785 3903 15 18 a
810 3900 134 28 guarantee,
955 3899 42 24 but
1008 3899 85 31 which,
1105 3900 38 25 for
1154 3900 40 25 the
1205 3900 109 27 interests
1325 3903 27 24 of
1362 3904 40 25 the

752 3958 129 35 Company,
891 3960 47 26 will
950 3968 70 26 prove
1033 3965 24 22 to
1068 3963 27 24 be
1106 3963 27 24 of
1150 3963 38 24 far
1206 3967 92 29 greater
1315 3965 72 28 advan-

752 4023 61 27 tage.
856 4021 47 26 For
924 4022 114 34 example,
1054 4026 13 22 8
1082 4031 40 26 per
1133 4027 61 22 cent,
1206 4033 29 16 on
1248 4026 40 25 the
1306 4027 93 34 capital,

751 4081 13 33 L
764 4081 95 33 20,000,
870 4083 38 25 for
919 4083 66 26 three
995 4092 76 24 years,
1088 4085 20 25 is
1119 4085 68 33 equal
1206 4090 24 22 to
1248 4088 13 32 L
1261 4088 82 32 4,800,
1359 4090 41 26 the

750 4143 123 34 Company
882 4145 110 27 conceive
1004 4146 52 26 that
1068 4146 73 27 under
1152 4148 40 26 the
1199 4148 87 27 Nelson
1294 4150 105 34 Railway

750 4205 47 25 Bill
807 4206 56 32 they
875 4207 47 25 will
934 4208 27 25 be
972 4208 98 27 entitled
1083 4213 24 22 to
1118 4217 30 18 an
1161 4210 137 32 equivalent
1309 4212 25 27 in
1342 4212 55 27 land

750 4274 41 25 say
803 4269 58 23 5000
872 4275 71 25 acres,
955 4269 75 26 which
1043 4271 56 31 sold,
1111 4279 57 19 even
1180 4276 24 21 at
1216 4273 40 26 the
1267 4277 50 22 rate
1328 4275 26 25 of
1363 4276 32 25 Ll

749 4335 39 28 per
799 4335 60 23 acre,
870 4328 47 28 will
926 4337 71 28 prove
1007 4332 41 27 the
1058 4332 133 35 advantage
1203 4337 24 24 to
1238 4334 27 27 be
1274 4334 98 29 derived.

779 4412 51 26 The
843 4414 174 33 extraordinary
1036 4423 92 19 success
1137 4417 26 25 of
1174 4417 39 26 the
1224 4418 117 27 Ilokitika
1352 4421 45 25 and

748 4474 147 32 Greymouth
907 4475 126 34 Tramway
1045 4476 47 26 will
1107 4477 26 26 be
1144 4485 14 17 a
1169 4478 116 27 sufficient
1296 4488 85 25 guaran-

747 4540 36 22 tee
795 4541 25 21 to
832 4538 39 25 the
882 4539 94 31 general
988 4539 84 33 public,
1084 4540 45 25 and
1141 4548 63 18 more
1212 4542 152 34 particularly
1371 4548 24 21 to

747 4599 39 26 the
797 4600 144 28 inhabitants
953 4602 27 25 of
992 4602 40 26 the
1042 4601 92 28 district
1148 4603 101 33 through
1261 4605 77 27 which
1354 4606 40 27 the

746 4662 45 25 line
810 4670 86 25 passes,
918 4664 51 24 that
992 4664 40 25 the
1053 4668 93 29 present
1168 4666 156 32 undertaking
1348 4667 46 25 will

745 4731 70 25 prove
826 4732 13 16 a
849 4732 54 17 sure
913 4725 45 24 and
969 4724 120 34 profitable
1101 4725 150 27 investment.

774 4812 22 25 It
808 4813 20 25 is
839 4813 118 32 proposed,
969 4813 23 25 in
1004 4814 122 32 accepting
1138 4814 93 25 tenders
1243 4815 37 25 for
1290 4816 40 26 the
1347 4816 34 26 for-

745 4873 89 26 mation
844 4874 26 24 of
881 4873 41 26 the
933 4872 53 32 line,
997 4873 52 26 that
1061 4874 39 25 the
1112 4873 137 27 Charleston
1261 4875 45 26 and
1315 4876 61 27 West-

744 4940 50 27 port
811 4934 45 26 end
875 4934 82 26 should
974 4943 134 17 commence
1125 4935 202 34 simultaneously,
1345 4939 47 25 and

744 4995 40 26 the
795 4998 143 23 contractors
956 4997 38 24 for
1006 4995 38 27 the
1056 5004 64 18 same
1138 4997 55 25 take
1210 5005 44 18 one
1272 4997 63 27 third
1351 5000 40 25 the

743 5060 96 22 amount
856 5057 26 25 of
900 5056 61 27 their
981 5056 93 27 tenders
1094 5057 24 25 in
1140 5057 78 26 shares
1229 5057 26 26 of
1272 5058 39 26 the
1328 5067 47 18 com-

743 5126 68 25 pany.

772 5209 39 24 Mr
824 5208 101 25 Warden
937 5207 149 34 Kynnersley
1098 5208 41 25 lias
1159 5208 81 33 kindly
1252 5211 90 31 offered,
1359 5219 29 18 on

741 5268 80 26 behalf
831 5270 25 24 of
867 5269 40 25 the
918 5268 86 26 N*lseu
1024 5269 169 29 Government,
1211 5273 24 21 to
1247 5278 85 25 survey
1348 5272 40 25 the

740 5329 47 26 liue
798 5330 49 25 free
858 5331 25 23 of
894 5337 107 26 expense.

766 5414 50 25 The
837 5413 146 26 Provisional
1001 5413 140 27 Committee
1159 5413 47 26 will
1224 5414 43 25 cail
1285 5422 13 17 a
1309 5414 78 34 public

739 5477 110 32 meeting,
861 5477 25 26 of
898 5477 75 26 which
985 5476 44 27 du*
1042 5477 77 26 notice
1131 5477 46 26 will
1190 5477 25 26 fcc
1228 5478 75 31 given.

1636 159 40 33 11.
1724 159 162 33 MANN,

1445 273 23 38 \
1494 276 45 25 LK
1576 275 102 26 ANDs
1696 273 160 28 PORTER
1887 275 186 30 BREWER,

1651 435 62 25 Next
1724 435 39 25 the
1775 435 79 33 Camp,

1433 584 369 30 COALST
1591 584 52 30 w
1844 585 21 24 R
1902 586 19 23 E
1959 585 19 24 E
2016 585 21 24 T
2068 602 5 12 ,

1607 656 21 13 ..i

1422 677 4 12 »

1675 729 164 20 ciiari.eston.
2049 726 26 21 4c

1435 797 46 50 Tjl
1517 797 25 25 31
1578 797 62 24 PI
1672 797 20 24 R
1719 798 19 24 E
1815 797 260 31 HOTEL,

1562 876 88 33 Beach
1668 877 93 36 Street,
1784 876 163 32 Charleston.

1461 990 82 26 James
1558 990 48 26 Fen
1609 993 41 24 ton
1661 991 55 32 begs
1731 994 24 22 to
1767 989 108 28 intimate
1891 994 24 21 to
1931 990 37 25 his
1987 989 89 26 friends

1431 1026 46 25 and
1488 1026 40 25 the
1538 1025 77 33 public
1633 1025 51 26 that
1702 1026 28 25 he
1741 1027 19 23 is
1780 1029 25 20 at
1816 1026 69 25 home
1903 1029 24 22 at
1948 1025 38 25 the
2004 1025 72 24 above

1432 1059 70 30 hotel,
1513 1060 45 24 and
1570 1060 18 24 is
1606 1060 110 33 prepared
1727 1064 25 20 to
1769 1060 55 31 give
1841 1069 13 15 a
1872 1061 83 31 hearty
1967 1059 110 25 welcome

1432 1098 24 22 to
1466 1096 66 25 those
1543 1095 52 24 who
1606 1102 54 24 may
1672 1095 66 24 favor
1748 1095 49 24 him
1809 1095 57 25 with
1877 1105 13 16 a
1901 1095 50 24 call.

1465 1143 65 27 Good
1541 1143 94 32 liquors,
1647 1144 58 32 good
1715 1145 200 26 accommodation
1926 1143 45 25 and
1978 1143 97 33 civility.

1462 1190 83 25 Saddle
1552 1190 78 26 horses
1638 1192 37 24 for
1682 1192 55 24 hire.
1764 1192 55 24 Bait
1829 1192 46 24 and
1882 1192 88 31 Livery
1979 1191 98 29 Stables,

1422 1225 55 31 ,and
1487 1232 70 25 every
1568 1232 51 19 care
1631 1225 72 26 taken
1717 1226 26 24 of
1759 1225 128 26 travellers'
1900 1226 86 25 horses.

1720 1275 108 26 JAMES
1844 1275 140 32 FENTON,

1435 1326 7 22 1
1936 1323 140 36 Proprietor.

1513 1394 70 28 AG
1605 1395 17 26 S
1674 1395 160 26 HEAD
1890 1395 186 32 HOTEL,

1657 1507 60 34 (The
1729 1507 126 35 Original,)

1431 1591 117 28 COAL
1586 1590 172 32 STREET,
1796 1590 281 33 CHARLESTON,

1550 1731 36 25 P.
1628 1730 38 27 H.
1708 1729 249 32 ELLIOTT,

1682 1799 142 35 Proprietor.

1431 1941 157 28 NELSON
1621 1941 79 25 ALE
1734 1944 30 23 Is.
1796 1940 75 27 PER
1902 1940 105 26 PINT.
2051 1942 27 22 2c

1418 2013 45 27 V
1508 2013 45 27 0
1598 2013 44 27 C
1675 2013 24 25 A

1825 2011 252 32 HOTEL,

1622 2126 57 26 And
1695 2124 100 30 General
1812 2125 75 32 Store,

1471 2232 179 28 MAIN
1741 2229 298 32 STREET,

1683 2336 144 27 Charleston.

1449 2484 327 30 ALEXANDER
1839 2481 224 32 CARTER,

2052 2566 26 23 6c

1527 2637 303 30 ELLINGTON
1934 2637 20 26 0
1971 2636 21 24 T
2006 2636 21 24 E
2041 2636 20 24 L
2073 2654 5 12 ,

1430 2777 88 26 Pascoe
1529 2775 47 26 and
1587 2769 114 31 McLealn
1713 2780 42 25 ueg
1766 2775 25 22 to
1802 2773 61 24 state
1881 2771 52 25 that
1941 2771 67 32 irhey
2020 2770 64 26 hav©

1430 2832 52 19 now
1494 2822 129 36 completed
1634 2822 41 26 the
1692 2820 136 28 alterations
1846 2820 26 24 in
1888 2818 62 26 tMr
1959 2818 119 35 premises,

1430 2873 45 26 and
1484 2881 38 18 are
1533 2871 112 36 prepared
1660 2874 25 22 to
1698 2869 73 27 afford
1794 2876 71 25 every
1876 2859 201 36 accommodation

1431 2924 25 23 to
1481 2921 68 26 those
1574 2921 53 24 who
1654 2926 56 26 may
1735 2918 69 25 favor
1835 2916 65 35 tjufri
1928 2916 58 26 with
2018 2916 61 26 their

1430 2973 134 30 patronage.

1460 3017 76 27 Meals
1557 3020 24 23 at
1602 3015 31 27 all
1654 3017 77 26 hours.
1763 3014 68 28 Good
1851 3014 45 26 and
1915 3013 72 28 Clean
2008 3013 69 27 Beds.

1430 3065 120 26 Moderate
1561 3064 81 34 prices.
1674 3064 136 26 Remember
1823 3064 39 26 the
1874 3064 135 26 Address—

1467 3125 54 29 The
1550 3123 166 40 Wellington
1747 3122 95 41 Hotel,
1876 3123 163 30 Charleston.

2039 3177 39 23 13c

1431 3253 51 67 881B
1498 3254 54 27 BI

1573 3253 64 26 AN
1690 3253 59 26 B0
1766 3253 22 25 R
1806 3252 22 27 U
1881 3253 196 33 HOTEL,

1594 3342 36 26 P.
1678 3340 217 28 TWOHILL

1430 3424 61 32 Begs
1512 3425 24 23 to
1559 3422 87 26 inform
1667 3422 38 25 bis
1725 3420 89 27 friends
1835 3420 46 26 and
1903 3422 40 26 the
1959 3421 78 35 public
2053 3422 23 26 in

1428 3502 94 33 general
1543 3502 52 26 that
1616 3502 29 25 he
1666 3502 42 24 has
1728 3500 88 33 opened
1844 3500 40 25 the
1912 3501 73 25 above
2006 3500 69 32 hotel,

1429 3583 45 26 and
1496 3581 99 32 nothing
1613 3581 41 25 but
1676 3581 39 25 the
1736 3581 51 25 best
1808 3580 85 26 brands
1910 3580 55 33 only
1976 3582 57 33 kept
2051 3581 24 25 in

1526 3821 26 30 A
1574 3820 111 31 Billiard
1710 3820 81 30 Table
1817 3820 129 30 attached.
2025 3820 49 30 14c

1427 3898 330 41 OKARITA
1830 3897 240 49 HOTEL,

1622 3989 254 29 WILLIAM-STREET,

1559 4057 226 32 CHARLESTON,
1806 4056 128 27 PAKIIII.

1609 4260 74 30 MRS
1703 4259 218 37 THOMPSON,

1486 4338 69 33 (Late
1566 4338 27 27 of
1604 4337 40 28 the
1662 4337 100 28 Okarita
1781 4335 79 35 Hotel,
1881 4336 121 34 Okarita.)

1450 4467 67 27 None
1527 4468 40 25 but
1576 4469 40 24 the
1627 4476 56 24 very
1694 4468 50 25 best
1757 4467 84 25 brands
1852 4467 25 25 of
1889 4467 79 28 wines,

1420 4537 25 18 or
1457 4529 48 26 ales
1516 4530 55 33 kept
1582 4530 24 25 in
1619 4530 72 25 stock.
2037 4531 28 22 90

1416 5219 140 70 QAMP
1588 5218 134 27 HOTEL
1753 5217 80 26 AND
1866 5216 192 27 GENERAL

1627 5297 118 37 Grocery
1761 5295 81 35 Store,

1487 5348 94 38 Main
1614 5348 121 44 Street,
1764 5346 214 39 Charleston.

1413 5436 54 27 DA
1481 5436 21 26 V
1515 5437 11 25 I
1537 5437 22 25 Jl>
1595 5437 23 26 11
1629 5435 150 27 ENDER
1790 5436 48 26 30
1849 5434 30 33 N,
1915 5433 140 35 Proprietor.

2285 164 27 37 -\
2336 163 32 39 0
2385 164 28 37 T
2434 165 123 41 ICE.

2318 347 20 23 A
2380 347 31 35 J
2443 346 86 25 ()\G
2571 344 174 65 T-jIUNK

2338 445 31 24 Of
2377 445 125 33 Sparkling

2180 501 191 72 QOLONIAL
2389 502 170 68 JgKEWED

2102 603 28 29 In
2146 603 103 30 Pewter
2263 603 39 30 fur
2323 605 59 30 One
2397 604 124 41 Shilling,
2543 616 28 19 or
2592 605 66 31 Half
2680 606 65 30 Pint

2246 659 40 30 for
2306 659 138 40 Sixpence,
2465 670 33 29 go
2512 665 28 25 to
2553 661 44 30 the

2339 724 172 68 |_JOOD
2554 727 54 66 T.J
2622 726 84 30 OTE
2715 727 28 35 L,

2101 824 56 25 Two
2169 823 74 26 Doors
2258 824 59 25 from
2331 824 39 25 the
2389 824 68 26 Bank
2476 826 26 24 of
2519 826 57 26 New
2598 826 107 33 Zealand,
2723 831 23 22 at

2253 872 38 25 the
2303 880 80 17 corner
2394 874 26 23 of
2432 874 86 25 Kottcri
2531 875 63 25 How.

2102 978 121 41 Nothing
2242 979 48 30 but
2312 979 125 30 Genuine
2464 979 111 40 Liquors
2603 980 73 39 kept,
2697 980 51 30 and

2299 1038 42 28 No
2356 1036 196 30 Adulteration.

2104 1131 408 33 nKANJ)CO
2537 1132 25 30 N
2588 1131 21 31 0
2634 1131 22 29 E
2680 1132 24 30 11
2729 1131 21 29 T

2103 1150 54 48 br

2224 1207 108 26 TAKES
2353 1208 109 26 PLACE
2478 1206 149 27 NIGHTLY

2103 1332 155 40 Victoria
2277 1331 107 40 Hotel
2402 1332 66 39 and
2490 1331 150 40 Concert
2657 1331 91 50 Hall,

2217 1413 134 27 COAL
2412 1411 219 27 STKEET.

2193 1509 40 25 An
2255 1509 99 26 efficient
2376 1508 68 26 Band
2469 1509 23 24 in
2514 1508 146 27 attendance.

2139 1604 89 31 Wines,
2240 1604 66 33 Ales,
2318 1605 44 25 and
2376 1605 84 33 Spirits
2472 1605 26 25 of
2510 1605 39 25 the
2560 1605 50 25 best
2621 1605 91 24 brands.

2383 1675 15 24 J
2402 1675 50 25 NO.
2484 1675 146 31 THOMAS,

2583 1724 137 33 Proprietor.

2102 1800 195 33 REID'S
2347 1801 142 32 SHIP
2539 1802 26 30 II
2587 1802 107 30 OTE
2716 1803 34 38 L,

2237 1866 27 26 M
2270 1874 152 25 AiN-STitEET,
2439 1867 170 27 Charleston.

2132 1971 23 26 J.
2174 1972 59 25 Reid
2254 1972 42 25 has
2319 1973 69 24 much
2411 1971 106 35 pleasure
2533 1974 24 25 in
2569 1974 131 33 informing
2716 1975 36 25 his

2088 2002 2 39 |
2102 2006 89 27 friends
2213 2007 45 26 and
2284 2008 40 25 the
2345 2007 76 34 public
2444 2007 121 34 generally
2586 2010 51 25 that
2659 2010 29 25 he
2710 2010 42 25 has

2087 2037 3 41 i
2102 2041 87 34 opened
2200 2042 37 25 his
2249 2051 51 16 new
2311 2043 119 33 premises,
2442 2044 44 24 and
2499 2044 19 24 is
2534 2044 112 33 prepared
2658 2048 24 22 to
2699 2053 40 25 sup-

2087 2076 3 51 |
2102 2076 38 34 ply
2152 2077 65 24 them
2229 2077 56 24 with
2297 2077 88 32 liquors
2396 2079 26 24 of
2433 2078 40 25 the
2485 2079 49 23 best
2548 2079 100 33 brands.]

2286 2162 465 27 WILLIAMS'S

2244 2254 95 39 Blow
2375 2253 90 39 Hole
2496 2253 114 48 Hotel,

2104 2352 86 25 Pakihi
2202 2352 70 24 Road.
2282 2352 78 24 Stores
2371 2352 26 24 of
2412 2350 31 25 all
2450 2350 152 33 descriptions
2610 2348 141 34 constantly.

2102 2436 30 17 on
2143 2428 69 24 hand.

2170 2508 201 32 MERALD
2421 2508 110 30 ISLE
2571 2508 176 33 HOTEL,

2233 2632 88 29 Beach
2341 2632 96 36 Street,
2452 2630 166 30 Charleston.

2118 2781 119 27 JOHN
2266 2781 85 25 McG
2362 2780 89 26 RAT
2461 2780 24 26 H
2497 2800 5 11 ,
2533 2781 140 32 Efoopriptor.
2708 2783 43 23 33c

2103 2860 133 40 RAN
2256 2859 123 40 SON
2427 2862 31 35 &
2509 2858 236 49 CLARK,

2231 3013 142 38 Timber
2413 3012 208 49 Merchants,

2105 3167 224 67 JJAVE
2391 3167 73 28 ON
2527 3166 221 28 SALE-

2163 3286 142 33 Quartering

2161 3361 112 32 Tongued
2284 3361 45 24 and
2342 3361 99 32 grooved
2453 3361 82 26 boards

2161 3443 82 34 Door?,
2255 3442 87 32 sashes,
2353 3442 140 34 mouldings,
2505 3443 40 25 &c.

2161 3517 76 33 Paper
2248 3517 116 32 hangings
2377 3517 22 24 in
2411 3520 65 29 great
2489 3517 89 31 variety

2229 3697 175 36 Main-street,
2420 3697 163 31 Charleston.
2696 3697 49 30 21c

2252 3811 32 37 J.
2321 3810 54 38 W.
2412 3810 166 48 Griffiths,

2096 3925 211 26 CHEMIST
2355 3926 91 25 AND
2495 3925 245 27 DRUGGIST.

2241 4022 176 38 Main-street,
2432 4022 164 37 Charleston,

2215 4118 113 34 Opposite
2349 4119 40 25 the
2408 4118 115 26 Hibernia
2543 4118 77 26 Hotel.

2093 4191 54 66 A
2213 4197 29 63 1

2352 4192 387 36 BAKERY,

2222 4284 89 30 Beach
2326 4285 92 36 Street,
2439 4284 168 31 Charleston.

2091 4370 77 25 Bread
2178 4369 114 25 delivered
2302 4370 144 30 throughout
2458 4370 39 23 the
2506 4370 114 30 diggings.
2652 4370 85 25 Orders

2090 4417 107 33 received
2218 4420 25 22 at
2258 4417 40 24 the
2316 4416 102 33 Bakery,
2440 4421 25 21 at
2488 4418 40 24 the
2549 4417 72 26 above
2643 4416 94 26 address

2090 4466 28 25 F.
2131 4464 136 26 M'Parland
2279 4466 19 23 &
2313 4465 51 30 Co.,
2376 4465 151 33 Proprietors.
2694 4467 42 23 35c

2323 4548 27 30 T.
2377 4547 125 39 DWAX,

2088 4606 170 34 Auctioneer,
2295 4604 182 39 Commission,
2512 4605 52 31 and
2603 4605 132 43 Shipping

2292 4662 98 39 Agent,
2413 4662 103 30 Pakihi.

2101 4799 88 33 Money
2201 4799 118 26 advanced
2331 4807 28 19 on
2373 4799 78 27 Goods
2471 4799 125 32 consigned
2608 4800 37 25 for
2656 4798 59 28 Sale.

2098 4876 243 26 TAMES
2432 4875 299 33 BODKIN,

2121 4967 261 26 WATCHMAKER
2398 4967 77 25 AND
2491 4965 209 31 JEWELLER,

2084 5022 35 25 At
2140 5022 40 25 the
2201 5021 103 25 Wonder
2324 5022 26 23 of
2375 5021 41 25 the
2441 5019 89 32 World,
2563 5019 56 28 Coal
2646 5020 84 31 Street,

2333 5054 145 27 Charleston.

2112 5127 75 31 Rings
2213 5126 47 25 and
2286 5123 124 34 Jewellery
2438 5126 26 23 of
2500 5132 70 25 every
2590 5123 133 35 descriptig

2083 5160 180 28 manufactured
2275 5163 24 22 at
2311 5160 43 25 low
2367 5160 81 32 prices.
2686 5163 42 22 44c

2206 5240 136 47 Georpe
2376 5238 32 38 J.
2444 5238 152 49 Kenny's

2119 5329 64 29 Hair
2197 5330 113 31 Culling
2370 5335 5 22 I
2588 5326 103 37 Saloon,

2271 5398 63 24 jNuir
2345 5398 39 24 the
2396 5397 56 32 bhip
2465 5395 77 30 Hotel,

2218 5461 180 38 Main-street,
2422 5458 165 32 Charleston.

2773 383 60 30 And

2813 487 5 13 (

3101 384 140 40 Hokitika,
3264 389 52 30 and
3335 389 64 31 Rich-

2908 461 82 30 mond
3004 462 88 40 Quay,
3107 463 173 40 Greymouth.

2831 617 22 24 A
2876 616 73 25 Select
2972 617 148 25 Assortment
3147 621 25 23 of
3198 622 109 25 f'enuine
3332 623 38 24 I)r<

2890 678 84 25 Patent
2987 678 132 32 Medicine.-,
3135 681 143 34 Perfumery,
3286 684 46 26 and
3340 685 30 28 Tt

2889 737 131 33 Requisites

2831 800 168 33 Proscriptions
3011 802 114 33 carefully
3137 805 109 32 prepared

2831 862 74 25 Teeth
2918 863 125 30 extracted,
3056 864 60 26 sc.ilc
3125 865 13 31 i,
3151 875 25 15 or
3187 868 94 33 stopped

2832 921 74 27 Horse
2917 922 46 26 and
2975 923 77 27 Cattle
3066 925 128 26 Medicines
3206 927 21 25 al
3234 936 59 24 ways
3304 938 29 17 ori
3347 931 68 26 hand.

2967 1042 60 25 Note
3039 1042 39 26 the
3092 1044 132 27 Address—

2775 1110 53 29 The
2856 1111 102 30 Corner
2980 1114 118 38 opposite
3122 1116 45 29 the
3195 1117 76 31 Bank
3301 1120 29 30 of
3347 1120 69 33 New

3033 1183 121 30 Zealand.

2961 1289 24 27 I)
3006 1288 25 29 R
3045 1311 6 7 .
3104 1288 66 32 IE
3191 1292 21 28 E
3227 1318 6 10 ,

2778 1348 235 66 REGISTERED
3031 1353 102 26 Member
3144 1355 26 25 of
3186 1356 38 26 the
3235 1357 72 33 Royal
3320 1359 92 34 Colkga

2861 1388 25 24 of
2903 1387 123 32 Surgeons,
3043 1387 114 34 England,
3175 1392 87 33 maybe
3283 1394 127 31 consulted,

2775 1423 61 33 daily
2848 1426 23 22 at
2883 1422 36 25 his
2930 1422 125 33 residence,

2920 1466 163 39 Coal-street,
3104 1470 163 31 Charleston.

2775 1550 155 26 Vaccination
2941 1552 61 24 from
3016 1555 26 21 10
3050 1560 51 18 a.m.
3114 1558 23 21 to
3153 1558 24 21 12
3189 1564 67 24 noon,
3268 1564 69 25 every
3349 1559 67 24 other

3030 1587 130 27 Thursdav.
3321 1584 6 5 '
3377 1596 21 22 11
3405 1602 12 16 c

2778 1665 53 64 1)
2881 1665 21 22 K

3019 1665 203 26 O'KE
3269 1667 18 24 L
3321 1668 19 24 L
3386 1668 20 24 Y

2879 1787 129 24 SURGEON
3027 1790 63 22 AND
3115 1791 201 24 ACCOUCHEUR.

3044 1864 58 27 Late
3122 1866 25 25 of

2794 1938 200 29 COLLING
3008 1942 136 31 WOOL,
3186 1938 224 36 VICTO^TA,

2777 2019 57 30 May
2845 2020 26 26 be
2883 2020 119 26 consulted
3012 2024 25 22 at
3048 2021 37 26 his
3099 2023 123 32 residence,
3234 2033 54 18 near
3299 2026 39 25 the
3349 2027 68 25 Bank

2835 2098 26 25 of
2876 2098 57 26 New
2951 2098 107 33 Zealand,
3083 2100 59 26 from
3163 2105 12 21 9
3198 2102 34 25 till
3252 2106 24 22 12
3293 2112 65 25 a.m.,

2954 2176 45 26 and
3010 2178 61 25 from
3083 2181 13 22 2
3107 2178 35 26 till
3155 2183 50 22 6.G0
3216 2189 51 24 p.m.

2984 2324 50 25 DR.
3062 2326 145 26 O'KELLY.

2777 2409 52 65 jQ
2874 2408 21 24 R
2911 2429 5 5 .
3000 2408 199 28 lIILL
3240 2413 21 23 Y

3037 2501 118 27 etJRGEON,

2776 2584 50 28 Can
2838 2583 27 27 be
2876 2581 120 28 consulted
3006 2586 25 23 at
3042 2583 39 26 the
3092 2584 101 26 Phoenix
3210 2585 75 33 Hotel,
3302 2587 6 23 (

2835 3397 24 25 H
2881 3397 24 25 A
2926 3397 23 26 N

2969 3398 69 25 AH
3057 3399 24 25 A
3102 3399 23 25 N
3176 3415 14 12 cc

2846 3488 185 31 General
3076 3488 30 31 M
3119 3498 67 22 ere

2873 3624 203 27 WHOLESALE
3093 3625 70 27 AND

2798 3771 21 27 S.
2836 3771 45 26 and
2893 3771 47 32 Cs,
2951 3772 69 32 being
3031 3771 61 27 Pure

2769 3818 114 34 Cheapest
2904 3815 113 35 Markets,
3037 3827 39 18 are

2768 3870 104 30 compete
2882 3867 57 25 with
2951 3874 47 26 any
3009 3867 80 26 House

2797 3928 164 35 Storekeepers
2982 3927 103 36 supplied
3102 3937 9 18 i

2766 3978 77 32 Price,
2853 3977 45 26 and
2909 3986 30 18 on
2949 3978 40 27 the
3000 3982 62 23 most
3070 3978 29 27 Li

3097 3841 54 50 m

2767 4046 51 69 p
2952 4045 68 34 R<

2768 4122 115 41 Sail
2930 4125 87 38 and

2953 4046 25 32 R
3010 4047 24 32 0
3067 4047 37 34 Wi

2905 4196 143 33 Main-stre

3044 4085 58 149 I

2798 4281 27 30 A
2839 4281 187 31 well-assorted

2762 4325 53 31 and
2829 4325 51 31 Tar
2893 4325 99 41 always
3006 4336 35 22 on

2762 4399 253 67 pERRETT

2876 4485 132 28 Wholesale
3013 4485 2 29 i

2872 4557 113 43 Diggers

2759 4635 110 27 Families
2880 4636 55 25 wait

2940 4605 48 52 W

2940 4660 23 57 1
