2510 3999
2102 936 143 20 ARRIVED.

1910 1027 60 20 Same
1981 1028 46 24 day,
2041 1027 103 20 schooner
2152 1026 63 26 Lady
2229 1026 74 26 Leigh,
2321 1027 47 24 109,
2386 1026 70 21 Roche
2458 1038 5 14 r-

1882 1053 53 21 from
1946 1054 81 25 Kapiti.
2055 1054 113 25 Passenger
2168 1064 28 4 —
2197 1054 42 21 Mr.
2252 1054 138 21 Fitzherbert.

1910 972 61 26 April
1980 972 33 24 17,
2025 973 67 18 cutter
2102 971 110 20 Catherine
2220 972 110 25 Johnston,
2339 972 34 25 10,
2382 972 81 26 Taylor,

1882 1000 54 19 from
1946 999 125 25 Wanganui.

1911 1082 60 19 Same
1982 1082 46 26 day,
2042 1081 46 25 brig
2098 1082 77 24 James,
2191 1082 48 25 200,
2251 1081 22 22 J.
2288 1081 63 25 Ross,
2361 1082 54 20 from
2428 1082 38 20 the

1884 1108 55 27 Cape
1949 1109 24 20 of
1987 1108 59 21 Good
2056 1109 63 26 Hope
2128 1109 33 20 via
2171 1109 52 20 Port
2233 1108 77 27 Phillip
2319 1116 6 17 ;
2340 1115 68 19 cargo,
2423 1109 41 20 330

1883 1136 62 24 sheep
1955 1137 42 19 and
2007 1136 82 24 general
2100 1142 69 18 cargo.

1910 1163 60 20 Same
1982 1163 45 26 day,
2038 1163 102 20 schooner
2149 1163 115 25 Catharine,
2276 1163 48 25 164,
2332 1163 132 26 Bunnatyne,

1882 1190 55 20 from
1952 1190 51 20 Port
2013 1190 74 26 Phillip
2096 1198 5 16 ;
2117 1196 70 20 carg^o,
2203 1190 27 20 56
2244 1190 54 20 head
2312 1190 24 20 of
2349 1191 61 19 cattle
2423 1191 44 19 and

1884 1217 102 20 sundries.
2014 1217 122 26 Passengers
2138 1228 26 3 —
2164 1217 89 21 Messrs.
2261 1217 84 26 Taylor,
2354 1218 19 18 &
2384 1217 80 27 Currie,

1883 1245 41 19 and
1933 1245 91 19 thirteen
2033 1245 23 19 in
2065 1245 36 19 the
2110 1247 100 23 steerage.

1911 1272 64 25 April
1991 1272 34 24 19,
2041 1272 104 20 schooner
2158 1272 59 25 Rory
2234 1272 93 24 O'More,
2338 1272 34 24 22,
2388 1271 77 26 Munn,
2472 1268 10 35 £

1882 1299 55 21 from
1947 1300 106 20 Massacre
2062 1299 45 24 Bay
2116 1299 41 19 and
2163 1299 82 20 Nelson
2252 1307 6 16 ;
2274 1305 62 18 cargo
2345 1299 118 21 limestone.

2117 1343 115 21 SAILED.

1910 1378 61 25 April
1982 1378 33 24 16,
2032 1378 102 20 schooner
2147 1378 110 20 Susannah
2267 1377 61 26 'Ann,
2340 1377 25 21 79
2383 1378 79 26 Swan;,

1882 1405 33 21 for
1925 1405 83 26 Cloudy
2019 1405 51 26 Bay.

2106 1456 34 20 IN
2154 1456 87 22 PORT.
2276 1466 5 4 •

1936 1491 84 26 Barque
2031 1490 112 27 Clydeside,

1936 1519 106 20 Schooner
2056 1519 104 20 Governor
2169 1518 93 25 Hobson,
2274 1518 94 21 Skelton.

1936 1546 84 26 Barque
2029 1546 135 25 Brougham,.
2167 1545 117 22 Robinson.

1938 1574 107 19 Schooner
2057 1574 153 25 Perseverance,
2220 1573 89 26 Bishop.

2047 1600 100 24 Blossom,
2157 1600 81 21 Tulett.

1938 1628 76 21 Cutter
2022 1628 67 26 Royal
2100 1628 101 24 William,
2211 1628 84 21 Lovett.

1938 1656 106 20 Schooner
2054 1656 74 24 Mana,
2140 1656 65 21 Wild.

1926 1700 4 4 .
1938 1684 107 19 Schooner
2054 1684 67 23 Ariel,
2132 1684 142 20 Mulholland.

2060 1711 73 23 Anita,
2143 1711 77 21 Beech.

1910 1739 6 7 4
1938 1738 150 26 ShipiliarfAa
2097 1739 108 25 Ridgway,
2215 1736 76 23 Webb.

1938 1766 75 20 Cutter
2022 1765 114 25 Pickwick,
2148 1765 76 26 Styles.

1937 1793 123 26 Brigantine
2071 1793 121 26 Vanguard,
2202 1793 95 26 Murray.

1939 1821 75 20 Cutter
2027 1821 109 20 Catherine
2145 1821 109 24 Johnston,
2264 1821 84 26 Taylor.

1940 1849 106 19 Schooner
2054 1849 61 24 Lady
2124 1849 73 25 Leigh,
2208 1848 80 22 Roche.

1938 1876 52 25 Brig
1999 1876 75 23 James,
2086 1877 62 19 Ross.

1939 1903 106 20 Schooner
2056 1903 116 25 Catherine,
2183 1904 134 26 Bunnatyne.

2062 1931 58 25 Rory
2133 1931 90 25 O'More,
2236 1932 79 19 Munn.

1926 2061 68 22 AND
2009 2061 211 22 WELLINGTON
2235 2060 185 24 SPECTATOR.

1991 2115 154 25 Wednesday,
2162 2115 75 21 April
2252 2115 34 25 20,
2296 2115 60 21 1842.

1917 2169 51 24 The
1973 2169 62 24 First
2042 2169 93 23 Session
2142 2169 26 23 of
2169 2168 39 24 the
2215 2168 91 30 County
2312 2167 110 25 Courtfor
2427 2168 39 24 the

1884 2203 116 23 Southern
2011 2202 98 24 District
2118 2202 24 23 of
2152 2202 59 24 New
2223 2201 89 29 Ulster,
2322 2208 46 17 was
2380 2201 86 31 opened

1882 2236 127 31 yesterday*
2023 2236 29 30 by
2060 2235 37 23 his
2105 2235 91 30 Honor,
2206 2234 260 24 EdmundStorrHals-

1883 2270 58 28 ucell,
1954 2269 69 30 Esq.,
2035 2270 39 22 the
2085 2268 83 31 Judge.

1917 2303 52 23 The
1981 2303 59 23 Rev.
2059 2303 50 23 Mr.
2129 2301 146 29 M'Farlane,
2286 2301 51 23 who
2356 2301 113 24 officiated

1882 2344 25 15 as
1920 2336 39 23 the
1971 2336 92 31 Judge's
2078 2336 120 31 Chaplain,
2207 2336 52 23 first
2270 2334 85 25 offered
2365 2342 14 16 a
2385 2342 84 24 prayer

1882 2370 25 23 in
1918 2369 40 24 the
1975 2369 67 24 usual
2058 2369 59 24 form
2124 2378 7 21 ;
2151 2369 45 24 and
2215 2368 56 24 then
2289 2368 42 24 the
2349 2368 120 24 ordinance

1882 2402 35 24 for
1930 2402 157 31 establishing,
2106 2402 45 24 and
2170 2402 39 24 the
2227 2402 139 23 Governor's
2376 2402 92 31 procla-

1882 2437 86 22 mation
1997 2437 47 22 for'
2062 2435 95 31 holding
2185 2435 40 24 the
2252 2435 80 29 Court,
2354 2434 45 24 and
2427 2435 41 23 the

1883 2469 85 24 Patent
1985 2470 133 31 appointing
2134 2470 40 23 the
2191 2470 75 30 Judge
2287 2476 58 16 were
2366 2468 54 24 read
2437 2468 32 32 by

1883 2503 48 23 Mr.
1952 2503 115 29 Brandon,
2088 2503 39 24 the
2152 2503 94 31 Judge's
2274 2501 78 25 Clerk.
2415 2501 53 24 The

1884 2536 73 24 Court
1972 2537 83 30 having
2073 2536 58 24 been
2151 2536 95 31 opened,
2258 2536 39 23 the
2316 2534 153 25 Commission

1882 2569 35 24 for
1934 2571 111 29 swearing
2063 2570 26 23 in
2110 2569 99 24 Justices
2228 2569 26 24 of
2277 2569 39 24 the
2333 2568 73 24 Peace
2422 2575 47 17 was

1882 2602 63 30 read,
1958 2603 44 23 and
2013 2603 36 23 the
2064 2602 65 24 oaths
2149 2602 26 23 of
2189 2602 126 31 allegiance
2333 2601 43 24 and
2387 2609 82 23 supre-

1882 2644 67 23 macy
1968 2635 160 24 administered
2146 2639 24 19 to
2188 2635 38 24 the
2244 2635 117 31 following
2377 2634 93 31 Magis-

1882 2673 71 20 trates
1954 2682 33 4 —
1989 2669 90 31 George
2096 2668 88 29 White,
2205 2669 25 23 of
2253 2668 92 29 Petoni,
2366 2667 104 24 William

1883 2702 67 24 Mem
1962 2702 82 29 Smith,
2057 2701 83 32 Henry
2153 2702 36 24 St.
2197 2701 64 30 Hill,
2269 2701 103 23 William
2380 2701 89 23 Swain-
2477 2726 4 3 .

1884 2743 48 21 son,
1955 2735 102 24 William
2080 2735 103 31 Guyton,
2207 2735 93 31 George
2321 2734 100 30 Hunter,
2446 2734 26 24 of

1883 2769 149 31 Wellington,
2051 2768 45 24 and
2112 2767 62 25 John
2191 2769 86 29 Nixon,
2291 2767 26 25 of
2330 2767 139 32 Wanganui,

1884 2802 82 32 Esqrs.
2002 2802 56 24 The.
2072 2801 64 25 oaths
2154 2802 26 23 of
2195 2802 65 23 office
2277 2809 61 16 were
2351 2801 69 24 taken
2437 2801 33 32 by-

1884 2835 103 25 Richard
1996 2835 86 24 Davies
2222 2835 69 32 Es^.,
2306 2835 85 23 Crown
2408 2835 61 23 Pro-
2482 2841 4 6 '

1884 2873 96 26 secutor,
1994 2868 43 25 and
2050 2869 62 24 John
2130 2868 140 32 Fitzgerald,
2284 2868 68 32 Esq[.,
2367 2868 102 24 Coroner

1882 2902 36 23 for
1929 2903 39 22 the
1979 2902 107 23 District.

1917 2936 52 24 The
1980 2936 57 31 Jury
2048 2936 55 23 List
2113 2943 46 17 was
2169 2934 73 25 called
2249 2943 61 21 over,
2320 2934 149 32 twenty-four

1883 2969 106 30 selected,
2002 2970 44 23 and
2058 2969 79 24 twelve
2155 2973 42 28 put
2216 2969 49 23 into
2276 2968 40 24 the
2326 2968 53 24 box.
2416 2968 54 24 One

1883 3003 25 24 of
1922 3004 40 22 the
1980 3011 97 23 persons
2098 3002 136 24 summoned
2253 3006 41 19 not
2310 3002 85 31 having
2413 3009 55 16 ans-

1882 3037 75 23 wered
1968 3041 24 19 to
2002 3036 37 24 his
2049 3044 75 21 name,
2136 3035 47 24 and
2199 3035 87 31 having
2305 3041 30 17 no
2354 3035 114 23 sufficient

1884 3077 91 23 excuse,
1987 3078 45 16 was
2042 3069 64 24 fined
2116 3070 36 24 £5
2169 3069 31 31 by.
2212 3069 39 23 the
2269 3068 74 31 Judge
2352 3077 6 19 ;
2375 3068 42 23 but
2429 3068 40 24 the

1882 3104 93 31 penalty
1985 3111 46 16 was
2042 3103 133 24 afterwards
2183 3101 105 25 remitted
2300 3108 30 16 on
2340 3101 35 23 his
2385 3101 83 32 taking

1882 3137 37 24 his
1931 3141 50 20 seat
1992 3145 24 16 as
2036 3144 43 17 one
2091 3137 26 23 of
2130 3136 40 23 the
2189 3135 64 31 Jury,
2264 3135 26 22 in
2305 3134 38 23 the
2362 3142 64 16 room
2444 3135 26 24 of

1883 3171 95 23 another
1989 3170 57 30 who,
2055 3171 21 23 it
2088 3168 120 33 appeared,
2216 3168 46 23 had
2267 3168 59 22 been

1883 3212 25 15 as
1921 3212 14 15 a
1947 3205 99 22 witness.

1917 3237 52 25 The
1978 3236 164 32 proclamation
2156 3234 90 31 against
2262 3234 52 23 vice
2329 3234 44 24 and
2383 3235 84 24 immo-

1882 3270 69 32 rality
1961 3279 46 16 was
2017 3269 62 30 read,
2097 3267 45 25 arid
2152 3268 56 23 then
2225 3267 37 23 his
2274 3267 83 24 Honor
2368 3268 100 32 charged

1882 3305 40 23 the
1933 3305 69 30 Jury.-

1917 3337 40 24 He
1969 3335 119 33 explained
2098 3335 40 23 the
2149 3334 149 23 constitution
2307 3333 46 25 and
2357 3334 111 32 jurisjlic-

1883 3372 48 22 tion
1941 3370 26 24 of
1980 3369 38 24 the
2031 3369 79 28 Court,
2121 3368 106 31 pointing
2238 3371 40 20 out
2293 3368 39 23 the
2347 3368 122 25 difference

1884 3404 26 24 of
1924 3404 38 23 the
1971 3409 88 25 powers
2070 3402 39 23 the
2120 3400 74 31 Judge
2202 3401 122 30 pessessed
2333 3401 63 29 from,
2402 3402 67 24 those

1882 3437 55 24 held
1953 3436 32 31 by
1995 3435 38 24 the
2054 3434 125 24 Chairman
2194 3434 26 22 of
2234 3434 40 24 the
2293 3435 99 26 Quarter
2411 3435 56 24 Ses-

1883 3471 64 22 sions
1958 3469 44 24 and
2012 3468 38 23 the
2071 3467 179 24 Commissioner
2270 3468 26 24 of
2311 3468 38 24 the
2361 3469 73 24 Court
2445 3469 27 24 off

1883 3503 125 31 Requests.
2043 3501 32 23 In
2086 3500 54 24 civil
2156 3504 95 20 matters
2269 3502 40 24 the
2323 3502 145 32 jurisdiction

1883 3536 25 23 of
1926 3536 38 23 the
1986 3535 71 24 Court
2077 3534 113 25 extended
2211 3538 25 20 to
2255 3543 64 16 cases
2337 3535 73 24 where
2428 3535 40 24 the

1884 3576 67 17 cause
1963 3568 26 24 of
2002 3568 75 23 action
2095 3567 38 24 did
2150 3571 40 21 not
2201 3568 86 24 exceed
2297 3569 55 24 £20
2362 3577 6 20 ;
2388 3568 46 24 and
2444 3569 25 23 in

1883 3601 104 25 criminal
2002 3608 64 17 cases
2083 3601 76 24 where
2175 3601 38 24 the
2230 3603 149 30 punishment
2397 3606 24 19 to
2439 3603 30 22 be

1883 3634 104 25 awarded
2008 3634 75 24 would
2105 3638 41 20 not
2167 3634 29 24 be
2217 3635 83 31 higher
2323 3635 55 24 than
2399 3642 77 16 seveik

1883 3676 66 24 years
1959 3668 184 30 transportation.
2179 3669 57 23 And
2254 3670 20 22 it
2284 3676 47 16 was
2345 3669 125 31 important
2483 3674 3 11 '

1883 3707 24 18 to
1918 3702 81 28 notice,
2020 3701 49 23 that
2079 3700 101 25 whereas
2198 3701 40 25 the
2256 3702 179 24 Commissioner
2447 3701 25 23 of

1883 3735 39 24 the
1936 3735 72 23 Court
2018 3735 24 23 of
2058 3734 117 32 Bequests
2194 3735 66 24 could
2277 3735 85 29 decide,
2374 3735 97 23 without
2481 3739 5 8 s

1884 3768 89 31 appeal,
1984 3768 31 31 by
2025 3768 37 26 his
2080 3769 48 23 sole
2148 3768 87 29 decree,
2253 3775 64 17 cases
2336 3767 74 24 where
2430 3768 40 23 the

1884 3805 94 20 amount
1989 3801 24 24 of
2028 3801 54 24 debt
2093 3810 24 15 or
2134 3801 107 31 damages
2258 3801 103 28 claimed,
2372 3800 99 24 reached

1884 3835 63 29 £50,
1965 3834 31 31 by
2014 3834 39 24 the
2072 3834 94 32 County.
2181 3835 85 23 Courts
2284 3834 129 23 Ordinance
2429 3837 42 20 not

1885 3868 54 31 only
1950 3875 45 17 was
2006 3867 39 24 the
2056 3876 53 16 sum
2124 3868 99 24 reduced
2239 3871 24 20 to
2282 3867 54 24 £20
2345 3875 7 21 ;
2369 3867 42 24 but
2431 3867 39 23 the

1884 3902 75 31 Judge
1976 3901 46 24 had
2038 3902 50 23 also
2109 3901 41 24 the
2172 3902 125 22 assistance
2320 3900 26 24 of
2367 3908 15 16 a
2402 3900 67 31 Jury.

1885 3935 49 25 His
1952 3934 82 26 Honor
2051 3935 43 24 felt
2110 3934 52 25 that
2178 3934 42 25 the
2236 3941 76 20 power
2329 3933 103 25 invested
2446 3934 25 23 in.

541 41 103 47 ®(j*
665 40 120 43 tfitu
809 39 210 43 Zealand
1044 39 193 48 <&mtte
1260 36 91 42 unh
1373 33 303 54 WkltUxQUnt
1698 34 251 52 g&tttau>i\

1943 885 169 24 SHIPPING
2130 886 273 24 INTELLIGENCE.

840 127 44 20 Ex

658 153 70 22 /^VN
753 153 84 27 SALE,
858 156 22 19 at
898 152 38 22 the
957 153 73 20 Stores
1054 152 26 21 of
1100 152 38 22 the
1160 153 83 22 under-

656 207 99 22 SEVEN
753 187 30 20 gn
781 206 66 21 AND
872 205 22 22 A
919 205 86 22 HALF
1028 204 79 22 TONS
1132 205 110 23 SHING-

764 232 79 22 LING
858 232 68 22 AND
940 231 78 22 ROSE
1031 231 103 27 NAILS,

682 261 42 20 200
732 259 56 26 kegs
796 259 49 21 best
854 258 68 22 white
930 257 58 27 lead,

684 285 98 22 Linseed
792 285 35 26 oil,
839 285 134 26 turpentine,
984 284 45 22 and
1037 284 82 27 paints,

683 312 104 22 Window
795 311 64 28 glass,
872 311 29 22 all
910 311 64 27 sizes,
985 311 40 21 &c.
1035 311 41 21 &c.

999 344 23 21 J.
1035 344 37 22 M.
1086 344 111 28 Taylor/

843 387 4 4 -
1113 370 33 23 Te
1160 372 55 21 Aro.

748 417 92 21 House
856 417 56 21 and
926 416 109 21 Garden
1049 417 31 19 to
1094 416 58 20 Let.

658 450 70 21 rilH
731 450 41 21 AT
781 450 72 27 newly
859 448 97 25 finished
962 455 113 15 weather
1081 455 73 15 board
1161 455 79 19 house,

665 470 28 28 X
731 476 95 21 situated
844 483 28 14 on
888 476 85 22 Mount
986 474 77 28 Albyn
1079 481 28 15 on
1124 474 38 23 tKe
1176 476 66 23 Tina-

656 502 127 27 kora-road,
800 502 84 22 distant
896 502 58 22 from
968 501 108 22 Barrett's
1091 501 71 22 Hotel
1176 503 70 21 about

656 530 44 21 five
719 530 97 21 minutes
834 528 64 28 walk,
918 528 43 22 and
984 528 59 21 from
1065 528 37 21 the
1126 528 73 23 beach
1220 530 22 19 at

656 555 156 28 Jakawai-pah
821 556 68 21 about
900 555 70 22 three.
979 558 4 5 '
1007 554 49 23 The
1066 554 105 23 situation
1181 562 61 15 com-

656 582 80 22 mands
746 589 13 14 a
767 582 56 22 view
832 582 27 21 of
870 582 38 21 the
918 581 71 22 whole
1006 581 104 22 Harbour
1124 582 45 21 and
1184 582 56 27 City.

656 609 46 22 The
712 609 69 22 house
792 609 91 22 consists
898 608 27 22 of
939 607 93 28 parlour,
1050 610 42 19 two
1106 608 133 25 bed-rooms,

655 635 100 27 kitchen,
766 635 45 22 and
820 635 109 22 servants'
939 637 144 25 apartments,
1094 634 53 22 with
1157 635 84 22 several

656 662 80 22 closets
753 669 25 14 or
794 661 95 28 keeping
906 662 87 27 places;
1009 661 46 21 and
1072 661 20 22 is
1100 662 141 26 particularly

656 688 71 22 suited
737 689 35 21 for
782 696 13 14 a
807 688 66 22 small
887 688 86 27 family,
991 695 25 14 or
1033 688 36 21 for
1084 690 43 19 two
1142 695 25 14 or
1181 688 59 22 three

654 722 77 20 young
739 715 134 27 gentlemen.
912 715 75 27 Apply
999 718 22 17 to
1037 714 45 21 Mr.
1098 714 141 27 Macdonald,

656 745 22 18 at
687 742 46 21 Kai
743 741 83 28 Warra,
838 749 25 15 or
870 744 24 19 to
903 742 46 22 Mr.
959 741 115 27 Brandon,
1081 741 108 23 Solicitor.

895 786 109 21 Notice.
1074 788 19 17 ~v
1214 798 3 10 i

656 819 93 33 rpHE
759 819 231 23 UNDERSIGNED
999 818 84 27 having
1091 826 13 14 a
1111 819 62 27 large
1180 818 61 24 stock

663 841 29 27 JL
717 847 26 21 of
753 846 115 22 fire-wood
880 853 30 15 on
928 845 67 28 hand,
1006 845 74 22 would
1093 845 27 22 be
1136 845 72 29 happy
1218 849 22 18 to

655 873 81 28 supply
744 873 81 28 parties
842 872 54 23 with
913 880 44 19 any
967 872 103 27 quantity
1070 883 26 4 —
1097 872 60 22 from
1171 876 36 19 ten
1218 876 22 18 to

654 899 44 22 five
713 899 104 23 hundred
824 908 2 5 '
832 899 64 23 loads
904 906 6 19 ;
927 899 46 21 also
987 906 67 21 spars,
1072 899 67 28 poles,
1156 900 83 25 rafters,

656 926 44 22 and
710 927 68 21 knees
793 926 33 22 for
844 925 169 29 ship-building,
1024 930 23 17 to
1062 926 29 21 be
1105 925 68 23 taken
1185 927 55 21 from

655 952 235 22 Wordsworth-street.
913 967 4 3 -
928 953 64 21 Price
1012 955 23 19 to
1054 952 28 22 be
1105 953 81 26 agreed
1195 964 4 3 •
1204 960 34 19 on,

655 986 59 21 upon
725 979 134 28 application
869 982 23 19 to

953 1006 83 22 Baker
1048 1005 112 28 Polhill,

1014 1033 37 21 At
1061 1032 45 22 Dr.
1118 1033 121 22 Butler's.

655 1059 145 28 Wellington,
811 1059 65 28 April
886 1060 33 26 14,
931 1061 59 20 1842.

653 1104 185 49 WANTED,
850 1111 13 14 a
872 1104 78 27 steady
959 1111 81 19 person
1054 1110 24 15 as
1094 1103 68 22 Cook.
1192 1104 47 21 One

751 1130 49 22 who
818 1130 149 23 understands
985 1131 38 21 the
1042 1137 51 14 care
1111 1130 25 21 of
1150 1138 12 14 a
1178 1130 62 23 small

654 1157 64 27 daily
727 1157 73 22 would
810 1158 28 21 be
849 1158 121 27 preferred.
998 1156 76 29 Apply
1083 1160 23 18 to

886 1200 9 8 ,
1070 1184 44 21 Dr.
1129 1184 84 22 Evans.

652 1228 178 49 WANTED
844 1228 23 22 A
888 1228 87 22 GOOD
995 1228 92 22 COOK.
1124 1228 75 28 Apply
1216 1230 22 19 to

750 1254 37 22 the
798 1255 111 22 Southern
924 1256 64 20 Cross
1002 1254 78 22 Hotel.

679 1289 156 27 Willis-street,
847 1289 66 27 April
922 1290 19 25 8,
953 1290 61 21 1842.

652 1333 177 50 WANTED
856 1334 23 21 A
906 1333 87 22 GOOD
1025 1334 92 21 COOK.
1166 1334 74 28 Apply

750 1363 22 19 to
781 1360 38 22 the
828 1360 155 22 Freemason's
991 1361 96 22 Tavern.

680 1393 188 28 Lambton-quay,
884 1393 66 28 April
960 1395 19 26 8,
990 1395 62 21 1842.

826 1460 6 4 „
843 1439 94 20 House
952 1440 31 19 to
993 1440 58 19 Let.

652 1466 52 47 A
728 1464 84 23 GOOD
832 1465 133 22 substantial
982 1465 77 26 house,
1080 1464 53 22 with
1151 1464 89 23 kitchen

733 1492 45 21 and
788 1492 136 27 out-houses,
936 1495 22 19 to
969 1492 31 21 let
1007 1492 25 21 in
1042 1492 197 21 Manners-street.

652 1518 46 21 For
705 1518 135 28 particulars,
853 1519 66 28 apply
931 1522 21 18 to
964 1519 43 21 Mr.
1018 1518 122 23 Brewer's
1150 1518 77 22 Office.

708 1564 40 20 To
760 1564 84 20 Stand
859 1565 30 19 to
903 1564 86 20 Cover
1004 1564 55 20 this
1075 1564 111 24 Season,

816 1597 33 21 At
856 1598 143 25 Berhampore
1006 1598 71 26 Farm,

652 1623 60 23 That
720 1624 51 23 well
780 1624 83 22 known
872 1624 66 22 horse
948 1624 88 28 Figaro,
1052 1624 37 22 the
1104 1626 105 26 property
1220 1623 24 22 of

794 1664 5 2 -
835 1651 78 22 James
923 1651 67 26 Watt,
1002 1651 52 27 Esq.

652 1677 147 48 FIGARO
809 1685 45 14 was
863 1677 76 22 foaled
946 1678 26 21 in
981 1678 127 22 December
1125 1678 61 26 1837,
1203 1680 38 24 got

725 1704 31 27 by
766 1704 115 28 Operator,
894 1704 51 22 dam
955 1704 118 27 Adelaide,
1083 1704 156 28 byTheorum,

680 1731 109 27 Operator
797 1738 45 15 was
851 1731 76 22 foaled
934 1731 26 22 in
969 1732 61 26 1832,
1041 1734 39 24 got
1093 1731 31 27 by
1140 1731 99 27 Emilius,

652 1757 52 22 dam
714 1757 122 22 Worthless
844 1758 31 27 by
886 1758 98 26 Walton,
995 1762 40 18 out
1044 1758 26 21 of
1082 1757 121 22 Altisidora
1211 1758 29 26 by

651 1784 60 22 Dick
720 1784 117 23 Andrews.

678 1811 75 27 Every
762 1812 110 21 attention
882 1811 47 22 will
936 1811 29 22 be
973 1811 54 27 paid
1036 1814 23 19 to
1073 1818 73 15 mares
1159 1814 52 19 sent
1220 1814 20 19 to

650 1837 55 22 him.

678 1864 98 27 Charges
793 1865 36 22 for
847 1864 58 23 each
921 1871 68 21 mare,
1009 1865 54 22 with
1080 1872 15 14 a
1113 1868 126 23 guarantee,

651 1898 69 15 seven
729 1892 92 26 guineas
826 1899 6 18 ;
848 1891 94 22 without
950 1895 130 24 guarantee,
1091 1892 45 22 five
1142 1892 97 26 guineas,

651 1918 127 27 Groomage
786 1918 115 23 included.

845 1964 26 19 J.
886 1964 40 20 M.
940 1963 111 26 Taylor,
1172 1969 4 12 :
1176 1981 9 9 A

664 1993 154 23 LICENSED
842 1993 243 23 CUSTOM-HOUSE
1110 1992 115 29 AGENT,

901 2035 28 15 TE
943 2035 53 14 ARO.

842 2078 93 21 James
950 2078 101 26 Spiers,

651 2112 193 23 PROSPECT
867 2112 213 22 BOARDING
1104 2111 134 27 HOUSE,

735 2147 128 14 GUILDFORD
879 2146 109 20 TERRACE,
1000 2146 56 15 HILL
1071 2146 93 19 STREET,

706 2172 28 20 In
753 2172 35 20 the
805 2178 50 15 rear
873 2172 28 25 of
915 2172 42 20 Dr.
976 2171 78 21 Evans'
1054 2178 11 14 r
1078 2172 111 20 residence.

835 2212 76 15 TERMS
925 2212 131 15 MODERATE.
1234 2217 4 7 >

659 2250 100 22 XOHN
782 2250 111 27 HALES,
919 2250 200 26 Cabinet-maker,
1148 2249 92 22 Uphol-

652 2282 26 16 «/
718 2284 92 19 sterer,
826 2277 193 26 Paper-hanger,
1035 2277 39 21 &c.
1091 2277 48 26 &c,
1153 2276 54 27 begs
1218 2279 21 18 to

651 2306 79 20 return
739 2304 33 22 his
782 2305 86 21 sincere
880 2303 80 22 thanks
969 2306 24 19 to
1009 2301 35 23 his
1054 2303 84 21 friends
1148 2304 45 20 and
1202 2303 37 21 the

652 2331 76 26 public
748 2331 25 21 of
783 2330 56 22 Port
856 2330 124 22 Nicholson
995 2329 116 28 generally
1129 2329 35 22 for
1183 2329 57 22 their

652 2357 57 22 kind
724 2360 128 25 patronage,
866 2357 46 21 and
926 2357 24 21 in
967 2357 111 26 soliciting
1092 2356 58 22 their
1166 2356 73 22 future

653 2387 98 24 support,
767 2383 63 23 takes
839 2383 45 22 this
899 2383 144 31 opportunity
1057 2383 26 21 of
1096 2384 144 25 announcing

652 2411 50 21 that
712 2411 28 21 he
752 2410 90 22 intends
851 2410 99 27 keeping
959 2417 13 14 a
981 2409 154 23 considerable
1145 2410 64 22 stock
1218 2410 25 21 of

652 2437 110 22 seasoned
771 2437 64 22 wood
845 2437 26 21 of
878 2436 30 22 all
918 2437 145 27 descriptions
1077 2444 29 14 on
1196 2437 44 22 and

653 2471 45 20 any
715 2464 74 22 orders
807 2463 75 23 which
900 2464 53 27 they
969 2470 53 20 may
1035 2464 74 27 please
1127 2466 21 19 to
1162 2464 78 22 favour

652 2491 48 22 him
710 2491 53 22 with
772 2491 45 21 will
825 2491 28 22 be
864 2489 117 28 diligently
991 2491 111 21 executed
1110 2497 31 15 on
1150 2497 90 16 reason-

652 2518 51 22 able
714 2520 74 20 terms.

680 2552 58 22 N.B.
739 2563 27 4 —
766 2552 22 21 A
799 2551 93 27 turning
898 2550 61 23 lathe
969 2557 29 15 on
1007 2550 39 22 the
1055 2551 117 27 premises.

680 2579 197 27 Ingestrie-street,
887 2578 32 21 Te
929 2578 47 21 Aro
986 2577 58 22 Flat.

652 2616 201 49 WNEAL,
875 2616 89 21 Watch
985 2615 46 22 and
1051 2616 78 21 Clock.
1145 2616 94 26 Maker,

726 2655 11 10 •
779 2644 56 26 begs
852 2642 145 28 respectfully
1015 2646 23 17 to
1056 2642 84 22 inform
1155 2642 37 21 the
1206 2642 34 21 in-

652 2671 113 22 habitants
783 2670 26 22 of
826 2670 54 21 Port
886 2669 132 27 Nicholson,
1035 2668 49 27 &c,
1102 2668 48 22 that
1159 2669 28 22 he
1202 2669 38 22 has

651 2698 108 21 removed
771 2697 34 22 his
818 2696 103 22 business
938 2696 50 21 S.E.
999 2696 27 21 of
1036 2696 92 21 Messrs.
1138 2695 102 22 Bethune

652 2725 47 21 and.
710 2724 115 26 Hunter's,
837 2724 45 21 and
891 2723 76 27 hopes,
977 2723 32 26 by
1019 2722 62 22 strict
1091 2723 116 27 attention,
1218 2726 22 18 to

652 2751 68 22 merit
735 2759 13 14 a
764 2751 150 22 continuance
930 2750 26 21 of
971 2749 57 22 their
1044 2749 96 27 favours,
1159 2749 80 27 having

652 2778 46 22 had
707 2779 27 20 20
745 2777 70 28 years'
968 2776 24 22 in
1001 2776 104 21 London:

666 2813 4 13 )
680 2804 40 23 All
738 2804 66 22 kinds
819 2804 27 21 of
858 2804 94 26 foreign,
970 2802 90 27 British,
1075 2802 101 27 musical,
1197 2802 43 22 and

651 2832 118 26 repeating
774 2830 97 23 watches
877 2830 45 21 and
932 2830 82 26 clocks,
1022 2829 45 22 and
1074 2829 165 22 chronometers

653 2858 95 22 cleaned
757 2858 44 21 and
810 2857 109 27 repaired.

762 2884 58 22 N.B.
821 2894 30 4 —
851 2883 97 22 Musical
957 2883 70 22 boxes
1036 2882 109 27 repaired.

652 2929 40 20 To
704 2929 45 20 the
759 2927 162 21 Mercantile
933 2927 54 21 and
1003 2926 134 28 Shipping
1152 2927 87 21 Inter-

776 2956 56 20 ests
844 2954 31 20 of
886 2954 66 20 Port
960 2954 162 20 Nicholson.

653 2988 158 49 THOMAS
828 2987 108 23 BEVAN
953 2987 46 22 and
1016 2986 82 27 SONS,
1109 2987 58 22 New
1184 2988 56 21 Zea-

715 3023 59 14 land
794 3022 58 15 ROPE
872 3021 45 15 AND
938 3021 75 14 TWINE
1036 3021 202 20 MANUFACTURERS,

652 3043 44 27 beg
712 3046 22 18 to
743 3042 82 22 inform
834 3041 60 22 their
902 3040 84 23 friends
999 3040 45 22 and
1053 3040 38 21 the
1100 3041 82 27 public,
1193 3041 48 22 that

652 3069 55 28 they
715 3070 57 21 have
788 3068 108 23 removed
911 3070 23 19 to
950 3067 58 22 their
1023 3074 50 15 new
1089 3068 107 27 premises
1211 3074 27 15 on

652 3096 190 26 Lambton-quay,
858 3101 80 16 corner
953 3095 25 21 of
993 3094 159 27 Willis-street,
1168 3095 72 22 where

652 3130 70 20 every
731 3123 75 22 article
815 3122 25 22 in
847 3121 39 22 the
896 3122 70 21 above
976 3121 74 22 trades
1058 3128 53 20 may
1120 3121 29 22 be
1158 3121 45 22 had
1211 3128 29 15 on

651 3149 39 22 the
700 3150 95 22 shortest
804 3149 83 22 notice.

678 3177 94 27 Fishing
780 3179 57 25 nets,
847 3178 65 24 mats,
924 3175 49 26 &c,
983 3174 67 22 made
1059 3174 46 22 and
1114 3175 107 27 repaired.

678 3204 28 22 T.
714 3204 26 22 B.
752 3204 45 22 and
807 3204 58 21 Sons
875 3209 37 15 are
919 3201 69 27 ready
998 3204 23 19 to
1030 3201 125 22 undertake
1163 3204 77 26 export
1246 3197 2 25 I

652 3230 77 23 orders
738 3234 23 19 to
771 3237 44 20 any
825 3232 84 24 extent,
920 3236 31 15 on
959 3227 132 23 reasonable
1100 3231 77 19 terms.
1198 3244 6 2 -

677 3264 172 26 Novßmbef3o,
862 3264 60 20 1841.

794 3307 145 22 CHARLES
953 3305 141 28 HARVEY,
1117 3322 4 4 -

859 3341 103 25 Tailor,
976 3341 55 24 &c,

778 3375 115 26 Adjoining
906 3375 71 20 Kumu
993 3375 51 20 Toto
1058 3375 56 25 Pah,

868 3416 158 19 WELLINGTON,
1246 3413 2 22 j

651 3437 108 49 BEGS
774 3439 23 19 to
813 3439 79 19 return
907 3435 82 23 thanks
1007 3439 23 17 to
1047 3435 38 22 the
1100 3437 83 25 gentry
1196 3433 44 23 and

728 3463 75 29 public
814 3463 23 22 of
846 3463 59 22 New
912 3462 103 22 Zealand
1023 3462 35 22 for
1065 3462 39 22 the
1113 3463 90 26 support
1211 3460 28 22 he

651 3491 42 23 has
707 3490 104 23 received
823 3490 61 22 from
899 3489 62 22 them
976 3489 62 21 since
1051 3488 29 22 he
1095 3487 145 23 commenced

651 3518 109 27 business,
777 3517 46 23 and
841 3517 30 21 he
889 3522 85 16 assures
990 3515 62 22 them
1069 3516 50 21 that
1133 3515 19 21 it
1170 3514 19 22 is
1206 3514 33 22 his

650 3545 113 22 intention
772 3547 24 19 to
805 3544 107 22 continue
921 3542 35 22 his
971 3545 61 19 most
1046 3545 118 19 strenuous
1179 3547 61 15 exer-

651 3571 61 22 tions
722 3575 22 18 to
753 3571 67 23 merit
828 3578 14 14 a
852 3570 150 22 continuance
1012 3569 25 21 of
1044 3569 58 21 their
1110 3571 129 25 patronage.

679 3599 26 21 C.
715 3599 29 21 H.
753 3598 65 22 takes
833 3597 45 22 this
898 3596 145 28 opportunity
1057 3596 27 21 of
1094 3596 84 26 stating
1194 3594 47 22 that

651 3624 35 22 his
696 3625 63 22 stock
768 3625 95 21 consists
872 3624 27 22 of
909 3631 15 13 a
932 3623 60 27 good
1000 3622 87 27 variety
1097 3622 27 21 of
1129 3621 111 28 superfine

652 3651 79 27 cloths,
742 3651 110 27 doeskins,
869 3651 90 25 tweeds,
974 3648 130 28 moleskins,
1115 3648 124 26 velveteen,

651 3677 58 26 pilot
723 3677 65 28 cloth,
800 3678 40 22 &c.
852 3678 48 27 &c,
915 3676 46 23 and
975 3676 36 22 bis
1023 3676 93 27 charges
1127 3675 48 26 Cfor
1193 3676 49 23 path

651 3704 61 26 •nly)
722 3704 120 22 moderate.

652 3749 38 47 J
735 3748 130 27 MILLER,
893 3748 120 27 Plumber,
1039 3747 48 27 &c,
1112 3746 129 27 Mulgrave-

694 3785 11 11 •
748 3777 73 24 street,
841 3778 57 18 next
915 3775 55 21 door
988 3777 23 19 to
1031 3773 40 22 Dr.
1087 3773 152 26 Fitzgerald's,

652 3800 55 25 begs
717 3803 22 19 to
748 3800 70 22 thank
828 3801 38 21 the
876 3801 76 27 public
960 3801 35 21 for
1005 3800 37 22 the
1058 3803 94 24 support
1164 3800 28 22 he
1201 3799 41 23 has

652 3826 98 24 hitherto
758 3827 102 22 received
873 3828 24 22 in
905 3827 36 23 his
950 3827 108 26 business,
1068 3826 47 22 and
1124 3830 24 18 to
1159 3826 81 22 inform

652 3853 63 23 them
730 3852 48 23 that
792 3853 29 22 he
835 3853 41 23 has
892 3861 30 15 on
940 3853 62 23 hand
1019 3860 13 15 a
1047 3853 42 22 few
1110 3853 132 22 substantial

835 3886 88 23 LEAD
944 3883 109 30 PUMPS,
1157 3891 7 2 -

707 3912 72 23 which
786 3912 30 22 he
826 3912 46 23 will
884 3913 32 22 fix
926 3920 29 15 on
968 3912 134 23 reasonable
1111 3916 77 20 terms.
1216 3924 4 4 ■

680 3939 80 23 March
769 3940 34 26 15,
812 3939 63 22 1842.
905 3940 6 5 s

45 133 72 49 ON
127 133 84 27 SALE,
219 134 23 19 at
247 132 38 21 the
292 132 72 22 Stores
371 130 26 21 of
402 129 38 22 the
446 127 182 27 undersigned-

120 159 72 23 Black
206 158 45 22 and
266 164 67 22 green
348 160 51 22 teas,
418 162 73 20 cocoa,
505 155 76 32 cptt'ee,
592 162 36 14 re-

42 186 62 22 fined
113 186 44 22 and
170 186 75 21 brown
260 190 74 21 sugars
341 191 5 19 ;
362 189 14 15 a
385 182 86 27 variety
480 181 25 22 of
515 182 59 26 jams
584 180 44 22 and

40 212 79 28 jellies,
134 212 24 22 in
177 212 117 26 quantities
308 214 23 17 to
347 209 42 22 suit
406 208 107 25 families;
533 207 93 27 brandy,

42 239 96 21 cherries
153 239 44 21 and
209 238 63 22 dried
290 236 79 27 apples,
386 235 44 22 fine
444 234 38 22 old
497 234 132 21 Gloucester

42 265 45 22 and
99 265 77 22 Dutch
191 264 84 27 cheese,
292 262 107 23 Hambro'
415 262 79 25 butter,
505 260 64 22 York
583 259 45 22 and

42 292 122 21 American
180 291 69 26 hams,
271 295 73 20 sperm
361 287 46 22 and
430 287 76 22 mould
521 286 90 22 candles
621 294 5 19 ;

42 318 65 26 olive,
122 317 90 27 linseed,
229 316 46 22 and
284 315 65 22 black
362 314 29 21 oil
401 322 6 19 ;
424 314 67 21 white
503 312 45 22 arid
563 310 65 24 black

41 344 58 27 lead,
110 344 101 28 saltpetre
221 342 45 23 and
282 342 68 28 spices
360 341 25 21 of
398 341 30 20 all
438 342 56 19 sorts
500 347 6 20 j
524 339 102 26 oatmeal,

42 377 61 20 sago,
114 371 51 25 rice,
177 369 44 22 and
230 369 67 27 flour;
310 375 28 14 an
351 369 131 20 assortment
496 366 26 21 of
532 365 94 27 leather,

41 396 109 26 hobnails,
162 396 74 27 sprigs,
247 396 41 21 &c.
296 403 5 19 ;
313 394 63 21 shoes
384 393 44 22 and
442 393 63 22 boots
515 392 26 22 of
548 392 30 22 all
590 392 38 22 de-

41 422 122 28 scriptions,
174 423 42 20 fine
231 421 124 22 Cavendish
365 420 98 26 tobacco,
475 419 74 26 snuffs,
561 418 45 22 and
616 425 12 15 a

41 449 44 22 few
92 455 61 15 cases
162 448 58 27 large
225 448 60 21 bowl
292 448 67 27 pipes,
370 447 44 21 and
424 448 63 20 otner
493 445 88 22 articles
592 448 36 18 too

42 482 120 15 numerous
171 479 22 18 to
201 475 106 21 mention.

183 508 136 15 WHOLESALE
333 507 45 15 AND
393 506 92 15 RETAIL.
628 507 3 8 •

328 534 29 21 D.
372 534 22 21 S.
410 533 79 21 Durie
503 532 45 21 and
562 532 38 21 Co.

44 579 71 48 ON
130 578 84 25 SALE,
225 581 23 18 at
257 577 38 22 the
306 578 72 21 Stores
388 576 26 22 of
418 576 37 22 the
464 575 159 27 undersigned,

136 604 153 22 WHALING
304 603 86 23 GEAR
403 602 45 22 and
462 601 121 28 STORES,

230 630 101 27 recently
341 629 94 22 arrived.

395 662 90 23 Willis
499 662 46 21 and
559 662 40 21 Co.

69 692 143 26 Wellington,
223 690 80 23 March
311 692 18 24 1,
340 691 61 20 1842.

50 736 161 23 TOHNSON
224 735 44 22 and
282 734 110 22 MOORE
407 734 58 21 have
480 734 48 26 just
541 732 87 28 opened

43 757 28 29 «l
108 763 38 23 the
156 763 111 26 following
276 760 68 28 goods
350 768 5 14 :
357 771 29 4 —

70 790 88 22 Ladies
173 796 58 15 drab
245 795 46 15 and
306 795 80 14 brown
400 794 52 14 silk
466 793 122 19 parasols,

71 817 126 21 Children's
206 818 76 18 cotton
292 814 43 26 do.,
344 813 105 28 gingham
458 812 129 27 umbrellas,

71 843 108 26 Chenille,
191 841 98 26 damask,
301 840 40 22 and
352 840 63 21 other
424 840 86 26 shawls,

71 869 66 22 India
152 869 81 22 rubber
246 868 83 26 braces,
345 866 145 23 Mackintosh
506 872 65 21 capes
584 865 45 22 and

42 899 69 23 coats,

71 923 66 21 Camp
152 929 69 15 ovens
233 919 40 28 (all
281 920 73 27 sizes),
365 927 63 24 camp
437 919 89 26 kettles,

69 949 52 21 Rat
136 956 46 14 and
199 955 76 15 mouse
289 955 76 18 traps,
385 946 111 27 weighing
513 945 115 22 machines

43 976 47 22 and
99 974 135 28 steel-yards,
263 985 3 3 •

70 1002 119 26 Japanned
198 1000 152 27 candlesticks,
357 1000 61 27 spice
424 998 44 23 and
478 1005 66 21 sugar
549 998 77 28 boxes,

42 1029 55 21 cash
108 1035 73 19 ooxes,
191 1028 113 27 spittoons,
315 1028 39 21 &c.
365 1028 40 21 &c.

70 1056 75 20 Brass
160 1062 70 14 flush
245 1061 75 19 bolts,
335 1053 43 22 rim
391 1052 44 22 and
450 1052 93 21 mortice
555 1051 71 27 locks,

42 1081 55 22 door
110 1081 113 27 knockers,
240 1080 54 22 door
310 1079 82 27 chains,
407 1080 44 26 dog
467 1078 84 27 chains,
568 1085 60 14 mea-

41 1115 87 15 suring
151 1115 75 18 tapes,
251 1106 91 24 bracket
362 1106 64 27 globe
445 1106 79 26 lamps,
545 1104 46 23 and
614 1112 14 15 a

39 1135 88 26 variety
137 1134 27 25 pf
169 1134 69 22 useful
247 1133 120 27 hardware,

33 1181 11 9 !v
69 1161 60 22 Loaf
141 1161 76 22 cheese
233 1160 24 22 in
271 1160 40 26 tin,
323 1159 101 26 oatmeal,
438 1165 61 21 peas,
513 1158 112 28 saltpetre,

40 1188 63 26 soda,
114 1187 59 27 blue,
184 1186 80 28 starch,
275 1193 58 20 soap,
344 1187 40 21 &c.
397 1186 40 21 &c.

68 1214 72 28 Pitch,
152 1213 126 23 Stockholm
287 1216 40 24 tar,
338 1212 67 28 paint,
416 1212 48 27 oils,
475 1212 44 21 and
536 1214 91 24 turpen-

40 1241 56 27 tine,

68 1267 51 23 Felt
127 1267 35 22 for
169 1266 90 28 roofing,
271 1267 40 22 &c.

68 1294 23 22 A
100 1294 43 22 few
153 1297 47 19 cwt.
211 1294 26 21 of
244 1294 60 22 Hutt
311 1295 99 25 potatoes
419 1292 36 21 for
465 1292 53 21 sale.

123 1339 43 20 Ex
181 1339 43 20 the

43 1371 202 50 SHINGLING
259 1371 101 26 NAILS,

96 1398 100 27 Weights
206 1397 45 22 and
259 1405 117 19 measures,

68 1424 97 23 Norfolk
171 1424 91 28 latches,
273 1424 76 21 thumb
358 1423 93 27 latches,

68 1451 157 27 Candlesticks,

68 1478 73 26 Chest,
153 1478 50 26 box,
214 1477 45 22 and
269 1477 53 22 door
331 1477 45 22 and
391 1476 117 28 pad-locks
525 1476 25 22 in
560 1480 65 24 great

39 1505 93 27 variety,

68 1531 59 22 Jack
137 1531 44 22 and
190 1530 123 27 smoothing
321 1530 84 28 planes,

68 1558 49 22 Hat
125 1558 45 21 and
179 1561 49 18 coat
237 1558 55 27 pins,
302 1558 43 21 box
355 1558 48 21 iron
414 1557 82 26 stands,

68 1584 118 28 Gimblets,
197 1584 87 22 French
292 1584 90 26 latches,

68 1611 73 22 Three
150 1612 77 26 legged
237 1614 48 24 pots
295 1611 22 21 in
326 1613 62 25 great
397 1610 92 28 variety,

68 1638 101 22 Covered
177 1645 128 20 saucepans,
316 1637 49 22 oval
374 1640 56 25 pots,

68 1664 85 23 Round
162 1668 46 23 pots
217 1665 25 21 in
251 1667 63 25 great

67 1691 131 27 Measuring
207 1694 68 24 tapes,
287 1694 125 24 carpenters
421 1691 67 26 rules,

67 1718 48 22 Tea
124 1718 84 26 kettles,
219 1721 38 18 tea
265 1721 53 24 pots,
329 1717 68 22 coffee
405 1721 57 24 pots,
474 1718 49 26 &c,

67 1744 118 28 Japanned
194 1745 76 26 boxes,

67 1771 83 22 Wheat
159 1771 63 27 mills,
233 1771 82 22 Indian
324 1778 52 15 corn
386 1770 45 22 and
441 1770 68 23 coffee
519 1770 67 28 mills,

67 1797 116 28 Hatchets,
194 1805 60 19 axes,
264 1798 117 26 hammers,

67 1824 83 28 Scales,
160 1824 131 28 steel-yards
299 1824 24 22 in
332 1826 63 25 great
403 1824 93 27 variety,

66 1851 91 22 Joiners
166 1854 37 19 cut
211 1851 74 27 brads,
296 1851 63 22 wood
372 1858 87 19 screws,

66 1878 94 28 Hinges,
174 1878 71 22 hooks
259 1878 46 22 and
319 1878 79 27 hinges
411 1877 27 22 of
450 1884 67 21 every
527 1877 97 28 descrip-

38 1905 56 27 tion,

65 1927 59 26 Shoe
134 1931 49 28 tips,
193 1931 54 22 shoe
257 1931 63 28 nails,

64 1958 70 27 Bolts,
145 1955 85 26 shutter
239 1958 57 27 bara.

64 1985 86 26 Frying
158 1991 61 21 pans,
230 1985 127 26 grid-irons,
367 1984 91 26 girdles,

64 2011 102 26 Bellows,
176 2010 40 22 sad
225 2011 46 21 and
280 2010 82 22 Italian
371 2011 69 26 irons,

64 2038 47 21 Tea
120 2041 65 24 trays,
197 2037 87 22 waiters
292 2037 23 21 in
324 2038 64 26 great
397 2037 92 26 variety,

66 2065 91 26 Cutlery
165 2064 24 22 in
197 2066 65 24 great
270 2063 91 27 variety.

198 2095 125 27 Wallace,
334 2094 93 28 White,
439 2094 45 23 and
497 2094 125 23 Wallace-.

38 2122 66 28 April
114 2124 34 25 14,
158 2123 59 22 1842.

259 2166 138 21 Potatoes.

38 2193 94 50 JUST
156 2192 164 27 RECEIVED,
344 2192 59 22 from
426 2192 139 27 Manewatu,
585 2200 38 20 per

90 2220 107 22 schooner
204 2221 83 25 Henry,
298 2226 13 15 a
320 2219 42 22 few
371 2222 50 19 tons
432 2219 27 21 of
469 2219 48 22 first
526 2223 49 18 rate
585 2226 39 21 po-

38 2250 79 19 tatoes.
148 2247 71 28 Apply
227 2249 24 19 to

200 2273 122 27 Wallace,
333 2273 94 26 White,
438 2273 47 21 and
497 2272 126 23 Wallace.

39 2300 65 28 April
112 2301 34 26 13,
157 2301 58 21 1842.

105 2345 45 21 Ex
325 2345 56 21 and

40 2378 116 49 CORD,
165 2379 59 27 lace,-
230 2378 94 28 quilting
333 2381 46 24 net,
390 2378 69 27 gimp,

111 2406 95 27 Figured
214 2406 56 26 lace,
282 2406 65 26 fancy
357 2406 45 22 and
409 2404 61 28 plain
481 2407 46 24 net,

67 2432 65 22 Wool
142 2432 84 27 shawls,
238 2433 40 21 &c.
289 2433 47 26 &c,
357 2446 5 2 -

65 2459 67 22 Duck
141 2463 108 23 trowsers,
259 2458 80 28 frocks,
350 2459 48 27 &c,

66 2486 113 27 Blankets,
189 2493 60 20 rugs,
259 2486 77 26 prints,
346 2486 49 27 &c,

67 2512 77 27 Shirts,
152 2512 93 28 jackets,
256 2516 106 24 trowsers,
375 2513 48 26 &'c,
630 2518 2 27 |

66 2534 98 32 Ploughs
172 2540 45 20 and
227 2538 141 28 agricultural
376 2538 151 28 implements,
630 2534 2 26 !

66 2566 40 21 An
116 2566 113 22 extensive
238 2566 34 21 lot
282 2566 24 21 of
314 2566 64 27 nails,
630 2564 2 33 j

67 2592 161 28 Ironmongery
239 2592 26 22 of
271 2592 30 22 all
309 2592 71 22 kinds.
630 2598 2 22 |

174 2625 122 27 Wallace,
312 2625 91 28 White,
414 2625 46 22 and
472 2626 125 21 Wallace.

235 2670 43 21 Ex

38 2696 108 49 JOHN
160 2696 101 22 HALES
275 2697 51 26 begs
336 2700 23 19 to
369 2697 102 22 intimate
482 2696 49 23 that
545 2696 31 22 he
584 2696 40 23 has

104 2723 46 22 had
168 2723 121 27 consigned
305 2726 21 19 to
340 2723 55 28 him,
414 2731 40 20 per
473 2724 87 26 Clifton,
581 2724 44 21 and

40 2757 38 15 are
90 2754 24 18 at
128 2750 34 22 his
177 2750 101 28 disposal,
290 2750 69 22 either
374 2750 118 23 wholesale
510 2758 24 14 or
551 2750 72 27 retail,

39 2780 25 19 at
79 2776 43 23 low
136 2777 77 27 prices,
220 2777 47 21 -for
285 2776 58 28 cash,
363 2776 38 23 the
415 2777 117 27 following
546 2777 77 27 goods,

39 2804 38 21 viz
84 2811 5 14 :
90 2815 30 4 —

67 2830 93 27 Pickles,
170 2829 43 22 fish
223 2837 83 19 sauces,
317 2830 71 22 currie
397 2830 98 28 powder,
506 2833 63 25 paste
581 2830 45 22 and

37 2856 73 29 liquid
125 2857 112 26 blacking,
253 2856 92 27 English
361 2856 93 28 leather,
468 2858 73 26 boots,
553 2856 70 28 shoes,

38 2884 47 22 and
94 2884 149 23 shoemakers'
251 2884 62 26 tools,
321 2883 60 22 cloth
388 2884 46 21 and
443 2883 87 23 leather
539 2891 53 20 caps
602 2884 21 21 in

38 2914 65 23 great
111 2911 91 26 variety,
213 2910 97 26 wearing
319 2910 96 27 apparel,
427 2914 76 18 cotton
515 2910 109 22 furniture
630 2919 2 12 ;

38 2938 35 21 for
81 2937 73 27 lining
162 2945 82 19 rooms,
256 2937 47 26 &c,
319 2937 89 22 cabinet
416 2937 47 27 ink,
475 2937 55 22 seed
543 2936 80 28 wheat,
630 2933 2 24 I

38 2964 85 27 barley,
139 2968 52 22 oats,
202 2964 47 22 and
257 2963 50 22 blue
317 2964 45 22 and
372 2964 65 22 white
446 2971 62 20 peas,
520 2964 102 27 oatmeal,

40 2991 81 21 Scotch
148 2990 44 23 and
219 2990 61 28 pearl
306 2990 84 28 barley,
413 2991 107 27 tsuperior
548 2994 77 24 patent

38 3016 113 23 breeched
172 3017 80 22 double
276 3018 44 21 and
342 3017 194 28 single-barrelled
558 3024 65 20 guns,

39 3042 68 28 flints,
123 3044 65 21 flasks
202 3044 46 21 and
264 3044 61 27 belts,
341 3044 51 22 sash
406 3044 64 28 tools,
482 3045 58 27 glue,
558 3044 65 22 horse

40 3068 56 28 hair,
106 3070 47 21 hair
162 3070 92 27 seating,
263 3070 164 28 ironmongery,
440 3072 40 21 &c.
491 3072 41 21 &c.

68 3095 53 22 Two
131 3096 67 21 Town
207 3097 72 21 Acres
287 3100 23 19 to
319 3098 32 21 let
358 3098 25 21 in
392 3098 109 28 portions.

69 3121 193 28 Ingestrie-itraet,
272 3124 31 21 Te
312 3124 48 22 Aro
370 3124 57 23 Flat.

226 3168 44 19 Ex

42 3199 93 23 fTIHE
148 3199 149 28 undersigned
308 3201 42 22 has
362 3202 49 26 just
425 3202 105 23 received
546 3210 14 15 a
569 3210 52 15 con-

49 3223 31 25 JL
117 3227 111 26 signment
245 3227 26 21 of
285 3235 62 20 maps
366 3229 46 21 and
430 3230 75 22 charts
522 3230 60 22 from
601 3230 21 22 J.

41 3252 95 27 Wyld's,
158 3251 96 29 Charing
277 3254 69 27 Cross,
372 3255 145 29 Geographer
539 3260 24 18 to
586 3256 37 23 the

42 3279 87 27 Queen,
140 3279 45 22 viz:
187 3290 30 5 —

69 3305 73 28 Large
151 3308 42 20 two
203 3306 63 22 sheet
275 3314 50 19 map
334 3308 27 21 of
367 3308 56 23 New
432 3309 109 29 Zealand,

69 3332 52 22 One
131 3332 61 22 sheet
200 3339 52 21 map
263 3333 24 21 of
294 3335 54 20 New
357 3335 106 27 Zealand,

69 3359 105 22 Chaffers'
192 3359 63 22 chart
270 3359 26 21 of
308 3360 79 22 Cook's
407 3362 85 28 Straits,
511 3362 55 23 with
585 3362 37 23 the

40 3385 70 23 latest
119 3385 116 26 additions,

70 3412 105 22 Chaffers'
185 3412 64 22 chart
258 3412 25 21 of
288 3412 53 22 Port
350 3413 130 29 Nicholson,

70 3439 131 22 Mercator's
211 3438 63 22 chart
283 3439 24 21 of
317 3439 39 22 the
365 3440 76 28 world,
452 3442 41 22 &c
505 3443 40 21 &c.
555 3443 40 22 &c.

397 3467 111 23 William
522 3469 73 22 Lyon.

42 3493 85 22 Corner
136 3492 25 22 of
166 3491 151 23 Willis-street
324 3491 46 23 and
380 3493 189 28 Lambton-quay.

214 3519 80 21 March
302 3521 20 24 8,
332 3520 61 21 1842.

108 3564 54 20 Fox
172 3564 70 25 Sale,
252 3569 36 15 ex

41 3598 53 48 A
107 3596 134 22 NUMBER
250 3597 26 21 of
284 3596 74 22 useful
371 3596 88 22 articles
469 3597 26 21 of
506 3597 117 25 Furniture

122 3623 45 21 and
175 3623 65 22 other
248 3623 72 27 goods,
330 3625 51 25 part
390 3622 26 22 of
428 3622 37 22 the
475 3630 65 20 cargo
551 3625 26 21 of
586 3625 37 22 the

40 3652 74 19 Maria
129 3651 94 19 Tfieresa.
256 3649 48 23 Will
321 3649 27 22 be
364 3648 81 23 landed
461 3649 53 23 here
528 3651 36 21 for
579 3652 44 22 sale

42 3677 81 23 should
130 3677 81 27 buyers
222 3676 53 22 offer
278 3684 9 20 j
303 3677 61 26 early
372 3676 133 27 application
518 3677 20 22 is
548 3684 77 16 neces-

42 3710 58 21 sary.
129 3703 74 28 Apply
212 3705 23 19 to

437 3726 64 25 John
515 3729 82 23 Wade.

44 3755 143 28 Wellington,
197 3756 81 22 March
289 3757 31 25 18,
332 3757 61 21 1842.

280 3800 104 26 Bricks,

43 3832 89 49 FOR
147 3833 83 27 SALE,
242 3836 22 19 at
279 3835 44 21 60s.
341 3841 40 20 per
393 3825 123 30 'thousand.
550 3833 75 28 Apply

103 3862 24 19 to
141 3859 23 22 J.
179 3860 94 27 Pimble,
284 3864 22 19 at
319 3860 38 23 the
375 3860 170 28 Sydney-street
559 3860 66 22 Brick

42 3885 48 24 and
97 3886 47 22 Tile
160 3886 87 33 Works,
259 3890 23 19 at
289 3887 37 22 the
342 3894 50 15 rear
402 3888 26 21 of
438 3885 98 24 Colonel
545 3886 79 24 Wake-

68 3918 54 22 Ao
230 3914 70 21 field's
312 3913 123 23 residence.

29 3957 6 4 -
276 3947 28 16 on
315 3940 100 28 delivery
424 3941 25 22 at
458 3938 38 25 the
505 3939 56 24 kiln.

1265 123 163 23 V^EORGE
1453 125 123 26 BRIGGS,
1599 125 114 26 Painter,
1738 124 114 27 Glazier,

1270 147 54 25 vJT
1377 151 44 21 and
1448 151 191 26 Paper-hanger,
1667 150 184 28 Murphy-street,

1268 175 144 29 Wellington,
1423 180 86 20 returns
1526 177 35 22 his
1576 178 86 21 sincere
1677 173 81 25 thanks
1773 180 22 18 to
1815 177 38 22 the

1267 202 136 22 inhabitants
1421 204 25 22 of
1460 200 54 26 Port
1531 203 123 23 Nicholson
1672 203 36 22 for
1723 203 38 21 the
1776 203 79 22 liberal

1269 233 90 23 support
1372 229 30 21 he
1416 229 40 23 has
1468 230 105 22 received
1587 230 60 22 since
1661 229 38 22 his
1714 236 140 15 commence-

1268 259 61 18 ment
1341 255 25 21 in
1381 256 99 22 business
1488 257 24 21 in
1522 257 43 21 this
1580 257 92 26 Colony,
1683 256 46 22 and
1738 256 75 27 hopes,
1823 256 31 27 by

1269 282 62 21 strict
1339 283 107 22 attention
1456 287 23 17 to
1487 283 82 27 orders,
1578 287 22 18 to
1609 283 66 22 merit
1682 290 14 14 a
1706 283 148 21 continuance

1270 309 25 21 of
1301 307 37 23 the
1351 316 69 14 same.

1526 354 76 23 Urul,

1272 386 41 21 One
1320 386 49 21 mile
1377 393 27 14 on
1413 387 35 20 the
1456 387 55 20 Port
1521 388 113 20 Nicholson
1642 387 46 21 side
1697 386 27 26 of
1735 386 118 21 Waiianai.

1270 419 91 49 MR.
1376 419 132 23 JENKINS
1525 421 55 26 begs
1594 424 22 18 to
1631 427 126 18 announce,
1768 419 48 21 that
1825 419 30 21 he

1359 445 41 23 has
1409 447 86 26 opened
1505 454 14 14 a
1527 447 79 21 House
1612 447 35 22 for
1656 447 40 21 the
1703 445 159 26 convenience,

1269 473 26 21 of
1308 472 37 22 the
1362 473 81 27 public,
1460 473 45 22 and
1521 476 67 19 trusts
1605 473 48 22 that
1669 473 38 21 the
1722 471 70 23 board
1809 471 45 22 and

1268 499 91 26 lodging
1380 499 28 22 he
1428 499 103 28 provides
1550 500 45 21 will
1613 506 78 15 secure
1709 499 48 21 him
1776 498 77 22 liberal

1268 528 98 24 support.

1294 548 45 26 Mr.
1350 551 95 23 Jenkins
1460 560 41 14 can
1511 555 23 19 at
1548 552 31 22 all
1588 553 65 21 times
1661 551 93 28 provide
1769 551 86 27 gentle-

1267 585 53 15 men
1327 578 55 22 with
1392 579 36 21 the
1438 586 77 14 means
1523 579 26 21 of
1555 579 100 26 crossing
1662 582 23 18 to
1696 577 84 28 Kapiti.

1295 605 62 26 Urui,
1369 605 108 27 January,
1487 606 63 21 1842.

1514 650 88 20 Otaki.

1270 682 90 48 MR.
1383 681 127 23 TAYLOR
1533 682 54 27 begs
1610 685 23 19 to
1656 683 103 21 intimate
1778 684 23 18 to
1820 681 35 21 his

1345 709 83 21 friends
1439 709 43 21 and
1492 708 38 22 the
1540 709 75 26 public
1621 709 50 21 that
1679 709 29 21 he
1718 709 41 21 has
1769 708 87 27 opened

1268 742 14 15 a
1291 735 76 22 House
1378 736 24 21 of
1416 735 182 22 Entertainment
1606 739 24 18 at
1647 735 67 22 Otaki
1715 751 6 15 ?
1734 734 44 22 and
1783 734 72 28 hopes

1268 762 49 21 that
1322 762 38 22 the
1368 762 132 22 cleanliness
1508 762 47 21 and
1564 762 94 21 comfort
1666 762 27 21 of
1698 762 35 20 his
1740 761 116 21 establish-

1267 792 64 18 ment
1348 788 46 23 will
1409 795 76 15 secure
1501 788 49 22 him
1567 795 14 14 a
1597 788 80 22 liberal
1694 788 65 22 share
1776 787 26 21 of
1816 788 39 21 the

1267 815 76 28 public
1352 818 129 25 patronage.

1295 849 74 27 Otaki,
1380 849 100 27 January
1489 850 35 26 21,
1536 850 61 21 1842.

1416 894 38 20 To
1469 894 33 21 be
1519 894 66 20 Sold
1604 899 30 15 or
1648 894 59 19 Let.

1267 925 13 14 r
1282 925 77 21 riWO
1372 925 100 21 Wooden
1482 925 98 26 Houses,
1590 931 30 15 on
1626 924 39 22 the

1276 946 25 26 JL
1342 951 38 22 the
1398 951 83 23 second
1499 959 51 15 acre
1568 952 57 21 from
1646 951 94 27 Captain
1757 950 96 27 Smith's,

1312 979 128 26 containing
1453 979 50 21 four
1512 986 74 14 rooms
1596 977 45 23 and
1656 985 14 14 a
1684 984 97 21 passage,
1799 973 56 26 each

1268 1005 52 21 with
1338 1005 51 21 zinc
1406 1005 67 25 roofs,
1499 1005 46 21 and
1567 1005 24 21 in
1615 1011 69 20 every
1700 1009 88 22 respect
1805 1003 50 22 well

1268 1031 99 22 finished.
1395 1031 78 22 Terms
1475 1042 26 5 —
1502 1031 25 22 If
1534 1031 54 27 sold,
1600 1031 60 22 £150
1672 1031 35 22 for
1712 1031 54 21 each
1773 1031 69 21 house
1848 1038 5 19 ;

1267 1058 20 22 if
1297 1059 37 26 let,
1346 1059 32 21 £1
1388 1065 40 20 per
1437 1058 63 22 week
1509 1059 35 21 for
1554 1058 55 22 each
1618 1059 78 21 house.
1724 1057 76 28 Apply
1810 1060 22 19 to

1658 1092 76 21 James
1750 1091 78 21 Watt.

1279 1118 143 28 Wellington,
1431 1118 58 22 Nov.
1499 1118 37 26 27,-
1543 1120 61 19 1841.

1267 1163 80 22 PORT
1369 1162 181 22 NICHOLSON
1580 1162 68 22 AND
1672 1162 183 22 WANGANUI.

1380 1196 90 21 Lands
1480 1197 30 19 to
1519 1196 35 21 be
1565 1196 49 20 Let
1625 1202 30 14 or
1665 1196 74 20 Sold.

1270 1229 161 50 SEVERAL
1451 1230 71 21 Town
1540 1229 46 22 and
1599 1229 101 27 Country
1719 1229 95 21 sections
1831 1229 25 21 in

1331 1256 38 22 the
1382 1256 53 22 Port
1444 1256 126 22 Nicholson
1587 1256 91 26 district,
1694 1256 45 21 and
1757 1256 99 26 Country

1267 1283 95 22 sections
1369 1283 23 22 in
1402 1283 37 22 the
1449 1282 128 28 Wanganui
1586 1282 93 26 district,
1689 1282 53 22 with
1752 1282 36 21 the
1796 1282 60 26 right

1268 1311 25 21 of
1312 1310 62 27 early
1392 1310 87 22 choices
1498 1310 82 26 (under
1596 1309 35 26 14)
1651 1310 26 20 of
1696 1309 38 21 the
1749 1309 107 21 intended

1268 1337 108 27 township
1384 1337 67 26 there,
1460 1340 22 18 to
1487 1336 29 22 be
1522 1336 50 22 sold
1578 1343 24 14 or
1609 1336 38 21 let.
1677 1336 44 21 For
1727 1336 129 26 particulars

1268 1363 44 23 and
1320 1367 75 24 terms,
1406 1363 66 28 apply
1482 1366 23 18 to

1450 1390 95 22 Robert
1561 1389 27 21 R.
1604 1389 100 27 Strand,
1719 1388 108 23 Solicitor.

1294 1417 144 26 Wellington,
1448 1417 59 21 Nov.
1517 1418 34 25 25,
1563 1417 51 21 1841

1433 1462 90 20 Beach
1541 1463 145 25 Frontage.

1270 1489 65 48 TO
1350 1488 39 22 BE
1404 1487 64 28 LET,
1484 1488 72 22 beach
1566 1487 101 26 frontage
1682 1487 44 22 lots
1736 1487 23 21 in
1770 1487 85 22 section

1340 1516 43 20 490
1392 1522 29 14 on
1437 1515 37 21 the
1484 1515 57 21 Plan
1552 1515 25 21 of
1585 1514 37 22 the
1632 1514 68 22 Town
1715 1514 26 22 of
1748 1514 107 27 Welling-

1268 1546 45 23 ton,
1324 1541 115 28 adjoining
1449 1542 42 21 Mr.
1501 1541 88 22 Taine's
1597 1544 68 24 store;
1682 1541 45 21 and
1736 1541 23 21 in
1769 1541 86 21 section

1268 1570 45 26 616,
1322 1569 99 21 between
1430 1569 76 26 Major
1513 1568 91 22 Baker's
1614 1567 46 22 and
1668 1568 44 22 Mr.
1721 1568 134 21 Swainson's

1268 1596 86 21 houses.
1604 1609 2 7 ,

1260 1639 4 4 .
1295 1623 55 21 Also
1360 1621 37 22 the
1406 1621 114 28 following
1529 1621 96 22 sections
1635 1628 30 15 on
1675 1621 37 21 the
1721 1621 55 22 Plan
1785 1621 25 21 of
1817 1619 38 23 the

1267 1649 76 27 Town,
1395 1656 6 14 :
1402 1659 28 5 —

1369 1677 28 20 55
1533 1677 41 19 319
1724 1675 41 21 922
1806 1690 4 4 .
1841 1692 3 4 .

1357 1703 42 21 240
1534 1703 40 21 718
1712 1701 52 22 1079

1294 1729 76 29 Apply
1383 1732 23 19 to

1443 1755 25 23 E.
1485 1755 22 22 J.
1523 1755 152 26 Wakefhsld,
1690 1762 27 15 or

1442 1783 36 20 W.
1494 1782 28 22 V.
1538 1783 109 25 Brewer,
1661 1782 193 22 Manners-street.

1268 1830 122 24 Country
1403 1828 124 21 Sections
1548 1828 42 20 for
1609 1828 63 19 Sale
1693 1833 36 14 on
1747 1826 108 21 Liberal

1493 1865 4 5 •
1512 1854 101 21 Terms.

1270 1881 162 50 SEVERAL
1467 1881 102 22 Sections
1597 1880 25 22 of
1654 1880 101 27 Country
1783 1879 71 27 Land,

1332 1908 91 27 already
1433 1908 82 21 chosen
1524 1908 25 21 in
1559 1907 38 22 the
1610 1908 95 21 Porirua
1719 1906 91 27 district,
1821 1906 35 21 for

1268 1935 56 27 Sale,
1336 1943 74 14 terms
1421 1942 105 15 liberal.
1556 1934 76 28 Apply
1642 1938 23 17 to
1828 1950 7 8 ,

1309 1978 3 8 '
1362 1969 25 20 F.
1400 1968 30 21 A.
1445 1968 171 25 MoiEswoßTH,
1634 1966 186 28 Murphy-street,
1832 1973 24 14 or

1362 1993 35 21 W.
1455 1993 108 26 Brewer,

1479 2037 166 27 Wanganui.

1268 2064 88 48 FOR
1370 2064 84 21 SALE.
1454 2076 28 3 —
1483 2064 67 21 Land
1567 2065 101 20 between
1688 2071 43 14 one
1749 2063 45 22 and
1811 2066 44 19 two

1339 2091 64 22 miles
1420 2091 25 21 of
1456 2091 38 21 the
1508 2091 110 27 township
1637 2094 24 18 at
1679 2091 128 26 Wanganui
1820 2091 38 21 for.

1267 2117 51 28 sale,
1329 2117 24 22 in
1363 2117 77 22 blocks
1450 2119 25 20 of
1486 2117 44 22 five
1540 2124 62 15 acres
1614 2117 44 22 and
1674 2117 107 28 upwards,
1795 2124 24 14 or
1833 2120 23 18 to

1266 2144 32 21 let
1307 2152 30 14 on
1348 2152 56 20 very
1414 2144 79 22 liberal
1503 2147 75 24 terms,
1589 2144 54 21 with
1652 2144 38 21 the
1704 2144 59 27 right
1773 2144 25 21 of
1804 2150 53 21 pur-

1267 2171 73 22 chase.
1370 2171 74 28 Apply
1454 2175 23 18 to
1487 2171 27 22 R.
1526 2171 66 27 Park,
1603 2171 62 28 Esq.,
1674 2178 25 14 or
1709 2174 23 19 to

1338 2216 6 10 /
1604 2205 23 21 J.
1642 2204 47 22 and
1703 2204 29 22 G.
1747 2204 82 22 Wade.

1267 2250 142 48 LAND
1434 2251 260 21 AGENCIES.—
1693 2250 40 22 TO
1756 2249 100 23 LAND-

1343 2277 182 22 HOLDERS.—
1524 2277 48 22 The
1591 2276 157 28 Undersigned
1766 2277 44 26 beg
1833 2279 22 19 to

1267 2303 54 22 offer
1331 2303 132 23 themselves
1472 2306 24 19 to
1506 2303 58 23 their
1573 2303 86 23 friends
1668 2303 46 22 and
1728 2303 37 21 the
1780 2303 76 28 public

1267 2338 24 14 as
1300 2330 87 27 Agents
1395 2330 35 22 for
1439 2324 38 28 the
1488 2331 95 27 disposal
1591 2331 26 21 of
1623 2330 71 22 Town
1704 2329 45 23 and
1755 2330 101 27 Country

1267 2357 82 26 Lands,
1360 2357 46 21 and
1414 2360 57 19 trust
1479 2357 59 22 their
1548 2356 97 22 colonial
1656 2357 132 26 experience
1803 2364 53 19 may

1267 2383 77 23 entitle
1354 2383 61 22 them
1424 2386 23 19 to
1457 2391 13 13 a
1482 2378 66 27 share
1557 2384 27 21 of
1594 2383 37 21 the
1641 2383 76 27 public
1725 2386 130 25 patronage.

1293 2410 64 27 They
1366 2410 45 22 will
1418 2411 29 21 be
1455 2411 77 27 happy
1541 2413 23 19 to
1572 2417 96 20 arrange
1681 2412 35 20 for
1726 2410 43 22 and
1779 2417 77 20 super-

1266 2437 80 22 intend
1354 2437 38 21 the
1401 2444 92 20 surveys
1500 2437 47 21 and
1552 2437 160 21 sub-divisions
1719 2436 26 22 of
1750 2437 38 21 the
1792 2437 63 21 land.

1267 2463 90 23 Liberal
1366 2463 110 22 advances
1486 2463 46 23 will
1544 2464 28 21 be
1587 2463 66 23 made
1664 2470 29 15 on
1702 2463 65 22 lands
1775 2463 81 28 placed

1265 2490 24 22 in
1300 2491 57 21 their
1366 2490 71 22 hands
1444 2490 35 22 for
1486 2490 54 22 sale.
1568 2490 64 28 They
1639 2490 45 22 will
1691 2490 46 22 also
1744 2490 28 22 be
1780 2498 75 20 nappy

1268 2520 21 19 to
1299 2517 66 22 assist
1371 2517 137 28 proprietors
1516 2517 25 21 in
1550 2517 88 26 leasing
1648 2517 59 22 their
1714 2517 72 22 lands.

1547 2550 63 23 John
1621 2550 46 22 and
1677 2551 59 22 Geo.
1745 2550 82 23 Wadb.

1366 2596 104 20 Nelson
1486 2595 78 21 Land
1578 2596 147 26 Agencies.
1728 2614 8 7 s

1268 2629 91 33 rpiHE
1373 2628 151 28 undersigned
1539 2629 44 27 beg
1591 2632 23 18 to
1625 2629 55 22 offer
1689 2628 134 23 themselves
1833 2632 22 18 to

1275 2651 29 27 JL
1342 2656 37 21 the
1388 2656 75 27 public
1474 2663 24 15 as
1508 2660 78 23 agents
1595 2656 36 21 for
1641 2656 38 21 the
1689 2656 108 21 selection
1811 2655 45 22 and

1268 2683 95 27 disposal
1372 2683 26 22 of
1406 2686 56 18 town
1474 2682 46 22 and
1529 2686 95 23 country
1641 2682 66 22 lands
1715 2683 24 21 in
1750 2682 38 21 the
1804 2689 51 14 new

1267 2710 127 22 settlement
1421 2710 25 21 of
1470 2709 94 22 Nelson.
1602 2709 79 27 Apply
1703 2712 23 19 to
1747 2709 107 27 Wallace,

1268 2736 81 28 White,
1361 2736 45 22 and
1413 2736 108 27 Wallace,
1533 2736 147 26 Wellington.

1388 2770 122 22 Patchett
1524 2769 43 23 and
1583 2769 92 27 White,
1686 2769 65 23 Land
1760 2769 94 28 Agents,

1566 2796 94 22 Nelson.

1294 2823 130 27 December,
1437 2824 61 21 1841.

1376 2868 77 21 Land
1468 2868 115 26 Agency
1593 2869 30 19 at
1637 2868 113 20 Nelson.

1275 2894 98 35 JOHN
1397 2894 34 21 W.
1450 2894 191 28 BAKNICOAT,
1667 2894 121 22 Surveyor
1809 2901 46 15 and

1268 2927 25 16 v
1331 2922 65 21 Civil
1411 2921 131 27 Engineer,
1557 2921 96 27 Nelson,
1670 2921 45 22 will
1733 2921 28 22 be
1780 2921 75 27 happy

1268 2952 21 17 to
1300 2955 85 20 engage
1399 2948 93 22 himself
1504 2948 25 21 in
1540 2948 36 21 the
1587 2948 71 22 above
1671 2948 82 21 named
1769 2948 87 27 capaci-

1268 2975 46 27 ties,
1326 2982 24 15 as
1360 2982 28 15 an
1403 2978 67 24 agent
1479 2976 36 21 for
1524 2975 38 21 the
1572 2974 108 22 selection
1691 2975 26 21 of
1724 2974 61 28 land,
1798 2982 24 14 or
1831 2975 24 22 in

1268 3009 43 19 any
1322 3002 64 21 other
1395 3009 47 19 way
1453 3002 125 22 connected
1589 3001 53 22 with
1651 3001 35 22 his
1700 3002 141 26 professions.

1408 3047 88 20 Town
1510 3047 85 20 Acres
1610 3048 31 19 to
1656 3047 58 20 Let.

1268 3074 177 48 NUMBERS
1456 3081 29 14 on
1497 3073 38 22 the
1542 3073 242 27 Surveyor-General's
1794 3081 60 19 map,

1406 3116 3 9 ,
1455 3101 41 20 510
1661 3100 41 21 263

1294 3127 44 21 For
1344 3127 138 27 particulars,
1493 3126 67 28 apply
1567 3129 23 18 to
1599 3126 110 27 Wallace,
1722 3126 80 26 White,
1811 3126 45 23 and

1268 3154 106 21 Wallace.

1343 3199 132 26 Building
1489 3198 172 21 Allotments
1675 3200 29 19 to
1719 3199 59 22 Let,

1268 3231 91 49 THE
1377 3231 200 22 ADVERTISER
1591 3231 67 22 offers
1672 3239 62 17 upon
1749 3232 108 27 Building

1340 3258 90 26 Leases,
1441 3265 14 14 a
1464 3258 97 21 number
1570 3258 25 21 of
1606 3258 71 22 Town
1685 3258 138 23 Allotments
1831 3260 24 21 in

1267 3285 37 22 the
1313 3288 60 19 most
1382 3284 108 23 desirable
1498 3288 62 24 parts
1570 3284 25 23 of
1606 3284 45 23 this
1661 3285 140 23 Settlement.

1293 3312 48 22 The
1359 3311 112 22 attention
1487 3312 26 21 of
1530 3311 37 22 the
1583 3312 89 27 public,
1676 3313 20 21 is
1712 3312 144 32 particularly

1268 3338 72 23 called
1357 3342 23 18 to
1399 3338 37 22 the
1454 3338 126 28 advantage
1599 3338 26 22 of
1642 3339 106 28 Building
1765 3340 90 27 Leases,

1267 3366 73 21 which
1349 3364 37 23 the
1395 3365 152 27 undersigned
1554 3367 20 20 is
1585 3366 96 22 enabled
1691 3369 23 19 to
1722 3370 73 24 grant,
1803 3367 52 27 viz.,

1267 3392 57 22 from
1334 3399 68 15 seven
1411 3395 23 18 to
1451 3395 139 25 twenty-one
1606 3399 74 21 years,
1697 3393 121 27 according
1834 3396 22 20 to

1267 3419 37 22 the
1321 3418 67 23 value
1406 3419 26 22 of
1451 3419 39 22 the
1512 3419 116 27 buildings
1649 3420 111 27 proposed
1769 3420 3 9 '
1781 3423 24 18 to
1827 3420 29 22 be

1268 3445 95 23 erected.
1392 3445 77 29 Apply
1477 3448 24 19 to

1430 3472 21 21 J.
1467 3472 26 22 T.
1508 3472 148 26 Wicksteed,
1668 3480 25 15 or
1723 3482 5 6 -■

1428 3499 37 22 W.
1479 3499 30 22 V.
1524 3500 108 26 Brewer,
1648 3500 195 22 Manners-street.

1269 3543 66 49 TO
1351 3543 38 21 BE
1404 3542 67 27 LET,
1486 3542 40 22 the
1541 3545 62 20 town
1621 3550 52 15 acre
1689 3543 45 23 No.
1745 3545 50 26 210,
1822 3551 30 15 on

1341 3569 101 27 building
1451 3569 70 27 lease,
1529 3569 35 23 for
1573 3570 105 22 fourteen
1688 3578 71 19 years.

1293 3596 34 22 To
1336 3596 28 22 be
1374 3596 32 22 let
1413 3603 24 15 or
1446 3596 56 27 sold,
1514 3596 37 22 the
1562 3599 61 19 town
1630 3604 51 15 acre
1691 3597 44 22 No.
1745 3599 49 20 642.

1540 3629 23 22 J.
1578 3629 26 22 T.
1620 3629 146 28 Wicksteed,

1604 3656 224 23 Hawkstone-street.

1435 3701 92 20 Beach
1540 3701 146 26 Frontage.

1270 3724 35 54 T'
1317 3728 20 21 O
1348 3728 38 21 BE
1400 3726 87 27 SOLD,
1496 3727 25 21 in
1529 3727 44 21 lots
1582 3727 26 21 of
1614 3731 41 17 not
1663 3728 44 21 less
1714 3727 55 22 than
1778 3729 28 20 20
1812 3728 46 21 feet

1356 3754 25 21 in
1399 3752 101 28 breadth,
1521 3753 36 22 the
1578 3753 72 22 whole
1669 3754 25 21 of
1714 3754 38 21 the
1771 3755 86 21 section

1269 3782 43 21 No.
1319 3782 41 21 485
1371 3788 29 15 on
1411 3780 36 23 the
1456 3780 55 22 Plan
1522 3780 26 22 of
1551 3780 37 21 the
1599 3780 70 22 Town
1679 3780 26 21 of
1710 3780 146 28 Wellington,

1268 3808 84 27 having
1361 3808 113 26 frontages
1484 3814 60 20 upon
1554 3806 182 28 Lambton-quay
1743 3808 44 21 and
1797 3815 60 20 upon

1268 3835 242 27 Wellington-terrace.
1540 3833 112 22 One-half
1664 3835 22 20 of
1703 3834 37 21 the
1748 3834 110 28 purchase

1270 3869 80 20 money
1358 3861 44 22 will
1411 3862 28 21 be
1446 3860 95 23 allowed
1549 3864 23 19 to
1576 3860 89 23 remain
1673 3867 60 20 upon
1742 3864 116 24 mortgage

1269 3890 34 20 for
1312 3889 44 21 five
1366 3895 71 21 years,
1453 3891 24 18 at
1494 3890 26 19 10
1534 3895 40 20 per
1587 3891 60 18 cent.
1676 3889 78 21 Terms
1762 3895 55 20 may
1830 3888 28 22 be

1269 3915 93 23 learned
1371 3922 29 16 on
1410 3914 136 28 application
1557 3918 22 19 to
1601 3923 4 3 -

1538 3941 101 23 Hanson
1653 3940 47 24 and
1712 3940 119 25 Axzdorf.

2016 123 85 22 Town
2116 125 77 21 Land
2204 124 42 22 for
2261 125 68 21 Sale.

1882 156 92 33 npHE
1988 155 71 23 whole
2076 156 25 22 of
2115 160 58 19 town
2183 158 97 24 sections
2294 158 55 21 Nos.
2357 159 48 27 285,
2416 160 53 27 106,.

1889 182 30 23 X
1956 182 46 22 and
2017 183 46 26 878,
2074 183 45 22 and
2132 187 50 24 part
2191 185 27 21 of
2230 187 60 20 town
2305 184 96 23 sections
2415 179 47 33 20i,

1881 210 47 25 248,
1939 209 45 21 and
1999 210 40 21 528
2055 217 36 14 are
2104 210 82 22 offered
2195 211 35 22 for
2239 211 53 22 sale.
2321 210 59 22 Half
2390 211 26 22 of
2425 214 38 19 «c

1880 235 109 28 purchase
2004 242 81 20 money
2094 238 23 19 to
2126 237 85 22 remain
2222 244 29 15 on
2267 240 122 24 mortgage,
2400 240 23 19 at
2436 240 27 19 10

1881 269 43 20 per,
1929 264 59 19 cent.
2016 262 43 21 For
2067 262 137 28 particulars,
2215 264 66 28 apply
2289 267 25 18 to

2150 289 98 22 Hanson
2262 290 46 22 and
2321 290 116 22 Alzdorf.
2467 307 4 6 .

1996 333 120 27 Country
2131 335 77 21 Land
2222 335 42 21 for
2279 336 68 21 Sale.

1882 366 67 49 TO
1964 365 40 22 BE
2018 366 76 22 SOLD
2112 367 35 22 IN
2162 368 82 27 LOTS,
2260 372 23 18 to
2298 369 45 22 suit
2357 368 38 23 the
2411 376 52 15 con-

1947 393 116 21 venience
2075 393 24 21 of
2105 394 136 27 purchasers,
2250 395 44 22 No.
2302 397 13 20 3
2324 396 25 21 in
2359 396 37 21 the
2405 399 58 18 town

1882 419 91 26 district,
1984 419 44 21 No.
2037 420 28 21 44
2073 419 22 21 in
2105 420 38 22 the
2157 421 61 21 Hutt
2227 421 91 22 district,
2329 422 46 21 and
2384 422 42 21 No.
2436 423 29 29 6§

1881 446 24 20 in
1922 445 37 22 the
1978 445 92 22 Porirua
2088 445 85 23 district
2180 455 5 13 :
2200 447 51 22 half
2261 448 26 21 of
2302 448 38 22 the
2356 448 107 28 purchase
2472 462 7 4 -

1882 479 82 20 money
1973 471 45 22 will
2031 472 27 21 be
2068 469 93 25 allowed
2176 476 21 19 to
2207 474 84 21 remain
2302 481 29 15 on
2342 478 120 24 mortgage,

1883 502 22 18 at
1915 501 74 25 lO.per
1999 501 57 19 cent.
2084 498 45 22 For
2138 500 137 27 particulars,
2286 501 66 28 apply
2362 505 22 18 to
2406 508 3 3 •

2152 530 97 23 Hanson
2263 532 44 21 and
2321 532 116 22 Alzdorp.
2472 551 4 9 ,

1902 575 87 20 Town
2003 574 53 21 and
2072 574 122 26 Country
2208 575 77 21 Land
2298 577 30 19 to
2343 577 33 20 be
2391 577 57 20 Let.

1884 607 167 48 SECTIONS
2066 607 46 21 and
2127 607 100 26 portions
2243 607 26 22 of
2282 608 100 23 Sections
2396 609 24 22 in
2434 608 49 30 au\

1952 637 61 24 parts
2030 633 25 22 of
2069 633 38 22 the
2125 633 70 22 Town
2214 633 25 22 of
2254 633 145 29 Wellington,
2417 635 46 22 also
2472 631 11 7 *

1883 661 99 26 Country
1992 660 98 22 Sections
2104 660 25 21 in
2139 659 37 22 the
2194 659 95 22 districts
2306 661 27 20 of
2345 661 36 22 the
2397 661 65 27 Hutt,

1883 687 38 21 the
1933 687 85 27 Kaiori,
2030 687 37 22 the
2077 686 76 28 Ohiro,
2165 686 46 22 and
2223 686 37 22 the
2275 687 108 22 Porirua.-
2401 688 64 27 Long

1882 713 70 22 leases
1962 713 27 22 of
1995 713 37 22 the
2049 716 94 23 country
2152 713 55 22 land
2222 713 46 21 will
2282 714 33 25 be,
2325 714 93 27 granted
2435 722 32 15 on-

1882 740 130 22 reasonable
2023 744 76 18 terms.'
2124 740 44 22 For
2177 739 132 28 particulars
2318 740 66 28 apply
2394 744 21 18 to

1909 770 98 22 Hanson
2018 771 44 22 and
2075 772 117 26 Alzdorf,
2202 767 199 31 Thorndon-quay,
2410 779 24 14 or
2442 774 23 19 to
2472 789 3 4 .

1909 798 96 21 Robert
2015 798 92 26 Stokes,
2117 798 66 21 Land
2197 798 112 26 Surveyor
2324 798 46 22 and
2382 798 82 28 Agent,

2064 824 221 23 Woolcomb-street?
