3340 4280
216 114 423 48 Hot
780 114 705 48 Lakes
1626 114 1409 48 Chronicle.

737 389 505 40 TOURISTS'
2120 389 482 39 CTOTTJEttSTJ+Tj.

486 503 451 85 Circulating
959 501 455 85 throughout
1437 499 127 68 the
1588 497 290 69 Tourist
1922 499 305 68 Resorts
2276 501 80 68 of
2390 503 127 67 the
2561 503 267 69 World.

109 662 53 19 VOL.
177 663 18 15 4.
224 660 41 19 No.
281 660 37 18 182

1332 650 215 22 ROTORUA.N.Z.,
1566 649 186 21 WEDNESDAY,
1770 649 62 19 MAY
1847 650 31 22 27,
1898 651 46 17 1896

2883 657 256 24 PBICE—THBEEPEK
3144 663 32 18 CE

108 746 21 25 BY
141 743 86 26 SPECIAL
253 743 73 42 ggg
338 743 150 23 APPOINTMENT

134 792 58 27 ASK
218 790 144 26 GROCERS
387 790 57 26 FOR

136 1058 160 26 CEYLON

138 1094 132 25 INDIAN
303 1093 30 25 &

137 1129 183 25 BLENDED

216 1168 151 19 AWARDED

114 1196 68 24 GOLD
193 1195 56 24 AND
259 1195 96 23 SILVER
367 1195 109 23 MEDALS

127 1237 59 25 Why
200 1237 46 25 buy
261 1236 96 20 Inferior
371 1235 56 21 Teas
442 1237 64 19 when

89 1270 35 21 you
137 1269 42 15 can
194 1264 36 25 get
246 1263 23 19 N.
286 1262 27 20 M.
329 1262 17 19 &
362 1262 54 20 Co.'s
430 1264 24 18 at
470 1263 37 19 the

89 1296 50 16 same
154 1290 66 25 price.
255 1289 35 19 All
304 1288 77 21 others
400 1294 39 14 are
454 1289 53 25 only

89 1318 64 24 copies
171 1317 23 19 in
214 1321 72 17 name,
301 1315 45 19 and
367 1320 39 14 are
421 1315 84 25 pushed

89 1345 28 19 for
128 1343 64 20 extra
206 1341 73 27 profit.

129 1378 13 12 A.
151 1376 44 17 proof
207 1376 16 13 of
235 1376 26 12 tho
273 1375 93 17 superiority
378 1375 17 12 of
404 1374 17 14 N.
435 1375 20 13 M.
465 1375 10 13 A

115 1394 37 13 Co.'s
162 1394 39 12 Te:is
207 1393 12 12 is
230 1392 27 13 tho
266 1392 31 13 faet
307 1392 34 12 Hint
350 1391 74 13 nlthoiiL'h
432 1390 43 14 there

114 1415 24 8 no
148 1409 77 13 humlreila
237 1409 16 12 uf
264 1408 53 17 packet
327 1409 33 11 te.is
371 1411 20 9 on
403 1408 26 12 tho
439 1411 27 10 mar-

115 1426 30 16 ket,
163 1425 18 15 N.
193 1425 22 14 M.
228 1425 12 13 &
254 1425 40 13 Co.'s
310 1425 38 12 Tens
363 1428 26 9 are
406 1423 14 14 in
439 1424 37 13 such

115 1442 63 14 dflma-'il
187 1442 35 13 tbi'.t
235 1441 36 16 they
323 1441 53 15 nearly
387 1440 90 13 onc'-fourlh

115 1460 14 12 of
146 1459 26 13 tho
190 1458 49 13 whole
256 1458 16 12 of
289 1458 26 12 the
333 1458 25 12 tea
376 1457 87 13 consumed.

89 1479 96 25 SOLD
223 1475 282 26 EVERYWr!En~

170 1594 48 24 Do
232 1593 55 24 not
300 1592 118 30 Forget

169 1639 250 47 CRAIG'S

133 1704 165 20 CURIOSITY
319 1703 79 18 SHOP
417 1702 47 19 and
489 1699 8 32 jr

228 1730 139 22 MUSEUM,

158 1771 112 25 Opposite
277 1769 79 21 Grand
363 1769 76 23 Hotel,

120 1810 127 29 PRINCES
258 1811 43 28 ST,
313 1810 149 26 AUCKLAN!

96 1888 26 12 .='•';,

199 1873 114 22 sssam-
325 1875 14 14 ■-
367 1879 18 16 .-:
410 1872 109 23 '-Mmm

171 1935 141 17 INSURS
338 1935 73 15 iAiITI

88 1969 133 19 THESOtTTH
232 1968 94 17 BRITISH
335 1968 76 16 FIRE&
421 1967 63 16 MARI

159 1992 36 16 Coy
212 1990 30 17 OF
254 1990 53 15 M'-W
317 1989 120 17 ZEALAND.

87 2015 71 16 Caot»l
416 2011 102 16 <:i,000,000

129 2034 94 17 Unlimited
239 2033 73 20 liability
322 2032 17 16 of
346 2032 11 16 S
367 2031 108 19 laithnjdei*.

87 2057 53 17 Beiuir
148 2062 9 10 a
167 2055 77 17 C-jlonial
258 2053 101 19 Institution
375 2053 62 16 Profits
451 2058 28 10 nro
491 2052 18 17 in-

235 2081 13 9 v,
251 2074 39 16 ■-.•'.1
300 2074 1 21 ■
312 2074 54 21 ■••ally.

89 2099 44 17 Head
150 2097 69 20 Orficflf.
226 2096 6 18 i
428 2093 91 17 Auckland

87 2120 47 17 Loci
145 2123 50 13 „„,„,(
376 2117 10 14 J
406 2116 25 18 W.
440 2116 79 20 Wrijiley

91 2182 207 45 Rotorua
322 2176 197 48 Sawmill

174 2237 247 54 Company:

96 2324 116 19 tTTHITE
228 2324 52 17 AND
298 2323 52 17 RED
369 2322 63 18 PINE
453 2321 19 18 of
489 2321 31 17 the

102 2346 27 21 1>
173 2349 57 17 finest
237 2347 74 21 quality
319 2345 38 18 and
373 2345 91 23 carefully
481 2346 39 16 cut.

272 2370 64 17 ALSO

88 2400 87 24 Matai,
207 2398 127 26 Pukatea,
364 2396 50 23 and
442 2396 79 22 Tawa

126 2429 130 29 Shingles,
267 2427 116 29 Palings,
397 2426 97 23 Blocks

231 2458 51 23 and
289 2458 77 23 Posts

112 2493 18 18 A
144 2491 53 26 good
208 2490 40 20 and
259 2489 90 20 assorted
360 2488 73 26 supply
445 2488 77 24 always

89 2525 22 13 on
121 2517 53 20 hand
186 2519 21 18 at
218 2516 33 20 the
262 2515 81 20 Timber
357 2515 61 23 Yard,

211 2548 182 18 ROTORUH.

89 2578 160 23 N.B.—Special
258 2584 45 14 care
314 2577 62 19 taken
388 2576 19 20 in
426 2577 35 17 (lie
479 2582 43 12 sea-

90 2643 104 20 PRICBS
207 2641 40 19 AT
261 2640 143 19 CURRENT
418 2639 104 19 RATES.

127 2676 38 18 W.
181 2671 167 24 HBNSHAW,
359 2672 120 22 Manager.

183 2723 29 42 P.
256 2721 173 47 GOODSON,

232 2773 151 34 ROTORUA

92 2822 82 31 COAL
191 2820 26 32 &
238 2817 168 34 FIREWOOD
425 2816 98 36 YARD,

176 2867 27 17 I'i
212 2864 107 19 KUATUA
333 2862 101 22 STREET,

114 2949 64 18 Goods
186 2945 94 20 delivered
288 2945 50 18 after
351 2944 69 18 arrival
434 2944 20 17 of
466 2943 61 18 trains

92 2977 18 13 to
120 2973 25 18 all
153 2972 53 23 parts
216 2971 19 16 of
243 2970 32 17 the
284 2970 52 15 town
345 2967 45 18 with
400 2968 126 22 promptness.

92 3009 60 18 Lar<re
162 3007 57 18 Stock
232 3006 21 17 of
268 3005 46 18 Conl
331 3005 38 17 and
385 3003 99 19 Firewood
498 3003 20 17 al-

162 3036 51 16 ways
222 3036 25 10 on
254 3028 52 18 hand
316 3027 37 18 and
362 3027 96 18 delivered

217 3055 20 15 at
245 3053 32 16 the
290 3052 82 17 shortest
382 3052 21 15 at

94 3095 65 23 GEE
160 3092 88 24 ATLY
253 3090 153 24 REDUCED
411 3090 44 22 RA
460 3089 50 23 TES-

95 3219 434 37 CARPEKTEE,

200 3262 104 19 FENTON
322 3260 101 22 STREET,

190 3296 98 17 Opposite
338 3293 80 20 Grand.

119 3326 67 18 Sashes
195 3325 54 17 made
258 3325 20 17 to
287 3323 61 18 order.

120 3380 249 56 ADDA
388 3379 99 27 r\\f

96 3445 113 21 BARBER
234 3443 58 21 AND
323 3442 208 24 HAIRDRESSER,

97 3478 91 43 BEGS
199 3480 21 16 to
231 3481 104 14 announce
346 3475 45 18 that
397 3474 26 19 ho
436 3474 37 19 has
479 3480 55 13 com*

165 3502 83 21 menced
259 3502 93 19 business
362 3501 20 19 iu
395 3500 34 20 the
446 3501 52 24 shop
512 3499 21 19 in

98 3533 34 20 the
148 3531 33 18 old
197 3532 59 18 town,
277 3527 96 24 formerly
393 3526 96 25 occupied
507 3526 27 24 hy

98 3559 33 19 Mr
140 3555 124 24 McEadyen,
274 3553 86 22 saddler,
379 3553 39 18 and
436 3553 63 24 hopes
513 3554 21 16 to

98 3584 59 20 merit
169 3590 11 12 a
190 3584 59 17 share
260 3580 21 19 of
291 3579 35 19 the
337 3579 69 25 public
416 3580 91 23 support.

181 3613 158 22 RAZORS
369 3613 77 18 SET.

122 3685 21 18 A
152 3683 84 20 Choice
248 3680 151 19 Assortment
413 3678 27 18 of
451 3678 71 18 Tobac-

99 3714 46 15 cos,
155 3706 87 25 Cigars,
253 3703 130 24 Cigarettes
390 3702 21 18 &
418 3701 118 19 Smoker's

100 3730 139 24 Requisites.

117 3779 10 13 i
145 3773 158 21 UCKLAXD
317 3770 218 19 ADVERTISING

115 3788 16 12 *
137 3816 9 3 _
257 3794 112 21 AGENCY,

235 3829 89 18 Arcade,
339 3826 72 19 Queen
428 3825 85 17 Street.

155 3859 123 22 Advertising
284 3858 19 16 in
313 3857 25 17 all
350 3857 25 16 its
383 3852 98 22 branches.

101 3887 52 19 New,
169 3884 76 22 Unique
261 3880 38 18 and
312 3880 85 17 Tasteful
414 3878 98 18 Advertisi
526 3896 10 5 w

273 3903 93 18 Medium.

124 3932 69 18 Orders
203 3930 49 17 from
261 3927 25 17 all
294 3927 54 22 parts
357 3925 91 17 attended
456 3925 21 17 to
491 3924 46 17 with

102 3961 41 12 care
153 3953 37 19 and
199 3951 115 23 expedition.

127 4005 43 43 G
183 4003 45 19 EO
231 3999 161 46 -M°A
404 3996 104 19 ULEY
509 4010 5 8 '

104 4074 122 25 Plumber
243 4071 22 23 &
275 4067 113 27 General
400 4065 137 24 Mechanic

197 4131 130 19 Tuta-Nekai
346 4125 93 22 Street,

823 912 280 50 ROTORUJI.
1150 911 126 47 .NEW
1314 908 274 50 ZEJHJLND.

576 1004 179 17 OTORUA.—This
764 1004 106 17 wonderful
878 1003 72 17 district
959 1003 15 16 is
983 1002 130 23 unparalleled
1121 1002 20 17 in
1150 1002 33 17 the
1190 1002 71 16 known
1270 1000 59 19 world
1339 1001 30 17 for
1376 1001 33 17 the
1418 1000 80 18 number
1506 999 37 18 and
1553 999 72 22 variety
1635 999 19 17 of
1663 999 24 16 its
1696 998 88 18 Thermal
1794 997 85 24 Springs.

600 1028 25 16 As
634 1033 10 11 a
653 1027 65 17 health
727 1028 61 16 resort
796 1028 25 16 its
830 1026 107 23 popularity
946 1026 16 17 is
971 1025 74 22 rapidly
1054 1025 112 23 increasing,
1177 1025 38 17 and
1228 1025 42 17 that
1285 1025 80 21 entirely
1383 1030 25 11 on
1421 1024 24 16 its
1463 1029 43 11 own
1523 1023 70 17 merits,
1611 1028 21 11 as
1647 1022 85 17 hitherto
1748 1021 83 23 nothing
1847 1021 33 17 has

530 1051 48 18 been
586 1050 49 18 done
642 1051 22 17 in
671 1050 33 18 the
712 1056 44 17 way
763 1050 22 18 of
792 1049 123 24 advertising.

554 1075 84 16 Patients
649 1073 90 23 suffering
747 1073 49 18 from
807 1073 86 21 Chronic,
903 1072 100 20 Articular,
1013 1072 39 17 and
1058 1071 100 19 Muscular
1165 1070 129 21 rheumatism,
1306 1070 56 19 Gout,
1372 1070 166 19 RhumaticGout,
1553 1068 46 18 Skin
1608 1068 91 20 Diseases,
1717 1068 87 19 Sciatica,
1821 1067 45 18 Lum-

530 1097 56 23 bago,
607 1096 109 24 Neuralgia,
734 1096 87 18 Nervous
838 1095 125 20 Exhaustion,
980 1095 79 17 Uterine
1076 1094 100 21 Ailments,
1193 1094 38 17 and
1247 1094 56 22 tardy
1320 1094 142 17 convalescense
1478 1092 51 18 from
1545 1093 55 16 acute
1616 1091 81 17 diseases
1713 1097 44 16 may
1773 1091 41 22 rely
1830 1096 52 16 upon

532 1120 98 12 ~i.t.,;,,;,,,,.
639 1119 90 18 immense
739 1119 59 22 relief,
809 1119 37 17 and
855 1120 19 17 in
882 1119 31 18 the
923 1118 89 22 majority
1021 1119 19 16 of
1049 1124 51 11 cases
1110 1124 10 12 a
1129 1118 92 21 complete
1231 1122 49 12 cure.

555 1180 53 17 THE
621 1179 112 19 PRIEST'S
743 1179 146 19 BATH.—This
898 1179 15 18 is
922 1178 87 24 strongly
1017 1179 48 17 acid,
1080 1179 113 20 aluminous,
1209 1178 80 21 sulphur
1306 1179 64 18 water,
1388 1177 66 22 acting
1471 1183 20 11 as
1508 1181 11 12 a
1535 1175 93 24 powerful
1644 1175 42 17 skin
1703 1175 105 17 stimulant.
1842 1174 41 18 Hot

532 1204 37 17 and
579 1203 41 18 cold
630 1203 87 20 showers,
728 1203 36 18 and
775 1203 82 18 douches
866 1209 30 10 are
905 1201 90 24 provided
1004 1202 37 17 and
1050 1202 127 21 comfortably
1186 1200 85 18 enclosed
1281 1200 87 21 dressing
1376 1206 63 11 rooms

558 1227 111 16 MADAME
691 1227 126 17 RACHEL'S
838 1225 145 18 RATH.—This
992 1225 104 17 celebrated
1107 1225 71 22 Spring
1184 1224 18 18 is
1209 1230 12 12 a
1237 1224 62 16 Saline
1314 1226 58 14 water
1386 1224 47 16 with
1450 1223 90 19 Silicates,
1556 1222 37 17 and
1607 1222 33 17 lias
1657 1228 24 10 an
1695 1221 81 18 alkaline
1793 1221 89 17 reaction.

533 1251 37 16 The
581 1252 57 14 water
648 1250 15 16 is
672 1250 39 16 also
720 1256 22 10 us
750 1249 16 18 >d
775 1249 103 23 internally
887 1249 29 17 for
924 1249 24 17 its
957 1247 97 19 beneficial
1063 1248 62 17 action
1136 1254 24 11 on
1169 1247 32 18 the
1209 1247 85 21 kidneys.

556 1273 53 17 THE
629 1272 70 18 BLUB
720 1268 149 21 RATH.—This'
883 1273 14 16 is
914 1272 31 17 the
962 1271 71 23 largest
1050 1273 75 15 natural
1144 1270 108 22 swimming
1267 1270 48 17 bath
1329 1270 20 17 in
1364 1270 32 17 the
1414 1269 94 18 Southern
1517 1268 130 22 Hemisphere.
1673 1268 19 17 It
1701 1268 70 16 affords
1779 1267 105 17 rheumatic

534 1296 79 17 invalids
623 1301 8 12 a
642 1302 64 10 means
715 1296 19 17 of
744 1296 68 23 taking
820 1296 81 21 painless
910 1294 87 20 exorcise,
1007 1295 61 17 which
1078 1294 46 22 they
1132 1293 69 24 highly
1210 1293 112 22 appreciate.

558 1319 51 18 THE
619 1319 122 17 SULPHUR
751 1319 106 17 VAPOUR
866 1317 146 19 BATH.—This
1017 1317 16 19 is
1038 1324 12 12 a
1055 1317 79 18 natural
1138 1317 36 17 hot
1177 1322 81 18 vapour,
1262 1315 70 25 highly
1338 1315 84 24 charged
1425 1315 47 18 with
1480 1315 79 22 sulphur
1568 1320 59 18 gases,
1640 1313 105 18 conducted
1759 1313 41 18 into
1814 1319 12 12 a
1840 1319 33 17 pro-

534 1342 53 24 perly
597 1341 118 19 constructed
725 1342 58 21 chest,
793 1342 19 18 in
822 1341 62 18 which
889 1341 33 18 the
928 1341 34 18 the
965 1341 75 22 patient
1049 1341 39 19 sits,
1099 1341 56 16 while
1164 1347 10 10 a
1182 1342 68 15 stream
1257 1340 19 16 of
1282 1340 87 22 palpable
1378 1339 80 21 sulphur
1464 1339 15 16 is
1485 1339 58 20 being
1548 1338 107 21 constantly
1662 1337 96 22 deposited
1766 1343 24 10 on
1797 1337 32 16 tl—

558 1366 52 17 THE
631 1366 59 16 NEW
712 1365 124 18 SULPHUR
857 1364 144 17 RATH.—This
1013 1364 16 17 is
1042 1370 11 11 a
1066 1369 45 17 very
1124 1364 66 22 strong
1202 1362 59 18 acidic
1273 1365 59 14 water
1345 1362 20 18 of
1376 1362 48 22 high
1437 1362 133 23 temperature,
1584 1360 37 18 and
1638 1360 87 23 strongly
1743 1366 68 11 recomi

535 1389 17 17 in
571 1393 50 13 cases
638 1388 19 18 of
674 1388 125 18 rheumatism
806 1388 40 18 and
853 1386 58 20 allied
918 1387 86 18 diseases.
1029 1387 40 18 The
1077 1387 47 17 bath
1139 1387 59 17 house
1214 1386 16 18 is
1247 1386 75 17 divided
1338 1386 41 16 into
1395 1385 69 17 Ladies
1480 1385 38 17 and
1534 1384 122 18 Gentlemens
1672 1383 130 23 departments
1816 1383 37 16 and
1870 1383 15 16 is

536 1411 76 24 capable
621 1411 20 18 of
649 1411 165 22 accommodating
822 1412 34 17 400
866 1411 75 17 bathers
950 1410 57 18 daily.

560 1435 52 18 THE
621 1434 163 19 ELECTRICAL
794 1433 253 20 DEPARTMENT.—This
1056 1433 121 23 department
1192 1433 16 16 is
1224 1432 72 23 replete
1311 1433 48 16 with
1372 1432 33 17 the
1422 1433 50 16 most
1485 1432 79 17 modem
1580 1430 107 23 appliances
1704 1431 30 16 for
1750 1429 89 24 carrying
1853 1430 33 16 out

536 1459 75 16 various
620 1459 58 15 forms
687 1458 21 17 of
716 1459 77 16 medical
804 1457 92 18 electrical
908 1458 100 15 treatment
1016 1456 19 18 in
1047 1456 47 19 their
1106 1456 87 23 entirety.

561 1481 22 18 Tl
589 1475 4 24 I
600 1481 14 18 B
621 1481 189 17 HYDROPATHIC
818 1480 114 18 PACKING
940 1480 53 16 AND
1000 1480 120 17 MASSAGE
1126 1479 226 19 DEPARTMENT.—A
1359 1479 56 16 series
1421 1479 19 16 of
1447 1484 62 11 rooms
1516 1484 30 10 are
1555 1476 98 19 furnished
1663 1477 36 16 and
1709 1477 27 16 set
1743 1477 55 21 apart
1806 1475 29 18 for
1842 1475 44 18 each

537 1510 12 12 si
554 1512 21 9 '.\.
583 1505 19 16 in
609 1504 54 17 order
668 1505 20 16 to
697 1510 54 17 carry
757 1507 34 15 out
800 1505 38 17 this
843 1505 103 21 important
953 1503 79 23 adjunct
1037 1505 20 15 to
1064 1505 109 15 treatment.
1180 1503 38 17 The
1224 1503 79 17 services
1310 1503 19 17 of
1334 1508 11 12 a
1350 1501 90 24 qualified
1447 1501 95 18 Masseuse
1548 1501 37 16 and
1592 1501 83 16 Masseur
1684 1506 31 11 are
1724 1499 115 18 obtainable.

539 1560 86 18 Resident
637 1560 107 21 Engineer:
921 1555 4 26 •
1433 1558 90 17 Resident
1532 1557 80 16 Medical
1623 1555 170 23 Superintendent:

608 1584 116 15 CAMTLLE
738 1583 132 16 MALT-ROT.
881 1583 45 16 Eso.
1512 1580 102 17 ALFRED
1628 1580 120 19 GINDERS,
1763 1578 53 19 M.D.

736 1725 415 71 UMM&t:

925 1860 54 15 rom
997 1852 122 27 Rotorua,
1143 1851 134 31 adjoining
1291 1851 151 31 interesting
1453 1851 81 22 native
1547 1850 143 23 settlement.

1825 1725 74 159 I

1066 2017 68 23 PA
1160 2017 23 23 T
1199 2018 24 21 R
1243 2016 22 23 O
1282 2017 32 22 N
1332 2016 21 23 S
1364 2025 9 16 ;

685 2049 54 19 Earl
764 2049 27 19 of
812 2049 106 22 Kintore,
945 2048 54 19 Earl
1024 2049 27 18 of
1073 2049 101 21 Onslow,
1197 2048 104 24 Marquis
1322 2048 27 19 of
1367 2047 130 23 Drogheda,
1521 2047 61 18 Lord
1602 2046 147 24 Carrington.

545 2074 88 18 rinTHS
646 2074 94 18 lIOTKL
750 2073 37 18 lias
798 2072 88 22 recently
898 2073 51 18 been
959 2072 142 25 considerably
1110 2072 103 23 enlarged,
1226 2072 116 23 renovated,
1354 2072 40 18 and
1405 2070 129 21 refurnished
1545 2070 114 25 regardless
1668 2072 21 17 of
1705 2075 94 21 expanse,
1820 2070 40 18 and
1877 2070 16 18 is

555 2094 19 26 |_
611 2099 72 25 widely
694 2099 74 18 known
779 2100 32 17 for
821 2099 27 18 its
858 2098 99 19 excellent
967 2098 178 21 accommodation,
1158 2098 88 22 Cuisine,
1259 2098 33 19 &c.

920 2132 72 25 Here
1005 2142 46 15 are
1063 2133 40 24 the
1119 2133 81 31 Chief
1207 2133 90 30 Sights
1308 2133 33 31 of
1348 2133 41 22 the
1402 2131 119 24 District.

673 2174 48 19 The
880 2174 80 18 Steam
969 2173 46 18 and
1024 2173 49 19 Hot
1175 2172 130 23 Petrifying
1314 2173 100 21 Geysers
1429 2172 80 23 playing
1522 2171 65 23 nearly
1606 2172 32 16 100
1655 2171 38 17 i'eet
1709 2170 53 24 high.

544 2198 131 23 Petrifying
684 2198 107 23 Geysers,
802 2197 129 19 Cauldrons
940 2197 26 17 of
973 2196 91 24 Boiling
1072 2197 58 18 Mud
1140 2196 47 18 and
1195 2195 42 19 Oil.
1264 2196 76 23 Spout
1349 2195 66 23 Bath,
1427 2195 34 18 Oil
1472 2195 65 21 Bath,
1548 2194 71 19 Alum
1628 2194 61 18 Bath
1698 2194 20 18 &
1733 2194 79 18 Jack's
1826 2193 65 18 Bath.

545 2223 81 18 Known
637 2223 32 18 for
677 2221 34 20 the
719 2221 154 24 extraordinary
883 2227 56 12 cures
946 2221 21 17 of
978 2220 149 24 Rheumatism,
1138 2220 119 24 .Neuralgia,
1268 2219 113 25 Lumbago,
1390 2219 91 23 Sciatica,
1491 2218 88 24 Kidney,
1592 2218 61 19 Liver
1661 2217 41 20 and
1708 2217 58 20 other
1775 2216 119 26 complaints

661 2256 42 47 C.
731 2257 41 44 E.
794 2253 236 52 .NELSON,

957 2312 103 26 Guide

1359 2310 125 33 Sophia.

1496 2253 281 55 Proprietor.

969 2529 38 23 On
1031 2530 41 22 the
1096 2529 91 23 Direct
1210 2529 81 23 Route
1312 2532 22 20 to
1354 2528 120 23 Rotorua-

783 2570 46 18 For
846 2569 106 23 Scenery,
968 2569 110 19 Curative
1090 2569 132 23 Properties
1232 2569 26 18 of
1264 2569 40 18 the
1314 2568 73 19 Baths
1397 2568 45 19 and
1451 2566 208 22 accommodation,

691 2602 123 25 EXCEL
846 2601 70 25 ALL
949 2601 140 26 PLACES
1121 2601 46 25 OF
1198 2601 74 24 THE
1307 2601 87 24 KIND
1428 2600 32 25 IN
1493 2599 73 25 THE
1599 2598 161 25 COLONY.

587 2667 52 19 'hese
755 2665 66 20 which
833 2665 31 19 for
875 2664 52 19 their
946 2664 96 19 Curative
1053 2664 117 26 Properties
1181 2665 39 17 and
1230 2663 139 19 Comfortable
1380 2663 95 24 Fittings,
1487 2662 53 19 have
1552 2662 49 19 been
1618 2662 130 25 pronounced
1764 2661 28 25 by
1808 2661 27 19 all
1852 2662 44 19 who

547 2698 52 14 liavo
619 2693 74 19 visited
713 2692 56 20 them
786 2696 76 15 second
880 2696 23 13 to
922 2696 54 13 xoxe
992 2696 22 13 in-
1031 2691 52 18 New
1100 2691 106 18 Zealand.
1235 2689 42 20 The
1291 2696 110 13 numerous
1413 2688 134 19 testimonials
1557 2688 91 19 received
1659 2695 22 12 as
1693 2690 21 17 to
1724 2688 54 19 their
1788 2695 57 12 cures
1855 2688 41 19 and

547 2719 85 19 comfort
644 2719 75 18 should
739 2719 26 17 be
783 2717 98 20 sufficient
899 2718 21 18 to
937 2717 71 18 induce
1023 2717 93 18 Tourists
1133 2716 41 19 and
1187 2718 67 17 others
1271 2719 20 15 to
1301 2716 47 18 visit
1361 2715 62 19 them.
1452 2715 32 18 No
1496 2717 56 16 extra
1562 2714 75 25 charge
1648 2714 17 19 is
1675 2714 60 19 made
1745 2714 32 19 for
1787 2714 34 19 the
1831 2721 36 12 use
1877 2714 21 19 of

548 2746 35 18 the
593 2745 61 19 baths
664 2748 20 16 to
695 2751 84 18 persons
790 2743 82 25 staying
881 2745 20 16 at
912 2743 34 18 the
956 2742 61 19 hotel.

868 2790 83 25 THE
977 2776 241 40 OKOROIRE~
1227 2785 285 31 SANATORIUM

575 2834 22 19 Is
606 2833 109 20 connected
725 2833 51 18 with
787 2832 34 19 the
832 2831 134 25 Telegraphic
977 2834 74 19 system
1062 2831 20 19 of
1094 2831 34 18 the
1138 2830 82 25 Colony,
1232 2831 34 18 the
1274 2830 116 25 Telegraph
1401 2830 62 18 Office
1473 2829 108 25 adjoining
1592 2829 33 18 the
1637 2829 70 18 Hotel.
1736 2829 36 18 All
1780 2829 118 24 Telegrams

551 2859 101 27 promptly
661 2859 77 23 replied
749 2862 27 15 to.

576 2886 96 22 Coaches,
684 2886 99 24 Buggies,
795 2884 40 19 and
846 2883 142 24 Conveyances
997 2884 21 18 of
1028 2883 26 19 nil
1065 2883 62 19 hinds
1146 2883 56 18 leave
1220 2882 41 18 tin's
1278 2882 63 19 TTotel
1359 2888 24 12 on
1403 2881 111 24 Tuesdays,
1536 2881 123 24 Thursdays,
1679 2880 40 19 and
1738 2880 119 25 Saturdays,
1877 2886 22 13 or

549 2912 56 25 daily
613 2912 18 19 if
641 2911 104 25 required.
788 2910 87 19 Persons
894 2916 24 12 en
938 2912 57 15 route
1014 2909 32 19 for
1065 2909 89 19 Rotorua
1171 2916 34 11 are
1224 2909 103 17 therefore
1347 2908 85 18 enabled
1455 2911 18 15 to
1494 2907 47 19 visit
1552 2906 34 19 the
1602 2907 92 18 wonders
1703 2907 22 18 of
1738 2907 104 22 Okoroiro,
1859 2907 40 18 and

550 2938 61 26 enjoy
621 2938 35 18 the
666 2937 91 19 Natural
767 2937 44 19 Hot
820 2936 66 19 Baths
895 2935 40 19 and
944 2942 11 12 a
965 2935 56 24 day's
1032 2939 41 15 rest
1084 2936 94 24 previous
1188 2938 20 16 to
1220 2935 139 24 undertaking
1369 2940 12 12 a
1390 2934 87 25 journey
1489 2936 20 16 to
1519 2933 35 19 the
1566 2933 73 19 Lakes.

1112 2983 82 16 THIS
1220 2983 121 16 HQTEL

723 3014 46 18 Has
777 3013 90 23 recently
879 3018 48 12 reon
938 3011 85 25 Greeted,
1033 3011 40 19 and
1088 3012 17 18 is
1115 3011 77 25 replete
1202 3011 49 19 with
1268 3018 60 17 every
1339 3011 86 18 comfort
1435 3011 32 18 for
1476 3009 93 19 Tourists
1579 3009 39 19 and
1629 3009 99 19 Invalids.

642 3035 125 27 .—Tourists
776 3042 21 18 to
806 3037 104 21 Botorua!
940 3037 29 19 Be
978 3044 47 13 sure
1037 3040 21 16 to
1076 3037 48 19 take
1143 3044 50 18 your
1212 3038 83 24 rai.way
1315 3037 73 19 tickets
1406 3037 32 18 for
1454 3036 115 19 Okokoihe.
1607 3036 143 24 Conveyances
1765 3037 53 17 meet
1837 3035 62 19 trains

552 3069 103 21 Okoroire,
667 3067 97 24 carrying
773 3071 121 20 passengers
904 3067 20 16 to
936 3063 63 20 Hotel
1008 3064 43 19 free
1067 3064 21 18 of
1098 3063 81 25 charge.

815 3408 244 40 EXPRESS
1096 3407 135 38 LINE
1267 3406 69 40 OF
1374 3405 267 40 COACHES.

557 3462 229 56 Carrying
806 3462 96 44 .Her
928 3459 255 57 .Majesty's
1219 3458 136 46 .Mails
1388 3470 50 34 as
1478 3469 82 43 per
1591 3456 312 53 Time-tables,

720 3529 275 21 TAURANGA-KOTOKUA
1008 3528 60 19 LUTE

713 3572 68 22 depart
828 3570 86 21 Tuesday
923 3569 38 17 and
969 3568 95 22 Saturday

825 3662 86 19 Monday
927 3661 38 17 and
981 3660 50 18 Fridi

1079 3592 51 16 10.30
1140 3598 43 10 a.m.

1078 3615 52 16 10.45
1139 3620 44 11 a.m.

1232 3568 85 17 Rotoiua
1373 3567 67 22 depart

1233 3590 97 18 Ateamuri
1374 3590 68 22 depart

1232 3613 94 19 Wairakei
1374 3613 67 22 depart

1232 3638 71 21 Taapo,
1376 3637 60 16 arrive

1231 3660 72 22 Taupo.
1376 3659 66 22 depart

1232 3683 94 17 Wairakei
1376 3683 66 21 depart

1232 3706 104 21 Ateamuri,
1378 3705 64 23 depari

1377 3729 60 16 arrive

1373 3567 67 22 depart
1488 3565 119 21 Wednesday
1623 3565 38 17 and
1683 3565 95 22 Saturday

1374 3590 68 23 depart
1538 3601 10 7 ~
1717 3601 12 7 ~

1376 3659 68 22 depart
1491 3657 99 22 Thursday
1604 3657 38 17 and
1658 3657 85 22 Monday

727 3788 127 33 Special
867 3787 230 31 Conveyances
1110 3785 158 32 arranged
1281 3785 49 25 for
1343 3785 34 25 at
1389 3784 55 25 the
1457 3782 147 27 Shortest
1616 3781 122 26 Notice.

885 3822 201 28 STABLES:
1104 3822 170 26 Tutanekai
1303 3822 112 30 Street,
1438 3821 144 25 Rotorua.

724 3867 114 32 Buggies,
856 3864 118 32 Gceicfyes
991 3864 52 31 ai?d
1061 3863 96 29 -Saddle
1284 3871 32 24 ei?
1334 3863 52 31 tyre
1404 3870 30 24 gi?
1452 3861 46 32 tf?e
1516 3861 119 31 goriest
1653 3859 96 33 %>tiGe.

1046 3905 131 16 TERMS
1205 3904 218 17 MODERKTS.

911 3936 145 31 Telegrams
1068 3935 54 23 and
1131 3934 100 23 Letters
1240 3933 150 32 pimctually
1404 3932 118 24 attended
1530 3934 29 21 to.

675 4005 114 26 Please
802 4003 75 25 note
889 4001 133 26 address

682 4046 61 63 e.
794 4040 461 68 ROBeRTSQN
1302 4038 212 66 &.CQ.
1552 4045 235 45 Rotorua.

893 4121 307 43 contractors
1223 4113 78 47 for
1315 4113 184 47 .Messrs
1519 4111 46 45 T.
1586 4109 129 49 Cook.
1735 4109 47 49 &
1804 4109 101 47 Son.

2103 745 59 24 Hot
2189 745 96 24 Lakes
2305 745 33 24 of
2355 745 70 26 New
2444 746 143 25 Zealand.

2042 895 28 18 IS
2084 895 21 17 A
2119 894 191 19 FIRST-CLASS
2324 894 207 19 TEMPERANCE
2544 895 106 20 HOTEL.

1992 932 237 23 HiN6MOH
2247 933 198 23 STREET,
2467 932 122 23 ROTO
2596 934 109 23 RUT*.

1903 997 84 28 rgMIIS
2000 997 60 17 NEW
2073 997 54 17 AND
2140 995 190 18 COMFORTABLE
2343 995 218 19 ESTABLISHMENT
2568 995 17 19 is
2592 996 84 18 situated
2682 997 22 17 in
2712 997 33 17 the
2752 1001 42 13 new

1911 1014 19 26 J[
1966 1019 96 24 township
2070 1019 20 19 of
2098 1020 91 19 Rotoru.i,
2199 1019 48 17 close
2257 1019 19 18 to
2286 1019 32 18 the
2327 1018 127 19 Government
2470 1018 119 19 Sanatorium
2603 1020 37 16 mid
2653 1020 66 20 Ruths,
2733 1019 61 17 which

2226 1042 90 23 comprise
2326 1042 31 17 the
2366 1041 107 19 celebrated

1903 1072 93 19 Priest's
2006 1072 66 22 Bath,
2084 1071 108 18 Madame
2201 1070 87 17 Rachol
2296 1070 79 21 Baths,
2386 1070 140 19 Chameleon
2537 1070 94 18 Douche
2640 1071 66 22 Bath,
2721 1071 74 22 Large
2804 1063 1 31 '

1975 1095 56 18 Blue
2041 1094 137 23 Swimming
2188 1094 65 21 Bath,
2270 1093 103 23 Sulphur
2385 1093 96 23 Vapour
2490 1093 61 18 Bath
2560 1094 46 18 and
2615 1094 111 18 Galvanic

2262 1117 98 22 Battery
2369 1117 65 21 Bath,

1904 1143 69 17 OVER
1985 1141 94 19 WHICH
2095 1140 85 18 LARGE
2198 1139 118 18 BATHING
2333 1139 141 19 PAVILIONS
2495 1139 71 18 HAVE
2588 1139 70 19 BEEN
2677 1139 119 18 ERECTED

2011 1164 44 19 with
2065 1170 101 11 numerous
2175 1162 91 24 Dressing
2283 1162 74 21 Booms,
2368 1164 35 17 etc.
2430 1162 75 19 Besides
2514 1163 51 18 these
2575 1162 52 19 (here
2636 1163 15 18 is
2660 1163 32 18 the

1905 1188 135 19 Pain-killer
2051 1187 67 22 Bath,
2133 1186 134 22 Coffee-pot,
2283 1186 132 18 Cameron's
2429 1185 47 19 and
2490 1185 128 19 Hinemaru
2632 1186 74 18 Baths
2719 1186 24 18 in
2758 1185 38 19 the

2211 1209 149 18 Sanatorium
2378 1209 113 19 Grounds.

1907 1256 112 20 Bathgate
2039 1255 73 20 House
2129 1261 37 12 nns
2183 1253 51 20 been
2254 1253 79 26 greatly
2350 1253 98 23 enlarged
2464 1253 31 20 far
2512 1253 92 19 Tourists
2620 1260 23 12 as
2662 1254 46 18 well
2726 1260 21 12 as
2768 1253 31 19 for

2145 1280 71 25 people
2230 1279 61 25 takinj

2163 1313 132 20 TERMS
2316 1315 231 18 MODERATE.

2085 1360 53 35 S.
2187 1360 52 34 T.
2264 1347 73 46 ~B
2363 1362 42 32 R
2429 1361 45 34 3
2499 1362 45 32 N
2568 1361 52 37 T,

2233 1405 242 17 PROPRIETOR.

1908 1432 73 28 N.B.—-
1982 1433 52 16 Musi
2044 1434 19 16 of
2074 1433 52 18 those
2136 1434 41 16 who
2187 1434 40 17 visit
2239 1434 74 19 Brent's
2322 1435 24 19 do
2356 1443 19 9 s.,
2384 1437 85 23 through
2478 1436 32 18 the
2525 1437 46 17 kind
2584 1439 182 17 recommendations
2783 1439 19 16 of

2250 1459 87 20 previous
2346 1461 108 17 customers.

1963 1587 404 35 VVnVL.nLh.I
2472 1606 9 15 ■
2507 1606 9 16 ■
2530 1606 47 18 w
2604 1606 9 17 ■
2644 1587 2 37 i

2013 1644 167 36 QUEER
2206 1644 204 35 STREET,
2429 1645 275 32 AUCKLAND.

2142 1693 107 18 UNDER
2262 1693 75 19 NEW
2350 1693 225 19 MANAGEMENT.

2131 1737 211 47 JOSEPJi
2376 1738 211 50 IeOE,

2041 1803 61 20 HLate
2112 1803 21 20 of
2142 1803 36 20 the
2187 1802 57 21 Lake
2253 1803 71 20 House
2340 1804 38 19 and
2396 1803 73 20 Palace
2483 1803 75 23 Hotels,
2573 1804 106 26 Rotorua.)

2161 1834 49 19 Has
2216 1835 51 23 just
2277 1835 71 18 taken
2361 1841 56 13 over
2425 1835 47 18 this
2482 1835 75 18 Hotel.

1914 1858 128 19 Travellers
2051 1858 48 18 will
2107 1858 48 18 find
2164 1863 70 18 every
2243 1858 97 18 Modern
2350 1858 162 19 Convenience
2521 1858 122 19 combined
2648 1858 59 19 with
2712 1858 93 23 Civility

2219 1881 46 19 and
2272 1881 97 24 Prompt
2375 1881 125 19 attention.

1940 1926 43 19 The
1995 1926 97 19 situation
2103 1926 21 19 of
2140 1926 35 19 the
2190 1925 124 20 Waveoley
2335 1926 82 20 renders
2437 1926 15 19 it
2472 1926 96 24 specially
2587 1926 120 20 convenient
2725 1926 32 19 for
2771 1925 34 20 the

1915 1952 118 25 Travelling
2044 1951 72 21 Public
2126 1952 40 19 and
2186 1952 86 20 Visitors
2290 1955 19 17 to
2327 1952 34 20 the
2378 1952 46 26 City
2441 1954 52 17 from
2510 1952 34 19 the
2559 1952 91 26 Couutry
2667 1953 28 24 by
2715 1952 53 19 train
2785 1959 20 12 or

1914 1980 93 17 steamer.

1915 2004 103 30 Special
2029 2004 207 28 Arrangements
2246 2005 75 22 made
2331 2005 40 22 for
2384 2005 45 23 the
2444 2005 178 23 convenience
2636 2005 27 22 of
2676 2004 129 23 Families.

2110 2043 105 16 nio
2241 2044 22 14 H
2290 2044 20 15 T

2356 2044 262 16 PORTER.

1917 2084 178 26 First-class
2110 2084 117 26 Billiard
2244 2085 119 25 Rooms.
2400 2086 101 24 Wines
2515 2086 60 24 and
2591 2086 110 26 Spirits
2714 2086 33 24 of
2753 2085 52 24 the

1996 2118 69 25 best
2082 2118 124 24 Brands.
2252 2117 171 26 Hancock's
2446 2118 82 25 Prize
2543 2118 103 25 XXXX
2662 2119 68 25 Ales

2190 2150 112 32 always
2322 2158 37 18 on
2387 2152 140 30 draught.

1917 2276 80 19 Under
2004 2276 41 18 the
2051 2276 173 24 distinguished
2229 2277 129 23 patronage
2365 2277 33 18 of!

1940 2308 122 18 Governor
2070 2308 27 18 of
2103 2307 100 23 N.S.W.,
2214 2308 46 18 and
2270 2308 61 18 Lord
2348 2308 95 19 Onslow
2453 2308 118 18 Governor
2580 2309 26 17 of
2613 2309 58 18 New
2679 2309 105 18 Zealand.

2371 2465 97 37 rri

2081 2582 577 35 TKURKNGPu

1920 2665 8 14 r
1933 2664 72 23 PH±J
2048 2664 14 22 3
2068 2671 9 15 J
2086 2665 47 21 Ait
2166 2669 16 13 is
2194 2664 128 24 pronounced
2334 2664 25 25 l>y
2376 2664 25 19 its
2414 2664 86 19 Patrons
2518 2665 20 18 to
2552 2664 26 19 be
2593 2664 35 19 the
2646 2664 45 19 best
2704 2664 53 18 built
2773 2664 38 17 and

1925 2684 25 24 J..
1987 2691 42 19 best
2041 2690 108 19 furnished
2162 2689 60 20 Hotel
2234 2690 19 19 in
2265 2690 34 19 the
2310 2689 65 20 North
2390 2690 74 19 Island.

1952 2722 138 26 Private
2104 2721 106 26 Suites
2251 2721 131 26 Apartments
2394 2722 31 19 for
2437 2721 100 20 Families.

2237 2755 102 29 Sample
2354 2755 96 23 Rooms
2471 2755 32 20 for
2517 2754 131 21 Commercial
2660 2754 125 21 Gentlemen.

1919 2790 90 19 Coaches
2018 2789 57 20 leave
2085 2789 34 19 the
2131 2789 61 18 Hotel
2202 2789 31 19 for
2250 2789 34 19 the
2298 2789 65 19 Lakes
2383 2797 25 12 on
2425 2790 75 18 arrival
2516 2790 21 18 of
2554 2789 25 19 nil
2598 2792 104 16 steamers.
2732 2789 78 25 Special

2028 2815 93 26 Buggies
2138 2814 40 20 and
2189 2814 75 20 Saddle
2274 2815 78 20 Horses
2361 2822 37 13 can
2417 2816 24 18 lie
2458 2815 96 20 obtained
2572 2817 31 17 for
2613 2816 27 18 all
2653 2820 56 20 parts

2278 2842 22 18 of
2310 2841 35 20 the
2360 2842 97 23 Country.

1921 2876 187 26 First-class
2123 2875 125 31 Sailing
2261 2876 62 25 and
2336 2876 138 32 Rowing
2487 2876 99 26 Boats
2598 2876 48 26 for
2660 2876 152 26 Pleasure

2186 2909 62 25 and.
2267 2909 136 32 Fishing
2415 2909 134 26 Parties.

1921 2951 64 26 The
2018 2951 164 25 Saltwater
2213 2950 128 32 Bathing
2377 2951 127 25 Pavilion
2540 2951 23 25 is
2598 2951 101 24 within
2725 2951 87 24 three

2126 2983 139 25 minutes'
2288 2984 75 25 walk
2384 2984 33 25 of
2432 2984 182 25 the'''Star."

2143 3024 119 25 Telegrams
2282 3025 77 19 receive
2387 3027 82 23 prompt
2488 3025 106 18 attention.

2233 3126 281 26 PROPRIETOR.

2018 3255 216 37 K>U££.K,l
2281 3259 256 33 MJKJMiiDO
2570 3250 47 42 &
2649 3250 83 45 CO.,

1961 3347 383 27 MANUFACTURERS
2381 3347 116 26 AND
2535 3346 252 31 IMPORTERS,

2396 3443 214 28 IMgKa^il

2813 721 216 47 IMPERIAL
3086 726 145 50 HOTEL,

2855 777 123 24 PORT
3002 781 196 23 STREET.

2840 866 95 25 Splendid
2951 871 167 20 accommodation
3130 872 31 19 for
3173 872 48 19 Tour-

2814 891 36 19 ists
2859 893 40 17 and
2908 893 117 22 Travellers.

2832 926 181 32 High-class
3163 932 61 25 and

2925 961 115 32 Spirits
3053 964 82 31 kept.

2861 1031 39 25 W.
2935 1033 30 24 H.
2995 1034 50 24 PE
3061 1035 20 24 A
3098 1035 18 24 R
3132 1035 21 25 C
3171 1035 27 30 E,

2942 1070 177 30 Proprietor.

2897 1117 15 17 L
2942 1118 12 17 B
2984 1119 15 16 N
3033 1121 13 15 A.
3079 1121 14 15 L
3125 1121 15 15 V
3173 1121 14 17 O
3220 1121 23 21 N,

2922 1161 110 16 SV.MUNDS
3048 1162 94 21 STBEET,

2820 1187 93 22 (Formerly
2922 1189 27 15 Sir
2959 1190 51 17 Fred.
3023 1190 104 18 Whitaker'a
3139 1192 105 19 Residence,)

2962 1218 29 18 Tel
3005 1220 53 20 phooe
3072 1221 36 16 514.

2843 1246 16 16 A
2866 1246 40 17 Few
2913 1246 64 18 Ladies
2982 1249 37 16 and
3026 1249 99 17 Gentlemen
3140 1255 29 11 can
3184 1250 19 17 be
3218 1255 18 12 ac-

2822 1268 115 16 ooromodated
2941 1269 41 15 with
2985 1270 77 21 superior
3066 1270 22 16 Bo
3097 1270 22 16 ird
3128 1270 11 17 &
3149 1272 11 14 I:
3174 1271 71 17 lidenoe.

2844 1296 34 17 The
2888 1297 50 17 house
2947 1299 13 14 is
2970 1299 72 17 Bituated
3052 1300 15 16 in
3073 1300 48 19 lar>ie
3126 1300 79 19 grounds,
3213 1301 34 15 and

2823 1319 95 16 commands
2927 1320 108 21 magnificent
3045 1322 51 14 views
3104 1321 17 16 of
3131 1322 28 14 the
3168 1321 79 17 harbour.

2845 1348 61 16 Tenuis
2915 1347 60 19 Lawn.

2845 1377 34 16 Ten
2888 1378 80 17 minutes'
2979 1380 43 15 walk
3033 1380 43 15 from
3085 1380 28 15 the
3121 1380 41 15 Po-t
3170 1380 57 17 Oflhe.

2846 1408 39 12 (':ir«
2896 1408 32 15 mid
2939 1408 60 17 Busses
3008 1415 38 14 pass
3055 1409 114 16 tbeentrance
3179 1411 45 16 *rate.

2843 1479 226 28 CLARENDON
3106 1483 129 31 HOTEL,

2853 1521 80 16 Junction
2944 1521 57 19 Queen
3011 1523 32 16 and
3060 1523 91 17 Wakefield
3161 1523 60 18 Street.

2931 1551 138 35 /foeklaipd,
3088 1553 60 26 D.Z.

2827 1607 145 25 First-class
2989 1610 199 24 accommodation
3205 1611 50 31 for

2974 1642 147 24 Travellers.

2908 1681 48 19 Hot
2965 1683 45 17 and
3026 1683 55 18 Cold
3095 1683 77 19 Baths.

2850 1712 39 17 Best
2899 1712 57 18 Wines
2964 1714 32 16 and
3006 1714 61 21 Spirits
3078 1714 64 21 always
3151 1715 15 16 in
3176 1716 55 16 Stock.

2922 1742 33 17 Hot
2966 1742 58 18 Lunch
3036 1744 18 16 12
3066 1747 17 12 to
3092 1745 8 15 2
3109 1744 52 20 daily.

2828 1771 37 19 W.
2885 1772 109 23 LYNCH,
3032 1783 7 3 -
3075 1784 8 3 -
3118 1774 137 23 Proprietor.

2934 1804 52 21 pEAD
3000 1804 60 16 MILLB
3073 1806 90 18 fAir.lllE,

2829 1850 47 26 W.
2890 1850 36 26 H.
2946 1850 29 25 &
2994 1850 37 25 H.
3060 1850 31 26 C.
3121 1850 135 32 Wright,

2902 1898 130 21 STJJRGEON
3045 1898 137 21 DENTISTS.

2874 1970 122 22 (Successors
3006 1971 20 16 to
3038 1969 23 18 A.
3074 1968 22 19 L.
3112 1967 100 27 Wright.)

2857 2003 71 22 Notify
2937 2003 42 18 that
2993 2003 45 24 they
3049 2009 33 12 urn
3092 2002 118 26 continuing
3221 2003 34 19 tho

2831 2029 95 18 Business
2936 2032 20 15 at
2965 2029 33 18 the
3010 2029 98 19 Premises
3118 2029 62 24 top.of
3186 2028 59 20 Short-

2831 2054 125 20 land-street.
2984 2055 42 18 Tho
3037 2054 110 25 high-class
3164 2055 55 18 work
3236 2055 21 19 of

2831 2081 34 19 the
2874 2080 42 20 late
2926 2081 32 18 Mr
2967 2081 24 17 A.
3002 2080 22 20 L.
3036 2080 84 26 Wright
3131 2079 39 20 will
3180 2080 25 19 he
3222 2081 24 19 ad-

2831 2107 61 18 hered
2903 2109 24 19 to,
2939 2107 39 18 and
2990 2114 39 17 any
3045 2106 36 19 left
3099 2105 113 20 unfinished
3231 2107 26 24 hy

2831 2134 43 17 that
2885 2132 115 26 gentleman
3013 2133 38 18 will
3062 2133 25 18 ho
3102 2132 111 25 completed
3231 2132 26 25 by

2923 2158 34 19 tho
2964 2165 43 12 new
3018 2161 145 22 management.

2831 2192 113 24 Telephone
2954 2194 44 18 G57.

2865 2246 23 25 J.
2910 2246 30 25 H.
2962 2246 153 25 BUCHA
3130 2246 93 30 NAN,

2905 2296 94 25 Stone
3013 2295 171 26 Merchant.

2856 2392 115 22 Statuary,
2999 2391 160 18 Monumental
3190 2391 45 18 and

2948 2415 96 17 General
3054 2414 88 19 Mason.

2834 2450 104 18 MARBLE
2948 2450 13 17 &
2969 2450 148 18 FREESTONE
3126 2450 123 18 CHIMNEY
3254 2450 8 17 J

2859 2473 91 21 PIECES,
2969 2472 126 21 MANTELS,
3108 2472 88 21 VASES;
3203 2474 31 18 &o.
3258 2472 2 22 '

2861 2508 136 25 VICTORIA
3016 2507 116 26 STREET
3150 2507 80 29 EAST,

2836 2546 422 36 MUCKLKND,

2860 2608 87 26 Designs
2966 2608 38 20 and
3025 2608 64 19 Prices
3107 2607 113 20 forwarded
3239 2611 20 16 to

2835 2642 37 17 any
2884 2638 41 22 part
2938 2634 19 19 of
2968 2635 33 19 the
3013 2634 95 20 Province
3119 2641 21 11 or
3148 2634 75 25 Colony
3234 2641 26 12 ou

2885 2718 160 44 Steele
3068 2718 136 44 Bros.

2837 2880 131 43 DESIRE
2977 2880 25 17 to
3011 2879 74 18 thank
3093 2878 40 19 the
3142 2879 76 22 public
3227 2879 35 18 for

2903 2904 54 23 past
2971 2903 77 18 favors
3063 2902 45 18 and
3122 2902 45 23 beg
3185 2903 24 17 to
3225 2907 26 13 an-

2837 2932 88 13 nounce
2935 2927 52 17 that
2995 2925 86 23 having
3089 2930 14 12 a
3117 2925 61 22 large
3194 2925 68 18 stock

2837 2951 25 17 of
2872 2949 172 19 well-seasoned
3053 2947 119 20 first-class
3180 2948 84 19 timber

2837 2979 30 12 on
2875 2973 61 18 hand
2945 2973 56 22 they
3009 2977 39 13 are
3056 2971 112 23 prepared
3174 2973 24 16 to
3206 2971 58 18 fulfil

2837 2996 78 19 orders
2924 2997 24 17 at
2957 2995 99 19 reduced
3065 2996 68 16 rates.

2874 3127 142 17 BARRISTER
3028 3125 54 17 AND
3091 3124 139 19 SOLICITOR,

2853 3168 38 17 lis,
2912 3167 97 16 Victoria
3030 3165 87 21 Arcade,
3140 3164 116 18 Auckland.

2955 3401 146 52 IFFIi

2844 3500 72 18 Losses
2925 3499 53 17 Patl.
3150 3497 119 19 £20,000.000

2844 3531 50 17 FntE
2907 3530 99 18 Premium
3022 3527 247 22 Exceeds—£l,soo,ooo

2844 3562 75 17 Accumi
2931 3565 63 14 lated
2997 3561 70 18 Funds
3071 3560 83 17 Exceed
3162 3558 107 22 £1,000,000

2914 3600 38 19 W.
2974 3600 94 19 WARD
3086 3598 109 22 BAKER,

2877 3640 97 18 District
2982 3640 116 22 Manager,
3108 3636 127 20 Auckland.

2929 3680 39 18 W.
2981 3680 28 17 A.

2900 3797 107 41 DAVID
3037 3793 177 46 SHKRBIFF,

2919 3871 124 22 .FAMILY
3058 3867 133 22 BFTCBER,

2899 3922 81 18 Aeawa
3002 3921 89 19 Street,
3114 3916 102 20 Rotokua.

2872 3970 22 19 Is
2912 3976 45 12 now
2976 3968 93 24 carrying
3086 3972 24 12 on
3128 3964 34 19 the
3177 3963 92 20 business

2846 4003 62 25 lately
2929 4001 110 22 conducted
3057 4000 27 24 by
3100 3998 72 19 Messrs
3190 3997 79 19 Jecklin

2847 4038 41 18 and
2898 4037 74 23 Cotter,
2983 4036 40 18 and
3032 4035 17 18 is
3058 4031 97 27 prepared
3164 4033 20 17 to
3196 4031 73 25 supply

2846 4072 36 18 the
2891 4071 68 25 public
2969 4070 47 20 with
3027 4068 62 26 prime
3096 4065 77 25 equality
3183 4065 21 18 of
3216 4068 53 16 meat

2847 4106 41 19 and
2896 4105 58 19 small
2964 4104 61 25 goods

2918 4148 36 19 AT
2969 4143 114 24 LOWEST
3096 4142 104 20 PRICES.

2068 3563 159 23 iIOTOSUA.

1954 3796 48 24 (One
2009 3796 88 18 minute's
2107 3796 49 16 Viilk
2165 3796 48 16 from
2221 3796 32 16 the
2259 3796 13 16 &

2083 3821 53 15 ment
2144 3818 75 22 Baths.)

2051 3922 190 21 T6RMS:

1958 3965 45 23 35s
2011 3972 46 23 per
2077 3964 88 27 week;
2185 3964 29 22 6s
2229 3970 45 23 per
2283 3963 50 30 day

1959 4004 61 22 Two
2034 4003 90 23 weeks
2133 4009 28 15 or
2171 4002 98 28 longer,
2286 4002 47 23 30s

1969 4086 27 31 C.
2030 4084 136 33 HAWKER
2194 4084 141 37 WILSON,

2062 4137 179 19 KROPEIETOE

2415 3561 115 23 Visitors
2541 3563 26 20 to
2582 3561 45 22 the
2642 3561 53 22 Hot
2704 3560 88 22 Lakes.

2420 3664 176 45 Palace
2631 3663 160 52 Hotel,

2472 3728 11 18 d
2509 3728 19 19 in
2553 3728 34 18 llie
2611 3727 50 20 New
2685 3727 135 26 Groyermnenl

2391 3754 107 23 Township
2514 3761 19 11 in
2551 3761 52 12 Ciosp
2621 3753 108 26 pri-xitr,itv
2749 3757 20 15 to
2789 3753 33 19 the

2391 3781 71 22 Baths,
2479 3779 134 24 Sanatorium,
2633 3779 50 19 Post
2705 3778 60 20 Office
2783 3779 39 19 aid

2391 3807 91 24 RaLway
2491 3807 86 18 Station.

2417 3859 42 18 The
2470 3857 60 19 TT<itel
2543 3857 16 19 ia
2575 3857 127 24 luxuriously
2718 3857 103 18 furnit-hed

2392 3885 38 19 and
2442 3884 77 21 replete
2529 3883 46 19 with
2584 3890 57 17 every
2651 3883 134 19 convenience
2793 3883 29 19 for

2392 3910 85 20 tourists
2488 3909 38 19 arid
2536 3909 74 19 other?.
2641 3909 21 18 It
2682 3916 15 12 c-
2708 3909 89 19 rnnmnds
2813 3916 9 11 a

2392 3935 91 26 splendid
2495 3936 47 18 view
2553 3936 21 17 of
2585 3934 35 20 the
2626 3934 57 20 Lake
2693 3935 38 18 and
2741 3935 17 18 is
2767 3935 44 18 with-

2392 3963 19 18 in
2423 3968 46 18 easy
2480 3968 65 12 access
2558 3961 22 18 of
2596 3961 35 18 the
2648 3962 77 24 Geyser
2740 3961 82 25 Springs

2392 3989 21 18 of
2424 3987 186 20 Whskarewarewa
2620 3988 41 18 and
2671 3988 26 18 all
2711 3987 32 19 the
2761 3986 61 25 sights

2393 4014 21 19 of
2425 4014 34 19 the
2469 4013 84 19 district.

2381 4038 2 26 I
2406 4040 34 19 All
2450 4040 104 24 telegrams
2566 4039 104 25 promptly
2680 4038 95 20 attended
2784 4041 27 17 to.

2461 4107 84 32 JOHN
2574 4107 184 37 JOHNSTON,

2527 4153 171 18 PEOPKIETOR.
