3231 4326
640 3261 123 18 VISITORS'
778 3261 62 17 LIST.

653 3312 83 17 Geyser
751 3312 77 17 Hotel.

546 3344 107 17 Mesdames
659 3343 104 23 Campbell,
773 3343 76 18 Canada
856 3343 4 23 ;
875 3344 70 22 Hough-

524 3368 42 19 ton,
583 3366 110 22 Auckland;
715 3367 51 20 Bull,
783 3366 77 23 Napier.
891 3366 68 19 Misses

524 3391 53 20 Hall,
606 3389 78 22 Qillard,
711 3390 90 22 England
817 3389 4 23 ;
854 3390 104 21 Campbell,

525 3413 134 18 Chvistehureh
669 3410 3 24 ;
687 3410 155 24 Briniblecombe,
856 3410 101 24 Brisbane;

525 3436 71 22 Shand,
626 3436 122 22 Wellington.
795 3436 28 17 Dr
854 3436 105 22 Campbell,

526 3460 133 18 Christchureh
675 3460 4 20 ;
709 3460 41 17 Col.
778 3460 86 19 Preston,
890 3460 70 17 Messrs

526 3482 123 22 Richardson,
655 3482 104 23 England;
773 3482 129 23 Bisbopsdorf,
911 3483 37 22 Syd-

526 3512 48 16 ney;
588 3506 73 19 Tobias,
672 3506 63 20 Davis,
750 3505 114 23 Houghton,
886 3506 73 22 Farley,

526 3529 109 20 Auckland;
651 3528 49 21 Bull,
709 3528 83 23 Napier;
805 3529 66 20 Monk,
889 3529 71 21 Hinde,

527 3552 87 22 Sydney;
637 3551 103 22 Campbell,
762 3552 86 21 Canada;
875 3552 85 20 Taiaroa,

527 3575 143 23 Christchureh;
679 3575 64 19 Jones,
750 3575 125 21 'Wellington;
883 3575 77 23 Young,

527 3599 112 20 Hamilton;
653 3598 154 21 Brimblecombe,
818 3598 97 17 Brisbane.

661 3645 44 17 The
717 3645 111 17 Laxgham.

553 3675 106 19 Mesdames
666 3676 110 21 McArthur,
792 3675 74 24 Otago;
889 3675 75 24 Clougb

529 3699 38 17 and
576 3699 56 20 child,
642 3699 91 17 Taranaki
742 3699 4 20 ;
760 3699 28 17 Dr
801 3699 98 20 Cameron,
914 3699 37 17 Mol-

529 3722 71 18 boume
609 3722 4 20 ;
627 3723 41 16 Fox
676 3723 37 16 and
723 3722 59 20 child;
802 3723 85 17 Cheviot.
917 3722 47 17 Miss

529 3745 97 24 Enabling,
633 3746 117 17 Melbourne.
776 3746 69 17 Messrs
852 3744 110 23 McArthur,

530 3768 74 24 Otago;
641 3768 84 21 Skinner,
756 3768 76 23 Sydney
844 3768 4 24 ;
880 3768 83 24 Cowper,

530 3791 114 24 Wanganui.
663 3792 46 16 Miss
719 3792 74 21 Kenny,
804 3792 99 17 Taranaki.

596 3846 88 17 Bi.kxt's
696 3846 111 17 Bathgate
820 3846 78 18 Hor;3E.

554 3876 107 19 Mesdames
670 3878 60 19 Krull,
739 3878 98 20 Cameron,
844 3878 107 21 Wanganui
960 3876 4 23 ;

531 3900 73 22 Fallon,
616 3900 98 18 Auckland
722 3900 4 22 ;
740 3900 107 22 Marchant,
865 3901 99 17 Taranaki.

532 3924 67 17 Misses
609 3924 97 20 Cairn-ion,
716 3923 118 24 Wanganui;
850 3924 64 17 Shand
932 3923 32 24 (2),

532 3947 60 21 Watt,
602 3946 73 24 Otago;
689 3946 71 22 James,
770 3947 131 18 Coromandol.
919 3947 45 17 Rev.

532 3970 114 21 Rishworth,
657 3969 117 24 Onehunga;
788 3970 29 17 Dr
830 3970 79 21 Russell,
925 3971 30 16 Ire-

532 3993 46 17 land
586 3993 4 23 ;
603 3993 69 17 Messrs
682 3993 86 21 O'Brien,
778 3993 71 17 Nelson
857 3993 3 23 ;
883 3993 81 23 Reaney,

533 4016 95 20 Oarrioek,
651 4015 116 25 Wellington
777 4015 4 25 ;
812 4017 57 19 Blair,
891 4016 73 22 Otago;

533 4040 83 20 Aubrey,
641 4039 125 22 Whangarei;
792 4040 97 19 Cameron,
913 4040 52 20 Bird,

533 4062 117 23 Wanganui;
670 4062 103 18 MoKenzio
790 4062 33 23 (2),
841 4062 74 21 Fallon,
934 4062 31 24 (2),

535 4085 97 17 Auckland
641 4085 3 22 ;
660 4086 19 16 C.
691 4085 17 17 S.
719 4086 71 19 Moore,
800 4085 76 19 H.M.S.
894 4086 60 21 Ringa-

534 4114 75 16 rooma;
623 4109 87 21 Duncnn,
719 4108 125 22 Helensville;
859 4108 107 22 Marchant,

534 4131 103 22 Taranaki;
651 4132 69 21 James,
730 4132 131 17 Coromandel.

981 108 56 19 THE
1056 108 56 19 HOT
1131 108 94 19 LAKES
1244 108 168 19 CHRONICLE

981 152 431 13 AND

981 180 216 20 Tourists'
1221 180 191 20 Journal.

1026 240 171 20 WEDNESDAY,
1208 240 58 17 MAY
1276 241 28 19 27,
1315 240 51 17 1896.

980 297 31 19 At
1020 296 124 25 Thursday's
1154 297 91 25 meeting
1260 297 22 18 of
1299 297 34 18 tho
1352 295 60 20 Town

980 323 67 19 Board
1057 326 39 15 two
1105 329 48 18 very
1164 323 111 25 important,
1292 322 121 19 resolutions

981 355 51 13 were
1041 349 74 25 passed
1124 349 72 23 which,
1208 349 17 18 if
1238 348 78 19 carried
1331 351 40 20 out,
1392 348 21 18 in

980 375 54 18 their
1043 375 92 23 entirety,
1147 377 74 16 cannot
1239 374 38 19 fail
1293 377 19 16 to
1331 374 51 19 have
1401 381 12 11 a

979 400 105 19 beneficial
1095 400 58 19 effect
1167 407 27 12 on
1210 401 36 18 the
1262 400 90 23 sanitary
1366 406 36 12 con-

980 426 63 19 dition
1053 427 21 18 of
1088 426 34 19 the
1138 429 60 16 town.
1234 426 40 19 We
1295 426 64 19 would
1378 429 34 15 not

979 459 82 17 express
1083 459 12 12 a
1118 452 62 19 doubt
1201 453 21 18 in
1245 452 74 24 regard
1338 454 20 16 to
1378 452 34 18 the

978 478 125 25 probability
1114 479 21 18 of
1149 478 34 19 the
1201 485 103 12 measures
1321 478 91 19 resolved

980 511 53 18 upon
1050 504 62 25 being
1126 504 78 19 carried
1220 508 36 15 out
1274 511 50 12 were
1343 504 16 18 it
1377 508 34 14 not

979 530 44 19 that
1033 530 20 19 in
1064 530 34 19 the
1107 532 47 24 past
1164 537 61 18 many
1240 530 98 25 sanguine
1350 529 62 26 hopes

978 556 79 19 formed
1068 563 25 12 on
1109 556 120 19 ministerial
1244 556 98 25 promises
1361 556 50 18 have

979 589 55 12 come
1044 586 21 15 to
1074 583 85 24 nought.
1189 582 24 18 In
1225 583 34 17 tho
1269 584 81 22 present
1359 588 51 16 case,

979 608 98 21 however,
1091 609 56 18 there
1156 608 17 18 is
1184 614 60 18 every
1254 614 72 12 reason
1342 610 19 16 to
1378 607 22 19 be-

979 635 51 19 lieve
1041 635 44 18 that
1095 634 65 19 action
1171 633 41 19 will
1229 636 22 16 le
1268 633 61 19 taken
1347 636 19 15 to
1380 640 21 11 re-

979 660 51 20 lieve
1050 661 35 18 the
1107 663 54 15 town
1185 660 21 18 of
1229 660 34 18 tho
1281 659 130 24 imputations

979 687 110 25 regarding
1098 686 26 18 its
1134 685 201 25 sanitary,condition
1347 684 64 20 which

980 720 33 11 are
1022 713 43 18 fast
1076 712 61 24 being
1147 711 79 25 heaped
1241 718 54 18 upon
1306 711 21 18 it.
1356 711 20 18 It
1394 711 17 18 is

980 739 47 24 only
1035 737 82 19 natural
1126 741 20 15 to
1156 744 88 18 suppose
1254 737 45 18 that
1309 737 34 18 tho
1354 737 42 18 Com-

980 765 104 18 missioner
1093 763 22 19 of
1124 763 72 19 Crown
1206 763 74 23 Lands,
1292 762 78 19 outside
1380 762 30 19 his

979 791 86 24 position
1087 796 21 12 as
1127 795 12 12 a
1156 789 90 18 member
1262 790 22 17 of
1301 789 33 18 the
1349 789 61 18 Town

979 817 72 22 Board,
1067 816 34 18 has
1119 815 91 18 received
1226 821 55 12 some
1296 814 114 19 intimation

978 844 52 18 from
1043 842 148 24 headquarters
1206 842 45 17 that
1267 841 35 18 tho
1321 840 77 19 Govern-

978 871 55 16 ment
1043 875 34 12 are
1088 867 98 25 prepared
1202 870 20 15 to
1239 867 73 18 devote
1328 873 12 12 a
1359 867 51 18 little

978 895 97 19 attention
1088 897 19 15 to
1122 894 34 17 tho
1172 893 71 24 crying
1260 892 114 19 necessities
1389 893 21 18 of

978 922 33 18 the
1021 920 63 26 place.
1121 918 102 20 However
1237 920 17 17 it
1270 925 47 18 may
1333 918 31 24 be,
1385 918 25 19 he

977 954 55 12 came
1040 947 53 22 here,
1106 948 53 16 went
1168 946 43 18 into
1222 945 34 19 the
1267 949 73 15 matter
1356 945 42 19 thor-

977 973 76 25 oughly
1065 972 47 19 with
1121 972 33 18 the
1162 971 103 19 Charmau
1272 971 21 19 of
1301 971 33 19 the
1343 970 67 20 Board

977 999 40 19 and
1021 997 112 27 conjointly
1138 1004 11 12 a
1156 997 80 19 scheme
1243 1004 41 12 was
1288 997 121 18 formulated

978 1025 63 19 which
1055 1024 43 19 bids
1109 1024 39 18 fair
1157 1026 21 16 to
1189 1026 52 16 meet
1251 1030 37 12 our
1299 1026 62 16 wants
1378 1023 32 19 for

977 1058 55 13 some
1039 1057 59 18 3'ears
1109 1054 19 14 to
1138 1056 61 12 come.
1228 1049 27 19 In
1272 1049 31 19 his
1319 1049 91 19 remarks

976 1081 20 15 to
1006 1078 34 18 the
1052 1077 70 22 Hoard,
1136 1077 19 17 in
1171 1076 92 18 addition
1279 1078 21 16 to
1310 1075 56 19 those
1380 1082 18 12 re-

976 1104 70 25 ported
1056 1103 21 19 in
1088 1102 85 19 another
1182 1102 87 22 column,
1281 1101 33 19 Mr
1324 1101 86 19 Mueller

976 1130 80 19 showed
1080 1136 48 17 very
1149 1128 75 25 clearly
1241 1127 45 19 that
1305 1128 31 18 for
1356 1134 54 12 some

975 1163 59 18 years
1041 1158 21 16 to
1073 1162 55 12 come
1139 1161 29 12 wo
1177 1161 38 11 can
1224 1153 88 25 scarcely
1323 1153 44 18 look
1378 1154 32 18 for

976 1183 34 18 the
1029 1181 103 19 initiation
1150 1181 21 18 of
1191 1187 11 12 a
1223 1180 80 19 scheme
1323 1180 20 18 of
1359 1179 50 25 deep

976 1209 105 23 drainage.
1109 1207 24 19 In
1145 1207 152 22 Christchurch,
1309 1205 65 19 which
1383 1205 26 19 he

976 1235 82 24 pointed
1072 1235 35 17 out
1124 1240 40 12 was
1182 1232 112 19 somewhat
1311 1231 98 25 similarly

976 1260 87 19 situated
1073 1263 20 15 to
1103 1259 98 23 Botorua,
1213 1265 12 13 a
1243 1258 52 25 deep
1312 1258 97 24 drainage

976 1290 74 21 system
1069 1285 40 20 hid
1128 1286 52 19 been
1207 1284 119 20 introduced
1343 1284 66 19 where

976 1314 33 18 the
1020 1319 78 19 sowago
1109 1311 27 25 by
1146 1318 70 13 means
1226 1311 22 19 of
1257 1310 99 26 powerful
1366 1317 29 12 ma-

975 1339 83 25 chinery
1068 1345 41 12 was
1118 1338 88 25 pumped
1218 1340 21 16 to
1249 1344 12 12 a
1272 1336 137 19 considerable

976 1366 70 24 height
1056 1365 40 18 and
1108 1364 103 24 conveyed
1221 1365 27 23 by
1258 1364 58 23 pipes
1333 1369 12 12 h
1361 1362 49 25 long

976 1391 88 20 distance
1074 1393 36 16 out
1121 1390 21 19 of
1152 1391 35 18 the
1197 1393 54 15 town
1263 1389 65 19 whero
1339 1388 15 19 it
1368 1395 42 12 was

975 1417 107 20 converted
1097 1417 43 18 into
1156 1423 12 12 a
1184 1416 90 19 saleable
1292 1414 39 19 and
1351 1414 58 19 much

976 1443 112 20 demanded
1096 1442 112 25 fertilising
1223 1444 68 22 agent.
1326 1440 54 19 Such
1398 1447 11 12 a

976 1474 72 21 system
1059 1472 41 16 cost
1111 1475 60 18 many
1181 1468 114 19 thousands
1302 1467 21 18 of
1331 1467 79 24 pounds

976 1497 39 18 and
1034 1496 78 24 though
1131 1495 21 18 in
1171 1495 35 18 tho
1225 1494 78 19 fulness
1322 1494 20 18 of
1361 1493 49 19 time

975 1523 89 18 Botorua
1076 1521 66 25 might
1152 1521 47 18 look
1210 1520 89 19 forward
1309 1522 19 16 to
1348 1519 62 25 being

976 1549 78 25 equally
1066 1547 84 20 favored
1161 1547 16 18 it
1189 1553 39 12 was
1239 1546 87 24 scarcely
1343 1549 20 15 to
1383 1545 25 19 by

976 1575 95 25 expected
1082 1574 44 19 that
1136 1576 21 16 at
1164 1573 35 19 the
1206 1577 80 21 present
1296 1576 56 20 stage
1361 1571 48 19 such

976 1608 25 12 an
1025 1600 133 26 expenditure
1182 1599 59 19 could
1265 1599 26 18 be
1309 1598 99 18 incurred.

975 1628 43 18 The
1028 1626 93 26 proposal
1133 1625 48 19 then
1192 1626 45 18 that
1243 1632 27 12 an
1277 1631 51 18 open
1335 1628 73 20 system

976 1654 20 18 of
1006 1654 97 23 drainage
1118 1656 20 14 to
1157 1658 58 17 carry
1231 1651 29 19 off
1277 1651 34 19 the
1330 1651 79 17 surface

976 1680 39 18 and
1025 1679 43 19 slot)
1080 1682 61 15 water
1157 1677 73 19 should
1247 1678 24 18 be
1291 1676 118 19 introduced

976 1713 39 12 was
1027 1705 69 25 highly
1109 1704 127 24 satisfactory
1245 1703 40 19 and
1300 1703 35 18 tho
1352 1708 42 12 man-

976 1739 34 12 ner
1017 1732 20 18 in
1048 1731 64 19 which
1119 1731 35 18 the
1162 1730 111 18 re-olutiou
1282 1736 41 12 was
1330 1728 78 19 worded

976 1758 101 23 affirming
1086 1758 27 18 its
1129 1756 99 25 necessity
1244 1759 73 16 cannot
1336 1755 37 19 fail
1389 1759 21 15 to

975 1784 76 19 receive
1070 1783 99 19 attention
1190 1783 52 18 from
1263 1783 35 18 the
1319 1781 77 19 Govern-

976 1814 60 15 ment.
1065 1809 43 19 The
1119 1809 73 18 second
1204 1808 123 26 propo-ition
1341 1814 20 12 in
1378 1814 21 12 re-

976 1837 49 24 gard
1035 1839 21 15 to
1066 1836 34 18 the
1111 1835 88 24 disposal
1211 1835 20 18 of
1246 1833 98 27 nightsoil
1362 1834 46 22 will,

977 1870 27 12 we
1020 1862 66 21 think,
1103 1864 53 16 meet
1176 1861 47 18 with
1243 1868 26 11 no
1289 1860 119 25 opposition.

975 1889 43 19 The
1028 1889 37 18 site
1077 1888 51 18 fixed
1143 1894 55 18 upon
1214 1887 37 18 lies
1269 1887 90 18 between
1375 1887 35 18 the

976 1915 84 19 Maketu
1072 1913 47 20 road
1130 1913 39 20 and
1178 1913 35 19 the
1222 1913 48 19 lake
1280 1913 63 18 about
1353 1913 46 24 equi-

976 1942 76 18 distant
1062 1941 52 18 from
1125 1940 48 19 each
1186 1940 39 18 and
1236 1939 106 25 separated
1357 1939 53 18 from

976 1968 33 18 tho
1020 1967 61 19 latter
1090 1966 26 25 by
1128 1973 11 12 a
1156 1966 50 19 sand
1223 1966 61 19 dune.
1319 1966 18 17 A
1354 1965 55 18 track

976 1994 39 19 will
1027 1994 24 19 be
1062 1992 77 26 opened
1149 1993 53 18 from
1212 1992 35 19 the
1260 1992 85 18 Aiaketu
1361 1991 49 18 road

976 2023 19 16 to
1006 2020 34 19 the
1051 2020 60 24 depot
1121 2019 41 18 and
1172 2019 35 18 the
1218 2018 45 19 first
1279 2018 70 19 trench
1368 2018 42 24 dug

975 2046 111 19 forthwith.

1001 2073 21 18 It
1037 2072 47 22 will,
1106 2071 21 18 of
1145 2077 76 16 course,
1242 2070 27 19 be
1288 2070 121 19 understood

976 2098 44 19 that
1030 2098 33 19 the
1074 2098 52 18 lines
1136 2097 21 18 of
1172 2099 91 16 concrete
1280 2096 130 24 channelling

976 2131 44 12 now
1031 2123 99 26 proposed
1140 2123 52 19 form
1204 2125 45 23 part
1262 2123 21 18 of
1299 2129 13 12 a
1328 2122 82 25 general

976 2150 47 25 plan
1041 2150 66 19 which
1124 2150 42 18 will
1183 2149 117 24 eventually
1319 2148 91 19 embrace

975 2177 50 18 both
1035 2176 35 19 tho
1081 2176 33 18 old
1124 2176 40 18 and
1175 2182 43 12 new
1233 2175 116 25 townships.
1384 2174 26 20 In

975 2204 73 23 regard
1058 2205 21 16 to
1088 2202 35 19 the
1133 2201 62 19 latter
1208 2208 11 12 a
1230 2202 99 18 sufficient
1336 2201 74 25 supply

976 2229 21 18 of
1011 2232 61 15 water
1087 2229 32 18 for
1138 2227 92 26 flushing
1249 2234 98 19 purposes
1366 2234 43 12 now

976 2261 48 13 runs
1032 2258 20 16 to
1063 2257 62 17 waste
1135 2254 52 19 from
1204 2254 35 19 the
1259 2253 107 26 standpipe
1384 2260 26 12 on

976 2281 33 19 the
1020 2284 35 23 top
1064 2281 21 19 of
1093 2280 101 19 Pulceroa.
1222 2280 21 18 It
1254 2280 41 19 will
1306 2280 42 18 also
1363 2280 25 18 be
1398 2286 12 12 a

975 2308 94 25 question
1078 2308 32 18 for
1120 2307 58 18 those
1189 2306 105 19 entrusted
1311 2306 48 18 with
1375 2306 33 19 the

976 2334 54 19 work
1041 2337 19 15 to
1072 2333 68 19 decide
1151 2333 91 18 whether
1249 2339 23 12 or
1279 2334 35 16 not
1321 2332 16 18 it
1344 2332 65 19 would

976 2360 25 19 be
1011 2361 21 17 of
1042 2360 130 24 advantange
1189 2361 22 16 to
1228 2365 37 12 use
1285 2358 32 19 the
1337 2358 72 25 highly

976 2386 128 19 mineralised
1117 2388 73 16 waters
1208 2385 20 18 of
1246 2385 36 19 the
1302 2384 108 25 Puarenga

976 2415 73 16 stream
1059 2413 21 17 in
1093 2411 90 26 flushing
1193 2411 34 19 the
1241 2410 97 20 channels
1347 2411 21 17 of
1376 2412 34 17 the

975 2445 43 13 new
1032 2441 58 17 town.

1002 2465 43 19 The
1056 2467 57 22 great
1124 2464 138 19 desideratum
1279 2465 20 17 at
1314 2463 35 19 the
1364 2469 36 19 pre-

975 2494 45 16 sent
1029 2492 48 18 time
1087 2491 18 18 is
1122 2493 20 15 to
1159 2494 34 21 get
1211 2490 33 19 the
1262 2489 88 25 recently
1369 2490 28 18 for-

976 2517 89 19 mulated
1077 2517 96 24 byod-iws
1183 2517 21 19 of
1214 2517 35 18 the
1267 2516 61 18 Local
1343 2515 67 19 Board

976 2544 20 18 of
1008 2544 74 18 Health
1093 2543 99 25 gazetted.
1221 2543 41 19 We
1270 2542 52 24 fully
1333 2542 77 19 believe

976 2571 33 19 the
1020 2570 66 18 liuard
1097 2576 33 12 are
1143 2569 53 19 alive
1207 2571 20 17 to
1241 2569 43 18 this
1304 2569 104 24 necessity,

975 2597 38 18 but
1022 2597 31 18 for
1063 2603 82 12 reasons
1158 2595 116 26 previously
1293 2594 81 19 alluded
1390 2598 21 15 to

976 2623 39 19 and
1032 2623 31 18 for
1080 2623 65 18 which
1165 2622 36 19 tho
1218 2621 101 19 members
1336 2621 21 18 of
1376 2621 35 18 the

975 2649 50 19 local
1035 2649 67 19 Board
1112 2656 35 11 are
1157 2649 20 18 in
1188 2655 25 12 no
1223 2648 49 19 wise
1279 2647 130 25 responsible,

977 2683 29 11 wo
1016 2675 52 19 have
1078 2677 58 22 great
1156 2675 74 18 doubts
1247 2674 16 18 if
1278 2674 35 18 the
1330 2673 70 25 regula-

976 2702 53 19 tions
1041 2702 21 18 in
1080 2702 54 18 their
1149 2703 82 23 piesent
1246 2700 64 24 shape
1328 2700 39 18 will
1386 2699 25 18 be

976 2728 72 24 passed
1058 2730 21 16 at
1089 2727 34 19 all.
1156 2728 36 18 We
1203 2728 53 17 trust
1266 2732 29 13 we
1314 2732 33 13 are
1364 2725 36 18 mis-

976 2754 61 19 taken
1048 2754 21 18 in
1078 2754 41 18 this
1135 2755 92 23 respect;
1250 2759 29 12 we
1296 2752 52 24 hope
1368 2752 43 18 that

977 2787 50 12 even
1044 2780 16 18 if
1077 2780 49 24 they
1144 2787 34 11 are
1197 2783 35 14 not
1251 2779 21 18 in
1292 2778 120 24 conformity

978 2806 49 18 with
1035 2806 35 18 tho
1079 2806 56 18 ideas
1147 2806 21 18 of
1178 2806 35 18 the
1220 2804 82 19 Central
1309 2804 104 25 authority

977 2832 44 19 that
1031 2831 48 25 they
1098 2832 40 18 will
1158 2832 25 18 be
1199 2832 44 18 first
1261 2830 93 26 gazetted
1373 2830 40 19 and

977 2858 120 19 afterwards
1120 2858 100 19 amended
1244 2864 22 12 as
1292 2857 118 25 experience

977 2891 46 17 may
1034 2884 69 19 direct.

978 2951 104 23 LOCAL
1096 2951 97 23 NEWS
1216 2951 71 23 AND
1301 2951 102 23 NOTES.

1000 3009 84 17 Tourists
1105 3009 104 24 travelling
1224 3010 86 16 between
1329 3009 85 18 Rotorua

979 3033 37 16 and
1026 3033 99 16 Auckland
1134 3039 35 11 can
1183 3033 40 22 rely
1236 3039 51 16 upon
1302 3032 76 23 getting
1390 3038 24 11 an

979 3055 93 18 excellent
1079 3056 35 17 hot
1126 3055 94 18 luncheon
1234 3057 21 16 at
1270 3056 33 17 the
1317 3055 97 18 Frankton

979 3079 64 21 Hotel,
1066 3079 97 17 Frankton
1178 3079 98 22 Junction,
1298 3079 62 18 where
1381 3079 33 17 the

979 3102 49 17 train
1035 3103 52 21 stops
1097 3103 22 16 20
1129 3103 99 17 minutes.*

1002 3134 31 17 Mr
1039 3134 19 17 J.
1062 3134 25 17 11.
1095 3133 67 24 Kirby,
1170 3134 38 18 late
1211 3134 21 18 of
1237 3134 31 17 the
1274 3134 71 22 Napier
1350 3134 63 19 News,

979 3157 34 17 has
1023 3163 26 11 we
1058 3163 31 11 are
1105 3157 101 21 informed,
1215 3157 107 22 purchased
1327 3156 75 19 theMar-

980 3182 33 16 ton
1022 3180 94 23 Mercury.

1005 3213 31 16 Mr
1044 3212 64 17 James
1125 3212 28 17 M.
1169 3212 45 17 Bird
1228 3212 34 17 has
1279 3211 90 24 acquired
1384 3211 32 18 the

981 3235 115 22 butchering
1103 3235 85 17 business
1197 3235 58 23 lately
1264 3235 71 17 curried
1350 3240 24 12 on
1390 3235 26 19 bv

981 3259 31 17 Mr
1020 3259 52 17 John
1080 3259 52 19 Bird,
1142 3259 26 16 To
1181 3259 58 17 Puke.

1003 3290 17 18 A
1027 3290 63 18 notice
1101 3290 26 22 by
1136 3290 32 17 the
1177 3290 58 17 Town
1244 3290 62 17 Board
1322 3290 19 16 in
1358 3290 50 17 refer-

980 3320 45 11 ence
1033 3315 19 15 to
1062 3313 32 17 the
1101 3319 42 11 new
1152 3313 56 22 night
1218 3313 35 17 soil
1266 3313 57 22 depot
1339 3319 79 16 appears

979 3337 20 18 in
1008 3337 79 17 another
1100 3336 81 17 column.

1005 3368 81 17 Tenders
1095 3374 31 10 are
1134 3367 61 19 called
1204 3369 29 15 for
1250 3368 33 16 the
1299 3368 91 22 purchase
1399 3369 19 15 of

983 3392 68 17 Messrs
1062 3391 42 18 Carl
1113 3391 53 18 Bros'
1177 3391 79 17 sawmill
1266 3391 52 23 plant
1326 3397 19 11 as
1354 3391 15 17 it
1376 3397 42 11 now

982 3414 70 17 stands.
1078 3415 32 16 Mr
1118 3414 28 17 W.
1155 3415 23 16 A.
1185 3414 94 18 Williams
1296 3414 37 17 will
1350 3414 69 22 supply

981 3438 26 17 all
1015 3437 122 18 information
1145 3439 21 15 to
1176 3437 102 18 tenderers.

1005 3469 39 17 The
1058 3469 85 18 Rotorua
1160 3468 112 24 contingent
1288 3469 20 16 of
1324 3469 95 17 witnesses

985 3493 29 16 for
1022 3492 32 17 the
1065 3492 85 17 criminal
1159 3492 76 21 sittings
1245 3492 20 17 of
1282 3492 31 17 the
1331 3492 88 23 Supremo

986 3516 63 18 Court,
1061 3515 61 17 which
1132 3520 107 13 commence
1256 3515 19 17 in
1294 3515 97 17 Auckland
1400 3516 19 16 at

986 3539 18 16 11
1017 3539 70 16 o'clock
1097 3544 23 12 on
1129 3537 86 24 Monday
1225 3540 52 18 next,
1287 3539 39 16 will
1334 3537 52 19 leave
1393 3538 28 22 i>y

985 3562 85 21 Friday's
1080 3562 54 16 train.
1161 3562 39 17 The
1209 3567 51 11 cases
1278 3561 89 22 affecting
1383 3562 37 16 this

985 3585 72 17 district
1066 3590 32 12 are
1106 3590 20 11 as
1133 3584 65 18 follow
1206 3584 101 21 :Hardie
1313 3584 36 17 and
1357 3584 61 21 Stoen,

985 3608 106 22 post-office
1115 3607 91 23 robbery;
1234 3607 77 22 Erueta,
1328 3607 93 22 breaking

985 3631 36 17 and
1039 3631 92 22 entering,
1153 3630 184 23 Whakarewarewa;
1360 3631 22 17 G.
1392 3630 27 17 M.

986 3654 56 19 Park,
1058 3653 55 22 theft,
1131 3653 75 23 Taupo;
1229 3654 81 17 Thomas
1327 3654 91 20 Tromain,

986 3676 91 24 breaking
1087 3676 37 18 and
1133 3676 93 24 entering,
1237 3677 90 17 Rotorua.

1009 3708 38 17 The
1058 3708 64 17 school
1133 3708 109 17 committee
1259 3709 39 16 met
1312 3708 37 17 last
1366 3708 53 22 nigh!

986 3731 54 19 when
1049 3731 26 17 all
1085 3730 32 18 the
1126 3730 92 19 members
1228 3737 48 11 were
1284 3732 80 21 present.
1390 3731 31 18 Mr

988 3753 98 19 McCord's
1095 3753 66 19 tender
1171 3754 29 18 for
1208 3755 88 22 cleaning
1305 3755 62 17 school
1383 3760 38 11 was

987 3777 87 23 accepted
1082 3778 21 16 at
1112 3776 37 18 l-1
1169 3778 30 17 10s
1215 3783 35 17 per
1265 3783 76 12 annum.
1367 3777 55 18 Some

987 3800 109 19 alterations
1105 3801 19 16 in
1134 3801 32 16 the
1179 3800 79 18 interior
1275 3801 19 16 of
1311 3800 31 18 the
1359 3801 62 17 school

986 3830 49 11 were
1043 3823 77 19 decided
1129 3830 30 13 on,
1170 3824 32 16 the
1211 3824 63 16 Board
1290 3824 20 18 to
1326 3824 23 17 he
1366 3824 56 17 asked

988 3849 19 15 to
1016 3847 43 22 givf)
1068 3853 10 10 a
1089 3849 56 19 grant
1155 3847 30 17 for
1194 3852 57 12 same.
1265 3847 19 17 It
1293 3853 37 11 was
1339 3847 83 17 resolved

990 3870 36 19 thai
1039 3870 87 18 circulars
1135 3870 24 17 be
1168 3871 40 16 sent
1218 3870 19 18 to
1247 3870 26 17 all
1278 3870 76 22 parents
1360 3870 63 18 whose

988 3893 81 18 children
1081 3893 36 17 hud
1131 3894 35 16 not
1182 3892 90 19 attended
1289 3892 32 19 the
1334 3894 89 21 requisite

988 3916 80 18 number
1075 3916 22 18 of
1103 3916 57 18 times
1168 3916 71 23 during
1244 3916 33 18 the
1290 3917 43 22 past
1350 3917 71 19 month,

988 3939 35 19 and
1035 3939 40 18 that
1084 3944 24 13 an
1117 3939 147 18 advertisement
1278 3939 22 17 he
1313 3939 82 18 inserted
1404 3940 19 17 in

988 3963 31 17 the
1028 3963 48 16 loeiil
1086 3968 57 16 paper
1155 3962 98 24 notifying
1270 3963 42 16 that
1328 3962 66 17 failure
1404 3964 19 15 to

989 3985 74 24 comply
1072 3986 45 16 with
1135 3985 33 18 the
1185 3985 36 19 Act
1233 3986 26 22 by
1269 3986 75 21 parents
1361 3986 62 17 would

988 4009 42 17 lead
1039 4010 20 16 to
1068 4009 49 17 their
1125 4009 58 22 being
1199 4009 104 22 proceeded
1319 4009 80 22 against.

1068 4044 63 27 SO,
1149 4044 60 28 lO,
1225 4044 59 28 lO,
1301 4044 42 26 O.

992 4078 65 20 Given
1067 4085 56 18 away
1134 4078 32 19 for
1176 4085 12 12 si
1198 4078 65 25 single
1273 4084 64 20 guets.
1372 4078 49 20 Send

991 4107 67 23 stamp
1067 4104 31 20 for
1108 4104 121 24 particulars
1239 4104 40 19 and
1294 4103 94 21 circulars
1404 4109 20 15 to

991 4131 43 19 Box
1047 4131 43 23 J7G,
1101 4130 23 24 P.
1124 4130 35 24 0.,
1172 4130 132 25 Wellington.

1459 106 38 17 The
1522 107 102 16 Greatford
1647 105 99 18 Botanical
1766 106 104 22 Company,

1436 128 71 23 having
1516 129 86 22 agencies
1610 129 21 17 at
1649 129 120 21 Wellington,
1789 128 82 23 Sydney,

1435 152 118 20 Melbourne,
1579 152 50 22 Cape
1654 151 57 18 Town
1729 151 37 18 and
1783 151 87 20 Lincoln,

1435 174 95 24 England,
1541 175 36 18 call
1585 175 94 17 attention
1687 176 21 15 to
1717 174 49 17 their
1782 175 89 17 remedies

1435 197 19 18 in
1463 198 80 17 another
1555 198 81 18 column.

1458 226 39 16 The
1506 226 45 21 only
1560 232 41 10 c:ise
1610 226 43 16 that
1657 225 90 22 occupied
1756 225 61 17 Lieut.
1828 224 40 19 Col.

1435 248 86 18 Roberts'
1537 249 94 16 attention
1650 250 19 15 at
1693 249 33 16 the
1750 248 121 22 Magistrates

1435 271 59 18 Court
1503 278 23 10 on
1534 271 70 23 Friday
1609 271 38 18 last
1655 276 38 13 was
1702 277 11 11 a
1722 271 42 17 civil
1774 271 38 17 suit
1824 273 20 16 of
1861 278 10 11 a

1435 295 54 22 petty
1497 296 68 15 nature
1574 295 18 16 in
1602 294 61 17 which
1672 294 32 17 the
1722 293 102 19 defendant
1839 294 32 17 did

1435 319 34 16 not
1477 323 76 17 appear.
1587 317 78 18 Verdict
1681 317 128 22 accordingly.

1458 349 39 18 The
1506 349 89 17 Minister
1603 350 20 15 of
1630 348 64 17 Lands
1703 348 16 17 ia
1728 349 111 16 announced
1850 350 20 16 to

1437 372 57 22 speak
1503 371 19 18 in
1532 371 113 24 Cambridge
1658 377 24 11 071
1697 371 70 22 Friday
1779 370 36 19 but
1828 372 15 17 it
1856 372 15 17 is

1435 395 108 22 impossible
1551 396 21 16 to
1581 401 33 16 say
1623 394 46 18 with
1678 394 93 22 certainty
1777 395 15 16 if
1801 395 23 16 he
1833 395 37 17 will

1435 418 43 17 visit
1485 418 85 18 Rotorua
1579 419 21 16 ut
1607 417 33 18 all.
1664 418 18 17 A
1689 417 94 23 telegram
1786 417 85 18 received

1435 442 36 16 this
1480 442 90 22 morning
1584 442 58 16 states
1659 441 42 16 that
1720 438 32 19 Mr
1767 440 104 19 McKenzie

1434 464 34 17 has
1476 464 57 23 given
1550 470 26 11 no
1592 464 79 22 positive
1687 463 104 17 indication
1808 464 20 16 of
1842 464 29 17 his

1435 489 115 15 movements
1558 488 49 16 after
1615 487 30 17 his
1654 486 69 17 arrival
1730 487 21 16 in
1763 487 108 17 Auckland,

1457 518 23 17 In
1499 520 48 16 next
1564 519 48 17 issue
1630 518 39 17 will
1683 518 23 16 be
1724 518 119 17 commenced
1860 525 10 10 a

1434 542 52 16 short
1503 543 53 21 story
1572 542 26 21 by
1615 548 11 10 a
1643 541 47 17 local
1707 541 64 16 writer
1791 541 79 17 entitled

1577 565 32 17 tbi
1780 564 20 17 It
1825 570 45 16 very

1433 588 118 21 graphically
1561 588 71 22 depicts
1642 593 24 11 an
1680 587 90 22 affecting
1785 587 85 17 incident

1433 610 18 18 in
1461 610 48 18 bush
1518 611 33 17 life
1560 611 37 17 and
1611 611 26 16 its
1645 610 78 17 interest
1731 610 16 17 is
1755 607 115 25 heightened

1434 634 48 16 from
1491 634 32 16 the
1529 635 40 15 fact
1574 634 43 16 that
1626 634 32 16 the
1667 634 144 16 circumstances
1818 638 52 12 came

1434 657 59 16 under
1501 657 33 16 the
1543 657 87 22 personal
1639 657 62 16 notice
1708 657 19 16 of
1736 656 34 17 the
1776 656 69 17 writer.

1456 688 39 16 The
1512 689 71 21 Bishop
1600 689 21 16 of
1636 688 33 16 the
1685 687 78 17 Diocese
1779 693 91 17 purposes

1433 711 80 21 holding
1522 717 23 12 an
1555 711 113 18 Ordination
1679 711 20 16 in
1717 711 33 16 the
1765 710 76 19 Church
1850 711 20 18 of

1433 733 18 19 S.
1462 734 56 17 Faith
1528 741 24 10 on
1562 734 76 21 Sunday
1656 734 89 21 morning
1760 735 47 16 next
1818 735 20 16 at
1849 736 21 15 10

1433 757 77 20 o'clock,
1520 758 56 16 when
1584 758 32 16 Mr
1624 758 80 17 Ratema
1713 757 39 17 will
1759 757 25 17 be
1800 757 57 17 admit-

1433 781 31 16 ted
1471 782 20 16 to
1500 781 32 17 the
1542 781 104 17 diaconate.
1671 781 59 16 There
1743 779 38 18 will
1796 780 19 17 in
1824 786 33 11 con-

1433 809 90 17 sequence
1532 804 23 17 be
1562 810 24 11 no
1596 804 80 22 English
1685 804 70 17 service
1763 804 21 16 at
1794 804 19 16 11
1824 810 44 11 a.m.

1432 826 59 18 There
1501 827 38 17 will
1548 827 23 17 be
1579 833 12 11 a
1603 827 84 22 meeting
1702 826 20 18 of
1730 826 70 18 church
1809 832 45 12 mem-

1432 850 41 17 bers
1482 851 19 15 in
1511 850 32 18 the
1552 851 117 16 schoolroom
1678 856 24 11 on
1710 849 70 22 Friday
1795 852 45 14 next
1850 851 20 16 at

1433 873 40 18 l.'M
1482 880 45 15 p.m.
1536 873 93 24 whonjthe
1638 873 70 22 Bishop
1715 873 38 17 will
1758 873 23 17 be
1786 874 82 21 present.

1456 903 39 16 The
1504 903 99 22 following
1613 903 72 22 change
1694 903 20 15 in
1723 902 32 17 the
1769 902 100 22 personnel

1433 925 20 17 of
1461 925 33 17 the
1503 925 48 18 local
1560 925 99 24 telegraph
1677 925 52 18 office
1737 925 16 17 is
1770 925 87 22 gazetted
1864 930 5 12 :

1452 948 31 17 Mr
1492 948 74 18 Boland
1576 949 113 17 transferred
1699 951 20 15 to
1731 948 98 20 Gisborne,
1839 955 20 10 re-

1433 971 65 22 placed
1508 972 24 21 by
1542 972 185 23 acting-messenger
1730 972 84 23 Dansey,
1825 978 33 16 pro-

1433 995 63 17 moted
1505 997 19 15 to
1534 1002 11 10 a
1701 995 62 17 While
1779 996 78 22 congrat-

1433 1018 75 23 ulating
1517 1018 59 17 Cadet
1585 1019 77 22 Dansey
1675 1025 24 11 on
1716 1019 29 17 his
1761 1020 107 21 promotion

1433 1047 27 11 we
1469 1043 51 15 must
1529 1040 76 24 deplore
1612 1042 33 17 the
1654 1042 83 17 removal
1754 1042 20 17 of
1790 1042 32 17 Mr
1831 1042 25 17 Bo-

1432 1064 44 17 land
1494 1065 29 16 for
1541 1071 50 11 more
1607 1071 76 12 reasons
1700 1065 47 17 than
1763 1071 42 11 one.
1830 1065 39 17 The

1432 1087 48 18 local
1494 1088 52 17 office
1559 1089 34 16 lias
1613 1089 47 17 been
1680 1088 143 18 undermanned
1840 1089 30 16 for

1432 1117 50 10 some
1492 1111 51 21 time,
1553 1112 38 17 and
1599 1118 20 11 an
1628 1118 24 11 an
1661 1112 83 17 increase
1755 1112 19 17 in
1784 1112 84 17 business

1432 1134 14 16 is
1456 1134 115 23 anticipated
1580 1136 45 16 with
1640 1136 31 16 the
1680 1136 160 17 re-introduction
1850 1136 19 16 of

1431 1157 79 22 delayed
1520 1158 58 19 wires,
1590 1165 23 10 on
1622 1158 50 18 June
1687 1160 40 17 Ist.,
1738 1159 15 17 it
1770 1158 39 18 will
1818 1159 22 17 be
1849 1158 19 17 in

1431 1186 11 11 a
1451 1186 59 12 worse
1518 1181 64 22 plight
1592 1182 46 16 than
1647 1188 48 10 ever.
1721 1182 34 17 We
1770 1183 50 16 trust
1837 1182 31 17 the

1431 1204 112 17 authorities
1552 1205 38 17 will
1599 1205 105 18 reconsider
1713 1205 33 18 the
1757 1207 75 16 matter.

1454 1235 39 17 The
1503 1235 80 20 Queen's
1593 1237 92 21 Birthday
1694 1243 39 11 was
1748 1239 34 15 not
1791 1237 77 17 favored

1431 1258 45 17 with
1486 1259 43 17 that
1537 1260 122 22 particularly
1668 1259 36 18 tine
1715 1260 83 18 weather
1808 1261 59 16 which

1431 1282 14 17 is
1451 1282 68 17 looked
1529 1283 29 16 for
1565 1289 23 11 on
1597 1284 44 16 that
1653 1283 105 23 auspicious
1776 1284 90 17 occasion.

1431 1305 17 17 A
1455 1305 36 17 few
1497 1306 68 21 people
1573 1306 46 17 took
1626 1306 107 24 advantage
1743 1307 20 17 of
1770 1306 33 19 the
1809 1308 59 21 cheap

1431 1329 49 16 faros
1490 1329 20 17 to
1527 1329 99 17 Auckland
1643 1330 37 16 and
1697 1336 12 11 a
1725 1331 107 22 sprinkling
1849 1331 19 16 of

1431 1351 213 20 tourist-excursionists
1654 1353 71 18 arrived
1740 1360 23 10 on
1774 1352 94 23 Saturday

1431 1374 37 18 and
1484 1375 85 23 Monday
1586 1376 96 22 evenings.
1713 1377 30 17 On
1759 1377 33 16 the
1810 1376 60 18 latter

1431 1398 56 22 night
1495 1399 34 16 the
1534 1399 64 17 clouds
1606 1400 60 17 rolled
1680 1400 26 22 by
1715 1400 19 17 in
1751 1400 46 18 time
1805 1402 20 16 to
1834 1406 22 11 en-

1431 1427 42 11 sure
1490 1421 33 18 the
1539 1428 71 12 success
1628 1423 20 17 of
1664 1423 32 17 the
1714 1423 93 23 Birthday
1825 1423 43 17 Ball

1431 1444 61 18 which
1502 1451 38 11 was
1551 1446 56 20 given
1624 1446 58 18 under
1683 1444 2 24 -
1701 1447 32 16 the
1750 1447 84 21 auspices
1848 1447 20 17 of

1431 1468 32 16 the
1473 1468 87 18 Football
1578 1469 48 18 Club
1635 1469 20 18 in
1671 1470 33 17 the
1719 1468 86 20 Pukeroa
1814 1470 52 17 Hall.

1431 1491 64 17 About
1503 1493 23 15 'lO
1535 1492 58 18 ladies
1602 1499 48 11 wore
1659 1494 81 21 present,
1758 1494 81 20 gowned
1849 1494 17 16 in

1431 1519 10 12 a
1451 1520 79 12 manner
1536 1516 61 17 which
1612 1517 82 21 beggars
1709 1517 34 17 the
1755 1517 113 22 descriptive

1431 1543 72 16 powers
1512 1539 21 16 of
1541 1539 32 18 the
1581 1541 76 21 present
1663 1540 64 20 scribe,
1736 1540 38 17 and
1779 1539 33 18 the
1819 1541 49 16 male

1431 1561 70 17 animal
1510 1567 39 12 was
1555 1562 40 17 also
1600 1563 78 16 therein
1687 1563 80 17 number
1775 1562 93 18 sufficient

1431 1585 19 16 to
1460 1590 67 12 ensure
1536 1591 24 11 no
1569 1585 42 17 lack
1620 1586 20 17 of
1648 1588 87 20 partners
1748 1586 120 21 throughout

1431 1607 32 17 the
1469 1608 87 23 evening.
1567 1609 38 17 The
1610 1609 46 20 hall,
1666 1616 20 10 as
1696 1616 27 10 wo
1732 1610 62 19 know,
1804 1610 16 17 is
1826 1616 30 11 sus-

1431 1631 81 21 ceptible
1518 1632 20 17 of
1546 1633 56 16 much
1619 1632 113 18 adornment
1749 1633 37 16 and
1804 1639 11 12 a
1822 1639 33 16 pro-

1431 1653 61 17 fusion
1503 1655 19 16 of
1531 1656 50 16 ferns
1595 1656 37 16 and
1648 1656 48 20 flags
1713 1662 48 11 wore
1780 1656 88 23 disposed

1431 1677 59 17 about
1496 1678 33 17 the
1537 1678 53 18 walls
1598 1679 38 17 and
1645 1680 68 16 rafters
1719 1681 20 15 to
1748 1680 32 16 the
1785 1680 43 17 best
1833 1680 22 16 ad-

1431 1702 82 21 vantage
1537 1702 39 17 The
1586 1703 56 16 event
1647 1703 21 16 of
1683 1702 34 18 the
1732 1703 81 23 evening
1828 1709 40 11 was

1431 1723 32 18 the
1487 1726 129 20 presentation
1643 1727 20 16 to
1689 1726 33 17 the
1760 1726 43 17 club
1820 1727 20 16 of
1856 1733 12 10 a

1431 1747 59 17 silken
1511 1748 129 18 bannerthe
1661 1749 36 21 gift
1718 1750 21 16 of
1757 1750 34 16 the
1809 1750 59 17 ladies

1431 1770 20 17 of
1467 1771 91 17 Rotorua.
1592 1773 47 16 Miss
1655 1772 53 23 Lucy
1724 1773 82 22 Dansey,
1824 1773 43 17 who

1431 1799 38 11 was
1478 1795 132 21 accompanied
1618 1801 23 11 on
1648 1795 32 18 the
1687 1795 89 23 platform
1783 1795 26 23 by
1816 1797 38 16 Mes-

1431 1816 54 18 damo
1492 1816 3 25 i
1505 1818 60 17 Huett
1576 1819 36 16 and
1621 1818 75 22 Munro,
1708 1819 54 17 made
1776 1819 33 18 the
1824 1825 32 16 pre-

1431 1842 38 15 sent
1474 1841 58 17 ;ilion.
1558 1842 22 16 In
1590 1843 88 16 resonant
1692 1844 54 16 tones
1761 1849 39 11 was
1818 1849 52 16 sung

1431 1863 32 17 the
1472 1865 121 21 appropriate
1602 1871 48 16 song
1767 1866 32 16 the
1816 1867 39 16 Ban-

1494 1887 38 18 and
1546 1888 20 17 at
1581 1887 32 19 the
1628 1889 108 17 conclusion
1748 1889 21 17 of
1782 1889 32 17 the
1831 1889 37 17 last

1431 1916 52 11 verse
1492 1911 24 21 by
1527 1917 10 11 a
1546 1910 40 19 deft
1595 1914 108 15 movement
1711 1913 32 16 the
1752 1912 66 20 colors,
1831 1919 24 10 un-

1431 1933 33 17 der
1486 1934 60 18 which
1568 1934 64 18 future
1649 1935 87 17 victories
1755 1941 32 12 are
1808 1937 20 16 to
1845 1936 23 18 be

1431 1957 88 17 achieved
1529 1958 26 22 by
1563 1958 32 16 the
1604 1958 88 23 doughty
1807 1959 21 17 of
1835 1959 33 17 the

1536 1987 48 11 were
1605 1981 92 18 disclosed
1714 1983 20 16 to
1750 1983 54 16 view.
1829 1983 39 16 The

1431 2003 73 17 banner
1513 2003 16 18 is
1537 2010 11 11 a
1556 2005 72 16 marvel
1638 2006 20 16 of
1671 2007 31 15 art
1715 2006 119 16 needlework
1849 2006 19 16 in

1431 2026 52 18 black
1489 2027 37 17 and
1530 2027 66 22 yellow
1600 2028 14 17 si
1617 2028 16 17 hi
1638 2028 79 23 bearing
1720 2029 32 17 the
1757 2035 111 16 monogram

1431 2049 20 18 of
1459 2050 33 17 the
1496 2051 48 17 Club
1551 2051 37 17 and
1595 2051 87 22 showing
1690 2057 12 12 a
1708 2052 89 22 geyserin
1805 2052 63 17 notion

1431 2073 73 22 issuing
1513 2074 49 17 from
1570 2080 13 11 a
1590 2075 72 16 terrace
1671 2075 108 17 formation.
1805 2075 24 17 In
1836 2076 32 16 the

1431 2101 66 12 corner
1506 2096 33 18 the
1546 2098 44 21 past
1598 2098 87 17 victories
1694 2098 21 17 of
1727 2098 33 17 the
1773 2098 49 17 Club
1838 2105 30 10 are

1431 2119 89 17 recorded
1535 2120 46 18 with
1597 2126 53 12 room
1667 2121 36 17 left
1722 2121 30 17 for
1772 2121 96 17 additions

1431 2142 79 18 thereto.
1536 2144 47 17 Miss
1599 2144 77 22 Dansey
1692 2145 71 22 having
1780 2144 89 23 formally

1431 2165 74 18 handed
1515 2173 45 10 over
1568 2167 32 17 the
1609 2167 71 18 banner
1689 2169 20 15 to
1718 2168 32 17 the
1762 2168 75 22 captain
1847 2168 20 17 of

1432 2188 32 19 the
1474 2190 55 19 Club,
1539 2190 31 17 Mr
1579 2190 85 21 Webber,
1674 2191 34 17 the
1722 2192 100 22 secretary,
1838 2197 20 11 re-

1431 2212 52 22 plied
1508 2213 38 17 and
1570 2214 33 16 the
1628 2214 92 18 members
1745 2214 47 18 with
1817 2215 52 21 lusty

1431 2235 58 22 lungs
1497 2236 83 18 chanted
1647 2237 32 17 the
1779 2238 90 21 Dancing

1431 2265 38 10 was
1485 2260 46 16 then
1546 2260 85 17 resumed
1646 2260 37 17 and
1698 2260 46 22 kept
1757 2267 26 16 up
1798 2261 30 17 till
1844 2267 24 11 an

1431 2282 52 22 early
1492 2283 49 17 hour
1548 2283 18 17 in
1576 2283 33 18 the
1617 2284 94 22 morning.
1725 2284 32 17 Mr
1765 2285 24 16 A.
1798 2284 70 17 Munro

1431 2306 55 16 made
1499 2312 24 11 an
1537 2307 80 17 efficient
1634 2307 56 20 M.C.,
1710 2307 36 17 and
1763 2308 33 16 the
1809 2308 60 17 music

1431 2335 38 11 was
1485 2329 85 23 supplied
1585 2330 25 22 by
1623 2330 69 18 Messrs
1710 2331 20 16 T.
1744 2331 61 21 Ryan,
1821 2331 36 17 For-

1431 2352 52 23 dyce,
1494 2353 69 22 Brady,
1574 2354 83 16 Dalbeth
1666 2354 38 17 and
1712 2354 18 17 J.
1744 2354 77 18 Munro.

1487 2385 209 17 INEXPRESSIBLE
1711 2386 103 16 RELIEF.

1455 2432 68 17 Ladies
1532 2433 43 16 who
1584 2439 31 11 are
1623 2433 20 16 in
1658 2433 79 17 delicate
1753 2434 65 17 health
1830 2434 38 17 will

1433 2455 40 17 find
1497 2456 33 17 the
1551 2462 65 12 source
1638 2456 22 18 of
1682 2456 38 18 this
1744 2456 20 18 in
1791 2458 77 19 Wolfe.s

1433 2478 103 24 Schnapps,
1548 2479 59 17 which
1617 2479 17 17 is
1642 2479 39 18 also
1696 2480 68 22 highly
1780 2481 77 17 nourish-

1432 2502 34 22 ing
1473 2503 38 16 and
1520 2503 104 21 agreeable.

1433 2551 53 17 THE
1510 2551 132 17 SANITARY
1666 2552 146 18 CONDITION
1837 2552 32 18 OF

1575 2575 53 17 THE
1646 2575 82 17 TOWN.

1512 2621 121 18 IjirOIITANT
1640 2622 147 17 Resoxutions.

1457 2651 26 16 At
1491 2650 115 22 Thursday's
1623 2651 94 22 nieeeting
1729 2651 19 17 of
1762 2651 33 17 the
1812 2652 58 17 Town

1435 2673 63 18 Board
1505 2674 84 21 sanitary
1595 2675 78 16 matters
1679 2674 90 23 occupied
1773 2674 85 19 consider-

1435 2697 42 17 able
1486 2697 100 17 attention.
1611 2697 80 17 Various
1705 2697 65 18 letters
1777 2697 36 19 and
1823 2698 38 17 tele-

1434 2726 64 16 grams
1515 2720 61 17 which
1599 2720 37 17 had
1653 2721 67 22 passed
1737 2721 85 17 between
1839 2721 32 17 the

1433 2743 64 17 Board
1526 2743 37 17 and
1586 2743 70 18 Messrs
1672 2744 61 22 Percy
1749 2744 62 17 Smith
1834 2745 37 16 and

1433 2766 81 18 Mueller
1520 2766 19 17 in
1548 2767 93 17 reference
1651 2768 19 16 to
1679 2767 32 17 the
1726 2768 109 17 conversion
1852 2768 22 17 of

1435 2790 31 17 the
1474 2790 72 16 Boards
1556 2790 86 22 paddock
1651 2790 40 17 into
1703 2796 11 11 a
1731 2796 74 17 sewage
1821 2791 49 17 farm

1433 2813 26 22 by
1468 2813 33 17 the
1508 2813 66 18 lessees
1583 2819 49 12 were
1640 2813 45 18 read
1701 2813 37 18 and
1753 2814 119 18 commented

1434 2843 31 10 on.
1498 2837 19 16 It
1533 2836 94 22 appeared
1640 2837 49 17 from
1706 2837 52 17 these
1774 2838 44 17 that
1840 2838 32 17 the

1434 2859 76 17 holders
1519 2860 19 16 of
1546 2859 34 19 the
1586 2860 49 16 lease
1643 2865 48 12 were
1704 2860 73 23 willing
1793 2862 21 16 to
1831 2867 31 11 sur-

1435 2883 67 17 render
1510 2883 16 17 it
1535 2889 24 11 on
1569 2883 96 17 condition
1674 2883 43 17 that
1724 2884 55 16 other
1784 2883 46 17 lane!
1835 2890 38 11 was

1435 2905 87 23 granted.

1458 2930 45 16 Two
1512 2930 89 21 petitions
1617 2935 49 12 were
1682 2930 40 17 also
1738 2930 50 21 read,
1807 2930 66 22 signed

1435 2952 24 22 by
1468 2952 103 23 European
1579 2952 38 18 and
1624 2952 62 19 Maori
1691 2953 97 20 residents,
1795 2959 63 16 respec-

1435 2976 65 22 tively,
1520 2976 67 22 asking
1612 2976 43 17 that
1677 2976 32 18 the
1726 2977 63 17 Board
1806 2977 68 17 should

1435 2999 98 17 intervene
1542 3001 20 16 to
1571 3000 79 22 prevent
1658 2999 32 18 the
1701 2999 52 18 work
1760 3000 48 17 from
1814 3000 60 23 going

1437 3028 29 11 on.

1461 3046 23 16 In
1494 3046 93 17 reference
1596 3046 20 17 to
1626 3046 32 16 the
1666 3046 63 17 Maori
1743 3046 80 22 petition
1842 3046 31 18 Mr

1437 3068 77 24 Dansey
1524 3069 61 17 stated
1594 3069 42 17 that
1646 3071 114 21 consequent
1773 3075 24 11 on
1806 3076 11 10 a
1825 3076 34 11 con-

1439 3093 94 16 versation
1543 3092 45 17 with
1598 3093 32 16 the
1639 3092 55 21 chief,
1712 3093 68 16 Petera
1795 3093 67 17 Puliua-

1437 3116 40 19 tua,
1487 3116 53 16 there
1550 3121 36 11 was
1604 3121 55 16 every
1674 3121 66 12 reason
1757 3117 20 16 to
1794 3122 81 17 suppose

1436 3139 43 16 that
1488 3139 33 17 the
1527 3139 110 22 petitioners
1643 3139 37 17 had
1689 3139 47 17 been
1744 3139 131 17 misinformed

1437 3168 20 11 as
1466 3163 21 16 to
1496 3162 32 17 the
1537 3162 104 17 intentions
1650 3162 19 17 of
1677 3163 33 16 the
1719 3162 73 17 lessees.
1807 3163 68 17 Petera

1437 3185 38 16 had
1484 3184 95 23 distinctly
1591 3184 39 19 told
1639 3185 39 17 him
1696 3185 41 18 that
1753 3186 33 17 the
1802 3186 73 17 natives

1437 3208 38 18 had
1484 3208 47 17 been
1540 3208 31 17 led
1579 3209 20 16 to
1614 3208 70 18 believe
1699 3208 43 18 that
1758 3208 16 17 it
1790 3215 39 11 was
1843 3209 32 17 the

1439 3232 93 16 intention
1542 3232 19 16 of
1571 3231 31 17 the
1618 3237 90 16 manager
1725 3232 19 16 of
1760 3232 34 16 the
1811 3232 64 17 Grand

1439 3255 59 17 Hotel
1506 3256 20 16 to
1533 3255 31 22 lay
1574 3260 11 11 a
1593 3255 44 22 pipe
1646 3255 48 16 from
1705 3255 34 18 the
1744 3255 54 18 hotel
1807 3256 19 16 to
1843 3255 34 18 the

1438 3278 59 17 banks
1503 3278 20 17 of
1537 3278 32 17 the
1579 3278 53 17 creek
1641 3278 37 17 and
1686 3284 49 16 pour
1752 3280 33 15 out
1802 3278 25 17 all
1844 3279 31 16 the

1439 3302 61 16 refuse
1515 3302 68 16 matter
1599 3302 41 16 into
1654 3301 34 17 the
1703 3302 75 17 stream.
1798 3302 30 16 He
1838 3301 39 22 (Mr

1439 3325 84 22 Dansey)
1532 3325 40 16 told
1581 3325 68 16 Petera
1657 3325 44 16 that
1708 3325 32 16 the
1747 3325 59 16 lessee
1813 3325 63 17 would

1439 3347 31 22 lay
1479 3348 33 17 the
1520 3348 61 17 refuse
1590 3353 24 12 on
1628 3347 33 18 the
1678 3347 75 22 ground
1767 3347 38 18 and
1822 3354 54 11 cover

1439 3371 15 16 it
1463 3377 31 16 up.
1517 3371 67 16 Petera
1593 3373 51 14 went
1652 3377 54 16 away
1720 3370 93 23 perfectly
1821 3371 45 17 satis-

1440 3394 42 18 fied,
1501 3394 68 22 saying
1585 3394 42 16 that
1644 3394 14 16 if
1674 3394 15 16 it
1703 3400 37 10 was
1755 3395 21 15 to
1790 3394 26 17 be
1831 3394 44 18 used

1440 3417 68 23 simply
1518 3417 30 17 for
1555 3422 80 12 manure
1641 3416 17 18 it
1663 3416 64 18 would
1733 3417 33 17 not
1776 3417 55 17 harm
1844 3418 33 16 the

1440 3440 60 17 creek.

1464 3463 32 17 Mr
1513 3463 80 17 Mueller
1610 3464 61 16 stated
1691 3463 43 17 that
1758 3464 32 16 Mr
1813 3464 63 17 Rein's

1440 3487 79 16 brother
1527 3486 37 17 had
1580 3492 52 11 come
1646 3487 19 16 to
1682 3486 40 17 him
1737 3487 20 16 in
1777 3487 100 17 Auckland

1441 3510 78 21 slating,
1539 3509 43 17 that
1602 3509 33 17 the
1651 3510 68 17 waters
1735 3509 21 18 of
1776 3510 33 17 the
1825 3510 53 17 creek

1441 3538 48 11 were
1498 3532 59 17 about
1566 3534 18 15 to
1593 3532 24 17 bo
1626 3532 84 22 polluted
1725 3532 25 21 by
1764 3533 35 16 the
1813 3533 62 17 action

1442 3556 19 16 of
1473 3556 33 16 the
1520 3555 63 18 Grand
1593 3555 59 17 Hotel
1658 3556 73 21 people,
1740 3556 38 17 and
1786 3556 16 17 if
1816 3556 16 17 it
1840 3562 38 11 was

1442 3578 80 18 allowed
1529 3580 21 15 to
1559 3584 24 17 go
1593 3584 25 12 on
1633 3579 28 17 his
1679 3579 77 17 brother
1772 3579 64 17 would
1851 3579 24 18 be

1442 3602 66 17 driven
1524 3601 49 18 from
1589 3601 29 18 his
1635 3601 76 18 section.
1736 3602 31 17 He
1781 3602 42 17 told
1839 3603 39 16 him

1442 3625 43 18 that
1494 3625 23 16 lie
1526 3624 62 18 would
1602 3626 52 15 ma'<o
1668 3624 93 24 enquiries
1770 3626 38 16 and
1822 3626 57 16 wired

1442 3648 122 22 accordingly
1571 3649 19 16 to
1607 3648 32 18 Mr
1652 3648 89 23 Malfroy.
1767 3648 30 18 He
1814 3648 55 18 subse-

1442 3671 80 22 quently
1539 3677 38 11 saw
1594 3671 32 17 Mr
1642 3671 47 17 Reid
1705 3671 58 21 again
1778 3672 55 16 when
1847 3671 32 18 the

1442 3694 57 17 latter
1513 3694 106 17 undertook
1635 3695 20 17 to
1672 3700 30 11 sco
1718 3694 69 18 Messrs
1802 3694 78 19 Nathan

1443 3717 37 17 and
1490 3717 32 18 Co.
1532 3718 37 17 and
1576 3719 31 20 get
1625 3717 50 18 them
1694 3719 19 15 to
1731 3718 99 17 surrender
1847 3718 33 17 the

1443 3741 55 17 lease.
1524 3741 30 17 He
1564 3740 62 18 would
1643 3742 79 20 suggest
1730 3741 43 17 that
1782 3741 45 22 they
1835 3747 44 11 now

1442 3763 53 18 leave
1504 3764 16 17 it
1535 3765 20 16 to
1570 3763 32 18 the
1623 3763 70 18 Messrs
1709 3764 93 17 Nathans'
1811 3765 65 21 option

1444 3786 84 18 whether
1536 3787 45 21 they
1598 3786 103 24 proceeded
1719 3787 45 18 with
1779 3788 33 16 the
1828 3788 50 16 lease

1444 3815 21 12 or
1474 3812 39 17 not,
1522 3810 33 16 but
1566 3810 72 23 stating
1646 3810 43 17 that
1699 3810 51 17 there
1756 3816 48 11 were
1813 3812 68 20 strong

1444 3833 105 22 objections
1558 3834 20 16 to
1587 3833 50 18 their
1653 3833 59 21 going
1728 3839 24 11 on
1768 3833 47 17 with
1833 3833 49 17 their

1444 3855 79 24 project,
1534 3856 37 17 and
1579 3857 40 16 also
1635 3856 42 17 that
1691 3857 32 16 the
1738 3856 63 17 Board
1818 3856 64 17 would

1444 3880 29 16 set
1482 3877 55 25 apart
1551 3885 11 11 a
1576 3880 52 21 piece
1646 3879 19 17 of
1673 3879 46 17 land
1732 3879 61 17 where
1807 3880 26 16 all
1849 3880 33 17 the

1445 3902 77 23 Sewage
1532 3902 20 17 of
1560 3902 32 18 the
1600 3903 51 17 town
1669 3902 63 17 would
1749 3902 24 17 be
1786 3902 95 23 convoyed

1444 3925 37 17 and
1491 3925 52 18 dealt
1558 3925 53 17 with.

1468 3949 31 16 Mr
1509 3948 59 18 Brent;
1576 3949 40 16 said
1626 3948 51 18 there
1686 3955 38 10 was
1733 3955 11 10 a
1751 3948 62 17 clause
1821 3949 19 16 in
1850 3948 32 19 the

1445 3972 105 17 conditions
1562 3971 77 22 against
1654 3971 32 18 the
1702 3972 82 22 keeping
1797 3972 19 17 of
1832 3972 48 22 pigs.

1444 3995 55 20 Now,
1513 3995 44 22 they
1566 3995 24 17 all
1600 3995 54 17 knew
1665 3995 52 17 there
1733 4000 39 12 was
1788 4000 11 12 a
1816 3996 67 21 strong

1446 4017 95 23 objection
1551 4018 20 17 to
1585 4018 48 17 that.

1469 4041 31 17 Mr
1510 4041 76 21 Dansoy
1602 4040 63 17 stated
1682 4041 44 16 that
1741 4040 33 17 tho
1790 4040 63 17 Board
1862 4041 20 16 of

1449 4064 68 17 Health
1534 4063 115 23 regulations
1672 4064 74 16 defined
1771 4064 32 16 the
1825 4063 57 18 limits

1447 4087 67 17 within
1532 4087 61 17 which
1667 4087 67 17 should
1750 4088 34 15 not
1794 4087 24 17 bo
1832 4087 49 22 kept.

1445 4109 40 18 Tho
1494 4110 75 22 ground
1578 4110 19 17 in
1606 4109 88 25 question
1699 4115 40 12 was
1748 4109 73 18 outside
1830 4110 52 17 these

1445 4133 67 17 limits.
1537 4132 19 19 If
1562 4132 47 23 they
1617 4132 86 24 objected
1716 4134 20 16 to
1753 4132 32 17 the
1804 4133 79 22 keeping

1884 108 31 16 lof
1924 107 43 22 pigs
1976 112 24 11 on
2007 106 52 17 these
2077 106 52 17 rural
2146 106 80 17 sections
2242 106 16 17 it
2268 106 61 17 would

1894 130 89 17 interfere
1989 129 154 22 unwarrantably
2150 129 47 17 with
2204 135 55 16 every
2265 130 64 17 settler

1883 152 2 18 I
1894 152 20 18 in
1922 153 32 17 the
1965 153 58 17 place.

1917 176 32 17 Mr
1957 176 85 21 Malfroy
2049 175 84 21 thought
2140 175 17 16 it
2171 176 63 16 would
2247 176 23 17 be
2279 177 39 16 fool-

1894 198 28 18 ish
1931 200 30 16 for
1971 198 31 18 the
2010 199 67 16 lessees
2085 198 21 18 to
2115 198 26 21 fly
2148 198 19 16 in
2173 198 33 17 the
2214 198 41 18 face
2268 200 20 16 of
2296 200 33 17 the

1894 222 85 21 petition.
2004 222 20 16 If
2031 221 46 22 they
2085 221 79 17 decided
2179 223 19 15 to
2215 221 73 22 deposit
2296 223 33 17 the

1894 250 73 17 sewage
1972 245 21 16 tli
1996 250 29 11 ere
2033 244 16 17 it
2057 244 65 17 would
2130 250 55 11 cause
2193 244 73 18 endless
2275 247 42 16 trou-

1893 268 31 17 ble
1932 274 20 11 as
1961 268 15 16 it
1983 267 62 17 would
2052 268 49 16 have
2107 268 21 16 to
2136 267 23 17 be
2175 267 70 18 carried
2254 269 33 16 out
2304 275 24 11 on

1894 290 31 18 the
1934 291 42 17 best
1985 290 36 17 and
2030 291 50 17 most
2088 290 96 23 approved
2193 292 75 20 system.

1917 314 31 16 Mr
1955 314 76 21 Dansey
2039 313 85 23 thought
2137 313 16 17 it
2161 319 39 11 was
2216 315 33 15 not
2259 315 29 16 for
2296 315 32 17 the

1894 337 61 17 Board
1965 338 19 15 to
1993 337 33 16 ask
2035 337 52 16 them
2096 337 20 16 to
2125 336 43 22 give
2184 342 25 16 up
2223 337 33 16 the
2271 337 55 20 lease,

1893 360 15 16 it
1917 365 38 12 was
1965 360 29 16 for
2002 360 32 16 the
2040 360 66 17 lessees
2112 360 20 17 to
2139 360 46 16 offer
2194 361 20 15 to
2223 360 103 17 surrender.

1917 383 27 16 Dr
1953 382 79 18 Grinders
2042 383 61 17 stated
2112 383 44 17 that
2164 383 107 22 something
2278 386 50 15 must

1892 405 24 18 be
1924 405 48 18 done
1982 405 37 18 and
2027 406 43 17 that
2078 405 84 23 speedily
2176 405 47 18 with
2240 406 31 17 the
2280 412 36 11 sow-

1892 435 36 16 age
1937 430 20 16 of
1965 430 52 16 these
2030 429 52 22 large
2098 429 68 17 hotels.
2201 429 31 17 He
2245 429 39 17 had
2298 430 20 17 in-

1893 452 75 21 spected
1976 452 33 17 the
2017 452 79 23 cess-pit
2111 452 21 17 of
2138 452 34 17 the
2187 452 69 17 Palace
2270 452 58 18 Hotel

1892 475 44 17 that
1944 475 42 22 day.
2012 476 18 16 It
2040 481 37 11 was
2085 476 21 16 in
2114 482 12 10 a.
2136 475 101 22 positively
2246 475 70 22 danger-

1893 504 33 11 ous
1935 498 95 17 condition
2040 498 45 18 with
2095 504 11 11 a
2115 504 58 16 green
2179 504 50 12 scum
2244 504 44 11 over
2296 499 32 17 the

1892 522 79 19 surface,
1981 522 37 17 and
2026 522 124 22 discharging
2158 527 11 12 a
2176 522 67 21 highly
2248 522 80 17 noxious

1892 550 40 16 gas.
1958 544 19 17 It
1984 550 37 12 was
2029 545 18 17 in
2056 551 12 11 a
2077 546 49 16 state
2134 545 22 17 of
2164 544 140 18 fermentation.

1916 567 31 17 Mr
1955 567 90 18 Mueller:
2059 568 56 17 Ami
2123 570 19 14 to
2157 567 117 18 understand
2283 568 42 17 that

1893 590 31 17 the
1933 591 62 16 Board
2004 591 34 17 has
2058 591 55 23 given
2135 597 39 16 any
2194 591 69 22 special
2283 597 33 11 con-

1892 614 72 16 cession
1972 614 19 16 in
2001 614 38 17 this
2047 614 49 17 lease
2103 614 8 17 ?

1915 637 32 16 Mr
1952 637 93 22 Malfroy:
2064 637 97 22 Certainly
2170 638 39 17 not.

1916 659 31 18 Mr
1971 660 80 17 Mueller
2061 659 3 24 :
2085 661 51 22 Very
2157 661 43 16 well
2209 659 4 24 ;
2237 661 43 22 give
2296 660 33 18 the

1892 682 66 17 lessees
1967 684 61 17 notice
2037 684 42 17 that
2088 684 32 17 the
2137 683 63 18 Board
2209 684 33 17 has
2252 684 76 17 decided

1892 707 34 16 not
1940 707 19 16 to
1973 706 56 18 allow
2044 707 31 17 the
2084 706 76 23 ground
2169 708 19 17 to
2198 707 22 17 be
2238 707 45 17 used
2299 708 30 17 for

1892 734 79 17 sewage.

1915 752 55 17 After
1979 758 49 13 some
2038 753 73 18 further
2117 753 103 18 discussion
2234 753 20 18 in
2261 753 68 23 regard

1891 777 20 17 to
1920 777 31 17 the
1960 775 56 18 letter
2024 777 49 16 from
2089 776 33 18 Mr
2136 776 90 19 Boulton,
2236 777 44 16 read
2289 777 21 17 at
2317 783 12 11 a

1892 801 86 20 previous
1991 800 87 22 meeting,
2093 800 15 17 it
2123 805 39 11 was
2177 800 77 17 decided
2262 802 20 15 to
2298 800 20 17 in-

1892 824 48 17 form
1950 822 33 18 the
1990 823 66 17 lessees
2073 823 44 17 that
2132 823 33 17 the
2180 823 63 17 Board
2260 824 69 16 cannot

1894 847 102 21 guarantee
2005 846 173 17 non-interference
2195 845 45 18 with
2258 846 31 18 the
2298 847 20 16 in-

1892 870 73 17 tention
1981 870 19 16 of
2016 869 80 22 turning
2111 870 33 16 i]\a
2158 869 87 22 paddock
2261 870 42 17 into
2317 875 12 11 ft

1892 899 73 16 sewage
1971 892 60 21 farm;
2044 892 43 17 that
2096 892 33 17 the
2134 892 64 17 Beard
2212 892 55 17 could
2280 893 51 22 only

1891 916 50 17 lease
1949 917 20 16 to
1976 915 51 17 them
2037 915 60 17 under
2105 915 33 17 the
2146 921 51 11 same
2213 916 116 17 restrictions

1892 945 19 12 as
1921 941 28 16 set
1958 938 51 18 forth
2017 938 20 17 in
2043 938 32 17 the
2090 938 81 22 original
2185 939 54 19 lease,
2256 939 38 16 and
2308 939 20 17 in

1892 968 55 16 every
1956 962 72 22 respect
2045 962 47 21 they
2106 962 63 16 would
2186 962 23 16 be
2226 962 74 22 subject
2308 964 20 15 to

1892 986 32 16 the
1934 985 61 18 Board
2002 985 19 17 of
2030 985 71 17 Health
2111 985 117 20 regulations
2235 985 3 20 :
2259 985 19 17 in
2287 986 41 16 face

1892 1009 19 17 of
1920 1009 33 17 the
1964 1008 105 23 opposition
2078 1008 61 17 raised
2150 1008 47 22 they
2211 1009 70 17 viewed
2296 1008 32 18 the

1891 1032 73 23 project
1981 1031 45 18 with
2042 1031 84 17 disfavor
2140 1031 38 17 and
2195 1031 63 18 would
2273 1031 56 23 point

1892 1057 32 15 out
1934 1055 43 18 that
1986 1061 11 10 a
2005 1054 35 18 site
2049 1054 38 17 had
2096 1054 47 18 been
2160 1054 80 17 selected
2258 1055 29 17 for
2296 1056 32 16 the

1892 1078 73 23 deposit
1983 1078 19 17 of
2018 1083 74 16 sewage
2108 1078 70 16 matter
2194 1078 61 17 which
2272 1084 56 16 eveiy

1892 1101 125 18 householder
2024 1101 19 17 in
2052 1101 33 17 the
2094 1102 52 15 town
2160 1101 63 17 would
2231 1101 23 17 be
2271 1107 45 11 even-

1891 1125 60 22 tually
1958 1124 103 22 compelled
2071 1125 20 17 to
2100 1129 38 12 use.

1915 1148 31 17 M'r
1952 1148 82 17 Mueller
2041 1146 62 18 stated
2120 1147 44 17 that
2179 1153 12 11 n
2207 1150 122 20 peremptory

1892 1172 92 22 telegram
1994 1171 67 17 should
2069 1170 24 17 be
2101 1172 21 15 at
2131 1176 45 12 once
2186 1172 41 16 sent
2240 1171 19 17 in
2269 1171 49 17 refer-

1891 1201 45 11 ence
1944 1196 20 16 to
1983 1195 31 17 the
2030 1194 98 22 gazetting
2144 1194 21 17 of
2180 1194 32 17 the
2229 1194 62 17 Board
2308 1195 20 17 of

1891 1217 71 19 Health
1973 1218 100 22 bye-laws.

1915 1241 26 18 At
1950 1247 10 11 a
1969 1242 47 16 later
2025 1242 53 19 stage
2087 1240 20 18 in
2124 1240 32 18 the
2165 1240 122 23 proceedings
2296 1241 32 17 Mr

1890 1265 81 17 Mueller
1981 1264 60 18 stated
2047 1264 44 16 that
2099 1264 24 16 he
2131 1264 39 17 had
2179 1270 49 15 gone
2245 1264 40 18 into
2295 1264 32 18 the

1890 1288 87 22 question
1986 1288 20 17 of
2015 1287 90 21 drainage
2115 1287 36 17 and
2158 1293 73 16 sewage
2240 1287 46 18 with
2296 1288 32 17 Mr

1890 1311 84 22 Malfroy
1983 1311 36 17 and
2028 1311 46 21 they
2082 1309 38 18 had
2129 1311 74 17 arrived
2212 1311 19 16 at
2240 1310 33 18 the
2282 1317 33 10 con-

1890 1334 72 18 elusion
1970 1334 43 18 that
2021 1341 11 10 a
2040 1334 48 22 deep
2097 1336 72 19 system
2184 1335 20 17 ot
2213 1339 67 11 sewers
2288 1340 39 12 was

1890 1360 33 16 out
1932 1359 20 17 of
1960 1359 32 17 the
2000 1357 94 24 question.
2120 1357 38 17 The
2169 1358 73 22 ground
2248 1364 37 11 was
2295 1359 31 16 too

1890 1383 42 19 low,
1943 1382 43 20 and,
1995 1381 78 20 besides,
2084 1381 14 17 it
2104 1381 56 17 could
2167 1382 34 16 uot
2217 1381 23 17 be
2249 1381 77 18 effected

1890 1406 81 17 without
1979 1404 101 24 poisoning
2088 1403 34 18 the
2125 1404 60 18 Late.
2210 1404 40 17 The
2266 1406 61 16 whole

1889 1429 85 17 business
1983 1428 61 18 would
2054 1428 49 17 have
2110 1429 19 15 to
2138 1428 24 16 be
2174 1428 57 16 taken
2246 1428 18 18 in
2274 1428 51 17 hand

1890 1459 51 11 some
1948 1452 36 21 day
1990 1458 21 11 as
2016 1451 37 17 had
2059 1451 47 17 been
2112 1450 49 18 done
2167 1451 19 17 in
2193 1451 133 18 Christ.church

1889 1476 36 17 but
1934 1476 51 17 what
1993 1475 45 21 they
2045 1474 40 17 bad
2097 1475 21 16 to
2126 1474 62 17 arrive
2201 1475 20 16 at
2231 1480 44 11 now
2287 1480 39 12 was

1889 1499 44 17 how
1941 1500 20 16 to
1968 1499 42 16 deal
2018 1498 46 17 with
2073 1498 17 16 it
2097 1498 44 16 here
2150 1498 30 16 for
2189 1498 32 17 the
2235 1499 46 16 next
2290 1498 36 17 few

1889 1528 60 16 years,
1976 1522 18 17 It
2011 1521 62 18 would
2091 1520 23 18 be
2130 1520 42 17 best
2189 1521 20 17 to
2223 1521 62 17 divide
2294 1522 32 16 the

1889 1545 86 23 problem
1984 1546 40 16 into
2033 1546 37 16 two
2078 1545 53 22 parts
2139 1543 4 25 :
2157 1543 26 24 (1)
2197 1544 50 17 How
2256 1546 19 15 to
2284 1545 43 17 deal

1889 1569 46 17 with
1942 1569 32 17 the
1983 1569 41 21 slop
2031 1568 37 17 and
2077 1567 73 18 surface
2158 1569 60 16 water
2225 1567 4 24 ;
2244 1567 26 24 (2)
2282 1568 44 17 how

1889 1593 20 16 to
1918 1592 73 22 dispose
2000 1592 20 17 of
2030 1592 31 17 the
2078 1591 56 20 night
2151 1591 42 17 soil.
2218 1591 24 17 In
2258 1591 68 22 regard

1889 1617 21 16 to
1918 1616 33 16 the
1959 1616 41 16 first
2009 1615 23 17 he
2045 1614 65 18 would
2126 1615 79 22 suggest
2222 1614 43 17 that
2281 1621 33 11 con-

1889 1640 50 16 crete
1948 1639 89 17 channels
2047 1637 68 18 should
2131 1637 24 17 be
2172 1637 120 17 constructed
2306 1638 23 17 of

1889 1668 12 11 a
1909 1663 18 16 V
1939 1662 58 22 shape
2014 1661 37 18 and
2061 1668 21 11 as
2091 1661 75 17 smooth
2175 1666 21 12 as
2202 1661 87 21 possible,
2306 1667 20 12 so

1889 1686 43 17 that
1941 1686 45 20 they
2003 1685 55 18 could
2073 1685 25 16 bo
2115 1684 122 22 periodically
2254 1684 72 17 flushed

1889 1710 35 16 out
1932 1709 45 17 with
1988 1708 31 17 the
2035 1708 90 22 plentiful
2146 1707 70 22 supply
2232 1708 20 16 of
2268 1709 59 15 water

1889 1733 46 20 they
1943 1731 38 18 had
1990 1733 20 15 at
2018 1731 49 17 their
2076 1727 106 21 command.
2208 1731 30 17 He
2252 1731 63 17 consid-

1889 1755 43 18 ered
1943 1756 41 16 that
1993 1755 84 21 flushing
2087 1755 20 16 at
2116 1755 53 16 short
2185 1754 90 17 intervals
2284 1754 31 17 bet-

1889 1780 29 16 ter
1926 1779 46 17 than
1981 1785 11 10 a
2001 1779 88 16 constant
2096 1780 71 15 stream
2174 1778 92 19 trickling
2271 1778 54 16 down

1890 1804 20 15 at
1918 1802 33 17 the
1968 1807 49 12 same
2034 1801 54 17 level.
2122 1801 105 17 Periodical
2243 1801 84 20 flushing

1890 1825 55 17 could
1954 1825 23 17 bo
1987 1825 77 17 effected
2074 1825 26 22 by
2111 1825 79 17 cisterns
2197 1825 19 16 at.
2229 1824 32 17 the
2278 1825 48 16 head

1890 1849 21 16 of
1918 1849 33 16 the
1960 1847 88 19 channels
2058 1849 100 21 emptying
2171 1847 111 18 themselves
2291 1853 23 12 au-

1890 1872 117 20 tomatically
2013 1877 20 10 as
2038 1872 32 16 the
2077 1873 59 16 water
2141 1871 78 22 flowing
2225 1871 18 16 in
2248 1871 78 16 reached

1889 1901 12 11 a
1911 1895 70 17 certain
1991 1894 53 18 level.
2070 1894 41 18 One
2131 1894 80 18 channel
2228 1893 67 19 should
2303 1894 24 17 be

1890 1919 54 16 made
1953 1924 24 11 on
1986 1918 32 16 the
2028 1919 79 16 western
2118 1918 39 17 side
2166 1917 20 18 of
2194 1917 133 17 Tutanekai-st

1890 1941 90 23 reaching
2000 1941 47 17 from
2067 1941 107 19 Eruera-st,
2186 1942 19 16 to
2230 1940 97 19 Arawa-st

1890 1965 37 17 and
1946 1964 79 17 another
2038 1964 20 17 in
2074 1965 103 16 Fenton-st
2192 1964 85 17 between
2294 1964 33 17 the

1890 1994 51 12 same
1956 1988 63 22 points
2026 1994 5 12 r.
2043 1988 45 17 then
2111 1988 57 17 down
2188 1988 23 17 Ai
2211 1988 3 22 -
2214 1988 70 16 awa-st
2306 1988 21 16 to

1890 2012 135 16 Hinemaru-st
2031 2011 37 17 and
2077 2011 67 17 thence
2153 2013 21 15 to
2181 2011 33 17 the
2221 2011 47 17 lake.
2282 2011 45 17 This

1890 2035 63 17 would
1961 2035 23 16 be
1993 2041 54 15 away
2056 2035 49 16 from
2115 2036 31 16 tne
2157 2035 61 16 wharf
2226 2034 37 17 and
2272 2034 19 17 in
2303 2041 24 10 an

1890 2059 34 16 out
1933 2058 20 17 of
1961 2058 32 17 the
2003 2063 41 16 way
2052 2058 89 21 position.
2167 2058 59 16 There
2235 2057 63 17 would
2303 2058 23 16 bo

1890 2081 81 17 another
1979 2081 59 17 outlet
2046 2081 41 17 into
2096 2082 33 16 the
2138 2081 42 17 lake
2195 2084 23 17 by
2226 2081 101 16 Erucra-st

1890 2106 20 15 at
1919 2105 32 16 the
1958 2104 32 17 the
2003 2104 48 17 back
2068 2104 20 17 of
2104 2104 32 17 Mr
2151 2104 75 17 Brent's
2240 2103 85 18 sections.

1890 2128 39 16 The
1938 2128 90 16 channels
2034 2127 64 17 would
2107 2128 24 16 be
2139 2133 48 16 open
2197 2127 34 16 but
2249 2126 77 17 covered

1890 2152 20 16 at
1918 2151 33 17 the
1959 2151 130 17 intersections
2099 2151 19 17 of
2127 2152 73 16 streets.
2214 2150 44 17 This
2265 2150 62 17 would

1890 2175 110 17 necessitate
2009 2174 31 16 the
2051 2174 128 17 construction
2189 2174 20 16 of
2220 2174 31 16 114
2263 2174 64 16 chains

1890 2198 22 16 of
1927 2199 85 15 concrete
2024 2197 114 20 channeling
2153 2198 19 16 at
2188 2202 23 12 an
2228 2196 99 18 estimated

1890 2222 41 16 cost
1940 2221 20 16 of
1969 2220 48 17 BSi3
2033 2227 21 10 or
2069 2220 100 21 including
2186 2220 92 21 crossings
2290 2220 37 17 and

1890 2244 46 17 with
1947 2244 32 16 the
1987 2245 143 20 arrangements
2139 2244 30 17 for
2177 2243 84 22 flushing
2271 2242 54 18 O6O.

1891 2268 19 16 If
1927 2267 37 17 this
1977 2273 39 11 was
2032 2267 100 22 agreeable
2149 2268 20 16 to
2190 2267 92 17 members
2303 2267 24 17 ho

1891 2291 63 16 would
1963 2290 34 17 ask
2005 2291 29 16 for
2043 2296 50 12 some
2103 2296 37 12 one
2147 2292 20 15 to
2180 2296 53 11 move
2250 2289 66 18 accord-

1890 2314 18 17 in
1911 2314 20 21 gl
1932 2320 18 11 v.

1914 2338 32 16 Mr
1961 2337 85 21 Malfroy
2231 2336 33 18 the
2289 2336 25 18 Go-

1890 2362 99 16 vernment
1998 2361 23 16 be
2032 2360 95 17 informed
2143 2360 44 17 that
2202 2360 20 16 in
2240 2359 54 18 order
2307 2361 20 16 to

1890 2385 49 16 meet
1956 2384 32 17 the
2005 2383 107 23 absolutely
2128 2388 98 16 necessary
2244 2383 72 22 require-

1890 2408 61 16 ments
1959 2409 20 15 to
1987 2408 36 21 put.
2031 2407 32 16 the
2070 2408 52 15 town
2129 2407 19 16 in
2155 2413 10 10 a
2172 2403 84 25 sanitary
2262 2406 54 17 condi-

1891 2430 40 18 tion
1949 2431 32 17 the
1999 2430 128 18 construction
2144 2430 21 17 of
2183 2430 32 16 114
2230 2430 64 16 chains
2308 2429 20 17 of

1892 2454 122 21 channelling
2030 2454 23 16 be
2069 2454 65 19 begun
2151 2453 99 17 forthwith
2267 2454 21 15 at
2303 2458 24 11 an

1893 2477 98 18 estimated
2001 2478 39 16 cost
2050 2476 71 18 of9oo
2131 2476 37 17 and
2175 2477 43 16 that
2226 2476 32 17 the
2265 2475 63 18 Board

1892 2500 122 22 respectfully
2024 2500 70 17 submit
2103 2500 43 17 that
2155 2500 64 17 unless
2235 2500 38 16 this
2287 2505 40 11 sum

1892 2524 16 17 is
1917 2524 80 21 granted
2014 2524 30 16 for
2059 2524 33 16 the
2110 2529 88 16 purpose,
2216 2522 33 18 the
2265 2522 63 18 Board

1891 2549 52 15 must
1951 2547 72 17 decline
2031 2547 25 17 all
2065 2546 143 23 responsibility
2214 2546 19 16 in
2248 2552 68 11 connec-

1891 2571 41 16 tion
1941 2571 45 16 with
1996 2570 32 17 the
2037 2571 85 21 sanitary
2139 2571 51 16 state
2206 2569 20 18 of
2242 2569 84 17 Rotorua

1892 2594 30 17 for
1929 2594 32 17 the
1971 2594 73 16 current
2053 2599 50 16 year.

1915 2618 31 16 Mr
1962 2616 81 18 Mueller
2059 2616 99 18 remarked
2174 2616 44 17 that
2233 2616 16 17 it
2261 2622 40 11 was
2317 2622 11 10 a

1892 2646 41 12 case
1943 2641 21 16 of
1971 2641 32 16 the
2011 2640 130 17 Government
2148 2639 66 23 giving
2223 2639 31 17 the
2261 2645 68 16 money

1892 2670 21 11 or
1922 2663 97 21 assuming
2027 2663 32 17 the
2068 2663 148 21 responsibility.

1916 2688 32 16 Mr
1969 2688 58 15 Brent
2042 2686 92 17 seconded
2155 2686 37 17 and
2210 2686 32 17 the
2256 2686 73 17 motion

1892 2716 39 11 was
1941 2710 76 18 carried.

1917 2734 31 17 Mr
1956 2733 81 17 Mueller
2045 2733 63 17 stated
2113 2733 45 17 that
2165 2733 47 17 with
2221 2733 32 16 the
2263 2732 55 18 Chair-

1893 2763 44 11 man
1947 2757 23 17 ho
1978 2756 38 17 had
2032 2762 50 16 gone
2099 2757 19 16 in
2137 2756 64 17 search
2218 2756 20 17 of
2254 2755 75 22 ground

1893 2781 50 16 most
1952 2780 79 17 suitable
2041 2780 31 17 for
2079 2785 11 11 a
2099 2780 56 20 night
2164 2779 34 17 soil
2207 2778 63 23 depot.
2286 2778 43 18 Tin's

1893 2803 38 17 had
1959 2803 47 17 been
2030 2803 60 17 found
2111 2803 59 22 along
2194 2803 32 16 the
2251 2802 78 18 MaVetu

1894 2827 52 19 road,
1955 2832 46 11 near
2009 2826 32 17 the
2051 2826 101 21 Puarenga
2161 2827 69 16 stream
2244 2825 36 18 but
2296 2826 34 16 not

1895 2856 24 11 on
1927 2850 25 17 its
1960 2849 66 18 banks.
2052 2849 59 17 There
2124 2855 38 11 was
2179 2848 92 18 sufficient
2287 2854 44 11 area

1895 2874 22 16 of
1924 2872 34 24 dry
1968 2872 74 22 ground
2056 2872 54 18 there
2126 2872 86 17 between
2230 2872 31 17 the
2273 2871 42 17 Mak-

1896 2898 31 15 of.u
1937 2896 45 17 road
1991 2896 37 16 and
2045 2895 30 18 the
2091 2895 43 18 lake
2151 2895 35 17 but
2209 2901 10 11 a
2237 2895 83 17 consider-

1896 2920 41 17 able
1946 2919 82 17 distance
2038 2919 49 17 from
2096 2919 32 17 the
2136 2919 64 17 latter.
2235 2919 38 17 The
2289 2918 42 17 idea

1896 2942 62 18 would
1976 2942 24 17 be
2021 2942 30 17 for
2071 2942 33 17 the
2127 2942 64 17 Board
2217 2942 21 17 to
2259 2947 36 11 run
2320 2947 12 11 a

1896 2966 66 17 trench
1971 2966 57 20 there,
2040 2971 39 16 say,
2089 2966 29 16 six
2128 2966 39 16 feet
2175 2965 54 17 wide.
2255 2965 26 17 As
2297 2964 33 18 the

1896 2989 91 22 nightsoil
2007 2994 40 11 was
2063 2988 84 23 emptied
2162 2989 21 16 in
2199 2989 17 16 it
2231 2987 55 19 could
2308 2988 23 16 be

1896 3012 78 18 covered
1981 3018 27 16 up
2017 3011 37 18 and
2062 3012 55 17 when
2125 3017 35 12 one
2165 3011 67 18 trench
2237 3017 38 12 was
2280 3011 52 17 filled

1896 3036 80 17 another
1984 3035 55 18 could
2047 3035 24 17 be
2080 3035 79 23 opened.
2193 3035 23 16 In
2234 3041 11 10 a
2262 3034 70 18 certain

1896 3059 46 17 time
1950 3059 31 17 the
1991 3058 91 18 fertilised
2096 3058 54 18 earth
2166 3058 55 18 could
2238 3058 24 17 be
2275 3057 57 17 taken

1896 3088 54 15 away
1959 3082 37 16 and
2005 3081 46 18 used
2059 3083 31 15 for
2099 3087 84 12 manure.
2200 3081 54 17 With
2261 3087 10 11 a
2281 3086 40 12 care-

1897 3105 49 22 fully
1955 3105 65 17 drawn
2028 3111 26 16 up
2063 3105 29 17 set
2101 3105 21 17 of
2129 3105 116 22 regulations
2254 3103 38 18 and
2308 3110 24 11 an

1896 3129 94 21 inspector
1998 3128 21 17 of
2026 3128 99 17 nuisances
2133 3128 62 17 worth
2204 3128 95 21 anything
2313 3128 19 16 at

1897 3152 31 19 all,
1946 3152 112 21 everything
2079 3151 64 17 would
2162 3151 24 17 bo
2207 3151 124 20 satisfactory.

1897 3175 39 17 The
1945 3175 60 17 whole
2011 3175 20 17 of
2040 3175 32 17 the
2080 3180 75 16 sewage
2160 3175 97 21 transport
2263 3173 69 20 would,

1897 3199 21 16 of
1934 3204 70 13 course,
2023 3198 22 17 bo
2061 3198 61 17 under
2138 3197 33 17 the
2186 3197 73 18 control
2273 3197 20 17 of
2301 3199 33 14 the

1897 3222 63 16 Board
1969 3221 38 17 and
2014 3227 11 11 a
2041 3222 41 15 rate
2099 3220 64 17 struck
2180 3221 30 16 for
2226 3220 59 23 doing
2301 3220 32 17 the

1898 3244 51 18 work
1957 3244 60 17 which
2026 3250 92 16 everyone
2127 3244 63 16 would
2198 3244 48 16 have
2254 3244 21 16 to
2289 3249 43 16 pay.

1897 3268 60 16 Earth
1967 3268 67 16 closets
2042 3267 69 19 would,
2122 3267 21 17 of
2155 3272 70 12 course,
2240 3267 24 17 be
2281 3266 51 18 used,

1897 3291 37 17 and
1944 3297 67 16 proper
2019 3297 47 15 pans
2075 3290 97 22 provided.
2205 3290 32 17 Ho
2251 3290 83 22 thought

1897 3314 39 17 this
1945 3314 61 17 would
2016 3315 48 15 meet
2073 3314 33 16 the
2112 3313 99 21 difficulty.

1922 3338 31 16 Mr
1961 3338 75 21 Dansey
2045 3336 68 22 agreed
2122 3337 47 16 with
2176 3337 111 21 everything
2292 3336 43 17 that

1898 3361 38 17 had
1944 3361 47 17 been
1999 3359 103 18 advanced.
2127 3360 31 17 He
2167 3359 63 18 would
2239 3359 45 21 only
2301 3359 33 17 ask

1898 3384 16 17 if
1922 3384 32 17 the
1963 3383 85 18 trenches
2061 3382 56 18 could
2129 3384 35 15 not
2178 3383 24 16 be
2216 3382 40 22 dug
2272 3382 52 17 forth-

1899 3407 46 17 with
1955 3407 37 17 and
2000 3406 32 17 the
2048 3406 53 17 work
2116 3406 119 17 commenced
2249 3407 19 16 at
2283 3411 51 11 onee.

1899 3431 39 16 The
1946 3431 40 16 cost
1995 3429 36 17 and
2040 3429 115 22 description
2169 3430 19 16 of
2196 3429 55 22 plant
2265 3429 68 17 should

1899 3454 40 17 also
1947 3453 24 17 be
1979 3452 124 18 ascertained.

1923 3477 32 16 Mr
1964 3476 80 17 Mueller
2052 3476 40 17 said
2102 3476 43 16 that
2154 3476 32 17 the
2194 3475 41 17 first
2243 3476 58 21 thing
2315 3476 20 16 to

1899 3500 23 16 be
1931 3499 48 17 done
1988 3505 37 11 was
2035 3500 20 16 to
2064 3499 47 17 have
2122 3499 31 17 the
2161 3498 94 23 bye-laws
2270 3499 55 22 gazet-

1899 3523 39 17 ted.
1964 3523 22 16 In
1995 3522 31 17 the
2037 3522 102 17 meantime
2148 3523 24 15 ho
2180 3521 63 18 would
2258 3527 78 17 procure

1900 3546 29 17 for
1937 3545 52 18 them
1997 3545 112 22 particulars
2118 3551 20 11 as
2148 3546 21 16 to
2177 3545 42 16 how
2233 3545 32 16 the
2280 3544 56 21 night

1901 3570 68 21 system
1984 3574 38 11 was
2037 3568 71 17 earned
2122 3574 24 11 on
2164 3568 104 19 elsewhere,
2279 3568 58 21 along

1900 3592 45 17 with
1953 3592 33 16 the
1995 3592 39 16 cost
2042 3591 38 17 and
2089 3591 114 22 description
2214 3591 20 17 of
2246 3591 33 17 the
2294 3591 42 17 best

1901 3615 113 23 appliances.

1924 3639 32 16 Mr
1964 3638 75 21 Dansey
2047 3638 47 16 then
2108 3637 69 18 moved
2190 3638 45 16 that
2247 3638 24 15 60
2286 3643 51 10 acres

1901 3667 45 11 near
1955 3661 31 17 the
1995 3660 99 23 Cemetery
2102 3667 73 11 reserve
2183 3660 23 18 be
2214 3661 28 17 set
2251 3661 55 21 apart
2317 3665 20 11 as

1901 3692 12 10 a
1921 3684 91 21 nightsoil
2020 3683 58 22 depot
2087 3684 38 16 and
2133 3684 44 16 that
2188 3684 32 16 the
2236 3683 100 17 Chairman

1901 3708 23 17 be
1933 3707 107 17 authorised
2049 3707 20 16 to
2078 3707 55 17 make
2143 3707 32 17 the
2190 3712 71 11 reserve
2278 3705 49 18 avail-

1902 3731 42 16 able
1958 3730 29 17 for
2002 3730 109 17 immediate
2127 3736 40 11 use.
2192 3730 45 17 This
2253 3735 38 11 was
2308 3735 20 10 se-

1902 3754 71 18 conded
1981 3753 25 22 by
2016 3753 31 17 Mr
2054 3753 85 22 Malfroy
2148 3753 38 17 and
2195 3752 76 19 carried.

1968 3801 75 18 TOWN
2051 3801 88 18 BOARD
2149 3801 125 18 MEETING.

1926 3848 39 18 The
1973 3847 54 19 usual
2035 3847 88 24 monthly
2127 3847 85 24 meeting
2217 3847 20 18 of
2242 3847 34 18 the
2280 3847 58 18 Town

1904 3871 62 19 Board
1980 3876 38 12 was
2032 3871 44 17 held
2093 3871 19 17 in
2129 3871 33 17 the
2180 3871 117 17 Courthouse
2314 3876 24 11 on

1903 3894 97 21 Thursday
2010 3894 36 18 last
2055 3894 54 19 when
2119 3894 53 18 there
2181 3899 48 12 were
2238 3893 100 23 present

1903 3918 69 17 Messrs
1980 3917 20 18 C.
2008 3915 83 24 Malfro'y
2100 3916 73 24 (chair),
2180 3917 85 19 Mueller,
2274 3917 64 19 Brent,

1904 3941 76 22 Dansey
1989 3940 35 17 and
2034 3940 28 17 Dr
2071 3940 86 18 Cinders.

2023 3969 194 18 COEEESrONDENOE.

1928 3997 57 17 From
1998 3997 32 17 ilie
2040 3996 85 20 Colonial
2138 3996 113 23 Secretary's
2258 3996 70 22 Depart-

1905 4020 53 18 ment
1964 4019 21 18 in
2003 4019 53 22 reply
2071 4020 20 16 to
2105 4019 33 18 the
2152 4018 155 19 communication
2321 4019 20 16 of

1905 4043 33 18 the
1945 4042 64 17 Board
2016 4043 18 16 in
2045 4042 67 22 regard
2121 4043 21 16 to
2151 4043 32 16 (he
2192 4041 91 23 difficulty
2296 4041 44 23 they

1905 4065 121 23 experienced
2036 4066 17 16 in
2065 4065 99 23 enforcing
2173 4065 96 17 collection
2279 4065 20 16 of
2309 4065 32 16 (he

1906 4089 58 18 water
1972 4088 48 18 rates
2029 4088 80 17 without
2115 4094 68 17 proper
2189 4087 107 23 authority;
2310 4087 32 17 the

1905 4111 125 24 Department
2037 4111 56 17 asked
2109 4113 19 15 to
2145 4111 23 18 be
2182 4111 93 17 informed
2288 4111 54 16 when

1905 4135 33 18 the
1946 4134 63 18 Board
2018 4141 49 10 were
2076 4134 57 17 asked
2142 4135 19 16 to
2171 4134 66 17 collect
2256 4134 31 17 tho
2295 4135 40 16 rate
2337 4151 5 8 (

2350 105 26 22 by
2385 105 63 18 whoso
2456 106 103 21 authority,
2569 105 39 18 and
2622 105 43 22 why
2676 105 45 22 they
2731 106 53 16 could

2350 129 35 16 not
2393 128 74 17 enforce
2475 130 101 20 payment;
2590 129 39 17 also
2637 134 12 12 a
2658 130 101 15 statement
2768 129 20 17 of

2350 150 33 17 the
2392 152 49 16 rates
2449 150 20 19 in
2481 157 73 12 arrears
2569 152 38 17 and
2623 152 42 17 how
2680 152 46 21 they
2739 157 48 12 were

2350 174 89 16 assessed.
2471 174 32 17 Mr
2523 175 81 17 Mueller
2622 174 108 18 considered
2745 174 42 18 that

2350 197 32 16 the
2394 197 124 22 Department
2533 198 57 17 asked
2606 199 30 16 for
2648 198 33 17 the
2694 198 80 16 informa-

2350 219 40 18 tion
2397 226 21 11 so
2432 226 21 11 as
2467 222 20 15 to
2502 221 23 16 be
2542 221 43 17 able
2598 222 21 16 to
2633 221 42 17 deal
2688 221 47 16 with
2754 221 33 16 the

2350 242 78 18 Board's
2437 244 117 21 suggestion.
2579 244 39 17 The
2626 250 65 11 reason
2703 244 42 17 that
2754 244 32 17 the

2350 266 63 16 Board
2427 266 56 17 could
2498 268 36 16 not
2549 267 74 17 enforce
2640 268 91 21 payment
2747 273 39 10 was

2350 289 43 17 that
2401 289 33 17 the
2442 289 53 23 pipes
2502 289 77 23 leading
2587 290 49 17 from
2645 291 32 16 the
2685 291 60 16 mains
2752 290 22 16 be-

2350 312 69 22 longed
2429 313 19 16 to
2456 312 33 18 the
2498 313 133 17 householders
2639 313 38 16 and
2685 313 46 23 they
2747 313 38 17 had

2349 341 24 11 no
2383 341 63 11 means
2455 336 20 16 of
2483 336 76 22 cutting
2568 336 27 17 off
2602 336 32 16 the
2641 338 57 15 water
2705 336 80 17 without

2349 358 113 23 interfering
2478 359 47 17 yvith
2540 360 73 21 private
2629 360 95 21 property.
2754 359 32 17 Mr

2349 381 76 22 Dansey
2434 387 40 12 was.
2481 381 104 18 instructed
2594 383 20 16 to
2623 382 82 17 forward
2713 383 32 17 the
2754 383 20 16 in-

2349 404 102 17 formation
2460 404 57 18 asked
2527 404 34 17 for.

2373 427 56 17 From
2438 428 31 16 Mr
2477 427 23 18 E.
2509 428 22 17 T.
2541 427 81 20 Dufaur,
2632 428 87 20 solicitor,
2736 429 39 17 stat-

2349 450 34 22 ing
2391 451 43 16 that
2442 450 23 18 he
2474 456 38 12 was
2521 450 103 18 instructed
2634 451 25 22 by
2674 451 32 17 the
2721 451 64 18 native

2349 479 72 12 owners
2434 473 20 18 of
2468 474 57 17 ITuka
2541 473 60 18 Block
2616 474 37 17 No.
2672 474 15 20 7,
2706 475 19 17 to
2742 480 43 16 give

2349 496 62 17 noticu
2427 496 42 18 that
2486 497 46 22 they
2549 496 79 17 claimed
2647 496 25 17 all
2688 497 97 22 buildings

2349 519 90 23 standing
2442 525 24 12 on
2472 520 16 16 it
2495 520 68 16 :tndall
2570 521 51 16 rents
2627 520 88 22 accruing
2721 520 53 18 tlnTe-

2349 541 55 23 from,
2415 543 37 16 and
2460 545 20 15 to
2489 543 70 17 inform
2567 543 33 17 the
2608 543 63 17 Board
2684 543 42 17 that
2740 544 45 21 tiiey

2349 565 38 17 had
2395 571 25 12 no
2434 566 52 22 right
2500 567 20 16 to
2536 572 58 11 same.
2627 566 30 17 He
2670 566 115 17 understood

2350 588 43 17 that
2401 588 33 18 the
2443 589 62 17 Board
2517 589 39 17 had
2569 589 84 17 received
2665 595 12 11 a
2690 589 84 17 consider-

2350 611 41 17 able
2401 612 75 21 portion
2489 612 20 17 of
2523 612 34 17 the
2570 613 52 16 rents
2633 612 36 17 and
2687 613 56 17 asked
2761 619 24 10 on

2350 634 52 17 what
2409 635 49 17 basis
2467 635 46 22 they
2523 635 78 18 claimed
2607 635 32 17 the
2646 641 50 12 same
2702 635 19 17 in
2731 636 55 17 order

2350 658 19 17 to
2379 658 23 16 bo
2411 658 41 17 able
2460 660 21 15 to
2490 658 63 17 advise
2559 658 30 17 his
2596 658 189 18 clients.Resolved

2350 680 42 18 that
2409 681 31 17 Mr
2456 682 75 16 Dufaur
2545 682 23 16 be
2582 681 99 23 requested
2697 683 20 15 to
2732 682 53 16 write

2350 709 51 11 more
2410 704 96 22 explicitly
2516 705 37 16 and
2562 705 82 17 forward
2654 705 63 17 sketch
2724 705 20 17 of
2752 705 33 17 the

2350 726 44 17 land
2403 727 23 17 ho
2436 727 84 18 claimed.

2373 750 57 17 From
2439 750 69 17 Messrs
2517 751 92 17 Hancock
2618 750 37 17 and
2671 750 33 17 Co.
2717 751 68 22 asking

2350 773 19 17 to
2378 773 23 17 be
2414 773 93 17 informed
2522 774 14 16 if
2555 774 98 22 Waiotapu
2665 780 39 10 was
2716 774 20 17 in
2752 774 33 18 the

2350 796 87 17 Thermal
2446 797 79 23 Springs
2534 797 85 20 District,
2627 797 43 19 and,
2677 797 16 16 if
2698 803 26 15 so,
2732 797 16 17 if
2752 797 33 17 the

2350 819 63 17 Board
2428 819 63 18 would
2503 821 67 21 accept
2582 820 29 18 fee
2628 820 30 17 for
2670 821 82 16 transfer
2766 821 20 16 of

2349 842 74 18 license.
2449 843 31 17 Mr
2489 843 76 22 Dansey
2578 842 61 18 stated
2653 843 42 17 that
2708 844 23 16 he
2747 844 38 16 had

2350 865 71 22 replied
2429 866 20 16 in
2455 866 33 18 the
2493 866 110 18 affirmative
2609 868 20 15 to
2637 867 33 16 the
2677 867 40 16 first
2724 867 61 16 clause

2350 889 35 17 but
2393 889 44 18 that
2445 889 34 17 the
2487 889 62 18 Board
2557 889 54 18 could
2622 891 34 15 not
2669 891 65 21 accept
2747 891 38 16 fees

2350 913 30 16 for
2388 912 77 17 licenses
2474 912 73 17 outside
2556 912 31 18 the
2597 914 51 16 town
2657 913 66 16 limits.

2374 936 55 16 From
2447 935 31 17 Mr
2495 935 17 17 J.
2529 936 81 17 Christie
2623 936 20 16 in
2657 936 93 17 reference
2765 937 20 16 to

2350 959 32 17 the
2392 958 103 17 likelihood
2502 965 20 11 o;
2531 965 23 11 an
2570 960 93 21 inspector
2680 959 20 17 of
2718 959 67 17 dairies

2350 982 58 22 being
2416 982 101 22 appointed
2526 981 38 18 ivnd
2574 982 67 22 asking
2653 982 43 18 that
2709 981 28 19 his
2750 988 23 17 ap-

2349 1004 91 23 plication
2449 1005 64 21 might
2520 1005 25 17 be
2552 1005 115 18 considered.
2669 1005 116 18 Resolved

2350 1028 42 18 that
2401 1028 23 18 he
2433 1028 22 17 be
2464 1028 77 17 advised
2557 1030 20 16 to
2592 1029 58 22 apply
2665 1030 19 16 to
2700 1029 31 17 the
2745 1029 26 17 De-

2350 1053 96 21 partment
2455 1052 20 16 of
2484 1051 120 23 Agriculture
2613 1051 19 17 in
2648 1051 62 18 whoso
2724 1052 61 17 hands

2350 1075 32 16 the
2392 1074 132 23 appointment
2533 1074 63 17 would
2604 1075 29 16 be.
2664 1075 45 17 Two
2723 1075 52 23 appli-

2350 1098 72 17 cations
2432 1098 29 17 for
2470 1098 32 17 the
2511 1098 133 23 appointment
2658 1098 20 17 of
2691 1099 94 22 inspector

2350 1121 19 17 of
2378 1121 98 17 nuisances
2486 1127 48 11 were
2549 1121 108 17 considered
2670 1122 115 21 premature.

2373 1145 57 16 From
2444 1145 21 16 T.
2483 1145 20 17 C.
2525 1144 105 22 Urquhart,
2652 1145 52 16 Lake
2720 1145 65 17 House

2349 1168 64 18 Hotel,
2429 1168 128 22 complaining
2572 1168 43 16 that
2627 1168 34 17 the
2674 1169 57 16 water
2747 1168 38 17 had

2349 1191 47 17 been
2406 1191 43 17 shut
2458 1191 28 17 off
2493 1191 47 17 from
2550 1190 32 18 the
2590 1190 53 18 hotel
2657 1197 24 11 on
2695 1191 32 17 the
2741 1197 33 16 pre-

2349 1214 54 17 vious
2418 1214 92 22 Tuesday,
2528 1214 38 16 and
2586 1214 114 22 suggesting
2715 1215 42 16 that
2775 1221 11 10 a

2350 1237 94 18 ball-cock
2453 1237 23 16 be
2486 1237 88 18 attached
2582 1238 20 16 to
2611 1237 33 17 the.
2653 1237 99 23 standpipe
2764 1238 20 17 in

2349 1261 52 16 front
2409 1261 20 16 of
2436 1260 76 17 Lakin's
2518 1260 53 22 shop.
2597 1260 31 17 Mr
2634 1260 84 22 Malfroy
2724 1261 61 16 stated

2349 1284 41 17 that
2405 1284 32 17 the
2450 1285 93 21 stoppage
2558 1283 39 17 had
2613 1284 47 16 been
2677 1284 45 22 only
2738 1284 21 17 of

2349 1308 108 21 temporary
2465 1308 67 16 nature
2548 1306 66 18 caused
2629 1307 26 22 by
2669 1307 32 17 the
2715 1307 60 17 altera-

2349 1331 49 17 tions
2407 1331 60 22 going
2480 1336 23 11 on
2518 1330 20 17 at
2551 1330 33 17 the
2597 1330 49 17 head
2661 1331 20 16 of
2696 1330 32 17 the
2742 1331 43 21 pipe

2349 1354 38 17 line
2395 1354 38 17 and
2445 1354 44 16 that
2496 1353 25 17 he
2528 1353 64 17 would
2601 1359 29 12 see
2642 1354 32 16 Mr
2686 1354 99 22 Urquhart

2349 1377 38 18 and
2396 1377 82 22 explain.

2372 1401 57 17 From
2444 1401 33 16 the
2492 1400 189 21 Inspector-General
2700 1401 20 17 of
2733 1401 39 17 Hos-

2349 1424 57 22 pitals
2424 1424 20 17 in
2461 1423 67 22 regard
2546 1423 20 18 to
2582 1423 34 17 the
2631 1429 118 17 conveyance
2766 1424 20 18 of

2349 1447 120 18 Sanatorium
2478 1446 83 23 patients
2571 1448 19 15 to
2600 1446 31 17 the
2646 1452 41 11 new
2702 1448 84 21 Sulphur

2349 1470 67 18 Baths.
2440 1470 30 17 Ho
2489 1469 107 18 considered
2610 1469 42 18 that
2666 1470 32 18 the
2712 1472 40 16 cost
2766 1471 20 17 of

2349 1499 50 13 same
2408 1493 67 17 should
2486 1499 50 11 come
2544 1494 33 16 out
2583 1493 21 17 of
2609 1493 32 17 the
2648 1493 45 17 bath
2699 1494 85 22 receipts.

2348 1517 32 17 Mr
2387 1516 85 23 Malfroy
2485 1516 44 17 held
2544 1515 42 18 that
2600 1522 20 11 as
2634 1517 51 16 these
2702 1517 83 22 patients

2349 1540 31 17 did
2389 1542 34 15 not
2432 1546 37 16 pay
2481 1539 94 23 anything
2583 1540 30 16 for
2625 1540 49 16 their
2681 1540 57 17 barns
2752 1540 33 18 the

2348 1569 81 17 expense
2438 1564 19 16 of
2475 1563 49 17 their
2537 1568 117 17 conveyance
2669 1565 18 15 to
2702 1564 36 16 and
2756 1564 29 17 fro

2349 1587 67 17 should
2425 1586 89 23 properly
2522 1586 23 16 be
2554 1585 81 24 charged
2646 1588 19 15 to
2677 1587 32 16 the
2725 1587 48 17 Sana-

2348 1610 76 18 torium.
2449 1610 40 17 The
2496 1609 89 23 patients'
2596 1615 67 17 money
2680 1611 51 16 went
2745 1611 40 16 into

2348 1634 32 17 the
2389 1633 64 23 public
2462 1634 85 16 account.
2573 1633 19 16 It
2603 1638 38 11 yvas
2654 1632 77 18 decided
2742 1634 43 17 that

2348 1657 32 18 the
2389 1656 69 21 charge
2468 1656 68 17 should
2545 1655 24 17 be
2574 1656 44 21 paid
2623 1656 20 16 in
2650 1656 36 17 this
2694 1656 90 18 instance.

2348 1681 31 17 Mr
2387 1680 81 17 Mueller
2477 1679 61 17 stated
2547 1679 42 17 that
2598 1679 24 17 he
2636 1679 63 18 would
2716 1680 57 22 proba-

2348 1704 33 22 bly
2389 1703 23 18 be
2422 1703 19 17 in
2449 1703 86 18 Kotorua
2543 1702 46 18 with
2598 1702 145 22 MrMcKenzie,
2752 1704 33 17 the

2348 1728 87 16 Minister
2443 1727 20 16 of
2472 1726 70 19 Lands,
2551 1726 20 16 in
2579 1726 33 16 the
2621 1726 98 23 following
2733 1727 52 16 week

2348 1750 55 18 when
2411 1750 32 17 the
2452 1751 69 16 matter
2530 1749 55 17 could
2593 1749 24 17 be
2632 1750 120 21 represented
2765 1751 20 16 to

2348 1774 45 17 him.

2373 1797 55 17 From
2437 1797 32 16 Mr
2478 1796 17 17 J.
2507 1795 82 18 Dalbeth
2597 1796 86 22 drawing
2691 1797 94 16 attention

2349 1823 19 14 to
2378 1820 32 17 the
2418 1820 38 17 fact
2465 1819 42 18 that
2517 1825 20 11 as,
2546 1825 45 11 soon
2600 1825 20 11 as
2629 1820 71 16 certain
2709 1820 76 21 fencing

2349 1850 37 10 was
2396 1843 104 22 completed
2510 1842 23 18 he
2540 1842 61 17 would
2608 1843 22 16 be
2639 1841 89 20 debarred
2736 1843 53 17 from,

2349 1867 100 20 obtaining
2458 1872 61 11 access
2528 1867 19 15 to
2556 1865 29 18 bis
2595 1866 47 17 farm
2650 1866 36 17 and
2694 1866 91 23 referring

2349 1892 19 15 to
2378 1896 11 11 a
2397 1890 87 22 previous
2492 1889 57 17 letter
2562 1888 18 18 in
2597 1888 61 19 which
2675 1889 24 17 he
2716 1889 69 18 offered

2349 1916 19 15 to
2378 1915 96 15 construct
2483 1919 10 10 a
2502 1912 45 17 road
2557 1913 30 16 for
2601 1912 31 17 the
2648 1918 40 11 sum
2703 1912 20 18 of
2740 1912 44 18 2o.

2349 1937 19 17 It
2377 1943 38 11 was
2424 1935 85 18 resolved
2518 1935 43 17 that
2574 1935 32 17 Mr
2619 1935 83 17 Dalbeth
2717 1936 23 17 bo
2755 1936 20 16 in-

2350 1959 72 18 formed
2431 1959 42 17 that
2544 1964 37 11 was
2590 1964 25 11 no
2626 1964 68 16 money
2709 1961 20 15 at
2742 1965 32 16 pre-

2349 1985 41 16 sent,
2399 1982 92 18 available
2501 1983 29 16 for
2537 1982 33 17 the
2583 1987 86 17 purpose,
2684 1982 74 21 though
2774 1988 11 12 a

2349 2013 41 10 sum
2399 2006 38 17 had
2446 2006 47 17 been
2503 2005 75 22 applied
2588 2005 34 20 for,
2630 2004 35 19 but
2678 2006 42 16 that
2733 2006 16 16 if
2761 2006 24 16 he

2349 2030 55 18 choss
2413 2031 20 15 to
2442 2035 25 16 go
2476 2035 24 11 on
2516 2029 47 16 with
2575 2029 33 16 the
2623 2028 78 23 making
2716 2029 20 17 of
2752 2029 33 17 the

2349 2053 45 17 road
2403 2053 59 16 under
2471 2058 12 11 a
2491 2057 69 17 proper
2571 2053 107 20 agreement
2688 2058 19 11 as
2716 2053 20 16 to
2745 2054 39 15 cost

2349 2078 19 15 to
2377 2076 23 17 be
2409 2076 45 22 paid
2468 2076 55 15 when
2537 2074 33 17 the
2584 2074 57 17 funds
2658 2080 48 12 were
2722 2076 52 16 forth-

2349 2099 76 22 coming
2433 2099 23 17 he
2465 2098 56 17 could
2530 2097 24 18 do
2564 2104 26 10 so.

2372 2123 57 17 From
2438 2122 32 18 the
2477 2127 94 15 manager.
2582 2121 64 17 Grand
2655 2121 64 19 Hotel,
2728 2121 56 23 again

2349 2145 109 23 requesting
2466 2145 32 16 the
2509 2144 61 17 Board
2579 2145 20 16 to
2608 2144 79 22 proceed
2696 2145 46 16 yvith
2753 2145 32 16 the

2349 2169 90 22 levelling
2447 2168 20 17 of
2476 2168 32 17 the
2517 2168 86 22 footpath
2613 2167 37 17 and
2667 2168 33 16 the
2714 2168 59 17 forma-

2349 2193 40 17 tion
2397 2192 19 18 of
2425 2191 130 17 water-tables
2564 2191 19 16 in
2592 2191 52 17 front
2652 2191 20 17 of
2680 2191 34 17 the
2721 2191 62 20 hotel;

2349 2217 41 16 also
2397 2215 93 21 referring
2498 2216 20 15 to
2526 2214 88 22 previous
2625 2213 57 18 letter
2690 2214 19 17 in
2724 2214 61 18 which

2349 2239 110 22 permission
2469 2244 40 11 was
2517 2237 72 23 sought
2603 2238 19 16 to
2637 2237 31 22 lay
2682 2243 11 12 a
2706 2237 79 18 wooden

2349 2262 55 17 block
2421 2261 88 22 footpath
2524 2261 49 16 from
2589 2260 31 17 the
2637 2260 74 17 Fonton
2724 2260 62 17 Street

2350 2288 87 15 entrance
2446 2286 20 16 to
2472 2284 33 17 the
2514 2283 52 19 kerb.
2591 2283 31 17 Mr
2630 2284 84 22 Malfroy
2723 2284 63 17 stated

2349 2309 43 17 that
2400 2309 53 17 these
2462 2308 65 22 things
2536 2307 37 17 hud
2582 2307 68 17 waited
2660 2313 23 11 on
2690 2307 31 17 the
2728 2307 57 17 levels

2349 2332 57 23 being
2415 2331 95 18 obtained.
2536 2331 16 16 A
2561 2330 109 22 suggestion
2686 2330 63 17 would
2763 2331 23 16 be

2349 2355 55 18 made
2412 2355 48 17 later
2469 2360 22 11 on
2502 2354 19 17 in
2530 2353 67 24 regard
2607 2355 19 15 to
2636 2353 74 18 surface
2721 2354 54 16 drain-

2349 2385 35 16 age
2394 2378 66 20 which,
2471 2378 15 16 if
2495 2377 88 22 adopted,
2593 2377 62 21 might
2664 2383 56 11 cause
2733 2377 53 17 those

2349 2403 62 22 places
2420 2403 19 15 to
2448 2401 24 17 be
2481 2401 60 16 raised
2556 2406 24 11 an
2594 2400 43 17 inch
2651 2406 21 11 or
2690 2401 43 16 two.
2767 2401 20 16 It

2350 2432 38 11 was
2397 2424 77 18 decided
2483 2425 19 16 to
2516 2424 70 17 inform
2599 2424 32 15 Mr
2644 2423 82 18 Boulton
2744 2424 43 17 that

2349 2449 31 16 his
2395 2448 75 23 request
2489 2447 21 17 in
2526 2445 68 24 regard
2612 2448 19 16 to
2648 2446 33 17 the
2697 2446 89 23 footpath

2349 2472 64 18 would
2422 2472 22 16 be
2454 2470 90 18 attended
2553 2472 20 15 to
2582 2475 20 12 as
2611 2475 45 11 soon
2665 2476 21 10 as
2697 2470 88 22 possible.

2456 2500 100 17 General
2574 2498 105 18 Business.

2373 2525 31 16 Mr
2413 2523 83 22 Malfroy
2513 2521 87 23 reported
2615 2521 42 17 that
2672 2521 21 17 in
2710 2522 66 16 accord-

2350 2553 46 12 ance
2404 2547 46 17 with
2459 2547 32 16 the
2501 2545 78 18 Board's
2595 2545 102 17 resolution
2713 2545 37 17 and
2767 2545 20 18 at

2349 2571 33 17 the
2391 2571 75 21 request
2476 2570 19 17 of
2503 2569 33 16 the
2544 2568 80 22 Library
2639 2568 111 17 Committee
2764 2568 25 17 ho

2349 2594 39 17 had
2397 2594 56 17 taken
2461 2592 105 23 possession
2575 2592 19 16 of
2603 2591 32 18 the
2648 2591 81 23 Library
2742 2597 33 17 pro-

2350 2618 56 22 perty
2414 2617 19 17 in
2447 2618 49 15 trust
2510 2615 30 18 for
2555 2615 32 16 the
2603 2614 120 18 subscribers.
2756 2615 31 17 He

2351 2639 64 19 would
2423 2639 63 18 advise
2496 2639 43 17 that
2547 2638 31 17 Mr
2587 2638 76 21 Dansey
2676 2638 67 17 should
2752 2638 24 16 ob-

2350 2664 41 17 tain
2400 2669 11 12 a
2420 2669 47 17 copy
2477 2663 19 16 of
2505 2662 33 17 the
2545 2662 70 21 receipt
2624 2661 56 22 given
2690 2662 36 16 and
2734 2661 53 23 place

2350 2688 17 16 it
2379 2693 25 11 on
2419 2686 65 18 record
2498 2685 19 17 in
2533 2685 33 17 the
2583 2685 56 16 letter
2654 2685 49 17 book
2719 2685 19 17 of
2755 2685 33 17 the

2351 2710 71 18 Board.
2445 2709 44 17 This
2498 2714 40 11 was
2545 2707 69 22 agreed
2623 2709 26 16 to.

2375 2734 31 17 Mr
2415 2733 84 21 Malfroy
2513 2731 61 17 stated
2588 2731 43 16 that
2645 2731 32 17 the
2693 2730 99 24 subscrip-.

2351 2757 50 17 tions
2410 2756 84 17 received
2503 2761 24 11 on
2542 2754 66 17 behalf
2620 2754 22 17 of
2655 2754 32 17 the
2702 2754 86 18 sufferers

2350 2780 26 19 bv
2386 2780 32 17 the
2427 2779 87 18 Brunner
2523 2778 79 16 disaster
2610 2777 102 17 amounted
2721 2779 19 15 to
2750 2777 38 17 45

2352 2804 21 17 7s
2382 2803 29 17 6d.
2437 2803 59 17 There
2510 2806 49 13 were
2574 2800 39 17 still
2630 2806 11 11 a
2658 2801 35 16 few
2710 2801 41 17 lists
2768 2803 20 15 to

2353 2832 53 12 come
2413 2827 26 16 in.
2464 2826 20 16 It
2492 2830 39 13 was
2540 2824 76 17 decided
2622 2824 43 17 that
2672 2824 38 17 this
2717 2830 40 11 sum
2765 2824 24 18 be

2352 2851 42 16 sent
2402 2851 20 16 to
2432 2850 31 16 the
2473 2849 87 17 Brunner
2576 2847 112 18 Committee
2701 2848 38 16 and
2756 2848 33 16 the

2352 2872 105 18 remainder
2467 2870 104 19 foryvarded
2581 2876 20 11 as
2610 2870 88 17 received.

2375 2896 32 17 Mr
2416 2896 60 17 Brent
2483 2893 103 25 suggested
2594 2893 43 18 that
2645 2899 24 11 on
2679 2893 34 18 the
2719 2894 70 17 arrival

2352 2920 21 17 of
2381 2919 33 17 the
2429 2919 88 17 Minister
2533 2918 20 16 of
2568 2916 64 18 Lands
2648 2917 29 16 his
2694 2918 94 16 attention

2353 2942 68 19 should
2429 2942 23 17 be
2460 2942 67 17 drawn
2535 2940 21 18 to
2571 2940 35 17 the
2618 2941 70 16 vacant
2701 2940 51 21 piece
2769 2942 21 16 of

2353 2965 75 23 ground
2436 2965 69 17 known
2514 2971 21 11 as
2542 2963 97 23 Wynyard
2648 2963 38 17 and
2698 2964 90 16 Purehas'

2352 2989 62 18 block.
2429 2990 19 16 It
2456 2995 39 11 was
2503 2994 43 11 now
2556 2987 66 17 vacant
2632 2987 37 16 and
2674 2987 24 16 he
2705 2987 85 21 thought

2352 3013 33 17 the
2394 3012 128 18 Government
2530 3010 62 23 might
2601 3010 22 17 be
2632 3010 80 17 induced
2728 3011 21 16 to
2759 3017 20 10 re-

2354 3041 52 12 sume
2416 3036 16 17 it
2439 3036 39 17 and
2485 3034 52 18 hand
2545 3034 16 17 it
2570 3039 44 11 over
2622 3034 19 16 to
2650 3033 33 17 tho
2691 3033 63 17 Board
2769 3034 20 18 to

2353 3060 23 16 be
2385 3059 45 18 used
2439 3065 20 12 as
2469 3066 10 10 a
2485 3057 103 19 recreation
2594 3061 78 13 reserve.
2697 3057 32 16 Mr
2735 3057 41 17 Dan-

2354 3088 32 17 sey
2395 3083 68 21 agreed
2473 3082 41 17 that
2524 3081 33 17 the
2565 3080 74 22 ground
2648 3080 38 16 had
2700 3082 45 15 been
2759 3081 20 16 di-

2353 3106 65 17 verted
2427 3107 49 16 from
2484 3106 33 16 the
2527 3109 82 17 purpose
2615 3103 30 17 for
2654 3102 60 19 which
2726 3104 17 17 it
2750 3110 40 11 was

2354 3130 101 21 originally
2465 3127 87 24 granted,
2564 3126 42 20 viz.,
2615 3126 33 17 the
2657 3126 81 18 erection
2747 3128 22 16 of
2779 3133 11 11 a

2354 3153 53 20 large
2416 3153 58 17 hotel.
2498 3151 60 17 There
2566 3149 69 19 would,
2644 3149 93 20 however,
2747 3151 23 17 be
2779 3156 11 12 a

2356 3176 91 22 difficulty
2455 3176 21 17 in
2484 3174 98 21 resuming
2588 3173 15 17 it
2613 3179 20 11 as
2646 3172 33 18 the
2693 3173 45 18 land
2751 3180 40 11 was

2355 3206 42 11 now
2407 3200 63 17 sublet
2478 3198 37 17 and
2524 3198 53 17 those
2587 3196 41 17 who
2637 3196 44 17 held
2695 3201 49 13 were
2757 3198 35 16 not

2355 3223 87 23 required
2450 3224 21 16 to
2481 3220 59 19 build.
2566 3220 21 18 It
2601 3226 37 10 was
2655 3219 76 17 decided
2749 3220 43 17 that

2356 3248 32 16 tho
2396 3248 71 16 matter
2476 3244 66 18 should
2551 3244 23 16 bo
2582 3243 78 23 pointed
2672 3245 33 15 out
2721 3244 21 16 to
2759 3243 33 18 the

2355 3271 88 17 Minister
2450 3275 21 11 as
2479 3269 16 16 it
2503 3267 63 18 would
2575 3267 23 17 be
2604 3272 11 12 a
2620 3267 53 23 great
2679 3267 112 21 acquisition

2355 3295 20 16 to
2384 3293 32 18 tho
2429 3292 79 18 Parade.

2379 3318 20 16 It
2420 3322 38 12 was
2475 3314 84 18 resolved
2575 3313 43 18 that
2632 3313 119 23 preparation
2768 3313 24 18 be

2356 3340 54 18 made
2427 3340 29 16 for
2470 3337 91 24 planting
2571 3337 44 16 such
2631 3338 66 15 streets
2710 3342 20 11 as
2744 3342 48 11 wore

2356 3364 76 18 treeless
2441 3363 45 17 yvith
2496 3361 33 18 the
2537 3366 66 16 young
2609 3360 62 22 plants
2681 3365 42 11 now
2731 3360 18 17 in
2759 3360 33 17 the

2356 3393 84 12 nursery.
2467 3386 31 17 Mr
2506 3384 81 17 Mueller
2596 3382 61 18 stated
2665 3383 43 17 that
2716 3383 24 17 he
2754 3383 37 17 had

2356 3410 83 19 received
2448 3408 70 19 several
2528 3408 51 16 roots
2587 3407 21 17 of
2620 3412 10 12 a
2644 3407 59 16 South
2718 3406 64 17 Ameri-

2357 3441 34 11 can
2399 3436 40 15 tree
2448 3433 31 17 the
2488 3431 47 17 bark
2544 3430 22 19 of
2568 3429 64 18 which
2636 3429 39 18 had
2678 3429 46 18 been
2733 3429 59 17 found

2357 3459 62 16 better
2427 3457 47 17 than
2483 3454 66 19 wattle
2557 3454 47 16 bark
2614 3453 28 16 for
2652 3452 81 22 tanning
2746 3458 35 16 pur-

2357 3487 60 15 poses.
2443 3480 19 17 It
2472 3485 37 10 was
2519 3483 64 16 grown
2594 3482 22 10 on
2627 3481 10 12 a
2646 3475 34 17 soil
2689 3476 103 16 somewhat

2358 3504 71 17 similar
2436 3504 20 16 to
2466 3502 42 17 that,
2517 3500 83 20 existing
2606 3499 44 17 here
2655 3498 36 17 and
2699 3499 23 16 he
2730 3498 63 18 would

2358 3527 56 18 much
2422 3527 38 16 like
2469 3527 19 15 to
2496 3530 30 11 see
2531 3523 16 17 it
2553 3523 48 17 tried
2608 3521 19 18 in
2634 3521 31 17 the
2673 3521 119 18 Sanatorium

2359 3549 92 18 Grounds.
2476 3548 31 17 He
2521 3546 75 17 handed
2609 3551 44 11 over
2665 3550 37 11 ono
2714 3546 43 15 root
2772 3546 21 15 to

2358 3574 31 17 Mr
2397 3573 84 21 Malfroy
2490 3572 19 16 to
2519 3570 23 16 bo
2551 3568 47 18 tried
2608 3568 126 21 accordingly.

2382 3596 31 18 Mr
2422 3596 76 20 Dansey
2506 3593 50 17 drew
2565 3591 93 18 attention
2667 3592 20 15 to
2696 3591 32 17 the
2740 3591 54 22 large

2358 3620 51 21 body
2418 3619 19 17 of
2446 3619 59 15 water
2512 3615 63 18 which
2583 3614 130 18 accumulated
2727 3615 20 16 at
2761 3614 33 17 the

2359 3643 40 17 foot
2415 3642 19 17 of
2447 3639 105 19 Tutanekai
2568 3638 61 17 Street
2641 3643 46 11 near
2703 3637 32 18 the
2752 3637 42 17 lake

2359 3666 49 17 after
2416 3670 56 16 every
2480 3663 100 17 rainstorm
2590 3661 37 17 and
2636 3661 102 21 suggested
2751 3661 44 16 that

2359 3695 10 11 a
2379 3689 43 22 pipe
2430 3686 68 18 should
2506 3685 24 18 be
2538 3686 37 21 part
2583 3684 54 17 down
2648 3690 19 11 so
2677 3690 19 11 as
2707 3685 21 17 to
2743 3683 52 18 draw

2348 3704 1 25 I
2360 3712 27 17 off
2401 3711 32 18 the
2447 3711 59 16 water
2524 3709 49 16 from
2588 3707 33 18 the
2637 3706 95 23 roadway.
2764 3707 32 17 Mr

2348 3730 1 25 1
2360 3735 83 20 Malfroy
2453 3732 61 17 stated
2529 3732 42 16 that
2583 3732 17 16 it
2615 3730 64 18 -would
2695 3730 73 22 require
2785 3735 11 13 a

2362 3758 56 17 12-in.
2429 3758 43 21 pipe
2489 3755 37 17 and
2538 3754 143 21 unfortunately
2695 3753 45 23 they
2758 3753 37 17 had

2360 3786 48 12 none
2418 3786 24 11 on
2450 3779 58 18 band.
2527 3778 59 17 When
2596 3777 32 18 the
2637 3776 61 18 wharf
2707 3782 37 11 vas
2750 3782 33 12 pro-

2361 3803 66 18 ceeded
2436 3802 46 19 with
2493 3808 10 11 a
2511 3807 69 17 proper
2589 3800 93 22 approach
2696 3799 63 17 would
2772 3799 24 17 be

2361 3827 73 17 formed
2443 3826 36 17 unci
2489 3826 33 16 tho
2530 3824 48 18 lovel
2586 3824 20 17 of
2614 3823 32 18 the
2660 3822 45 18 road
2720 3823 20 17 at
2754 3822 42 18 that

2361 3850 54 23 point
2423 3848 67 19 raised.

2385 3874 19 16 It
2413 3879 38 11 was
2460 3871 85 18 resolved
2559 3870 43 18 that
2616 3869 21 18 20
2652 3868 63 19 chains
2729 3869 20 16 of
2764 3868 32 17 the

2362 3897 98 21 Cemetery
2469 3894 45 18 road
2523 3894 24 17 be
2554 3894 27 17 lot
2590 3894 19 15 to
2615 3892 78 17 On-and
2702 3891 65 27 Gallep
2776 3892 18 16 in

2362 3922 58 17 terms
2428 3919 20 18 of
2456 3918 49 19 their
2514 3917 66 18 tender
2588 3915 72 24 opened
2668 3915 19 17 at
2693 3921 11 11 a
2709 3915 87 22 previous

2362 3943 89 22 meeting.

2535 3964 97 17 Finance.

2386 3995 39 17 The
2433 3993 89 18 financial
2530 3992 101 17 statement
2639 3991 31 16 for
2683 3990 32 17 the
2730 3989 67 18 month

2364 4017 75 18 showed
2448 4016 42 18 that
2500 4015 52 18 there
2560 4020 39 11 was
2607 4019 11 12 a
2628 4013 58 18 credit
2694 4013 78 17 balance
2779 4013 18 17 of

2364 4041 47 17 'l7-1
2425 4042 30 15 His
2464 4040 24 16 4d
2496 4039 20 16 in
2525 4038 32 17 the
2572 4036 75 23 general
2662 4037 85 20 account,
2761 4035 36 18 and

2364 4064 48 17 lll
2425 4064 30 16 10s
2463 4062 18 17 in
2493 4062 31 17 the
2536 4060 87 18 Pukeroa
2637 4061 91 19 account;
2750 4059 47 17 total

2364 4087 50 17 28(5
2425 4087 30 15 las
2464 4085 30 18 4d.
2520 4083 73 19 Several
2603 4083 88 18 accounts
2699 4088 46 11 were
2754 4089 33 15 pas-

2364 4109 32 18 sod
2413 4109 30 17 for
2459 4106 91 26 payment
2566 4106 38 17 and
2620 4106 32 17 tho
2668 4106 84 22 meeting
2764 4105 33 17 ad-

2353 4129 97 26 Ijournod.

2968 108 107 24 TAUPO.

3014 140 121 14 *_

2841 157 64 23 [from
2917 163 40 13 our
2970 164 45 13 ow.\
3025 164 118 20 cohhespoxd
3144 172 33 16 Extl
3186 153 23 34 I

2832 190 38 16 Tiio
2883 190 81 17 Domain
2978 191 62 17 Boi.nl
3054 192 44 20 have
3113 190 3 23 i

2809 212 34 22 get
2850 212 32 18 the
2895 212 47 21 lonp
2954 214 92 21 promised
3060 218 50 21 gates
3124 226 20 16 up
3151 209 26 33 at?
3181 209 3 33 1

2809 235 51 23 Tfaey
2869 241 32 12 are
2909 235 95 24 decidedly
3015 239 29 16 not
3062 245 45 13 more
3120 235 21 26 .'-,
3152 233 22 25 ,J

2808 258 46 17 than
2864 258 66 22 useful,
2942 259 97 19 thelattcr
3046 261 38 19 also
3097 264 10 15 1.
3119 266 26 16 \,
3158 253 24 27 ?'"

2808 281 34 20 ful,
2853 282 34 16 but
2896 282 15 16 it
2919 282 16 17 is
2943 289 11 10 :i
2963 284 69 17 matter
3039 285 20 17 of
3073 291 55 18 regret
3141 291 10 17 fl

2809 305 115 18 cumstances
2933 306 101 21 prevented
3043 308 31 18 the
3083 300 101 32 carrying!?

2808 327 32 16 the
2850 327 80 23 original
2939 328 71 24 design.
3040 331 46 17 Now
3100 339 24 12 we
3133 324 38 28 '],','.:
3173 324 2 28 :

2808 350 36 17 few
3033 355 19 16 to
3069 355 48 22 plant
3135 360 41 19 thori

2808 373 46 18 with
2870 374 81 18 suitable
2967 375 72 22 shrubs,
3056 379 34 16 not
3104 380 42 20 trees
3158 391 13 12 or
3176 392 8 11 t

2807 396 93 18 beautiful
2909 398 48 17 view
2961 398 20 17 of
2990 399 32 17 the
3031 399 41 18 lake
3080 403 35 16 and
3123 404 26 19 the
3159 414 9 11 n
3175 393 10 33 J

2807 419 50 18 tains
2863 420 63 23 might
2933 421 77 18 be-shut
3025 424 38 17 out.

2808 442 89 23 majority
2907 444 19 17 of
2935 444 31 17 the
2975 444 115 21 inhabitants
3100 451 52 19 would
3158 439 27 33 ioi3

2807 472 10 10 a
2828 470 11 4 '
2848 466 36 18 Bee
2912 467 19 17 to
2941 470 34 19 put
2984 468 32 16 the
3024 469 52 22 place
3082 470 18 17 in
3106 473 42 18 trim.
3158 468 13 26 \
3174 466 2 28 ;
3184 466 1 28 '

2807 489 15 16 is
2831 489 59 21 really
2900 491 73 16 wanted
2982 492 16 15 is
3008 492 40 17 that
3057 493 31 17 the
3097 500 49 15 many

2807 512 20 17 of
2836 512 33 17 hot
2876 515 57 14 water
2942 514 59 21 going
3010 516 19 15 to
3039 518 54 15 waste
3102 514 73 27 between';

2807 534 38 18 and
2853 535 92 22 Tauhara,
2954 537 66 18 should
3034 538 23 17 be
3070 539 77 22 diverted
3155 545 13 17 in
3175 551 10 11 &

2808 557 95 21 direction,
2913 560 38 16 and
2959 560 34 18 hot
3001 561 55 17 baths
3065 566 68 15 (reeled
3146 573 17 13 ne
3163 555 21 26 Jf

2807 580 39 19 this
2853 581 64 18 would
2923 588 58 17 prove
2989 585 20 16 to
3022 584 22 17 be
3058 590 35 12 one
3106 588 19 16 of
3138 578 46 31 then!

2808 604 143 24 health-giving
2959 607 51 21 spots
3019 607 19 17 in
3053 607 45 19 New
3111 610 69 24 Zealandi

2808 626 34 19 dry
2851 628 79 23 bracing
2938 630 28 16 air
2974 629 57 24 being
3045 630 91 26 decidedly
3147 625 24 29 i,!-,,
3171 625 2 31 :
3176 636 8 18 .',

2807 651 60 21 ating.
3126 652 5 4 *
3158 649 28 14 '''-'

2830 674 39 17 The
2883 674 125 23 long-looked
3025 677 29 16 for
3070 679 43 17 road
3128 685 43 16 round
3178 691 6 8 ;

2808 697 80 17 Domain
2902 704 71 11 reserve
2987 700 35 17 has
3035 700 39 17 also
3089 701 42 19 been
3143 708 35 19 made

2808 720 36 17 last
2853 721 38 16 and
2902 721 16 17 is
2932 727 10 11 a
2956 723 55 22 great
3022 722 127 23 improvement
3161 720 24 27 t,',..'

2807 743 59 22 place,
2877 750 21 11 as
2907 744 42 18 well
2957 750 20 12 as
2986 751 11 11 a
3006 747 124 19 convenience.
3142 751 44 21 Tlitr

2808 768 55 20 party
2872 773 31 11 are
2911 773 43 11 now
2963 769 103 24 reforming
3074 776 12 11 a
3098 771 46 22 piece
3156 781 16 13 on
3178 766 8 29 si

2808 789 70 23 Napier
2887 790 39 17 side
2935 792 19 16 of
2963 792 32 16 tho
3001 793 94 22 township
3109 795 51 21 which
3168 806 18 12 dm

2807 813 70 17 needed
2887 815 100 17 attention.

2831 836 59 17 Game
2896 837 14 16 is
2916 837 88 22 plentiful
3011 839 37 16 this
3054 845 62 12 season
3122 844 30 16 and
3159 851 24 10 *-,-.-.

2807 858 55 24 large
2867 860 49 22 bags
2928 860 47 17 have
2990 861 76 23 already
3082 863 44 17 been
3140 873 17 11 I11;
3159 858 2 28 |
3164 858 1 28 (
3166 858 8 28 ;.'

2808 882 45 17 both
2864 883 78 22 visiting
2950 884 37 17 and
2997 885 47 16 local
3053 886 56 17 shots.

2831 905 39 18 The
2877 905 130 24 Magistrate's
3022 908 57 18 Court
3091 909 16 18 is
3122 912 17 15 in
3152 913 16 19 be
3174 917 11 11 ;.

2808 929 37 16 this
2855 929 50 17 week
2916 929 53 19 when
2983 931 70 17 several
3067 938 47 12 cases
3128 935 16 17 of
3155 937 16 16 i;-

2808 957 31 11 are
2848 954 22 15 to-
2883 952 23 17 bo
2920 953 84 23 brought
3022 955 80 18 forward
3118 957 24 18 for
3155 959 31 22 info

2807 975 140 23 investigation.

2831 999 39 17 The
2878 1000 83 17 weather
2970 1000 33 18 has
3013 1001 45 17 been
3068 1007 43 13 very-
3120 1003 30 18 fine
3157 1006 6 17 f
3163 1013 12 12 or
3179 1011 6 9 a

2808 1021 37 18 last
2853 1022 52 22 eight
2916 1028 21 12 or
2944 1023 44 17 nine
2999 1024 51 22 days,
3061 1020 105 29 ahd'though
3171 1032 16 17 tbj

2808 1051 47 10 wore
2876 1046 103 17 occasional
2996 1048 57 17 frosts
3069 1048 33 17 the
3116 1054 49 20 sunny
3174 1054 11 18 k

2808 1068 47 17 have
2864 1068 46 18 been
2922 1069 107 19 delightful.

2831 1091 71 23 Taupo,
2912 1093 46 21 May
2968 1093 50 21 25th,
3030 1094 49 17 189(i.

2865 1143 297 36 CORRESPONDENCE.

2901 1206 52 17 THE
2966 1207 75 18 TOWN
3052 1207 89 20 BOARD.

2937 1257 23 13 TO
2973 1258 41 12 THE
3026 1258 80 14 EDITOR.

2831 1283 41 22 SIR,
2875 1284 62 17 The
2945 1285 115 23 community
3070 1286 20 17 of
3098 1287 70 21 Rotorua
3172 1298 12 8 n

2807 1307 48 17 have
2864 1306 64 18 drawn
2939 1313 10 12 a
2957 1308 46 21 long
3012 1308 41 23 tigh
3064 1310 20 16 of
3092 1310 48 18 relief
3147 1314 39 17 onU

2807 1331 35 21 ing
2850 1331 33 16 tbo
2892 1330 58 18 result
2959 1332 20 16 of
2987 1331 32 18 the
3029 1332 37 17 last
3079 1334 76 23 meeting
3164 1338 12 17 of
3181 1341 5 8 '

2808 1353 68 18 Board.
2902 1354 75 17 Thanks
2992 1356 20 15 to
3026 1355 34 17 the
3071 1356 61 22 public
3146 1353 40 27 jicti*'-

2807 1377 32 16 the
2849 1377 49 17 clear
2906 1377 38 18 and
2952 1378 100 17 trenchant
3058 1379 50 17 voice
3115 1381 18 16 of
3137 1381 51 23 thefts

2807 1400 37 17 and
2850 1400 33 18 the
2886 1401 66 22 strong
2959 1406 86 13 common
3052 1407 52 12 sense
3110 1404 18 17 of
3132 1404 56 22 theCrcr

2807 1423 64 18 Lands
2881 1423 144 19 Commissioner
3039 1424 39 22 (Mr
3093 1426 79 21 Mueller',
3179 1423 9 17 ''

2807 1447 20 16 of
2836 1453 34 10 our
2878 1446 31 18 old
2919 1447 60 18 friend
2993 1447 31 18 Mr
3039 1448 64 20 Brent,
3121 1450 28 17 the
3159 1458 28 12 km

2807 1470 20 17 of
2836 1469 32 18 the
2877 1470 94 23 township
2980 1471 34 17 has
3022 1471 47 18 been
3079 1472 85 24 relegated
3168 1467 20 29 11

2807 1493 75 17 natural
2889 1493 37 17 and
2932 1499 67 18 proper
3006 1494 52 22 place
3064 1497 38 15 east
3109 1497 18 16 of
3132 1496 55 24 Puarag

2807 1517 38 16 Tlie
2861 1516 112 23 sulphurous
2989 1524 66 16 vapors
3068 1519 37 17 and
3121 1520 67 22 malodmt

2807 1540 136 18 concomitants
2957 1546 42 11 ever
3010 1541 104 23 pervading
3119 1543 29 18 the
3153 1546 31 18 cuoi

2807 1563 20 17 of
2835 1563 32 17 the
2876 1569 40 11 new
2930 1564 94 22 township
3038 1565 38 16 will
3092 1566 46 17 form
3151 1573 9 12 a
3171 1569 17 19 des

2807 1586 37 17 and
2853 1587 84 16 effective
2951 1587 61 17 buffer
3025 1589 20 15 to
3062 1593 37 18 any
3114 1590 74 21 atmospse

2806 1609 85 18 invasion
2900 1610 19 17 of
2929 1610 90 17 microbes
3035 1611 48 17 from
3100 1612 30 17 the
3144 1620 30 11 now
3182 1623 6 7 .-

2807 1633 31 16 for
2845 1633 33 16 the
2886 1639 73 17 sewage
2972 1633 78 23 doposit,
3067 1635 54 17 while
3133 1636 28 18 the
3168 1639 20 19 fife

2806 1656 46 23 iugs
2863 1656 37 17 and
2909 1656 97 24 drainings
3015 1657 100 19 therefrom
3125 1660 48 19 willbi

2807 1679 85 19 odorised
2900 1680 38 16 and
2947 1680 111 18 obliterated
3067 1680 19 18 in
3095 1682 92 22 thctnrbidi

2806 1703 103 17 brimstone
2918 1703 131 23 impregnated
3059 1704 98 20 Puarenwa.
3174 1708 14 18 J*

2807 1726 104 17 Chinaman
2920 1726 40 17 also
2969 1732 43 17 may
3020 1733 71 16 pursue
3101 1729 27 17 his
3142 1731 46 19 revolfc

2807 1750 58 21 cheap
2874 1750 85 21 cabbage
2967 1750 38 16 and
3013 1750 112 19 cauliflower
3132 1752 49 19 destinr-

2806 1772 30 18 his
2845 1773 68 17 heart's
2923 1774 82 17 content,
3015 1780 45 10 even
3069 1774 15 17 if
3092 1774 28 18 his
3132 1778 56 20 vogetali

2807 1802 43 16 may
2859 1797 34 17 not
2905 1795 25 19 be
2942 1796 80 17 relished
3037 1798 51 21 quite
3101 1799 20 16 to
3134 1799 27 17 the
3170 1802 18 18 enfc

2806 1820 117 16 satisfaction
2933 1820 19 16 of
2965 1820 33 17 the
3013 1820 98 18 fastidious
3125 1823 50 18 tourisl

2806 1842 33 17 the
2869 1842 64 18 Grand
2960 1842 37 18 and
3026 1844 52 17 Lake
3086 1845 61 16 House
3168 1842 2 19 .
3175 1854 11 2 -

2808 1867 10 7 '
2948 1866 39 16 But
3009 1867 54 17 while
3085 1870 103 21 congratulatis

2807 1889 93 17 ourselves
2909 1895 24 11 on
2942 1889 32 18 the
2983 1895 74 12 narrow
3069 1896 63 18 escape
3147 1898 19 12 we
3177 1894 8 16 In-

2806 1912 123 22 experienced
2937 1919 45 10 over
2994 1914 38 16 this
3045 1914 99 21 particular
3154 1916 34 19 subiee

2806 1936 33 16 the
2857 1936 85 22 question
2956 1937 96 22 naturally
3068 1938 60 19 arises,
3145 1939 32 18 tloos
3184 1936 4 23 f[

2806 1961 77 20 present
2891 1958 48 18 local
2954 1960 96 21 authority
3064 1961 19 17 of
3097 1961 72 19 Rotorua
3178 1965 10 15 if.

2806 1982 93 17 sufficient
2909 1988 21 11 or
2938 1988 35 17 any
2988 1983 81 23 security
3083 1984 29 17 for
3127 1985 48 18 better
3183 1993 5 10 s:

2807 2006 126 16 ministration
2942 2006 19 16 in
2970 2006 32 17 the
3017 2006 106 19 immediate
3135 2008 30 18 and
3175 2010 13 17 eatj

2806 2028 79 18 future?
2897 2029 26 17 To
2932 2031 49 15 most
2989 2029 110 24 thoughtful
3108 2031 34 18 and
3147 2037 41 14 uncus

2807 2052 60 16 minds
2877 2053 32 16 the
2918 2058 77 15 answer,
3006 2053 14 17 it
3029 2053 15 17 is
3053 2054 20 16 to
3081 2054 23 16 be
3114 2055 57 18 feared,
3175 2062 9 11 it-

2806 2075 23 17 be
2838 2075 19 16 in
2866 2075 33 17 the
2907 2076 94 22 negative.
3026 2076 39 18 The
3070 2076 118 20 individuals

2806 2098 42 17 bers
2857 2099 20 16 of
2887 2099 31 16 the
2928 2100 75 21 present
3012 2100 61 16 Board
3088 2107 31 10 are
3131 2101 57 23 gentlei

2807 2122 42 16 who
2855 2128 31 10 are
2892 2122 80 22 perhaps
2979 2129 20 10 as
3005 2122 41 17 able
3053 2123 61 17 andas
3120 2125 68 22 possessed

2806 2143 93 19 sufficient
2908 2145 84 17 business
2999 2147 84 21 capacity
3090 2154 19 9 as
3116 2148 13 15 is
3135 2153 53 13 necessar

2806 2173 22 12 or
2839 2174 45 16 very
2899 2168 92 23 probably
3008 2169 113 19 obtainable,
3131 2171 16 17 in
3161 2171 26 18 suck

2807 2192 55 17 small
2871 2191 116 24 community
2996 2198 19 11 as
3027 2198 49 12 ours.
3107 2194 37 17 But
3154 2195 34 16 witk

2807 2215 107 22 detracting
2925 2215 47 17 from
2982 2215 48 17 their
3043 2217 85 21 personal
3140 2218 45 17 merits
3187 2215 1 23 i

2807 2244 38 16 any
2853 2244 42 16 way
2905 2239 15 16 it
2928 2238 15 17 is
2952 2238 57 23 fairly
3017 2239 75 18 evident
3106 2240 39 18 that
3156 2244 30 14 most

2807 2262 126 17 themtheir
2940 2262 33 17 life
2982 2262 37 17 and
3027 2263 85 23 training
3117 2263 71 24 havingoa

2807 2285 85 17 confined
2902 2285 29 18 for
2939 2291 57 16 many
3005 2291 53 16 years
3067 2286 19 17 to
3091 2292 68 12 narrow
3166 2287 22 18 ofd

2808 2314 78 16 grooves
2888 2309 70 17 have
2967 2309 38 17 lost
3013 2309 55 17 touch
3081 2310 44 17 with
3140 2310 26 17 the
3177 2311 10 16 V

2807 2331 72 22 politic,
2888 2331 37 17 and
2935 2333 93 16 entertain
3037 2338 24 11 no
3071 2332 117 25 keen,living,a

2807 2355 67 21 kindly
2882 2355 78 17 interest,
2968 2355 19 17 in
3001 2355 50 18 what
3069 2356 31 17 the
3117 2356 55 23 public
3180 2362 8 12 a

2807 2378 53 17 deem
2878 2378 95 18 beneficial
2999 2385 21 10 or
3040 2380 87 21 requisite
3143 2380 23 17 for
3179 2380 6 17 ti-

2808 2401 82 22 adopted
2900 2401 59 17 home.
2978 2402 107 17 Officialism
3091 2403 15 17 is
3117 2404 32 16 net
3156 2409 9 11 a
3173 2403 15 17 hi:

2808 2425 19 21 ly
2837 2425 34 17 soil
2881 2425 28 16 for
2922 2425 32 17 the
2969 2425 74 23 growth
3060 2427 20 15 of
3095 2427 42 17 such
3151 2433 8 10 ii
3169 2427 19 22 yii

2808 2448 60 22 spirit.
2894 2448 29 17 On
2933 2448 31 17 the
2978 2450 87 21 contrary
3078 2449 15 17 it
3107 2450 57 17 rather
3173 2455 15 12 sea

2808 2473 20 15 to
2838 2472 63 17 foster,
2911 2473 88 20 amongst
3015 2472 32 17 the
3064 2473 85 22 ordinary
3164 2479 20 11 run

2808 2500 49 13 men,
2876 2500 23 11 an
2916 2496 91 21 arrogant
3020 2495 38 18 and
3074 2496 114 22 self-opinion.::

2808 2517 54 18 habit
2871 2518 20 17 of
2900 2518 57 17 mind.
2983 2519 44 17 This
3035 2518 53 18 habit
3104 2525 20 11 or
3137 2519 50 18 disease

2808 2541 33 16 the
2857 2541 67 17 official
2941 2542 58 19 mind,
3016 2542 62 17 unless
3095 2542 42 18 held
3149 2543 16 16 in
3175 2542 13 18 chi

2808 2564 26 22 by
2847 2564 69 23 higher
2930 2564 37 18 and
2984 2566 65 16 nobler
3066 2566 81 21 motives,
3163 2571 23 17 rap

2808 2587 99 23 developes
2916 2588 40 16 into
2965 2594 10 11 a
2984 2589 73 17 morbid
3066 2589 38 17 and
3112 2585 76 26 haughtjd

2809 2611 69 21 regard
2886 2611 20 17 of
2919 2617 37 16 any
2972 2617 20 12 or
3007 2613 112 22 everything
3133 2612 47 17 which
3187 2611 1 24 :

2808 2634 66 22 public
2882 2635 48 16 from
2939 2635 49 16 their
2997 2635 111 23 knowledge
3124 2636 34 17 and
3170 2636 18 16 dr;

2808 2655 75 23 bought
2898 2658 110 21 experience
3024 2665 43 16 may
3083 2660 79 23 suggest.
3180 2658 8 18 Si

2809 2681 112 22 apparently
2930 2681 15 17 is
2954 2682 32 16 the
2996 2682 70 17 disease
3072 2683 59 17 under
3139 2681 49 22 whichi

2809 2704 86 18 Rotorua
2901 2704 58 18 Town
2974 2705 62 17 Board
3052 2712 43 11 now
3113 2712 19 11 so
3147 2705 41 23 painfi

2809 2728 137 16 laboursand
2956 2728 71 17 suffers.
3045 2729 101 22 Desperate
3154 2729 34 17 diseas

2809 2751 16 17 it
2834 2750 14 18 is
2858 2750 45 20 said,
2914 2752 72 21 require
2996 2752 96 22 desperate
3102 2752 80 18 remedies,

2809 2775 16 17 is
2834 2776 19 16 to
2862 2775 24 16 be
2894 2774 60 23 hoped
2965 2775 31 17 the
3006 2775 77 17 Board's
3092 2782 40 12 case
3140 2776 13 17 is
3166 2778 21 14 not

2809 2803 46 17 very
2867 2798 103 22 desperate.
2996 2799 19 16 If
3029 2799 31 17 the
3076 2799 93 23 foregoing
3177 2798 11 17 <

2809 2822 50 17 nosis
2865 2822 24 16 bo
2898 2827 80 17 anyway
2986 2827 45 12 near
3039 2822 32 17 the
3080 2823 58 19 truth,
3147 2822 12 17 it
3166 2822 11 17 is
3186 2822 2 22 (

2810 2845 46 17 dent
2864 2844 33 18 the
2904 2844 61 18 Board
2974 2845 33 17 has
3025 2845 23 17 its
3066 2852 43 10 cure
3125 2846 18 16 in
3158 2846 18 16 its
3184 2844 4 18 o'

2809 2868 58 20 band,
2878 2867 36 17 and
2923 2868 32 16 the
2964 2869 115 21 community
3089 2869 43 18 will,
3140 2867 48 19 doubti

2810 2891 62 17 watch
2881 2891 45 18 with
2936 2897 51 11 some
3003 2891 78 18 interest
3095 2892 32 17 the
3143 2897 45 12 course

2810 2916 102 15 treatment
2928 2914 16 17 it
2958 2915 39 16 will
3012 2915 57 23 adopt
3086 2916 20 16 in
3123 2916 30 17 the
3168 2914 20 17 full

2811 2938 72 17 Should
2900 2938 32 16 the
2950 2938 78 17 Board's
3045 2938 76 23 malady
3128 2939 22 16 be
3161 2938 27 18 allot

2810 2962 21 16 to
2839 2961 83 17 increase
2930 2961 26 22 by
2964 2961 75 21 neglect
3050 2962 21 16 of
3087 2961 76 23 friendly
3174 2965 14 12 ws

2810 2984 49 22 ings,
2871 2984 45 17 such
2930 2990 20 11 as
2963 2985 38 16 this
3019 2985 21 19 is,
3051 2985 44 17 then
3106 2983 82 25 Routgen's

2810 3013 43 16 rays
2862 3008 51 16 must
2922 3007 22 17 be
2953 3008 84 21 brought
3045 3010 21 14 to
3079 3008 46 17 bear
3137 3006 51 25 rigidly

2810 3030 38 17 this
2858 3036 72 17 opaque
2938 3030 37 17 and
2984 3031 89 18 diseased,
3090 3030 84 24 although
3185 3030 3 24 '

2811 3060 70 16 young.
2892 3053 47 18 local
2950 3054 60 22 Body,
3021 3055 36 17 and
3067 3055 32 16 the
3113 3055 73 21 knifeapj

2812 3077 90 21 carefully
2911 3077 38 17 and
2962 3077 129 23 scientifically
3108 3080 19 15 to
3141 3078 27 17 the
3180 3081 8 12 a

2811 3101 40 16 seat
2860 3100 19 17 of
2888 3100 33 17 the
2930 3100 89 18 disorder.
3045 3101 54 17 TJntil
3109 3102 47 16 then.
3165 3100 12 16 Si-

2811 3130 21 10 ns
2840 3124 60 16 watch
2910 3124 37 16 and
2956 3130 47 16 pray
3012 3124 42 18 that
3063 3124 32 18 the
3100 3124 60 18 Board
3164 3121 24 19 will

2812 3152 43 11 save
2863 3147 52 16 itself
2923 3147 37 17 and
2970 3147 36 17 live
3015 3154 11 10 a
3034 3148 46 20 long
3089 3148 36 16 and
3134 3144 54 20 useful!

2812 3170 37 17 and
2858 3170 56 22 enjoy
2924 3177 46 10 even
2980 3177 11 10 a
3001 3176 76 17 greener
3086 3171 31 16 old
3122 3177 33 16 age
3163 3170 25 17 thai

2812 3193 52 22 early
2870 3194 58 21 youth
2934 3194 34 17 lias
2975 3194 91 23 certainly
3071 3194 86 17 been.l
3163 3198 24 12 am.

3100 3217 86 18 Ngawha.

2836 3240 90 19 Rotorua,
2936 3240 46 19 May
2992 3241 27 18 20,
3031 3241 50 17 1896.

1242 44 60 19 THE
1329 43 57 20 HOT
1414 43 91 19 LAKES
1534 43 172 23 CHRONICLE,
1737 42 188 24 WEDNESDAY,
1954 42 63 21 MAY
2045 43 31 23 27,
2094 44 51 17 1895.

108 216 61 16 XION
182 214 139 22 STEAMSHIP
336 211 114 19 COMPANY
469 210 29 16 OP

151 237 58 16 NEW
221 235 115 19 ZEALAND
343 232 82 19 Limited.

67 413 99 16 Takafoka
172 416 50 15 every
231 409 76 21 Monday
341 413 6 8 '

67 435 18 16 Jl
91 430 24 24 all
122 438 73 13 inah.a
204 437 54 17 every
265 430 104 23 Thursday.

65 458 113 19 Den'Gadee,
190 453 124 23 Wednesday,
325 453 46 22 May
380 453 28 19 27,
425 453 10 16 5
451 458 47 16 p.m.

63 628 163 43 HUDDART,
252 627 112 20 PARKER,
385 625 54 17 AND
460 623 31 18 CO

228 650 108 25 (limited),

87 697 96 24 Splendid,
193 696 162 25 Well-appointed
362 695 92 18 Steamers
460 691 38 19 will

63 722 23 20 lie
95 721 114 22 despatched
218 722 49 16 from
276 721 119 17 Aucklaio,
406 723 19 11 as
439 715 59 18 under

62 745 92 22 (weather
169 744 38 17 and
226 745 55 16 other
297 741 142 20 circumstances
454 744 33 17 per-

63 767 122 22 mitting):

63 790 184 21 For.GISBORNE,
253 789 105 19 NAPIER,
366 785 116 19 WELLING-

85 814 57 17 TON.
154 813 157 18 LYTTELTON,
322 812 14 17 &
346 809 128 20 DUNEDIN,

65 837 101 21 ANGLIAN,
183 837 101 18 Tuesday,
298 835 50 18 Juno
362 835 16 18 2,
391 834 19 15 12
417 838 57 11 noon.

62 861 109 17 Tasmania
212 860 102 19 Tuesday,
323 858 50 17 June
380 858 27 19 10,
418 856 21 16 12
448 861 50 11 noon

190 905 51 18 FOR
256 903 112 21 SYDNEY,

108 929 115 23 (Returning
235 929 19 17 to
263 927 100 18 Auckland
372 924 79 24 Direct.)

63 953 93 22 Carrying
175 953 114 21 Passengers
310 950 30 18 for
361 949 135 20 MELBOUENE,

74 976 54 18 other
133 976 132 17 Adstealian
272 975 71 19 Pouts,
351 972 133 21 andHoAiiT,

62 1004 114 16 Tasmania.
185 1016 14 4 ..
208 1002 107 20 .Monday,
331 1001 49 17 Juno
392 1001 15 19 1,
421 1001 11 15 4
450 1004 46 18 p.m.

62 1027 110 20 Anglian,.
180 1039 15 4 ..
203 1025 106 21 .Monday,
327 1024 51 17 June
396 1024 27 20 15,
433 1024 63 21 -ip.m.

86 1053 30 17 All
126 1053 73 17 Tickets
206 1059 31 10 are
247 1051 92 19 available
348 1051 39 18 also
402 1051 29 17 for
440 1050 45 22 Stop-

62 1082 45 12 over
115 1082 21 12 or
144 1076 71 17 Return
230 1075 26 23 by
268 1075 55 18 ANY
340 1074 85 18 UNION
437 1073 60 18 CO.'S

62 1098 140 22 STEAMERS,
213 1100 37 15 and
257 1099 76 17 holders
343 1099 19 16 of
371 1097 66 18 U.S.S.
455 1096 42 18 Co's

62 1122 75 18 Tickets
157 1128 43 17 may
218 1122 61 18 travel
295 1122 26 22 by
343 1120 116 18 ANGLIAN
476 1126 21 10 or

62 1146 139 17 TASMANIA.

160 1175 23 17 L.
196 1175 24 17 D.
230 1174 108 18 NATHAN
352 1174 16 16 &
380 1173 45 19 CO.,

394 1197 78 21 Agents.

85 1241 146 24 JORTHERN
258 1241 147 18 STEAMSHIP
431 1240 48 17 COM-

63 1258 34 27 1>
171 1265 77 21 PANY,
267 1264 118 17 LIMITED.

195 1310 167 18 TIME-TABLE.

61 1343 84 17 Weather
153 1343 33 15 and
193 1342 49 17 oilier
249 1342 131 16 circumstances
385 1341 108 21 permitting.

62 1410 71 17 Leave
141 1409 142 17 AUCKLAND
297 1412 38 14 foe
348 1408 145 17 TAURANGA.

61 1442 95 18 Waiotahi
203 1441 63 23 Every
274 1440 87 23 Tuesday
369 1441 20 17 at
398 1445 60 17 op.iu.

61 1465 118 18 Chelmsford
228 1478 11 7 ~
274 1464 70 22 Friday
352 1465 20 16 at
381 1463 10 18 3
402 1469 45 16 p.m.

274 1488 114 19 Passengers
397 1486 50 21 only.

62 1553 118 18 Chelmsford

60 1576 95 19 Waiotahi

274 1551 86 22 Tuesday
369 1551 19 17 at
397 1552 9 16 2
416 1556 44 17 p.m.

276 1575 69 22 Friday
354 1575 20 16 at
382 1575 11 17 4
402 1580 46 16 p.m.

199 1632 96 19 rpiIOS.
318 1630 68 19 COOK
406 1631 16 17 &
447 1630 48 18 SON

238 1683 53 13 BOOK
303 1681 97 14 passages
412 1681 42 13 and

66 1704 117 13 BJXZiiss3!il
264 1705 76 14 SECUBE
352 1704 77 14 BEETHS

223 1726 32 16 AT
268 1724 105 18 LOWEST
385 1723 80 17 FATES

61 1756 26 13 I!Y
100 1756 17 12 P.
128 1751 15 17 &
153 1754 16 13 0.
181 1754 35 16 CO.,
227 1752 74 14 OKIENT
310 1752 36 16 CO.,
355 1750 73 14 DIRECT
436 1750 59 14 LINES

154 1777 89 16 OCEANIC,
258 1774 143 17 MESSAGEEIES,

161 1801 27 17 Or
194 1806 36 16 any
239 1799 38 18 line
286 1805 20 11 as
315 1797 79 19 desired.

82 1848 87 23 Enquiry
177 1846 77 18 invited.
271 1844 126 20 Information
405 1844 67 23 gnttis.

61 1894 96 21 Intending
162 1897 103 18 passengers
277 1890 61 18 should
352 1890 53 21 apply
419 1890 28 16 for
463 1895 32 10 our

80 1916 36 17 free
126 1916 27 16 list
162 1915 18 16 of
187 1917 74 13 steamer
274 1913 72 20 sailings
358 1912 34 15 and
399 1912 47 16 fares
454 1914 19 13 at

109 1941 88 19 COOK'S
210 1939 127 19 SHIPPING
348 1938 100 21 OFFICE,

136 1971 23 17 70
167 1975 42 12 and
219 1970 22 17 78
254 1970 164 18 Quj:en-stkeet.

90 1999 86 18 Rotorua
192 1998 78 22 Agency
277 1994 4 26 :
294 1996 96 17 Hinemoa
398 1994 68 18 Street.

80 2031 70 15 N.B.
151 2030 62 15 Drafts
221 2029 33 15 and
263 2028 78 16 Circular
348 2027 54 16 Notes
409 2026 58 16 issued
476 2027 19 14 at

60 2053 61 14 lowest
129 2053 66 14 current
204 2054 50 12 rates.

305 2187 20 23 f
393 2194 65 13 MARK.

213 2312 57 20 ASK
286 2310 54 21 FOE

60 2362 432 50 HANCOCKS'

183 2436 184 22 CELEBRATED

239 2489 87 32 xxxx

170 2547 212 51 ALES,

189 2620 58 13 MADE
256 2619 56 14 FROM
321 2619 42 13 THE

65 2659 115 33 FINEST
206 2658 88 32 MALT
315 2657 64 31 AND
396 2655 96 37 HOPS,

101 2749 52 13 EKEE
166 2747 54 14 FROM
234 2747 38 13 ADD
286 2746 127 14 ANTISEPTICS
426 2746 25 12 OH

167 2773 141 14 DELETERIOUS
326 2772 64 13 ACIDS.

66 2848 138 32 CAPTAIN
227 2847 83 31 COOK
328 2845 166 37 BREWERY,

167 2889 192 22 NEWMARKET.

66 2940 293 50 EhrenMed
373 2940 122 46 Bros

208 2998 144 22 BREWERS,

144 3031 109 20 ALBERT
268 3028 148 25 BiJEWEEY,

87 3062 219 23 QUEEN-STKEET,
320 3060 157 20 AUCKLAND

86 3116 67 17 WINE
166 3115 50 16 AND
229 3113 80 18 SPIRIT
319 3112 156 20 MERCHANTS,

107 3142 123 18 BOTTLERS
242 3142 51 16 AND
310 3139 143 20 IMPORTERS,

151 3166 27 18 43,
193 3167 134 14 QUEEN-STREET
342 3166 69 12 WIIAKF.

67 3240 24 15 At
100 3239 29 16 the
144 3238 89 20 following
250 3236 111 16 Exhibitions
376 3234 27 16 for
412 3240 31 10 our
451 3234 38 16 well-

162 3260 61 14 known
237 3258 46 15 Bulk
293 3257 33 16 and
334 3256 68 16 Bottled

179 3280 48 16 ALE
239 3280 50 15 AND
301 3278 86 18 STOUT:

67 3309 70 20 Svnney
145 3306 126 19 International
280 3306 107 17 Exhibition,
398 3305 46 15 1879.

68 3330 101 16 Melbourne
178 3327 128 18 International
311 3325 109 20 Exhibition,
430 3326 68 15 1880-81

69 3353 42 14 New
119 3349 73 18 Zealand
202 3347 206 20 InduatrialExhibition,
411 3346 78 21 Welling-

112 3375 35 16 ton,
159 3372 47 16 188.').

68 3395 44 15 New
131 3391 75 19 Zealand
221 3391 33 17 and
268 3392 54 15 South
335 3391 41 16 Seas
391 3389 109 16 Exhibition.

112 3414 86 17 Dunedin.
210 3414 79 15 18S!>-90.

70 3437 21 16 In
100 3436 76 16 addition
185 3437 17 13 to
213 3435 53 15 iibove
275 3434 42 16 have
335 3433 43 15 been
392 3432 79 16 awarded
485 3433 16 14 at

113 3456 104 17 Taemanian
250 3455 107 19 Exhibition,
385 3453 116 18 Launeestou,

114 3478 78 17 1891-92.

155 3508 59 17 FIVE
226 3508 70 17 FIRST
313 3506 104 17 AWARDS

270 3534 34 11 Foil

82 3553 67 16 BULK
160 3551 110 17 BOTTLED
286 3550 57 16 ALES
360 3549 51 16 AND
429 3548 76 17 STOUT

158 3592 251 35 CHAMPIONSHIP

102 3640 64 24 Gold
179 3639 87 23 Medal
277 3638 27 24 of
314 3637 166 24 Australasia

178 3675 73 11 AUAIHiT
261 3673 99 12 ALr.CoMERS
371 3673 31 12 FOB

77 3706 89 23 BULK
180 3704 69 25 AND
428 3703 65 23 ALE

166 3756 73 21 Having
247 3762 10 10 a
267 3756 57 20 Large
333 3755 51 17 Stool:
392 3755 19 16 of

187 3788 48 15 ALE
247 3788 51 15 AND
310 3786 82 20 STOUT,

77 3821 69 18 llottlcd
155 3821 16 15 in
180 3824 51 16 quart,
241 3821 34 15 and
289 3820 38 22 pint
341 3820 67 20 bottles,
425 3820 82 21 Hpecially

76 3843 67 16 brewed
152 3842 27 15 for
187 3842 29 15 the
225 3847 73 11 Bummer
307 3842 53 17 trade,
371 3842 55 15 which
434 3847 27 10 are
468 3847 39 9 now

77 3864 103 20 tbotoughly
190 3863 84 20 matured,
287 3868 32 10 can
331 3863 43 15 with
388 3868 51 15 every
454 3863 45 15 oouii-

76 3887 52 16 dtneo
140 3883 106 18 recommend
262 3889 45 10 same
324 3887 17 13 to
355 3889 119 10 eomiois.-eui'ii
489 3889 20 10 us

76 3906 61 18 sooond
145 3909 18 13 to
171 3911 45 10 none
226 3906 16 15 in
253 3904 28 17 the
289 3905 72 20 Colony.

93 4020 47 32 H.
152 4017 57 33 W
226 4016 265 36 MITCHELL,

175 4073 118 24 'Stitjiovisfo
303 4074 110 25 Suvbcjior,

225 4125 142 24 ROTOftUfi.

524 181 198 32 FRANKTON
747 177 209 34 JONCTION

525 272 202 47 PASSENGERS
743 272 26 24 by
785 270 54 19 traia
855 271 20 17 to
891 268 65 20 Aucla

714 298 55 19 laud.

522 348 159 28 TRAINS
691 348 68 30 stop
767 345 43 26 20
817 345 140 25 minutes

534 393 21 16 at
562 391 36 18 the
605 389 106 20 Erankton
718 386 98 21 Juuciion
824 386 33 18 for
865 385 33 19 din
898 385 45 19 Dor.

547 417 44 18 The
614 413 137 26 undersigned
779 413 37 18 has
847 411 110 19 first-class

521 442 67 19 Meals
600 442 61 24 ready
672 440 40 19 and
722 439 71 19 served
803 445 25 12 on
844 437 74 19 arrival
937 437 20 19 of

521 468 28 19 all
560 468 71 19 trains.

523 501 221 47 William
777 497 176 55 Geach,

577 565 320 25 PROPRIETOR.

522 619 148 23 Hancock's
678 618 98 22 XXXX
783 617 63 23 Ales
856 616 100 30 always

652 652 34 15 on
697 644 126 28 Draught.

525 692 231 47 Blooker's
805 691 150 54 Dutel?

658 749 160 46 Coeoa.

520 849 139 32 Highest
668 849 127 26 awards
808 849 34 25 at
855 854 101 26 every

644 898 194 26 Exhibition.

554 941 65 25 Tlie
631 941 98 25 latest
742 940 27 25 is
782 939 55 25 the
858 939 97 26 Cross

521 973 35 26 of
562 974 111 25 Honor
687 974 32 25 at
735 973 55 25 the
810 972 125 25 Amster-

521 1007 73 25 dam
604 1006 187 26 Exhibition
800 1005 91 29 1895,
900 1004 54 25 the

518 1039 130 33 highest
656 1039 138 32 possible
802 1037 118 26 award.

656 1095 47 19 TO
729 1094 17 19 L
761 1094 18 18 E
795 1094 16 19 T

638 1163 29 17 Ist
676 1161 61 22 June,
748 1160 115 19 Furnished
877 1167 23 11 or
916 1166 25 12 un-

589 1187 112 22 furnished,
727 1187 123 18 six-roomed
868 1186 86 25 Cottage

518 1215 49 20 with
578 1213 52 26 good
645 1213 91 25 stahlmg
747 1213 40 19 and
804 1213 148 24 outbuildings.

544 1241 44 18 Hot
602 1239 89 19 Mineral
701 1239 53 19 Bath
765 1246 25 11 on
802 1239 35 18 the
847 1239 105 24 premises.

570 1275 70 25 Apply
649 1279 21 14 to
729 1274 19 19 J.
765 1273 28 20 H.
807 1273 118 20 TAYLOR.

655 1335 26 24 f*
710 1331 54 29 *km
787 1331 3 29 \

569 1499 116 23 Eotorua
701 1498 80 23 Town
799 1498 92 23 Board.

622 1550 105 20 PUBLIC
738 1550 108 19 NOTICE.

564 1603 34 18 P.E
612 1603 84 17 NIGHT
713 1602 58 18 SOIL
788 1602 117 18 DEPOSIT.

518 1653 80 43 THE
622 1652 96 20 BOARD
744 1652 78 25 having
840 1652 83 19 secured
941 1660 11 12 a

584 1679 56 25 piece
659 1679 21 18 of
698 1679 47 18 land
765 1678 88 19 situated
872 1684 26 13 on
918 1679 35 18 the

517 1705 62 19 north
588 1705 43 19 side
648 1705 21 19 of
688 1705 33 19 the
741 1704 131 19 Botorua-Te
895 1704 58 20 Puke

517 1731 56 23 road,
585 1737 66 13 access
662 1733 20 16 to
692 1731 65 19 which
765 1737 36 12 can
814 1731 24 18 be
847 1731 73 24 gained
931 1736 21 13 a:

518 1764 11 11 a
539 1757 58 25 point
609 1757 90 25 opposite
710 1757 33 19 the
753 1757 116 18 south-ea>t
883 1763 70 13 corner

517 1783 21 19 of
569 1783 36 19 the
626 1783 124 19 Baeeeourse
776 1783 95 23 Reserve,
918 1783 35 18 the

517 1809 73 20 Public
601 1816 34 13 are
644 1810 75 24 hereby
731 1809 106 25 requested
845 1811 20 16 to
873 1808 79 26 depoeit

517 1835 27 19 all
555 1836 59 24 night
623 1836 38 18 soil
679 1842 20 11 in
715 1842 12 12 a
744 1835 69 19 trench
834 1834 65 20 which
917 1835 36 19 has

518 1862 50 18 been
580 1862 99 25 prepared
689 1862 56 18 there
759 1861 32 19 for
800 1861 26 18 its
843 1862 109 24 reception.

518 1888 85 25 Subject
613 1890 20 17 to
643 1888 35 18 the
686 1888 105 24 following
797 1888 112 17 conditions
918 1888 35 18 the

517 1914 175 19 uocobsdrvance
703 1914 20 18 of
742 1913 65 19 which
825 1913 40 19 will
880 1914 73 18 render

517 1940 34 19 the
562 1940 91 19 offender
663 1940 61 19 liable
734 1942 20 16 to
764 1946 12 12 a
786 1940 82 24 penalty
875 1942 35 16 not
918 1947 24 11 ex-

517 1966 86 25 ceeding
621 1967 28 18 'j
662 1966 3 25 :
669 1966 69 18 The
758 1969 73 15 matter
854 1968 54 16 must
927 1972 26 12 on

518 1999 59 17 every
597 1992 90 19 occasion
703 1992 25 19 be
746 1992 89 24 dumped
854 1992 43 18 into
918 1992 35 18 the

517 2018 81 19 further
609 2018 37 19 end
657 2018 21 19 of
688 2018 34 19 the
741 2022 68 20 empty
825 2018 72 18 trench
913 2018 40 18 and

517 2044 138 25 immediately
664 2044 84 19 covered
756 2044 48 19 with
811 2047 35 16 not
856 2044 40 19 less
903 2044 50 19 than

518 2071 32 18 six
559 2070 70 19 inches
639 2070 21 19 of
670 2070 64 19 earth.

769 2096 33 18 By
819 2096 80 19 Okder.

543 2122 93 19 Rotorua
644 2123 62 18 Town
718 2122 75 23 Board,

571 2149 47 19 2(Jth
630 2149 54 24 May,
698 2150 33 17 189
731 2150 22 17 G.

557 2200 117 23 Rotorua
687 2199 110 23 District
812 2199 99 23 School.

630 2252 86 19 FINAL
731 2251 108 20 NOTICE.

518 2326 25 23 X
586 2331 68 25 gainst
661 2331 68 18 unless
736 2331 53 18 their
795 2331 91 18 children
893 2331 60 18 make

517 2358 35 19 the
561 2358 98 24 requisite
669 2356 86 19 number
763 2358 21 17 of
791 2357 132 18 attendances
932 2360 21 15 at

517 2384 73 19 School
601 2384 63 19 under
675 2384 33 18 the
723 2383 111 19 Education
845 2383 44 20 Act.

649 2410 35 19 W.
694 2410 27 18 K.
738 2409 133 23 I'UItCELL,

809 2436 116 18 Chairman.

543 2561 130 19 TENDERS
697 2562 32 18 for
751 2561 35 19 the
805 2561 99 24 purchaoo
932 2561 21 18 of

518 2587 53 20 Karl
581 2588 56 18 Bros.
651 2587 89 19 Sawmill
751 2587 67 23 Plant,
835 2594 21 11 as
873 2587 16 19 it
908 2594 44 12 now

518 2614 70 18 stands
598 2617 20 15 at
632 2615 93 21 Kotorua,
738 2612 40 21 will
789 2613 25 18 be
831 2613 92 19 received
932 2615 21 17 at

518 2640 34 19 the
576 2640 55 19 office
651 2640 20 18 of
690 2639 34 19 the
744 2639 138 25 undersigned
900 2639 53 19 until

518 2666 118 22 Saturday,
649 2666 34 19 Cth
693 2665 60 20 June.

544 2692 34 19 All
602 2692 130 19 information
756 2698 37 13 can
812 2692 26 19 be
856 2692 97 18 obtained

518 2719 53 18 from
581 2718 32 19 Mr
668 2719 24 18 A.
704 2718 109 23 Williams,
827 2719 95 19 Kotorua,
931 2725 22 12 or

518 2745 34 19 the
563 2744 143 26 undersigned.

544 2771 43 18 The
598 2771 82 23 highest
687 2777 22 12 or
717 2777 40 17 any
764 2770 72 19 tender
843 2772 35 17 not
885 2777 68 12 neces<-

520 2797 61 25 sarily
592 2796 99 25 accepted.

609 2822 74 20 JOHN
694 2821 95 21 BURNS
800 2824 15 17 &
826 2822 47 23 CO.,

812 2848 115 18 Auckland.

557 2895 218 24 IMPOUNDING
789 2895 128 23 NOTICE.

647 2948 66 19 Horse
724 2951 38 16 two
774 2948 49 19 hind
833 2948 42 19 feet
886 2948 67 22 white,

542 2974 15 17 J
586 2974 92 19 branded
688 2974 18 19 A
713 2974 40 20 H1
754 2976 5 8 J
769 2981 26 12 on
809 2974 29 19 off
855 2974 42 25 hip.
934 2974 21 19 If

519 3003 35 16 not
578 3000 86 19 claimed
684 3001 41 18 and
743 3000 28 19 all
790 3007 99 18 expenses
907 3000 48 25 paid

520 3027 41 18 will
570 3026 25 20 be
605 3027 44 19 (<old
670 3033 24 12 on
708 3027 108 24 Saturday,
833 3026 49 19 30th
900 3026 54 23 iubt.,

520 3055 21 17 at
553 3055 23 16 12
586 3053 82 19 o'clock.

753 3078 22 19 C.
788 3078 87 24 EIESS,

774 3105 154 25 Poundlceeper.

564 3157 120 17 OST.Two
701 3156 54 18 brass
773 3162 43 16 caps
839 3157 29 17 for
889 3156 68 23 bugy

555 3184 7 16 i
587 3180 74 18 wheels.
687 3180 70 17 Finder
769 3179 39 18 will
825 3180 22 16 be;
861 3180 97 17 rewarded

557 3204 100 18 returuind
667 3209 50 12 same
727 3205 20 15 to
756 3203 21 17 C.
786 3203 108 17 Malikoy.

1014 4224 100 39 Ask
1148 4224 72 39 for
1246 4224 264 39 Hancocks
1539 4224 274 39 Celebrated
1853 4224 187 39 XXXX
2066 4224 113 39 Ales
2216 4224 99 38 and
2347 4224 148 38 Stout.

2929 3342 57 10 never
3001 3335 33 19 fail
3050 3338 20 15 to
3088 3341 43 13 cure

2837 3366 177 19 INDIGESTION.

2862 3390 177 19 COSTIYENESS.

2885 3413 66 18 SOUR
2959 3413 111 19 BBEATJT.

2908 3437 165 18 HEABTBUEN.

2931 3460 78 18 LTVEE
3020 3460 114 18 DISEASE,
3144 3458 31 19 and

2955 3483 103 19 KIDNEY
3077 3479 113 23 COMPLAE

2837 3514 158 18 FLETCHER'S
3018 3515 73 17 PILLS
3121 3514 34 18 and
3180 3510 10 19 CI

2815 3537 86 19 MENTS
2926 3538 78 17 TOXIC
3027 3544 32 11 are
3082 3538 33 17 the
3139 3540 51 18 recogt

2815 3561 102 18 household
2927 3561 89 17 remedies
3025 3561 19 17 of
3053 3561 32 18 the
3094 3560 75 18 Australi
3173 3564 14 12 Mi

2816 3585 58 21 onies,
2883 3584 38 18 and
2929 3589 56 18 every
2994 3584 101 24 designing
3102 3584 57 24 quack
3167 3584 23 16 trie

2815 3607 55 18 trade
2886 3613 24 11 on
2926 3608 50 16 their
2992 3608 108 22 reputation
3115 3607 35 18 and
3165 3608 25 15 rew

2815 3631 44 17 This
2868 3631 14 17 is
2892 3631 32 17 the
2932 3631 83 22 greatest
3023 3631 56 22 proof
3095 3631 20 17 of
3130 3630 43 17 their
3184 3632 6 13 B

2816 3655 37 16 and
2862 3653 85 19 sufferers
2952 3654 51 17 want
3012 3655 20 16 to
3045 3654 24 18 be
3074 3653 97 24 particular
3176 3652 13 16 to

2816 3678 32 17 the
2858 3677 80 21 genuine
2947 3677 75 17 articles
3028 3683 20 11 as
3058 3678 62 19 regret
3133 3676 33 17 ami
3187 3676 2 22 :

2816 3700 107 23 poihtment
2931 3705 32 13 are
2969 3705 43 13 sure
3020 3700 19 18 to
3058 3700 62 18 follow
3134 3700 29 16 the
3175 3700 15 14 us

2816 3724 33 17 the
2858 3723 104 17 thousands
2971 3723 21 17 of
3159 3723 31 16 renii

2817 3753 20 11 so
2847 3747 58 21 freely
2914 3746 110 17 advertised.
3050 3746 39 19 The
3098 3744 91 25 reputation

2817 3769 126 20 wide-spread
2970 3775 32 11 use
3027 3770 21 17 of
3072 3770 91 18 Clements

2818 3793 37 17 and
2877 3792 102 18 Fkituhers'
3005 3792 46 18 Pills
3072 3799 33 11 are
3121 3792 30 18 the
3166 3794 21 19 gH

2818 3816 63 22 proofs
2889 3816 20 16 of
2917 3816 49 16 their
2974 3816 128 23 appreciation
3109 3816 23 23 by
3142 3815 48 20 fchepo

2818 3839 19 17 If
2862 3839 45 23 they
2923 3845 48 11 were
2985 3840 35 16 not,
3036 3845 20 11 as
3072 3837 109 25 represented

2818 3862 62 17 would
2890 3862 48 17 have
2946 3862 66 22 passed
3027 3863 33 16 out
3077 3863 20 16 of
3111 3864 73 17 memory
3189 3857 1 27 1

2819 3891 30 12 era
2857 3886 38 16 tins
2903 3884 4 21 ,
2921 3886 34 16 hut
2969 3885 72 18 instead
3051 3885 49 18 their
3109 3885 35 18 sale
3154 3884 10 17 is
3173 3897 7 2 -
3183 3884 2 21 ;

2818 3909 37 17 and
2865 3909 45 21 they
2919 3914 30 11 are
2966 3914 51 12 more
3025 3909 92 17 esteemed
3125 3908 29 22 da)
3171 3906 16 20 bj

2819 3932 37 17 and
2865 3932 51 17 week
2923 3932 26 22 by
2958 3931 58 20 week,
3027 3932 35 17 and
3073 3932 37 17 this
3119 3930 71 23 ourphatf

2819 3961 67 16 proves
2908 3954 49 18 their
2990 3954 114 24 undisputed
3137 3955 52 20 suproo

2819 3979 65 16 Listen
2896 3980 21 15 to
2929 3984 25 10 no
2971 3979 101 21 argument
3088 3979 47 16 from
3151 3975 39 19 inter

2820 4001 78 23 parties;
2921 4000 79 19 demand
3024 4001 33 17 the
3082 4001 77 19 nromrine
3174 4003 16 12 w

2820 4024 37 17 and
2865 4024 68 17 TAKE
2942 4024 35 17 NO
2990 4023 159 20 SUBSTITUTE.

2961 4086 88 17 Brerpiace
3061 4086 4 17 i
3072 4086 71 16 nonary,
3160 4086 25 9 >

2967 4102 55 20 hand,
3041 4103 115 19 Threepence
3169 4104 15 13 ea
3185 4102 1 20 l
