4039 5868
418 353 961 67 Mount
1571 353 1154 67 Benger
2917 353 961 67 Mail.

175 643 40 26 No
238 645 45 25 889
324 644 55 28 Vol.
393 646 35 26 17.

703 649 210 27 DUBLISHSD
927 651 111 24 EVERY

1365 647 429 61 ROXBURGH.
1883 643 309 67 FRIDAY,
2249 647 165 57 MAY
2475 651 50 58 7,
2577 648 145 60 1897
2847 644 5 65 I

3625 682 109 28 PRIOR,
3751 683 32 23 £1
3801 690 41 23 per
3857 687 85 19 annum

100 821 263 26 OEMOKD'S
423 821 177 25 HOTEL

260 860 196 26 ROXBURGH.

121 937 24 22 P.
161 935 128 24 ORMOND

479 937 121 29 Proprietor

110 1012 50 25 The
181 1012 108 30 building
307 1012 43 23 has
366 1013 58 24 been
440 1013 99 31 entirely
554 1020 59 17 reno-

68 1057 83 24 vated
162 1056 156 32 throughout,
332 1055 46 26 and
389 1056 20 25 is
423 1063 52 18 now
488 1064 43 17 one
549 1056 28 25 of
585 1056 40 26 the

72 1101 1 25 |
82 1105 61 19 most
154 1101 157 25 comfortable
320 1101 46 25 and
374 1101 164 25 commodious
547 1101 77 25 hotels

67 1148 4 30 1
79 1148 140 30 upcouutry.

107 1216 49 25 The
195 1216 52 24 best
285 1216 28 24 of
348 1218 200 23 accommodation
587 1217 37 24 for

64 1258 4 33 '
78 1258 129 25 Traveller.'
221 1258 46 25 and
279 1258 126 32 Boarders,
418 1258 45 25 and
477 1260 76 31 prices
563 1261 61 22 most

63 1305 159 25 ''reasonable.

98 1376 57 22 Best
170 1375 87 22 brands
267 1375 29 22 of
301 1374 90 26 Wines,
402 1375 64 28 Ales,
482 1378 46 19 and
538 1375 87 29 Spirits

61 1416 71 30 'kept
144 1416 112 24 in-stock.

105 1484 113 32 Splendid
229 1484 100 26 Billiard
344 1484 80 26 Table.

188 1628 56 24 Thb
257 1627 65 25 Best
333 1635 30 18 of
378 1629 135 26 Stablino.

138 1747 265 26 OLDFIELDS
459 1749 149 25 HOTEL

246 1778 14 15 *

281 1813 143 24 KOXBCRGH.

121 1954 38 26 •J.
178 1956 29 26 A,
231 1954 91 26 BOYD
354 1975 26 6 ...
413 1956 141 32 Proprietor

126 2041 132 26 Excellent
300 2046 201 23 accommodation
528 2045 36 24 for

173 2074 118 25 Boarders
314 2077 45 24 and
382 2077 142 25 Travellers'

175 2140 83 26 Terms
291 2150 62 20 most
387 2144 136 27 reasuuable

166 2210 139 24 First-class
323 2211 98 25 Billiard
437 2214 83 24 Table.

94 2275 56 23 'The
167 2274 51 24 best
229 2272 29 25 of
272 2275 79 28 wines,
369 2276 56 25 beer
443 2277 46 24 and
508 2276 80 32 spirits

249 2305 59 31 kept
334 2307 23 24 in
379 2307 68 26 stock

131 2371 68 25 Good
216 2371 108 32 Stabling
341 2372 218 27 Accommodation.

279 2553 138 32 Roxburgh.

131 2624 14 25 J
172 2623 36 25 H.
229 2622 145 33 WAIGTH,
406 2639 26 8 ».
466 2623 140 33 Proprietor

99 2694 60 24 This
190 2692 191 26 old-established
414 2693 69 25 Hotel
513 2696 21 22 is
563 2693 56 32 well]

70 2726 84 26 ■noWii
167 2727 56 24 both
236 2732 23 19 to
274 2728 39 22 the
325 2726 117 26 residents
464 2727 48 24 and

84 2768 33 23 ng
129 2759 89 32 pubiic.

98 2804 120 23 Excellent
249 2801 208 26 accommodation.

63 2848 66 24 'The
140 2848 50 24 best
200 2847 25 24 of
233 2846 87 32 liquors
332 2845 57 33 kept
403 2854 30 18 on
444 2847 42 25 the
498 2847 115 32 premises

132 2891 142 25 First-class
297 2890 104 26 Billiard
427 2893 88 26 Table,

147 2956 107 30 Stabling
287 2958 226 26 accommodation.

59 3426 73 30 *TT7
136 3426 5 12 ;
148 3425 12 26 I
176 3426 84 25 LLI
278 3428 20 22 A
315 3426 26 24 M
395 3424 224 29 MERCER,

136 3500 87 23 Bakes
256 3506 52 17 and
341 3499 204 23 Confectioner,

155 3569 202 25 Scotland-street
382 3568 142 31 Roxburgh.

96 3639 52 25 The
164 3640 84 31 above,
259 3641 72 25 while
352 3637 114 31 thanking
484 3638 40 24 the
536 3636 82 32 public

65 3686 26 23 of
119 3685 40 25 the
175 3685 88 24 Mount
285 3686 93 30 Benger
400 3685 94 24 district
513 3684 37 23 for
574 3681 44 25 the

64 3729 84 24 liberal
172 3734 100 26 support
289 3729 116 24 accorded
432 3728 48 23 him
501 3727 64 23 since
584 3725 31 24 he

63 3773 154 25 commenced
233 3772 107 26 business
351 3772 25 25 in
393 3770 136 31 Roxburgh,
543 3770 74 31 hopes

66 3822 26 20 to
106 3819 92 23 receive
209 3826 13 15 a
235 3819 158 22 continuance
407 3817 28 23 of
447 3824 77 16 same.

88 3883 99 28 Soirees,
202 3883 73 28 Balls,
286 3883 48 24 and
345 3883 69 24 other
426 3881 80 32 public
518 3881 98 31 gathers

54 3923 4 29 ■
67 3923 54 29 ings
135 3923 99 24 Catered
246 3923 44 23 for.

293 3992 46 24 and
364 3991 111 33 Birthday
504 3991 77 24 Cases
602 3998 14 16 a

55 4031 3 33 :
69 4031 131 33 speciality.

92 4151 188 45 ROXBURGH
306 4149 135 28 BAKERY
459 4150 21 25 &
496 4151 116 25 SVORE.

102 4229 187 25 ROBERT
337 4228 248 34 KINGSTON,

158 4275 97 28 Baker,
271 4275 198 28 Confectioner,
486 4282 52 15 and

247 4317 188 31 Stokekeepeb,

157 4362 204 24 Scotland-street.
374 4361 139 30 Roxburgh.

68 4427 63 25 K.K.
148 4427 89 25 desires
253 4431 24 20 to
289 4426 74 25 thank
378 4426 40 24 th«*
433 4425 147 27 inhabitants
590 4423 29 29 ofl

70 4462 130 30 Koxburgh
219 4461 46 24 and
287 4461 158 29 surrounding
459 4461 106 23 districts
581 4462 38 23 for.

65 4497 41 20 the
120 4499 98 24 support
238 4493 115 24 accorded
379 4494 49 22 him
446 4495 23 22 in
487 4494 40 22 the
553 4501 60 21 past.

64 4526 47 24 and
127 4530 24 19 to
180 4525 87 24 inform
288 4525 64 25 them
370 4527 52 22 thai
439 4526 102 29 nothing
564 4525 47 25 will

64 4560 30 24 be
111 4559 101 30 wanting
226 4567 30 16 on
270 4560 35 21 his
324 4564 50 23 part
388 4559 23 22 in
435 4559 40 24 the
492 4558 80 25 future
587 4562 32 27 to,

65 4593 70 24 merit
146 4601 13 15 a
172 4599 138 18 contmuam
318 4600 12 16 e
339 4593 24 23 ol
375 4591 59 25 their
445 4597 105 23 support.
616 4591 2 29 !

616 4619 3 35 I

228 4652 46 23 and
288 4652 113 28 Birthday
415 4651 74 22 Cakes
505 4652 67 23 mada
586 4656 24 18 to

68 4684 78 24 order.
178 4685 97 25 Soirees,
289 4683 92 23 Picnics
395 4691 24 15 or
437 4683 60 24 BalU
512 4685 96 23 catered

54 4715 4 24 :
69 4718 22 21 io
94 4724 9 8 r
116 4723 30 16 on
158 4716 40 23 tbe
217 4716 103 23 shortest
332 4715 86 24 notice.

103 4785 103 30 Nothing
219 4786 41 23 but
277 4786 38 23 the
397 4786 106 23 material
519 4787 69 25 used.

99 4852 68 23 Good
188 4854 210 21 assortmentment
413 4850 25 23 of
452 4850 133 30 Groceries,

639 1038 126 25 TEVIOT
780 1038 148 25 SHOEING
945 1038 67 24 ANL
1035 1038 156 23 GtiNEKAL

856 1082 116 26 FORGE.

638 1165 255 25 mHOMAS
964 1167 21 24 A
1002 1165 21 25 N
1044 1165 22 25 D
1082 1169 22 20 K
1120 1165 21 23 E
1161 1164 24 24 W

645 1209 32 16 •*•
715 1210 51 24 Has
781 1218 54 15 now
852 1214 36 19 tor
902 1209 49 24 sale
967 1218 14 15 a
996 1211 95 27 geuerai
1108 1214 80 19 assort

638 1255 65 22 ment
729 1252 26 26 of
776 1253 182 31 Ironmongery,
976 1252 138 28 Hardware,
1130 1252 42 24 Gal-

638 1297 96 25 vanized
746 1296 72 32 Pipes
830 1297 46 25 and
899 1296 32 26 all
950 1304 123 24 necessary
1086 1295 99 31 fittings,

640 1341 184 31 High-pressure
854 1341 85 27 Cocks,
976 1341 59 28 Stop
1058 1340 55 29 Do.,
1145 1341 40 26 Ac,

642 1385 141 31 Hardwood,
804 1385 122 26 American
950 1385 91 24 Tirnbei
1068 1384 114 32 Swinglei

638 1433 60 20 trees
709 1430 42 29 (all
767 1430 79 29 sizes),
862 1431 94 29 Smithy
971 1429 69 24 Coals
1063 1428 123 24 American

637 1472 46 23 and
708 1471 97 32 English
826 1472 147 31 Barb-Wire,
999 1472 104 32 Fencing
1122 1471 64 25 Wire

637 1516 45 25 and
701 1516 137 31 Standards,
858 1517 53 29 &c.,
929 1517 51 28 &c,
992 1516 76 25 which
1089 1516 47 24 will
1158 1517 28 24 be

637 1561 51 25 sold
698 1565 24 21 at
734 1564 42 22 the
786 1562 82 24 lowest
880 1562 173 24 remunerative
1065 1562 83 31 prices.

666 1632 27 25 T.
710 1633 26 25 A.
753 1632 23 25 in
786 1632 69 25 order
866 1637 24 21 to
902 1632 112 25 facilitate
1028 1632 41 24 the
1085 1640 89 25 require-

637 1680 74 21 ments
718 1676 26 25 of
753 1677 39 24 the
804 1676 91 25 district
905 1676 42 24 has
958 1676 76 24 added
1047 1679 24 21 to
1078 1676 36 23 his
1124 1676 62 29 plant

637 1729 13 16 a
660 1721 107 30 Turning
777 1720 82 28 Lathe,
871 1720 102 30 Drilling
986 1720 118 28 Machine,
1121 1719 51 24 Tid-

637 1767 38 30 ing
705 1766 75 30 Plate,
809 1766 120 31 Gas-Pipe
953 1764 85 25 Stocks
1061 1765 57 25 Dies
1143 1766 44 22 and

637 1810 60 31 Taps
711 1809 34 32 (f,
757 1810 46 25 lin,
816 1813 45 20 and
883 1808 102 32 H)—all
997 1808 26 24 of
1037 1809 76 23 which
1127 1809 29 23 be

637 1853 113 32 prepared
761 1857 23 20 to
794 1860 41 18 use
843 1861 30 17 on
884 1856 61 21 most
957 1851 136 26 reasonable
1106 1856 72 21 terms

669 1924 112 30 Farming
790 1924 45 24 and
854 1924 91 25 Mining
962 1923 151 32 Implementa
1124 1924 57 22 mad.

637 1968 46 24 and
700 1968 114 31 repaired.

696 2077 111 31 Shoeing,
817 2077 34 29 6s,
862 2078 11 25 7
914 2078 44 23 and
986 2079 26 22 8s
1030 2085 36 23 pel
1085 2082 35 20 set

668 2203 187 24 ROXBURGH
875 2203 148 24 SHOEING
1039 2205 113 24 FOKGE

752 2271 35 25 H.
848 2268 186 27 ALDRI
1061 2271 61 24 DG
1143 2271 38 29 E,

817 2316 205 24 Scotland-IStke
1026 2323 34 24 et,

659 2403 138 25 FARRIER

979 2404 201 24 BLACKSMITH

1020 2446 102 22 WHEEL-

985 2487 137 26 WRIGHT,
1137 2487 41 22 &c.

635 2558 96 30 Having
759 2559 80 26 leased
867 2560 41 24 the
935 2554 147 29 Blacksmith
1114 2554 66 31 Shop

633 2592 81 30 (lately
729 2593 112 29 occupied
863 2593 32 30 by
919 2592 35 23 Mi
969 2591 79 26 Bovd)
1065 2587 59 23 from
1141 2587 39 23 Mr

633 2622 18 23 T
668 2624 103 29 Wiietan,
783 2625 87 25 desires
879 2631 24 18 to
916 2625 112 23 intimate
1044 2620 51 23 that
1113 2620 31 23 he
1160 2627 19 15 ia

633 2657 110 29 prepared
771 2660 24 21 to
821 2665 97 17 execute
932 2657 32 24 all
988 2651 67 27 work
1069 2658 24 17 at
1118 2657 61 19 moat

633 2689 131 24 reasonable
790 2696 70 25 rates,
882 2690 46 24 and
951 2690 24 22 in
994 2695 13 16 a
1032 2685 146 31 thoroughly

633 2721 164 27 workmanlike
809 2731 101 18 manner

656 2796 114 34 Farming
782 2800 46 24 and
839 2799 93 32 Mining
943 2799 157 32 Implements
1108 2797 72 25 made

722 2833 49 25 and
783 2832 118 33 repaired.

656 2875 80 33 Tiring
752 2877 69 26 Plate
832 2878 49 31 (for
891 2878 72 32 tiring
975 2878 98 31 wheels)

656 2921 60 33 Pipe
729 2922 60 26 Dies
801 2923 74 32 (from
893 2922 40 34 £in
945 2929 24 19 to
982 2923 79 32 l|in).

656 2955 78 30 Every
754 2956 147 31 description
923 2957 27 23 of
967 2957 173 28 Ironmongery
1157 2956 23 22 in

717 2988 77 24 stock.

660 3020 20 23 A
692 3019 91 33 Bering
795 3020 113 26 Machine
921 3020 45 25 has
983 3020 61 25 been
1061 3019 81 26 added
1158 3024 23 20 to

719 3054 40 24 the
776 3054 73 29 plant.

689 3118 186 30 BHOBINO—6s,
887 3121 27 25 7s
925 3119 50 25 and
985 3119 28 25 8s
1027 3126 42 24 per
1082 3124 44 20 set.

721 3189 89 25 Rabbit
833 3191 73 29 Traps
928 3191 41 24 &c.
989 3198 32 16 on
1039 3191 63 24 Sale.

717 3358 226 25 OTHER

933 3438 19 22 E
979 3437 12 24 1
1017 3436 22 24 G
1066 3436 20 24 E
1113 3436 39 24 L'
1168 3437 13 23 fe

976 3545 124 44 piLLS,

633 3649 168 31 CoSTIPaTION,
833 3650 128 23 SUJGGtSH
1007 3648 88 33 LIViSR,
1133 3650 45 26 &c.

664 3731 83 23 Cnlike
759 3739 72 22 many
847 3730 71 24 kinds
933 3731 26 23 of
973 3732 116 24 catharcic
1105 3734 60 23 medi-

633 3772 70 19 cines,
716 3765 32 22 do
762 3769 42 18 not
815 3765 70 23 make
898 3771 44 22 you
954 3765 44 23 feel
1013 3772 73 17 worse
1099 3767 26 23 be
1129 3769 48 21 tore

633 3805 42 23 you
707 3797 44 24 feel
781 3799 75 21 better
906 3796 74 24 Their
1004 3798 124 29 operation
1158 3807 20 15 is

633 3830 82 31 gentle,
743 3830 40 22 but
804 3829 125 30 thorough,
954 3829 48 23 and
1029 3830 145 24 unattended

633 3862 52 25 with
697 3862 163 30 disagreeable
872 3862 89 28 eiiects,
973 3862 57 24 such
1043 3870 27 16 as
1083 3870 97 24 nausea,

633 3896 90 31 griping
738 3896 75 29 pains,
828 3894 43 24 &c.

660 3930 95 28 fteigel's
771 3928 132 30 Operating
929 3928 56 23 Pills
1006 3935 40 16 are
1065 3929 41 23 the
1129 3929 51 24 bast

633 3961 77 30 family
723 3961 83 30 physic
829 3961 52 23 that
903 3962 43 21 has
968 3962 64 22 iever
1054 3962 59 22 been
1132 3962 35 22 dts-

633 3996 108 21 coveredi
774 3993 65 30 They
853 3993 96 23 cleanse
959 3994 40 22 the
1016 3994 87 23 bowels
1120 3994 59 23 from

633 4027 29 23 all
675 4026 117 31 irritating
807 4026 148 29 substances,
967 4026 48 24 and
1031 4027 67 24 leave
1115 4028 64 23 them

633 4069 11 16 n
658 4068 15 15 a
686 4061 96 29 healthy
794 4061 132 22 condition.

660 4095 50 21 The
724 4095 50 21 best
787 4093 95 27 remedy
894 4098 83 18 extant
988 4094 35 22 for
1035 4094 40 23 the
1084 4094 61 22 bane
1156 4094 24 22 of

633 4133 39 16 our
700 4125 59 24 lives
806 4125 160 30 constipation
994 4126 48 23 and
1073 4126 106 30 sluggish

633 4162 60 21 liver.

660 4193 75 22 These
751 4190 55 24 Pilla
816 4196 97 25 prevent
922 4190 77 25 fewrs
1009 4192 47 23 and
1066 4193 31 22 all
1109 4191 69 24 kinds

633 4224 20 24 uf
672 4224 107 24 sickness
804 4228 28 27 by
853 4231 122 25 removiug
1000 4226 30 22 all
1051 4231 127 25 poisonous

633 4264 81 18 matter
735 4257 60 25 from
812 4260 40 22 the
870 4257 92 25 bowels.
996 4259 64 30 Tney
1081 4265 97 24 operate

633 4290 93 30 briskly,
739 4295 38 25 yet
791 4291 90 29 mildly,
893 4291 97 24 without
1002 4299 46 22 any
1062 4292 62 29 pain.

660 4324 20 22 it
703 4332 45 21 you
771 4326 56 21 take
849 4332 14 14 a
885 4332 81 16 .severe
988 4325 62 28 cold,
1071 4325 48 22 and
1138 4331 40 16 are

633 4356 135 25 threatened
792 4356 55 24 with
868 4364 15 16 a
901 4358 72 28 fever,
992 4360 54 21 with
1070 4358 68 30 pains
1155 4357 21 24 iu

633 4391 37 22 :he
691 4389 71 28 bead,
785 4389 67 29 back,
875 4390 47 22 and
941 4391 78 26 limbs,
1041 4398 23 15 oi
1089 4398 26 14 or
1133 4395 45 17 two

633 4422 67 24 doses
722 4422 25 24 of
770 4421 98 32 Seigel's
893 4423 129 32 Operating
1046 4422 60 26 .Pills
1133 4422 45 25 will

633 4456 68 25 break
726 4464 31 23 up
787 4457 38 23 the
855 4456 52 24 ooid
936 4457 47 24 and
1011 4461 98 28 preveni
1139 4458 39 23 the

633 4495 67 18 tever.

656 4523 22 22 A
689 4522 85 23 coated
787 4527 95 25 tongue,
894 4523 53 23 with
961 4530 14 16 a
989 4523 109 23 Drackish
1110 4527 63 19 taste

635 4562 10 17 s
656 4555 87 23 caused
758 4556 29 29 by
801 4555 48 24 foul
864 4560 84 20 m»U2f
962 4556 24 23 in
1002 4558 40 21 the
1056 4558 119 21 stomach.

633 4590 13 22 i
662 4589 43 22 few
721 4588 71 23 dozes
811 4589 24 22 of
969 4589 129 29 Operating
1117 4588 59 22 PilU

633 4621 38 21 will
683 4623 95 19 cleanse
792 4621 38 21 the
843 4622 115 26 stomach,
971 4628 95 15 remove
1081 4626 39 16 toe
1130 4621 45 20 bad

708 4652 47 21 and
774 4657 89 16 restore
879 4652 39 23 the
929 4656 113 26 appetite,
1057 4652 48 23 and
1124 4652 52 21 yith

639 4690 7 17 t
658 4686 67 27 bring
736 4684 63 29 good
812 4684 86 24 health.

658 4716 245 32 oftenUiiiesdisease,
913 4726 27 15 or
950 4716 108 32 partially
1069 4715 105 30 decayed

633 4750 59 24 food,
728 4755 85 16 causes
849 4755 113 24 sickness,
996 4756 98 18 nausea,
1128 4748 48 22 and

633 4784 122 21 diarrhoea.
788 4780 22 25 It'
832 4782 40 24 the
895 4785 86 22 bowels
1002 4790 40 15 are
1065 4780 111 24 cleansed

648 4823 40 15 ocn
700 4816 46 22 this
759 4815 111 30 impurity
881 4817 56 23 with
948 4826 14 15 a
975 4816 59 24 dose
1045 4814 25 24 of
1081 4812 96 31 Seigel's

633 4848 125 28 Operating
768 4848 65 27 Pills,
844 4851 67 20 these
922 4847 164 31 disagreeable
1095 4848 82 20 eiiects

633 4880 43 22 •viil
689 4879 91 29 vanisn,
792 4882 47 21 and
851 4881 63 30 good
929 4883 80 22 health
1023 4880 46 24 will
1081 4879 79 22 result.

661 4913 94 28 oeigel's
778 4916 128 27 Operating
934 4915 56 22 Pills
1018 4918 97 25 prevenc
1142 4911 23 21 nl-

633 4943 79 25 effects
724 4948 59 19 trom
792 4953 82 16 excess
889 4954 22 15 in
923 4952 79 24 eating
1015 4952 26 16 or
1056 4943 119 28 drinking.

634 4980 18 20 A
663 4976 64 31 good
738 4976 57 25 dose
808 4984 24 18 at
844 4979 104 24 bedtime
958 4978 97 24 renders
1067 4984 15 15 a
1092 4983 84 24 person

635 5015 23 19 at
668 5013 35 21 tor
719 5012 108 22 harness
846 5019 15 16 r.
872 5013 40 23 ths
924 5011 118 29 morning.

662 5044 75 23 These
762 5045 63 28 :'ills,
846 5046 67 29 being
1139 5047 39 17 are

634 5077 105 31 pleasant
751 5081 23 19 to
786 5077 64 25 take.
884 5078 50 25 The
945 5077 164 29 disagreeable
1118 5078 59 19 taste

646 5117 95 18 ommon
753 5117 23 17 to
791 5115 63 19 most
865 5111 52 29 pills
929 5118 40 17 are
982 5107 120 27 obviated.

251 4920 50 28 &j.,
319 4928 28 15 on
369 4920 71 24 band.

293 4985 114 25 Discouut
420 4987 38 24 for
473 4986 72 25 Cash.

210 5106 21 22 N
262 5105 22 25 0
315 5105 21 24 T
371 5106 8 23 r
411 5106 19 24 C
461 5108 28 26 E,

85 5173 60 29 fAN
179 5172 47 23 and
243 5171 61 23 after
332 5173 40 21 tbe
388 5173 35 21 Ist
442 5173 24 22 of
493 5173 56 29 July
576 5181 39 16 oui

85 5195 34 34 kJ
156 5204 66 26 Price
234 5204 51 24 List
299 5204 45 23 will
363 5204 27 24 be
401 5211 24 17 as
439 5204 121 26 follow*—

87 5276 85 32 Sheep.
188 5275 30 23 2<l
231 5281 42 25 per
285 5275 23 22 lb
322 5273 55 25 cash
491 5275 24 23 lb
527 5276 90 24 booked

103 5308 59 30 bide,
177 5308 45 32 2£l
284 5307 38 26 do.
458 5308 45 32 2|d
522 5310 38 24 do.

134 5345 122 22 Alternate
266 5347 106 26 quarters
385 5341 43 32 -ji
440 5349 41 24 per
496 5342 31 25 lb.

91 5403 3 32 i
106 5406 58 24 Beef
171 5405 32 24 4d
216 5407 25 21 to
257 5404 31 23 6d
309 5411 41 24 per
360 5403 33 29 lb,
407 5403 124 32 according
543 5409 24 19 to
579 5411 39 19 cut

135 5440 46 23 and
197 5438 115 30 quantity,
324 5437 56 23 »hh
395 5436 28 25 Id
433 5438 25 23 in
472 5438 40 23 the
524 5437 94 32 shilling

135 5471 108 24 discount
259 5469 37 24 for
307 5471 63 22 cash.

106 5533 72 28 Small
188 5533 80 25 Goods
279 5532 88 33 always
378 5541 29 17 on
419 5533 72 27 hand.

103 5606 58 24 Five
176 5607 113 28 percent,
302 5601 110 24 discount
425 5603 45 24 will
484 5604 29 23 be
524 5603 94 24 allowed

58 5649 50 18 i*?n
124 5637 107 33 monthly
249 5640 130 30 payments.

101 5707 141 29 UJIDKON
261 5708 26 23 A.
308 5706 105 24 SMITH
427 5706 22 25 &
466 5705 65 25 SON.

235 5740 137 28 ...Butchers,
391 5739 83 27 Teriot
497 5739 92 27 Dowbs

665 5252 44 24 For
720 5252 49 24 sale
784 5253 31 28 by
827 5254 32 21 .til
873 5252 127 27 Chemists,
1014 5249 136 29 Druggists,

751 5290 49 19 ana
813 5285 120 23 Medicine
948 5283 115 24 Vendors.

818 5367 165 21 Proprietors
995 5374 5 14 :

726 5433 29 22 A.
779 5428 23 24 J.
828 5426 108 25 WHITI
973 5426 113 25 LIMITKD

785 5498 101 25 London
915 5496 118 33 England.

635 5606 55 26 XT
693 5605 78 30 AVE
790 5614 54 29 you
857 5602 71 29 tried
941 5602 87 29 Kozie
1040 5601 56 31 Tea
1105 5601 12 29 ?
1155 5598 27 29 If

729 5650 58 34 not,
813 5645 36 31 do
880 5654 30 21 so
940 5648 29 27 at
993 5654 90 26 once;
1112 5642 23 30 it
1159 5640 23 31 is

633 5690 139 28 delicious.
830 5687 35 28 D.
889 5685 149 35 .Cormack,
1077 5685 104 37 Agent,

632 5727 163 38 Roxburgh.

1288 815 158 26 ABEZ
1493 815 267 28 BURTON

1355 849 84 25 ADC
1457 848 203 26 TIONEER

1209 934 157 26 GENERAL
1395 937 208 25 COMMISSION
1637 938 121 29 AGENT,

1298 985 155 20 XJGIhTERKD
1468 986 97 19 MINING
1579 987 89 19 AGENT.

1237 1046 78 27 Agent
1333 1046 181 24 for—National
1533 1044 54 26 Fire
1602 1045 48 25 and
1664 1045 90 25 Marine

1275 1077 130 26 Insurance
1417 1082 41 23 Co.

1234 1151 55 25 New
1308 1150 103 25 Zealand
1428 1149 132 27 Insurance
1575 1149 43 26 Co.'

1236 1222 92 25 Mutual
1347 1223 132 23 Assurance
1496 1220 94 31 Society
1606 1218 25 26 of
1646 1218 105 26 Victoria

1296 1254 75 24 Lmtd.
1393 1253 64 31 (Lite
1471 1254 147 29 Insurance),
1638 1253 48 24 and
1698 1253 17 24 S
1731 1253 17 23 H

1293 1288 114 26 Stedman
1422 1288 115 32 importer
1547 1287 26 25 of
1584 1286 118 31 Bicycles.

1236 1351 107 31 Bicycle
1360 1352 98 28 bought,
1482 1350 60 25 sold,
1571 1357 28 16 or
1613 1349 138 31 exchanged

1293 1385 37 24 for
1342 1392 50 17 new
1410 1391 57 19 ones

1303 1919 11 25 I
1340 1919 19 25 L
1383 1919 20 24 L
1431 1921 9 23 I
1467 1919 21 24 A
1514 1917 25 25 M
1623 1916 128 26 BAU

1315 1965 125 27 Butchkb,
1474 1961 101 25 Bbngbb
1591 1961 66 24 Flat

1232 2110 108 25 Families
1352 2107 82 25 waited
1446 2116 30 16 on
1497 2114 27 18 or
1533 2107 82 25 orders

1232 2182 58 24 beef
1316 2181 45 23 and
1388 2183 95 20 mutton
1509 2180 24 22 of
1559 2179 75 30 prime
1660 2179 91 31 quality

1202 2249 119 29 delivered
1338 2250 24 24 in
1375 2256 45 23 any
1434 2252 49 27 part
1495 2253 24 21 ot
1531 2250 40 24 the
1582 2248 99 27 district

1230 2321 72 26 Smtli
1317 2320 73 31 good*
1401 2319 87 28 always
1498 2328 31 17 on
1542 2320 69 27 hand.

1317 2508 90 28 VERY
1441 2507 200 28 IMPORTANT

1262 2573 415 28 ANNOUNCEMENT.

1312 2643 181 26 VEGETABLE
1524 2643 94 26 SEEDS

1269 2678 26 24 In
1308 2677 171 30 Three-fenny
1500 2676 52 30 (3d)
1570 2675 108 28 Packets.

1323 2739 131 24 FLOWER
1486 2738 96 23 SEEDS

1276 2772 27 23 In
1318 2771 151 29 One-fenny
1486 2769 52 31 (Id)
1555 2769 103 25 Packets

1199 2848 142 55 MM
1350 2848 107 56 MO

1488 2967 226 58 BLAIR

1198 3031 48 30 Beg
1262 3033 25 22 to
1300 3038 125 19 announce
1447 3033 63 29 that»
1522 3034 38 25 for
1577 3034 41 26 the
1636 3033 99 27 conveni-

1198 3072 55 16 ence
1275 3064 26 23 of
1311 3073 13 15 a
1347 3073 125 16 numerous
1484 3068 59 22 class
1566 3068 25 24 of
1613 3073 136 23 customers,

1199 3097 56 31 they
1267 3097 60 24 have
1342 3098 115 30 arranged
1467 3104 24 19 to
1507 3100 58 24 offer
1576 3101 63 25 their

1301 3141 196 27 QTANDARO
1530 3144 134 30 QEKDS'

1229 3208 30 24 In
1274 3208 98 30 packets
1388 3216 25 16 as
1427 3209 105 26 above—

1258 3276 132 33 Vegetable
1405 3279 72 26 Seeds
1491 3280 114 28 at.Three
1617 3282 79 27 Pence

1258 3312 94 24 Flower
1364 3313 72 24 Seeds
1453 3319 24 18 at
1490 3316 54 24 One
1554 3315 92 33 Penny.

1218 3381 80 26 ackets
1314 3382 94 25 contain
1423 3383 70 24 about
1510 3385 39 24 the
1564 3392 64 19 same
1640 3388 105 29 quantity

1298 3422 25 16 as
1336 3415 121 30 formerly,
1472 3417 47 23 and
1536 3417 38 24 the
1591 3419 69 24 seeds

1229 3446 66 26 ARE
1314 3447 43 25 OF
1375 3447 69 25 Til*:
1461 3449 91 27 saMK
1568 3450 151 34 QUALITY

1200 3482 74 24 which
1290 3481 60 25 have
1367 3483 69 30 given
1455 3492 24 14 so
1494 3487 93 23 general
1605 3487 141 23 satisfaction

1343 3516 32 23 all
1384 3523 56 16 over
1455 3516 40 24 the
1513 3520 99 29 Uolony.

1227 3585 62 24 FLu
1295 3585 29 23 \V
1331 3584 16 25 B
1354 3588 17 19 K
1384 3586 102 24 SEEDS
1495 3595 42 17 are
1547 3588 89 25 offered
1658 3596 17 17 a
1682 3596 65 18 some

1196 3618 28 25 70
1239 3620 117 27 varieties,
1368 3619 47 23 and
1433 3628 41 15 are
1490 3621 25 22 of
1533 3621 78 25 choice
1622 3622 94 25 strains,

1224 3686 50 22 Our
1305 3686 68 22 seed*
1401 3693 39 16 are
1469 3687 137 24 obtainable
1637 3693 24 20 at
1684 3695 60 18 most

1195 3723 102 23 country
1314 3723 82 20 stores,
1408 3725 27 15 or
1449 3719 75 23 direct
1540 3720 62 24 from

1283 3786 61 23 MM
1353 3787 46 22 MO
1430 3789 70 23 AM)
1531 3789 109 31 BLAIR,

1232 3819 59 24 Seed
1306 3820 134 24 Mnrcb*nts
1455 3821 45 23 and
1515 3822 58 24 Seed
1590 3823 119 30 Growers,

1388 3852 162 30 DONGDIN,

1199 3923 18 22 A
1235 3923 38 23 list
1286 3925 24 21 of
1326 3925 109 22 varieties
1448 3925 86 24 offered
1554 3929 19 22 is
1590 3927 138 26 obtainable

1374 3965 31 15 on
1418 3960 157 28 application.

1338 4029 127 25 Planting
1498 4030 108 27 Skasgn.

1226 4060 77 29 Trees,
1323 4062 67 26 Fruit
1406 4065 47 23 and
1483 4064 69 24 other
1569 4066 119 31 vaiieti»«,
1703 4075 40 17 are

1210 4101 35 15 ow
1254 4096 136 24 obtainable
1400 4104 22 16 *t
1443 4099 90 22 Lowest
1551 4098 84 24 Prices.

1225 4127 71 31 Early
1308 4133 81 19 orders
1406 4130 117 24 solicited.

1199 4304 58 23 HIE
1299 4304 170 24 GUEATKST
1512 4304 148 25 WONDER
1703 4304 37 25 OH

1326 4368 141 25 MODERN
1499 4368 101 25 TIMES

1228 4473 245 54 HOLLO
1491 4470 217 53 WAYS

1260 4606 89 25 PILLS
1383 4606 69 22 AM)
1486 4603 177 25 OINTMENT

1373 4743 67 25 THE
1470 4742 92 24 PILLS

1195 4801 80 29 Purify
1289 4801 40 22 the
1340 4799 49 23 Bio-
1400 4799 23 27 d,
1429 4802 91 20 correct
1531 4798 32 24 all
1574 4798 132 23 u»uorders
1733 4805 11 17 o

1192 4836 39 21 the
1243 4833 79 27 Liver,
1333 4833 59 22 Sion
1588 4831 47 23 and
1646 4831 85 23 Bowel

1195 4866 61 29 They
1281 4864 133 31 mvigora'd
1442 4863 47 23 and
1511 4867 91 20 restore
1618 4865 24 21 to
1659 4863 83 23 Health

1193 4899 142 23 Debilitated
1346 4896 183 29 CuiUSitutions,
1538 4897 48 23 and
1595 4903 40 16 are
1646 4896 82 23 invalu-

1192 4933 51 22 able)
1270 4939 22 14 in
1323 4930 31 23 all
1386 4928 142 30 complaint!
1558 4928 130 24 incidental
1719 4934 25 18 to

1195 4964 102 24 females
1308 4964 27 22 of
1345 4964 32 22 all
1388 4970 64 23 ages.

1326 5027 69 24 THE
1426 5024 180 26 OINTMENT

1195 5085 10 21 i
1240 5092 28 14 an
1285 5082 116 23 intaltioie
1549 5089 27 15 or
1604 5080 50 24 Bad
1673 5081 67 32 Legs,

1195 5116 49 24 Bud
1261 5118 103 27 Breasts,
1386 5114 45 23 Old
1463 5113 113 29 Woundß,
1602 5115 71 23 Sores
1696 5116 46 24 and

1197 5151 86 23 Ulcers,
1315 5151 33 21 bu
1383 5149 57 21 Sore
1466 5146 107 29 Xhroata,
1599 5149 141 28 bronchitis,

1196 5184 101 29 Joughrf,
1334 5180 80 28 Oolds,
1456 5179 74 29 Gout,
1569 5179 171 31 Bheurnatwra,

1197 5216 129 25 alaudular
1473 5214 48 22 and
1529 5210 33 26 all
1568 5212 59 24 Skin
1635 5213 106 25 Diseases

1216 5252 42 19 has
1273 5256 29 15 no
1316 5247 70 29 equal

1227 5317 182 25 Manufactured
1453 5315 57 31 only
1558 5320 24 20 at
1624 5315 119 29 Professor

1191 5364 168 26 IBolloway's
1376 5362 196 26 Establishment,

1199 5436 31 28 78,
1245 5433 209 26 NEWOXIOx%D
1470 5432 127 31 STREET,
1613 5434 130 25 LONDON

1201 5511 51 24 And
1262 5518 51 23 may
1327 5511 27 22 be
1369 5509 45 23 had
1425 5509 24 23 of
1460 5508 33 24 all
1505 5510 119 24 Medicine
1634 5511 110 26 Vendor*

1484 5551 41 26 the
1539 5552 83 27 world.

1276 5621 130 27 'urcliasera
1414 5621 87 26 ahoald
1511 5621 56 27 look
1578 5623 28 24 to
1614 5622 43 27 Jibe
1673 5621 64 28 Labe

1197 5670 30 16 on
1238 5659 41 26 the
1294 5659 58 24 Pots
1368 5657 47 25 and
1429 5658 84 24 Boxes.
1549 5657 22 27 If
1585 5659 43 25 the
1645 5657 99 27 address

1198 5696 61 21 tsnot
1269 5693 37 27 78,
1315 5692 59 24 New
1384 5690 90 26 Oxford
1487 5690 255 32 atreeV&ondQn.tuey

1197 5734 38 16 ar«
1247 5725 109 31 spuiiou*

2030 1182 591 69 STOREKEEPERS.

2229 1324 122 26 STREET
2397 1325 192 28 R'OXKUKQB.

2395 1835 44 44 s

2394 1886 44 43 H

2479 1954 32 48 1

2259 2030 33 22 fig

2470 2084 77 62 Pi

2518 2148 26 23 s

2517 2296 30 71 I

2199 2297 28 22 m

2283 2321 28 45 %

2178 2324 28 40 fc

1854 2550 5 15 k
1865 2530 24 31 O
1922 2529 98 36 YOtTi
2036 2529 168 35 BELIEVE
2241 2529 43 29 IN
2318 2526 236 32 HOUSEHOLD
2589 2523 214 32 ECONOMY?

1886 2762 29 23 IP
1942 2750 75 33 YOU*
2025 2763 46 24 DO,
2098 2761 75 21 THEN
2173 2750 4 37 -
2204 2760 53 20 GEL'
2283 2759 58 21 ONE
2367 2759 35 20 OF
2428 2759 29 22 H.
2484 2759 24 19 E.
2535 2756 193 22 SHACICLOCK'S

2350 2861 322 60 RANGES.

1780 3050 10 24 t
1804 3044 54 30 will
1871 3043 71 29 burn
1955 3052 53 27 any
2022 3040 68 29 kind
2104 3039 29 28 of
2148 3038 75 36 Fuel,
2237 3038 55 29 and
2305 3037 23 29 is
2351 3035 175 31 Guaranteed
2547 3037 28 27 to
2597 3033 77 30 Cook
2697 3032 159 38 PASTRY,

2023 3079 135 35 BREAD,
2189 3091 29 17 or
2246 3077 103 32 MEA.T
2376 3083 28 22 to
2430 3076 167 30 Perfection.

1776 3163 120 38 {eqnires
1910 3170 34 19 no
1959 3160 116 29 Setting
2086 3171 7 23 ;
2114 3168 49 19 can
2178 3157 33 28 be
2225 3156 127 40 supplied
2366 3155 66 28 with
2452 3154 69 28 Iron
2534 3164 31 18 or
2579 3151 108 30 Copper
2700 3150 111 36 Boiler,
2826 3161 30 19 or

1790 3204 67 29 witk
1869 3202 78 29 High
1961 3201 139 28 Pressure
2115 3199 111 33 Boiler,
2240 3201 54 25 and
2309 3196 66 28 with
2387 3194 140 38 Fireplace
2540 3193 44 28 for
2598 3192 88 29 Wood
2702 3202 30 19 or
2746 3191 81 31 Coal.

1775 3281 47 31 }an
1841 3281 34 30 be
1895 3277 130 33 obtained
2046 3277 70 29 from
2140 3276 35 29 all
2197 3275 205 37 Ironmongers.
2443 3271 165 40 Catalogues
2631 3269 99 42 posted
2750 3273 28 30 to
2803 3279 53 30 any

1919 3320 113 29 rddress
2046 3329 35 18 on
2094 3317 167 39 application
2276 3322 27 23 to
2318 3317 45 27 tlie
2377 3313 99 29 Maker
2489 3312 55 29 and
2557 3312 142 29 Patentee.
2728 3322 15 13 <=
2744 3312 3 44 :
2759 3316 40 23 zt*

2054 3471 42 36 H.
2145 3469 39 35 E.
2232 3467 328 41 Shacklock,

1872 3558 179 28 GENERAL
2080 3553 195 33 FOUNDRY,
2302 3550 282 35 Crawford-street,-
2606 3551 139 28 Duxedin.

2016 4090 32 40 A
2078 4093 153 45 Cheap,
2264 4093 213 44 Pleasant;

2208 4151 86 24 AND'

2027 4189 221 43 Effectual
2265 4193 184 39 Remedy.
2476 4189 3 43 ,

2578 4187 12 14 tf
2599 4187 2 14 :

2388 4333 37 16 £A

2429 4332 43 12 OOC

2512 4335 9 14 7

2576 4354 32 21 R

2093 4366 35 63 i

2426 4374 36 14 s=*-

2425 4389 48 31 H

2545 4398 27 27 m

2437 4430 2 13 -
2458 4431 20 12 ->■..

2319 4471 43 13 ■■

2578 4515 28 23 «//;

2505 4764 27 34 i

2505 4788 27 24 S

2551 4793 25 21 M

2580 4800 27 33 a

2091 4826 94 36 FOR
2217 4829 221 47 COUGHS?

2526 4849 41 29 f$

2578 4867 37 58 i

2066 4871 182 38 Bronchitis,
2260 4874 123 35 Asthma

1980 4912 198 35 HQAHSEKE3B,
2184 4912 149 35 Whooping
2359 4901 128 55 Gv'«ucji|

1979 4943 11 44 |
2045 4948 157 31 Difficulty
2216 4958 32 22 of
2259 4951 171 36 Breathing,
2476 4952 7 35 j

2558 4904 57 30 m

2580 4932 26 28 i

2581 4971 34 27 HI

2561 4986 28 27 •■>

2583 5062 32 21 tm

2025 5088 59 32 %fAi
2182 5102 31 21 jo
2220 5102 38 23 the
2263 5097 120 34 Preacher,
2389 5099 96 33 hmm

2102 5130 47 20 and
2161 5123 78 29 Public
2253 5127 106 29 Speaker,
2465 5122 21 37 %

2581 5096 25 24 m

2538 5100 30 32 m

2489 5240 117 43 Pifi

2489 5264 117 52 WwM

2489 5301 114 41 WSm

1963 5177 156 56 |>r!ee-ls
2129 5191 51 29 edr
2189 5193 34 26 as
2233 5192 74 36 ed,4
2312 5201 12 22 6
2335 5193 37 31 6d
2382 5193 24 34 &
2416 5196 42 30 Bs.
2469 5177 15 50 /

1963 5245 28 36 jf
2084 5254 135 22 PREPARED
2240 5257 66 21 ONLY
2328 5259 35 20 BY
2467 5245 20 34 1

1964 5273 26 54 J
2042 5283 46 28 ON
2114 5285 291 41 BAXTER,
2467 5273 20 41 1

1964 5317 151 34 IMtaiCAL
2131 5321 83 32 Hall,
2223 5324 128 27 Viotoria
2359 5317 134 45 Street!,

1980 5351 52 43 ku,„
2065 5359 232 32 CH3ISTCHQRCH,
2315 5364 67 26 N,Z.
2452 5351 41 43 ,/

2429 5399 119 23 -mzzm

3025 1179 10 32 I
3038 1180 149 26 Established
3203 1181 82 32 1805.]

2949 1224 120 24 OHK
3142 1225 271 24 GILLIES

2880 1352 192 27 FURNITURE
3099 1354 46 24 and
3173 1353 248 26 UPHOLSTERING

3048 1397 205 28 WARRHOUBK

2969 1462 32 29 18,
3015 1461 90 32 Goorge
3118 1463 86 27 Street,
3218 1462 122 25 .Junedin.

2908 1526 50 24 Has
2979 1534 30 16 on
3034 1527 62 23 hand
3113 1534 13 17 a
3145 1528 76 29 Lurge
3243 1527 47 25 and

2878 1559 147 25 Assortment
3048 1559 25 25 of
3099 1560 57 25 New
3178 1561 44 23 and
3246 1561 96 29 fcliegaut
3363 1561 49 23 Fur

2878 1598 59 19 ture.

2881 1689 52 23 Lrou
2966 1689 138 28 Bedsteads,
3140 1690 95 31 Spring,
3275 1689 67 28 Hair,
3377 1698 42 16 anc

2940 1721 104 26 VVoidlea
3058 1722 71 25 JFiOck
3142 1724 144 28 Mattrassea,
3301 1724 46 23 aud
3361 1722 47 25 Bed

2936 1755 57 32 ding
3005 1756 23 23 of
3044 1758 31 22 ait
3092 1757 163 31 descriptions.

2881 1818 104 24 Brussels
3006 1818 122 31 Tapeatry,
3150 1818 45 24 and
3229 1818 187 24 KidJerminstei

2938 1855 105 26 Uarpets.
3147 1853 44 22 and
3210 1853 120 29 Mtttiuge,
3353 1855 52 20 Lino-

2937 1887 73 21 leums
3034 1885 44 24 and
3100 1882 155 32 Floorcloths,
3340 1885 68 23 wi-Hti

2937 1918 46 23 and
2998 1917 113 25 oordered
3123 1917 36 24 for
3172 1919 105 28 lobbies}.

2881 1980 188 25 Perambulators
3100 1980 137 29 (reversibh
3270 1979 74 25 hoods
3376 1986 43 18 aud

2937 2013 85 24 rabber
3033 2013 44 24 tire
3090 2015 103 28 wheels).
3396 2019 16 17 v

2882 2077 93 24 Walnut
2991 2076 173 29 Ovennvntleß,
3180 2077 46 23 and
3243 2076 36 24 Gi.
3326 2076 93 26 jirrors.

3016 2109 76 24 Wo>d
3106 2112 46 21 aui
3166 2110 62 23 Capi
3245 2112 89 21 (Juairf.

2879 2252 126 25 Furniture
3014 2250 114 33 Kiioplied
3139 2260 29 16 on
3180 2251 64 25 Tia«e
3258 2251 124 31 Payment.

2925 2323 140 29 Everybody
3076 2323 88 24 iarited
3175 2328 23 18 to
3213 2323 36 24 »''
3261 2326 22 20 **.
3283 2326 23 20 iii
3320 2323 98 29 I.tspeui

2879 2357 74 23 Prices
2966 2362 51 16 sent
3030 2364 29 14 on
3074 2359 141 26 application
3229 2362 24 17 to
3265 2362 44 23 any
3328 2364 52 21 part
3399 2367 13 11 o

3065 2387 39 26 the
3119 2390 115 30 Uoua'ry.

2888 2535 53 22 loan
2943 2537 38 24 try
3003 2531 82 24 orders
3102 2530 136 32 punctually
3261 2530 111 26 attended

3006 2568 45 20 and
3063 2564 112 29 carufudy
3188 2565 98 28 picked.

3586 793 57 21 THE
3656 792 185 22 CELEBRATED

3440 832 169 31 COKNISH
3628 831 204 30 AMERICAN
3848 822 141 37 PIANO&

3580 880 82 30 AND
3688 879 162 30 ORGANS.

3504 957 116 29 ESSRS
3647 955 167 31 CORNISH
3836 954 25 29 &
3875 951 57 33 CO.
3945 964 47 19 are

3539 999 48 28 the
3600 997 63 38 only
3676 998 61 28 firm
3751 997 29 29 of
3793 995 89 30 actual
3895 1006 76 18 manu-

3443 1039 134 28 facturers
3590 1037 29 29 of
3637 1037 69 38 high
3727 1035 86 40 grade
3825 1034 99 29 Pianos
3937 1034 55 29 and

3445 1079 108 39 Organs
3577 1078 28 28 in
3631 1078 47 28 the
3712 1075 105 31 United
3843 1075 91 30 States
3965 1073 30 31 oi

3446 1119 110 28 Ameria
3587 1117 99 37 selling
3714 1115 167 38 exclusively
3906 1115 87 28 direct

3444 1159 72 29 from
3528 1159 48 28 the
3587 1159 108 36 factory
3705 1160 29 25 to
3744 1156 46 28 the
3799 1154 112 39 general
3923 1155 54 38 pub-

3445 1199 43 34 lic,
3497 1202 29 24 at
3534 1196 170 40 guaranteed
3713 1195 142 29 wholesale
3866 1195 74 37 price
3949 1195 45 28 for

3443 1249 16 17 a
3472 1238 89 37 single
3573 1238 175 27 instrument.
3786 1234 45 29 No
3845 1238 99 34 agents
3963 1243 32 19 or

3444 1277 103 30 dealers
3569 1286 46 21 are
3635 1275 114 30 allowed
3774 1278 28 27 to
3824 1273 100 31 handle
3947 1273 48 30 the

3444 1317 115 31 Cornish
3568 1317 145 29 American
3726 1315 99 30 Pianos
3833 1325 31 20 or
3872 1314 119 40 Organs.

3441 1359 27 29 It
3481 1358 23 30 is
3513 1358 60 39 just
3586 1367 30 20 as
3629 1367 64 30 easy
3706 1357 43 29 for
3763 1356 48 29 the
3833 1354 109 31 readers
3961 1354 31 30 of

3440 1400 53 29 this
3506 1410 85 29 paper
3603 1404 28 24 to
3644 1399 36 29 sit
3693 1398 80 30 down
3797 1397 55 30 and
3875 1395 81 31 order
3974 1406 18 19 a

3439 1440 84 28 Piano
3538 1450 31 18 or
3582 1439 93 38 Orgau
3688 1439 72 28 from
3773 1437 136 35 America,
3921 1447 31 18 as
3961 1439 31 26 to

3438 1480 80 31 order
3527 1491 52 19 one
3591 1481 70 28 from
3672 1479 71 30 their
3754 1477 84 31 music
3848 1481 82 33 store,
3939 1476 47 31 the

3437 1522 64 39 only
3514 1522 146 29 difference
3675 1521 83 37 being
3771 1520 65 37 they
3848 1519 56 29 will
3923 1527 67 21 save

3438 1563 69 28 from
3521 1562 35 29 50
3570 1567 28 23 to
3616 1562 48 28 100
3678 1571 49 28 per
3739 1564 73 25 cent.

3476 1602 51 30 We
3539 1602 68 29 have
3622 1601 108 40 Organs
3744 1601 70 28 from
3827 1600 39 29 £6
3878 1602 27 26 to
3918 1599 70 34 £25,

3438 1644 97 28 Piauos
3548 1644 70 28 from
3632 1644 57 27 £34
3702 1646 28 25 to
3744 1642 66 33 £oo,
3821 1641 54 28 and
3883 1651 41 18 we
3937 1639 51 30 sell

3437 1685 42 27 for
3491 1684 65 28 cash
3570 1693 31 18 or
3626 1693 72 28 upon
3718 1682 160 28 instalment
3897 1681 90 38 plans,

3438 1731 26 22 to
3478 1724 55 29 suit
3555 1726 46 26 the
3624 1723 182 29 convenience
3819 1722 29 29 of
3861 1721 46 29 the
3920 1731 49 29 pur-

3436 1765 103 29 chaser.
3579 1764 57 29 Our
3666 1764 76 38 large
3770 1762 55 29 and
3853 1762 134 39 complete

3435 1805 144 37 catalogue
3601 1804 54 28 will
3680 1805 33 27 be
3738 1802 154 29 forwarded
3913 1812 73 30 upon

3436 1850 118 34 request.
3593 1844 28 29 It
3633 1844 23 29 is
3667 1844 49 29 the
3728 1844 82 28 finest
3818 1842 167 39 description

3436 1886 28 28 of
3477 1886 99 28 Piauos
3589 1885 55 29 and
3658 1884 107 39 Organs
3778 1883 91 29 issued
3884 1884 36 37 by
3931 1893 54 28 auy

3437 1927 60 27 firm
3519 1926 28 28 in
3570 1926 47 28 the
3642 1931 124 31 country,
3779 1924 55 28 and
3848 1924 77 38 gives
3940 1924 48 28 tho

3436 1966 89 28 actual
3538 1966 104 37 factory
3656 1965 79 29 value
3747 1964 29 28 of
3789 1974 82 27 every
3884 1963 90 29 instru-

3439 2011 74 24 ment
3525 2006 22 29 it
3560 2006 145 29 describes.
3729 2004 74 29 With
3817 2014 82 28 every
3912 2008 60 25 cata-

3437 2049 81 36 logue
3530 2047 23 28 is
3566 2046 145 38 presented
3725 2055 50 19 our
3788 2045 99 38 unique
3901 2044 73 28 refer-

3436 2098 66 18 ence
3516 2086 81 36 book,
3640 2086 57 28 The
3714 2085 84 29 Heart
3810 2087 30 26 of
3854 2085 45 28 the
3919 2084 52 28 Peo-

3438 2128 72 40 ple.'"
3535 2126 85 31 Write
3629 2128 44 29 for
3682 2127 151 38 catalogue.
3855 2124 133 38 Address,

3560 2180 170 29 CORNISH
3750 2178 24 29 &
3798 2178 67 35 CO.,

3450 2227 158 26 Washington,
3624 2227 52 21 Nkw
3689 2226 90 25 .lebss?,
3792 2224 57 27 U.S.,
3861 2225 111 21 America.

3442 2297 192 57 COBB
3704 2300 50 53 &
3818 2295 170 59 CO.'S

3547 2375 167 22 TELEGrRAPH
3741 2375 69 21 USE
3835 2375 36 21 OF

3485 2416 129 30 ROYAL
3634 2416 94 29 jiAIL
3751 2413 186 33 COACHES.

3638 2468 146 29 Lawrence

3473 2512 153 28 Beaumont
3750 2509 64 28 -Uoa
3827 2507 62 29 Flat

3472 2551 101 29 Teviob
3747 2549 159 29 Alexaudra

3476 2591 85 38 Clyde
3706 2601 5 7 '
3754 2589 144 29 Cromwell

3475 2632 171 29 Arrovvtowu
3754 2630 182 35 Queenstown

3688 2670 64 29 And

3511 2721 56 28 AM
3587 2719 197 30 Intermediate
3809 2718 102 30 Places.

3475 2801 77 30 Cobb
3566 2799 54 30 and
3644 2799 74 30 Co.'s
3741 2799 153 39 Telegraph
3919 2799 70 31 Line

3438 2843 28 29 of
3479 2842 86 39 Royal
3578 2841 67 30 Mail
3668 2840 121 30 Coaches
3811 2841 76 29 leave
3909 2840 60 29 Law-

3438 2894 78 19 rence
3535 2883 44 29 for
3600 2883 48 28 the
3667 2881 152 30 Beaumont
3839 2880 56 31 and
3914 2881 57 30 Rox-

3438 2925 90 38 burgh
3545 2933 82 28 every
3650 2923 70 38 day;
3739 2922 54 29 and
3814 2922 76 29 leave
3912 2923 58 28 Rox-

3437 2964 91 39 burgh
3559 2964 44 28 for
3633 2963 167 34 Alexandra,
3834 2963 154 34 Cromwell,

3437 3006 180 32 Arrowtown,
3630 3002 55 29 and
3707 3002 182 36 Queenstown
3905 3011 83 29 every

3435 3044 135 39 Tuesday,
3596 3043 143 38 Thursday
3760 3043 55 29 and
3838 3041 148 40 Saturday,

3436 3085 130 39 reaching
3574 3083 182 38 Queenstown
3765 3083 48 29 the
3820 3092 74 20 same
3902 3092 66 20 even-

3434 3127 57 38 ing.
3533 3129 166 34 Passengers
3712 3125 75 28 leave
3805 3123 129 29 Dunedin
3949 3123 38 38 by

3436 3166 45 29 the
3495 3166 63 28 8.15
3572 3175 64 18 a.m.
3659 3165 69 28 train
3741 3175 8 25 ;
3769 3164 76 29 leave
3865 3163 105 36 Queens-

3434 3210 73 26 town
3522 3216 34 19 on
3570 3214 75 20 same
3659 3205 66 38 days
3737 3208 30 25 at
3781 3205 15 28 5
3805 3214 73 25 a.m.,
3892 3203 80 29 reach-

3434 3247 49 38 ing
3496 3245 156 39 Roxburgh
3671 3250 29 24 at
3713 3246 15 28 8
3743 3255 76 28 p.m.,
3832 3243 55 29 and
3900 3243 71 29 arriv-

3434 3288 51 38 ing
3504 3290 28 26 at
3554 3286 148 30 Lawrence
3722 3290 29 25 at
3779 3286 61 28 1.45
3861 3295 66 29 p.m.
3950 3293 36 21 on

3436 3328 142 37 following
3592 3328 76 35 days.

3472 3367 129 29 Dunedin
3622 3366 129 39 Booking
3766 3365 83 30 Office
3862 3365 44 29 for
3920 3364 49 29 Pas-

3436 3418 111 28 sengers
3561 3408 55 28 and
3631 3408 107 28 Parcels
3750 3419 5 16 :
3784 3407 66 27 N.Z.
3865 3406 120 37 Express

3437 3450 73 31 Co.'s
3525 3448 92 34 Office,
3631 3451 201 32 Alause-street,
3847 3445 138 32 Dunedin.

3473 3491 80 29 Head
3579 3490 98 29 Office:
3713 3490 170 33 Peel-street,
3911 3488 56 28 Law-

3436 3544 89 18 rence.

3568 3572 37 28 H.
3627 3570 117 30 CRIiG
3763 3581 24 17 a,
3808 3569 67 36 CO,

3772 3610 176 37 Proprietors.

2879 2862 225 62 QREATFORD
3133 2861 128 26 fIOTANI
3274 2860 52 27 Mli
3358 2860 62 28 DfJS.

2985 2895 144 26 rtfN&'IJNG
3147 2894 173 27 COMPANY.

2902 2961 23 23 If
2934 2968 46 24 you
2997 2968 39 16 are
3051 2961 51 24 sick
3114 2962 23 22 in
3155 2968 46 22 any
3227 2968 51 22 way
3301 2961 119 24 whatever

2873 2994 57 23 send
2947 3002 12 16 a
2974 2994 109 29 stamped
3096 2995 115 29 envelope
3222 2998 24 20 to
3267 3001 44 15 our
3332 3001 88 23 agency

2875 3026 142 32 Wellington
3030 3034 6 21 ;
3051 3030 61 20 state
3130 3027 40 24 the
3194 3034 52 16 case
3267 3034 25 15 aa

2872 3067 38 16 are
2923 3059 102 30 possible
3049 3060 48 23 and
3112 3067 48 22 you
3184 3060 92 22 receive
3293 3058 80 24 advice
3392 3058 28 31 by

2874 3098 80 18 return
2971 3096 59 26 post.
3046 3095 50 21 Our
3105 3095 84 28 agents
3206 3100 39 16 are
3255 3091 33 25 all
3297 3089 121 34 qualified.

2874 3125 21 24 If
2905 3133 47 22 you
2973 3125 96 24 enclose
3090 3126 26 23 2s
3132 3124 30 24 6d
3180 3131 35 18 we
3237 3125 46 23 will
3299 3122 58 27 blend
3374 3132 45 22 you

2873 3165 42 17 our
2925 3158 51 24 best
2991 3157 95 28 remedy
3102 3158 38 22 for
3152 3157 39 23 the
3205 3164 60 21 case;
3279 3157 85 30 lasting
3375 3164 44 23 you

2874 3197 45 16 two
2937 3190 84 24 weeks.
3055 3189 54 25 You
3126 3197 55 16 save
3196 3197 87 23 money
3307 3190 45 23 and
3365 3190 55 23 doc--

2874 3223 55 23 tors'
2958 3223 53 24 bills
3051 3222 53 24 You
3124 3223 93 24 receive
3245 3222 80 24 advice
3346 3230 29 15 on
3389 3221 30 24 all

2874 3258 85 28 points,
2980 3255 51 27 an£
3040 3257 45 25 .the
3098 3261 79 25 purest
3194 3256 117 24 remedies
3324 3260 51 19 sent
3395 3262 25 16 at

2875 3296 28 16 no
2918 3293 64 28 ejxtn*
3006 3296 48 18 cost
3069 3290 57 24 than
3140 3288 18 24 if
3168 3290 138 29 .personally
3320 3286 90 32 bought

2876 3322 28 30 by
3006 3331 57 20 >„<»jr
3078 3323 106 24 bu.-inesa
3202 3322 55 23 with
3272 3330 27 15 us
3314 3322 32 30 by
3361 3324 59 26 post.

2886 3356 89 22 Jitiisult
2987 3361 23 16 »t
3024 3352 64 25 onJ-i'.
3127 3356 116 23 Ailments
3260 3355 74 23 which
3347 3361 39 16 are
3398 3356 22 19 at

2876 3393 37 17 •n--
2926 3394 56 16 urn'.*
3110 3391 24 19 to
3147 3389 28 22 be
3187 3385 57 32 light
3262 3395 37 15 are
3307 3387 64 23 often
3382 3387 39 22 the

2877 3426 25 17 'if.
2920 3427 79 17 '..iiiiiii*
3017 3422 22 21 o!
3053 3427 91 17 stirmUM
3350 3417 70 25 trhicli

2876 3456 15 21 it
2909 3454 68 24 taken
3006 3461 12 16 n
3037 3458 53 19 time
3107 3462 32 15 »re
3152 3451 105 28 checked
3268 3458 46 19 and
3325 3452 78 26 cuied.

2897 3516 211 26 -(KKAIIMKD
3134 3516 59 25 HOT
3199 3517 37 25 AN
3242 3515 32 26 10
3278 3515 39 27 Ah
3339 3516 50 24 CO.

2935 3588 3 30 »
2954 3597 113 20 apetown,
3079 3589 47 24 and
3140 3588 97 24 Lincoln
3250 3588 136 30 (England)

2863 3915 3 20 i
2895 3915 76 20 OVER

2872 3949 117 36 12,000

2882 3989 80 21 bIA.DE

3885 3916 78 21 OVER

3872 3951 113 33 12,000

3886 3989 86 21 MADE.

2894 4066 225 31 IMPORTANT
3138 4064 305 31 IMPROVEMENTS
3465 4066 40 30 IN
3530 4067 146 31 PLOUGS
3697 4069 89 28 THIS
3810 4068 154 31 SEASON.

2870 4108 43 28 All
2930 4106 194 28 Monldboards
3138 4115 45 19 are
3198 4115 58 17 now
3272 4104 77 29 mad«
3364 4105 187 38 toduplicaite.
3593 4108 57 28 The
3665 4109 78 28 beam
3756 4111 85 26 where
3851 4109 46 28 the
3907 4109 62 30 land-

2929 4148 72 28 lever
3015 4146 62 28 stud
3094 4146 20 29 is
3130 4145 92 29 bolted
3236 4154 33 20 on
3286 4153 26 20 to
3330 4144 104 40 Plough
3449 4146 23 26 is
3489 4146 77 30 made
3582 4148 116 29 broader
3712 4155 26 22 to
3754 4153 173 35 compensate

3292 4211 5 4 .
3324 4186 42 28 for
3380 4186 57 27 bolt
3451 4186 84 28 holes.

3050 4250 183 49 Diggers,
3260 4249 94 36 both
3382 4248 128 46 single
3537 4252 78 33 and
3641 4251 164 36 double.

2867 4298 92 29 Fitted
2969 4297 65 28 with
3044 4297 87 28 either
3140 4297 78 28 Hard
3237 4296 141 39 tampered
3389 4297 72 28 Steel
3472 4308 31 16 or
3516 4297 133 28 Diamond
3660 4297 105 30 Chilled
3778 4299 202 29 Mouldboards.

2866 4347 194 32 DALZIEL'S
3081 4348 149 29 PATENT
3248 4347 238 31 DUST-PROOF
3509 4347 155 29 PLOUGH
3679 4348 162 29 WHEELS
3855 4350 126 38 supplied

2952 4390 76 27 when
3041 4388 167 38 required'at
3221 4400 33 16 an
3269 4395 78 22 extra
3359 4393 58 23 cost
3427 4389 29 27 of
3472 4390 44 26 los
3526 4398 47 26 per
3584 4395 41 19 set
3636 4388 29 26 of
3674 4386 87 30 Three
3771 4388 120 29 Wheels.

2863 4532 23 21 Iu
2897 4532 48 20 sizes
2956 4532 52 19 from
3020 4530 31 22 6ft
3061 4532 20 19 to
3091 4530 44 21 12ft
3145 4530 57 21 wide.
3230 4530 70 21 Fitted
3312 4529 49 21 with
3372 4531 71 23 patent
3453 4529 125 26 adjustment
3588 4527 30 21 for
3632 4529 112 24 equalising
3755 4528 34 21 the
3801 4529 79 24 weight,
3898 4536 22 13 so
3932 4530 46 20 that

2862 4560 36 21 the
2914 4559 95 22 discscut
3029 4558 111 26 uniformly
3150 4558 51 21 deep
3211 4558 26 19 all
3256 4564 48 13 over
3314 4558 21 19 at
3350 4564 39 17 any
3408 4556 65 26 anjjle.
3500 4557 42 19 The
3561 4556 47 24 only
3627 4555 63 24 ready
3704 4555 50 26 good
3764 4555 42 21 dine
3822 4555 77 21 harrow
3910 4556 18 20 iu
3941 4558 35 18 the

2966 4586 86 21 market.
3079 4586 43 21 The
3132 4585 91 27 hearings
3235 4584 39 22 will
3286 4588 36 19 not
3328 4586 36 20 cut
3370 4584 35 21 the
3414 4585 56 24 axle,'
3478 4583 40 22 and
3529 4583 70 27 hardly
3611 4590 47 14 ever
3669 4583 78 27 require
3758 4583 107 26 renewing,

2898 4654 87 30 NEW
3023 4653 175 30 POSITIVE
3231 4652 97 29 FEED
3361 4650 225 30 BROADCAST
3625 4649 96 30 SEED
3760 4649 155 29 SOWERS
3929 4649 4 35 I

2937 4706 66 21 THIS
3018 4704 25 23 IS
3056 4704 214 22 UNDOUBTEDLY
3284 4703 57 21 THE
3354 4703 77 21 ONLY
3445 4703 77 22 GOOD
3538 4703 165 21 BROADCAST
3716 4701 70 22 SEED
3799 4700 106 24 SOWER.

3161 4772 78 30 OUR
3277 4772 150 30 PATENT

2938 4816 200 29 COMBINED
3169 4814 129 35 GRAIN,
3333 4813 173 34 MANURE,
3535 4813 24 28 &
3591 4812 146 29 TURNIP
3775 4811 125 29 DRILL.

2862 4855 85 26 Greatly
2962 4855 103 27 improved
3081 4855 31 20 for
3127 4854 39 20 this
3182 4859 76 14 season.
3288 4852 59 21 Made
3361 4852 21 19 in
3397 4852 27 19 all
3441 4852 144 19 combinations
3602 4852 40 19 and
3657 4853 21 18 to
3694 4856 40 15 how
3752 4856 54 20 pram
3822 4858 23 12 or
3860 4851 80 26 turnips
3955 4853 22 18 at

2864 4884 48 26 will,
2926 4884 48 20 with
2984 4891 23 13 or
3017 4884 87 19 without
3114 4888 90 18 manure,
3216 4887 21 13 as
3247 4880 86 21 desired.
3360 4879 48 21 This
3417 4879 17 21 is
3450 4880 36 20 the
3502 4879 47 22 drill
3564 4879 31 20 f.ir
3611 4879 35 20 the
3661 4878 64 21 tim-)«.
3755 4877 58 22 Mide
3822 4885 40 19 any
3872 4885 40 14 sz)
3924 4878 52 21 from

2863 4911 47 21 four
2919 4913 21 18 to
2949 4911 57 25 eight
3015 4910 96 22 coulters,
3128 4909 41 20 and
3186 4907 44 21 14iu
3239 4907 92 21 between
3341 4906 36 21 the
3392 4906 69 24 drills;
3481 4907 40 20 and
3529 4906 33 21 for
3569 4906 58 26 grain
3636 4905 41 22 7in.
3704 4904 69 22 Fitied
3784 4905 48 21 with
3847 4911 44 16 new
3901 4909 72 23 patent

3297 4933 4 27 •
3314 4933 115 27 adjustable
3439 4934 94 20 coulters.

3125 5002 179 29 CHAFFCU
3314 5000 109 30 ITERS
3460 5010 54 19 and
3552 5000 174 29 BAGGERS

3071 5054 363 37 Chaffcutters
3480 5052 81 46 (all
3612 5051 168 46 sizes),

2865 5141 203 30 AMERICAN
3093 5140 169 28 WOODEN
3288 5140 182 28 HILLSIDE
3498 5139 187 35 PLOUGHS,
3715 5140 37 29 £3
3783 5141 34 29 10
3819 5151 12 18 j
3860 5138 114 31 EACH.

2912 5180 104 20 TRIPOD
3035 5179 147 21 HARROWS.
3199 5178 156 27 GRUBBERS,
3371 5179 99 25 DRAYS,
3487 5178 169 21 CAMBRIDGE
3672 5178 133 29 ROLLERS,
3816 5179 109 21 TURNIP

2937 5207 122 26 SLICERS,
3070 5206 131 23 PULPERS.
3216 5205 74 21 WIRE
3299 5206 162 21 STRAINERS.
3479 5205 129 28 BINDERS,
3621 5206 70 27 OILS,
3706 5207 92 22 HORSE
3808 5207 92 26 NAILS,

3107 5233 57 22 BAR
3180 5233 78 26 IRON,
3274 5234 39 19 and
3327 5234 27 19 all
3369 5233 205 21 BLACKSMITHS'
3589 5233 150 22 SUNDRIES.

2865 5295 14 22 E
2880 5299 46 45 S
2927 5299 9 16 P
2936 5299 51 44 ™w
3029 5294 148 43 /Plain
3194 5294 82 39 and
3293 5294 157 40 Barbed
3467 5295 186 48 Fencing
3676 5296 115 42 Wire
3799 5296 16 42 I
3845 5294 135 53 *2J55'

2889 5355 82 16 I'KicKs.
3036 5339 10 36 (
3138 5346 20 37 j
3161 5355 40 27 ro
3205 5355 30 26 n
3257 5345 187 47 Fencing
3466 5345 239 39 Standards.
3798 5356 10 21 >
3871 5356 74 18 PiUces
3949 5339 4 53 -

2924 5437 280 32 SPRING-TOOTH
3230 5437 244 31 CULTIVATOR
3493 5437 23 29 &
3538 5437 130 31 COUCH
3689 5439 236 32 DESTROYER.

2872 5481 75 29 With
2961 5491 30 18 or
3004 5480 115 29 without
3134 5477 158 31 Seedboxes
3305 5478 44 29 for
3361 5477 83 29 Grain
3454 5477 53 29 and
3521 5477 83 31 Grass
3614 5489 30 19 or
3659 5479 125 30 Canister
3796 5480 43 30 for
3852 5481 128 41 Turnips.

3218 5519 41 29 As
3273 5528 40 20 we
3326 5518 80 30 make
3418 5519 22 29 it
3451 5518 23 30 it
3486 5517 23 29 is
3522 5517 117 33 Perfect.

2874 5595 164 47 Deering
3056 5592 105 50 Pony
3188 5592 34 38 &
3246 5593 178 43 All-steel
3448 5591 228 42 Harvesters
3700 5595 84 40 and
3809 5595 173 44 Binders,

3023 5642 138 23 LIGHTEST
3174 5641 141 23 DRAUGHT
3328 5641 61 23 AND
3402 5639 68 25 BEST
3483 5642 109 23 BINDER
3604 5643 33 23 IN
3650 5642 59 24 THE
3723 5644 104 24 WORLD

2962 5713 268 34 ILLUSTRATED
3269 5713 229 31 CATALOGUE
3537 5714 51 32 ON
3627 5717 267 32 APPLICATION,
