4240 5910
1879 445 139 41 Mount
2046 445 166 41 Benger
2240 445 139 41 Mail.

1966 543 87 28 JUST
2075 543 65 28 AND
2162 543 87 28 FEAR

1972 631 116 27 FRIDAY,
2108 632 63 23 MAY
2189 634 20 27 7,
2229 633 56 22 1897.

1902 722 47 42 An
1974 721 228 50 Unjustifiable
2227 720 152 51 Attack.

1858 832 60 29 The
1954 831 119 29 removal
2110 832 29 28 of
2177 832 103 29 Rabbit
2312 830 95 37 Agent

1860 871 190 31 Cruickshank
2065 876 28 24 to
2107 871 143 31 Balclutha
2262 872 49 28 has
2325 870 80 39 given

1859 914 53 28 rise
1925 918 28 23 to
1967 912 156 38 something
2143 914 27 27 in
2192 913 46 28 the
2261 918 97 22 nature
2378 909 29 29 of

1887 965 15 15 a
1932 957 85 23 storm
2050 952 27 28 in
2109 963 15 17 a
2151 957 92 34 teapot
2304 951 28 29 in
2360 949 46 31 the

1859 994 123 28 columns
2004 994 29 26 of
2053 1003 50 18 our
2115 993 146 29 Lawrence
2285 995 104 25 contem-

1859 1045 108 28 porary,
2007 1034 47 28 the
2125 1033 129 40 Tuapeka

1859 1074 54 30 and
1939 1074 48 28 has
2010 1074 70 28 been
2105 1074 79 28 made
2209 1079 29 24 to
2260 1083 75 19 serve
2359 1072 47 28 the

1860 1115 122 29 occasion
1998 1115 43 27 for
2055 1125 33 17 an
2102 1114 92 29 attack
2206 1116 28 28 of
2244 1125 33 18 an
2292 1112 97 30 exceed-

1860 1156 77 39 ingly
1951 1156 85 28 bitter
2045 1154 53 29 and
2113 1155 146 29 vindictive
2268 1154 139 29 character

1860 1208 34 18 on
1909 1198 45 27 the
1968 1197 74 29 Hon.
2059 1194 43 32 W.
2116 1196 28 29 J.
2161 1196 38 30 M.
2214 1194 132 35 Larnach,
2360 1194 46 28 the

1860 1238 98 37 sitting
1971 1238 123 28 member
2107 1237 44 29 for
2172 1236 136 40 Tuapeka.
2348 1235 57 28 The

1859 1278 104 35 article,
1994 1278 70 29 from
2127 1281 23 25 A
2170 1276 151 37 Roxburgh
2347 1286 44 18 cor-

2090 1323 92 25 taunts
2207 1318 44 29 Mr
2282 1316 123 29 Larnach

1860 1359 65 28 with
1974 1360 102 36 having
2125 1353 92 34 lentlT
2231 1356 108 31 himself
2377 1361 28 23 to

1842 1395 2 43 I
1860 1399 46 27 the
1921 1399 192 28 discreditable
2127 1408 115 30 prance
2262 1399 28 27 of
2342 1395 64 29 wire

1842 1438 1 40 i
2031 1440 54 27 and
2118 1450 133 28 goesron
2298 1442 28 24 to
2358 1447 47 27 say

1842 1474 1 47 j
1858 1478 60 28 that
1967 1480 21 26 if
2002 1480 45 27 Mr
2064 1480 124 29 Larnach
2201 1485 98 23 cannot
2318 1478 86 28 retain

1842 1518 1 38 |
1860 1518 39 27 his
1913 1519 63 28 hold
1993 1529 71 26 upon
2078 1520 50 28 the
2137 1521 142 28 electorate
2290 1518 115 28 without

1842 1556 1 43 |
1862 1558 129 39 allowing
2001 1560 112 27 himself
2125 1565 28 24 to
2167 1560 123 28 Invnade
2311 1570 16 17 a
2349 1556 54 30 tool

1842 1597 1 41 !
1858 1600 29 27 of
1912 1598 42 31 for
1974 1600 66 28 such
2067 1610 130 28 purposes
2219 1601 18 27 it
2259 1597 88 30 would
2370 1597 34 29 be

1842 1638 2 42 j
1887 1651 74 17 more
1977 1642 144 36 becoming
2135 1652 33 17 on
2181 1642 40 27 his
2228 1645 62 33 part
2302 1646 28 22 to
2341 1638 63 38 give

1843 1687 52 35 jup
1910 1681 46 29 the
1970 1681 125 29 business
2339 1678 65 30 This

1859 1724 16 11 11
1887 1722 153 36 Roxburgh
2066 1724 211 35 correspondent
2341 1729 48 18 con-

1860 1761 89 28 tinues
1963 1761 26 28 in
2013 1761 46 29 the
2081 1771 73 19 same
2177 1761 82 29 strain
2281 1763 28 26 at
2331 1768 74 20 some

1860 1802 107 38 length,
1980 1803 47 28 the
2040 1803 94 28 article
2146 1803 83 37 behjg
2242 1814 16 17 a
2276 1801 88 29 tirade
2377 1800 28 29 of

1860 1843 84 28 abuse
1960 1843 108 38 against
2083 1843 45 28 Mr
2148 1842 131 36 Larnach,
2304 1841 51 28 and
2377 1841 27 27 in

1843 1883 3 39 i
1860 1888 75 34 parts
1950 1895 15 15 a
1981 1885 82 26 tissue
2076 1883 30 28 of
2120 1883 135 28 malicious
2270 1883 120 28 misstate-

1843 1922 4 46 f
1862 1929 98 25 menls.
2000 1924 57 29 The
2071 1924 71 39 plain
2157 1925 68 28 facts
2238 1925 29 28 of
2277 1923 45 30 the
2336 1932 70 26 case,

1843 1964 2 36 j
1859 1976 29 17 as
1909 1975 40 18 we
1963 1965 70 28 have
2045 1965 94 28 before
2153 1965 86 29 stated
2254 1975 33 20 on
2311 1964 80 28 autho-

1842 2004 3 43 |
1860 2007 54 36 rity
1946 2006 26 27 in
2001 2006 54 28 this
2082 2015 95 29 paper,
2210 2016 43 18 are
2277 2006 60 29 that
2362 2004 45 29 Mr

1843 2040 2 41 j
1860 2045 219 30 Cruickshank's
2113 2046 115 30 removal
2264 2058 55 18 was
2355 2045 52 29 due

1843 2087 2 37 j
1859 2090 28 25 to
1902 2097 34 18 no
1946 2088 92 26 undue
2047 2087 118 37 political
2181 2087 130 28 influence
2322 2087 68 27 what-

1842 2123 4 45 |
1859 2137 73 25 ever,
1963 2126 86 39 being
2070 2123 3 45 :
2081 2127 101 38 merely
2215 2137 30 18 an
2280 2127 126 36 ordinary

1842 2163 3 46 j
1859 2167 199 42 departmental
2071 2167 76 37 shift,
2162 2168 53 28 and
2228 2165 25 31 in
2276 2168 80 38 proof
2379 2167 28 29 of

1842 2204 2 43 j
1859 2208 53 27 this
1926 2218 41 17 we
1980 2208 68 27 have
2063 2208 46 28 the
2123 2209 57 27 fact
2193 2209 57 34 tljat
2275 2209 66 27 such
2363 2217 29 19 re-

1859 2248 87 28 moval
1961 2256 54 20 was
2031 2248 45 28 the
2089 2258 80 19 cause
2179 2249 29 28 of
2217 2248 75 30 other
2301 2249 105 28 officers

1858 2289 85 37 being
1968 2289 125 37 changed
2116 2289 30 29 in
2167 2289 162 38 contiguous
2351 2289 41 28 dis-

1857 2330 88 27 tricts.
1986 2334 64 31 Any
2080 2330 65 26 such
2174 2339 119 19 common
2328 2339 78 18 sense

1842 2369 1 36 j
1857 2370 66 27 view
1942 2369 87 28 would
2049 2374 58 31 not,
2128 2369 131 34 however,
2281 2370 55 28 suit
2356 2380 51 18 our.

1855 2410 234 39 contemporary's

1855 2452 52 26 and
1919 2452 34 28 he
1963 2452 111 26 hastens
2083 2456 28 22 to
2122 2452 79 28 make
2211 2463 16 16 a
2242 2455 5 10 '
2258 2458 119 30 catspaw

1854 2491 31 27 of
1897 2502 16 17 a
1933 2491 116 27 number
2070 2490 29 29 of
2120 2491 107 39 worthy
2247 2492 109 28 settlers
2376 2491 27 27 in

1855 2533 54 27 this
1924 2532 116 34 district,
2052 2531 54 29 and
2120 2532 73 29 what
2207 2533 31 29 is.
2247 2531 56 31 still
2328 2539 77 22 "m'ore

1855 2576 28 25 to
1898 2574 33 27 be
1942 2572 148 38 regretted,
2106 2577 29 23 to
2149 2583 47 19 use
2210 2573 45 29 the
2274 2584 79 18 name
2375 2572 30 29 of

1855 2624 16 18 a
1884 2624 65 27 very
1963 2611 106 39 worthy
2083 2614 53 27 and
2152 2615 112 36 capable
2276 2614 91 28 officer
2375 2624 29 17 as

1854 2664 17 18 a
1895 2664 95 19 reason
2018 2656 29 26 to
2073 2657 65 25 vent
2156 2654 50 28 :hh
2233 2654 90 38 spleen
2349 2653 54 29 and

1855 2694 106 29 animus
1983 2693 109 34 against
2120 2694 45 29 Mr
2188 2694 131 30 Lanach.
2360 2694 44 28 Mr

1857 2734 190 31 Cruickshank
2061 2735 26 28 in
2102 2734 42 29 his
2159 2736 114 28 removal
2287 2734 115 30 suffered

1857 2776 257 39 nohardshrp,rath<
2125 2787 13 17 r
2147 2776 46 28 the
2205 2783 114 22 reverse.
2360 2776 43 28 He

1857 2831 54 18 was
1925 2824 48 25 not
1986 2817 129 34 disrated,
2129 2827 50 18 nor
2200 2828 49 17 was
2272 2828 53 26 any
2346 2817 42 28 dis-

1857 2861 86 28 credit
1957 2858 98 38 (actual
2077 2866 30 18 or
2129 2857 119 38 implied)
2275 2857 127 28 attached

1857 2905 28 25 to
1898 2911 53 27 any
1966 2901 89 28 action
2071 2899 28 28 of
2113 2897 42 28 his
2169 2897 77 29 while
2259 2898 26 27 in
2301 2898 101 36 charge

1857 2941 64 28 here
1949 2941 33 36 by
2005 2940 47 28 the
2077 2938 56 29 fact
2156 2938 28 27 of
2209 2938 41 29 his
2274 2938 127 29 removal.

1858 2981 123 28 Whence
1995 2981 63 27 then
2074 2979 34 26 all
2124 2976 152 31 thi.ft'wftise
2289 2978 11 31 ?
2339 2978 28 27 It
2374 2978 29 29 .is

1857 3032 16 17 a
1884 3031 65 26 very
1960 3031 68 27 open
2041 3022 96 30 secret,
2152 3019 168 34 indeed,that
2330 3019 73 27 since

1859 3062 46 28 the
1932 3060 62 29 date
2027 3060 27 28 of
2081 3059 46 26 the
2153 3059 107 35 general
2289 3058 113 28 election

1859 3101 128 31 relations
2001 3101 68 28 have
2084 3101 66 27 been
2170 3097 129 32 strained,
2313 3107 28 21 to
2355 3103 49 35 put

1859 3144 19 27 it
1906 3142 104 34 mildly,
2033 3142 121 29 between
2181 3141 45 28 the

1842 3175 3 44 |
2005 3177 50 34 Hiid
2085 3181 44 29 the
2157 3181 83 30 Un'n.-
2264 3181 43 29 Mr
2339 3181 50 29 Lar-

1842 3223 3 38 {
1859 3225 78 33 nach,
1970 3225 52 24 and
2057 3224 25 26 in
2118 3223 51 25 this
2188 3223 3 38 .
2208 3228 113 30 iT]a'nner
2360 3223 45 26 the

1842 3261 2 42 j
1860 3263 105 40 paper's
2238 3261 167 28 endcivours

1842 3311 43 23 ito
1918 3310 44 31 get
1998 3314 65 18 even
2096 3303 62 28 with
2193 3313 49 17 our
2274 3302 129 29 member.

1842 3343 1 40 I
1858 3346 74 28 With
1960 3344 44 29 the
2030 3348 76 35 petty
2134 3343 146 40 squabbles
2306 3343 28 28 of
2356 3354 50 17 our

1842 3381 1 43 I
1856 3390 206 34 contemporary
2078 3395 40 18 we
2132 3386 67 26 have
2214 3395 33 17 no
2269 3393 114 19 concern
2396 3396 7 22 ;

1842 3425 1 38 \
1857 3427 48 29 but
1920 3437 38 17 we
1979 3426 35 28 do
2036 3432 69 22 most
2127 3425 189 38 emphatically
2341 3435 47 27 pro-

1842 3462 1 42 |
1855 3473 53 23 test
1922 3467 107 37 against
2045 3466 56 27 that
2112 3476 84 27 paper
2218 3465 134 38 speaking
2372 3476 30 17 as

1842 3505 1 40 I
1855 3508 45 28 the
1915 3507 170 38 mouthpiece
2099 3507 29 27 of
2148 3506 45 26 the
2214 3505 100 38 public,
2339 3505 47 28 mis-

1854 3550 81 35 using
1968 3548 70 29 their
2072 3547 115 39 position
2221 3551 27 24 to
2273 3546 128 30 ventilate

1855 3590 87 37 paltry
1976 3589 104 37 private
2114 3589 158 35 grievances
2304 3592 28 23 at
2355 3588 45 27 the

1853 3639 119 27 expense
1999 3630 28 26 <f
2054 3629 45 27 the
2125 3628 122 27 member
2271 3627 44 27 for
2346 3627 54 28 this

1853 3670 115 26 district,
1984 3669 50 27 and
2052 3668 25 28 in
2090 3668 84 37 doing
2186 3677 29 17 so
2229 3667 113 36 making
2353 3678 46 16 use

1852 3710 28 28 of
1889 3719 57 19 evef
1959 3713 24 23 ts
1995 3713 23 23 at
2034 3708 53 27 this
2099 3708 50 26 end
2161 3707 29 28 of
2200 3707 44 28 the
2255 3707 144 27 electorate

1851 3751 81 27 about
1949 3750 86 28 which
2058 3749 62 38 they
2135 3759 44 19 are
2203 3748 195 30 misinformed.

1853 3794 37 25 As
1918 3794 26 24 to
1970 3790 46 29 the
2053 3790 212 28 misstatements
2290 3789 26 27 in
2344 3789 54 29 this

1851 3832 123 38 precious
1990 3831 86 34 letter,
2092 3830 45 28 the
2158 3830 89 28 writer
2276 3830 121 28 remarks

1852 3873 57 26 that
1924 3871 46 29 the
1986 3870 125 30 Mini-tor
2125 3870 42 29 for
2182 3870 91 28 Lands
2287 3870 50 28 had
2351 3874 47 26 not

1850 3922 64 19 even
1945 3913 45 27 the.
2015 3917 124 31 courtesy
2167 3915 27 25 to
2228 3911 75 36 replv
2329 3916 27 22 to
2383 3922 15 18 a

1850 3954 130 36 telegram
2014 3958 60 22 sent
2100 3952 35 33 by
2161 3952 103 28 several
2290 3952 106 29 settlers

1851 3994 62 26 here
1927 4003 32 15 on
1976 3992 45 28 the
2041 3990 107 40 subject
2162 3992 29 27 of
2214 3992 46 28 Mr
2283 3992 97 28 Cruick-

1852 4032 113 29 shanks'
1980 4032 127 29 removal.
2148 4032 63 28 This
2226 4032 22 28 is
2262 4042 33 18 an
2318 4033 63 28 abso-

1850 4074 55 26 lute
1925 4072 123 33 untruth,
2072 4082 28 17 as
2123 4072 46 28 the
2187 4072 154 36 gentleman
2368 4073 28 28 in

1849 4114 125 36 question
1996 4111 46 28 did
2066 4111 104 29 receive
2191 4122 16 18 a
2228 4112 76 38 reply
2325 4113 70 28 from

1850 4154 45 27 the
1909 4152 91 28 Lands
2012 4152 181 36 Department
2206 4157 27 23 to
2249 4154 46 27 the
2317 4154 79 27 effect

1849 4193 58 28 that
1922 4193 45 27 Mr
1982 4192 215 28 Cruickshanks'
2212 4194 116 26 removal
2343 4204 51 16 was

1847 4243 33 18 an
1895 4232 128 36 ordinary
2038 4232 197 37 departmental
2257 4243 61 25 one,
2340 4233 53 28 and

1847 4273 59 28 that
1916 4283 34 17 no
1960 4272 161 38 complaints
2132 4272 50 28 had
2191 4273 66 28 been
2269 4273 123 30 received

1847 4314 67 28 from
1927 4314 53 27 this
1989 4313 108 28 district
2106 4313 107 36 against
2224 4314 59 28 that
2292 4314 99 30 officer.

1846 4354 56 27 The
1952 4354 126 35 Tuapeka
2103 4354 89 27 Times
2234 4365 144 27 correspon-

1845 4394 66 26 dent
1937 4393 21 27 is
1982 4394 56 26 also
2065 4393 163 27 dissatisfied
2255 4394 65 27 with
2346 4395 46 28 the

1845 4434 141 35 following
2007 4432 76 39 reply
2106 4432 122 30 received
2252 4434 69 28 from
2348 4435 44 29 Mr

1845 4474 122 28 Larnach
1982 4484 34 18 on
2032 4474 46 28 the
2099 4484 73 18 same
2193 4474 115 38 subject.
2348 4476 43 29 He

1843 4514 102 37 alleges
1960 4513 45 29 Mr
2019 4513 123 29 Larnach
2156 4518 28 23 to
2206 4514 67 28 have
2296 4515 95 28 said

1873 4555 46 28 Alii
1932 4554 80 29 iters
2026 4557 73 25 must
2111 4553 70 29 have
2203 4564 16 17 a
2238 4554 57 28 free
2317 4555 72 28 hand

1842 4594 64 29 with
1923 4595 71 27 their
2018 4594 150 38 respective
2194 4594 195 38 departments,

1842 4635 52 27 and
1921 4635 21 26 it
1969 4634 87 28 would
2085 4637 48 25 not
2158 4633 35 29 do
2215 4634 42 29 for
2281 4634 55 29 him
2362 4641 27 24 to

2043 4674 65 28 This
2146 4674 47 28 the
2230 4675 94 29 article
2361 4677 26 28 in

1843 4714 124 38 question
1983 4714 65 28 calls
2061 4725 33 17 an
2107 4715 107 27 evasive
2227 4716 53 27 and
2304 4716 71 29 insin-

1843 4764 59 19 cere
1926 4754 86 38 reply,
2034 4755 52 28 and
2110 4754 117 39 perhaps
2248 4756 68 29 from
2344 4757 46 28 the

1843 4794 273 38 "correspondent's"
2125 4795 78 38 point
2212 4796 27 28 of
2250 4797 66 27 view
2326 4797 22 28 it
2358 4799 31 33 is,

1843 4845 29 17 as
1885 4834 70 29 from
1977 4835 45 27 the
2045 4839 64 24 tone
2130 4835 30 28 of
2185 4835 46 27 the
2253 4835 81 28 letter
2357 4837 34 28 he

1843 4884 117 28 appeais
1974 4875 140 37 incapable
2128 4874 30 28 of
2170 4874 113 39 making
2296 4886 15 17 a
2335 4877 41 28 dis-

1845 4915 111 28 tinction
1964 4926 29 17 as
2005 4919 28 24 to
2043 4916 99 27 whatis
2154 4916 235 38 straightforward

1843 4964 31 18 or
1887 4955 46 27 the
1947 4965 117 18 reverse.
2104 4957 39 26 To
2157 4966 31 16 us
2201 4957 22 26 it
2240 4966 113 28 appears
2376 4967 13 18 a

1845 5004 73 18 more
1953 4995 237 38 straightforward
2222 5006 30 19 or
2275 4997 116 29 sensible

1845 5035 75 37 reply
1944 5034 78 29 could
2046 5043 48 21 not
2120 5037 69 27 have
2214 5037 66 28 been
2304 5037 87 29 made.

1845 5074 73 28 Then
1935 5074 81 36 again
2031 5075 46 27 the
2090 5076 214 36 correspondent
2313 5076 78 27 tacks

1844 5126 34 17 on
1894 5114 46 28 the
1961 5125 91 18 names
2073 5116 28 27 of
2121 5126 16 17 a
2157 5116 115 29 number
2294 5116 28 27 of
2344 5126 49 19 our

1845 5158 70 24 most
1928 5154 141 37 respected
2083 5156 108 26 settlers
2205 5162 27 21 at
2245 5156 46 27 the
2301 5156 52 27 end
2365 5156 28 27 of

1844 5194 42 28 his
1895 5194 92 28 article
1998 5199 26 23 to
2034 5195 129 28 establish
2174 5196 41 27 his
2224 5196 163 36 credibility,

1843 5234 23 28 it
1879 5243 60 28 may
1954 5234 34 28 be
2008 5234 136 36 assumed,
2163 5235 54 29 and
2240 5235 101 29 several
2365 5236 28 28 of

1845 5274 76 28 these
1961 5274 157 38 gentlemen
2154 5276 69 28 have
2256 5276 135 28 informed

1845 5324 31 18 us
1901 5314 60 28 that
1986 5314 66 29 such
2085 5325 49 19 use
2154 5315 28 29 of
2207 5316 70 29 their
2298 5325 93 19 names

1844 5364 54 17 was
1928 5354 155 39 altogether
2114 5356 190 29 unwarranted
2335 5356 54 27 and

1843 5394 178 37 impertinent
2052 5400 28 24 to
2113 5407 16 17 a
2158 5397 108 37 degree.
2317 5396 72 29 Such

1844 5436 132 36 practices
1983 5445 46 19 are
2036 5437 143 37 unworthy
2189 5437 29 28 of
2223 5436 166 40 responsible

1842 5475 179 38 journalism;
2042 5477 65 37 they
2126 5487 62 27 may
2207 5478 109 28 achieve
2339 5486 33 18 un-

1843 5516 125 28 enviable
1994 5517 147 37 notoriety,
2175 5518 49 27 but
2248 5516 139 36 assuredly

1843 5555 64 38 they
1923 5556 52 28 will
1991 5562 48 24 not
2053 5557 81 39 bring
2154 5558 86 28 either
2259 5557 85 30 credit
2357 5566 31 19 or

1842 5601 108 33 respect
1964 5603 28 22 to
2005 5598 47 28 the
2066 5609 83 25 paper
2157 5599 133 35 pursuing
2301 5598 81 27 them.

1868 5689 38 21 Mr
1923 5691 29 21 ill.
1963 5689 118 24 CAMPBELL
2095 5691 35 22 has
2146 5691 49 20 been
2211 5689 60 24 asked
2286 5692 21 19 to
2324 5689 57 22 allow

1836 5717 86 21 birmelf
1932 5723 21 15 to
1963 5718 24 20 be
1997 5720 118 20 nominated
2125 5727 21 13 as
2155 5725 38 14 one
2203 5718 21 20 of
2238 5719 35 20 the
2282 5718 99 26 delegates

1836 5748 21 17 to
1871 5745 35 20 the
1918 5745 95 21 Brislwne
2029 5746 152 28 Fruitgrowers'
2198 5746 129 26 Uonft.eiice,
2341 5745 39 21 and

1835 5772 36 21 has
1879 5773 110 22 consented
1998 5777 25 25 to,
2029 5775 26 20 do
2063 5783 28 13 so.

2458 192 31 21 As
2499 194 96 23 recorded
2610 196 28 26 by
2654 196 31 21 Dr
2700 195 75 22 Mullin
2793 194 36 20 the
2847 192 82 21 rainfall
2948 192 33 20 for

2433 218 59 28 April
2500 227 39 15 was
2548 222 67 22 rj3in
2624 223 44 21 rain
2677 223 72 25 falling
2756 229 27 14 on
2792 222 49 20 nine
2847 220 57 26 day*.

2457 253 99 23 Scarlet
2564 255 57 22 few
2629 257 37 20 has
2674 256 77 21 broken
2761 256 37 20 out
2814 254 20 20 in
2845 253 42 21 this
2892 251 88 25 district,

2433 281 42 20 two
2483 281 87 24 families
2579 286 22 19 at
2610 283 113 28 Roxburgh
2732 283 50 21 East
2791 281 60 27 being
2866 279 73 22 visited
2955 279 27 26 by

2434 308 35 20 the
2479 309 83 24 disease.

2458 344 47 22 Thk
2513 348 151 24 arrangement!
2673 347 33 21 for
2714 346 76 25 leasing
2798 344 109 22 Ormond's
2916 341 67 22 Hotel

2433 370 28 26 by
2469 371 33 21 Mr
2511 373 26 21 G.
2548 373 33 22 W.
2592 374 90 24 Spooner
2691 374 51 20 hare
2753 373 48 20 been
2810 370 122 27 completed,
2943 370 41 20 and

2434 400 112 23 possession,
2560 401 40 20 will
2611 401 24 20 be
2646 401 62 20 taken
2718 406 26 14 on
2754 399 35 21 the
2796 400 32 20 Ist
2836 400 62 20 June.

2458 434 25 21 It
2494 442 40 14 was
2544 436 110 21 rumoured
2663 436 21 21 in
2695 435 36 22 the
2741 437 54 20 town
2803 436 108 26 yesterday
2922 435 46 21 that
2974 442 12 14 a

2435 467 67 21 young
2522 469 55 21 man,
2596 464 131 20 well-known
2746 463 20 20 in
2783 464 36 20 the
2837 463 89 27 district,
2943 463 41 21 had

2435 488 102 28 levanted,
2548 490 80 29 leaving
2636 497 12 15 a
2655 491 86 21 number
2748 490 22 21 of
2777 491 108 27 sorrowing
2896 490 83 22 friends.

2461 523 47 22 The
2516 531 70 15 season
2595 526 33 20 for
2636 525 60 21 hares
2704 525 78 27 opened
2789 532 25 14 on
2826 526 109 27 Saturday,
2945 526 41 21 and

2435 552 78 19 several
2527 552 48 20 local
2586 555 114 22 sportsmen
2707 552 39 21 had
2775 554 55 24 day's
2837 554 93 23 coursing
2941 554 40 20 and

2435 577 100 27 shooting.
2564 579 74 20 Messrs
2644 578 139 28 Boyd,Fouhy
2789 580 39 21 and
2836 580 28 21 N.
2875 580 16 20 M
2896 579 88 23 'Donald

2435 605 83 21 coursed
2543 606 73 22 Messrs
2634 606 139 28 Weodhouse,
2795 608 121 28 M*Donald,
2944 608 39 22 and

2437 631 119 23 M'lntosh's
2566 633 55 26 land,
2644 634 39 21 and
2702 634 76 28 bagged
2802 636 31 21 six
2849 635 66 23 hares.
2941 636 43 22 The

2435 659 57 22 hares
2499 667 33 15 are
2541 665 37 18 not
2587 669 22 14 as
2614 661 96 28 plentiful
2717 670 22 14 as
2749 663 40 22 last
2796 671 53 19 year.

2459 695 47 21 For
2514 697 59 20 those
2581 697 21 21 in
2616 697 69 22 search
2692 698 21 21 of
2727 698 92 25 bargains
2835 699 21 21 in
2870 699 112 22 household

2435 723 61 26 goods
2517 723 40 22 and
2578 725 153 22 miscellaneous
2751 730 96 23 property
2865 728 22 20 of
2904 728 80 21 various

2435 750 66 27 kinds,
2509 751 35 21 the
2553 752 41 21 sale
2603 752 20 21 of
2643 753 30 21 Mi
2690 754 157 21 Cruickshanks'
2866 756 70 21 effects
2953 758 20 19 to-

2435 784 86 15 morrow
2530 779 107 22 afternoon
2650 781 27 26 by
2687 780 34 23 Mr
2737 782 78 21 Burton
2829 784 61 21 offers
2905 791 11 13 a
2933 784 50 26 good

2435 808 140 26 opportunity.
2597 808 44 22 The
2645 809 42 22 sale
2692 811 63 20 starts
2760 812 22 19 at
2788 811 32 21 Mr
2826 810 158 23 Crnickshanks'

2435 833 152 27 latejresidcnce
2594 838 22 19 at
2625 837 64 27 2p.m.

2460 877 37 21 Mr
2519 882 45 17 and
2586 878 50 22 Mr
2659 879 63 21 John
2743 879 64 28 Edib,
2829 880 22 21 of
2868 881 115 25 Dun-obin,

2435 905 71 21 intend
2520 906 83 27 visiting
2617 906 36 22 the
2662 907 39 22 Old
2711 907 101 28 Country,
2830 909 39 22 and
2880 908 42 23 will
2932 911 52 19 start

2435 933 62 19 about
2508 933 34 20 the
2552 934 39 20 end
2601 934 21 20 of
2632 935 41 20 this
2683 936 80 20 month.
2791 937 21 19 It
2826 937 16 19 is
2862 944 48 13 over
2928 937 56 26 forty

2435 967 57 17 years
2510 962 53 20 since
2579 961 50 28 ihey
2647 961 40 22 left
2704 963 67 21 Home
2781 963 32 21 for
2828 964 102 22 Australia
2943 965 39 20 and

2435 988 51 20 New
2495 987 97 28 Zealand,
2604 996 22 14 so
2635 989 47 21 that
2692 989 54 22 their
2762 991 48 21 visit
2820 991 41 21 will
2878 992 104 21 doubtless

2434 1014 71 22 realise
2523 1022 60 20 many
2603 1017 127 26 pleasurable
2744 1018 150 25 anticipations.
2920 1019 62 22 Their

2435 1049 60 15 many
2504 1043 78 22 friends
2591 1044 131 28 throughout
2730 1046 98 27 Tuhp-ka
2842 1047 39 21 will
2896 1047 87 24 heartily

2435 1071 50 20 wish
2498 1071 56 21 them
2570 1079 11 13 a
2590 1072 93 27 pleasant
2692 1080 77 20 voyage
2777 1074 40 21 and
2833 1081 12 14 a
2854 1075 42 20 safe
2905 1077 78 19 return.

2459 1113 37 20 Mk
2505 1113 22 21 J.
2539 1113 71 21 SKILL
2620 1114 44 27 has,
2673 1121 31 14 we
2712 1114 74 23 ahould
2796 1115 67 28 think,
2870 1114 36 23 the
2915 1116 68 21 record

2435 1140 32 21 for
2482 1141 116 24 vegetables
2616 1142 21 21 in
2653 1142 41 21 this
2714 1143 81 21 district
2809 1144 40 20 this
2863 1151 55 19 year.
2948 1144 36 21 We

2436 1175 51 13 were
2499 1168 70 21 shown
2581 1170 90 27 recently
2687 1178 12 13 a
2711 1171 101 26 pumpkin
2826 1179 68 18 grown
2906 1172 25 26 by
2941 1172 42 21 him

2435 1196 46 20 that
2495 1196 74 21 turned
2586 1197 35 21 the
2635 1198 53 21 scale
2705 1202 22 17 at
2744 1199 62 21 501hs.
2826 1200 39 20 and
2879 1200 25 20 he
2919 1200 39 20 had
2972 1208 10 11 a

2435 1224 95 27 quantity
2539 1224 23 21 of
2571 1224 70 22 onions
2652 1226 44 26 (the
2705 1227 122 26 Crankston,
2842 1235 10 13 a
2866 1235 43 13 new
2925 1227 58 26 kind)

2435 1253 46 20 that
2499 1252 92 26 weighed
2608 1260 21 14 as
2646 1254 59 21 much
2720 1262 22 13 as
2759 1254 32 21 lib
2810 1255 56 21 eseh.
2895 1256 32 19 He
2941 1256 43 19 also

2434 1286 53 20 grew
2497 1281 101 19 tomatoes
2607 1283 22 18 to
2638 1284 58 23 great
2705 1282 51 26 perft
2763 1282 62 26 ctinn,
2834 1290 55 12 some
2897 1283 21 20 of
2927 1283 55 20 them

2436 1307 65 25 larger
2509 1307 40 21 and
2556 1308 70 27 nearly
2636 1316 22 14 as
2668 1309 64 26 heavy
2742 1316 20 14 as
2772 1309 36 21 the
2816 1310 78 20 onions.

2459 1344 41 19 For
2511 1342 34 20 the
2558 1344 50 19 next
2619 1344 55 19 week
2683 1351 24 12 or
2716 1351 21 12 so
2754 1344 35 19 the
2805 1344 91 19 children
2916 1344 21 20 of
2948 1345 35 19 the

2435 1370 81 19 district
2525 1369 51 24 (and
2586 1370 15 19 if
2610 1372 68 21 report
2687 1370 72 25 speaks
2770 1370 63 24 truly,
2849 1370 54 19 their
2918 1371 65 19 elders

2435 1397 41 19 also
2494 1396 59 20 when
2572 1396 49 26 they
2638 1396 82 21 become
2901 1397 40 20 will
2958 1397 25 20 he

2435 1423 88 26 engaged
2533 1424 20 20 in
2565 1423 55 21 what
2629 1424 17 21 is
2656 1423 111 23 lifererallv
2776 1431 12 13 a
2805 1424 57 21 whirl
2871 1427 19 18 of
2901 1425 72 27 dissipa-

2435 1451 50 27 tion,
2504 1458 21 14 as
2548 1451 74 22 Messrs
2643 1451 68 22 Smith
2732 1451 40 22 and
2796 1454 6 17 <
2813 1452 81 21 olbrans
2918 1456 65 17 steam

2435 1478 65 26 rising
2527 1479 77 24 gallery
2631 1486 63 19 opens
2717 1479 48 20 here
2788 1481 124 19 to-morrow.
2940 1481 42 19 The

2434 1506 122 20 excitement
2576 1506 22 20 of
2742 1506 15 19 is
2772 1507 42 19 said
2829 1512 20 14 to
2868 1507 23 19 he
2909 1506 74 27 simply

2433 1532 105 26 immense,
2547 1540 22 13 so
2577 1539 26 14 no
2613 1532 65 22 doubt
2686 1533 27 21 all
2722 1533 41 20 will
2773 1534 23 19 be
2807 1540 59 20 eager
2872 1535 22 19 to
2904 1533 78 27 display

2433 1560 53 21 their
2494 1560 160 26 hoisemanship.

2459 1602 15 19 A
2485 1605 84 17 RECENT
2579 1600 71 21 visitor
2661 1601 21 20 to
2692 1600 35 21 the
2737 1600 79 21 Catlins
2826 1600 62 21 River
2903 1600 81 22 district

2433 1629 84 20 informs
2527 1636 23 13 us
2560 1629 47 20 that
2616 1628 137 20 tuberculoses
2763 1627 16 21 is
2792 1634 46 20 very
2846 1628 37 20 bad
2891 1631 93 21 amongst

2435 1656 34 20 the
2485 1656 64 21 cattle
2565 1656 57 20 there
2640 1657 22 19 at
2679 1658 88 23 present.
2796 1655 86 26 Twenty
2894 1655 50 21 head
2962 1656 21 20 of

2433 1683 62 22 cattle
2504 1683 96 22 attacked
2612 1682 26 28 by
2648 1682 35 22 the
2693 1682 76 22 disease
2776 1682 50 22 have
2835 1683 91 21 recently
2933 1683 50 21 been

2433 1712 116 24 destroyed,
2560 1711 39 20 and
2609 1712 17 19 it
2636 1718 40 12 was
2684 1710 69 21 feared
2758 1718 10 12 a
2778 1711 62 19 dozen
2847 1718 64 17 more,
2918 1711 65 20 which

2434 1738 80 19 allowed
2537 1739 98 19 svmtoms
2654 1743 22 13 or
2690 1743 51 14 were
2762 1737 99 25 suffering
2879 1737 51 20 from
2950 1738 34 19 the

2433 1764 83 27 disease,
2529 1763 66 22 would
2605 1763 42 21 also
2656 1762 52 22 have
2718 1766 21 18 to
2749 1763 25 21 b-?
2783 1764 53 21 shot.

2461 1801 26 21 In
2497 1801 36 21 the
2541 1807 45 15 case
2603 1800 67 22 Police
2685 1807 20 15 v.
2725 1800 29 22 M.
2767 1800 116 28 M'Carthy,
2898 1800 86 26 charged

2435 1829 48 19 with
2504 1829 92 25 rescuing
2612 1828 62 26 goods
2685 1829 52 19 from
2756 1836 12 12 a
2786 1829 66 20 bailiff
2869 1831 22 17 at
2910 1829 75 19 Millers

2435 1856 53 25 Flat,
2508 1855 38 20 and
2565 1855 21 21 in
2605 1855 66 21 which
2689 1855 119 26 defendant,
2818 1862 25 14 on
2863 1855 120 24 conviction,

2435 1890 50 18 give
2507 1883 67 20 notice
2589 1882 21 22 of
2628 1883 71 26 appeal
2720 1886 22 18 to
2758 1883 35 19 the
2812 1883 86 21 District
2913 1885 71 21 (.-ourt,

2435 1911 114 24 Lawrence,
2559 1910 36 21 the
2604 1910 71 27 appeal
2686 1911 36 20 has
2731 1911 53 20 since
2794 1910 49 20 been
2858 1909 126 23 withdrawn.

2438 1937 36 23 We
2485 1938 125 22 understand
2622 1938 45 22 that
2677 1939 19 21 in
2708 1939 49 21 such
2769 1946 61 19 cases,
2840 1939 20 20 in
2871 1938 35 20 the
2925 1942 60 17 event

2436 1967 21 20 of
2467 1968 149 24 non-payment
2626 1967 27 26 by
2662 1967 119 26 defendant,
2791 1967 35 19 the
2833 1967 110 19 hondsmen
2951 1973 34 13 are

2436 1994 133 27 compellable
2585 1994 65 21 under
2659 1995 36 20 the
2709 1995 79 20 Justice
2798 1995 21 19 of
2828 1994 36 21 the
2874 1994 62 21 Peace
2945 1995 40 19 Act

2436 2025 20 17 to
2468 2029 38 20 pay
2515 2022 35 20 the
2559 2022 40 20 fine
2605 2022 38 21 and
2654 2022 26 21 all
2690 2024 61 19 costs.

2462 2063 40 20 We
2513 2062 66 21 would
2589 2063 57 26 again
2656 2062 56 21 draw
2721 2062 101 21 attention
2834 2065 21 18 to
2865 2062 35 21 the
2916 2061 68 21 school

2436 2091 169 24 entertainment,
2634 2090 65 20 which
2726 2090 58 19 takes
2816 2090 55 23 place
2897 2092 22 17 at
2951 2089 34 20 the

2438 2117 123 21 Athenaeum
2581 2116 41 21 this
2640 2118 90 25 evening.
2759 2116 82 22 Besides
2859 2116 93 26 assisting
2974 2123 11 14 a

2436 2144 80 27 worthy
2526 2144 76 27 object,
2612 2144 58 21 those
2689 2148 82 23 present
2788 2145 40 20 will
2848 2144 51 21 h;ive
2909 2152 12 13 a
2936 2151 48 18 very

2436 2172 92 28 pleasunt
2554 2171 102 26 evening's
2680 2174 133 23 amusement,
2840 2179 21 12 as
2887 2179 9 13 a
2911 2172 73 25 capital

2436 2207 126 19 programme
2580 2200 35 21 has
2634 2200 49 21 been
2701 2200 104 25 organised
2839 2200 43 20 The
2905 2200 68 20 kinder-

2435 2228 58 25 spiel,
2518 2234 11 13 a
2553 2233 47 20 very
2619 2228 94 24 amusing
2730 2227 55 21 little
2805 2227 54 26 play,
2878 2227 37 20 has
2935 2227 49 20 been

2435 2254 123 28 thoroughly
2574 2254 107 22 rehearsed
2696 2250 27 32 by
2737 2255 36 21 the
2784 2255 99 26 childreu,
2893 2255 39 21 and
2944 2254 40 21 will

2435 2290 24 19 go
2486 2282 49 22 with
2558 2282 137 22 considerable
2717 2283 60 25 spirit
2799 2283 85 27 judging
2901 2283 26 27 by
2949 2283 36 21 the

2435 2311 118 19 rehearsals.

2458 2346 47 19 The
2523 2345 58 20 u.Mial
2598 2345 94 20 monthlv
2711 2346 89 25 meeting
2818 2346 22 19 of
2862 2346 35 20 the
2911 2346 72 21 Teviot

2435 2372 150 21 Horticultural
2604 2372 41 21 and
2676 2372 152 25 Ftuitgrowerfc'
2849 2374 133 25 Association,

2435 2400 65 22 which
2511 2407 40 15 whs
2567 2400 65 21 called
2650 2400 32 21 for
2690 2400 89 27 Monday
2789 2402 86 26 evening
2885 2401 45 27 last,
2944 2409 39 13 wax

2434 2428 112 27 adjourned
2562 2435 24 14 on
2597 2429 34 20 the
2642 2429 75 21 motion
2729 2430 20 20 of
2762 2431 71 19 Messrs
2844 2430 90 21 Bennets
2944 2430 39 21 and

2435 2457 81 25 Dunne,
2535 2461 25 16 as
2569 2463 12 13 a
2590 2456 58 20 maik
2658 2457 21 19 of
2689 2459 78 23 respect
2777 2461 21 16 to
2813 2457 35 20 the
2863 2464 90 18 memory
2963 2458 20 19 of

2434 2483 34 18 the
2480 2483 40 19 late
2531 2483 32 20 Mr
2573 2483 29 20 M.
2614 2483 24 21 E.
2649 2483 90 26 Manual,
2753 2485 45 18 who
2810 2491 38 12 wag
2857 2490 11 13 a
2883 2485 98 21 member.

2434 2511 18 20 A
2461 2510 108 21 resolution
2581 2516 25 14 on
2613 2510 69 23 behalf
2689 2510 20 21 of
2716 2510 35 22 the
2758 2511 126 27 association,
2892 2518 79 20 express-

2433 2538 33 25 ing
2484 2539 110 26 sympathy
2611 2539 32 21 for
2663 2539 42 21 Mrs
2719 2539 89 22 -Manual
2826 2540 40 21 and
2876 2540 72 26 family
2962 2541 20 21 in

2433 2566 54 20 their
2497 2566 64 25 heavy
2572 2566 148 27 bereavement,
2732 2567 99 26 proposed
2842 2567 26 26 hy
2878 2568 33 20 Mr
2922 2568 48 21 Blox-

2433 2593 45 21 ham
2497 2593 40 21 and
2554 2593 99 23 seconded
2671 2594 27 27 by
2716 2595 33 21 Mr
2767 2595 94 27 Hiscock,
2882 2602 40 15 was
2939 2596 44 21 also

2432 2621 84 26 carried,
2527 2621 54 21 after
2590 2621 66 21 which
2665 2622 36 20 the
2711 2623 89 25 meeting
2809 2623 74 21 closed.

2457 2656 42 20 We
2517 2656 68 21 would
2602 2657 38 20 call
2656 2656 37 21 the
2706 2657 101 21 attention
2823 2657 21 21 of
2859 2657 35 21 the
2904 2657 78 27 mining

2431 2684 128 26 community
2575 2684 40 20 and
2633 2684 58 21 those
2710 2685 111 21 interested
2839 2687 22 19 to
2880 2685 35 21 the
2932 2692 49 19 very

2432 2710 61 25 itnpoi
2499 2713 44 19 tant
2553 2711 41 21 sale
2603 2711 21 21 of
2631 2711 35 21 the
2675 2712 76 21 United
2760 2712 98 21 Hercules
2866 2713 115 26 Hydraulic

2431 2738 89 25 Sluicing
2530 2737 54 24 Co.'s
2593 2739 59 21 claim
2662 2739 40 22 and
2708 2739 65 27 plant,
2786 2739 63 23 which
2861 2740 57 22 takes
2925 2740 56 27 place

2431 2766 20 21 in
2459 2767 110 26 Roxburgh
2577 2774 26 14 on
2610 2767 73 26 Friday
2690 2768 141 25 2istinst.,Mr
2836 2769 111 21 Valentine
2956 2768 25 22 he

2432 2794 34 24 ing
2534 2795 123 22 auctioneer.
2684 2795 43 23 The
2736 2798 97 24 property
2843 2796 16 23 is
2868 2803 12 14 a
2887 2796 94 21 valuable

2490 2822 43 20 well
2544 2822 80 26 worthy
2633 2823 36 20 the
2678 2824 101 20 attention
2794 2824 21 20 of
2828 2823 106 27 investors,
2944 2824 37 20 the

2431 2849 77 24 ground
2523 2849 61 26 being
2601 2850 71 25 highly
2690 2851 120 25 auriferous,
2829 2851 50 20 with
2899 2857 12 14 a
2929 2851 52 26 good

2433 2878 61 18 water
2504 2876 75 27 supply
2589 2877 106 28 available,
2711 2884 21 14 so
2742 2878 46 20 that
2797 2878 35 21 the
2842 2878 41 21 sale
2892 2878 16 22 is
2918 2878 63 26 likely

2432 2905 21 18 to
2462 2903 55 21 elicit
2529 2904 137 21 considerable
2675 2906 140 24 competition.
2842 2906 42 20 The
2894 2906 57 26 place
2960 2905 21 21 of

2431 2931 40 20 sa'e
2483 2931 36 20 has
2529 2931 50 20 been
2588 2932 76 20 altered
2671 2931 52 21 from
2733 2932 96 21 Dunedin
2839 2934 21 18 to
2869 2932 110 26 Roxburgh

2431 2960 21 18 to
2462 2958 41 21 suit
2513 2958 35 21 the
2558 2960 132 20 convenience
2700 2959 22 21 of
2732 2960 96 26 probable
2837 2959 79 25 buyers.

2457 2997 48 17 OUR
2530 2993 79 22 Millets
2626 2995 46 20 Flat
2698 2995 159 26 correspondent
2875 2996 105 20 writes.

2433 3021 43 20 The
2498 3022 76 19 Millets
2589 3022 47 20 Flat
2656 3030 44 13 men
2711 3023 52 19 have
2777 3023 59 24 given
2850 3026 35 22 yet
2896 3023 85 20 another

2433 3048 57 25 proof
2501 3048 21 20 of
2531 3048 54 21 their
2595 3049 52 21 faith
2662 3050 19 20 in
2692 3050 35 20 the
2744 3050 129 26 gcldbeaiing
2887 3050 93 27 qualities

2433 3075 21 21 of
2465 3075 35 21 the
2510 3075 81 23 district
2601 3077 25 24 by
2639 3077 86 24 forming
2740 3084 11 14 a
2767 3084 44 14 new
2820 3077 160 27 companythe

2435 3104 131 24 Bcngerburn
2586 3105 103 27 Dredging
2706 3105 30 22 Co
2744 3106 73 21 with
2833 3113 12 13 a
2863 3106 73 26 capita'
2960 3106 21 19 of

2438 3131 80 26 I,BOO.
2546 3132 29 21 At
2584 3140 11 13 a
2607 3134 88 25 meeting
2704 3134 47 20 held
2761 3136 21 17 at
2797 3134 35 20 the
2849 3134 76 20 Millers
2934 3134 47 21 Flat

2436 3159 27 20 JT<
2473 3160 26 19 tel
2511 3166 24 14 on
2547 3160 102 27 Saturday
2666 3162 85 21 eveninir
2762 3162 40 21 (Mr
2818 3164 25 19 A.
2859 3162 80 26 Grogan
2960 3161 19 22 in

2435 3187 35 20 thp
2480 3188 63 24 chair)
2554 3195 60 14 seven
2621 3189 44 21 well
2673 3190 74 21 known
2754 3190 97 21 residents
2857 3190 123 23 guaranteed

2437 3215 36 19 150
2484 3222 38 14 one
2532 3216 68 26 pound
2612 3217 68 20 shares
2689 3217 48 21 each
2748 3219 21 18 to
2779 3218 54 20 work
2853 3218 34 19 'he
2906 3218 75 25 Renger

2435 3242 55 21 Flat.
2518 3243 19 20 It
2546 3249 40 14 was
2602 3244 85 21 decided
2695 3246 21 18 to
2725 3245 59 19 make
2793 3244 24 20 ah
2833 3245 51 20 offer
2898 3245 32 22 for
2946 3245 35 20 the

2436 3268 79 23 fJolden
2529 3270 47 21 Run
2591 3271 81 27 dredge,
2688 3271 39 21 and
2744 3272 32 20 Mr
2787 3272 22 20 P.
2824 3273 21 20 C.
2861 3272 66 20 Grant
2941 3279 40 13 was

2435 3304 47 18 appf
2489 3297 56 21 inted
2556 3303 101 22 secretary
2667 3306 36 19 pro
2713 3301 49 20 tern.

2461 3338 33 19 Mr
2511 3337 118 24 EDWARD'S
2649 3340 93 24 monthly
2760 3340 49 21 visit
2826 3341 22 19 to
2869 3340 111 27 Roxburgh

2433 3366 94 20 oceuired
2550 3366 39 21 last
2599 3367 90 26 Sunday,
2699 3368 39 20 and
2749 3368 26 20 he
2784 3368 112 20 conducted
2906 3369 75 20 service

2433 3395 22 17 at
2473 3393 31 21 St.
2522 3393 77 21 Jamts'
2618 3395 200 22 Churchmornim*
2835 3397 38 19 and
2889 3396 91 23 evening.

2435 3420 120 27 Advantage
2565 3429 41 13 was
2617 3423 60 20 taken
2685 3423 21 21 of
2716 3423 35 21 the
2760 3424 89 21 occasion
2859 3426 20 18 to
2889 3423 48 22 hold
2946 3424 36 20 the

2434 3447 84 21 harvest
2544 3449 145 28 thanksgiving
2715 3452 81 22 service,
2815 3452 32 20 for
2861 3451 64 21 which
2946 3452 35 20 the

2434 3476 74 20 church
2520 3477 39 20 had
2570 3477 50 21 been
2633 3478 122 27 beautifully
2764 3480 105 20 decorated
2887 3480 48 19 with
2946 3480 35 19 the

2432 3503 62 21 fruits
2504 3505 38 19 and
2553 3505 77 21 flowers
2646 3505 22 21 of
2680 3506 36 20 the
2730 3513 75 15 season.
2833 3507 65 20 There
2918 3515 39 12 was
2970 3513 11 14 a

2432 3530 55 25 large
2506 3532 141 27 congregation
2659 3534 22 19 st
2690 3532 48 22 both
2749 3534 86 22 services
2853 3534 64 21 which
2929 3541 52 14 were

2431 3559 52 33 fully
2496 3559 75 28 choral,
2579 3568 11 14 a
2596 3563 70 25 strong
2671 3562 57 21 choir
2734 3562 64 21 under
2805 3563 30 21 Mr
2842 3555 139 35 Burtonjwho

2431 3588 94 23 presided
2545 3591 22 18 at
2586 3589 35 21 the
2640 3591 78 25 orpan),
2742 3591 58 22 lving
2820 3594 86 22 present.
2935 3592 42 20 The

2430 3614 128 21 decorations
2567 3623 52 13 were
2631 3617 34 20 the
2679 3618 55 19 work
2741 3618 21 19 of
2772 3618 49 20 Miss
2831 3619 99 25 Btighton
2941 3619 38 20 and

2428 3641 33 20 Mr
2470 3642 84 19 Haines.

2453 3682 35 19 AN
2509 3682 135 26 experiment,
2655 3684 35 19 the
2705 3685 71 20 effects
2793 3685 21 20 of
2824 3683 63 22 which
2899 3686 40 19 wiM
2955 3686 24 20 be

2429 3708 92 21 watched
2542 3709 49 20 with
2602 3710 92 26 interest,
2710 3718 40 14 wa>
2760 3712 57 20 made
2827 3712 5 21 j
2836 3720 10 12 n
2859 3713 35 20 the
2904 3713 75 21 Clutha

2428 3736 102 25 rabbiting
2548 3736 80 23 district
2647 3738 38 22 last
2704 3741 64 21 week.
2796 3740 107 27 Inspector
2916 3741 63 22 Bruce

2428 3764 38 21 and
2487 3772 54 14 some
2561 3767 100 20 members
2679 3769 22 20 of
2718 3769 31 20 his
2768 3769 49 21 staff
2835 3769 113 21 inoculated
2968 3778 11 12 a

2428 3792 84 21 number
2536 3793 22 20 of
2577 3793 77 22 rabbits
2664 3802 25 14 on
2701 3798 45 25 part
2763 3796 22 21 of
2807 3797 34 21 the
2859 3796 120 28 Clydesvale

2429 3821 65 19 estate
2511 3821 49 20 with
2570 3822 83 21 chicken
2664 3823 81 22 cholera
2755 3825 62 22 vims,
2829 3826 105 25 repeating
2943 3826 35 21 the

2428 3849 128 21 experiment,
2575 3849 66 21 which
2660 3850 36 21 has
2715 3852 62 20 latelv
2796 3852 49 20 been
2857 3853 50 20 tried
2927 3854 49 19 with

2427 3874 60 21 much
2513 3882 77 15 success
2617 3877 19 21 in
2665 3879 136 26 Queensland.
2830 3879 43 22 The
2892 3884 86 21 country

2427 3902 86 22 selected
2533 3903 16 21 is
2566 3903 74 23 almost
2646 3907 126 22 surrounded
2780 3908 27 22 by
2819 3913 70 22 wa'er,
2900 3916 22 13 so
2930 3908 47 23 that

2427 3930 35 21 the
2472 3932 69 24 poison
2553 3933 39 20 will
2603 3933 53 21 have
2665 3941 11 14 a
2685 3936 50 24 good
2746 3935 75 22 champ
2830 3937 21 21 of
2861 3937 114 27 snreading.

2427 3958 38 20 and
2473 3966 26 12 no
2507 3960 64 20 doubt,
2581 3961 16 20 if
2607 3961 35 20 the
2652 3964 128 24 experiment
2790 3965 15 19 is
2816 3966 63 19 found
2890 3973 76 14 success-

2426 3985 28 21 ful
2462 3988 17 19 it
2488 3987 39 19 will
2535 3987 25 20 be
2569 3988 53 20 tried
2631 3989 26 19 all
2665 3997 48 13 over
2723 3992 35 19 the
2767 3992 80 26 colony.

2475 4027 74 20 CiuiEL
2558 4028 48 25 on'y
2614 4029 21 19 to
2644 4028 24 19 be
2843 4039 132 14 unnecessary

2426 4054 98 21 suffering
2534 4055 15 19 is
2559 4056 13 19 it
2581 4056 66 20 flicted
2659 4057 64 20 under
2730 4058 36 20 the
2776 4059 62 20 above
2849 4067 78 14 excise.
2955 4062 21 20 If

2426 4089 37 12 one
2480 4081 16 20 is
2511 4083 36 18 not
2562 4090 47 13 very
2626 4085 51 24 we]],
2690 4085 50 21 feels
2756 4089 35 16 out
2808 4087 21 20 of
2843 4090 59 20 sorts,
2913 4088 36 21 has
2963 4096 9 12 a

2426 4108 59 19 touch
2497 4109 21 20 of
2528 4109 35 21 the
2574 4110 46 24 bile,
2632 4112 38 20 and
2678 4114 129 21 experiences
2818 4122 24 12 an
2854 4115 120 21 nnt>leaant

2426 4136 134 26 giddineness,
2579 4145 38 13 one
2635 4138 17 21 is
2670 4140 138 26 immedjatelv
2828 4143 41 20 to'd
2888 4145 21 18 to
2928 4143 46 20 take

2426 4171 55 13 some
2495 4164 136 24 disagreeable
2647 4163 106 27 medicine!
2783 4170 23 20 It,
2815 4171 14 17 is
2840 4171 95 21 kindness
2953 4172 19 20 in

2427 4192 35 18 the
2471 4192 56 19 cuise
2536 4193 21 18 of
2567 4194 78 26 cruelty
2656 4202 29 11 we
2694 4202 33 12 are
2737 4196 51 22 to'd.
2816 4199 29 19 As
2852 4206 9 11 a
2873 4202 75 16 rmOer
2953 4199 21 19 of

2427 4218 41 21 f;>ct
2495 4218 134 26 disagreeable
2657 4222 108 21 medicines
2791 4231 33 11 a>o
2853 4233 25 12 no
2905 4227 69 21 longer

2428 4253 111 19 necessary.
2562 4248 125 26 Holloway's
2696 4249 48 23 Pills
2755 4252 38 19 and
2805 4252 169 23 Ointmentthe

2428 4274 62 19 world
2501 4274 67 22 famed
2579 4283 52 14 nmf
2635 4277 109 22 dieswill
2755 4286 46 14 *oon
2813 4287 36 17 pur
2860 4289 37 12 one
2910 4282 62 24 right,

2428 4302 46 26 and,
2491 4308 112 23 morever,
2619 4305 49 26 they
2678 4313 33 14 are
2721 4307 91 21 pleasant
2821 4309 37 20 and
2869 4310 105 21 agreeable

2422 4331 135 20 restorativrs
2576 4335 22 17 to
2616 4334 77 22 health.
2721 4335 117 22 Thousands
2857 4345 35 13 can
2910 4341 64 18 attegt,

2422 4358 47 22 this,
2488 4357 87 23 thrusan
2584 4361 16 18 's
2615 4361 52 20 have
2676 4364 87 19 attested
2776 4364 22 20 it.
2826 4365 40 19 For
2875 4364 99 22 disorders

2421 4386 21 19 of
2452 4385 35 19 the
2503 4387 90 21 stomach
2603 4389 39 19 and
2652 4389 58 25 liver,
2722 4390 47 20 take
2778 4391 35 18 the
2820 4392 48 19 Rills
2878 4399 5 14 :
2889 4393 40 20 nd
2938 4399 34 13 use

2421 4413 33 20 the
2462 4412 115 22 Ointment
2584 4415 92 27 forgout,
2684 4416 286 26 lumbago,rheuvnatisr.i,etc.

2447 4449 103 21 Certainly
2565 4450 35 20 the
2614 4453 54 19 most
2682 4453 93 20 effective
2789 4454 98 20 medicate
2901 4455 18 18 in
2934 4454 36 20 the

2422 4476 60 19 world
2502 4477 15 20 is
2536 4478 111 21 SAXDEB
2663 4481 38 19 and
2720 4481 76 20 SONS'
2812 4481 159 23 EUCALYPTI

2420 4503 135 23 EXTRACT*
2582 4506 48 19 Test,
2638 4507 26 19 its
2671 4508 89 21 eminent
2763 4503 4 30 1
2791 4516 63 17 pow>
2860 4510 29 19 ful
2898 4509 71 20 effects

2419 4529 19 21 in
2453 4530 80 24 coughs,
2546 4532 60 24 co'ds,
2617 4533 99 22 inflnenz*
2726 4529 4 29 ,
2754 4536 35 19 the
2801 4536 58 19 relief
2868 4536 15 20 is
2897 4536 64 19 instan-

2421 4559 89 18 taneous.
2542 4559 23 19 In
2581 4560 76 20 serious
2667 4568 55 13 cases
2736 4563 39 20 and
2791 4562 78 21 aoeidep
2883 4562 45 20 sof
2942 4562 25 20 A\

2420 4583 66 21 kinds,
2498 4585 25 18 he
2532 4584 49 22 they
2593 4587 91 24 wouds,
2696 4588 68 23 burns,
2775 4589 103 23 scalding.*,
2896 4588 75 21 bruises

2420 4612 84 23 sprains,
2515 4615 15 15 it,
2541 4613 15 18 is
2565 4613 35 21 the
2609 4614 62 20 safest
2682 4615 134 22 remedvno
2826 4615 145 23 swellingno

2420 4638 61 21 i'flan
2489 4640 85 21 mafion.
2604 4641 48 22 Like
2661 4644 112 25 surprising
2784 4644 72 21 effects
2866 4642 103 27 produced

2419 4666 20 21 in
2452 4673 70 20 croup,
2532 4667 108 27 *Hptheria.
2656 4669 118 25 bronchitis,
2787 4670 145 23 inflammation
2950 4669 21 22 of

2421 4694 35 19 the
2477 4695 66 24 lun-js,
2557 4696 109 26 swellings,
2674 4702 38 18 etc.
2736 4699 108 25 diarrhoea,
2859 4699 111 25 dvstntrv,

2419 4721 87 21 diseases
2517 4724 20 18 of
2547 4723 35 20 the
2596 4724 85 26 kidneys
2691 4726 39 21 and
2746 4727 82 25 urinary
2838 4733 78 17 organs.
2946 4726 22 20 In

2421 4754 36 15 Ue
2464 4754 19 13 at
2489 4750 27 19 all
2524 4750 98 25 hospitals
2628 4752 38 19 and
2675 4754 83 19 medial
2766 4754 74 24 clinics,
2854 4758 71 21 patron
2929 4754 14 19 is
2956 4752 13 21 d

2420 4775 26 26 by
2457 4776 37 20 His
2504 4776 87 28 Majesty
2601 4778 36 21 the
2648 4779 55 26 King
2713 4780 21 21 of
2745 4780 62 29 Italy,
2819 4775 89 27 rrowiied
2927 4780 44 21 -nth

2421 4804 64 19 medal
2496 4805 38 20 and
2544 4806 91 25 diploma
2643 4809 22 18 at
2678 4807 147 23 International
2842 4809 128 25 Exhibition,

2422 4829 138 24 Amsterdam.
2587 4834 62 20 Tnst
2659 4841 20 13 in
2690 4835 41 19 this
2742 4837 103 23 approved
2854 4836 69 20 article
2932 4836 39 20 and

2421 4857 62 24 reject
2492 4858 28 21 all
2532 4861 70 19 others

2539 4927 314 51 Correspondence.

2539 4987 36 16 A
2611 4987 213 16 QUERY!

2621 5028 17 7 A

2603 5047 27 15 TO
2643 5048 43 14 THE
2700 5048 84 16 EDITOR.

2447 5066 45 24 Sir,
2494 5068 54 18 As
2558 5074 29 13 we
2598 5075 33 12 are
2641 5069 75 25 having
2725 5076 11 12 a
2745 5073 57 22 great
2811 5078 59 14 manv
2879 5075 91 17 concerts

2422 5091 43 26 just
2474 5099 51 19 new,
2537 5094 10 19 1
2559 5094 66 21 would
2635 5095 41 20 like
2686 5098 21 18 to
2721 5101 35 21 get
2770 5104 54 14 some
2838 5099 130 21 information

2422 5126 24 13 on
2466 5127 33 17 my
2519 5128 44 13 own
2582 5127 85 15 account
2685 5124 39 20 and
2740 5131 25 14 on
2787 5125 67 22 behalf
2872 5127 20 19 of
2911 5134 59 19 many

2422 5146 76 22 others,
2516 5148 44 19 who
2580 5155 51 13 were
2650 5150 78 25 talking
2746 5152 62 20 about
2826 5153 24 21 it.
2878 5154 7 18 I
2902 5154 66 24 think,

2422 5172 39 24 Sir,
2477 5172 16 21 it
2503 5174 72 21 should
2585 5175 75 27 always
2671 5176 22 22 fce
2704 5177 103 28 definitely
2818 5180 41 22 said
2871 5180 54 21 what
2934 5180 35 20 the

2422 5200 95 21 proceeds
2535 5202 21 19 of
2577 5203 58 20 the.se
2653 5209 91 16 concerts
2763 5213 33 13 ate
2814 5207 96 21 intended
2929 5207 38 21 for.

2425 5226 61 19 lliere
2496 5227 16 19 is
2528 5228 36 19 the
2582 5229 117 21 Orchestral
2717 5232 88 27 Society,
2825 5235 31 19 for
2870 5235 95 20 instance.

2422 5252 55 26 They
2487 5261 33 12 are
2530 5261 11 14 a
2551 5254 52 28 body
2613 5256 21 20 of
2644 5257 72 25 which,
2728 5259 9 21 I
2747 5268 32 12 am
2791 5268 52 18 sure,
2860 5268 28 13 we
2897 5268 34 14 are
2940 5261 27 20 all

2424 5280 71 26 proud,
2505 5280 38 21 hut
2552 5285 22 16 at
2584 5282 35 21 the
2635 5291 54 14 same
2706 5286 49 20 time
2771 5287 48 26 they
2835 5289 58 19 make
2909 5295 58 19 many

2421 5308 47 19 ca.ls
2478 5315 25 12 on
2514 5308 35 20 the
2558 5309 68 25 public
2635 5311 20 20 in
2667 5312 35 20 the
2718 5320 43 19 way
2777 5315 21 20 of
2927 5316 40 20 and

2421 5334 51 20 have
2488 5339 40 16 two
2546 5336 78 21 booked
2642 5339 64 21 ahead
2721 5348 51 14 dow.
2801 5342 63 20 What
2879 5343 9 20 I
2900 5343 65 19 would

2421 5362 39 19 like
2485 5363 19 18 to
2526 5363 36 19 ask
2585 5370 34 12 are
2636 5365 36 21 the
2690 5367 61 21 funds
2769 5369 83 20 realised
2871 5373 21 17 at
2910 5370 55 19 these

2420 5391 89 18 concerts
2530 5389 87 22 devoted
2631 5393 21 19 to
2662 5393 8 20 ?
2696 5394 38 20 We
2757 5395 81 22 haven't
2855 5405 45 12 seen
2924 5404 39 18 any

2420 5416 80 20 balance
2509 5416 58 20 shtet
2576 5417 108 26 published
2700 5421 26 25 by
2742 5422 35 20 the
2787 5424 82 26 society,
2880 5431 36 13 nor
2925 5431 40 18 any

2419 5445 109 19 statement
2538 5443 21 21 of
2569 5444 34 20 the
2613 5451 44 20 way
2667 5446 19 20 in
2697 5448 64 21 which
2773 5450 35 21 the
2818 5457 71 19 money
2900 5450 63 21 which

2419 5471 35 19 the
2463 5471 69 25 public
2541 5471 35 19 has
2589 5474 120 25 generously
2724 5478 128 21 contributed
2869 5478 35 20 has
2914 5478 48 20 been

2418 5499 67 24 spent.
2512 5498 10 20 I
2537 5498 66 21 think.
2620 5499 39 26 Sir,
2676 5500 17 20 if
2708 5501 35 21 the
2761 5506 115 19 committee
2894 5505 22 20 of
2929 5504 35 20 the

2418 5531 32 13 soc
2459 5526 34 23 ety
2504 5531 39 14 was
2557 5526 22 19 to
2593 5525 59 21 make
2670 5527 57 21 these
2737 5533 84 18 matters
2831 5539 54 12 more
2895 5531 70 27 public

2418 5551 48 26 they
2478 5551 65 22 would
2552 5552 25 22 he
2587 5553 61 26 doing
2660 5553 123 24 themselves
2796 5565 12 13 a
2824 5558 29 21 lot
2867 5559 21 20 of
2905 5558 58 27 good,

2416 5579 39 21 and
2466 5579 10 21 I
2485 5581 52 19 offer
2549 5580 36 21 the
2600 5583 114 24 suggestion
2730 5583 33 21 for
2777 5584 54 22 their
2844 5586 119 21 benefit.l

2415 5613 39 16 am,
2466 5611 46 22 etc.,
2818 5614 119 23 EnqUIBEH.

2439 5633 37 21 3kl
2488 5634 52 25 My,
2552 5635 54 21 1897.

2427 5694 5 4 _
2441 5666 42 32 rN.
2492 5668 64 21 doubt
2565 5669 17 20 if
2589 5675 37 14 our
2632 5671 156 25 aorreipondent
2798 5674 68 20 makes
2875 5674 77 26 applica-

2417 5694 42 21 tion
2469 5695 19 20 iu
2500 5695 34 21 the
2544 5702 73 20 proper
2626 5698 83 24 quarter
2726 5697 26 22 he
2766 5701 40 19 will
2824 5702 77 20 receive
2921 5708 40 19 any

2417 5722 130 21 mfoimation
2558 5727 21 16 lo
2589 5723 65 21 which
2664 5723 35 21 the
2709 5725 68 26 public
2786 5734 45 19 may
2841 5729 24 20 be
2874 5728 87 21 entitled
2970 5722 1 35 j

2415 5757 20 13 as
2450 5753 21 16 to
2488 5748 44 21 how
2547 5750 36 20 the
2600 5750 62 21 funds
2679 5754 138 21 accumulated
2836 5755 51 22 from
2903 5757 57 20 the#e

2512 5784 33 14 are
2554 5778 93 25 disposed
2656 5778 53 22 of.
2711 5780 39 22 Ed.
2760 5781 76 27 JCaii..]

3201 191 173 50 Obituary.

3011 269 57 29 MR
3086 268 125 31 MOSES
3231 270 135 30 EDWIN
3384 270 167 30 MANUEL

3049 351 126 28 Another
3186 352 46 29 old
3252 353 55 29 and
3325 352 237 30 much-esteemed

3012 390 104 36 settler,
3129 391 29 28 in
3175 391 47 28 the
3235 401 98 29 person
3353 392 29 29 of
3401 392 44 28 Mr
3470 392 37 28 M.
3532 391 31 28 E.

3015 431 120 37 Manuel,
3161 432 98 38 passed
3285 444 77 25 away
3387 443 35 19 on
3450 431 112 39 Sunday

3015 472 129 38 morning
3152 477 29 24 at
3193 473 63 28 2.30
3267 477 28 25 at
3304 474 43 28 his
3352 473 55 28 late
3415 472 148 35 residence,

3015 510 66 33 Coal
3091 512 98 31 Creek.
3231 513 50 30 His
3294 514 83 31 death
3386 524 55 19 was
3450 517 49 26 not
3511 524 34 19 un-

3014 555 144 37 expected,
3171 565 30 17 as
3213 555 35 28 he
3261 555 54 28 had
3329 557 69 26 been
3417 555 87 35 ailing
3521 554 42 28 for

3015 595 46 29 the
3085 598 63 35 past
3160 594 99 30 twelve
3278 594 118 37 months,
3412 594 40 30 his
3471 593 92 30 illness

3016 635 99 38 taking
3137 645 34 19 an
3196 639 81 26 acute
3301 639 64 26 turn
3391 635 102 38 during
3517 635 46 29 the

3016 677 53 29 last
3090 677 78 28 three
3194 676 120 30 months.
3352 674 60 31 The
3433 686 81 19 cause
3535 676 28 28 of

3015 717 83 31 death
3120 727 56 19 was
3198 717 102 39 dropsy
3323 716 123 40 brought
3467 727 37 19 on
3527 716 36 39 by

3014 759 78 29 heart
3123 759 117 36 disease,
3274 757 55 30 and
3362 758 48 30 the
3441 757 122 31 diseased

3014 800 158 39 gentleman
3185 799 100 40 passed
3298 799 121 39 through
3432 810 16 18 a
3469 799 94 39 period

3013 840 30 30 of
3064 845 80 34 great
3163 840 134 39 suffering
3319 839 67 29 with
3407 840 156 39 examplary

3014 882 124 38 patience
3151 881 55 29 and
3227 880 176 40 resignation.
3443 881 57 29 The
3511 880 52 30 end

3013 933 64 24 was,
3088 923 135 34 however,
3245 921 128 39 painless,
3386 922 47 28 Mr
3453 922 110 28 Manuel

3013 962 113 39 passing
3134 973 76 27 away
3219 962 163 39 peacefully,
3391 962 170 30 surrounded

3013 1004 37 35 by
3065 1004 46 28 the
3123 1004 135 28 members
3269 1003 30 29 of
3311 1003 41 28 his
3365 1002 105 37 family.

3050 1043 57 29 The
3121 1043 54 29 late
3189 1044 46 28 Mr
3248 1042 111 30 Manuel
3380 1053 55 19 was
3458 1053 51 19 one
3535 1041 25 31 of

3013 1084 47 29 the
3073 1084 125 38 pioneers
3212 1083 29 29 of
3252 1083 46 29 the
3309 1083 90 39 Otago
3408 1083 152 39 goldfields,

3013 1124 54 29 and
3081 1124 120 38 through
3215 1124 47 28 the
3284 1124 62 28 best
3370 1134 78 28 years
3469 1124 30 29 of
3520 1124 40 29 his

3014 1166 46 28 life
3062 1164 64 28 in
3142 1164 42 29 his
3204 1164 129 38 vigorous
3354 1164 206 30 manhoodhe

3013 1206 47 28 did
3075 1206 81 28 much
3169 1209 29 25 to
3218 1205 81 29 assist
3321 1205 27 29 in
3372 1205 127 39 building
3525 1216 35 28 up

3013 1247 47 28 the
3072 1246 93 28 future
3174 1246 29 28 of
3216 1245 55 29 this
3286 1245 106 30 district
3441 1246 44 29 He
3507 1257 53 17 was

3013 1287 68 28 born
3105 1286 27 28 in
3154 1286 117 35 Lenner,
3295 1285 134 39 Guennap
3456 1286 104 35 Parish,

3015 1326 108 36 County
3144 1326 29 27 of
3197 1326 145 33 Cornwall,
3365 1326 28 27 in
3420 1327 78 32 1835,
3519 1326 41 28 his

3013 1365 92 26 father
3119 1364 84 36 being
3225 1374 17 16 a
3264 1373 162 27 prosperous
3448 1375 63 17 man
3533 1365 27 26 of

3013 1403 73 39 good
3099 1402 132 38 standing
3250 1402 28 28 iu
3300 1402 42 29 his
3365 1403 90 29 native
3478 1408 80 24 town.

3013 1444 44 30 He
3083 1443 124 29 received
3238 1454 15 18 a
3288 1444 87 28 souud
3407 1444 153 36 education,

3013 1484 53 28 and
3085 1484 85 35 being
3191 1483 29 29 of
3243 1494 33 16 an
3297 1484 184 29 adventurous
3506 1486 41 27 dis-

3013 1524 117 37 position
3154 1523 33 28 he
3208 1523 152 38 emigrated
3386 1528 28 24 to
3440 1524 120 29 Victoria

3013 1564 79 27 when
3112 1562 64 37 only
3201 1562 127 35 eighteen
3350 1573 78 27 years
3450 1565 29 28 of
3500 1575 60 27 age,

3013 1603 27 29 in
3055 1613 135 28 company
3205 1602 64 28 with
3278 1602 43 28 his
3334 1602 226 37 brother-in-law,

3018 1644 25 26 Nf
3047 1654 13 17 r
3072 1643 93 27 James
3180 1642 89 35 Kitto,
3288 1643 30 27 of
3332 1643 62 28 Moa
3405 1644 71 35 Flat,
3496 1645 64 34 they

3015 1684 83 38 being
3113 1688 85 24 mates
3212 1683 43 29 for
3274 1693 80 28 many
3377 1695 78 28 years
3478 1685 69 29 after-

3015 1724 97 27 wards.
3152 1724 14 25 1
3177 1724 50 34 hey
3242 1724 107 26 arrived
3362 1724 27 26 in
3404 1726 156 26 Melbourne

3014 1761 29 29 in
3057 1762 47 28 the
3114 1761 61 40 ship
3197 1761 119 29 Saldana
3338 1763 74 40 early
3432 1764 28 28 in
3485 1764 75 35 1854,

3015 1803 54 29 and
3102 1803 85 38 being
3219 1804 144 35 attracted,
3389 1814 30 19 as
3444 1806 35 28 all
3507 1816 53 18 new

3015 1843 113 31 arrivals
3140 1853 80 24 were,
3234 1848 29 24 to
3276 1844 47 28 the
3347 1844 133 39 diggings
3500 1847 60 37 they

3015 1888 29 24 at
3062 1894 67 18 once
3140 1883 105 28 started
3269 1893 36 28 up
3326 1891 126 32 country.
3491 1886 69 38 They

3016 1924 97 29 visited
3128 1923 26 30 in
3169 1928 65 24 turn
3243 1935 16 17 a
3272 1924 117 30 number
3398 1926 28 28 of
3436 1927 94 29 rushes

3016 1964 98 29 Forest
3128 1964 98 35 Creek,
3248 1966 102 33 Avoca,
3375 1966 26 35 (a
3423 1976 60 19 new
3504 1967 64 28 rush

3016 2006 90 27 where
3121 2004 64 38 they
3197 2004 151 29 unearthed
3362 2016 34 17 an
3420 2008 7 26 1
3440 2009 45 27 loz
3499 2018 52 27 nug-

3016 2046 72 38 get),
3104 2044 155 39 Simpson's
3277 2055 61 19 now
3352 2045 218 40 Maryborough,

3018 2095 91 26 (anew
3119 2084 258 37 rush),Blacknians
3387 2087 75 30 Lead
3471 2089 97 35 (which

3016 2126 65 35 they
3093 2135 72 19 were
3184 2125 193 29 instrumental
3400 2127 27 28 in
3452 2129 118 39 opening

3015 2176 37 29 up
3065 2166 54 29 and
3135 2166 90 28 where
3236 2166 66 35 they
3322 2166 47 29 did
3389 2170 180 38 exceedingly

3015 2208 84 34 well),
3126 2207 47 28 the
3199 2206 57 28 Jim
3282 2206 81 29 Crow
3385 2218 110 30 ranges,
3516 2211 53 28 and

3016 2247 138 30 Creswick
3170 2245 88 31 Creek
3278 2249 63 33 (one
3355 2248 29 29 of
3398 2249 47 30 the
3459 2251 111 40 biggest

3014 2288 96 29 rushes
3121 2288 62 28 that
3193 2289 186 28 everoccured
3388 2289 26 29 in
3426 2291 142 37 Victoria).

3015 2329 81 27 From
3111 2328 141 28 Creswick
3265 2328 89 29 Creek
3370 2331 66 38 they
3459 2337 73 24 went
3542 2338 27 23 to

3015 2368 127 35 Ballarat,
3157 2368 48 29 the
3217 2368 63 39 goal
3301 2369 28 28 of
3351 2370 71 29 their
3435 2372 132 29 ambition

3013 2410 75 29 since
3108 2409 72 29 their
3206 2410 99 29 arrival
3332 2410 28 29 in
3391 2413 47 29 the
3461 2413 107 40 colony,

3012 2451 55 28 and
3081 2449 117 30 reached
3212 2451 78 28 there
3305 2455 27 24 at
3349 2452 48 29 the
3406 2455 54 27 end
3471 2455 29 28 of
3513 2455 55 36 '54,

3012 2500 16 17 a
3041 2490 52 27 few
3108 2489 67 38 days
3186 2489 95 29 before
3295 2491 47 28 the
3369 2492 109 30 famous
3500 2495 68 28 riots

3013 2530 85 30 broke
3124 2535 57 25 out.
3220 2529 58 32 The
3302 2536 86 27 mates
3415 2535 151 30 succeeded

3011 2571 61 29 well
3097 2571 29 28 in
3152 2571 130 37 Ballarat,
3309 2574 56 28 and
3390 2575 96 29 within
3512 2580 54 26 two

3010 2622 78 28 years
3102 2611 46 29 Mr
3161 2612 113 29 Manuel
3285 2615 130 29 returned
3438 2620 29 25 to
3488 2617 58 39 Eng-

3011 2651 74 36 land,
3108 2651 127 37 married,
3259 2654 55 28 and
3340 2665 75 19 came
3440 2656 72 30 back
3537 2661 28 25 to

3011 2692 120 29 Ballarat
3156 2692 67 28 with
3248 2693 42 30 his
3316 2695 63 29 wife
3403 2696 54 30 and
3485 2697 80 29 sister

3013 2733 72 37 (who
3098 2733 162 30 afterwards
3274 2736 117 29 married
3406 2736 45 30 Mr
3467 2737 92 31 James

3010 2773 103 36 Kitto).
3153 2773 57 29 The
3234 2779 80 34 party
3338 2787 77 19 came
3438 2782 48 25 out
3506 2779 53 28 this

3010 2814 65 29 time
3087 2814 29 29 in
3130 2814 46 29 the
3198 2814 60 39 ship
3283 2815 87 40 Royal
3393 2818 125 37 Charter,
3539 2820 20 28 it

3010 2854 84 39 being
3107 2855 49 27 her
3168 2854 61 29 first
3242 2856 65 38 trip,
3322 2858 54 28 and
3390 2858 65 39 they
3469 2863 49 35 got
3532 2862 27 26 to

3011 2894 119 29 Ballarat
3156 2895 29 28 in
3212 2895 81 29 1857.
3332 2898 81 29 After
3433 2899 126 38 working

3008 2944 36 19 on
3069 2935 104 29 several
3200 2935 29 29 of
3255 2936 49 29 the
3325 2937 139 30 Victorian
3497 2939 46 39 dig-

3008 2975 94 38 gings,
3148 2975 163 39 principally
3360 2984 29 22 at
3439 2978 120 30 Ballarat

3009 3015 53 27 and
3096 3013 110 35 Clunes,
3241 3015 68 29 with
3354 3019 118 38 varying
3503 3019 42 29 for-

3009 3060 89 30 tunes,
3119 3053 46 30 Mr
3193 3054 111 30 Manuel
3337 3067 76 19 came
3434 3062 29 24 to
3491 3058 67 29 New

3008 3094 120 30 Zealand
3165 3095 28 28 in
3231 3095 47 29 the
3318 3097 102 41 barque
3447 3098 112 30 Sailor's

3010 3136 91 34 Bride,
3134 3136 132 38 reaching
3299 3138 68 29 Blue
3398 3139 73 39 Spur
3495 3150 64 19 soon

3010 3177 71 29 after
3093 3175 124 31 Gabriels
3232 3178 65 29 rush
3307 3179 85 30 broke
3404 3185 48 24 out
3464 3180 28 29 in
3506 3180 53 30 '62.

3010 3217 52 27 His
3075 3218 63 26 wife
3159 3217 51 27 had
3232 3218 63 28 died
3315 3225 29 23 at
3366 3220 101 28 Clunes
3488 3231 71 18 some

3010 3257 66 27 time
3090 3256 94 29 before
3199 3257 33 28 he
3246 3257 51 29 left
3311 3259 54 29 and
3387 3271 56 17 was
3466 3260 93 29 buried

3010 3301 29 24 at
3058 3297 128 29 Ballarat.
3228 3297 55 29 She
3309 3299 50 29 left
3385 3312 16 16 a
3427 3300 132 38 daughter

3011 3339 70 37 (Mrs
3109 3338 71 28 John
3203 3338 106 34 Harris,
3333 3341 29 28 of
3385 3341 174 39 Roxburgh).

3010 3378 45 29 He
3075 3378 65 29 theu
3155 3379 109 29 worked
3279 3385 29 24 at
3331 3382 46 29 the
3399 3382 68 29 Blue
3491 3383 68 38 Spur

3010 3419 43 29 for
3078 3429 75 18 some
3187 3420 66 28 time
3292 3422 72 29 after
3403 3423 86 29 which
3530 3424 29 28 he

3010 3459 81 39 again
3114 3459 63 38 paid
3191 3470 16 17 a
3220 3460 77 30 short
3311 3462 63 29 visit
3400 3466 29 26 to
3443 3463 116 29 Ballarat

3010 3500 54 28 and
3102 3500 118 28 married
3254 3502 46 28 the
3347 3508 112 32 present
3503 3504 56 28 Mrs

3011 3540 121 30 Manual.
3172 3542 41 28 On
3226 3542 42 29 his
3278 3547 92 26 return
3384 3544 175 31 heremained

3010 3587 28 23 at
3052 3583 69 28 Blue
3141 3584 73 36 Spur
3227 3584 44 28 for
3293 3595 74 18 some
3382 3586 74 35 time,
3473 3587 86 29 where

3010 3623 34 27 he
3067 3632 55 18 was
3147 3622 151 40 uniformly
3321 3626 159 34 successful,
3507 3627 52 27 and

3009 3663 67 27 then
3100 3662 34 28 he
3157 3662 106 29 started
3291 3664 43 29 for
3347 3665 47 28 the
3416 3665 143 36 Shotover,

3009 3702 89 28 which
3133 3702 54 28 had
3214 3702 60 38 just
3299 3704 106 29 broken
3430 3711 56 24 out.
3527 3707 31 27 In

3008 3754 135 28 company
3169 3743 68 30 with
3264 3746 133 39 Anthony
3420 3746 139 38 Knowles,

3007 3785 54 28 and
3075 3784 119 29 Richard
3213 3786 96 36 Blake,
3323 3792 54 24 two
3387 3789 59 27 well
3459 3789 100 28 known

3008 3825 113 39 diggers
3134 3826 30 28 of
3177 3826 61 29 that
3248 3827 75 35 time,
3333 3828 33 29 he
3378 3838 55 19 was
3445 3829 45 29 the
3501 3830 58 29 first

3007 3871 27 24 to
3044 3870 128 35 prospect
3183 3867 48 28 the
3243 3867 151 39 Molynenx
3406 3869 72 30 river
3488 3870 69 29 from

3008 3907 153 28 Beaumont
3185 3911 28 25 to
3238 3907 107 30 Millers
3369 3909 72 37 Flat,
3467 3911 54 28 and
3542 3922 16 17 a

3006 3947 155 40 dangerous
3172 3949 190 38 undertaking
3375 3951 22 28 it
3410 3952 103 37 proved
3529 3956 27 24 to

3007 3989 43 33 be,
3064 3989 36 26 all
3113 3989 76 27 three
3205 4000 62 17 men
3281 3990 104 39 having
3406 3992 151 28 hazardous

3005 4038 119 28 escapes.
3165 4031 38 26 At
3217 4029 47 28 the
3279 4031 136 28 Shotover
3429 4032 33 28 he
3478 4033 52 27 had
3540 4043 15 17 a

3004 4069 52 28 fair
3069 4073 112 24 amount
3195 4069 29 29 of
3235 4080 117 25 success,
3366 4072 54 27 and
3433 4072 34 28 he
3481 4074 75 27 often

3004 4109 103 28 related
3119 4109 68 27 with
3200 4109 79 38 pride
3294 4111 58 27 that
3373 4111 33 28 he
3429 4121 54 19 was
3509 4113 49 27 the

3004 4149 59 28 first
3077 4160 62 17 man
3154 4154 28 23 to
3191 4150 68 27 have
3271 4161 13 17 a
3297 4151 143 37 vegetable
3452 4153 101 33 garden

3003 4191 85 26 there.
3128 4189 82 28 From
3225 4191 47 26 the
3297 4191 136 27 Shotover
3456 4192 32 27 he
3512 4203 28 16 re-

3005 4229 96 28 turned
3112 4235 26 22 to
3149 4229 68 28 Blue
3230 4229 3 41 t
3234 4232 9 11 v
3253 4239 59 27 pur,
3323 4231 52 26 and
3387 4231 73 28 after
3471 4231 82 39 being

3002 4282 16 17 a
3039 4270 120 29 resident
3185 4270 78 28 there
3289 4271 27 26 in
3342 4271 34 27 all
3401 4271 42 28 for
3468 4273 85 27 about

3003 4313 51 28 five
3067 4321 88 28 years,
3170 4311 33 28 he
3217 4320 74 19 came
3306 4316 27 23 to
3344 4311 64 30 Coal
3425 4313 86 28 Creek
3524 4313 26 29 in

3005 4354 76 27 1870.
3123 4352 72 28 Here
3210 4352 32 27 he
3265 4352 148 35 purchased
3436 4363 16 18 a
3473 4354 77 27 small

3003 4396 129 35 property
3146 4393 70 26 from
3231 4390 43 27 Mr
3295 4390 91 37 Harry
3408 4391 141 36 Williams,

3001 4434 56 28 and
3070 4438 28 23 at
3109 4433 45 27 the
3168 4440 73 19 same
3256 4431 63 26 time
3335 4429 107 40 bought
3464 4433 57 28 into
3535 4445 15 16 a

3002 4474 77 28 claim
3095 4473 64 28 with
3170 4471 43 28 Mr
3224 4469 101 39 Jo-eph
3339 4469 144 40 Tamblyn,
3494 4473 52 28 and

3002 4515 34 27 he
3049 4515 48 26 has
3112 4514 68 26 been
3192 4520 34 19 on
3243 4511 44 26 the
3297 4520 75 18 same
3382 4521 49 17 run
3443 4513 30 25 of
3482 4513 65 36 gold

3001 4563 64 18 ever
3097 4553 82 27 since.
3219 4549 35 28 Of
3289 4549 41 28 his
3365 4551 75 26 work
3478 4561 29 16 as
3533 4561 14 16 a

3001 4593 173 36 fruitgrower
3205 4590 21 27 it
3252 4589 21 27 is
3306 4599 179 27 unnecessary
3519 4595 27 22 to

3001 4634 93 35 speak.
3137 4631 69 28 Fron
3243 4640 16 17 a
3284 4628 75 29 small
3391 4629 103 37 garden
3520 4629 26 28 of

3001 4675 84 27 about
3109 4683 35 18 an
3156 4682 61 18 acre
3240 4681 31 18 or
3295 4681 37 23 so,
3359 4670 33 27 he
3417 4669 129 38 enlarged

3003 4715 67 27 until
3084 4721 28 20 at
3125 4715 110 36 present
3248 4711 47 28 the
3305 4710 114 27 orchard
3427 4711 23 27 is
3464 4711 83 27 about

3001 4755 125 28 fourteen
3141 4762 74 19 acres
3229 4753 27 26 in
3277 4755 103 29 extent,
3395 4751 53 28 and
3466 4751 81 37 being

3003 4807 63 17 ever
3085 4795 81 36 ready
3182 4800 28 22 to
3222 4793 82 36 adopt
3318 4791 156 37 up-to-date
3491 4794 42 26 cul-

3003 4835 113 29 tivation
3130 4834 54 28 and
3199 4840 27 21 to
3239 4831 116 28 forward
3367 4832 45 27 the
3421 4832 123 36 industry

3003 4876 25 28 in
3043 4885 80 27 every
3137 4873 117 39 possible
3269 4881 65 27 way,
3356 4870 35 29 its
3413 4872 116 27 advance-

3003 4920 75 25 ment
3091 4916 27 27 in
3133 4915 54 28 this
3207 4912 104 30 district
3334 4911 22 28 is
3380 4911 103 38 largely
3505 4912 27 28 in-

3003 4957 101 28 debted
3115 4962 27 21 to
3152 4956 64 26 him.
3256 4953 56 26 The
3320 4951 53 28 late
3386 4953 41 26 Air
3436 4953 108 27 Manuel

3002 5007 54 18 was
3089 5007 16 17 a
3128 5000 70 23 most
3228 4991 225 40 public-spirited,
3483 5002 62 19 ever

3001 5038 88 26 active
3102 5036 26 27 in
3142 5035 35 28 all
3191 5038 166 24 movements
3371 5033 60 28 that
3443 5033 99 29 tended

3001 5081 27 22 to
3060 5075 121 26 advance
3201 5074 46 26 the
3271 5071 112 27 district.
3424 5072 43 26 He
3489 5082 53 21 was

2998 5112 191 31 instrumental
3208 5112 27 29 in
3259 5109 116 38 starting
3398 5110 47 29 the
3467 5110 55 29 Odd-

2998 5155 112 26 fellow's
3124 5153 53 26 and
3192 5152 76 27 Good
3292 5145 4 41 i
3307 5145 126 41 einplar's
3446 5150 94 36 lodges

2998 5195 25 26 in
3060 5192 163 37 Roxburgh,
3249 5189 51 29 and
3333 5188 101 29 several
3462 5189 77 28 times

2998 5233 74 28 filled
3086 5233 46 26 the
3145 5231 99 28 N.G.'s
3258 5229 73 29 chair
3343 5229 27 27 in
3384 5228 46 28 the
3440 5229 100 28 former

2998 5273 80 34 body,
3112 5272 82 35 being
3225 5271 55 27 also
3306 5269 45 27 the
3377 5269 59 27 first
3461 5270 79 28 Chief

2999 5313 122 37 Templar
3140 5312 28 27 in
3191 5311 54 28 this
3264 5308 116 29 district.
3419 5309 43 30 He
3484 5320 54 19 was

2995 5353 138 38 president
3146 5351 29 28 of
3192 5351 47 27 the
3263 5348 202 38 Fruitgrowers,
3485 5355 34 24 As-

2994 5392 144 34 sociation,,
3147 5397 134 31 secretary
3300 5389 30 28 of
3351 5389 46 29 the
3417 5390 120 39 Railway

2994 5433 118 30 League,
3133 5431 136 28 chairman
3297 5430 28 27 of
3351 5431 46 26 the
3422 5431 113 28 Miners'

2994 5471 179 35 Association,
3199 5471 54 26 and
3277 5480 16 16 a
3313 5471 107 28 Justice
3441 5472 28 27 of
3490 5472 46 27 the

2993 5512 94 27 Peace.
3126 5510 44 28 He
3185 5520 54 17 was
3251 5520 16 17 a
3285 5509 106 28 zealous
3416 5511 120 28 member
3549 5508 2 41 |

2992 5552 28 29 of
3033 5551 46 28 the
3096 5550 143 37 Wesleyan
3258 5548 118 38 Church,
3398 5551 54 28 and
3474 5561 45 29 pro-

2991 5591 92 29 moted
3089 5591 45 28 the
3144 5589 123 38 building
3278 5590 29 27 of
3318 5600 79 28 many
3405 5592 129 28 churches

2991 5631 168 36 throughout
3168 5631 45 27 the
3224 5630 116 34 district,
3354 5633 75 26 often
3439 5632 96 37 taking

2990 5682 16 17 a
3018 5671 73 27 hand
3105 5670 65 27 with
3184 5670 47 28 the
3244 5670 122 28 hammer
3378 5671 89 28 where
3486 5682 31 17 ex-

2989 5714 61 35 pert
3064 5709 95 30 labour
3171 5720 54 18 was
3240 5710 130 36 wanting.
3408 5711 33 28 Jn
3452 5722 79 28 every

2989 5753 106 36 respect
3119 5760 16 19 a
3156 5750 73 38 good
3250 5750 115 29 colonist
3386 5752 29 29 of
3436 5751 95 40 kindly

3591 192 170 38 disposition,
3775 193 90 37 genial
3878 193 54 29 and
3945 193 114 39 popular
4069 193 79 31 wiski

3589 231 37 29 all
3639 232 66 28 with
3717 232 89 29 whom
3819 233 34 28 he
3873 244 74 18 came
3970 233 28 28 in
4018 231 121 31 contact.

3591 271 54 28 and
3657 282 34 18 an
3714 272 146 40 indulgent
3881 273 100 35 father,
4002 273 41 28 his
4059 273 75 39 place

3592 312 54 29 will
3654 312 34 29 be
3698 312 70 29 hard
3778 317 29 25 to
3816 313 39 28 fill
3865 313 28 29 in
3900 324 51 19 our
3960 314 191 38 community,,

3591 352 55 29 and
3659 353 35 28 he
3709 353 53 28 will
3774 353 36 29 be
3832 353 101 30 missed
3954 354 38 37 by
4014 354 76 29 hosts
4108 355 29 28 of

3592 392 105 28 friends
3734 392 172 38 throughout
3945 392 99 38 Otago.
4094 393 45 30 He

3591 432 91 29 leaves
3714 443 16 18 a
3763 432 72 36 wife,
3873 433 77 29 three
3986 444 64 18 sons
4081 434 54 29 and

3592 475 56 26 two
3686 472 150 40 daughters
3888 477 29 26 to
3958 484 96 18 mourn
4097 472 56 40 his.

3594 513 63 37 losSj
3677 513 55 30 and
3758 519 28 24 to
3808 513 76 30 them
3910 524 40 19 we
3975 514 96 30 tender
4093 526 49 19 onr

3593 555 150 37 respectful
3748 555 146 38 sympathy
3907 555 28 28 in
3947 555 70 28 their
4027 556 127 29 bereav--

3594 599 83 26 ment.

3770 644 52 20 THB
3836 644 130 21 FUNERAL.

3630 685 58 28 The
3702 684 106 29 funeral
3822 684 67 29 took
3908 684 77 39 place
3998 694 36 19 on
4056 684 67 29 Tues-

3593 726 62 38 day,
3669 725 56 30 and
3738 725 47 29 the
3798 727 99 38 cortege
3909 735 54 18 was
3975 734 52 20 one
4049 723 30 30 of
4095 724 47 28 the

3593 767 103 39 largest
3711 776 64 19 ever
3794 766 148 30 witnessed
3961 766 28 28 in
4009 765 55 29 this
4089 765 66 29 dis--

3593 807 72 30 trict.
3705 807 73 30 Over
3801 807 75 38 forty
3907 806 129 36 vehicles,
4057 805 86 39 thirty

3593 849 151 35 horsemen,
3756 848 54 29 and
3829 859 17 18 a
3867 848 76 37 large
3965 846 118 31 number
4108 857 35 18 on

3592 890 67 36 foot,
3685 889 108 30 besides
3817 889 47 30 the
3890 888 137 31 members
4045 887 30 29 of
4096 887 59 29 the-

3593 930 177 29 Oddfellows'
3806 930 77 29 Good
3909 929 152 38 Templars,
4086 927 55 28 and

3593 970 150 30 Foresters'
3770 970 108 38 Lodges
3899 969 127 30 followed
4048 969 28 28 in
4095 968 58 29 the>

3592 1011 154 39 procession
3804 1011 57 28 The
3897 1010 103 29 service
4031 1012 30 25 at
4096 1009 59 28 the*

3592 1061 84 27 grave
3695 1061 56 19 was
3772 1051 153 30 conducted
3949 1051 35 38 by
4008 1049 47 30 the
4075 1049 67 28 Rev.

3593 1093 45 28 Mr
3651 1093 121 37 Hooper,
3786 1091 46 29 Mr
3845 1091 31 30 T.
3892 1091 120 29 Andrew
4025 1089 115 38 reading

3591 1133 47 28 the
3645 1132 175 30 Oddfellows'
3831 1132 103 29 service
3945 1143 7 24 ;
3973 1130 54 29 and
4038 1131 103 28 Messrs
4149 1145 6 14 i

3591 1173 31 30 T.
3637 1173 129 34 Andrew,
3779 1172 28 29 J.
3819 1173 85 36 Snell,
3917 1173 27 29 J.
3960 1171 80 41 Ryan
4047 1170 54 31 and
4111 1171 38 30 J..

3593 1214 107 29 Moodie
3713 1223 71 19 were
3796 1213 56 39 pall
3873 1214 116 28 bearers.
4029 1214 39 28 At
4090 1212 47 29 the

3591 1254 71 30 close
3675 1254 29 29 of
3717 1254 47 28 the
3777 1254 104 29 service
3894 1254 46 29 the
3954 1254 75 29 choir
4047 1254 29 28 of
4088 1253 47 29 the

3590 1295 68 28 local
3687 1294 102 28 church
3817 1305 70 27 sang
3915 1305 34 17 an
3978 1294 160 38 appropiate-

3589 1335 85 35 hymn
3696 1335 29 26 in
3744 1345 16 16 a
3777 1333 103 29 solemn
3903 1335 55 26 and
3976 1333 161 38 impressive
4146 1350 8 13 >

3591 1382 121 19 manner.

3674 1460 68 43 The
3763 1461 124 42 Dismal
3913 1460 133 52 Swamp

3775 1513 188 41 Reservoir.

3643 1621 190 21 PROBABILITY
3847 1621 35 21 OF
3897 1622 183 23 RESUMPTION

3739 1654 36 20 BY
3790 1654 196 22 GOVERNMENT

3630 1736 57 28 Our
3699 1736 108 27 readers
3820 1737 54 26 will
3885 1738 64 26 hear
3972 1738 66 28 with
4059 1742 81 32 greafc-

3593 1775 124 40 pleasure
3731 1775 60 29 that
3804 1775 76 30 there
3892 1775 22 30 is
3937 1778 80 36 eve%
4040 1778 114 38 proba-.-

3594 1818 80 36 bility
3687 1817 29 28 of
3724 1816 45 28 the
3784 1816 184 30 Government
3979 1819 27 27 in
4015 1819 46 27 the
4071 1830 66 17 near

3596 1858 92 27 future
3719 1856 99 38 taking
3855 1867 64 18 over
3949 1858 47 27 the
4033 1858 104 28 Dismal

3598 1897 109 37 Swamp
3723 1896 150 35 Heservoir,
3895 1897 53 27 and
3975 1898 164 37 proceeding

3598 1937 64 29 with
3677 1937 46 28 the
3745 1936 103 38 raising
3860 1936 29 30 of
3914 1938 47 28 the
3984 1938 63 30 dam
4071 1940 81 31 wall..

3598 1978 53 28 We
3676 1978 70 28 have
3770 1988 35 18 no
3819 1978 96 28 official
3941 1979 137 37 anthority
4102 1980 43 29 for-

3599 2018 116 38 making
3725 2018 47 28 the
3782 2022 226 33 announcement,
4018 2020 50 28 but
4076 2020 68 28 have
4157 2018 2 38 .

3599 2060 47 28 the
3659 2059 174 29 information
3848 2060 70 28 from
3938 2070 34 18 an
3995 2061 133 28 authorita-

3598 2100 56 28 tive
3687 2108 103 26 source,
3824 2108 30 18 as
3893 2110 49 18 our
3975 2100 106 28 adviser
4121 2101 22 27 is

3599 2140 60 28 well
3697 2138 136 30 informed
3883 2149 28 18 as
3955 2144 28 24 to
4021 2140 45 29 the
4103 2140 56 29 in-*

3598 2180 121 29 tentions
3732 2180 30 28 of
3777 2180 46 28 the
3846 2179 185 30 Government
4052 2181 27 28 in
4099 2182 45 27 the
4154 2202 5 5 -

3600 2226 108 23 matte**.
3748 2220 57 28 The
3819 2219 73 29 Hon.
3902 2220 44 28 Mr
3960 2220 122 29 Larnach
4095 2221 48 28 has
4158 2219 1 34 ,

3599 2260 86 40 urged
3700 2260 47 29 the
3760 2260 94 29 claims
3867 2260 29 29 of
3904 2261 46 28 the
3960 2261 106 29 district
4077 2262 64 29 with
4153 2260 3 40 ,

3598 2302 100 38 regard
3723 2306 28 24 to
3777 2301 46 28 the
3840 2302 133 27 reservoir
3986 2312 33 19 on
4034 2303 45 28 the
4090 2303 35 29 Go-

3599 2346 143 24 vernment
3749 2342 64 27 with
3827 2342 202 28 characteristic
4041 2353 101 22 energy

3598 2382 55 29 and
3678 2382 167 40 persistance
3871 2382 67 28 both
3951 2382 74 39 prior
4047 2387 28 24 to
4088 2383 53 28 and

3598 2424 101 39 during
3725 2423 47 30 the
3796 2423 55 29 late
3886 2423 114 36 session,
4021 2424 53 29 and
4099 2425 60 28 the*

3598 2465 128 28 Minister
3737 2464 43 27 for
3794 2463 100 35 Mines,
3906 2464 59 27 who
3979 2464 48 28 has
4045 2465 98 37 always

3597 2505 67 29 been
3676 2514 17 18 a
3704 2503 61 29 firm
3788 2502 120 29 believer
3920 2502 28 29 in
3961 2503 47 29 the
4029 2503 113 40 project,

3597 2547 49 28 has
3660 2545 121 39 brought
3802 2545 23 28 it
3845 2544 95 29 before
3962 2545 47 29 the
4029 2546 116 29 Cabinet

3598 2587 66 28 with
3675 2586 47 29 the
3739 2585 88 36 effect,
3840 2595 40 18 we
3897 2585 178 37 understand,
4084 2587 60 28 that

3594 2627 66 38 they
3681 2627 70 28 have
3775 2625 135 29 allocated
3933 2626 46 29 the
3999 2636 143 29 necessary

3593 2667 93 29 funds.
3725 2665 65 30 This
3825 2665 23 30 is
3877 2676 67 27 very
3967 2666 174 39 satisfactory

3592 2707 183 35 intelligence,
3789 2707 55 28 and
3869 2716 41 19 we
3923 2707 71 38 hope
4008 2717 44 19 ere
4073 2707 69 39 long

3591 2752 28 25 to
3634 2747 35 29 bo
3680 2747 27 29 in
3722 2759 15 17 a
3751 2747 119 39 position
3883 2750 28 26 to
3925 2751 71 26 state
4015 2748 127 39 officially

3591 2789 61 28 that
3664 2789 47 28 the
3722 2789 159 37 enterprise,
3895 2789 89 28 which
3996 2789 23 28 is
4033 2789 29 29 of
4072 2789 77 37 such,

3590 2829 186 36 far-reaching
3817 2829 170 36 importance
4022 2833 28 24 to
4087 2830 48 28 the

3589 2869 115 34 district,
3731 2868 53 29 will
3808 2868 34 28 be
3855 2867 105 29 started
3973 2877 35 20 on
4022 2878 16 19 a
4050 2869 96 37 given,

3588 2909 71 27 date.

3731 2998 125 49 Mining
3888 2998 113 41 Notes.

3626 3090 56 28 The
3732 3089 153 40 Roxburgh

3592 3131 123 38 Sluicing
3739 3130 46 29 Co.
3808 3131 108 28 washed
3930 3142 35 28 up
3979 3142 35 18 on
4040 3132 105 38 Friday,

3589 3172 72 28 after
3674 3182 16 17 a
3713 3171 77 30 three
3803 3171 89 29 weeks
3906 3183 60 19 run.
4005 3172 43 29 No
4068 3176 5 25 I
4090 3172 42 31 life

3590 3212 107 38 yielded
3709 3213 76 27 720z.
3796 3213 53 27 and
3860 3212 44 29 No
3914 3214 15 27 3
3941 3213 105 36 yielded
4054 3215 80 33 790z;
4142 3212 3 38 ;

3593 3251 76 28 value
3680 3253 71 27 5Bl
3769 3252 38 28 7s.

3629 3291 57 29 The
3700 3291 107 29 Ettrick
3817 3292 108 29 washed
3937 3303 35 28 up
3982 3293 42 28 for
4040 3292 95 38 13|ozs

3593 3332 28 29 of
3634 3333 65 37 gold
3709 3344 35 17 on
3756 3331 145 40 Saturday.
3942 3333 97 40 Owing
4048 3340 27 23 to
4089 3334 46 30 the

3592 3374 72 27 river
3691 3373 144 40 subsiding
3860 3375 47 28 the
3933 3375 202 38 dredgeinaster

3591 3417 113 35 expects
3729 3420 29 23 to
3784 3415 68 28 have
3876 3425 75 19 more
3975 3416 108 29 trouble
4108 3417 27 28 in

3591 3455 122 37 opening
3727 3458 47 25 out
3787 3465 16 18 a
3814 3455 57 29 face
3880 3466 35 18 on
3925 3461 116 24 account
4051 3457 27 28 of
4091 3457 44 28 the

3591 3495 122 38 tailings.
3752 3495 56 28 The
3833 3500 142 33 prospects
3986 3507 45 18 are
4048 3497 73 28 excel-

3591 3534 66 38 lent,
3666 3545 30 19 as
3710 3535 64 39 they
3784 3535 70 30 have
3866 3535 121 41 recently
4001 3540 55 26 met
4071 3537 62 29 with

3590 3588 16 17 a
3628 3586 74 20 cross
3716 3588 50 17 run
3779 3578 30 28 of
3822 3579 74 27 wash
3910 3579 86 28 which
4028 3579 107 38 yielded

3592 3617 74 34 dwt
3680 3622 27 23 to
3721 3618 46 27 the
3780 3619 103 27 shovel.

3627 3657 58 29 The
3695 3657 153 38 Roxburgh
3861 3658 105 39 dredge
3975 3669 34 19 on
4021 3662 113 25 account

3590 3697 29 27 of
3633 3697 45 28 the
3692 3702 92 23 recent
3798 3697 80 36 flood,
3888 3699 53 27 had
3953 3702 28 25 to
3992 3699 33 27 be
4034 3699 100 27 shifted

3594 3737 58 29 15ft
3677 3737 80 37 back,
3772 3737 54 30 and
3838 3739 21 28 it
3873 3739 66 29 took
3952 3739 62 30 four
4027 3739 66 39 days
4107 3743 26 25 tc

3589 3779 77 27 clean
3692 3784 48 22 out
3765 3780 47 27 the
3836 3780 44 28 old
3904 3781 135 38 paddock.
4078 3780 55 28 The

3589 3819 155 39 remaining
3756 3823 52 26 two
3824 3820 66 39 days
3904 3822 108 37 yielded
4026 3822 62 27 9ozs
4106 3822 27 28 of

3588 3859 75 39 gold.
3723 3860 57 28 The
3829 3861 207 39 dredgemaster
4087 3861 46 30 has

3587 3900 105 38 opened
3720 3906 48 23 out
3792 3912 16 18 a
3833 3904 60 27 face
3918 3903 87 28 which
4019 3902 114 29 extends

3587 3940 70 30 from
3682 3941 46 29 the
3756 3942 85 28 beach
3866 3943 75 37 right
3977 3953 89 19 across
4087 3942 45 31 the

3587 3981 73 27 river
3683 3981 64 31 and,
3761 3982 54 27 this
3838 3984 75 27 week
3934 3984 34 28 he
3981 3987 120 35 expects,
4116 3995 17 18 a

3586 4020 163 28 substantial
3765 4026 101 23 return.

3623 4060 57 29 The
3697 4060 105 30 Golden
3826 4062 157 30 Treasure's
3997 4065 74 27 wash
4098 4075 45 27 up,

3585 4104 27 24 to
3653 4102 136 37 Saturday
3826 4113 54 17 was
3916 4104 78 28 13ozs
4021 4109 5 23 1
4040 4106 92 27 Idwts.

3584 4139 57 30 The
3667 4140 103 39 dredge
3785 4142 48 28 has
3847 4144 68 28 been
3928 4144 101 29 shifted
4043 4156 35 17 on
4104 4150 27 23 to

3582 4180 47 28 the
3641 4186 58 22 east
3709 4182 58 27 side
3780 4184 29 26 of
3822 4183 45 27 the
3878 4184 78 34 river,
3968 4185 54 27 aud
4036 4186 22 27 is
4069 4196 61 17 now

3584 4219 129 39 working
3727 4232 15 16 a
3755 4221 74 39 large
3838 4222 56 28 Hat.

3618 4259 58 29 The
3702 4260 102 30 Golden
3833 4262 66 28 Gate
3913 4263 108 32 washed
4036 4274 43 27 up,
4092 4275 42 18 on.

3582 4299 134 40 Saturday
3728 4302 44 29 for
3785 4303 246 29 llozs4dwtsfora
4043 4305 83 29 week.

3580 4342 56 28 The
3681 4342 207 39 dredgemaster
3931 4346 196 36 contemplates

3580 4382 112 35 moving
3706 4383 46 26 the
3772 4383 104 37 dredge
3896 4384 71 28 from
3986 4385 45 27 the
4052 4385 73 27 bank

3579 4425 48 23 out
3640 4421 57 28 into
3711 4422 45 28 the
3770 4427 107 23 stream.

3615 4460 57 30 The
3688 4462 125 29 Pleasant
3826 4463 98 39 Valley
3947 4464 178 38 Gpldmining

3579 4501 47 27 Co.
3643 4502 106 26 washed
3772 4513 35 26 up
3831 4508 28 22 at
3880 4505 54 28 the.
3947 4506 53 26 end
4020 4507 29 25 of
4074 4506 51 26 last

3578 4541 73 24 week
3666 4541 42 26 for
3723 4541 77 26 i4oz.s
3816 4542 84 26 7dwts
3932 4548 85 29 logrs.
4059 4544 66 29 This,

3577 4578 83 25 result
3672 4588 53 15 was
3739 4579 42 26 for
3795 4585 52 20 two
3862 4580 90 28 weeks
3968 4582 73 28 work
4057 4582 65 28 with

3575 4617 35 27 3(3
3643 4617 81 27 hours
3749 4621 92 24 water.
3880 4618 76 38 They
3984 4629 45 19 are
4059 4631 66 20 now,

3577 4656 123 39 working
3714 4657 181 29 intermittent
3911 4659 64 29 time
3989 4661 92 38 owing
4094 4667 28 25 to

3575 4697 140 28 shortness
3730 4698 29 27 of
3772 4705 90 21 water.
3904 4698 50 29 We
3974 4701 65 27 hear
4057 4703 68 37 they.

3574 4747 46 18 are
3634 4748 35 17 on
3684 4749 16 16 a
3712 4738 58 27 nice
3784 4748 49 17 run
3848 4737 28 28 of
3888 4738 75 38 gold.

3612 4777 57 28 The
3683 4776 125 30 Dunedin
3829 4777 112 40 dredge,
3963 4780 88 30 which
4072 4782 51 31 has

3576 4819 67 26 been
3657 4819 169 33 overhauled,
3841 4820 103 26 started
3954 4824 27 23 to
3998 4823 73 27 work
4083 4834 35 16 on

3576 4857 128 39 Monday.

3610 4899 111 28 Louden
3735 4897 52 29 and
3801 4903 79 34 party
3893 4899 67 29 have
3970 4910 59 20 now
4045 4902 78 29 their,

3572 4938 137 39 elevating
3718 4939 75 37 plaut
3803 4940 27 27 in
3842 4939 50 28 full
3903 4940 95 37 swing.
4039 4941 75 38 They

3572 4988 44 17 are
3639 4978 92 38 lifting
3751 4986 28 20 at
3799 4984 110 33 present
3937 4981 84 28 about
4044 4982 69 33 10ft,

3570 5017 57 28 and
3641 5020 45 26 the
3706 5019 135 39 elevating
3860 5019 77 38 plant
3960 5027 48 23 not

3570 5058 60 26 able
3650 5064 27 20 to
3709 5068 77 26 carry
3817 5059 134 29 sufficient
3978 5068 82 21 water
4085 5069 36 26 to.

3570 5106 75 28 carry
3654 5106 76 30 away
3743 5098 45 27 the
3803 5097 121 41 tailings,
3937 5100 64 39 they
4019 5101 59 36 find,
4088 5102 22 30 in

3568 5146 141 26 necessary
3721 5143 28 22 to
3775 5138 70 38 keep
3859 5150 15 17 a
3890 5142 222 37 supplementary

3568 5175 62 28 feed
3643 5176 94 33 going.

3609 5215 99 29 Walles
3721 5217 52 28 aud
3786 5223 89 33 party,
3887 5221 29 27 of
3927 5221 64 29 Coal
4014 5221 97 37 Creek,

3566 5255 69 29 have
3649 5257 70 28 their
3730 5257 140 38 hydraulic
3887 5261 76 36 plant
3976 5261 142 40 complete'

3568 5306 67 25 now,
3649 5298 53 26 and
3716 5307 45 20 are
3775 5299 113 38 waiting
3907 5301 43 29 for
3971 5303 46 27 the
4039 5303 70 29 river

3566 5341 27 24 to
3605 5348 35 26 go
3652 5338 79 27 down
3741 5337 27 29 in
3779 5339 79 28 order
3866 5343 101 33 to,take
3978 5349 47 22 out
4038 5344 76 29 their,

3566 5377 60 28 first
3638 5378 135 37 paddock.

3601 5417 56 28 The
3667 5418 87 28 iuliria
3763 5419 104 39 dredge
3873 5422 47 28 has
3930 5422 90 30 closed
4030 5424 80 30 down

3565 5467 39 18 we
3617 5458 73 34 hear,
3704 5460 122 37 pending
3848 5473 207 28 arrangements
4077 5478 29 17 as

3565 5504 26 21 to
3605 5508 15 17 a
3634 5508 58 17 new
3710 5500 178 38 proprietary.

3604 5538 49 27 We
3667 5541 166 28 unuer4aud
3849 5547 58 25 tiiat
3921 5544 46 29 the
3987 5545 105 40 Benger-

3564 5577 67 29 buru
3671 5581 45 28 Co.
3750 5582 100 39 (newly
3881 5585 117 38 formed)
4040 5594 76 27 have,

3564 5620 75 27 made
3657 5631 33 16 an
3706 5621 65 28 uftVi-
3857 5625 46 28 the
3923 5630 132 34 purchase
4077 5616 39 42 of'

3564 5659 42 26 the
3620 5661 93 26 (.Kalcii
3729 5661 62 28 iiuu
3809 5664 113 39 uredge.

3596 5698 57 29 T..u
3686 5704 20 23 (j
3720 5706 73 23 -nlwt
3817 5703 62 31 Kun
3904 5705 126 40 (Sluicing
4056 5708 48 30 Co.

3564 5750 40 19 are
3618 5742 53 29 swiJ
3686 5743 116 35 stopped
3817 5746 42 28 for
3880 5754 71 22 want
3964 5748 28 29 of

1840 90 196 48 MOUM
2120 95 227 50 BESGER
2432 97 152 44 MAIL.

3562 97 164 52 Friday,
3749 99 103 51 Hay
3873 101 39 44 7,
3937 99 119 41 1897T

133 183 220 43 SATURDAY,
375 191 53 30 Bth
452 191 54 30 Ma
513 191 37 38 Y,
570 193 81 36 1897,

287 230 38 27 At
338 237 49 20 two
400 232 101 29 o'clock.

114 304 130 55 JAB
265 308 23 30 E
308 310 21 29 Z
405 311 264 33 BURTON

190 348 45 28 has
247 351 111 27 received
378 352 163 29 instructions
553 354 62 27 from
628 355 41 26 Mr

120 384 174 30 Cruickshank
308 394 25 21 to
345 389 45 27 sell
414 390 32 37 by
465 390 85 38 public
571 392 98 27 auction

118 433 34 18 on
164 424 41 28 the
221 424 129 37 Premises,
364 434 25 21 at
403 428 148 38 Roxburgh,
565 430 39 27 his

151 473 238 34 HOUSEHOLD
407 478 236 39 FURNITURE,

305 519 145 36 Consisting
468 520 28 28 of

292 556 93 27 Round
423 558 77 26 Table
530 557 139 35 (first-class

225 593 103 36 article),
343 595 108 28 Kitchen
461 595 96 32 Tables,
570 595 99 27 Vienna

225 631 48 28 and
298 631 109 30 Kitchen
432 633 95 33 Chairs,
552 631 118 37 Rocking

225 671 84 33 Chair,
334 672 112 26 Colonial
476 671 65 32 Sofa,
572 671 97 27 Double

225 708 59 27 Iron
295 710 48 26 and
349 708 82 28 Wood
440 708 144 32 Bedsteads,
588 708 64 26 Wire-

225 755 85 19 woven
329 748 153 31 Mattrasses,
502 746 86 37 Single
610 745 57 27 Iron

225 783 62 35 Bed,
301 785 98 28 Fender
408 785 49 27 and
468 785 78 32 Irons,
557 784 111 32 Mirrors,

225 822 161 34 Wasbstand,
395 821 191 33 Perambulator,
593 821 60 27 Lino-

225 860 78 28 leums
316 861 44 35 (12
374 870 14 17 x
404 859 42 36 12)
464 859 37 27 for
519 865 48 20 two
580 867 88 24 rooms,

226 898 120 27 Countess
360 898 74 27 Stove
447 897 48 28 No.
510 898 14 26 7
538 895 130 36 (complete

225 936 62 27 with
313 936 75 36 pots),
415 934 98 27 Eureka
548 934 120 34 Wringer

225 974 47 25 and
285 972 111 35 Mangle,
419 971 86 28 Churn
519 971 59 27 with
591 971 76 34 Dairy

223 1010 122 32 Utensils,
358 1009 101 28 Garden
477 1008 80 32 Tools,
573 1007 47 36 100
620 1007 47 36 yds

223 1049 59 25 wire
308 1047 89 27 Babbit
422 1046 114 35 Netting,
565 1046 16 26 4
606 1045 62 34 bags

223 1085 69 33 Oafs,
315 1085 49 36 bag
386 1084 75 31 Bran,
481 1087 86 33 empty
590 1082 76 35 Bags,

225 1124 113 35 Fencing
376 1123 79 31 Wire,
497 1121 92 36 Scythe
619 1120 47 27 and

223 1161 84 27 Stable
327 1161 138 37 requisites,
484 1159 85 33 Casks,
590 1158 76 31 Tubs,

223 1200 47 26 and
295 1208 13 18 a
331 1199 117 38 quantity
466 1199 28 26 of
503 1197 105 28 .articles
627 1203 41 21 too

223 1247 132 18 numerous
369 1243 24 20 to
406 1236 175 37 particularise.

216 1310 156 35 FRIDAY,
399 1310 67 29 13th
483 1308 94 30 MAY.

327 1362 44 25 At
391 1362 11 24 1
424 1370 57 26 p.m.

164 1445 78 21 NTJAI
252 1445 70 21 S.ALE
334 1445 72 25 80,000
416 1445 70 21 FEET
501 1444 167 22 FIRST-CLASS

336 1484 114 21 TIMBER.

129 1556 36 37 f
181 1555 99 28 ODD
333 1555 62 28 BR
409 1555 23 28 O
447 1555 28 29 vS.
526 1555 24 29 &
599 1553 67 30 CO.

201 1597 61 24 ):.ve
285 1595 108 27 received
419 1595 161 27 instructions
604 1593 64 28 from

176 1645 10 11 !
207 1634 85 27 JVrrv,
318 1633 67 37 Esq.,
406 1640 24 18 to
451 1634 60 26 offer
530 1634 30 36 by
586 1632 82 38 public

179 1682 65 14 t
259 1675 28 22 At
308 1672 120 37 Tapanui,

190 1719 31 24 80
234 1719 48 24 000
297 1719 44 24 feet
356 1718 28 24 of
480 1718 107 27 Timber,
600 1726 65 17 com-

259 1754 98 36 I'rieing
371 1754 120 35 Building
505 1754 114 27 Material
642 1755 24 25 in

259 1794 30 26 ill
309 1795 60 26 sizes
391 1794 47 26 and
461 1793 107 34 lengths,
585 1792 83 28 White

261 1832 59 25 Fine
330 1831 27 27 T.
372 1832 47 25 and
434 1831 29 26 G.
479 1830 120 35 Flooring
620 1830 47 26 and

258 1868 101 32 Lining,
376 1868 76 26 Black
469 1867 60 27 Pine
551 1867 117 33 Flooring

258 1908 47 26 and
322 1905 112 29 Rebated
450 1906 102 31 Boards,
567 1906 101 35 Mining

261 1945 5 26 1
280 1947 77 32 arbes,
379 1947 131 29 Strainers,
533 1945 135 32 Firewood,

257 1984 91 35 Sledge
364 1983 139 33 Huts,.<c,
516 1984 51 32 &c.|

192 2063 196 27 LUNCHEON
407 2062 194 27 PROVIDED.

215 2142 104 28 TODD
332 2141 107 31 BROS.
454 2140 24 29 &
492 2140 67 35 CO.,
629 2161 6 9 .
653 2140 3 35 .

461 2194 170 26 Auctioneers.

158 2269 153 36 FKIDAZ,
336 2270 14 28 2
358 2272 43 26 Ist
429 2269 95 36 MAY,
551 2269 80 36 1897,

270 2319 32 23 At
315 2317 17 26 2
345 2317 92 26 o'clock
451 2326 58 26 p.m.

141 2402 28 27 J
255 2402 27 28 S.
348 2395 318 35 VALENTINE

152 2439 10 14 a
178 2448 8 7 *
227 2444 47 25 ba*
291 2441 109 27 received
423 2442 162 27 instructions
604 2442 61 25 from

174 2481 121 25 Directors
309 2480 23 25 of
348 2479 40 26 the

156 2542 105 21 rj\*lTEfl
288 2540 147 22 HEr.CULES
461 2540 172 21 HYDRAULIC

174 2569 135 22 SLUICING
322 2568 139 21 COMPANY
476 2567 136 26 (LIMITED)

155 2609 4 37 .
169 2611 45 27 fTer
227 2611 35 26 for
276 2610 49 26 sale
339 2609 31 37 by
381 2609 82 36 public
476 2610 107 31 auction,

277 2666 35 22 AT
338 2665 168 27 ROXBURGH,

161 2711 18 24 ir
195 2707 15 23 V
219 2707 94 27 aluable
326 2707 121 35 Property
456 2711 25 21 at
491 2705 42 27 the
543 2705 122 28 Hercules

165 2750 17 25 r;
195 2747 17 26 If
218 2745 121 35 oxburgh,
348 2745 138 34 consisting
496 2743 38 28 of:

152 2802 147 29 SPECIAL
350 2800 125 34 CLAIM,
519 2801 147 35 containing

219 2841 47 26 61a
279 2841 48 32 17p
337 2840 79 33 (more
426 2848 26 17 or
463 2838 65 35 less),
535 2838 127 35 including

220 2888 12 17 a
247 2877 70 27 block
331 2877 28 25 of
365 2876 96 35 ground
475 2885 59 17 near
547 2876 41 26 the
602 2877 63 25 river

219 2916 91 26 known
322 2921 25 18 to
360 2913 30 27 be
409 2913 89 36 highly
520 2912 142 32 auriferous,

221 2949 45 30 and
280 2951 79 27 which
371 2950 71 28 could
456 2950 28 27 be
498 2950 96 27 worked
609 2950 41 27 dur-

218 2991 44 34 ing
275 2990 41 26 the
329 2990 87 25 winter
429 2989 107 26 months.

156 3042 125 28 WATER
305 3041 111 27 RACES
439 3041 59 26 from
514 3040 41 27 the
575 3040 86 27 Teviot

219 3080 86 27 Cn>?k.
320 3079 58 27 with
402 3079 41 26 the
456 3078 67 36 right
546 3086 24 19 to
592 3088 69 28 carry

218 3119 31 26 23
263 3118 73 26 Leads
349 3119 23 25 ol
386 3125 82 18 water.

157 3176 43 22 he
244 3171 119 28 Valnable
405 3170 108 29 STEEL
552 3170 108 29 PIPFS.

217 3211 40 26 HA
266 3210 73 31 NDS,
346 3208 314 32 VALVEB,KOZZLES,

216 3247 54 32 &c,
284 3248 23 25 in
322 3247 144 27 connection
487 3245 138 27 therewith.

315 3300 143 28 Residenc-.
486 3298 174 28 Blacksmith's

214 3339 75 35 Shop,
328 3338 187 33 Outbuildings,
555 3337 105 35 Rolling

212 3377 126 29 Mchine,
372 3376 133 32 Punching
534 3375 125 32 Machine,

205 3415 105 34 .Boring
334 3413 125 28 Machine.
486 3413 174 26 Blacksmiths'

213 3452 46 26 ami
284 3452 155 34 Carpenters'
459 3451 84 31 Tools,
559 3450 100 31 Chains,

212 3491 84 32 Hopes
329 3489 98 32 Blocks,
448 3489 86 25 Sheets
548 3489 26 25 of
585 3488 74 31 Steel,

212 3528 47 25 ;i7i(l
275 3527 125 27 Sundries.

150 3580 169 27 ELECTRIC
336 3579 111 28 LTOHT
463 3579 124 26 PLANT,
600 3588 43 17 con-

212 3618 89 32 sisting
313 3616 185 36 ofDynamo,
520 3615 30 35 by
570 3614 87 30 Elwell

211 3654 47 26 nnd
284 3653 101 32 Parker,
411 3660 48 19 two
487 3656 47 23 Arc
560 3652 99 34 Lamps,

213 3690 87 27 Peiton
315 3690 89 26 Wheel
416 3690 47 26 and
475 3691 107 33 Driving
593 3689 65 31 Belt,

212 3733 40 24 dec.
266 3739 6 24 ;
292 3730 23 25 in
332 3728 63 35 good
410 3728 77 26 order.

167 3808 27 25 he
222 3808 149 26 Auctioneer
396 3805 80 28 would
499 3805 44 27 call
567 3803 90 38 special

165 3846 67 25 ntion
249 3853 22 17 to
284 3846 47 25 this
341 3844 160 37 opportunity
512 3844 24 25 ol
546 3844 114 33 securing

188 3883 23 26 of
226 3884 38 25 the
279 3884 97 25 earliest
399 3882 47 26 and
470 3889 61 19 most
546 3879 112 27 valuable

206 3921 60 27 from
282 3921 41 26 fire
345 3921 88 26 Teviot
455 3919 105 30 Stream,
584 3918 74 33 being

177 3956 18 28 ('
202 3960 16 23 N
228 3960 46 24 T,Y
292 3958 136 26 WATER
450 3960 18 24 A
474 3956 184 27 VAILABLE

180 3996 105 33 unking
310 3996 41 25 the
378 3994 54 27 flats
458 3994 26 27 of
503 3994 40 25 the
566 3992 90 29 Clutba

183 4043 11 21 V
207 4033 35 26 for
254 4042 71 25 many
339 4032 68 27 miles
418 4031 77 27 below
507 4031 147 33 Roxburgh.

205 4086 67 32 pipes
286 4094 39 16 are
344 4087 25 23 in
392 4085 65 33 good
479 4084 71 26 order
572 4085 47 24 and
633 4084 25 24 of

194 4122 57 27 ntial
273 4121 176 28 manufacture.

185 4182 39 18 te.
228 4175 70 23 To
320 4175 49 23 siiit
392 4174 40 24 the
457 4174 163 24 convenience
633 4173 28 25 of

189 4212 35 24 'ie
239 4210 89 25 l>u\ers
341 4211 18 24 it
374 4209 44 27 has
429 4209 58 26 been
499 4209 121 34 arranged
633 4217 22 18 to

196 4247 3 36 i
231 4250 77 23 entire
330 4252 114 31 property
470 4247 47 26 and
543 4247 69 36 plant
631 4255 22 20 at

203 4285 42 27 i-yh
261 4294 28 16 on
306 4284 40 26 the
361 4283 75 26 above
455 4284 62 26 date.

186 4381 179 36 a.rgrass
399 4372 90 39 Flat
523 4374 131 43 Hotel,

205 4436 218 29 BALB,HILL
448 4434 106 32 FLAT.
594 4434 3 32 '

209 4516 149 22 FALCONER

510 4517 144 22 Proprietor.

190 4586 16 27 K
221 4586 85 29 above
321 4582 83 32 Hotel
418 4585 54 29 will
486 4585 34 29 be
533 4585 86 29 found
639 4596 16 18 a

193 4630 68 25 most
289 4625 178 31 comfortable
496 4626 53 28 aud
581 4626 59 29 well-

201 4668 52 28 <ted
268 4668 94 27 House
378 4668 36 36 by
437 4667 149 29 Travellers
600 4668 54 28 and

188 4708 70 27 ;blic
273 4708 148 37 generally.
461 4708 117 27 Patrons
592 4718 62 26 may

198 4762 12 13 m
228 4757 80 28 every
327 4748 134 27 attention
473 4748 87 37 being
572 4748 82 38 given

204 4801 11 14 r
228 4788 125 29 comfort.

207 4869 116 21 ckxlent
336 4859 89 29 Table
437 4859 118 29 Always
569 4859 85 30 Kept.

204 4935 31 37 ly
254 4934 46 27 the
314 4934 66 28 Best
394 4933 116 38 Liquors
524 4932 76 39 Kept

308 4974 25 28 in
350 4973 95 30 Stock.

211 5029 52 28 lass
279 5029 137 35 Stabling,
430 5028 66 29 with
513 5028 98 29 Groom
626 5029 27 28 in

296 5069 174 27 attendance.

317 5155 116 29 ROOM

492 5155 162 36 TTOTEL,

208 5231 98 30 BALD
331 5231 93 29 HILL
447 5229 107 31 fLAT.

148 5313 28 27 }{.
193 5311 83 28 Kemp

487 5309 165 39 Proprietor.

141 5391 57 28 The
242 5388 74 39 Cape
327 5388 99 29 Broom
467 5389 23 28 is
503 5398 51 18 one
565 5388 29 29 of
606 5388 47 29 the

124 5432 69 30 tdest
206 5429 53 30 and
275 5433 71 25 most
360 5429 136 29 favourite
509 5428 98 29 Hotels
618 5440 33 17 on

114 5470 208 31 heGoldfields.

122 5551 60 30 All
204 5558 52 23 tpe
283 5547 142 31 Comioets
449 5556 33 20 of
501 5556 16 20 a
539 5546 93 31 Home.

136 5624 159 30 First-class
316 5621 242 30 Accommodation
573 5621 43 29 for

298 5662 163 29 Travellers.

98 5720 68 30 Vr*t
179 5720 97 29 Wines
290 5718 54 29 and
359 5717 109 40 Spirits.

418 5765 75 30 Good
508 5765 139 30 Stablincr.

747 192 187 31 OXBURGH
948 191 150 32 SCHOOL
1107 191 116 30 ENTER-

865 232 213 32 TAINMENT,

816 321 25 28 A
868 318 260 37 KINDERSPIEL,

869 384 133 30 HAPPY

700 444 29 27 Tn
752 444 38 27 aid
813 444 28 27 of
862 443 42 27 the
926 443 90 27 School
1035 443 92 29 Funds,
1147 443 52 27 will
1220 442 28 28 le

698 482 75 37 given
798 481 32 37 by
855 481 41 27 the
919 480 120 29 Children
1060 481 28 28 of
1105 482 42 27 the
1171 480 77 28 tbore

903 518 89 29 School
1009 530 31 18 on

715 572 137 29 FRIDAY
874 573 177 35 EVENING,
1068 575 55 27 7th
1143 571 87 28 MAY.

699 651 159 26 Admission
932 673 27 6 ...
1056 673 27 5 ...
1157 649 28 26 Is
1205 647 42 27 6d.

775 700 87 27 Dance
872 706 25 21 to
910 701 208 31 followGents,
1135 701 33 26 Is.

771 780 122 30 SMITH
920 781 24 30 &
968 780 211 32 COLBRAN'S

696 844 141 44 STEAM
881 847 135 43 RIDING
1058 845 188 45 GALLERY

720 912 51 20 Will
785 912 57 24 Open
863 913 173 22 TO-MORROW
1050 912 170 25 (SATURDAY)

696 953 24 21 la
733 953 163 23 ROXBURGH
916 954 106 27 (Opposite
1038 953 107 23 Ormond's
1164 952 77 26 Hotel).

696 1026 82 28 Gallery
788 1034 51 20 open
851 1028 223 26 dailyAfternoon,3
1080 1029 20 19 to
1106 1027 24 25 5;
1144 1026 100 25 Evening,

813 1071 11 21 7
839 1073 22 19 to
871 1072 31 20 10.
929 1072 110 25 Galloping
1048 1072 82 20 Horses.

714 1143 136 21 Amusement
861 1143 32 21 for
902 1143 27 21 all
940 1143 177 25 ClassesYoung
1125 1140 40 22 and
1175 1140 47 21 OM.

730 1200 174 29 BOROUGH
931 1201 44 28 OF
998 1200 212 28 ROXBURGH.

732 1296 121 38 Proposal
866 1302 27 23 to
916 1300 60 25 raise
989 1308 14 17 a
1013 1296 94 37 Special
1131 1296 68 28 Loan
1222 1295 28 27 of

801 1336 79 26 Three
889 1336 118 26 Hundred
1014 1335 47 27 and
1072 1335 66 36 Fifty
1147 1334 100 27 Pounds

802 1374 38 25 for
851 1373 40 26 the
902 1382 103 26 purpose
1018 1373 27 25 of
1051 1373 143 33 increasing
1206 1372 40 24 the

802 1418 75 19 water
889 1410 88 36 supply
992 1410 31 34 by
1037 1418 84 17 means
1142 1409 28 25 of
1189 1418 42 17 con-

801 1449 125 33 structing
935 1456 14 18 a
961 1447 80 34 larger
1054 1446 132 27 Reservoir
1199 1452 25 20 at
1233 1455 13 18 a

801 1484 89 34 higher
908 1485 121 25 elevation
1049 1485 59 25 than
1130 1485 40 24 the
1191 1492 40 26 pre-

800 1527 62 25 sent,
877 1521 47 26 nd
938 1521 151 35 conducting
1110 1520 40 26 the

802 1559 132 25 therefrom
948 1558 30 35 by
989 1568 13 16 a
1016 1567 53 16 new
1085 1558 48 25 line
1143 1557 28 26 of
1178 1558 67 33 pipes

801 1596 149 33 connecting
983 1595 58 27 with
1071 1594 41 28 the
1150 1601 95 28 present

801 1641 75 18 water
889 1635 79 23 mains
980 1644 5 20 ;
1006 1632 47 26 and
1069 1640 24 17 to
1116 1632 89 36 pledge
1220 1643 24 14 as

800 1672 106 35 security
921 1673 37 25 for
980 1670 156 37 Repayment
1159 1674 23 22 of
1205 1669 39 27 the

801 1709 121 34 Proposed
935 1709 76 30 Loan,
1015 1710 78 23 Rents
1105 1709 26 24 rif
1143 1709 88 24 Krxiow-

800 1753 79 17 iiients
898 1745 47 25 and
969 1745 127 26 Reserves.
1123 1745 121 25 Licenses.

799 1783 77 27 Rates
911 1785 59 31 (and
1006 1783 93 37 Special
1131 1783 74 27 Ka'es
1232 1784 14 24 it

800 1823 135 34 rquired),
959 1822 46 25 and
1029 1822 51 26 aWo
1100 1822 40 25 the
1162 1822 81 24 Wsitet

801 1858 92 27 Works
906 1860 69 24 when
985 1858 136 29 completed

698 1916 49 57 iN
773 1916 149 36 compliance
949 1916 58 27 with
1030 1917 91 26 section
1150 1916 48 27 170
1224 1916 22 25 of

761 1960 14 13 "'
786 1956 53 25 The
853 1954 136 36 Municipal
1004 1956 174 34 Corporations
1191 1959 54 22 Act.

700 1994 83 30 1880,'
807 1994 6 25 I
832 1992 87 36 hereby
935 2002 107 17 convene
1060 2004 12 16 a
1096 1994 109 33 meeting
1224 1994 22 23 of

699 2034 40 25 the
754 2032 136 35 Burgesses
906 2039 23 17 to
943 2032 112 25 consider
1074 2031 40 26 the
1128 2030 117 27 aforesaid

699 2070 120 35 proposal,
834 2076 24 18 to
882 2069 28 25 be
933 2069 54 26 held
1011 2071 25 24 in
1060 2069 41 26 the
1129 2069 117 33 Borough

698 2109 101 25 Council
828 2105 88 32 Kwom,
940 2106 149 26 AtheniEum
1118 2105 128 31 Buildintr,

697 2155 30 16 on
743 2143 161 32 MONDAY,
920 2143 41 26 the
977 2144 57 26 10th
1049 2144 47 34 day
1121 2144 25 25 of
1158 2142 87 30 MAY,

699 2182 73 32 1897,
787 2189 24 20 at
824 2182 15 25 8
851 2180 92 26 o'clock
958 2190 57 26 p.m.

730 2236 78 28 Dated
829 2242 26 22 at
874 2234 141 35 Roxburgh
1036 2234 41 27 the
1097 2234 43 26 4th
1160 2233 47 27 dav
1221 2232 27 28 of

696 2275 68 36 May,
778 2273 71 29 1897.

813 2323 136 30 HENRY
969 2321 164 36 BAILLIE,

1112 2369 96 27 Mayor.

777 2441 175 28 TENDERS
991 2441 178 28 WANTED.

704 2543 58 49 W
766 2534 130 28 'ANTED
932 2534 167 27 TENDERS
1136 2537 35 25 for
1203 2535 40 27 the

810 2573 107 34 Cartage
947 2573 27 26 of
1001 2572 60 27 Coal
1089 2574 61 25 from
1183 2572 58 28 Cuhl

696 2609 78 28 Creek
788 2616 24 21 to
826 2613 40 24 the
888 2612 82 32 Otago
990 2609 252 37 Dredgeeighteen

698 2653 23 20 to
735 2653 93 30 twenty
839 2653 55 20 tons
905 2649 78 34 (more
993 2656 27 17 or
1030 2647 67 35 leas),
1134 2648 108 27 'lenders

696 2690 25 22 to
743 2685 28 28 be
796 2685 89 36 lodged
906 2692 25 20 at
955 2685 56 27 Mt.
1032 2686 114 26 Benger
1168 2686 75 26 Mail

694 2722 75 28 Office
782 2732 30 18 on
826 2733 26 17 or
865 2722 81 29 before
968 2720 203 37 SATURDAY,
1185 2724 55 27 Bth

694 2760 88 28 MAY.
830 2762 99 26 Lowest
962 2771 27 17 or
1014 2771 48 26 any
1086 2762 88 26 tender
1197 2769 45 20 not

693 2798 147 37 necessarily
854 2800 120 35 accepted.

727 2849 143 29 Address

1015 2888 116 36 X.Y.Z.,

841 2936 52 30 Mt.
908 2936 110 40 Benger
1030 2936 68 29 Mail
1112 2936 92 30 Office.

694 3015 50 55 J)
827 3015 44 35 A.
946 3014 294 44 BUCHANAN,

772 3088 72 21 BOOT
872 3087 59 21 AND
957 3086 73 22 SHOE
1056 3086 111 26 MaKEK,

738 3134 140 29 Scotland
890 3150 10 5 -
912 3141 104 27 street,
1037 3131 161 31 Roxburgh.

800 3231 91 37 Every
913 3230 165 37 description
1102 3230 29 27 of

692 3283 86 29 Boots
791 3292 56 20 and
861 3282 91 30 Shoes
965 3281 133 29 Supplied
1112 3290 34 19 or
1160 3281 82 27 Made

867 3333 32 19 to
920 3323 141 29 Measure.
1088 3323 3 32 .

692 3377 44 29 Fit
746 3376 182 30 Guaranteed.
1005 3375 44 29 Fit
1058 3375 182 28 Guaranteed.

739 3457 124 20 REPAIRS
887 3456 114 21 NEATLY
1033 3455 156 21 EXECUTED.

810 3523 23 27 A
857 3521 84 29 Trial
965 3521 151 29 Souciod.

718 3605 214 29 CHRISTMAS
959 3606 25 26 &
1013 3604 89 28 NEW
1134 3602 103 28 YEAR

858 3644 223 30 NOVELTIES.

729 3684 136 36 (Suitable
881 3685 43 27 for
941 3685 102 35 Young
1056 3684 54 27 and
1124 3683 75 36 Old).

799 3767 27 27 A
840 3766 133 39 complete
986 3766 106 37 display
1104 3765 30 27 of

691 3807 128 29 FANCY
850 3806 133 36 GOOhS,
1016 3800 220 36 'CfIKISTMAS

740 3847 134 35 CARDS,
913 3847 106 34 TOYS,
1059 3846 133 36 BOOKS,

811 3888 232 33 MAGAZINES,
1064 3888 49 30 &c.

689 3965 144 21 BARGAINS
851 3966 39 20 ON
908 3966 55 20 THE
982 3966 136 20 SHILLING
1137 3965 98 20 TABLE.

808 4030 159 30 Inspection
987 4031 122 28 Invited.

743 4128 52 58 F.
843 4127 341 60 JEFEERY.

687 4207 186 22 BOOKSELLER.
888 4208 130 26 CHEMIST,
1032 4208 81 20 NEWS
1131 4207 95 20 AGENT

849 4236 165 26 STATIONER,
1029 4236 37 21 &c.

750 4271 140 29 TEVIOT
918 4271 251 29 DISPENSARY.

686 4379 58 55 T.
826 4380 407 67 WHELAN,

720 4460 167 30 FARRIER
909 4461 81 29 AND
1017 4460 179 30 GENERAL

829 4507 259 36 BLACKSMITH,

694 4568 162 46 tyiSHES
896 4574 28 25 to
955 4570 98 29 inform
1096 4570 42 30 his
1169 4574 62 35 past

793 4609 154 30 Customers
970 4612 53 28 and
1045 4612 47 28 the
1116 4612 114 29 General

682 4649 96 30 Public
791 4649 59 31 that
862 4650 34 30 he
908 4651 49 29 has

683 4702 184 28 RESUMED
894 4702 185 32 BUSINESS
1099 4704 44 28 IN
1163 4703 65 29 HIS

691 4757 15 22 ..:
812 4749 73 30 OLD
911 4749 189 33 PREMISES

704 4798 133 38 (recently
850 4800 129 37 occupied
997 4801 36 32 by
1056 4802 45 27 Mr
1122 4801 28 28 J.

878 4839 155 39 Aldridge),

746 4877 104 31 Where
861 4879 35 29 he
908 4880 23 29 is
944 4881 131 39 prepared
1090 4885 28 24 to
1131 4881 36 28 do

683 4930 322 32 BLACKSMITHING
1030 4934 46 28 OF
1102 4932 129 30 EVERY

901 4981 107 28 KIND.

748 5069 6 5 .
757 5047 45 28 W.
826 5051 84 25 trusts
935 5050 41 27 his
998 5051 102 26 former
1122 5054 110 32 patrons

685 5085 55 29 will
752 5086 68 33 rally
832 5088 87 29 round
931 5089 66 35 him,
1011 5088 52 30 and
1078 5099 49 19 cau
1142 5097 90 20 assure

684 5127 75 28 them
780 5128 46 27 the
841 5140 72 17 same
936 5130 63 27 skill
1025 5130 52 27 and
1097 5129 135 28 attention

684 5166 87 29 which
787 5167 110 30 marked
910 5168 42 29 his
964 5169 130 29 Business
1103 5167 129 37 formerly

684 5206 54 28 will
752 5207 34 28 be
799 5209 136 28 exercised
949 5209 27 28 in
991 5210 100 27 future.

731 5280 221 23 HORSESHOEING
978 5282 19 20 A
1023 5280 160 22 SPECIALTY.

702 5354 224 40 THOMAS
948 5353 262 44 WHELAN,

740 5414 261 36 Scotland-street,
1022 5415 161 27 Koxburgh.

827 5523 28 30 N
875 5523 205 30 OTICE.

682 5606 101 53 ANY
794 5606 90 28 Person
895 5604 74 27 found
983 5603 245 29 TRESPASSING

768 5653 29 17 in
820 5652 42 16 mv
884 5648 113 23 proper*?
1023 5641 63 27 after
1108 5641 47 26 this
1174 5642 56 24 datp

682 5681 57 26 with
754 5680 71 37 Dog*
839 5689 26 17 or
879 5678 57 28 Gun
952 5678 47 26 will
1027 5678 28 25 }
1077 5677 153 36 prospciteri,

911 5726 24 29 J.
955 5726 239 32 WOODHPUSE.

712 5768 59 26 2Dtb
788 5766 77 33 April,
882 5766 73 27 1897.

1312 228 91 31 KEW
1436 227 179 31 SEASON'S
1646 225 143 32 GOODS!

1443 423 223 32 ROXBURGH.

1279 530 70 29 Now
1375 530 131 39 Showing
1525 542 16 18 a
1564 529 133 40 Splendid
1716 529 96 30 Assort-

1493 586 76 27 ment
1587 583 30 30 of

1323 652 100 37 New
1454 653 141 38 Goods
1614 654 7 36 I

1498 726 76 35 Nw
1619 725 143 36 Gccds
1780 724 7 35 I

1453 792 160 39 Consisting
1632 793 30 30 of

1278 847 102 36 Prints,
1412 849 27 28 in
1472 850 112 30 Newest
1617 851 127 29 Patterns
1775 849 52 30 and

1354 889 230 40 Colouringsat
1598 892 36 29 5d
1647 902 49 29 per
1707 891 68 40 yard

1284 940 54 28 Lot
1351 941 29 28 of
1389 942 132 38 Zephyrs,
1532 942 162 39 Ginghams,
1705 943 126 29 Satteens

1356 981 164 39 Corduroys,
1552 983 54 28 and
1649 983 122 38 Crepons
1802 983 28 28 in

1354 1021 111 30 Newest
1480 1022 114 29 Colours
1607 1023 54 28 and
1674 1023 119 38 Designs

1279 1073 137 28 Beautiful
1450 1074 40 28 lot
1520 1075 30 27 of
1582 1075 102 38 Fancy,
1711 1074 120 40 Striped,

1352 1114 54 27 and
1415 1113 118 39 Figured
1540 1114 118 29 Muslins
1666 1115 44 30 for
1719 1116 112 29 Blouses

1350 1154 109 29 from
1475 1154 53 36 sd
1542 1165 49 28 per
1603 1156 66 37 yard

1425 1234 134 40 Splendid
1580 1236 39 29 lot
1644 1237 31 28 of

1276 1288 181 29 TRIMMED
1483 1288 101 29 HATS
1610 1288 24 29 &
1655 1288 173 31 BONNETS

1327 1330 27 28 in
1368 1329 113 30 Newest
1493 1329 104 39 Shapes
1610 1329 54 29 and
1679 1329 100 39 Styles.

1277 1381 39 29 To
1341 1382 35 28 be
1411 1381 105 29 cleared
1548 1385 29 24 at
1608 1381 95 28 lowest
1730 1382 97 38 prices.

1399 1461 121 30 DRESS
1554 1461 151 30 STUFFS.

1277 1508 52 28 We
1343 1509 69 28 have
1426 1519 15 17 a
1455 1508 75 38 large
1544 1512 166 24 assortment
1731 1508 30 27 of
1781 1506 46 28 the

1294 1558 66 29 very
1373 1553 104 24 newest
1500 1548 90 29 Goods
1603 1548 28 28 in
1655 1547 85 29 Black
1754 1546 54 29 and

1333 1589 115 29 Colored
1461 1588 123 37 Lustres,
1594 1588 70 30 from
1681 1588 43 29 12s
1735 1588 36 28 9d

1478 1629 47 29 the
1538 1630 86 28 dress.

1279 1681 85 30 Black
1389 1682 55 30 and
1470 1682 82 39 Navy
1578 1682 108 39 Serges,
1716 1680 111 30 Sicilian

1461 1723 103 34 Cloths,
1594 1723 49 27 &c.

1314 1811 89 28 NEW
1438 1811 156 36 GLOVES,
1626 1810 166 29 RIBBONS

1526 1871 53 20 AND

1458 1913 193 32 YEJLINGS.

1281 1996 196 30 TRIMMING
1494 1996 109 29 SILKS
1616 1996 82 29 AND
1712 1996 116 29 GIMPS

1419 2037 32 29 In
1473 2037 68 29 New
1561 2037 136 30 Patterns.

1397 2125 69 29 Nice
1485 2128 175 26 Assortment
1679 2126 28 28 of

1326 2178 106 28 NEW
1481 2178 311 36 UMBRELLAS,

1380 2220 68 28 from
1465 2222 30 26 4s
1512 2220 49 27 lid
1578 2224 27 24 to
1620 2220 48 28 10s
1683 2220 44 28 (3d.

1380 2293 71 28 FOP
1492 2293 228 30 CHPISTMAS.

1278 2347 22 26 A
1319 2344 38 28 lot
1371 2345 28 27 of
1413 2345 89 27 Men's
1516 2345 182 28 Tailor-made
1713 2344 76 28 Suits
1799 2344 29 27 of

1328 2384 169 40 exceptional
1512 2385 113 39 quality,
1639 2391 28 22 at
1681 2386 49 28 52s
1744 2385 45 29 Gd.

1279 2439 64 26 Also
1356 2450 12 15 a
1389 2439 71 26 <'(<<]
1475 2442 164 25 assortment
1652 2439 29 27 of
1698 2437 128 30 ordinary

1378 2479 12 25 '1
1403 2477 70 28 weed
1492 2479 84 32 Suits,
1590 2479 71 26 from
1676 2479 57 26 21s.

1278 2559 114 29 MEN'S
1434 2559 203 36 CLOTHING,
1680 2559 145 36 SHIRTS,

1377 2599 131 36 PANTS,
1537 2599 182 37 SCARVES,

1429 2639 158 37 BRACES,
1607 2639 61 37 &c,

1303 2691 38 30 At
1363 2691 92 31 Prices
1477 2696 29 25 to
1526 2691 65 40 defy
1611 2693 186 38 competition.

1276 2804 92 57 W.
1389 2805 60 55 T.
1472 2805 354 67 TALBOYS,

1409 2878 284 29 ROXBURGH.

1338 3021 423 45 BERNSTONE,

1323 3091 77 30 THE

1417 3151 93 33 (From
1539 3152 152 37 Dunedin),

1352 3229 67 40 ~W?
1433 3229 63 27 ILL
1512 3229 64 28 visit
1591 3229 163 37 Roxburgh,

1366 3256 38 25 **
1470 3268 103 30 Millers
1604 3269 70 37 Fb.t,
1700 3269 53 28 and

1334 3309 203 39 -surrounding
1572 3310 121 29 districts
1726 3315 28 24 t

1350 3351 109 37 regular
1472 3350 139 37 intervals,
1625 3351 83 38 being
1726 3351 26 29 in

1348 3390 31 29 R<
1392 3391 110 38 xburgli
1518 3402 33 17 on

1276 3454 250 31 WEDNESDAY
1539 3456 112 38 NEXT,
1666 3457 53 29 sth
1733 3457 91 36 WAY,

1478 3509 78 28 when
1575 3509 33 28 he

1348 3563 111 30 .WILL
1473 3565 104 30 TAKE
1592 3565 148 30 ORDERS

1343 3627 28 25 to
1396 3625 55 27 suit
1465 3625 45 27 the
1525 3626 181 28 convenience
1720 3626 28 28 of

1418 3672 46 27 the
1482 3671 65 28 local
1571 3672 101 36 public.

1389 3765 128 28 Charges
1541 3766 160 30 Moderate.

1344 3858 75 31 Suits
1430 3859 68 30 from
1509 3861 37 28 3
1559 3861 42 35 3s;
1617 3861 130 30 Trousers

1471 3907 68 28 from
1558 3909 55 27 16's.

1340 3998 45 28 Fit
1399 3997 172 31 Guaranteed
1592 4010 31 18 or
1642 4000 103 38 Money

1439 4050 48 25 not
1500 4047 139 38 accepted.

1347 4109 184 30 TUAPEKA
1571 4110 164 32 COUNTY.

1265 4190 162 20 ELECTORAL
1449 4190 87 20 ROLLS
1553 4191 58 20 AND
1626 4192 191 22 DEFAULTERS'

1437 4223 80 23 LISTS,
1533 4224 118 22 1897-1898.

1264 4290 98 55 THE
1378 4290 124 29 Electoral
1517 4290 72 29 Rolls
1603 4293 47 25 and
1667 4294 147 26 Defaulters'

1346 4329 74 27 Lists.
1441 4330 123 30 1897-08,
1591 4330 48 28 will
1667 4331 26 25 bp
1719 4332 94 26 OPEN

1264 4365 69 26 FOR
1353 4365 216 28 INSPECTION
1592 4369 60 24 from
1669 4369 58 27 27th
1745 4370 68 33 April

1263 4403 94 25 instant
1378 4410 23 18 to
1427 4404 57 25 15th
1512 4404 60 34 May
1596 4414 57 17 next
1676 4416 26 15 as
1728 4406 85 27 under.

1257 4440 149 35 .Objections
1419 4451 53 17 mav
1489 4442 27 25 he
1528 4440 87 37 lodged
1629 4449 23 19 at
1664 4443 40 27 the
1716 4444 80 33 Magis-

1263 4479 82 25 trate's
1359 4479 77 26 Court
1450 4489 30 17 on
1495 4490 27 16 or
1536 4479 81 27 before
1632 4485 40 22 the
1696 4481 45 27 last
1764 4482 47 26 dav

1261 4516 25 27 of
1299 4516 60 26 Mav
1373 4523 75 20 next:

1296 4566 21 26 1.
1338 4565 113 27 Gahriels
1482 4566 93 36 Riding
1634 4567 174 35 Schoolhouse,

1367 4603 60 27 Blue
1441 4604 64 34 Spur

1295 4641 24 27 2.
1340 4642 151 25 Waifahuna
1525 4642 284 35 RidingPost-office,

1366 4678 151 27 Waitahuna

1295 4715 22 28 3.
1341 4715 108 35 Wju'pnri
1484 4717 93 33 Riding
1596 4716 214 32 Post-office,

1366 4752 110 34 Waipori

1296 4791 21 25 4.
1332 4790 88 26 Jiimes

1295 4828 24 25 5.
1338 4828 111 33 Tapanni
1496 4828 148 33 Riding-

1366 4866 6 20 <
1389 4864 58 27 ffice.
1463 4866 110 31 Tap&nui

1297 4902 22 26 6.
1339 4901 87 27 Tevjot
1449 4901 281 34 RidinPost-office,
1747 4902 48 28 Rox-

1366 4939 79 32 burgh

1297 4978 22 25 7.
1342 4976 103 27 Browns
1488 4977 90 37 Riding
1637 4976 175 35 Schoolhouse,

1368 5014 81 27 Evans
1463 5014 56 28 Flat

1297 5052 22 24 8.
1340 5051 87 26 Clarks
1466 5053 98 34 Riding
1635 5053 176 31 Schoolhouse,

1366 5087 87 27 Clarks
1465 5087 56 29 Flat

1297 5125 22 26 9.
1342 5125 139 28 Bej'.umonr.
1509 5127 304 33 RidingPost-office,

1367 5162 115 28 Dunkeld

1296 5211 71 26 Rolls
1381 5212 46 26 and
1443 5212 66 26 Lists
1530 5213 36 25 for
1579 5213 31 25 all
1628 5213 105 30 Ridings
1756 5223 56 19 may

1262 5249 28 24 be
1303 5257 56 17 seen
1374 5256 24 19 at
1413 5249 39 27 the
1469 5250 98 34 County
1590 5250 103 28 Council
1716 5251 95 33 Offices,

1263 5285 132 27 LawreDce

1459 5324 96 28 JOHN
1569 5325 23 27 J.
1611 5326 131 32 WOODS,

1361 5369 100 37 County
1476 5371 83 30 Clerk,
1572 5371 117 35 Tuapeka
1703 5371 98 37 County

1295 5411 138 34 Lawrence,
1448 5411 38 39 24'
1499 5411 12 39 h
1524 5411 76 39 April,
1616 5416 72 26 1897.

1260 5472 137 31 TEVIOT
1408 5475 162 29 WESLEY
1573 5477 50 27 AN
1639 5476 171 29 CHURCH.

1260 5554 74 35 CXN
1356 5555 113 39 Sunday
1484 5555 122 30 Services
1620 5556 54 29 will
1697 5556 34 30 be
1745 5567 45 18 con-

1345 5597 99 29 ducted
1458 5608 28 18 as
1500 5597 92 29 follow
1604 5609 45 17 :

1258 5644 109 26 Roxburgh
1378 5646 19 24 (7
1408 5645 83 23 p.m.)
1493 5645 51 20 Rev.
1554 5645 21 20 J.
1589 5645 26 20 H.
1627 5645 82 25 Hnoppr

1423 5672 42 20 The
1480 5671 60 21 'Sine
1553 5679 39 19 qua
1608 5672 50 20 non'
1674 5672 21 20 of
1703 5678 77 14 success

1418 5699 20 21 in
1448 5698 102 22 Christian

1256 5726 46 20 Coal
1314 5726 63 22 Creek
1387 5726 20 26 (3
1416 5726 135 26 p.m.)-Rev.
1563 5726 21 22 J.
1597 5726 26 21 H.
1635 5726 84 26 Hooper

1256 5753 113 27 Ettrick(ll
1382 5754 80 25 a.m.)
1466 5754 50 22 Rev.
1524 5753 21 23 J.
1554 5753 27 23 H.
1592 5754 83 27 Hooper

1349 5783 19 24 (7
1379 5782 117 25 p.m.)-Mr
1507 5781 83 21 Watson

2066 196 133 30 DEATH.

1856 238 200 29 Manuel.-On
2073 243 46 27 the
2141 244 55 29 2nd
2217 244 70 35 May,
2312 243 29 25 at
2364 239 39 26 his

1925 277 54 28 late
2004 279 142 36 residence,
2165 280 155 37 Sunnyside,
2343 275 60 30 Coal

1925 314 92 33 Creek,
2047 315 85 31 Moses
2163 318 95 28 Edwin
2289 314 114 30 Manned

1925 352 70 27 after
2010 362 16 19 a
2043 355 105 33 painful
2159 357 92 26 illness
2261 367 6 21 ;
2286 353 67 35 aged
2366 352 37 26 61.
