4240 5910
180 193 69 42 The
275 193 120 43 Teviot
420 195 185 45 Orchards.

138 296 128 29 TALKS
287 298 108 29 WITH
415 298 76 31 THE
513 299 109 31 FUGIT-

295 344 200 32 GROWEUS.

133 435 56 31 MR
212 437 221 32 BLOXHAM'S
456 440 194 32 ORCHARD.

265 520 102 23 (Special
387 522 133 24 Reporter.)

149 557 33 27 Tn
217 568 47 27 my
303 560 120 27 rambles
463 562 119 36 through
621 562 34 29 tin

109 597 133 31 orchards
270 600 14 29 I
306 600 70 29 have
398 600 70 30 been
494 601 118 30 enabled
638 607 17 24 t(

110 638 81 36 glean
205 650 82 28 many
296 641 55 29 bits
361 641 29 29 of
397 642 127 36 practical
536 642 105 30 informa-

111 678 66 35 tion,
192 680 89 29 which
294 681 21 27 it
327 680 23 28 is
364 692 15 16 a
393 691 95 18 sonrce
499 682 29 28 of
538 682 104 29 satisfac-

111 719 58 28 tion
182 722 29 26 to
226 721 57 29 find
298 721 69 27 have
389 721 96 28 served
509 721 73 28 their
600 732 42 28 pur-

111 769 66 28 pose
202 760 29 29 of
256 760 163 36 interesting
438 761 167 30 orchardists
634 762 21 29 in

111 811 75 18 some
205 802 149 36 important
376 801 57 27 side
454 802 95 34 issues,
574 804 81 26 which

110 849 62 28 may
191 840 69 29 have
286 841 68 27 been
377 840 165 29 overlooked
564 840 29 30 in
615 842 40 29 the

109 884 84 26 stress
214 882 29 28 of
264 880 129 40 practical
416 881 135 39 everyday
574 882 81 29 work.

108 920 45 29 Mr
165 922 158 28 Bloxham's
339 920 113 35 erarden,
467 921 43 29 for
524 923 131 34 instance,

107 960 22 28 is
142 972 15 16 a
172 961 125 28 valuable
310 961 91 36 object
411 962 99 34 lesson,
521 962 134 40 affording

106 1011 82 29 scope
195 1002 43 29 for
248 1013 79 25 many
337 1001 127 38 practical
478 1003 160 29 deductions
650 1016 5 22 ;

104 1042 80 26 while
199 1042 46 27 the
267 1042 154 36 proprietor
444 1042 112 28 himself
579 1044 23 26 is
626 1053 29 18 so

102 1081 180 28 enthusiastic
306 1080 28 28 in
356 1081 41 27 his
421 1082 84 35 work,
530 1082 56 28 and
607 1083 48 28 has

102 1119 52 28 had
176 1122 65 27 such
268 1120 69 28 wide
363 1122 161 35 experience
551 1122 28 28 in
607 1124 47 27 the

102 1159 123 37 industry
241 1161 60 27 that
315 1160 41 28 his
379 1162 178 34 suggestions
581 1167 73 23 must

101 1200 33 26 be
156 1200 134 28 valuable.
334 1200 29 28 In
390 1200 80 37 proof
492 1201 29 29 of
544 1202 65 33 this,
630 1202 22 29 if

101 1240 79 38 proof
194 1252 70 18 were
273 1240 115 35 needed,
402 1241 12 28 I
430 1242 89 34 might
530 1244 119 28 mention

101 1282 45 26 the
160 1282 150 37 important
321 1282 61 26 task
407 1282 90 28 which
511 1282 48 29 has
583 1284 69 28 been

100 1322 145 33 delegated
259 1327 28 24 to
301 1322 54 29 him
370 1322 29 29 of
414 1323 110 38 writing
537 1335 16 18 a
566 1335 85 29 paper

101 1363 43 28 for
162 1364 45 28 the
227 1364 188 31 forthcoming
441 1365 162 29 conference
624 1366 27 29 in

105 1403 139 34 Brisbane,
268 1404 50 27 but
337 1414 53 18 anv
414 1405 66 27 such
503 1409 149 28 guarantee

103 1453 20 18 is
148 1444 155 31 altogether
326 1454 198 26 nuneccessary
550 1445 26 27 in
601 1456 50 17 our

99 1494 60 18 own
174 1483 117 36 district,
313 1484 89 28 where
416 1484 41 28 his
479 1484 118 30 abilities
619 1497 30 16 as

100 1534 31 18 an
143 1524 152 28 orchardist
305 1534 46 18 are
360 1534 30 18 so
400 1524 69 35 fully
478 1526 171 35 recognised.

138 1564 43 27 Mr
203 1563 159 29 Bloxham's
387 1564 125 34 orchard,
539 1566 108 34 though

101 1608 47 24 not
159 1614 32 18 an
207 1604 141 29 extensive
362 1602 125 37 holding,
503 1605 47 28 has
564 1606 83 38 given

97 1656 35 18 an
146 1645 109 37 infinity
268 1644 29 29 of
310 1644 97 29 labour
425 1645 99 34 which,
549 1649 28 26 to
604 1647 46 29 the

101 1685 121 35 layriiiha
235 1690 28 22 at
276 1684 34 29 all
324 1691 106 28 events,
457 1686 77 29 looks
554 1691 49 24 out
623 1689 29 28 of

98 1725 34 31 ail
143 1725 158 40 proportion
317 1730 27 25 to
358 1726 47 29 the
417 1728 173 37 prospective
604 1740 28 17 re-

100 1766 72 27 gard
184 1777 7 22 ;
211 1766 64 35 and,
301 1766 109 33 indeed,
435 1777 16 17 a
478 1768 110 28 remark
615 1770 36 36 by

103 1806 45 30 Mr
168 1806 135 32 Bloxlmm
326 1807 61 30 that
409 1806 47 32 the
477 1809 173 39 preparation

102 1850 29 26 of
150 1850 43 26 his
212 1848 146 38 ground—
362 1849 51 34 l.e.,
436 1850 99 36 biking
557 1854 48 24 out
622 1850 30 28 of

101 1887 90 39 rocks,
206 1888 86 29 which
308 1891 28 25 at
350 1898 51 19 one
423 1888 94 38 period
535 1889 115 30 covered

101 1931 47 28 the
173 1930 118 38 ground,
317 1929 157 38 trenching,
500 1934 62 32 etc.,
588 1935 63 31 etc.,

102 1970 51 29 and
164 1971 128 38 planting
294 1970 125 28 —would
430 1973 59 25 cost
501 1970 85 29 about
593 1972 57 28 £7O

100 2022 35 17 an
160 2021 61 18 acre
248 2010 22 29 if
296 2010 95 29 labour
417 2020 54 19 was
497 2011 154 39 employed,

99 2052 90 28 shows
202 2051 61 29 that
277 2051 67 28 fruit
357 2050 106 29 culture
475 2062 30 18 as
518 2062 16 18 a
555 2062 93 19 means

100 2092 28 28 r>f
140 2092 170 28 subsistence
324 2091 22 29 is
360 2095 49 24 not
419 2091 37 38 by
477 2102 55 28 any
555 2103 92 19 means

99 2145 15 16 a
127 2133 132 28 sinecure.

134 2173 57 29 The
204 2172 114 30 orchard
339 2172 23 27 is
376 2172 63 28 four
458 2184 76 18 acres
553 2174 27 29 in
601 2185 32 18 ex-

97 2217 68 31 tent,
190 2213 54 28 and
270 2213 105 38 though
403 2213 46 28 the
481 2224 111 28 process
617 2215 30 30 of

96 2254 155 38 perfecting
268 2253 23 28 it
305 2259 29 22 to
355 2253 47 28 the
423 2259 113 31 present
555 2259 90 35 stage,

92 2294 66 29 with
174 2295 47 28 the
234 2293 107 37 ground
356 2293 116 37 entirely
492 2295 58 28 free
574 2296 71 29 from

96 2334 87 29 weeds
195 2334 53 29 and
263 2333 59 28 well
334 2333 85 35 tilled,
431 2333 46 28 the
487 2338 71 24 trees
567 2337 77 27 clean

92 2375 52 28 and
160 2373 110 40 healthy
280 2373 122 39 looking,
411 2373 53 28 and
477 2376 167 39 everything

91 2417 83 29 about
186 2415 23 29 it
222 2415 26 28 in
263 2414 135 30 excellent
411 2413 89 37 order,
513 2416 47 28 has
572 2417 68 29 been

91 2458 135 27 laborious
238 2457 54 26 and
307 2455 157 37 expensive,
478 2456 21 27 it
513 2457 23 26 is
550 2466 60 17 now
625 2468 16 17 a

91 2507 65 27 very
169 2495 200 31 remunerative
381 2499 140 35 property,
536 2495 104 37 having
652 2495 1 39 j

89 2539 69 27 been
169 2536 92 38 wisely
270 2536 158 29 cultivated.
461 2536 57 29 The
529 2538 109 38 ground

89 2579 50 29 lias
176 2577 124 40 required
337 2577 188 38 considerably
563 2589 74 18 more

120 2619 113 36 making
272 2619 66 28 than
351 2629 53 26 any
415 2619 29 27 of
452 2619 47 27 the
508 2619 129 29 orchards

93 2660 11 27 I
119 2660 70 29 hsive
201 2662 47 36 yet
261 2659 96 28 visited
360 2669 53 17 —a
432 2663 78 30 great
529 2659 59 28 deal
608 2660 29 28 of

90 2701 131 36 drainage
235 2699 84 36 being
332 2699 125 40 required
471 2709 34 19 on
519 2704 118 26 account

90 2742 29 29 of
126 2740 105 31 natural
244 2741 111 37 springs
365 2740 87 29 which
463 2741 108 29 abound
581 2742 54 28 and
648 2740 3 38 I

87 2782 89 28 which
190 2782 54 28 had
259 2781 45 27 the
324 2780 79 29 effect
425 2782 29 26 of
473 2780 101 34 killing
596 2782 39 28 off
647 2780 2 34 i

88 2822 47 30 the
154 2821 118 39 apricots
292 2820 54 30 and
371 2820 79 30 other
473 2826 71 25 trees
569 2834 67 18 near

88 2864 86 28 which
196 2864 67 35 they
284 2872 78 18 were.
402 2862 57 28 The
481 2863 103 36 gaiden
611 2864 22 29 is

87 2902 56 30 also
151 2902 129 30 bounded
288 2912 34 18 on
334 2906 52 24 two
398 2902 72 30 sides
480 2903 37 38 by
526 2904 106 37 creeks,

86 2944 87 28 which
186 2943 28 28 in
228 2942 154 29 flood-time
395 2943 113 30 become
517 2945 116 38 rushing

76 2987 137 32 'torrents,
225 2982 55 30 and
293 2986 29 25 at
334 2982 67 30 such
414 2983 108 38 periods
545 2984 87 35 these,

85 3035 30 18 as
137 3024 61 29 well
221 3034 31 18 as
271 3022 49 29 the
341 3023 72 28 river
434 3027 29 24 at
485 3024 47 29 the
552 3025 82 33 back,

87 3074 70 18 were
169 3062 82 30 liable
264 3066 28 24 to
306 3062 72 28 flood
392 3062 46 28 the
451 3062 83 30 lower
557 3068 76 34 parts

87 3104 29 28 of
127 3104 47 28 the
187 3102 113 39 gardeu,
314 3101 86 29 which
412 3101 44 29 for
469 3103 55 29 this
537 3115 96 18 reason

85 3144 56 29 had
155 3148 28 26 to
197 3144 34 29 be
244 3142 142 40 protected
400 3142 37 38 by
448 3146 78 28 stone
552 3145 83 30 walls.

93 3185 78 29 A.fter
180 3185 48 29 the
234 3183 175 40 preliminary
419 3184 75 28 work
505 3185 29 29 of
541 3186 95 36 tillage

85 3226 54 28 and
154 3224 171 39 preparation
340 3224 30 28 of
381 3224 46 28 the
447 3226 119 35 ground,
591 3228 46 28 Mr

87 3266 136 28 Bloxham
235 3263 85 30 found
339 3274 16 17 a
374 3274 64 25 crop
461 3265 30 27 of
512 3269 124 33 potatoes

87 3304 160 36 ormangles
256 3315 35 17 an
303 3303 149 30 admirable
463 3305 168 32 firstcourse.

86 3347 54 28 and
153 3346 37 29 he
201 3346 49 28 has
272 3345 55 29 this
350 3355 94 19 season
466 3358 16 17 a
505 3348 126 37 splendid

86 3398 65 25 crop
165 3387 30 29 of
206 3386 133 36 mangles,
353 3386 87 29 which
456 3389 50 28 will
521 3399 77 20 come
607 3391 28 29 in

87 3432 27 24 at
127 3428 48 28 the
188 3426 76 36 right
277 3427 65 28 time
355 3427 43 28 for
411 3430 81 29 cattle
505 3430 60 29 feed
579 3431 53 29 this

87 3468 106 33 winter,
213 3467 78 28 when
313 3466 62 29 feed
396 3470 140 38 generally
556 3472 23 29 is
604 3482 30 19 so

85 3519 101 17 scarce.

125 3548 38 27 As
188 3551 29 24 to
239 3547 43 29 his
305 3548 67 28 fruit
393 3551 171 36 cultivation,
589 3553 46 29 Mr

87 3588 134 29 Bloxham
246 3587 24 30 is
289 3599 35 19 an
358 3593 139 29 extensive
531 3606 104 21 grower

78 3631 38 25 'of
146 3628 78 27 small
256 3629 304 33 fruits—strawberries
596 3635 39 30 (of

186 3667 33 29 he
240 3667 53 29 bad
310 3679 15 17 a
345 3669 123 35 splendid
491 3683 64 28 crop
578 3673 55 29 this

85 3709 120 33 season),
224 3708 81 28 black
326 3714 133 32 currents,
482 3714 54 28 and
558 3724 61 28 rasp-

77 3746 120 32 berries.
237 3748 86 29 Black
343 3756 123 24 currants
488 3754 76 30 there
585 3755 23 30 is
618 3767 17 17 a

87 3790 70 30 cjood
172 3789 119 28 demand
304 3791 51 33 for,
365 3792 35 28 he
414 3803 71 26 savs,
494 3805 30 19 as
534 3796 34 28 he
579 3807 54 15 was

84 3829 102 30 offered
201 3829 35 30 3d
252 3840 48 24 per
312 3831 29 28 lb
353 3833 44 28 for
410 3833 52 29 five
484 3846 78 25 years
588 3836 45 28 for

84 3871 34 27 nil
134 3871 35 28 he
197 3870 81 29 could
301 3872 107 39 supply,
430 3875 53 29 and
506 3876 78 29 there
608 3876 24 28 is

85 3911 57 29 mlso
155 3922 16 17 a
189 3910 109 29 market
319 3911 43 29 for
386 3916 176 35 raspberries,
584 3918 51 27 but

85 3952 35 29 he
133 3962 49 18 can
198 3951 109 39 dispose
320 3953 30 28 of
361 3953 34 29 all
414 3955 33 29 he
468 3968 89 19 grows
578 3958 52 28 and

87 4003 73 16 more
172 3993 23 26 if
203 3993 34 27 he
247 3992 52 28 had
312 3994 73 27 them
397 3996 106 36 locally.
546 3999 17 26 A
569 3999 64 35 pole

85 4032 127 35 growing
234 4031 46 29 Mr
302 4032 133 32 Bloxham
459 4036 49 28 has
533 4038 100 28 alwavs

78 4071 414 39 •continued.notwithstanding
504 4078 46 28 the
564 4081 70 29 pest,

84 4111 54 28 and
153 4111 49 29 has
215 4116 56 24 met
293 4113 64 29 with
380 4116 116 33 varying
517 4128 116 18 success.

87 4152 44 28 He
141 4151 54 29 had
210 4162 65 19 over
287 4153 59 29 half
358 4165 16 17 a
386 4159 46 25 ton
448 4158 53 26 this
522 4169 64 16 roar
607 4159 28 27 of

84 4192 137 29 excellent
258 4192 121 39 Wpi-<r
406 4198 104 37 apple*,
543 4199 50 28 but
619 4210 16 18 a

85 4237 80 29 gre;)t
188 4234 127 38 quantity
339 4237 30 27 of
389 4238 72 28 rliem
483 4250 70 16 were
572 4240 46 26 des-

85 4273 97 29 troyed
202 4274 38 36 by
262 4275 46 28 the
335 4278 84 29 moth.
460 4278 90 29 Kinds
576 4280 59 28 that

85 4315 53 27 will
153 4315 70 36 keep
236 4315 35 29 he
284 4317 139 31 considers
437 4318 43 30 far
492 4319 47 29 the
564 4324 70 24 most

87 4356 143 29 nrofitjible
244 4360 29 25 to
285 4368 74 26 grow
382 4361 26 26 in
434 4360 55 28 this
515 4361 117 29 district.

82 4396 171 29 •Svstemntic
273 4400 140 34 spraying,
437 4400 34 28 he
496 4402 138 27 considers

81 4447 38 16 •?m
133 4436 126 29 absolute
271 4444 136 25 necessity
420 4440 45 28 for
484 4441 147 28 successful

85 4475 66 29 fruit
165 4476 105 30 culture
283 4477 30 37 pf
332 4490 53 28 any
405 4480 68 29 kind
504 4480 52 29 and
581 4480 50 29 la«t

73 4517 87 28 ..week
192 4518 47 28 the
264 4523 72 25 trees
368 4532 70 19 were
469 4522 93 28 nenrlv
593 4522 34 27 all

300 4571 17 17 a
338 4563 71 28 wash
436 4563 29 28 of
481 4563 72 32 lime,
580 4562 51 29 salt

81 4593 55 28 and
155 4593 123 37 sulphur.
317 4598 70 30 The'
400 4602 66 26 Pom
469 4612 32 17 an
505 4612 12 15 a
536 4612 85 28 pnmp

81 4633 89 29 which
193 4634 37 29 he
250 4640 49 28 got
324 4638 70 30 from
422 4640 125 29 Dnnedin
575 4643 55 27 this

81 4684 66 17 vear
161 4674 63 29 (and
239 4675 44 29 for
295 4678 86 29 which
396 4680 34 27 he
443 4680 23 28 is
479 4682 94 32 acting
596 4694 30 18 as

81 4715 109 33 ngont),
205 4714 34 29 he
251 4716 49 28 has
311 4719 100 33 proved
425 4720 35 28 bv
471 4723 160 32 experience

81 4759 29 20 to
120 4755 34 25 he
163 4765 14 16 a
187 4754 166 36 thoroughly
362 4762 88 26 useful
460 4762 167 34 implement,

81 4793 71 27 built
165 4804 33 17 on
213 4798 128 33 practical

79 4833 63 28 able
155 4834 71 28 built
238 4846 35 17 on
286 4848 17 17 a
316 4838 114 32 barrow,
444 4841 52 28 and
515 4843 64 27 with
602 4843 22 27 it

81 4884 68 21 goes
162 4885 16 17 a
191 4873 94 35 length
301 4878 29 28 of
344 4879 59 27 15ft
415 4880 29 28 of
456 4881 74 29 ho<=e.
570 4883 57 29 The

81 4917 106 33 fipricot
201 4918 70 25 trees
285 4918 54 26 this
350 4929 66 24 year
428 4920 106 35 yielded
546 4923 83 26 about

52 4953 4 40 .
77 4953 62 30 balf
151 4964 17 18 a
179 4965 75 28 crop,
267 4955 105 34 though
387 4958 26 29 in
428 4970 124 21 common
565 4962 64 29 with

76 4997 82 27 those
168 4995 27 29 in
206 4997 80 29 other
295 4999 129 28 orchards
435 5001 65 29 thev
511 5003 115 28 sutTererl

78 5037 71 28 from
163 5037 75 38 early
252 5037 93 32 frosts.
384 5040 87 30 There
483 5053 54 18 was
551 5054 16 17 a
576 5043 54 29 fine

74 5088 69 27 crop
157 5078 30 28 of
208 5079 126 36 peaches,
354 5081 50 29 but
424 5082 65 36 thpy
510 5083 117 30 suffered

76 5118 72 29 from
161 5119 47 29 the
217 5120 77 28 small
306 5122 74 27 birds
393 5134 5 23 ;
419 5124 52 27 and
484 5124 46 28 the
539 5125 90 37 plums

76 5169 71 17 were
177 5169 17 17 a
222 5160 53 27 fair
308 5172 116 24 average
456 5173 73 26 crop.
569 5164 58 28 The

76 5199 118 28 walnuts
206 5210 72 17 were
291 5211 15 17 a
320 5212 66 27 very
400 5203 70 34 good
485 5214 75 22 rron,
579 5205 47 28 the

75 5239 78 27 small
167 5240 118 28 number
297 5241 29 27 of
339 5244 71 25 trees
428 5243 111 35 planted
566 5245 48 28 o-iv-

74 5281 50 33 ing
144 5291 14 17 a
181 5280 232 35 hundredweight
438 5283 29 28 of
488 5288 65 25 nuts
601 5285 27 28 A

73 5320 77 35 large
176 5320 117 30 rhesnnfc
318 5325 67 30 tree,
399 5334 63 18 over
486 5325 35 27 20
543 5335 80 26 years

73 5359 55 36 old,
142 5360 87 28 which
245 5361 45 28 Mr
303 5360 133 32 Bloxham
449 5364 177 30 has.hesavs

72 5400 34 29 ho
120 5400 53 29 will
188 5401 70 29 have
271 5405 28 25 to
313 5406 116 29 cut.out,
449 5414 30 19 as
493 5405 43 28 for
549 5415 76 18 some

72 5441 183 32 unexplained
269 5452 106 22 reason,
390 5445 132 34 although
544 5445 79 29 there

71 5492 45 18 are
130 5482 96 37 plenty
240 5482 29 29 of
283 5484 78 27 burrs
372 5485 47 28 the
433 5489 65 25 nuts
519 5485 35 30 do
574 5487 50 28 not

72 5523 115 28 fertilise
199 5523 54 28 and
268 5529 100 24 cannot
382 5526 33 27 be
428 5529 48 35 got
495 5529 30 26 to
547 5536 79 19 corae

69 5567 31 24 to
129 5564 141 38 maturity.
310 5565 43 28 He
384 5565 50 28 has
467 5566 58 29 also
551 5576 76 19 some

64 5604 106 38 •quince
183 5608 72 24 trees
271 5604 122 36 planted,
408 5606 88 29 which
518 5606 75 38 y'eld
605 5617 16 18 a

68 5656 69 24 very
150 5644 145 39 profitable
314 5657 75 26 crop,
403 5646 54 29 and
481 5647 55 28 this
559 5657 66 27 year

70 5685 35 28 he
117 5685 49 28 has
180 5685 134 39 prepared
333 5696 16 17 a
361 5687 61 28 nice
435 5686 188 40 sun-exposed

65 5726 81 34 slope
165 5736 30 17 as
208 5736 16 17 a
245 5725 53 30 bed
319 5726 44 29 for
384 5729 145 33 tomatoes,
552 5727 73 29 from

65 5766 94 31 which
172 5766 35 29 he
230 5770 114 35 expects
365 5770 29 26 to
415 5766 35 30 do
471 5777 68 28 very
551 5766 71 31 well.

690 186 2 43 I
710 190 41 30 Mr
765 190 134 31 Bloxham
920 191 49 29 has
991 192 57 29 also
1070 203 16 18 a
1108 203 65 26 very
1201 193 59 28 nice

688 228 3 45 j
706 232 104 36 vinery,
825 232 25 29 in
865 233 87 29 which
964 233 34 29 lie
1007 242 90 31 grows
1106 244 16 18 a
1131 233 127 40 plentiful

704 284 65 22 crop
784 275 28 26 ->f
827 284 109 29 grapes.

741 313 93 28 Taken
849 325 29 15 :is
892 325 14 16 a
922 313 94 37 whole,
1030 312 44 31 Mr
1098 313 160 30 Bloxham's

688 350 1 43 I
703 354 103 37 garden
824 354 53 29 will
891 355 59 28 well
972 365 82 28 repay
1068 366 16 17 a
1098 355 63 28 visit
1184 356 70 28 from

688 400 47 35 j;m
769 395 172 29 educational
968 396 77 37 point
1070 396 29 28 of
1126 396 66 28 view
1219 397 36 36 by

688 435 1 32 ;
701 435 77 29 tho.se
791 435 149 30 interested
955 435 28 30 in
997 436 46 28 the
1057 436 137 31 industry.

701 511 142 52 Laffey's
863 511 116 51 Claim,
999 511 111 52 Upper
1128 511 119 43 Taieri.

679 596 4 32 I
754 596 105 31 VISIT
880 597 47 31 OF
948 597 242 31 INSPECTION.

718 664 42 27 [Br
773 669 43 16 otra
830 665 99 22 Midlers
946 666 56 20 Fr..vT
1016 666 207 27 Correspondent.]

731 692 81 27 After
827 692 101 33 having
942 704 15 16 a
975 694 57 26 ride
1053 694 86 26 round
1155 694 74 27 Ua.ua-

677 720 3 16 t
715 720 4 16 t
910 722 15 8 <j

677 731 3 39 !
693 731 61 28 diae
766 731 119 29 Flatand
892 732 157 38 inspecting
1059 733 45 27 the
1113 732 130 29 different

676 772 2 38 ;
692 772 177 38 prospecting
882 773 90 28 shafts
986 773 54 28 and
1064 773 46 29 the
1136 774 105 28 several

675 812 2 32 {
691 812 91 26 works
797 812 70 26 done
880 812 28 28 in
922 813 162 26 connection
1108 813 66 27 with
1198 813 46 27 the

674 850 3 38 |
689 850 90 34 claim,
793 861 37 18 we
844 851 127 29 returned
982 851 81 37 again
1078 856 28 24 to
1121 852 45 28 the
1183 852 59 34 hut,

674 890 1 40 !
689 891 75 39 quite
784 891 146 36 famished,
953 903 30 17 so
1006 892 80 28 much
1108 903 30 17 so
1152 893 60 28 that
1226 893 14 28 I

674 931 1 38 (
690 934 87 35 began
790 937 27 22 to
828 940 92 29 regret
932 943 42 25 my
986 931 124 38 leniency
1121 932 118 30 towards

674 971 1 42 j
687 971 47 29 the
765 981 65 28 pup.
871 971 55 29 But
962 972 79 28 while
1082 972 156 39 fossicking

674 1012 1 37 \
685 1012 84 27 about
784 1014 13 25 1
813 1012 78 28 made
905 1024 15 15 a
943 1012 89 36 grand
1052 1012 144 37 discovery
1212 1014 25 26 in

668 1051 3 43 j
685 1051 108 36 finding
805 1051 71 38 ajar
896 1051 29 28 of
950 1053 92 27 butter
1061 1052 54 29 and
1139 1052 58 28 half
1223 1064 15 17 a

668 1091 2 39 i
687 1091 54 36 bag
762 1092 28 27 of
809 1095 133 33 potatoes,
957 1103 29 15 so
1009 1092 59 27 that
1087 1092 27 27 in
1134 1103 17 17 a
1173 1102 64 28 very

666 1130 4 34 '
684 1130 78 28 short
786 1131 66 28 time
874 1141 40 18 we
934 1141 70 18 were
1026 1132 127 32 regaling
1172 1143 47 17 our-

666 1171 3 38 j
683 1171 87 28 selves
777 1171 65 27 with
849 1181 16 17 a
874 1171 120 37 glorious
1005 1172 63 27 feed
1078 1172 28 27 of
1113 1179 123 30 potatoes

665 1208 3 48 j
682 1209 55 29 and
750 1211 101 36 butter,
862 1211 96 39 caring
969 1212 48 28 but
1032 1211 69 30 little
1117 1212 59 29 that
1190 1213 46 30 the

666 1250 2 44 j
682 1250 121 30 luxuries
818 1262 40 18 we
873 1262 68 18 were
955 1252 148 39 iudulgiug
1127 1254 27 28 in
1177 1259 60 23 cost

665 1291 3 40 I
682 1291 46 28 the
741 1301 106 19 owners
867 1296 43 24 12s
925 1292 36 29 01
981 1301 48 30 per
1041 1298 63 24 cwt.
1146 1291 90 33 While

665 1331 3 43 j
682 1331 64 30 thus
757 1332 143 39 employed
911 1345 16 16 a
936 1332 62 39 yelp
1009 1333 69 29 from
1086 1334 45 30 the
1141 1346 94 28 puppy

665 1369 3 35 i
681 1373 163 28 announced
859 1374 46 28 the
918 1374 98 28 arrival
1031 1374 28 28 of
1070 1384 75 19 some
1155 1377 80 27 other

666 1413 2 36 j
682 1419 89 30 party,
786 1413 59 27 who
866 1413 99 28 turned
978 1419 48 23 out
1042 1419 27 23 to
1084 1415 33 27 be
1145 1415 43 27 Mr
1206 1418 28 26 B.

665 1452 2 37 j
683 1452 136 29 Diamond
841 1453 55 28 and
919 1458 70 24 mate
1017 1454 68 35 who,
1106 1456 128 28 notwith-

665 1488 2 44 I
681 1493 132 39 standing
828 1494 46 28 the
895 1494 100 37 liberty
1013 1504 39 19 we
1073 1494 53 30 had
1149 1496 82 28 taken

665 1533 1 44 j
682 1533 63 28 wiUi
772 1534 73 28 their
870 1534 49 28 hut
944 1533 57 29 and
1035 1534 36 29 its
1096 1540 137 31 contents,

665 1573 1 42 j
681 1573 79 28 made
785 1583 32 19 us
842 1574 113 37 heartily
979 1574 138 30 welcome.
1159 1575 73 40 They

665 1616 1 38 I
680 1624 65 18 soon
760 1623 50 30 got
824 1616 45 28 the
882 1626 80 27 camp
976 1627 70 17 oven
1061 1617 87 28 under
1162 1629 65 25 wav,

665 1655 1 40 I
679 1655 54 28 and
753 1656 133 39 although
909 1657 138 29 butcher's
1080 1664 73 23 maat
1178 1669 49 18 was

665 1696 1 39 I
679 1697 181 38 conspicuous
887 1697 34 38 by
943 1696 35 29 its
1000 1697 129 38 absence,
1148 1698 22 30 if
1192 1710 35 18 we

665 1737 1 36 !
679 1743 99 30 except
792 1738 47 26 the
852 1737 73 28 duck
939 1737 53 28 and
1006 1749 16 16 a
1042 1738 53 28 few
1120 1739 90 29 deeom-

665 1768 1 46 !
680 1776 84 37 posed
779 1775 114 36 rabbits,
906 1780 48 34 yet
967 1777 78 28 there
1058 1787 52 19 was
1124 1779 86 29 abund-

665 1816 1 37 !
679 1827 66 19 ance
764 1817 30 29 of
814 1816 77 37 flour,
917 1817 53 29 and
998 1829 98 19 scones
1120 1820 107 31 became

680 1857 45 27 the
738 1858 80 26 order
830 1859 29 25 of
880 1858 46 26 the
948 1858 52 38 day
1022 1869 31 17 or
1075 1860 94 28 rather
1184 1863 43 26 the

679 1895 90 41 night,
783 1897 87 30 which
884 1908 40 19 we
945 1898 103 30 stowed
1070 1911 78 27 away
1172 1898 55 33 into

677 1947 50 19 our
739 1945 94 32 empty
847 1940 139 28 stomachs
997 1951 29 17 as
1040 1940 56 30 fast
1109 1951 30 18 as
1164 1943 63 37 they

680 1988 67 19 were
770 1978 87 30 made.
897 1979 34 29 In
956 1979 55 29 this
1035 1980 129 31 dilemma
1188 1983 39 28 Mr

680 2019 134 29 Di>m>ud
828 2019 113 29 secured
962 2020 47 29 the
1033 2022 149 31 assistance
1202 2024 25 29 of

679 2061 41 28 his
747 2065 81 30 mate,
849 2065 49 33 got
919 2061 116 29 another
1059 2073 79 29 camp
1160 2075 67 18 oven

677 2102 99 41 rigged
790 2107 57 32 out,
860 2101 54 29 and
928 2102 27 28 in
970 2113 16 18 a
1000 2112 65 30 very
1078 2104 77 30 short
1166 2105 61 31 time

677 2144 99 28 turned
790 2149 48 23 out
851 2154 16 18 a
882 2143 47 37 big
941 2144 131 36 smoking
1087 2145 47 28 hot
1148 2157 79 28 camp

676 2194 69 19 oven
759 2183 64 36 loaf,
839 2184 46 28 the
898 2193 66 28 very
984 2185 77 35 sight
1086 2185 29 28 of
1138 2187 87 29 which

677 2224 120 29 satisfied
809 2234 50 19 our
871 2234 60 18 now
945 2224 180 38 diminishing
1143 2238 68 27 appe-

675 2266 64 28 tites
752 2278 8 22 ;
779 2265 54 28 and
847 2275 51 19 one
912 2264 28 29 of
951 2266 45 27 the
1011 2271 78 32 party
1100 2267 78 28 made
1192 2279 33 17 an

674 2307 68 27 offer
752 2307 29 28 of
790 2316 31 18 os
840 2307 44 27 for
897 2306 46 27 the
955 2306 54 27 loaf
1018 2306 136 29 delivered
1167 2309 58 27 safe

672 2347 55 28 and
741 2346 88 29 sound
850 2351 29 23 at
902 2345 104 29 Millers
1027 2346 70 29 Flat.
1138 2347 85 39 Early

672 2392 67 24 next
762 2387 128 37 morning
907 2386 41 29 Mr
967 2386 94 30 Peters
1082 2388 137 31 ascended

672 2433 27 24 to
713 2428 49 29 the
779 2427 134 30 Penstock
935 2427 54 30 and
1012 2428 141 29 examined
1176 2430 47 29 the

670 2467 55 28 line
738 2469 29 27 of
788 2473 167 27 water-race,
977 2468 88 27 which
1088 2468 22 27 is
1135 2469 88 29 under

669 2512 55 24 two
738 2508 63 28 mile
814 2507 28 29 in
856 2507 105 38 length,
975 2507 54 30 and
1053 2518 53 18 was
1127 2513 79 24 aston-

667 2548 78 30 ished
761 2549 60 28 how
836 2548 67 29 such
915 2561 15 16 a
945 2560 124 27 pressure
1093 2549 78 30 could
1187 2551 33 28 be

666 2589 131 30 obtained
812 2590 28 28 in
850 2589 67 29 such
941 2602 17 15 a
979 2591 77 28 short
1078 2590 140 37 distance;

666 2630 51 28 but
732 2631 79 28 when
826 2631 33 27 he
870 2629 107 30 arrived
990 2638 26 22 at
1033 2630 46 30 the
1101 2631 69 29 head
1190 2633 30 27 of

665 2670 48 28 the
726 2681 61 18 race
802 2670 33 29 he
845 2680 53 17 was
910 2669 54 29 still
977 2681 73 18 more
1060 2672 158 29 astonished

665 2714 27 25 to
706 2721 45 19 see
774 2711 47 29 the
840 2709 89 30 Taieri
953 2710 72 30 river
1048 2712 170 39 thundering

665 2762 64 18 over
741 2763 35 17 an
788 2753 100 27 almost
902 2753 210 36 perpendicular
1126 2754 47 28 fall
1188 2755 29 27 of

665 2792 41 35 300
706 2792 44 35 ft,
761 2792 65 28 with
837 2801 16 18 a
863 2791 107 29 volume
979 2793 29 27 of
1021 2799 84 22 water
1114 2794 102 29 second

665 2833 60 33 Only
740 2838 27 23 to
782 2833 46 29 the
843 2832 102 29 Clutha
967 2833 72 29 river
1061 2834 28 28 iu
1113 2834 101 30 Ota<n>.

666 2877 49 24 We
733 2883 72 19 were
831 2877 66 23 next
922 2874 106 28 invited
1051 2876 36 35 by
1111 2874 105 29 Messrs

665 2913 133 30 Diamond
807 2913 54 29 and
874 2912 149 30 M/Donald
1032 2919 28 24 to
1070 2914 64 30 visit
1145 2915 71 29 their

665 2953 85 35 claim,
764 2953 55 37 just
842 2964 16 17 a
881 2953 78 29 short
979 2953 124 30 distance
1127 2955 87 29 below

665 2993 42 29 the
720 2993 63 29 falls
804 2994 55 28 and
879 2993 102 30 almost
1000 2994 147 40 adjoining
1171 2996 45 28 Mr

665 3033 115 38 Laffey's
793 3034 91 34 claim,
898 3034 90 28 which
1000 3034 24 28 is
1038 3045 35 18 on
1097 3046 16 18 a
1134 3040 78 33 steep

665 3083 63 28 spur
747 3074 88 39 rising
854 3073 131 38 abruptly
1011 3084 36 29 up
1075 3074 72 29 from
1169 3075 48 29 the

665 3114 106 28 water's
790 3115 81 38 edge.
910 3113 88 30 There
1018 3124 46 18 are
1085 3114 131 31 different

665 3154 85 39 layers
764 3155 30 29 of
806 3153 155 37 wash-dirt,
971 3154 100 40 chiefly
1080 3154 30 30 of
1123 3168 17 17 a
1150 3167 66 29 very

665 3195 86 38 heavy
770 3195 177 38 description,
971 3195 121 40 jammed
1114 3198 29 28 in
1168 3198 32 29 be-

665 3239 87 25 tween
772 3236 119 28 crevices
912 3236 29 28 of
963 3236 74 39 huge
1056 3238 91 35 rocks,
1160 3239 55 28 and

665 3275 47 27 the
724 3279 142 35 prospects
881 3275 88 29 which
984 3276 43 28 Mr
1047 3276 96 31 Peters
1166 3282 48 34 got

665 3318 48 27 out
725 3316 29 30 of
768 3316 126 29 different
916 3320 75 35 parts
1012 3316 30 30 of
1064 3318 47 30 the
1134 3318 79 31 olaim

665 3357 85 38 speak
781 3357 44 29 for
859 3357 173 31 themselves.
1073 3360 139 29 Diamond

665 3396 54 30 and
733 3397 149 30 M'Donald
901 3397 68 29 have
979 3402 49 34 got
1041 3410 17 18 a
1079 3404 84 35 grant
1183 3401 31 28 of

665 3438 41 28 six
719 3449 76 19 acres
809 3440 30 27 of
851 3449 16 17 a
879 3438 80 28 claim
972 3439 54 29 and
1047 3450 17 18 a
1086 3441 76 39 right
1185 3446 28 24 to

665 3480 33 26 20
712 3478 187 30 Government
913 3479 82 29 heads
1009 3480 30 29 of
1053 3487 83 23 water
1158 3489 48 22 out

665 3518 27 29 of
713 3520 47 28 the
781 3519 88 29 Taieri
896 3520 78 35 river,
1003 3522 54 28 and
1081 3522 13 29 I
1118 3533 43 18 am
1182 3523 29 28 of

665 3560 108 36 opinion
796 3560 60 29 that
885 3560 75 29 when
987 3571 69 20 once
1082 3563 65 38 they
1167 3574 46 19 are

665 3601 58 28 able
738 3607 27 22 to
778 3607 48 30 get
840 3602 47 27 the
901 3603 126 36 quantity
1042 3604 29 27 of
1085 3610 84 21 water
1182 3609 29 23 to

665 3645 106 32 operate
785 3652 35 16 on
835 3641 71 28 their
919 3641 80 28 claim
1018 3642 71 27 their
1102 3643 110 28 fortune

665 3680 19 28 is
698 3682 111 28 assured
820 3694 6 22 ;
849 3681 54 28 and
917 3680 22 28 it
949 3680 22 28 is
986 3692 44 27 my
1041 3682 111 29 humble
1166 3683 30 28 be-

665 3720 45 28 lief
723 3722 59 27 that
797 3722 76 28 there
888 3722 22 28 is
924 3732 15 16 a
962 3721 76 39 large
1060 3727 95 24 extent
1181 3725 30 27 of

665 3762 104 38 equally
792 3764 56 28 rich
872 3763 153 28 auriferous
1048 3764 109 36 ground
1183 3765 26 28 in

665 3802 46 29 the
729 3813 74 20 same
832 3804 118 36 locality.
987 3802 99 40 CKving
1113 3809 28 23 to
1166 3805 46 28 the

665 3843 97 38 patchy
777 3850 94 23 nature
885 3845 28 26 of
927 3844 46 27 the
988 3843 65 38 gold
1077 3845 61 28 that
1160 3845 49 28 ha>

665 3883 116 29 hitherto
795 3886 68 28 been
878 3883 86 30 found
978 3884 26 30 in
1016 3884 45 29 the
1076 3884 114 29 Lammer-

665 3923 47 28 law
750 3937 109 26 ranges,
894 3925 53 28 and
983 3927 46 28 the
1065 3925 146 29 inclement

666 3967 117 28 weather
797 3968 25 29 in
837 3969 97 26 winter
945 3968 74 34 time,
1037 3966 12 28 I
1064 3966 90 29 would
1166 3973 45 20 not

665 4016 35 26 go
714 4017 30 17 so
756 4008 43 27 fir
811 4017 29 17 as
854 4014 28 21 to
896 4008 130 27 advocate
1039 4018 15 16 a
1070 4007 62 26 rush
1145 4016 66 17 eve.)

665 4057 32 17 on
720 4057 16 17 a
756 4048 78 29 small
856 4047 70 29 scale
949 4051 27 26 to
1003 4048 53 28 this
1082 4046 129 37 outlying

665 4086 115 35 district,
794 4088 50 27 but
857 4088 60 27 that
927 4088 44 27 the
982 4088 76 37 place
1072 4086 79 28 holds
1165 4090 48 23 out

665 4137 63 28 very
754 4128 140 29 seductive
919 4133 244 31 encouragements
1187 4132 26 21 t'»

665 4168 102 34 steady,
815 4169 177 37 persevering
1035 4167 178 39 prospecting

665 4208 123 36 pioneers
800 4209 23 28 is
837 4208 108 35 beyond
966 4208 134 39 question.
1141 4206 70 39 Only

665 4249 34 35 by
723 4259 15 16 a
760 4248 113 38 gradual
897 4249 84 28 influx
1004 4249 29 28 of
1054 4249 66 28 such
1148 4258 59 18 men

665 4287 50 29 will
730 4288 46 29 the
792 4294 59 23 vnst
874 4288 112 29 mineral
1016 4299 140 19 resources
1181 4290 30 27 of

663 4326 54 30 this
731 4327 108 32 district
852 4330 113 29 become
979 4329 126 39 properly
1128 4328 68 30 deve-

662 4368 90 38 loped,
766 4370 53 28 and
834 4372 78 26 those
927 4371 59 27 who
1001 4370 63 29 take
1088 4372 46 26 the
1152 4371 59 28 lead

662 4408 26 28 in
703 4409 66 29 such
785 4410 200 35 undertakings
1002 4422 44 17 are
1061 4411 52 28 rod
1129 4410 67 29 bene-

661 4448 101 30 factors
781 4450 30 28 of
832 4451 46 28 the
899 4450 106 33 raining
1032 4452 178 28 community.

665 4490 24 28 It
703 4490 22 28 is
738 4494 28 26 to
780 4490 34 30 be
828 4491 88 39 hoped
933 4491 59 30 that
1009 4493 72 29 their
1094 4502 119 30 courage

660 4530 53 29 and
728 4530 83 39 pluck
825 4532 26 29 in
874 4532 140 38 subduing
1036 4534 47 28 the
1105 4533 91 28 wilder-

659 4581 63 18 ness
735 4572 54 28 will
803 4577 72 25 meet
890 4573 63 28 with
969 4574 45 28 the
1027 4584 109 19 success
1151 4574 21 28 it
1183 4584 30 18 so

659 4612 126 38 worthily
799 4614 135 28 deserves.

797 4654 51 33 (To
864 4654 29 28 he
906 4655 166 33 contbiv,p,(l.)

694 4731 69 41 The
794 4730 180 52 Amberley
1002 4732 170 50 Tragedy.

697 4810 21 27 A
732 4810 51 36 girl
799 4810 98 29 named
916 4811 73 28 Alice
1003 4810 134 29 Lawcock
1158 4821 52 16 was

659 4849 92 29 victim
767 4850 29 29 of
807 4861 16 16 a
837 4850 111 30 terrible
961 4850 117 35 tragedy
1091 4855 28 23 at
1143 4850 44 29 Am-

659 4890 102 36 berley,
774 4892 26 26 in
816 4891 90 28 North
921 4891 181 36 Canterbury,
1118 4896 28 21 at
1160 4891 47 27 the

655 4929 54 28 end
723 4930 30 28 of
774 4930 52 28 last
964 4931 82 27 nehv*
1061 4929 142 29 murdered

659 4980 28 18 as
712 4970 49 29 she
786 4971 127 29 returned
941 4971 36 37 by
991 4982 16 17 a
1032 4970 90 37 lonely
1145 4970 63 28 road

657 5009 71 29 from
739 5010 119 38 the*post
871 5012 77 28 office
963 5017 28 22 to
1007 5011 48 27 her
1077 5010 131 29 mother's

657 5050 94 29 house.
791 5052 24 28 A
831 5063 59 17 man
906 5052 60 28 who
981 5061 69 18 crave
1064 5051 45 28 the
1123 5061 79 19 name

657 5090 29 30 of
714 5091 86 39 Hugh
826 5092 105 36 Fraser,
956 5093 51 28 but
1034 5092 90 28 who«o
1151 5092 53 29 real

657 5142 80 18 name
770 5134 99 27 turned
898 5138 48 23 out
967 5137 29 24 to
1019 5133 34 27 be
1085 5132 118 28 William

657 5170 136 37 Sheehan,
808 5182 53 18 was
874 5172 122 29 arrested
1012 5183 33 17 on
1062 5172 146 37 suspicion,

656 5211 53 28 and
723 5211 35 28 he
773 5212 47 27 has
834 5210 74 31 since
919 5213 77 28 made
1007 5212 45 28 the
1066 5210 140 41 following

657 5251 201 29 confession:—

681 5289 14 11 '"
708 5290 9 21 I
792 5291 36 20 the
845 5291 37 28 pr)
891 5298 26 15 m\
925 5292 35 21 tlm
969 5299 23 14 ri
997 5291 21 23 *A
1123 5297 27 16 iv.
1179 5291 24 20 In

655 5325 11 13 a
685 5319 24 20 fit
725 5318 22 20 of
767 5319 78 26 ptssinn
865 5320 9 19 I
885 5320 100 21 aa«mlt->d
998 5320 11 20 h
1012 5327 10 7 n
1024 5327 10 12 r
1043 5318 39 21 and
1100 5318 107 21 murdered

655 5346 43 21 lier.
726 5346 11 19 I
757 5348 42 17 mot
817 5345 37 21 her
862 5346 65 22 in'h*
935 5346 115 25 plantation
1059 5346 64 20 about
1132 5345 68 21 dinne'

655 5372 56 25 tim*,
732 5372 90 21 knock"'!
840 5373 36 20 her
894 5374 57 21 ilown
976 5374 48 21 wi'h
1048 5381 11 12 a
1083 5373 59 24 stick,
1167 5371 40 21 and

654 5399 83 22 covered
748 5400 37 20 h»r
795 5400 48 20 with
855 5407 54 14 i*orM
919 5402 39 21 an>l
970 5404 53 19 wf?nt
1033 5407 63 14 awiv.
1125 5400 10 21 I
1146 5400 60 20 killed

653 5426 37 22 her
700 5427 49 22 wi'h
758 5428 36 20 the
810 5428 55 21 knif-;
876 5428 47 22 foun
932 5430 40 20 lon
985 5437 39 15 m>\
1051 5428 65 21 There
1129 5434 39 15 wm
1180 5434 25 14 no

654 5454 59 21 blood
724 5461 24 14 on
760 5455 36 20 the
805 5456 63 25 knife,
879 5456 39 21 and
931 5456 7 21 I
947 5459 34 21 got
992 5464 52 13 none
1053 5463 25 14 o'i
1196 5453 9 21 I

654 5482 11 21 I
671 5481 57 22 don't
738 5482 59 21 kn')w
810 5483 54 19 what,
874 5489 19 15 m
900 5483 32 21 ide
941 5491 31 14 m•
982 5485 26 20 do
1019 5484 22 22 it.
1070 5484 11 21 I
1092 5489 61 14 never
1163 5489 40 13 saw

654 5509 36 22 her
707 5509 76 23 before.
812 5510 9 20 T
841 5510 57 21 make
908 5510 41 22 thin
958 5515 111 18 ntat«m-mt
1078 5510 22 22 of
1115 5516 35 22 my
1159 5515 44 16 own

654 5536 92 23 freewill.
774 5538 33 20 No
815 5545 39 13 ons
864 5539 80 25 pressed
958 5546 31 14 me
1000 5543 21 17 to
1033 5539 58 21 make
1101 5538 35 20 the
1142 5540 50 18 state-

654 5565 64 19 ment.

796 5591 87 27 (Signed)
961 5593 103 23 William
1077 5592 128 22 SHEKHAX.''

691 5619 125 30 Sheehan
831 5630 56 19 was
900 5620 69 30 calm
992 5623 54 28 and
1070 5620 135 31 collected

653 5660 77 29 when
746 5660 114 38 making
874 5661 47 28 the
934 5666 158 26 statement.

688 5700 60 28 The
770 5699 65 39 jury
861 5703 128 27 returned
1012 5713 16 17 a
1054 5700 105 31 verdict
1176 5701 29 30 cf

806 5739 139 30 murder''
972 5741 109 38 against
1115 5741 88 33 Hugh

652 5779 99 31 Fraser
763 5779 73 31 alias
851 5780 121 31 William
984 5782 136 30 Sheehau.

1536 202 41 43 of

1325 284 45 32 W.
1392 285 31 28 T.
1440 284 94 34 Stead,
1558 285 46 28 the
1618 284 119 29 founder
1749 285 31 28 of
1796 286 46 28 the

1273 324 1 45 j
1286 334 62 19 now
1394 324 192 29 world-famed
1654 324 112 29 Review
1813 326 28 28 of

1273 363 1 35 !
1454 365 23 29 is
1491 364 120 34 nothing
1618 363 23 32 if
1653 369 49 25 not
1720 364 117 34 original

1284 405 54 28 and
1353 406 194 39 enterprising,
1561 405 55 29 and
1629 405 30 29 of
1670 416 106 26 course,
1792 407 47 28 the

1282 456 65 27 year
1357 447 30 28 of
1398 447 119 28 Records
1528 446 80 29 could
1618 450 50 26 not
1679 447 34 28 be
1722 446 115 29 allowed

1283 490 27 24 to
1324 496 62 28 pass
1401 487 116 29 without
1529 487 119 29 another
1656 487 96 29 record
1762 487 71 29 from

1281 526 56 29 him
1363 527 27 28 in
1405 527 46 28 the
1477 528 101 29 realms
1602 527 30 30 of
1661 527 173 39 journalism.

1283 565 50 29 We
1348 567 68 28 have
1430 568 125 28 received
1578 568 36 37 by
1633 568 48 29 the
1706 571 128 34 courtesy

1279 605 29 30 of
1328 605 43 31 Mr
1384 605 30 32 T.
1437 606 82 30 Shaw
1548 607 127 38 Fitchett,
1701 619 133 28 manager

1278 647 29 28 of
1343 648 47 27 the
1427 649 161 28 Australian
1624 650 112 34 edition,
1787 650 45 27 the
1842 647 1 39 j

1260 687 3 43 j
1276 687 124 35 January
1414 688 56 27 and
1485 689 96 27 March
1595 690 130 27 numbers
1738 689 30 28 of
1781 690 46 27 the

1259 725 2 33 I
1487 727 104 29 Herein
1613 728 45 29 Mr
1680 729 84 29 Stead
1779 729 49 29 has

1258 766 3 44 j
1275 766 183 39 inaugurated
1467 768 71 28 what
1546 768 23 29 is
1579 769 136 38 modestly
1721 771 106 27 termed

1257 799 3 40 j
1272 816 16 15 a
1310 807 84 26 series
1416 807 29 26 of
1470 809 141 26 character
1637 809 128 28 sketches
1795 810 30 27 of

1256 842 2 43 |
1304 844 58 29 Her
1378 844 118 41 Majesty
1512 847 46 28 the
1578 847 97 37 Q.ieen
1701 848 54 30 and
1776 849 49 29 her

1254 884 3 45 i
1405 887 48 28 but
1467 888 73 29 what
1553 889 22 28 is
1588 889 92 38 really,
1701 889 123 40 judging

1272 926 35 36 by
1329 927 47 27 the
1402 928 131 29 numbers
1548 934 27 23 to
1590 930 82 34 hand,
1695 941 16 17 a
1738 931 82 27 series

1268 965 30 28 of
1322 965 157 31 condensed
1514 968 174 40 biographies
1714 970 30 29 of
1774 971 48 28 the

1270 1011 71 23 most
1378 1008 157 36 prominent
1571 1020 61 18 men
1670 1011 55 27 and
1752 1016 71 23 most

1268 1045 165 39 interesting
1471 1058 103 27 groups
1609 1049 30 28 of
1664 1049 156 29 characters

1268 1085 59 28 who
1343 1085 68 30 have
1426 1087 67 28 been
1522 1088 120 37 intently
1667 1090 153 27 associated

1268 1125 64 28 with
1355 1126 46 27 the
1423 1126 94 38 public
1538 1127 93 29 affairs
1646 1128 104 39 during
1773 1129 48 28 her

1268 1164 143 38 Majesty's
1464 1167 88 37 reign.
1594 1168 45 27 Mr
1691 1168 44 29 VV.
1782 1169 37 28 H.

1267 1202 109 31 Fitchet
1402 1205 77 39 gives
1513 1206 157 31 illustrated
1707 1209 111 29 articles

1313 1245 97 36 Fights
1433 1247 43 28 for
1498 1248 45 27 the
1665 1249 90 28 which
1769 1260 46 17 are

1265 1285 29 28 of
1307 1286 76 29 vivid
1395 1286 132 37 interest;
1541 1287 56 30 and
1611 1287 108 31 besides
1741 1285 4 38 t
1754 1288 64 30 here

1265 1337 54 25 are,
1339 1327 30 29 of
1393 1338 105 26 coarse,
1524 1329 46 29 the
1596 1329 77 29 usual
1707 1329 92 30 miscel-

1265 1367 113 29 laneous
1391 1369 144 28 collection
1549 1371 29 27 of
1590 1369 110 29 articles
1723 1381 36 18 on
1784 1371 35 27 all

1266 1407 258 39 topics—political,
1545 1409 92 35 social,
1670 1410 151 35 scientific;

1264 1450 54 28 etc.
1359 1447 58 30 The
1454 1459 59 18 new
1550 1450 120 29 features
1708 1450 31 29 of
1775 1450 47 29 the

1265 1488 143 37 magazine
1434 1489 55 29 will
1522 1490 143 38 assuredly
1699 1491 124 29 enhance

1247 1527 2 45 j
1263 1527 35 28 its
1311 1529 216 29 attractiveness
1538 1530 202 37 considerably.

1341 1594 70 26 (News
1420 1596 115 21 Cmitiuueil
1550 1603 25 15 on
1590 1596 79 22 Fourth
1687 1597 66 26 Page.)

181 89 167 51 Friday,
372 90 103 52 May
492 92 37 45 7,
553 91 116 42 1397.

1695 91 198 45 MOUHT
1974 86 234 50 -BEHGfill
2296 97 152 41 MAIL.

1351 1795 160 23 BARRISTER
1526 1794 62 26 AND
1601 1796 155 29 SOLICITOR,

1463 1843 164 35 Lawrence,

1267 1908 67 30 Will
1362 1908 96 30 attend
1484 1909 47 29 the
1551 1909 152 41 Roxburgh
1726 1910 94 33 Court.

1264 2063 102 40 Money
1378 2069 28 24 to
1415 2063 76 30 Lend
1501 2076 35 18 on
1548 2066 134 31 Freehold
1693 2067 125 41 Security

1296 2191 334 30 EXi'RAOKDINARY

1494 2248 283 36 OPPORTUNITY.

1254 2335 78 22 FROM
1352 2336 57 21 THE
1430 2335 131 23 FACTORY
1581 2337 105 22 DIRECT
1700 2339 36 21 TO
1754 2339 58 22 THE

1451 2371 158 24 CUSTOMER.

1253 2462 47 31 \J
1328 2472 72 21 tomer,
1420 2467 48 22 thus
1488 2469 109 25 procuring
1614 2469 33 21 for
1665 2469 35 21 the
1718 2470 63 22 latter
1799 2480 12 14 a

1252 2497 73 24 double
1350 2502 104 19 ecmoniy,
1480 2495 89 26 uamely,
1590 2496 37 21 the
1647 2497 62 26 profit
1727 2498 22 21 •{
1773 2499 37 22 the

1252 2523 107 26 wholesale
1368 2523 75 27 «ttr^l«i,
1454 2523 39 21 *n<l
1503 2523 37 21 the
1550 2530 56 14 more
1615 2524 140 24 considerable
1770 2534 40 14 one

1252 2555 19 21 of
1279 2556 34 20 the
1322 2552 58 21 retail
1391 2552 75 23 dealer,
1477 2558 122 20 amounting
1611 2556 22 17 to
1641 2552 53 22 from
1701 2561 23 13 as
1735 2556 22 19 to
1764 2554 45 22 £lO

1252 2589 51 19 upon
1313 2588 16 16 A
1340 2579 63 26 single
1414 2585 29 14 vr\
1454 2579 33 22 oh.
1517 2579 66 20 li.it.ti!
1594 2584 64 16 wnaii
1670 2580 77 22 dealer*
1766 2583 42 21 and

1252 2609 104 27 jeweller',
1364 2606 80 26 usually
1450 2606 72 25 selling
1530 2606 38 21 but
1573 2614 12 13 a
1591 2606 39 22 few
1639 2610 89 19 watches
1741 2609 66 28 daily,

1252 2645 30 13 are
1291 2636 69 22 fared
1370 2638 21 17 to
1402 2636 58 20 make
1470 2641 25 14 an
1502 2634 156 27 extraordinary
1670 2637 62 25 profit
1749 2644 56 20 upon

1252 2665 44 21 each
1307 2672 38 13 ouu
1364 2662 44 21 auid
1418 2663 19 19 in
1456 2662 60 20 order
1536 2666 20 15 t«
1566 2662 73 28 defray
1649 2663 56 22 their
1722 2665 85 26 general

1252 2698 103 22 expenses.

1277 2726 36 21 We
1341 2724 143 21 manufacture
1507 2730 22 13 as
1555 2730 37 15 oar
1625 2724 106 28 speciality
1759 2726 49 27 only

1248 2754 85 25 sterling
1352 2755 60 18 iilver
1430 2758 23 14 «#r
1473 2751 46 25 gold
1545 2754 148 19 atrm-wiudera
1719 2754 89 25 (keyle.>s

1249 2781 105 24 watches).

1272 2815 45 22 Thi
1329 2814 79 28 keylesa
1416 2814 122 22 mechanism
1553 2813 23 22 of
1590 2814 89 22 watches
1695 2815 16 21 is
1727 2823 39 14 one
1784 2816 24 21 of

1246 2844 36 20 the
1301 2847 54 18 rant
1376 2844 113 23 important
1503 2843 40 20 4111
1560 2843 67 20 muful
1644 2844 120 19 inventions
1783 2844 23 20 of

1246 2871 83 21 modern
1352 2870 68 21 timet,
1449 2870 82 19 lusted
1547 2870 23 19 of
1588 2870 104 26 fumhling
1708 2871 20 20 in
1747 2871 59 20 one's

1246 2898 83 25 pockets
1340 2900 21 18 to
1375 2898 40 20 find
1431 2896 36 23 the
1482 2896 46 26 key,
1547 2897 66 20 which
1629 2898 59 20 when
1705 2897 67 22 found
1789 2897 17 22 is

1245 2930 54 17 most
1319 2925 75 25 always
1420 2924 56 21 filled
1496 2924 49 21 with
1560 2924 117 21 dust—this
1691 2924 23 21 of
1733 2932 73 15 course

1246 2952 60 25 being
1313 2952 126 21 transferred
1454 2955 22 16 to
1485 2951 36 20 the
1531 2952 66 20 watch
1609 2958 53 14 -one
1676 2952 34 21 has
1729 2952 37 21 hut
1785 2955 22 18 to

1246 2983 47 19 turn
1300 2987 12 15 a
1326 2978 88 23 knurled
1426 2980 75 20 button
1516 2978 62 23 fitted
1588 2981 21 18 to
1620 2979 35 20 the
1672 2978 92 27 pendent
1774 2980 31 24 (or

1246 3008 60 26 ting),
1317 3007 48 22 thus
1373 3006 90 26 winding
1471 3006 36 21 the
1517 3006 65 21 watch
1589 3006 41 22 and
1643 3006 117 28 regulatiug
1768 3007 36 22 the

1246 3035 65 20 hands
1321 3034 25 26 by
1356 3034 36 21 the
1401 3041 55 14 same
1472 3040 75 15 means.

1271 3068 44 20 Our
1325 3067 88 21 watches
1422 3074 34 14 are
1463 3068 131 25 everywhere
1602 3067 117 26 recognised
1738 3069 23 20 to
1782 3069 24 19 he

1247 3094 35 21 the
1296 3095 45 20 best
1358 3095 21 20 in
1389 3094 36 21 the
1439 3095 87 26 market,
1537 3095 118 26 surpassing
1667 3095 28 21 ail
1705 3096 63 21 other
1778 3096 26 25 by

1246 3122 35 21 the
1291 3122 98 27 precision
1405 3122 22 21 of
1436 3122 54 21 their
1500 3126 126 17 movements
1641 3129 22 14 as
1681 3123 47 22 well
1739 3131 22 14 as
1779 3124 26 26 by

1246 3150 54 22 their
1308 3157 96 21 accuracy
1414 3149 41 23 and
1464 3150 119 26 cheapness.

1269 3185 44 23 Our
1323 3185 87 28 factory,
1425 3185 56 21 since
1496 3185 27 21 its
1533 3185 122 22 foundation
1662 3185 20 23 in
1695 3186 57 27 1852,
1767 3186 37 22 has

1244 3213 96 28 acquired
1348 3221 12 13 a
1375 3213 126 21 world-wide
1517 3213 125 26 reputation,
1658 3213 40 22 and
1705 3214 98 22 obtained

1244 3242 36 20 the
1305 3241 82 24 highest
1406 3241 82 20 awards
1507 3240 54 21 from
1580 3240 28 20 all
1630 3242 37 19 the
1688 3241 116 26 important

1245 3268 136 21 Exhibitions.
1410 3267 33 21 No
1471 3268 65 18 witch
1565 3267 67 21 leaves
1661 3274 39 14 our
1723 3269 80 22 factory

1246 3295 87 21 without
1354 3295 75 26 having
1448 3294 51 22 been
1517 3294 101 27 carefully
1637 3295 109 21 examined
1762 3295 41 22 aud

1244 3323 89 25 verified,
1351 3323 49 22 thus
1419 3321 60 28 being
1494 3322 62 27 ready
1575 3321 32 23 for
1625 3322 120 23 immediate
1755 3330 45 15 use.

1244 3351 54 22 Each
1307 3358 39 14 one
1352 3351 17 22 is
1380 3354 36 23 put
1423 3357 29 20 up
1462 3350 21 21 in
1491 3357 26 14 an
1526 3350 90 26 ellegant
1630 3350 105 22 silk-lined
1749 3358 52 19 case,

1243 3379 39 21 and
1291 3378 143 27 accompanied
1446 3378 24 26 by
1480 3385 13 12 a
1504 3380 102 25 warranty
1616 3378 33 21 for
1659 3378 58 21 three
1736 3385 65 20 years.

1267 3413 43 21 The
1326 3412 65 24 buyer
1404 3419 47 18 nuy
1468 3414 71 18 return
1558 3419 41 16 anv
1617 3412 22 20 of
1655 3419 38 14 our
1712 3413 89 21 watches

1243 3441 76 20 withen
1326 3440 31 20 six
1368 3441 82 19 months
1460 3439 74 21 should
1549 3440 35 20 the
1603 3439 63 21 latter
1679 3442 37 19 not
1732 3441 69 21 afford

1244 3467 35 21 the
1288 3470 53 18 most
1350 3467 102 26 complete
1460 3466 137 23 satisfaction.

1268 3501 34 21 All
1319 3500 79 21 article*
1414 3499 44 23 sold
1475 3507 35 14 are
1526 3500 105 22 delivered
1642 3502 46 24 post
1700 3500 49 27 free,
1762 3500 40 22 and

1242 3534 78 15 custom
1336 3528 52 26 duty
1407 3527 46 26 paid
1473 3531 21 17 to
1512 3535 40 19 any
1573 3531 47 23 part
1637 3528 21 21 of
1677 3528 36 21 the
1732 3528 70 26 wotM,

1243 3556 48 21 thus
1301 3556 87 20 without
1399 3556 35 19 the
1559 3555 82 21 trouble
1658 3562 23 14 or
1697 3556 103 25 formality

1243 3590 20 14 to
1274 3583 34 21 the
1319 3583 95 22 receiver.

1267 3619 33 20 All
1311 3619 76 25 lepairs
1411 3619 75 24 during
1505 3619 36 19 the
1561 3619 11 18 3
1582 3624 59 19 years
1658 3618 23 20 of
1690 3620 111 22 guarantee

1241 3653 33 12 are
1423 3645 144 24 gratuitously,
1596 3644 15 20 if
1630 3644 37 20 the
1692 3645 65 20 watch
1777 3645 24 20 be

1241 3672 100 21 forward*
1348 3673 38 20 Ito
1396 3679 37 14 oar
1445 3672 83 21 London
1537 3672 67 21 offioe.

1265 3705 153 28 Tuefollowing
1425 3714 33 12 ate
1465 3707 47 19 cash
1521 3707 64 25 price*
1596 3706 88 21 without
1690 3706 41 21 disc
1733 3708 52 19 ount
1796 3714 5 14 :

1740 3746 16 21 £'
1782 3751 17 17 8.

1292 3775 25 20 A.
1332 3772 152 27 Stew-winder,
1501 3772 85 25 sterling
1601 3772 68 26 silver,
1682 3772 42 22 hall

1343 3800 91 27 marked,
1451 3800 94 26 jewelled
1564 3800 21 20 iti
1601 3800 12 20 G
1638 3801 84 25 action*,

1341 3829 74 21 crystal
1424 3828 59 25 gltss,
1492 3835 11 13 a
1511 3827 117 25 stroogand
1637 3827 86 21 dur*Ule

1344 3856 64 19 watch
1446 3871 21 5 ...
1573 3856 4 21 .
1590 3871 5 5 .
1700 3871 22 6 ...
1776 3857 25 20 12

1273 3901 46 20 AA.
1335 3899 42 20 The
1387 3905 54 14 same
1451 3898 49 21 with
1510 3898 76 21 double
1601 3898 61 21 silver
1677 3906 45 14 case

1343 3926 107 26 (Huuter),
1459 3926 101 26 elegantly
1570 3926 99 26 engraved
1698 3944 23 5 ...
1775 3928 24 21 18

1293 3970 24 20 B.
1332 3968 53 21 OoM
1404 3968 146 22 stem-winder,
1574 3968 41 21 hall
1640 3970 81 21 marked

1343 4001 70 19 stroi'j;
1423 3998 11 17 k
1443 3998 57 22 -ylrss
1510 3997 75 23 action,
1702 3998 19 19 in

1345 4023 23 20 l't
1385 4023 84 26 actions,
1490 4023 47 20 wi'.h
1559 4023 47 25 gold
1632 4031 22 13 or
1672 4024 51 21 steel

1345 4047 12 24 H
1364 4050 83 25 iiid<,sni
1455 4052 20 18 ill
1564 4050 49 27 dial,
1622 4052 100 24 engraved

1343 4078 21 19 in
1372 4077 99 21 b-'jutiful
1479 4078 161 26 designs,engine
1648 4079 75 21 turned

1344 4111 22 12 or
1375 4105 52 24 plain
1437 4104 98 27 polished,
1539 4104 49 22 with
1597 4112 124 21 monogram,

1343 4132 57 20 iuitia
1410 4139 15 16 s,
1436 4139 60 19 arm*,
1507 4135 40 19 etc.
1573 4149 23 5 ...
1699 4150 23 6 ...
1749 4135 13 21 2
1788 4135 13 21 0

1275 4177 42 21 88.
1331 4177 44 20 Th»
1384 4182 54 15 same
1446 4183 21 13 as
1478 4176 23 25 B,
1510 4176 48 20 with
1568 4178 68 25 strong
1645 4176 76 22 double

1343 4204 45 27 gold
1399 4211 51 19 cas»,
1461 4210 24 14 Mil
1502 4203 101 22 excellent
1617 4205 40 21 and
1673 4212 49 20 very

1343 4232 82 23 elegant
1436 4231 123 26 timekeeper
1580 4248 13 5 ..
1698 4248 23 6 ...
1748 4234 13 20 3
1775 4234 24 19 10

1293 4273 24 21 C.
1333 4272 64 22 Roval
1406 4271 149 27 chronograph,
1568 4272 153 28 ISctratgold,

1345 4305 51 15 most
1408 4299 90 24 superior
1508 4299 78 27 keyless
1597 4305 124 22 movement,

1344 4327 21 22 of
1380 4327 35 21 the
1434 4330 52 18 most
1502 4330 93 19 accurate
1611 4328 98 23 workman-

1345 4357 52 23 slii-.i,
1417 4356 40 20 and
1475 4363 38 12 one
1527 4356 22 20 of
1562 4356 35 21 the
1608 4356 44 22 best
1662 4364 49 14 wear-

1345 4383 93 26 resisting
1451 4384 87 19 watches
1574 4399 22 6 ...
1700 4401 23 5 ...
1750 4386 12 20 4
1787 4386 13 21 0

1273 4426 41 22 CC.
1328 4425 43 22 The
1382 4432 54 14 same
1447 4424 63 23 watch
1527 4426 48 20 with
1592 4426 75 21 double
1683 4427 40 21 and

1344 4455 58 19 extra
1412 4455 70 23 strong
1490 4459 12 15 c
1507 4459 37 21 «e,
1554 4452 24 23 18
1595 4455 56 19 carat
1667 4455 54 25 gold,

1343 4481 78 21 artistic
1427 4481 35 26 dly
1504 4481 108 27 engraved,
1649 4489 73 17 engine

1343 4509 74 21 turned
1436 4516 22 13 or
1476 4509 55 26 plain
1551 4509 99 28 polished,
1672 4511 50 21 with

1343 4543 134 20 monogram*,
1490 4537 83 26 initials,
1584 4540 38 18 etc.
1700 4555 22 6 ...
1749 4539 12 21 6
1775 4539 24 21 10

1293 4580 26 21 D.
1336 4580 94 25 Imperial
1439 4580 95 20 calendar
1540 4580 149 27 chrouometer,
1698 4582 24 21 18

1342 4610 56 17 cirat
1415 4607 53 24 gold,
1490 4606 109 27 indicating
1620 4608 35 20 the
1672 4609 47 24 day,

1343 4634 21 20 th
1371 4643 7 10 j
1389 4636 62 23 week,
1463 4634 34 20 the
1509 4634 78 25 month,
1594 4634 41 21 and
1644 4635 47 21 date
1700 4636 22 19 of

1342 4660 81 27 month,
1441 4660 92 27 jewelled
1552 4660 20 22 in
1592 4660 24 21 18
1635 4662 84 23 actions,

1345 4689 47 20 wiili
1408 4689 26 19 all
1447 4688 34 20 tile
1490 4688 61 20 latest
1560 4688 161 26 improvements

1342 4718 38 19 and
1397 4714 123 28 inventions,
1531 4722 38 13 one
1585 4716 21 20 of
1624 4716 36 21 the
1676 4716 45 21 bust

1342 4744 40 20 and
1406 4744 52 19 most
1482 4742 129 25 magnificent
1634 4744 87 21 watches

1343 4768 163 27 manufactured,
1521 4770 50 21 such
1582 4776 22 14 as
1614 4777 34 13 are
1659 4777 62 14 never

1342 4796 43 22 so'd
1397 4799 23 23 liy
1432 4796 58 21 retail
1497 4796 78 22 dealers
1585 4796 33 21 for
1624 4796 40 21 less
1670 4797 51 21 than

1342 4824 41 21 it&
1446 4838 24 10 ~.
1488 4820 133 31 ;;,;;„>.,.
1699 4840 22 6 ...
1736 4825 25 20 10
1785 4826 14 20 0

1267 4869 33 21 All
1309 4876 36 14 our
1354 4868 87 22 watches
1448 4876 33 14 are
1488 4869 156 23 ma'riufactHred
1650 4871 21 21 in
1678 4871 12 21 2
1697 4871 99 23 different

1240 4897 56 25 *'\z"»,
1308 4897 54 22 lira*'-
1371 4897 39 19 and
1420 4896 57 21 small
1489 4897 40 25 (frnr
1539 4898 116 24 gentlemen
1662 4899 40 20 and
1716 4899 79 26 ladies,)

1241 4924 86 20 without
1338 4923 110 20 difference
1455 4923 22 19 'if
1489 4924 61 25 price.

1265 4958 40 21 Old
1317 4958 94 26 witches,
1422 4958 33 21 o'd
1465 4958 46 26 g>ld
1522 4958 39 23 and
1571 4958 63 23 silver
1645 4959 40 22 will
1696 4960 24 21 be
1732 4960 62 22 taken

1240 4986 19 22 in
1271 4989 99 24 payment
1377 4989 23 18 at
1417 4986 34 22 the
1470 4987 80 25 highest
1566 4987 66 27 value,
1646 4988 16 20 if
1681 4988 113 22 forwarded

1240 5014 24 26 by
1276 5021 46 19 pirc
1336 5014 5 20 I
1352 5019 45 20 post,
1408 5019 21 15 to
1437 5020 38 14 our
1485 5014 89 23 address.

1265 5048 137 22 Remittance*
1419 5056 46 19 may
1484 5049 25 21 be
1530 5050 58 21 made
1606 5050 68 21 either
1688 5050 27 26 by
1725 5051 69 21 Postal

1237 5076 73 26 Order,
1320 5076 91 28 Ciieqip,
1426 5077 56 21 Bmk
1495 5076 62 23 Notes
1567 5078 91 26 (postage
1677 5083 76 21 stamps
1763 5078 32 22 for

1238 5104 58 23 small
1311 5107 103 23 amounts)
1432 5104 21 23 of
1473 5112 39 20 any
1533 5112 94 22 country,
1643 5106 21 21 in
1685 5107 109 26 registeied

1239 5133 68 25 letter,

1263 5167 20 19 It
1305 5167 17 19 is
1340 5173 38 14 our
1396 5167 40 20 aim
1448 5169 21 17 to
1488 5167 45 24 give
1552 5166 35 21 the
1608 5169 80 19 utmost
1705 5168 87 25 possible

1237 5193 126 21 satisfaction
1383 5195 21 18 to
1422 5201 38 13 our
1474 5201 11 13 c
1494 5195 60 24 i*nts,
1573 5195 94 22 knowing
1685 5195 42 20 this
1737 5198 21 17 to
1769 5195 24 20 be

1237 5221 35 19 the
1279 5221 44 19 best
1333 5220 159 21 adv-r'isernent
1509 5221 31 20 for
1552 5228 38 13 our
1601 5221 102 25 products,
1715 5222 39 21 and
1764 5222 27 21 all

1239 5247 44 21 who
1291 5248 39 20 hav
1337 5256 5 6 •
1361 5254 49 14 onci
1429 5247 84 21 entered
1524 5248 44 21 into
1587 5248 92 21 business
1695 5248 98 22 relations

1238 5275 47 19 with
1294 5281 23 14 us
1324 5275 68 26 gladly
1403 5275 128 22 recommend
1541 5282 24 15 us
1575 5278 22 19 to
1608 5276 52 20 their
1667 5276 78 21 friends
1753 5277 39 21 and

1237 5302 162 25 acquaintance.

1263 5334 91 21 Address
1363 5334 32 21 for
1404 5334 72 21 letters
1486 5335 40 20 and
1537 5335 69 21 orders
1616 5342 6 14 :

1260 5384 111 44 Morse
1396 5386 276 55 Manufacturing
1698 5388 70 54 Co.,

1363 5458 19 26 7,
1403 5458 56 21 RED
1478 5458 69 22 LION
1565 5459 94 23 COURT

1431 5505 101 26 Loxnox,
1554 5507 49 22 E.C.

1858 203 54 58 ;j
1917 249 9 12 (
1988 203 51 39 H.
2102 205 324 45 PEARSON,

1973 270 67 21 ROSS
2055 270 97 28 PLACE,
2166 273 167 26 LAWRENCE,

1916 313 265 38 CONTRACTOR,
2201 316 181 37 BUILDUR,

2123 366 53 20 AND

2008 395 275 33 UNDERTAKER.

1869 471 145 29 Contracts
2029 468 83 30 taken
2124 470 44 29 for
2181 471 137 29 Builders'
2338 471 83 30 Work

1987 510 28 29 of
2028 520 82 28 every
2124 510 176 40 description.

1928 581 198 23 ESTIMATES
2158 583 194 24 PREPARED.

1899 643 25 29 A
1938 642 196 28 well-assorted
2161 642 85 30 Stock
2268 644 29 29 of
2318 644 83 29 Furni-

1860 686 61 24 ture
1935 683 100 29 always
2049 692 34 16 on
2098 681 82 30 hand.

1897 722 133 28 Funerals
2040 720 156 30 conducted
2208 723 26 28 in
2246 724 36 27 all
2296 728 75 34 parts
2385 724 30 29 of

1858 762 47 30 the
1935 762 120 29 District.
2097 762 104 29 Jlearse
2229 765 132 37 provided
2390 766 23 28 if

1858 803 135 37 required.

1911 910 221 40 WILLIAM
2178 913 51 27 if
2245 911 158 30 ALONE

1938 1063 172 38 General
2146 1063 175 44 Grocer,

1878 1208 506 37 SCOTLAND-STREET,

2020 1355 226 32 KOXBURGH.

2230 1465 76 30 iR
2351 1465 25 29 T
2401 1486 7 16 ,

1909 1523 259 34 •ScOTLAND-STREET,
2190 1521 164 36 ROXBURGH,

1864 1572 158 23 MERCH\NT
2039 1573 115 26 TAILOR,
2169 1573 150 26 CLOTHIER,
2334 1574 62 21 AND

1939 1601 197 22 GENTLEMEN'S
2154 1600 167 24 OUTFITTER.

1888 1659 26 27 A
1947 1657 93 29 choice
2072 1656 129 30 selection
2230 1658 30 27 of
2284 1657 124 36 Tweeds,

1851 1695 143 41 Coatings,
2008 1699 111 36 Series,
2140 1696 49 31 &c.
2215 1698 29 35 (b
2256 1697 36 30 >th
2316 1696 92 32 Home

1850 1738 54 27 and
1919 1737 135 36 Colonial)
2068 1738 102 35 always
2183 1738 133 28 on-hand.

1888 1778 26 28 A
1926 1776 93 30 varied
2035 1776 128 30 selection
2177 1776 30 29 of
2217 1776 190 40 Keady-made

1851 1816 91 32 Goods
1952 1819 55 28 and
2019 1819 81 37 Boys'
2110 1818 54 30 and
2178 1818 120 30 Youths'
2310 1820 80 29 Cloth-

1849 1858 50 38 ing
1922 1858 103 38 always
2058 1868 34 18 on
2122 1858 84 29 hand.
2257 1859 59 29 The
2340 1860 64 36 only

1849 1897 77 40 place
1940 1898 28 30 in
1982 1903 73 25 town
2070 1903 28 25 to
2112 1909 116 29 procure
2235 1900 98 36 stylish
2350 1900 53 29 and

1849 1940 161 36 up-to-date
2032 1940 80 34 Hats,
2127 1940 72 35 Ties,
2212 1942 55 27 and
2290 1942 97 27 Gentle-

1851 1979 87 29 men's
1952 1978 179 31 Underwear.

1924 2116 176 27 CARPENTER,
2126 2115 116 28 JOINER,
2270 2117 63 21 AND

2025 2154 206 27 UNDERTAKER,

1848 2206 99 26 Dpsi'tps
1973 2212 24 19 to
2023 2206 76 26 thank
2125 2206 41 27 tha
2200 2205 87 29 PtiMic
2312 2208 24 26 of
2361 2208 42 27 tli*»

1850 2243 101 27 District
1967 2246 37 24 tor
2023 2251 54 29 past
2091 2251 116 30 vupport,
2227 2244 47 28 and
2376 2253 25 19 to

1846 2283 88 26 inform
1967 2283 65 24 thmn
2068 2286 51 23 that
2153 2284 28 24 ho
2213 2284 43 25 ha*
2288 2284 111 26 resumed

1848 2318 118 28 Busings
1980 2320 24 26 in
2020 2318 149 32 Rox^ir<?li.

1844 2406 135 28 Estimate
1991 2408 74 33 jriven
2076 2408 46 26 and
2136 2407 120 36 Building
2267 2408 132 29 Contract*

1946 2458 27 23 of
1990 2455 30 26 all
2042 2456 72 25 kinds
2133 2456 160 28 undertaken.

1881 2539 74 29 Plan*
1969 2541 47 26 and
2037 2540 186 35 Specification*
2237 2544 116 28 prepared

1842 2608 215 54 HUGH
2131 2612 262 45 BRUCE,

1932 2676 199 32 BOARDING
2163 2679 139 39 HOUSE,

1868 2728 317 38 \VniTKHAVE.V-*TKKKT,
2211 2732 37 29 La
2253 2742 108 19 WRENCH

1903 2776 145 37 (Opposite
2063 2777 116 36 English
2194 2780 131 36 Church.)

1849 2865 80 21 FIRST
1948 2865 84 23 CLAS4
2056 2867 247 24 ACCOMMODATION
2327 2871 55 20 FOR

1924 2893 57 21 THE
1997 2893 183 25 TRAVELLING
2199 2896 110 24 t'UBLIC.

1883 2975 78 30 Good
1985 2975 132 41 Stabling
2140 2978 55 29 and
2216 2978 131 30 Paddock

1986 3018 257 31 Accommodation.

1921 3097 167 29 —Charges
2110 3099 199 29 Moderate.—

1856 3159 122 31 /■OZlfci
1998 3163 84 28 TEA.
2122 3163 65 29 This
2215 3163 87 31 brand
2329 3175 25 18 is
2375 3176 15 18 a

1913 3208 150 31 guarantee
2072 3203 28 29 of
2109 3205 91 37 purity
2209 3205 54 28 and
2273 3206 116 39 quality.

1841 3241 48 37 LYy
1903 3243 46 26 the
1962 3243 32 27 2s
2006 3253 7 23 ;
2034 3242 46 29 'tis
2094 3245 101 36 superb
2208 3245 6 27 !

2098 3408 96 30 FLAT
2251 3410 136 36 HOTEL,

1997 3530 122 23 MILLERS
2144 3532 79 21 FLAT.

1870 3794 30 31 P.
1924 3794 106 31 Laffby

2182 3797 166 40 Proprietor.

1831 3934 192 31 PREVIOUS
2037 3946 32 19 to
2088 3935 295 40 STOCK-TAKING,

1832 3996 188 69 JOHNS
2062 3998 32 36 &
2131 3998 251 44 M'COMBE,

1829 4078 130 21 GROCERS
1974 4079 62 20 AND
2053 4079 136 22 GENERAL
2205 4081 178 25 MERCHANTS,

1971 4127 157 30 MILLBHS
2148 4130 98 30 FLAT.

2016 4189 67 30 Will
2105 4191 61 38 give
2190 4204 16 17 a

1830 4241 195 31 DISCOUNT
2064 4242 48 29 OF
2150 4243 89 30 TWO
2278 4245 84 29 SHIL-

1911 4282 116 29 LINGS
2047 4283 55 36 (2s)
2121 4282 42 32 IN
2184 4285 77 29 THE
2281 4287 20 28 £

2091 4336 42 30 0;»

1929 4388 74 29 ALL
2035 4389 101 29 CASH
2170 4389 119 32 SALES

1960 4435 108 38 During
2083 4435 53 28 this
2151 4436 105 29 month.

1867 4516 52 29 We
1938 4516 69 29 have
2027 4527 16 17 a
2063 4517 75 36 large
2160 4517 78 27 stock
2260 4518 30 27 of
2312 4518 51 27 Gro-

1827 4556 94 36 ceries,
1949 4557 133 37 Drapery,
2116 4558 21 26 13
2149 4569 5 14 >
2166 4564 42 25 >ts,
2236 4555 126 29 Ironmon-

1828 4606 77 29 gery,
1922 4596 91 39 Fancy
2025 4596 101 35 Goods,
2143 4595 236 40 I'aperhanging*,

1828 4635 66 35 Oils,
1904 4636 59 35 &c,
1973 4638 60 33 &c,
2047 4637 86 27 which
2144 4645 72 19 must
2229 4637 31 27 be
2271 4636 107 28 cleared

1828 4675 22 28 if
1862 4677 129 37 possible.

2026 4755 152 21 AGENCIES:

1829 4791 174 30 Manchester
2016 4793 63 29 Fire
2093 4793 146 28 Insurance
2255 4793 48 29 Co.

1827 4832 157 28 Australian
1996 4833 105 28 Mutual
2110 4833 147 29 Provident
2267 4834 110 38 Society

1841 4910 19 23 T
1893 4911 20 23 O
1930 4910 20 22 0
1972 4910 20 22 K
2055 4912 66 22 AT
2180 4911 172 25 THIS!

1893 4986 102 27 BOOTS
2013 4993 35 19 tor
2063 4991 40 21 the
2121 4987 80 30 Great,

1919 5032 74 25 Boots
2013 5035 35 22 for
2071 5034 40 23 the
2126 5034 89 29 Small;

1891 5075 71 25 Boots
1978 5076 36 24 for
2034 5076 40 24 the
2092 5075 78 30 Mio-i,

1920 5120 72 24 Boots
2009 5121 37 23 for
2063 5122 40 22 the
2121 5121 52 23 Tall
2190 5129 6 19 ;

1891 5163 28 23 Be
1928 5170 34 17 ots
1977 5164 36 24 for
2032 5165 40 23 the
2091 5162 95 34 Young,

1917 5203 74 23 Boots
2009 5204 35 22 for
2060 5203 39 23 the
2118 5203 46 24 U!d
2177 5211 6 20 ;

1918 5266 53 23 .-nd
1990 5265 101 24 BOOTS
2108 5266 45 22 and
2173 5266 103 25 SHOK.4

2036 5320 36 24 for
2088 5320 29 23 all
2141 5329 14 15 a

1924 5383 40 37 H.
2017 5383 256 45 Baillie's,

1835 5457 115 31 Oppotite
1965 5457 159 26 Commercial
2143 5459 81 30 Hotel,
2244 5459 131 34 Roxburgh

2003 5573 46 25 and
2067 5575 90 27 inspect
2170 5574 41 26 the
2227 5576 80 25 Ptock.

1823 5644 101 30 TTHE
1943 5649 122 35 greatest
2084 5650 112 34 experts
2215 5647 87 29 admit
2314 5648 61 29 that

1906 5686 88 29 Kozie
2006 5686 56 29 Tea
2079 5685 24 29 is
2126 5685 37 39 by
2185 5685 44 30 far
2246 5687 49 29 the
2314 5687 62 30 best

1823 5725 79 30 value
1910 5725 167 30 obtainable.
2096 5725 91 30 Johns
2196 5725 62 32 &M
2260 5729 7 13 (
2270 5727 105 37 Comuk,

1825 5767 117 37 Agents,
1956 5765 104 30 Millers
2075 5765 70 31 Flat.

1304 5593 87 23 Wanted
1416 5597 22 19 at
1461 5602 57 20 one?,
1542 5596 20 23 in
1581 5605 61 19 every
1656 5598 90 29 locality,
1767 5608 24 14 au

1236 5629 116 27 intelligent
1374 5637 71 19 perann
1469 5632 22 20 to
1504 5634 33 20 act
1551 5641 21 14 as
1598 5641 38 15 our
1657 5635 74 27 Agent.
1758 5636 34 23 No

1235 5664 74 28 special
1341 5665 119 27 knowledge
1497 5667 101 29 required,
1627 5670 43 24 /uid
1704 5671 88 23 without

1235 5697 121 27 interfering
1377 5699 50 21 with
1443 5703 82 22 preient
1549 5703 127 25 occupation.
1702 5704 90 27 Higheat

1235 5733 65 27 sdary
1320 5733 42 21 and
1381 5734 137 23 commiwion.
1546 5737 34 21 An
1597 5738 102 22 excellent
1720 5747 60 21 oppor-

1235 5767 70 27 tunity
1320 5767 33 22 for
1365 5773 14 15 *
1393 5767 83 27 3»pabl«
1486 5775 69 21 vounj
1562 5777 48 16 moo
1620 5778 22 15 or
1652 5771 56 25 lady.

2601 206 49 54 JS
2672 205 81 56 |p
2764 207 12 29 ?
2985 206 49 55 JS
3055 206 82 56 |JE
3149 206 12 29 ?
3208 202 173 58 yyHEKE
3401 201 51 57 p
3473 199 82 56 JJE
3569 200 10 28 ?

2557 277 24 21 E.
2596 279 116 21 DIiIANT

2897 279 73 21 CASH
2984 280 122 21 DRAPER.

3309 275 171 23 LAWRENCE.

2455 343 99 30 HPUE
2576 345 75 30 EYE
2671 347 196 39 pleased—the
2890 347 102 29 MIND
3006 348 234 29 contented—the
3255 341 130 35 HEART
3400 343 179 40 happy—the

2462 376 29 21 x
2537 386 125 30 PURSE
2688 392 49 24 not
2762 388 75 39 quite
2862 388 179 39 empty—the
3076 387 193 31 PURSE-ON
3304 385 118 41 pleased.
3478 384 100 30 Gentle

2451 425 105 36 reader,
2580 427 56 29 this
2658 428 23 28 is
2707 439 71 26 you;
2810 439 31 18 or
2866 427 22 29 it
2914 428 98 29 should
3039 429 44 29 be.
3135 429 57 29 The
3217 427 123 30 author's
3366 427 113 34 chance,
3506 436 71 29 your

2451 467 186 38 opportunity.
2707 468 75 28 Kum
2796 468 54 28 and
2864 468 34 29 be

2523 508 26 27 A
2562 508 126 37 splendid
2702 513 166 24 assortment
2882 508 29 30 of
2925 508 107 30 Winter
3045 509 130 30 Realities
3189 519 61 19 now
3263 508 135 39 showing.

2526 547 66 28 Will
2604 559 54 26 you
2670 548 97 40 kindly
3039 550 36 28 all
3089 550 105 37 parcels
3215 549 139 29 delivered
3367 548 124 39 carriage
3504 547 67 28 free.

2523 587 116 29 Friends
2653 588 54 29 and
2721 594 112 33 patrons
2846 590 61 28 who
2922 589 87 29 reside
3022 589 125 30 between
3161 589 145 29 Lawrence
3319 588 54 30 aud
3387 588 106 30 Millers
3507 587 63 30 Flat

2449 628 53 30 —I
2513 629 55 28 will
2581 629 53 29 call
2647 640 74 27 upon
2734 640 55 26 you
2799 630 85 28 about
2898 630 47 29 the
2957 630 103 29 second
3074 630 77 29 week
3164 630 28 28 in
3206 630 75 37 May.

2519 669 92 28 Yours
2625 669 152 39 hopefully,

2867 748 462 66 DIMANT

2590 853 101 31 CASH
2712 852 164 37 DRAPER,
2898 852 204 36 CLOTHIER,
3121 852 83 30 aND
3223 852 208 33 IMPORTER.

2825 905 70 29 Rosa
2916 905 97 36 Place,
3034 904 163 31 Lawrence.

2955 1089 143 28 TAILOR
3127 1090 83 27 AND
3239 1089 163 30 HATTER.

2829 1170 41 20 AM
2883 1168 158 26 acknowledged
3057 1170 22 19 to
3093 1168 25 20 be
3131 1168 74 21 second
3218 1171 23 18 to
3253 1175 53 14 none
3319 1169 32 21 for

2827 1229 139 29 STYLE!

2973 1268 192 38 QUALITY!

3143 1309 316 33 WORKMANSHIP!

2963 1430 156 23 RESIDENTS
3144 1431 38 22 OF
3207 1431 187 23 ROXBURGH-

2787 1458 80 27 Kindly
2877 1458 113 22 remenher
3004 1459 46 22 that
3058 1459 67 27 owing
3138 1460 22 20 to
3171 1467 33 19 my
3215 1460 96 21 immense
3321 1463 129 25 assortment,
3461 1461 36 22 the
3505 1462 61 22 Show

2836 1488 20 21 in
2866 1487 37 22 the
2914 1486 104 23 Wiodows
3028 1488 16 20 is
3054 1487 49 27 only
3112 1495 11 13 a
3133 1494 48 20 very
3191 1487 59 22 small
3260 1490 47 24 part
3311 1487 22 22 of
3342 1495 35 20 my
3387 1489 127 23 Exhibition.

2837 1554 110 26 Intending
2957 1555 116 20 Customers
3084 1555 41 20 will
3137 1555 41 21 find
3187 1555 46 20 that
3243 1556 10 20 I
3262 1555 52 22 hare
3326 1556 58 21 mad*
3391 1557 34 20 the
3432 1558 63 20 inside
3502 1558 21 20 of
3530 1565 33 20 my

2785 1582 160 21 .Establishment
2963 1582 106 28 especially
3090 1582 118 28 attractive,
3224 1583 41 21 and
3282 1584 103 24 earnestly
3399 1585 64 21 invite
3479 1592 42 21 you
3541 1589 22 19 to

2785 1615 84 16 Kxunter
2883 1610 88 27 through
2990 1610 34 21 the
3044 1611 81 21 various
3142 1611 146 27 Departments
3303 1612 40 22 and
3358 1613 81 26 Inspect
3448 1613 37 23 the
3493 1614 71 22 Latest

2786 1636 105 24 Fashions.

2822 1705 184 31 OPPOSITE
3028 1706 109 31 BANK
3160 1707 48 30 OF
3227 1707 92 30 NEW
3338 1707 190 40 ZEALAND,

3107 1747 164 29 Lawrence.

3168 1855 391 92 WOOL.

2583 2048 219 61 WOOL
2853 2051 284 61 SEASON
3191 2056 226 59 1896-7.

2431 2220 205 54 J)ALGELT
2655 2220 84 30 AND
2759 2221 196 38 COMPANY,
2975 2222 128 40 Limjtjsd,
3121 2225 58 41 beg
3198 2230 30 25 to
3246 2227 89 40 notify
3353 2227 202 42 Woolgrowers

2427 2298 55 28 and
2497 2298 125 30 Fanners
2636 2300 61 27 that
2711 2300 64 38 they
2790 2301 53 27 will
2857 2301 64 29 hold
2935 2302 72 28 thei*
3027 2302 105 30 Fourth
3147 2304 61 29 Sale
3222 2304 44 30 for
3278 2305 47 29 the
3338 2305 104 31 Season
3455 2318 37 19 on

2632 2377 105 29 Fourth
2758 2379 81 29 Sale:
2877 2378 222 40 THURSDAY,
3120 2382 72 30 25th
3212 2382 220 33 FEBRUARY.

2499 2506 46 29 All
2560 2506 85 40 Clips,
2659 2507 126 30 however
2797 2507 88 39 small,
2900 2509 53 30 will
2968 2511 33 28 be
3015 2511 94 29 shown
3123 2515 30 27 to
3175 2513 61 29 best
3254 2513 166 41 advantage.
3459 2515 92 41 Every

2425 2547 39 28 lot
2484 2548 98 29 valued
2605 2549 74 37 prior
2699 2556 28 21 to
2747 2555 66 29 .v.iie,
2834 2550 56 29 and
2909 2561 108 19 owners
3035 2551 129 31 interests
3182 2554 70 39 fully
3266 2556 153 37 protected.
3471 2557 80 30 Wool

2426 2588 88 29 Packs
2527 2589 125 38 supplied
2665 2597 29 21 at
2707 2590 95 29 lowest
2815 2597 112 23 current
2941 2598 82 22 rates.

2498 2666 192 40 Specification
2705 2666 96 29 Forms
2813 2667 169 34 and.Labels
2996 2670 97 39 posted
3105 2681 37 19 on
3154 2671 177 41 application.

2736 2824 125 30 Address
2880 2836 69 28 your
2970 2826 216 40 Consignments
3205 2833 28 25 to

2770 3054 221 33 DUNB
3029 3057 25 30 D
3093 3058 14 29 I
3144 3058 30 30 N

2614 3200 94 50 T@
3041 3202 273 55 @wmeirs

2682 3676 36 29 IS
2744 3675 217 31 ANNUALLY
2988 3677 102 30 USED
3116 3675 106 31 UPON
3250 3675 25 31 A

2415 3755 350 64 QUARTER
2780 3771 108 23 ««•
2902 3755 239 57 SHEEP
3156 3772 105 23 »*«
3282 3752 259 58 WORLD

2450 3870 59 30 ITS
2530 3870 235 31 BENEFICIAL
2787 3870 168 31 EFFECTS
2974 3870 81 29 AND
3073 3870 167 31 LASTING
3263 3867 237 32 PROPERTIES

2815 3924 129 29 ALONE
2970 3923 111 29 MAKE
3107 3924 39 28 IT

2413 3983 153 56 THE
2606 3983 395 57 CHEAPEST
3034 3983 96 55 OF
3167 3983 146 56 ALL
3352 3982 184 55 DIPS.

2685 4094 71 20 PKOM

2900 4124 103 30 JOHN
3028 4124 219 36 THOMPSON,
3273 4125 155 33 Lawrence,

2822 4176 65 29 And
2909 4177 70 28 from
3002 4177 34 28 all
3061 4177 86 29 Stock
3168 4178 55 28 and
3248 4177 107 29 Station
3379 4175 120 33 Agents.

2458 4254 176 45 Murray,
2662 4254 174 37 Roberts
2867 4254 80 37 and
2977 4254 90 44 Co.,
3101 4261 80 30 Chief
3207 4263 107 36 Agents
3335 4261 44 28 for
3403 4259 99 39 Otago.

3325 4638 68 129 %

2870 4993 39 19 '£?.'.'■
2938 4988 50 22 Miw
3000 4991 69 19 Rapid

2525 5110 158 59 NEW
2738 5114 250 56 RAPID
3034 5114 387 57 BICYCLES.

2413 5209 59 29 &T.
2486 5209 115 22 GEORGE
2618 5210 204 23 ENGINEERING
2834 5213 51 26 CO.,
2901 5214 101 26 Limited,
3016 5223 34 13 are
3060 5216 35 20 the
3106 5216 78 20 Makers
3194 5214 22 21 of
3226 5214 34 20 the
3269 5213 47 25 only
3328 5212 80 26 Bicyele
3417 5214 111 25 possessing

2472 5237 21 20 i»
2504 5237 69 27 happy
2582 5238 137 23 combination
2732 5242 34 18 tlie
2777 5241 113 25 perfection
2900 5241 21 21 of
2928 5243 58 20 those
2992 5243 56 26 qtuli
3059 5243 28 21 ies
3094 5247 52 17 most
3153 5241 83 22 coveted
3243 5241 26 25 by
3276 5238 132 30 experienced
3418 5240 110 27 Cyclists—

2579 5270 200 33 STABILITY
2798 5273 5 29 !
2882 5274 122 30 SPEED
3019 5276 5 28 !
3103 5273 242 32 DURABILITY
3360 5273 5 29 !

2455 5309 49 22 This
2514 5310 42 20 fact
2564 5310 37 21 has
2610 5310 82 23 become
2700 5313 103 24 generally
2813 5315 115 24 recognised
2940 5316 20 20 in
2970 5316 104 26 Tuapeka,
3085 5316 40 21 and
3135 5316 20 20 in
3166 5320 136 20 cons-quenc-5
3319 5313 9 20 I
3342 5320 33 14 am
3390 5313 55 26 daily
3454 5313 73 27 selling

2407 5336 57 22 thesrt
2473 5337 104 21 Machines
2588 5342 21 15 to
2619 5339 87 25 Cyclists
2717 5340 44 20 wlio
2771 5341 51 19 have
2833 5341 48 21 been
2892 5342 142 27 disappointed
3045 5344 26 23 by
3080 5343 60 20 other
3151 5342 75 23 mikes,
3238 5341 40 21 aud
3289 5340 45 21 who
3342 5347 34 14 are
3382 5341 54 25 glad,
3446 5341 82 27 indeed,

2406 5363 32 21 for
2447 5371 32 13 me
2490 5369 20 15 to
2520 5365 59 20 make
2588 5365 57 21 them
2652 5373 25 13 an
2686 5366 110 22 allowance
2806 5367 30 21 for
2849 5369 53 20 their
2913 5370 104 21 discarded
3029 5374 84 17 mounts

2405 5402 56 37 As
2472 5403 94 37 Part
2577 5404 268 46 Paymentfor
2854 5418 24 25 a
2891 5406 187 40 Machine
3086 5409 92 45 they
3188 5417 78 27 can
3280 5407 168 45 Depend
3462 5417 66 26 on.

2460 5489 65 22 Those
2535 5490 45 21 whe
2589 5497 34 15 are
2634 5494 35 18 not
2682 5492 20 21 in
2712 5499 12 14 a
2734 5499 12 20 p
2754 5493 66 22 isitioa
2831 5496 21 18 to
2863 5494 98 27 purchase
2972 5502 38 15 one
3019 5496 22 21 of
3050 5497 57 21 these
3118 5495 51 23 ideal
3179 5494 68 21 steeds
3256 5501 37 14 can
3302 5493 71 22 obtain
3382 5493 53 22 from
3448 5501 32 14 me

2526 5518 70 30 New
2617 5529 55 19 and
2698 5522 199 29 Second-hand
2925 5524 130 28 Bicycles
3078 5525 29 28 of
3130 5532 82 26 every
3233 5521 178 38 description.

2622 5576 689 92 CHARLEJTSTOKES,

2562 5678 217 30 MERCHANT
2810 5680 153 38 TAILOR,
2988 5682 71 29 Ross
3090 5682 98 35 Place,
3212 5679 163 31 Lawrence.

2812 5732 94 38 Agent
2932 5733 44 29 for
3000 5733 140 39 Tuapeka.

2458 5768 163 27 Catalogues'oH
2634 5769 242 27 Application.——
2921 5781 15 6 -
2951 5781 101 7 —-■.■
3055 5773 66 22 When
3132 5772 100 26 Otdarinf?
3245 5771 92 22 Mention
3352 5772 43 21 this
3407 5773 74 27 Paper,

3615 197 336 57 Qommercial
3996 210 162 38 hotel,

3805 257 166 23 ROXBURGH.

3680 344 37 30 H.
3739 345 36 30 H.
3796 346 108 38 Heron,
3925 348 164 40 Proprietor.

3644 449 58 29 One
3716 449 29 29 of
3758 449 46 30 the
3817 451 63 29 best
3891 451 101 30 known
4012 449 53 33 and
4085 459 72 26 most

3605 490 181 28 comfortable
3807 490 153 31 Hostelries
3980 493 29 29 in
4030 494 46 29 the
4099 495 37 38 Up-

3605 534 117 33 country
3737 531 137 29 Districts.

3643 581 79 30 Cobb
3735 582 55 30 and
3805 581 74 31 Co/s
3893 584 85 37 Koyal
4001 585 64 29 Mail
4089 585 67 31 Line

3604 623 29 29 of
3656 622 122 30 Coaches
3791 624 122 38 running
3933 625 123 30 between
4079 626 58 30 Law-

3605 673 80 18 rence
3709 663 56 28 and
3787 663 185 36 Queenstown
3994 666 87 28 arrive
4100 668 55 27 and

3603 703 99 39 depart
3716 702 84 39 daily.

3603 796 118 39 Liquors
3735 796 28 29 of
3776 796 48 28 the
3838 797 62 28 best
3907 797 102 29 brands
4017 800 64 37 only
4090 800 66 39 kept

3817 836 28 29 in
3860 836 88 31 stock.

3603 940 123 40 Buggies
3739 941 56 30 and
3810 941 102 29 Saddle
3921 941 102 32 Horses
4031 954 35 18 on
4080 945 73 30 Hire.

3602 1016 283 30 DAILWAY
3960 1018 196 40 HOTEL>

3694 1084 67 21 ROSS
3779 1084 99 26 PLACE,
3899 1084 167 24 LAWRENCE.

3599 1150 110 36 John
3733 1150 121 45 aTa/,
3892 1152 260 45 Proprietor

3676 1207 80 39 (Late
3768 1209 30 30 of
3810 1209 146 31 Havelock
3969 1210 105 39 Hotel.)

3635 1287 62 31 J.L.
3711 1288 69 41 begs
3801 1293 28 27 to
3842 1289 126 33 intimate
3982 1291 60 31 that
4055 1293 33 30 he
4101 1293 52 30 haa

3598 1329 153 38 purchased
3782 1331 47 29 the
3860 1333 87 29 above
3974 1333 176 31 well-known

3598 1369 140 40 Hostelry,
3746 1371 55 29 and
3817 1372 92 39 hopes,
3920 1373 37 38 by
3965 1373 80 29 strict
4057 1378 78 26 atten-

3598 1409 57 30 tion
3667 1414 29 25 to
3709 1411 47 29 the
3766 1411 117 31 comfort
3890 1413 30 29 of
3932 1413 151 31 Travellers
4092 1415 56 29 and

3597 1451 47 29 the
3655 1451 94 39 public
3761 1453 150 40 generally,
3923 1458 30 26 to
3968 1459 72 26 meet
4054 1456 64 30 with
4131 1467 16 19 a

3595 1491 53 29 fair
3660 1492 80 29 share
3752 1493 29 29 of
3793 1499 160 35 patronage.

3632 1532 59 29 The
3714 1532 122 41 Railway
3857 1534 24 30 is
3902 1545 52 19 one
3967 1536 31 28 of
4009 1536 48 29 the
4070 1537 60 29 best-

3593 1571 149 40 appointed
3753 1573 99 31 Hotels
3860 1575 108 31 outside
3976 1575 30 31 of
4017 1576 128 31 Dunedin

3594 1613 98 30 Under
3703 1614 86 30 J.L.'s
3803 1620 202 36 management,
4014 1618 47 29 the
4072 1628 55 20 com-

3593 1654 57 28 fort
3662 1654 30 28 of
3699 1660 112 33 patrons
3820 1656 53 28 will
3884 1658 35 28 be
3929 1658 79 28 made
4018 1668 16 18 a
4044 1659 102 37 special

3593 1693 114 37 feature,
3720 1695 55 30 and
3788 1706 36 20 no
3836 1696 82 31 effort
3928 1697 54 31 will
3996 1697 35 30 be
4046 1698 98 40 spared

3593 1738 29 24 to
3634 1734 65 38 give
3711 1745 84 28 every
3808 1736 180 30 satisfaction.

3593 1806 58 31 The
3664 1808 62 30 best
3738 1809 103 30 brands
3853 1810 32 29 of
3904 1811 106 37 Wines,
4034 1811 114 40 Spirits,

3628 1848 56 29 and
3698 1848 67 30 Ales
3776 1849 102 40 always
3896 1850 69 41 kept
3977 1852 28 28 in
4018 1852 89 30 stock.

3593 1921 128 40 Simpson
3733 1922 55 30 and
3802 1923 97 30 Hart's
3913 1924 67 30 Ales
3993 1926 101 38 always
4106 1936 39 19 on-

3838 1963 69 40 Tap.

3591 2034 157 31 First-class
3760 2035 129 40 Stabling
3899 2038 247 31 Accommodation'

3596 2100 280 56 MASONIC
3924 2102 34 42 3.
4005 2105 125 39 TEL

3683 2161 68 22 ROSS
3764 2161 97 28 PLACE,
3876 2162 167 25 LAWRENCE.

3587 2227 33 31 R.
3641 2228 112 31 WBBB

3898 2255 29 7 ...
3959 2232 180 31 Proprietor,

3571 2309 1 36 i
3622 2309 59 30 The
3733 2310 122 32 Masonic
3911 2312 102 31 affords
4034 2314 37 28 all
4090 2314 48 29 the

3585 2350 131 30 comforts
3727 2351 30 29 of
3768 2363 17 17 a
3798 2352 89 37 home,
3897 2353 56 30 and
3965 2353 24 30 is
4003 2354 133 40 provided

3585 2390 65 29 with
3664 2392 47 28 the
3732 2403 66 29 very
3818 2394 61 29 best
3892 2396 245 30 Accommodation

3584 2431 44 28 for
3652 2432 160 30 Travellers.
3851 2434 157 29 First-class
4040 2436 98 29 Table*

3584 2469 67 30 Best
3671 2470 95 32 Wines
3787 2473 56 30 and
3864 2474 101 39 Spirits
3986 2474 102 40 always
4106 2476 31 29 in

3583 2511 89 31 stock.

3703 2580 133 23 CHARGES
3854 2581 159 23 MODERATE.

3617 2632 59 31 The
3700 2635 158 39 Proprietor
3883 2637 100 30 wishes
4008 2642 28 25 to
4060 2639 79 29 draw

3582 2672 108 42 Special
3714 2676 136 30 attention
3874 2681 30 26 to
3931 2677 47 31 the
4003 2678 133 43 Sthbling

3582 2716 244 30 Accommodation
3845 2718 142 38 provided,
4002 2720 90 30 which
4110 2721 24 29 is

3581 2755 154 34 unlimited,
3747 2757 55 28 and
3815 2757 30 28 of
3857 2759 47 27 the
3916 2759 63 28 best
3993 2760 78 29 kind.

3613 2818 122 34 ,ICT
3748 2820 62 30 0R
3824 2821 15 29 I
3852 2822 28 28 A
3909 2818 28 38 H
3966 2818 29 38 0
4024 2818 28 38 T
4066 2827 23 26 jj)
4101 2825 37 31 L>

3669 2885 71 23 PEEL
3751 2886 112 29 STREET,
3878 2888 170 25 LAWRENCE.

3602 2975 171 38 Ronald
3801 2977 314 39 Montgomery.

3769 3034 182 32 Proprietor.

3577 3125 60 31 One
3658 3125 31 31 of
3707 3125 48 31 the
3775 3130 71 27 most
3870 3128 182 31 comfortable
4071 3130 59 31 and

3601 3166 229 31 best-conducted
3843 3167 155 32 Hostelries
4007 3180 36 20 on
4053 3171 50 30 the

3723 3206 90 39 Otago
3826 3208 159 31 Goldfields.

3674 3297 58 24 HOT
3752 3298 61 23 AND
3833 3298 75 23 COLD
3926 3299 100 24 BATHS.

3598 3365 111 31 Sample
3727 3366 96 31 Booms
3842 3376 51 22 for
3913 3368 182 34 Travellers,

3572 3446 166 41 Passengers
3746 3448 86 30 called
3841 3448 44 30 for
3892 3449 46 30 the
3946 3450 76 40 early
4030 3450 97 35 Train,

3581 3594 58 58 D.
3686 3596 63 58 M

3781 3594 166 26 ITCU
3982 3597 18 23 K
4032 3598 19 24 L
4081 3598 22 23 L

3632 3736 68 27 THE
3746 3736 157 27 POPULAR
3939 3737 121 33 HOUSE,

3752 3800 195 26 LAWRENCE.

3586 3883 10 16 $
3609 3881 50 18 bow
3676 3873 103 31 opening
3797 3881 30 23 up
3847 3871 38 26 hi*
3909 3871 61 25 First
3994 3872 130 33 Shipment

3587 3920 25 22 of
3628 3918 66 24 SIM
3705 3918 65 24 ISA
3787 3916 166 31 DRAPWRV,
3972 3918 133 26 consisting

3585 3963 25 24 of
3617 3965 29 22 all
3659 3965 24 24 :h
3692 3973 6 8 •
3707 3965 67 22 latest
3787 3962 115 24 no7eHiei
3911 3964 35 22 for
3956 3961 40 25 the
4005 3963 97 30 coming,

3653 4010 12 16 s
3679 4010 26 16 as
3715 4010 29 18 m,
3762 4000 46 26 and
3823 4007 76 24 prces
3912 4007 21 16 to
3953 4001 91 23 match*

3692 4042 90 22 Millme
3797 4048 13 22 y
3824 4048 15 16 a
3862 4041 14 20 S
3881 4041 4 29 t
3886 4041 110 28 ieuuluy.

3602 4180 110 30 #£rV.B.
3730 4180 112 25 —Visits
3876 4177 96 28 Millers
3998 4180 43 24 Fla
4090 4181 31 24 n&

3574 4221 127 27 no&uurgh
3714 4226 72 22 every
3801 4227 35 17 six
3854 4220 89 24 weeks.

3573 4539 3 52 ■
3601 4556 128 21 ROYAL
3759 4539 153 52 *\y%SgsM

3585 4592 159 20 WARRANT
4006 4593 45 18 rME
4062 4587 16 29 G

3909 4705 139 55 MM

3610 5501 516 115 SEEDS

3620 5691 153 33 TOTSILL,
3794 5695 141 27 WATSON
3960 5700 19 24 &
3998 5700 62 34 CO.,

3661 5745 142 30 K9k*«treet.
3805 5775 8 6 t
3822 5748 166 37 Invercargill,

3580 5796 36 20 oe
3632 5792 86 30 \«9it3
3733 5792 35 26 for
3783 5795 78 31 Ucag)
3878 5797 47 26 »ni
3937 5799 140 27 BouthbtU
