3290 4320
1536 111 58 18 Lake
1611 112 72 18 House
1695 113 77 18 Hotel.

1428 132 2 24 |
1463 133 106 18 Masdames
1576 134 80 22 Jajrprer,
1670 136 87 19 Bockett.
1775 136 97 20 McNcish,

1428 157 2 27 !
1440 157 73 20 Elliott,
1524 157 88 27 Kilgour,
1622 158 59 19 Scott,
1692 160 100 21 Dcinpsev,
1801 160 71 20 Port<r,

1428 179 2 25 !
1439 180 73 20 White;
1534 181 66 16 Misses
1617 182 69 18 White.
1710 182 74 20 Harris,
1793 182 79 22 Jagger,

1427 202 2 29 j
1439 203 115 20 Buchanan;
1575 203 64 24 Judge
1657 205 44 19 Gill,
1719 206 82 22 Captain
1816 205 56 21 Mair,

1439 226 50 17 TTon.
1498 226 77 23 Tracey,
1585 228 43 16 Drs.
1638 228 104 21 Crowther,
1750 228 59 20 Seott,
1816 229 42 21 Mag-

1438 255 41 12 nus,
1489 249 70 17 Messrs
1568 250 73 20 Harris,
1649 252 111 17 buchanan.

1427 272 1 28 j
1439 272 64 22 Ilally,
1513 272 101 21 Thomson,
1623 273 88 22 Stewart,
1722 275 68 19 Fiiller,
1800 275 74 24 Jagger

1427 293 1 28 j
1438 293 85 22 Bockoti,
1545 296 64 20 Boult,
1627 297 26 20 11,
1674 293 77 28 James;
1774 297 97 20 Sheridan,

1427 318 1 24 ;
1439 318 125 24 Wellington;
1578 319 96 23 Harding,
1684 322 56 19 Hale,
1750 320 98 18 Gisborno.

1424 367 154 17 Mokoia
1604 367 127 17 View.

1426 388 1 29 i
1460 388 107 19 Mesrlames
1578 390 99 22 Bowman,
1686 391 81 23 Napier;
1782 390 88 21 Hewson,

1437 412 99 17 Auckland
1545 412 4 22 ;
1576 413 86 21 Jenkins,
1689 414 77 17 Parnell
1806 414 65 17 Misses

1437 435 50 22 Kay,
1501 436 26 16 Te
1541 435 113 22 Awamutu;
1672 437 97 21 Bowman,
1793 437 77 22 Napier,

1425 459 1 21 i
1437 459 69 17 Messrs
1531 459 115 21 Hammond,
1669 461 90 19 Hewson,
1788 461 81 18 Forrest,

1436 482 112 20 Auckland;
1563 482 98 21 Bowman,
1677 483 27 23 (2)
1719 484 81 21 Napier;
1817 484 53 20 Parr,

1437 504 118 23 Canterbury
1562 504 3 25 ;
1579 506 69 19 North,
1659 506 65 20 Jones,
1742 506 116 23 Wellington
1865 504 4 25 ;

1437 528 90 20 Elsmore,
1548 529 47 16 New
1618 527 115 25 Plymouth;
1755 530 114 22 McCrystal,

1425 549 1 20 i
1435 551 86 18 Thames.

1086 2084 123 18 VISITORS'
1222 2085 62 18 LIST.

1106 2131 74 17 GitAxu
1188 2132 77 17 Hotel.

990 2159 37 18 His
1036 2160 114 22 Excellency
1159 2160 33 17 the
1200 2160 102 21 Governor,
1317 2161 51 17 Hon.
1384 2162 18 17 J.
1414 2159 1 26 j

967 2183 80 20 Carroll,
1058 2184 64 21 Major
1131 2183 73 22 Elliott,
1214 2184 19 17 J.
1249 2184 27 17 St.
1291 2185 23 16 L.
1336 2185 66 18 Toner.
1414 2178 1 27 1

967 2206 107 18 Mesdames
1086 2207 43 19 Loo,
1142 2207 65 20 Bruce,
1220 2207 99 22 Adelaide;
1327 2208 78 23 Wright
1414 2205 1 26 ]

967 2230 38 16 and
1031 2230 57 20 maid,
1116 2230 100 21 England;
1239 2231 163 21 Bowden-Smitii,

967 2253 67 21 India;
1049 2253 77 23 Sydney
1134 2253 92 22 Johnson,
1241 2253 111 24 Shriuipton
1366 2255 37 17 and
1414 2251 1 26 !

967 2276 57 20 maid,
1037 2272 62 32 II.B.;
1116 2277 182 22 Logan-Campbell,
1319 2278 83 23 Massey,
1414 2272 1 32 j

967 2300 67 21 family
1049 2300 38 16 and
1100 2305 61 16 nurse,
1178 2298 59 25 King,
1254 2300 63 21 Clark,
1336 2302 66 17 Bram-
1414 2298 1 25 !

967 2323 48 18 well,
1026 2323 82 19 Donald,
1118 2323 109 21 Auckland;
1241 2323 96 21 Sherlock,
1345 2325 57 17 Daw-
1414 2323 1 21 !

967 2352 40 14 soil,
1016 2346 103 23 England;
1133 2346 64 21 Dunn,
1205 2347 40 17 Vic.
1273 2347 67 18 Misses
1346 2347 45 18 Sher-

966 2370 48 19 lock,
1026 2370 89 19 Graham,
1126 2370 77 20 Martin,
1212 2370 81 21 Bowser,
1301 2370 100 22 Sharland,

966 2392 113 18 Johnstone.
1105 2393 69 17 Messrs
1194 2392 68 21 Elwin,
1277 2392 87 23 X.S.W.;
1380 2395 22 17 It.

967 2417 23 15 D.
1002 2417 71 18 Crosse,
1086 2417 80 22 Wright,
1177 2417 77 21 Martin,
1261 2417 26 22 (2)
1298 2417 90 22 England
1397 2417 4 22 ;

967 2439 23 18 G.
1008 2440 22 16 B.
1048 2439 83 23 Akroyd,
1152 2439 145 23 Christchurch;
1320 2441 81 18 Massev.

967 2462 82 21 Donald,
1072 2462 133 21 McConaehie,
1232 2463 61 21 Clark,
1316 2460 85 25 Melwiil,

967 2486 112 19 Auckland;
1103 2486 23 18 E.
1151 2486 162 21 Bowdftn-Smith,
1336 2488 65 20 India;

967 2509 53 21 Bicli,
1032 2509 99 23 Okoroire;
1153 2509 74 23 Taylor,
1246 2510 109 20 McKenzie,
1373 2511 29 17 W.

967 2533 106 19 Australia;
1088 2532 109 24 W.jDodge,
1204 2532 121 25 Rarotonga;
1339 2534 65 23 Major

967 2556 24 17 K.
998 2556 128 20 Hutchinson,
1135 2556 109 21 Auckland;
1259 2557 76 22 Sydney
1340 2557 50 18 John-

967 2586 40 12 son,
1017 2579 27 17 H.
1054 2580 95 19 Lambert,
1159 2579 83 18 Hawkes
1247 2579 51 24 Bay;
1313 2580 48 18 Paul
1369 2580 33 23 (2),

967 2603 89 19 Pearson,
1077 2602 64 19 Jones,
1163 2603 116 21 Hammond,
1305 2603 97 21 Sherlock,

967 2626 66 20 Willis,
1044 2626 82 22 Dyeing,
1137 2626 88 20 Dawson,
1236 2626 79 20 Burton,
1326 2627 76 21 Jacobs,

966 2649 100 21 Warwick,
1082 2648 101 24 England;
1201 2650 23 16 G.
1239 2650 25 17 H.
1279 2650 28 17 M.
1326 2651 76 20 Brown,

966 2672 38 17 and
1013 2674 82 19 servant,
1107 2672 86 21 Ireland;
1213 2673 51 17 Hon.
1279 2673 18 17 J.
1312 2673 90 22 Graham,

967 2695 25 18 11.
1004 2696 89 19 Graham,
1103 2696 82 20 Bowser,
1195 2696 19 17 C.
1222 2696 49 20 Tnit,
1277 2696 113 18 Melbourne
1397 2703 5 15 ;

966 2719 67 21 Levin,
1043 2719 76 21 Tonga;
1134 2719 70 21 Hayes,
1214 2719 82 21 U.S.A.;
1310 2720 29 17 Dr
1351 2721 39 16 Har-

966 2742 58 21 rison,
1034 2742 105 18 Tasmania.

1033 2789 88 17 Brent's
1133 2789 112 16 Bathgate
1257 2789 77 17 House.

990 2817 108 17 Mesdames
1118 2815 91 18 Franklin
1230 2814 89 25 Sydney;
1341 2814 47 20 Ham-

967 2840 64 20 mond,
1042 2840 121 20 Melbourne;
1178 2840 99 19 Cramvell,
1293 2840 98 18 Auckland
1399 2840 3 20 ;

968 2864 55 19 Rose,
1031 2864 74 21 Sydney
1113 2862 4 25 ;
1128 2862 70 18 Wilson
1206 2862 37 18 and
1249 2864 57 21 party
1313 2862 19 24 (4
1337 2863 67 24 ladies)

967 2885 119 24 Wanganui;
1106 2885 83 18 Secular.
1204 2886 118 22 Wellington
1330 2885 4 24 ;
1357 2887 36 17 Par-

967 2910 40 18 ker,
1025 2909 38 18 and
1080 2909 67 18 Misses
1164 2909 59 17 Milne
1240 2909 33 23 (2J,
1291 2909 113 21 Auckland;

968 2933 68 21 Geary,
1047 2932 87 22 N.S.W.;
1148 2932 79 17 Dobson
1234 2932 38 17 and
1281 2933 57 20 maid,
1350 2934 41 20 Eng-

967 2956 51 18 land:
1028 2956 72 17 Molvii!
1109 2956 154 21 '/"eAwamutu;
1271 2955 65 19 James
1341 2956 63 21 Shaw,

969 2979 113 23 Coolgardie
1093 2978 3 24 ;
1120 2979 87 19 Manson,
1230 2978 99 24 Feilding;
1349 2978 46 18 Ken
1395 2978 4 24 -
1400 2993 5 7 ,

969 3003 82 22 Sydney.
1077 3002 68 17 Mi.sse.3
1152 3002 81 20 Wakfcr,
1244 3002 68 20 Miller,
1322 3003 82 21 Sydney;

968 3025 111 18 Hammond
1089 3024 32 24 (2),
1130 3024 122 24 Melbourne;
1267 3026 90 20 McLean,
1371 3025 33 23 (2),

968 3048 118 23 Wellington
1094 3048 4 23 ;
1112 3048 60 20 Price,
1181 3048 84 18 Hawkes
1275 3048 52 23 Bay;
1342 3049 62 20 Shaw,

969 3071 119 23 Coolgardie.
1118 3072 29 16 Dr
1154 3071 63 23 Craig,
1228 3071 90 21 Seacliffe,
1329 3073 63 22 Otago
1400 3071 4 24 ;

970 3096 28 17 Dr
1014 3095 61 22 Ban-)-
1096 3096 20 17 T.
1144 3095 80 20 Russell,
1246 3095 87 21 Ireland;
1359 3096 46 17 Rev.

970 3119 54 16 Dean
1044 3118 88 22 Slattery,
1155 3118 85 22 Sydney;
1265 3118 45 17 Rev.
1336 3119 71 16 Father

970 3142 60 21 Hays,
1047 3141 86 23 Sydney:
1153 3142 45 16 Rev.
1217 3141 32 17 Mr
1261 3141 61 18 Robv.
1336 3142 59 17 Trans-

969 3165 49 21 vaal,
1029 3166 59 16 South
1098 3165 74 21 Africa;
1186 3165 70 17 Messrs
1262 3165 79 20 Gilbert,
1349 3165 43 17 Man-

971 3194 38 14 son,
1017 3188 88 21 Feilding
1115 3188 4 22 ;
1133 3188 77 20 Wilson,
1218 3188 118 22 Wanganui;
1351 3189 55 19 liose,

970 3211 98 20 Franklin,
1086 3211 78 20 Abbott,
1178 3210 78 20 Arnold,
1277 3207 66 24 Webb,
1357 3212 37 21 Syd-

970 3240 37 15 ney
1016 3234 4 23 ;
1035 3235 91 19 McLean,
1136 3234 120 20 Queensland
1263 3234 4 23 ;
1282 3234 68 23 Geary,
1360 3235 46 17 N.B.

971 3255 40 25 W.;
1026 3257 56 18 Shaw
1095 3257 26 23 (2)
1131 3255 120 23 Coolgardie;
1266 3257 79 21 Abbott,
1355 3257 51 21 Bull,

971 3280 62 21 Gubb,
1049 3280 85 23 Sydney;
1150 3280 64 20 Gibbs,
1229 3280 122 20 Melbourne;
1371 3282 26 16 At

971 3304 74 20 kinson,
1055 3304 59 18 Blow.
1125 3304 89 23 England
1221 3303 4 24 ;
1240 3303 91 20 Gilkison,
1340 3304 56 17 Inver-

971 3327 77 22 eargill;
1075 3327 70 22 Grady,
1172 3325 82 19 Seoular.
1277 3325 129 25 Wellington;

972 3350 81 20 Hunter,
1065 3350 77 22 Ceylon.

1101 3396 82 17 Geyser
1199 3396 73 17 Hotel.

995 3429 107 17 MesGames
1108 3428 83 20 Ireland,
1198 3428 101 20 Woolcott,
1308 3429 101 17 Auckland
1414 3428 1 26 j

972 3452 56 21 Elfin,
1038 3452 89 18 Bennett,
1136 3451 98 22 Kennedy,
1243 3452 75 19 Brown,
1325 3452 83 23 Joseph-
1414 3448 1 29 j

972 3481 40 14 son,
1034 3475 64 20 Jones,
1120 3474 106 19 Mcintosh,
1244 3474 85 21 Castner,
1347 3476 60 21 Lend,

973 3498 61 22 Ryan,
1045 3497 87 23 Sydney;
1146 3497 79 20 Joshua,
1239 3497 71 21 Kettle,
1325 3497 82 24 Napier;

972 3521 76 20 Munro,
1058 3521 119 20 Melbourne;
1184 3520 126 22 Hargreaves,
1319 3521 88 22 Warden,

974 3544 97 22 England.
1108 3545 67 16 Misses
1191 3543 78 18 Mittull,
1296 3543 111 23 Auckland;

973 3567 78 23 Figges,
1061 3568 82 18 Bourne.
1152 3566 90 22 Lindsay,
1354 3568 42 21 Eng-

974 3591 45 17 land
1026 3590 4 21 ;
1044 3591 81 17 Bowser.
1137 3591 62 17 Stove,
1217 3590 122 21 Melbourne;
1362 3593 47 16 Reid

974 3613 131 23 (2),'Manaia;
1120 3614 61 22 Ryan,
1191 3612 82 24 Sydney.
1299 3614 37 17 Drs
1346 3615 62 18 Rvan.

974 3637 76 22 Sydney
1057 3636 4 23 ;
1075 3637 68 20 Noble,
1152 3636 90 21 England
1249 3636 3 23 ;
1267 3636 76 21 Munro,
1359 3638 38 17 Mel-

974 3660 82 20 bourne;
1082 3660 69 17 Messrs
1168 3659 122 21 Richardson,
1308 3660 100 21 Swansea;

974 3683 71 21 Moyle,
1055 3683 81 19 Bowser,
1147 3682 67 19 Smith,
1226 3682 104 20 Dohinson,
1345 3683 63 22 Stove,

974 3706 113 17 Melbourne
1094 3705 4 21 ;
1111 3705 126 19 Hallenstein,
1244 3705 88 17 Dunedin
1339 3705 3 21 ;
1357 3707 39 17 Den-

974 3735 31 16 ny,
1017 3729 76 22 Figges,
1100 3729 99 17 Fairbura.
1206 3728 81 17 Warden
1294 3728 32 23 (2),
1335 3730 74 21 Winch,

975 3752 77 20 Brewis,
1068 3751 89 20 England
1166 3751 3 24 ;
1192 3751 49 17 Ekin
1259 3751 32 23 (2).
1310 3752 99 23 Kennedy,

974 3775 113 22 Josephson,
1097 3775 75 19 Brown,
1183 3774 88 22 Brogden
1287 3774 32 23 (2),
1334 3776 63 17 Hanni-

976 3804 43 14 gan,
1041 3798 66 20 Wood,
1129 3798 105 19 Mcintosh,
1256 3797 48 21 Tait,
1324 3799 85 21 Castner,

975 3821 104 22 Urquhart,
1105 3820 71 21 Kettle,
1199 3820 81 22 Napier;
1308 3821 101 22 Woolcott,

975 3843 100 18 Auckland
1084 3843 3 23 ;
1101 3843 117 21 Hammond;
1227 3844 104 22 Arniitage,
1340 3845 69 21 Patea;

975 3867 60 22 Percy
1044 3866 68 21 Smith,
1122 3866 122 23 Wellington.

1108 3913 44 16 The
1165 3912 110 19 Langham.

998 3944 108 17 Mesdames
1114 3944 78 20 Wilson,
1200 3944 99 18 Auckland
1307 3944 4 20 ;
1331 3946 68 17 Kibble-

965 3963 1 31 |
976 3968 63 19 white,
1050 3966 119 18 Palmerston
1181 3963 35 31 X.;
1239 3968 84 21 Gilberd,
1341 3969 58 22 Gipps-

965 3990 1 23 i
975 3990 51 18 lmid.
1035 3991 66 16 Misses
1111 3991 9 15 I
1122 3990 30 17 red
1156 3990 28 17 ale
1191 3990 33 23 (2),
1235 3991 75 22 Sydney
1318 3990 4 23 ;
1341 3991 69 21 Goacli,

965 4013 1 21 I
976 4013 122 21 Melbourne;
1113 4013 110 21 Buchanan,
1233 4014 82 17 Parnell.
1342 4015 70 17 Messrs

965 4032 1 27 I
977 4037 67 22 Inglis,
1061 4032 120 27 Devonport,;
1200 4036 109 21 Tarawliiti,
1324 4032 86 27 Huntly;

976 4059 80 22 liodley,
1065 4059 62 18 Holds
1129 4060 66 19 worth,
1212 4059 110 22 Auckland;
1343 4060 67 21 Smith,

976 4083 83 21 Napier;
1085 4082 133 20 Kibblewhite,
1238 4083 119 17 Palmerston
1374 4082 36 22 N.;

977 4106 80 20 Iredale,
1068 4106 71 20 Bailcio,
1155 4105 85 23 Sydney;
1259 4106 151 21 McCorkindale,

977 4128 96 22 Hastings
1080 4128 4 22 ;
1097 4128 65 22 Judge
1170 4129 76 17 Wilson.

1423 725 58 20 THE
1500 725 59 20 HOT
1578 725 98 20 LAKES
1695 725 175 20 CHRONICLE

1423 745 335 22 AND

1423 767 224 21 Tourists'
1672 767 198 21 Journal.

1423 788 179 22 WEDNESDAY,
1620 788 89 22 MARCH
1727 788 36 22 4,
1781 788 89 22 1896.

1423 810 106 21 LOCAL
1550 810 86 21 NEWS
1657 810 64 21 AND
1742 810 128 21 NOTES.

1457 835 83 18 Tourists
1561 837 103 22 travelling
1679 838 86 18 between
1783 839 85 18 Rotorua
1874 835 1 31 j

1434 858 37 17 and
1481 858 99 19 Auckland
1588 866 34 11 can
1636 861 41 22 rely
1690 867 50 17 upon
1755 863 77 22 getting
1843 869 24 11 an

1434 882 92 17 excellent
1535 882 33 17 hot
1580 883 94 18 luncheon
1688 887 20 14 at
1725 886 32 17 the
1770 886 97 18 Frankton

1434 905 63 21 Hotel,
1519 905 98 19 Frankton
1638 907 91 22 Juncton,
1751 909 62 17 where
1836 910 31 17 the
1874 901 1 28 !

1433 927 51 18 train
1490 929 52 19 stops
1551 930 22 16 20
1583 930 98 18 minutes.*

1457 960 14 8 rp

1459 963 53 14 J.rain
1538 964 144 20 arrangements
1707 964 103 22 regarding
1834 965 32 17 the
1874 963 1 23 t

1432 982 101 18 Hamilton
1540 984 58 18 Races
1607 991 32 11 are
1647 986 56 22 given
1712 986 106 19 elsewhere.

1457 1014 19 17 It
1484 1014 15 18 is
1507 1016 95 21 proposed
1607 1018 20 16 to
1641 1017 45 18 hold
1696 1024 25 11 an
1730 1024 48 16 open
1786 1019 29 17 air
1821 1025 44 12 con-
1874 1014 1 28 j

1432 1039 38 15 cert
1479 1038 19 16 in
1507 1038 33 18 the
1548 1039 121 19 Sanatorium
1683 1042 85 20 grounds
1784 1048 24 11 on
1824 1043 31 17 Fri-

1432 1060 37 23 day
1476 1061 32 17 the
1516 1061 45 20 I3th
1569 1062 38 18 iust
1617 1063 6 17 i
1626 1069 12 11 a
1655 1064 32 18 aid
1703 1065 21 17 of
1739 1065 34 17 the
1780 1065 58 19 funds
1846 1066 20 18 of

1432 1084 32 17 the
1480 1084 85 18 Rotorua
1582 1086 56 19 Brass
1654 1087 62 18 Band.

1454 1117 39 16 The
1502 1117 89 22 proceeds
1600 1119 20 16 of
1626 1119 32 17 the
1667 1120 115 21 promenade
1791 1122 74 16 concert

1431 1140 19 16 ill
1462 1140 31 17 aid
1502 1140 21 17 of
1531 1140 4 23 1
1540 1140 23 17 lie
1571 1140 2 23 '
1579 1141 81 22 Library
1677 1140 46 20 fund
1733 1141 102 20 amounted
1845 1145 19 17 to

1431 1162 26 18 <;
1467 1164 31 16 10s
1505 1162 30 19 3d.
1549 1164 16 16 A
1574 1166 65 21 report
1646 1166 16 17 is
1671 1166 142 23 unadvoidably
1820 1166 45 19 held

1431 1191 50 12 over.

1453 1219 58 16 Three
1519 1219 96 18 thousand
1624 1220 56 23 sheep
1690 1221 48 18 from
1750 1221 32 18 the
1799 1221 52 23 Opou-

1429 1242 42 17 riou
1489 1241 67 19 Estate
1568 1243 124 22 Whakatane,
1700 1245 68 22 passed
1780 1245 84 22 through
1874 1241 1 26 i

1429 1265 37 17 this
1482 1266 88 22 morning
1581 1266 29 18 for
1625 1267 87 23 Ohaupo,
1730 1268 32 17 Mr
1778 1268 86 23 Gregory

1429 1289 19 17 in
1454 1289 75 23 charge.

1451 1320 32 17 Mr
1491 1320 38 17 and
1545 1320 40 18 Mrs
1603 1321 94 19 Maunder
1713 1324 65 16 return
1787 1323 75 20 thanks,

1429 1343 19 17 in
1458 1343 80 17 another
1555 1344 81 22 column,
1646 1345 31 17 for
1693 1346 32 17 the
1732 1345 88 19 kindness
1826 1347 38 17 and

1429 1366 102 22 sympathy
1547 1367 78 18 evinced
1645 1368 26 22 by
1686 1369 51 18 their
1756 1369 71 18 friends
1843 1370 19 17 in

1429 1390 84 17 Rotorua
1522 1395 44 12 over
1576 1390 49 18 (heir
1632 1394 64 15 recent
1705 1392 75 17 trouble
1789 1394 19 15 in
1818 1399 33 11 con-

1429 1413 74 17 nection
1515 1413 47 17 with
1571 1414 32 17 the
1611 1417 65 15 recent
1684 1415 39 18 fire.

1451 1444 32 17 Mr
1490 1444 72 23 Joseph
1571 1446 82 17 William
1662 1446 76 19 Salmon
1748 1447 15 17 is
1775 1447 88 23 gazetted

1429 1474 19 10 ;is
1457 1468 104 17 rea-istarof
1569 1468 67 21 births,
1643 1470 68 17 deaths
1719 1470 37 17 and
1760 1471 103 23 marriages

1429 1491 29 17 for
1466 1491 32 16 the
1507 1491 80 17 District
1596 1493 20 16 of
1632 1493 72 22 Taupo,
1714 1494 39 16 also
1763 1500 20 11 as
1801 1493 50 19 vacci-

1428 1514 64 17 nation
1507 1514 100 22 inspector,
1618 1516 31 17 for
1665 1517 33 17 the
1715 1522 51 12 same
1782 1517 78 17 district,

1428 1537 39 17 vice
1477 1537 60 17 Gavin
1551 1538 99 23 Mclntyrc
1664 1540 56 17 Park.

1451 1569 32 17 Mr
1491 1569 60 22 Percy
1561 1569 67 22 Smith,
1643 1577 91 16 surveyor
1740 1572 77 23 general
1831 1578 20 12 ar-

1428 1592 51 17 rived
1488 1593 49 16 from
1543 1592 90 19 Tokaauu
1648 1599 24 12 on
1687 1595 70 23 Friday
1773 1595 37 18 last
1824 1597 37 16 and

1428 1616 34 17 left
1471 1616 29 17 for
1509 1616 100 19 Auckland
1614 1618 101 23 yesterday
1723 1619 94 22 morning.
1831 1620 30 17 lie

1428 1639 36 17 had
1471 1639 81 23 lengthy
1561 1641 140 18 conversations
1711 1642 44 17 with
1765 1642 32 17 Mr
1810 1642 38 18 Mal-

1427 1663 43 21 froy
1478 1662 38 17 and
1523 1663 63 19 others
1595 1665 104 22 regarding
1711 1665 84 23 sanitary
1809 1672 39 11 mea-

1427 1692 51 11 sures
1487 1688 20 15 to
1516 1688 24 17 be
1547 1686 83 24 adopted
1638 1688 20 17 in
1669 1686 95 21 reference
1772 1690 20 16 to
1800 1689 60 18 hotels

1427 1709 47 19 and!
1484 1709 187 24 boarding-houses.
1690 1712 32 17 tl.c
1738 1713 86 16 outcome
1841 1714 20 15 of

1427 1733 61 17 which
1506 1734 38 17 will
1565 1734 92 23 probably
1665 1735 25 17 be
1704 1736 93 22 apparoiit
1812 1736 49 18 after

1427 1756 32 17 Mr
1474 1756 60 19 Smith
1544 1757 34 18 has
1596 1759 98 17 consulted
1707 1759 46 17 with
1763 1759 33 17 the
1812 1759 47 17 Con-
1871 1756 1 27 J

1427 1780 37 17 tral
1473 1780 62 18 Board
1542 1781 19 17 of
1569 1781 79 18 Health.

1450 1812 38 17 The
1495 1812 85 23 Railway
1585 1813 127 22 Department
1718 1815 20 15 at
1747 1814 31 16 the
1785 1815 76 21 request

1427 1836 19 17 of
1452 1835 32 17 the
1493 1835 99 18 Hamilton
1599 1836 38 17 and
1658 1837 114 21 Cambridge
1793 1837 67 17 School

1427 1859 121 17 Committees
1573 1859 33 17 lias
1615 1860 94 22 arranged
1718 1861 20 16 to
1744 1866 34 11 run
1789 1866 23 11 an
1826 1867 22 10 ex-

1427 1882 73 17 cursion
1509 1882 49 16 train
1568 1882 47 18 from
1634 1883 53 17 these
1700 1883 63 22 places
1772 1884 19 16 to
1800 1884 48 16 Roto-

1427 1911 33 11 rua
1477 1911 24 11 on
1511 1905 69 23 Friday
1597 1906 32 16 the
1639 1906 45 18 13th
1696 1907 44 17 iiist.
1774 1907 24 16 In
1814 1912 34 12 con-

1427 1934 90 16 sequence
1526 1928 19 17 of
1554 1929 32 16 the
1599 1929 61 22 heavy
1669 1930 69 21 grades
1754 1930 33 17 the
1803 1936 42 11 num-

1426 1952 32 17 ber
1467 1952 21 17 of
1496 1957 110 16 passengers
1609 1952 34 17 has
1652 1953 46 16 been
1708 1952 73 19 limited
1790 1955 19 15 to
1818 1954 40 16 300.

1426 1975 38 17 The
1474 1975 48 17 traiii
1537 1975 37 17 will
1582 1975 53 18 leave
1650 1975 114 24 Cambridge
1773 1978 21 15 at.
1801 1976 59 18 about

1427 1997 9 18 7
1446 2004 44 11 a.m.
1504 1998 38 17 and
1559 1998 15 17 is
1583 1999 59 17 timed
1651 2001 20 15 to
1680 2000 49 16 start
1737 2005 24 11 on
1779 1999 33 17 the
1829 2005 20 12 re-

1426 2023 44 16 turn
1473 2021 81 25 journey
1559 2023 21 16 at
1589 2024 9 15 -4
1608 2028 46 16 p.m.
1679 2023 40 17 The
1727 2023 132 17 excursionists

1425 2045 14 16 it
1449 2044 15 18 is
1472 2044 91 18 reckoned
1570 2045 38 17 will
1617 2045 48 18 have
1670 2046 58 17 about
1734 2046 36 17 five
1775 2046 58 17 hours
1839 2046 20 17 in

1426 2069 90 16 Rotorua.

1449 2100 26 17 At
1491 2100 33 16 the
1532 2100 58 17 Town
1599 2100 63 17 Board
1671 2100 83 22 meeting
1763 2101 32 16 Mr
1805 2101 40 17 Dan-

1426 2129 31 16 sey
1476 2122 54 18 made
1545 2124 95 16 reference
1658 2124 20 17 to
1695 2124 33 16 the
1744 2129 116 18 courageous

1425 2146 81 18 conduct
1515 2147 20 16 of
1543 2152 67 16 young
1618 2147 51 17 Giles
1686 2152 24 11 on
1724 2147 32 17 the
1773 2147 86 17 occasion

1425 2170 21 17 of
1454 2169 33 18 the
1495 2170 64 17 recent
1571 2169 33 18 fire
1613 2171 20 16 at
1642 2170 110 17 Maunder's
1766 2169 94 23 boarding

1425 2193 58 17 house
1507 2192 38 17 and
1559 2192 58 18 asked
1630 2193 15 16 if
1659 2193 33 17 the
1713 2193 62 17 Board
1796 2194 63 17 would

1425 2216 84 18 sanction
1517 2223 10 10 a
1535 2215 58 18 letter
1600 2216 101 18 addressed
1708 2218 19 16 to
1733 2216 32 17 the
1770 2216 90 18 Humane

1425 2239 74 23 Society
1506 2239 154 22 recommending
1677 2239 51 17 Giles
1741 2246 20 10 as
1770 2246 11 10 a
1794 2240 66 23 fitting

1424 2262 114 22 recipientof
1543 2262 32 17 the
1580 2262 157 23 Society'smedal
1747 2263 28 17 Dr
1780 2263 79 18 Ginders

1425 2286 57 22 spoke
1490 2286 19 16 in
1519 2286 32 17 the
1556 2286 76 22 highest
1638 2289 57 14 terms
1705 2286 20 17 of
1730 2286 61 22 praise
1798 2287 21 16 of
1827 2286 32 17 the

1425 2315 66 17 young
1500 2309 60 17 man's
1580 2309 63 18 action
1660 2309 38 17 and
1714 2309 41 18 said
1772 2310 43 17 that
1827 2310 32 16 the

1425 2333 56 17 letter
1489 2331 69 19 should
1575 2332 23 17 be
1615 2333 42 16 sent
1670 2333 20 16 to
1698 2333 34 17 the
1738 2333 61 21 Royal
1815 2333 44 17 Hu-
1869 2329 2 25 I

1425 2361 54 12 mane
1501 2355 75 23 Society
1585 2356 20 16 of
1615 2356 122 20 Australasia,
1756 2356 33 17 the
1806 2356 53 18 office

1425 2380 20 16 of
1453 2378 63 18 which
1524 2384 39 12 was
1576 2378 18 18 in
1610 2378 118 18 Melbourne.
1763 2380 43 16 This
1821 2385 38 12 was

1425 2401 132 22 unanimously
1566 2402 69 22 agreed
1651 2403 21 16 to
1685 2403 38 16 and
1738 2403 32 17 Mr
1783 2403 76 22 Dansey

1425 2425 39 17 will
1473 2425 122 23 accordingly
1605 2425 83 18 forward
1697 2425 36 18 full
1747 2426 112 22 particulars

1425 2449 20 16 of
1455 2448 56 17 Giles'
1521 2448 63 18 heroic
1592 2450 37 15 act.

1446 2477 49 16 From
1505 2483 8 9 ii
1531 2477 67 21 variety
1614 2477 18 16 f
1646 2477 132 16 circumstances
1790 2483 25 10 we
1831 2483 28 10 aie

1425 2498 62 16 unable
1497 2501 17 13 to
1522 2498 80 21 provide'
1609 2504 21 10 ur
1638 2498 68 16 readers
1719 2498 42 16 with
1770 2499 29 15 the
1807 2499 50 16 usual

1425 2522 70 14 amount
1502 2520 18 15 of
1534 2519 90 17 diver-fifed
1638 2519 43 16 local
1693 2520 117 16 informa'itin.
1816 2526 30 10 con-

1425 2541 57 16 tained
1491 2542 16 14 in
1515 2541 34 16 tliis
1555 2541 74 16 column.
1654 2542 21 15 In
1686 2542 28 15 the
1723 2542 38 15 first
1773 2541 47 20 pluce
1829 2542 29 15 the

1424 2563 53 15 Town
1486 2562 56 16 Board
1552 2566 56 16 report
1622 2568 35 10 was
1669 2563 94 15 somewhat
1771 2563 72 20 lengthy
1852 2562 3 21 ;

1425 2585 40 16 then
1474 2584 29 15 the
1512 2583 87 16 Governor
1605 2590 53 12 caine.
1669 2585 33 14 and
1709 2589 31 10 our
1744 2583 57 16 dulled
1808 2589 49 11 senso

1425 2606 18 16 of
1449 2606 65 20 loyalty
1521 2610 35 10 was
1564 2605 91 16 awakened
1665 2611 18 10 so
1691 2606 39 15 that
1737 2611 25 10 we
1773 2611 44 10 were
1825 2606 21 15 im-

1424 2627 55 21 pelled
1490 2628 17 14 to
1521 2627 40 18 (.'ive
1572 2627 29 15 the
1615 2624 71 19 address
1700 2627 40 16 read
1751 2627 21 19 ly
1785 2627 29 15 the
1822 2627 36 15 first

1425 2653 59 16 mayor
1491 2648 19 16 of
1524 2646 102 22 Cooljfardie
1642 2648 34 16 and
1693 2648 33 16 His
1742 2648 117 16 Excellency's

1425 2670 48 20 reply
1488 2669 71 19 thereto,
1577 2670 85 15 verbitim
1678 2673 17 12 ot
1711 2670 89 15 literatim.
1825 2669 32 16 We

1425 2691 33 16 had
1478 2691 76 16 reserved
1580 2696 55 15 space,
1652 2691 45 16 until
1714 2691 28 15 the
1758 2690 74 19 mee'ing
1841 2693 18 13 at

1425 2713 52 15 Tame
1484 2714 17 14 te
1509 2711 64 21 Kapua
1581 2711 106 20 intervene!,
1703 2712 27 16 for
1738 2717 21 10 an
1768 2712 88 16 elaborate

1425 2736 57 17 report,
1490 2734 17 15 of
1516 2733 28 16 Mr
1556 2733 68 16 Bou't's
1636 2737 75 15 concert,
1720 2734 69 15 written
1805 2733 22 21 by
1837 2738 20 11 an

1425 2759 60 17 expert
1493 2755 105 20 thoroughly
1608 2755 57 16 erscd
1675 2756 16 14 in
1701 2756 23 14 all
1733 2756 28 14 the
1770 2755 89 20 mysteries

1425 2777 19 15 of
1458 2777 72 15 musical
1547 2777 98 19 technique,
1666 2777 31 15 but
1711 2777 13 15 it
1738 2777 31 15 has
1785 2779 30 12 not
1831 2778 28 18 yet

1425 2797 72 16 reached
1504 2803 26 11 us.
1565 2798 29 15 IVe
1608 2799 56 18 know,
1682 2797 84 19 however,
1783 2797 38 16 that,
1829 2797 30 16 the

1425 2821 68 14 concert
1501 2824 34 10 was
1541 2824 10 10 a
1556 2819 69 16 di-tinct
1632 2825 66 9 success
1705 2818 4 21 :
1719 2819 38 15 that
1764 2818 28 16 the
1798 2818 61 21 silv'ry

1426 2840 58 16 voiced
1496 2840 119 20 boy-hoprano
1622 2840 75 16 warbled
1703 2841 16 15 in
1728 2846 9 9 a
1743 2845 70 10 manner
1822 2840 38 15 that

1426 2862 57 15 would
1491 2864 33 18 put
1532 2867 10 9 a
1551 2861 111 21 nightingale
1671 2864 17 13 to
1702 2862 30 15 the
1747 2861 49 16 blush
1805 2861 4 21 ;
1822 2861 38 16 that

1426 2884 17 14 in
1452 2883 38 15 Mrs
1498 2883 75 20 Ki'frour
1582 2883 29 15 the
1619 2883 83 15 audience
1709 2888 42 10 were
1758 2882 99 16 introduced

1425 2906 19 13 to
1452 2909 10 10 a
1476 2905 93 15 cantatrico
1584 2905 87 19 possessed
1686 2905 19 15 of
1712 2910 11 9 a
1738 2908 47 11 vice
1795 2904 18 15 of
1831 2904 18 15 th

1426 2928 60 17 purest
1496 2928 39 13 tone
1544 2926 33 15 and
1587 2926 17 15 of
1613 2926 90 15 wondrous
1711 2925 90 20 flexibility
1809 2925 3 20 ;
1822 2926 37 14 tliat

1426 2947 29 16 the
1465 2947 72 19 plavinsr
1545 2947 19 16 of
1572 2947 37 16 Mrs
1618 2947 58 16 Moses
1686 2952 34 11 was
1728 2952 10 10 a
1749 2947 92 15 revelation
1853 2947 3 19 ;

1426 2968 39 16 that
1488 2966 29 18 Mr
1541 2968 123 16 Richardson's
1684 2968 115 21 sympathetic
1814 2968 46 15 voice

1427 2990 50 18 gains
1488 2994 46 10 more
1542 2989 33 16 and
1585 2995 45 10 more
1644 2995 45 15 upon
1700 2991 26 14 his
1825 2989 34 15 and

1427 3011 38 16 that
1474 3016 19 10 as
1501 3016 8 9 a
1517 3011 105 15 humourous
1637 3012 91 15 raconteur
1742 3010 28 16 Mr
1777 3010 83 16 Franklin
1871 3010 1 17 i

1427 3032 14 16 is
1448 3032 103 16 inimitable.
1575 3032 33 16 We
1617 3038 29 10 are
1653 3032 37 16 also
1706 3038 57 10 aware
1781 3032 37 15 that
1834 3032 27 14 Mr

1426 3053 59 16 James
1492 3052 50 17 Shaw
1552 3058 35 10 was
1594 3054 17 15 in
1621 3054 29 15 the
1664 3053 48 16 chair
1728 3053 34 16 and
1777 3053 46 16 filled
1832 3053 28 15 the

1427 3075 56 15 duties
1491 3075 18 15 of
1518 3076 29 14 the
1555 3075 73 19 position
1639 3080 18 10 as
1665 3078 18 12 to
1693 3076 28 14 the
1730 3079 71 11 manner
1809 3074 50 16 born.

1451 3100 131 18 CoACHor.ixE
1590 3100 4 23 :
1596 3101 41 17 A
1643 3100 94 23 dressing,
1743 3100 38 17 and
1793 3100 57 17 water-

1427 3124 56 22 proof
1491 3124 127 21 preservative
1632 3124 30 17 for
1678 3124 83 20 harness,
1779 3123 83 21 carriage

1427 3149 49 20 tops,
1486 3146 55 18 boots
1547 3147 39 17 and
1594 3147 26 17 all
1627 3147 57 17 kinds
1699 3147 20 17 of
1731 3146 78 20 leather,
1824 3146 38 17 will

1427 3172 35 15 not
1471 3175 47 17 gum
1526 3175 35 12 nor
1569 3170 54 22 drip;
1641 3175 51 12 same
1707 3170 117 21 consistency
1837 3169 25 16 all

1428 3189 98 21 weathers.
1552 3193 113 17 Concholine
1674 3193 16 17 is
1699 3199 11 11 a
1726 3192 85 23 superior
1822 3197 41 16 gun

1428 3222 66 17 grease
1514 3216 37 16 and
1578 3216 127 22 preservative
1731 3217 20 16 of
1778 3215 85 23 polished

1428 3239 77 20 metals;
1520 3245 20 11 us
1549 3245 11 10 a
1568 3239 47 17 hoof
1623 3239 38 17 and
1677 3239 78 23 healing
1770 3239 93 16 ointment

1428 3262 35 17 has
1470 3268 25 11 no
1504 3262 85 22 superior
1597 3261 4 23 ;
1616 3264 30 15 for
1653 3268 57 14 sores,
1719 3262 94 18 scratches
1825 3261 39 17 and

1428 3285 38 17 and
1474 3285 26 17 all
1509 3285 41 17 skin
1559 3285 80 17 diseases
1648 3292 24 10 on
1681 3285 70 20 horses,
1761 3285 57 17 cattle
1826 3284 38 17 and

1428 3314 51 12 man.
1504 3308 45 17 Sold
1557 3309 27 21 by
1592 3309 25 16 11.
1626 3308 87 20 Stewart,

1465 3337 50 17 FOR
1526 3337 53 16 THE
1592 3337 70 17 CURE
1671 3337 33 17 OF
1712 3337 108 17 ACIDITY

1430 3374 25 17 Of
1464 3374 31 17 the
1504 3373 85 18 stomach
1598 3373 53 18 there
1659 3374 16 17 is
1683 3373 36 17 but
1735 3379 34 12 one
1783 3373 81 17 rational

1429 3396 61 21 mode,
1500 3397 42 16 that
1558 3397 20 16 of
1589 3397 148 22 strengthening
1752 3396 33 17 the
1798 3401 65 18 organ.

1429 3420 78 17 Wolfe's
1516 3419 97 22 Schnapps
1630 3420 16 16 is
1662 3419 114 23 unequalled
1792 3419 20 17 in
1826 3419 38 17 this

1430 3443 91 17 capacity.

1489 3482 121 17 ROTORUA
1622 3482 76 18 TOWN
1711 3482 93 17 BOARD.

1452 3529 39 17 The
1508 3528 54 17 usual
1579 3528 87 23 monthly
1687 3528 84 22 meeting
1792 3528 21 17 of
1832 3528 31 17 the

1430 3553 57 16 Town
1508 3551 63 17 Board
1589 3552 46 16 took
1655 3552 53 22 place
1726 3557 22 11 on
1766 3551 98 22 Thursday

1430 3575 97 17 afternoon
1538 3574 34 17 lust
1589 3574 55 17 when
1658 3575 54 17 there
1724 3580 50 11 were
1789 3575 76 21 present

1430 3598 69 17 Messrs
1505 3598 20 17 C.
1533 3597 89 22 Malfroy,
1630 3597 73 23 (chair),
1712 3597 85 17 Gerhard
1802 3597 49 17 Muel-

1430 3622 33 18 ler,
1473 3621 18 17 S.
1501 3621 21 16 T.
1531 3621 65 19 Brent,
1608 3621 23 17 R.
1647 3621 24 17 D.
1690 3621 76 21 Dansey
1783 3620 36 17 and
1837 3620 28 16 Dr

1430 3643 86 18 Ginders.

1581 3666 131 18 Sanitation.

1454 3690 28 17 Dr
1495 3688 86 21 Ginders,
1599 3695 11 11 a
1626 3695 70 17 propos
1712 3690 20 17 of
1748 3690 33 16 the
1797 3689 68 22 special

1431 3713 84 21 meeting
1527 3713 56 16 when
1602 3713 71 17 certain
1689 3713 85 21 sanitary
1788 3713 77 16 matters

1431 3742 51 11 were'
1487 3735 101 20 discussed,
1598 3736 63 17 stated
1670 3735 42 18 that
1721 3735 24 18 he
1752 3734 114 18 understood

1430 3760 43 16 that
1482 3764 50 11 some
1541 3759 20 16 of
1573 3758 33 17 the
1620 3760 59 16 waste
1693 3760 60 16 water
1769 3759 48 16 from
1833 3758 32 17 the

1432 3782 63 17 Grand
1505 3781 58 17 Hotel
1572 3782 39 16 still
1620 3782 60 17 found
1688 3782 25 16 its
1723 3787 43 16 way
1780 3781 40 17 into
1833 3781 33 17 the

1432 3806 57 16 street
1498 3805 94 16 channels.
1618 3805 39 17 The
1665 3805 102 17 Chairman
1776 3804 39 17 said
1824 3803 42 18 that

1431 3828 47 17 both
1490 3828 32 16 the
1531 3827 68 18 Palace
1612 3828 38 17 and
1663 3828 66 17 Grand
1745 3827 68 17 Hotels
1829 3826 37 17 had

1431 3851 48 17 been
1487 3850 77 18 notified
1572 3850 44 18 that
1624 3851 33 17 the
1665 3851 35 17 bar
1712 3851 41 22 slop
1761 3851 59 16 water
1828 3856 38 10 was

1431 3876 34 15 not
1473 3875 20 15 to
1501 3873 23 17 be
1533 3873 83 23 emptied
1623 3874 42 18 into
1673 3874 33 16 the
1714 3874 59 17 street
1778 3873 88 17 channels

1432 3897 37 17 and
1485 3897 25 16 he
1526 3896 116 18 understood
1659 3897 94 17 attention
1766 3896 38 17 had
1820 3895 46 18 been

1432 3920 44 22 paid
1485 3921 20 15 to
1515 3920 21 16 it.
1561 3920 32 16 Mr
1601 3919 82 18 Mueller
1691 3919 78 23 pointed
1778 3920 33 16 out
1825 3918 41 18 that

1432 3943 83 22 nothing
1522 3942 80 18 decisive
1616 3943 57 17 could
1680 3943 24 17 be
1717 3943 49 17 done
1780 3942 19 16 in
1815 3941 51 17 these

1432 3967 79 16 matters
1519 3965 49 17 until
1577 3965 32 18 the
1618 3966 64 17 Board
1693 3972 48 11 were
1752 3964 114 23 empowered

1432 3989 26 21 by
1466 3989 33 16 the
1508 3988 77 17 Central
1592 3988 64 18 Board
1665 3989 20 17 of
1701 3988 72 18 Health
1790 3989 19 16 to
1823 3988 44 16 take

1432 4012 74 20 action;
1521 4011 36 17 but
1564 4012 15 16 it
1596 4012 63 17 would
1673 4012 24 17 be
1712 4017 20 12 as
1748 4011 43 18 well
1805 4011 15 17 if
1835 4010 32 17 the

1433 4034 96 22 offending
1548 4035 71 21 parties
1640 4040 48 12 were
1712 4035 57 22 again
1793 4039 61 12 remon-

1433 4057 72 18 strated
1513 4057 53 17 with.
1591 4057 45 18 This
1644 4063 39 12 was
1689 4057 70 23 agreed
1771 4059 25 15 to.

1456 4081 31 16 Mr
1493 4080 81 17 Mueller
1579 4081 82 16 referred
1666 4082 20 16 to
1693 4079 175 24 thchigh-boarded

1433 4104 52 17 fence
1494 4109 25 11 on
1527 4103 33 17 the
1567 4103 52 17 main
1635 4103 47 18 road
1696 4104 38 16 side
1748 4104 19 16 of
1781 4103 87 17 Pukeroa

1433 4127 37 17 and
1483 4126 32 17 the
1528 4126 90 18 nuisance
1632 4127 76 17 created
1720 4126 85 22 thereby.
1838 4126 30 16 He

1884 115 2 31 |
1894 115 38 18 had
1941 122 47 12 even
1996 117 48 17 been
2052 118 70 21 spo'-en
2136 119 20 15 to
2171 124 23 10 on
2208 117 33 18 the
2257 120 73 21 subject

1884 139 2 28 j
1894 139 26 19 by
1935 145 79 15 persons
2030 141 20 16 in
2065 140 97 17 Auckland
2179 141 49 17 since
2245 142 32 17 the
2294 143 36 18 last

1884 163 1 23 j
1894 163 90 20 meeting.
2009 164 265 22 Therewasnoothcrreniedy
2279 166 51 19 inhis

1884 186 1 23 I
1894 186 77 21 opinion
1980 186 36 18 but
2023 187 75 17 toliuve
2107 186 31 18 tlie
2147 186 53 18 fence
2204 187 66 22 pulled
2275 189 55 18 down

1883 208 2 27 j
1894 209 37 16 and
1943 208 89 23 disposed
2045 210 21 16 of
2079 212 19 14 to
2112 210 33 16 the
2157 210 42 17 best
2216 211 113 19 advantage.

1883 227 2 29 !
1894 231 31 17 He
1933 232 69 17 moved
2009 233 44 17 that
2061 233 38 16 this
2107 233 24 16 be
2139 232 48 17 done
2204 233 37 18 and
2254 241 13 11 a
2279 235 51 21 light

1883 254 1 26 I
1894 254 44 17 wire
1947 255 54 17 fence
2009 256 73 16 erected
2091 256 20 17 in
2119 256 25 17 its
2148 256 59 19 place.
2233 258 32 17 Mr
2270 259 60 18 Brent

1882 278 2 26 j
1894 282 38 12 was
1941 278 90 18 doubtful
2039 279 15 16 if
2063 279 45 21 tliey
2117 279 55 17 could
2180 279 44 17 take
2235 280 39 18 this
2288 282 41 22 step

1882 301 2 23 I
1894 306 19 11 as
1922 301 34 16 the
1964 301 54 17 fence
2025 301 94 23 belonged
2129 303 19 14 to
2154 302 33 17 the
2194 303 134 19 Government.

1882 320 2 31 |
1893 323 33 17 Mr
1933 324 82 17 Mueller
2023 324 105 17 contended
2136 324 42 17 that
2187 326 33 17 the
2228 326 64 18 health
2309 329 20 16 of

1882 347 2 25 |
1893 347 33 17 the
1934 348 53 16 town
1995 347 106 18 demanded
2108 348 25 16 itR
2141 349 82 17 removal
2229 349 39 18 and
2272 350 56 18 down

1882 369 2 26 |
1893 369 14 17 it
1916 372 51 15 must
1976 376 59 12 come.
2059 371 41 17 The
2111 371 100 17 Chairman
2226 374 103 21 suggested

1893 393 43 17 that
1943 399 58 14 every
2011 394 56 17 other
2080 393 59 18 board
2152 394 68 17 should
2232 395 24 17 be
2272 397 21 16 ta
2294 393 4 21 1
2305 403 23 11 en

1893 421 60 16 away.
1987 417 31 16 He
2037 416 64 18 would
2120 416 87 18 however
2227 418 52 18 leave
2295 420 33 17 the

1879 439 7 21 i
1893 440 69 16 matter
1969 440 20 16 in
1999 440 32 17 the
2039 439 62 18 hands
2113 440 20 17 of
2149 440 32 17 the
2198 441 69 18 Board.
2300 443 28 17 Dr

1880 460 2 30 j
1892 461 87 22 Ginders,
1989 463 19 17 in
2018 463 104 22 seconding
2129 463 32 17 the
2176 464 78 21 motion,
2270 466 58 20 spoke

1892 484 88 24 strongly
1988 487 75 20 against
2077 486 32 17 the
2124 486 123 19 continuance
2260 489 21 16 of
2295 489 33 17 the

1892 508 58 21 fence,
1969 509 38 17 and
2023 509 143 18 recommended
2178 510 24 17 its
2219 510 109 19 immediate

1891 533 89 17 removal.
2007 533 39 17 The
2054 533 72 17 motion
2135 538 38 11 was
2181 533 77 18 carried.

1914 555 39 17 The
1962 555 104 18 Chairman
2077 555 61 17 stated
2152 555 43 17 that
2207 556 25 17 he
2246 557 36 17 and
2295 558 33 17 Mr

1891 578 76 23 Dansey
1976 579 38 16 had
2023 578 68 18 visited
2099 578 31 17 Mr
2138 578 84 18 Sheriff's
2228 580 100 23 slaughter

1880 601 1 27 j
1890 601 48 22 yard
1958 602 50 17 since
2028 602 33 17 the
2081 601 69 22 special
2170 602 90 23 meeting.
2295 604 33 17 Mr

1879 621 2 26 |
1891 624 69 18 Sheriff
1975 631 39 11 was
2031 625 52 22 quite
2098 625 75 19 willing
2186 627 20 15 to
2222 632 55 11 move
2294 627 32 17 the

1890 647 48 21 yard
1945 649 21 16 to
1975 654 38 16 any
2021 649 82 21 position
2112 647 33 18 the
2153 647 61 18 Board
2223 649 63 23 might
2293 650 22 17 de-

1891 670 40 18 sire.
1941 671 38 17 and
1988 671 100 23 explained
2097 671 41 17 that
2147 671 32 17 the
2187 672 94 22 landlord,
2295 674 32 17 Mr

1890 693 29 18 V.
1928 693 64 22 Kelly,
2002 694 39 18 had
2049 694 94 18 informed
2147 694 40 18 him
2193 695 43 17 that
2242 695 23 18 he
2270 696 56 18 could

1889 718 51 16 erect
1959 717 34 17 the
2013 717 47 23 yard
2080 717 96 17 wherever
2199 718 23 17 he
2242 719 82 21 pleased.

1889 740 52 21 They
1950 740 38 17 had
1997 740 93 18 hesitated
2100 741 19 16 to
2127 740 53 17 select
2192 747 11 11 a
2212 747 41 12 new
2261 743 37 16 site
2305 749 21 11 as

1889 763 46 18 such
1943 763 64 21 might
2015 764 24 17 be
2047 763 86 23 objected
2143 764 19 16 io
2171 763 26 22 by
2204 770 39 16 any
2250 766 64 19 inspec-

1889 787 31 16 tor
1927 787 21 16 of
1956 787 100 18 slaughter
2061 787 58 22 yards'
2126 785 43 19 who
2177 787 64 22 might
2253 788 24 18 be
2290 795 23 13 ap-

1888 809 85 21 pointed.
1999 810 39 17 The
2051 810 48 22 yard
2115 815 39 12 was
2173 816 44 11 now
2232 812 93 22 perfectly

1889 832 52 17 clean
1950 833 38 16 and
1997 830 119 21 wholesome.
2142 833 19 16 It
2169 839 38 12 was
2220 834 70 19 agi-ecd
2304 836 20 17 to

1889 855 52 18 defer
1949 856 75 18 further
2032 857 63 17 action
2103 856 19 17 in
2132 856 33 17 the
2173 857 107 18 meantime.

1911 879 39 17 The
1959 879 103 17 Chairman
2071 879 62 17 stated
2141 879 42 17 that
2192 880 94 23 although
2300 881 24 18 he

1879 899 1 23 I
1888 901 36 18 had
1934 902 85 18 received
2032 909 10 10 a
2057 902 91 20 telegram
2166 902 50 19 from
2232 903 33 18 the
2278 903 34 18 Sur-

1879 922 1 26 j
1887 926 150 21 veyor-General
2053 928 72 18 stating
2139 926 43 17 that
2197 926 33 17 the
2247 927 77 18 Central

1879 948 1 23 !
1887 948 63 18 Board
1959 949 21 17 of
1988 948 72 18 Health
2075 949 63 18 would
2152 949 93 22 probably
2260 950 64 19 notify

1879 971 1 24 j
1887 971 52 18 what
1947 972 39 17 had
1994 972 47 17 been
2051 972 49 17 done
2107 972 19 16 in
2136 972 67 22 regard
2209 974 21 16 to
2239 973 85 19 Rotorua

1879 995 1 25 |
1887 995 79 18 matters
1974 996 20 16 at
2003 995 24 18 its
2036 995 38 17 last
2082 995 83 21 meeting
2174 995 23 17 ho
2207 996 39 17 had
2260 1003 19 10 so
2295 997 28 18 far

1879 1018 1 24 !
1886 1018 85 17 received
1987 1025 25 10 no
2028 1018 80 17 advices.
2133 1018 33 17 Mr
2185 1019 60 20 Percy
2261 1020 62 18 Smith

1887 1041 63 18 would
1958 1042 24 16 be
1997 1042 19 16 in
2034 1042 85 17 Rotorua
2134 1048 24 10 on
2175 1042 32 16 tlie
2223 1042 101 25 following

1886 1064 44 23 day.
1957 1065 19 17 It
1985 1071 38 11 was
2032 1065 85 17 resolved
2124 1065 21 17 to
2154 1065 44 17 wire
2206 1067 20 15 to
2235 1066 33 17 the
2276 1065 35 19 Sur-

1886 1088 165 22 veyor-General's
2060 1088 52 17 office
2120 1088 25 17 as'
2152 1088 35 22 ing
2195 1089 29 16 for
2230 1089 81 18 informa-

1886 1111 46 17 tion.

1993 1140 105 20 CLEAItINO
2107 1140 106 18 Pukf.KOA.

1909 1168 17 16 A
1940 1173 48 16 copy
2003 1168 20 16 of
2036 1173 12 11 a
2065 1167 55 17 letter
2136 1167 101 18 addressed
2253 1169 20 16 to
2289 1169 33 18 the

1886 1190 146 18 Commissioner
2039 1191 21 16 of
2068 1190 68 18 Crown
2145 1190 64 18 Lands
2217 1191 26 22 by
2256 1192 33 17 Mr
2301 1193 20 17 J.

1886 1213 24 17 H.
1920 1213 70 23 Taylor
1999 1214 19 16 in
2027 1214 94 16 reference
2129 1215 20 15 to
2158 1215 32 16 the
2199 1215 54 17 claim
2261 1216 20 16 of
2289 1216 33 18 the

1885 1236 57 18 latter
1955 1238 21 16 to
1991 1243 11 10 a
2019 1237 72 18 certain
2107 1237 75 22 portion
2199 1237 19 18 of
2235 1238 87 19 Pukeroa

1885 1265 38 11 was
1931 1260 52 17 read.

1908 1283 33 17 Mr
1948 1283 82 17 Mueller
2038 1282 62 18 Stated
2115 1283 42 17 that
2171 1283 24 17 lie
2211 1284 42 18 had
2266 1286 55 17 made

1884 1312 56 16 every
1948 1307 82 22 enquiry
2038 1306 37 17 and
2085 1306 55 17 could
2148 1308 34 16 not
2189 1307 41 17 find
2239 1309 42 17 that
2289 1309 33 17 Mr

1884 1329 69 23 Taylor
1961 1329 38 18 had
2012 1336 36 14 any
2064 1329 53 22 light
2129 1331 20 16 to
2164 1330 32 17 the
2209 1331 76 22 ground
2301 1332 18 17 in

1884 1353 87 21 question
1980 1353 19 17 in
2009 1359 37 15 any
2060 1352 57 23 shape
2131 1359 22 10 or
2166 1353 55 18 form.
2251 1355 19 16 It
2285 1361 23 16 ap-

1884 1371 67 22 peared
1968 1376 44 18 that
2028 1376 24 18 he
2069 1375 38 18 Had
2122 1376 47 16 been
2187 1378 18 15 at
2223 1383 35 11 one
2274 1378 47 18 time

1884 1399 68 17 offered
1961 1401 107 21 compensat
2073 1399 29 17 ion
2112 1399 28 17 for
2150 1399 28 17 his
2186 1399 88 23 building
2282 1403 38 15 and

1882 1422 39 17 had
1938 1424 34 15 not
1987 1422 88 23 accepted
2088 1422 21 17 it.
2134 1422 32 17 Mr
2181 1423 60 18 Brent
2258 1425 61 17 stated

1883 1445 43 18 that
1934 1446 33 17 Mr
1981 1446 68 23 Taylor
2064 1451 38 11 was
2119 1451 54 16 away
2188 1447 21 16 at
2225 1447 33 17 the
2275 1448 45 17 time

1883 1468 54 18 when
1951 1469 33 17 the
1998 1469 63 17 others
2075 1467 67 22 signed
2157 1469 32 17 the
2202 1475 68 18 papers
2282 1472 37 16 and

1882 1491 38 18 had
1936 1492 95 18 therefore
2047 1494 34 15 not
2095 1492 46 17 been
2159 1492 62 17 forced
2239 1495 20 15 to
2275 1494 44 18 take
2329 1491 1 25 |

1882 1521 54 15 away
1945 1516 29 16 his
1983 1517 82 21 cottage.
2091 1515 31 17 Mr
2129 1516 82 17 Mueller
2223 1517 40 16 said
2277 1518 42 17 that
2329 1515 1 23 I

1883 1538 32 18 the
1924 1538 42 19 first
1973 1539 57 22 thing
2039 1540 21 16 to
2065 1538 24 18 be
2098 1538 48 18 done
2155 1545 38 11 was
2202 1540 19 16 to
2231 1540 50 17 clear
2287 1541 32 17 the

1882 1567 79 12 reserve.
1987 1562 39 17 The
2040 1562 87 22 question
2144 1563 20 15 of
2176 1564 142 21 compensation

1882 1585 56 17 could
1947 1585 24 17 be
1980 1585 67 18 settled
2057 1587 20 16 at
2086 1591 36 16 any
2131 1585 51 17 time.
2200 1585 20 18 If
2228 1587 32 16 Mr
2268 1587 37 21 Tay-

1882 1608 28 17 lor
1926 1607 38 18 had
1981 1615 37 15 any
2034 1608 51 23 right
2103 1610 19 15 to
2136 1610 141 20 compensation
2295 1611 23 17 he

1882 1630 39 23 (Mr
1929 1631 89 24 Mueller)
2027 1631 65 19 would
2099 1632 25 17 be
2131 1631 32 17 the
2175 1631 41 18 first
2230 1634 19 16 to
2263 1634 56 17 assist
2328 1630 2 25 I

1882 1654 38 17 him
1929 1655 19 16 in
1958 1655 100 21 obtaining
2067 1655 20 17 it.
2113 1655 18 17 It
2141 1660 37 12 was
2187 1655 92 24 Certainly
2286 1657 32 17 the

1881 1677 80 18 Board's
1969 1678 87 18 business
2064 1679 20 16 to
2093 1684 29 11 see
2130 1678 42 17 that
2181 1678 87 19 Pukeroa
2280 1686 37 11 was

1882 1701 72 16 cleared
1964 1701 37 17 and
2011 1702 45 22 they
2065 1701 36 18 had
2110 1701 67 18 moved
2185 1702 19 17 in
2220 1702 33 17 the
2267 1705 37 15 mat-

1882 1724 28 16 ter
1918 1724 70 18 before.
2014 1724 32 18 Mr
2054 1724 81 18 Mueller
2142 1724 109 19 considered
2264 1727 53 17 there

1881 1752 38 12 was
1928 1750 32 14 too
1970 1748 55 17 much
2035 1748 21 16 of
2061 1747 38 18 this
2104 1748 79 23 waiting
2188 1754 51 17 upon
2246 1749 70 19 others.

1880 1771 44 22 Any
1933 1770 56 18 claim
2004 1771 43 17 that
2063 1771 30 16 Mr
2105 1771 69 22 Taylor
2190 1772 63 22 might
2269 1773 48 17 have

1880 1793 64 18 would
1953 1796 34 15 not
1995 1794 24 17 be
2028 1794 86 17 defeated
2122 1794 25 22 by
2157 1794 32 17 the
2200 1796 84 17 removal
2297 1797 20 16 of

1880 1817 33 17 the
1920 1817 67 17 house.
2013 1817 55 17 What
2078 1817 32 17 Mr
2115 1818 69 22 Taylor
2192 1818 62 23 ought
2262 1820 20 16 to
2292 1819 25 18 do

1880 1846 39 11 was
1927 1842 20 15 to
1957 1841 34 17 ask
1999 1841 33 17 the
2042 1840 127 18 Government
2184 1842 20 16 to
2217 1842 43 21 give
2277 1843 38 17 him

1880 1864 33 17 the
1921 1864 142 22 compensation
2071 1864 107 22 previously
2192 1864 75 19 offered.
2293 1867 22 16 In

1880 1886 53 23 reply
1950 1888 21 16 to
1988 1893 11 11 a
2013 1886 87 24 question
2114 1887 16 17 it
2143 1893 39 12 was
2195 1888 63 17 stated
2274 1889 43 18 that

1880 1910 141 21 compensation
2035 1910 38 17 had
2089 1911 45 22 only
2150 1911 47 17 been
2212 1911 58 22 given
2287 1912 30 18 for

1879 1933 205 23 buildingsnothing
2092 1933 28 17 for
2129 1933 32 18 the
2169 1933 51 18 land.
2247 1935 18 17 It
2278 1942 38 11 was

1880 1956 84 22 thought
1971 1956 43 18 that
2023 1957 31 16 Mr
2062 1956 69 22 Taylor
2138 1956 38 18 had
2184 1957 48 18 been
2246 1959 69 17 offered

1880 1980 38 17 2o
1927 1985 21 12 or
1958 1979 45 18 26.
2034 1980 20 16 It
2069 1985 39 12 was
2124 1980 85 18 resolved
2225 1981 43 17 that
2284 1982 33 17 Mr

1880 2003 68 22 Taylor
1957 2003 23 17 be
1989 2003 94 17 informed
2092 2003 41 17 that
2147 2003 49 17 after
2210 2003 47 24 duly
2270 2011 34 11 con-

1880 2026 84 22 sidering
1972 2026 26 17 all
2014 2027 33 16 the
2060 2026 156 22 correspondence
2229 2027 39 18 and
2283 2028 33 17 the

1880 2050 38 17 fact
1926 2050 45 17 that
1979 2055 37 17 any
2025 2050 55 17 claim
2090 2050 29 17 for
2127 2050 141 22 compensation
2277 2051 38 18 will

1879 2074 34 16 not
1922 2072 23 18 bo
1954 2072 89 18 defeated
2056 2073 26 22 by
2098 2072 33 18 the
2147 2074 83 17 removal
2246 2074 21 17 of
2282 2074 33 17 the

1879 2095 94 23 building,
1983 2096 24 16 he
2023 2096 16 16 is
2056 2095 90 23 expected
2162 2096 25 17 do
2204 2102 20 12 so
2240 2097 27 22 by
2283 2098 32 17 the

1880 2118 43 18 date
1931 2118 78 22 already
2025 2119 50 17 fixed
2089 2118 104 24 (February
2207 2119 29 23 29)
2251 2121 53 17 other-

1880 2142 44 17 wise
1932 2142 33 17 the
1974 2142 63 17 Board
2044 2142 39 17 will
2090 2142 43 17 take
2141 2142 16 17 it
2166 2142 61 17 down.

1962 2179 101 17 Removal
2077 2184 24 12 of
2113 2184 14 12 a
2138 2179 94 18 License.

1903 2208 16 17 A
1929 2208 93 23 telegram
2033 2213 39 12 was
2084 2207 45 18 read
2143 2208 49 17 from
2206 2209 32 17 the
2251 2209 65 18 Lands

1879 2231 128 22 Department
2014 2231 93 21 referring
2119 2232 20 16 to
2154 2232 33 16 the
2199 2233 116 22 application

1879 2254 31 18 for
1917 2255 33 16 the
1959 2254 82 18 removal
2051 2255 19 16 of
2079 2254 32 17 the
2119 2254 68 18 license
2192 2256 21 16 of
2217 2256 32 17 the
2256 2257 48 16 Roto-

1879 2284 34 11 rua
1922 2278 59 17 Hotel
1990 2278 38 17 and
2036 2278 69 21 asking
2113 2278 15 17 if
2144 2278 52 17 there
2212 2284 49 13 were
2278 2286 38 16 any

1879 2306 76 12 reasons
1964 2300 44 23 why
2017 2301 33 17 the
2058 2300 127 18 Government
2197 2302 69 18 should
2281 2303 23 16 ob-

1879 2325 38 21 ject.
1926 2326 20 15 to
1955 2325 33 16 the
1997 2330 57 11 same.
2084 2324 38 17 The
2136 2324 101 18 Chairman
2254 2327 61 17 stilted

1879 2348 53 17 there
1941 2353 49 11 were
2001 2347 111 23 objections.
2145 2348 19 17 Ifc
2180 2349 64 17 would
2260 2355 55 11 mean

1879 2369 33 19 tlie
1919 2369 38 19 loss
1963 2370 21 17 of
1992 2370 32 18 the
2032 2370 92 23 licensing
2133 2371 28 16 fee
2169 2372 21 16 of
2198 2371 37 18 25
2249 2372 37 17 and
2301 2373 15 16 it

1880 2393 62 19 would
1952 2394 40 17 also
2000 2393 106 23 jeopardise
2114 2394 31 16 the
2155 2394 73 18 income
2240 2395 76 17 derived
2326 2393 2 23 I

1879 2417 49 17 from
1937 2417 33 17 the
1979 2419 42 15 rent
2030 2417 21 17 of
2066 2417 33 17 the
2112 2417 70 17 section
2199 2418 61 18 which
2277 2425 39 11 was

1880 2440 44 17 3O.
1950 2440 20 17 If
1978 2440 33 17 the
2020 2440 68 17 license
2102 2445 48 12 were
2162 2441 57 17 ta'en
2234 2447 54 17 away
2301 2443 16 16 it

1880 2463 63 18 would
1951 2464 23 16 be
1992 2469 51 12 more
2060 2463 46 17 than
2122 2469 11 11 a
2147 2464 95 22 boarding
2257 2465 59 17 house

1880 2486 55 18 could
1944 2486 60 17 afford
2013 2488 20 16 to
2046 2492 43 17 pay.
2123 2486 31 17 He
2169 2487 98 18 reminded
2282 2488 34 18 the

1879 2509 64 18 Board
1952 2510 20 17 of
1980 2510 52 17 what
2040 2509 39 17 bad
2087 2509 88 17 occuired
2190 2511 19 16 in
2225 2511 33 17 the
2275 2518 41 10 case

1880 2533 20 17 of
1908 2533 33 17 the
1950 2532 68 19 Palace
2026 2533 65 17 Hotel.
2117 2533 19 16 If
2143 2533 44 18 that
2194 2533 69 18 license
2277 2535 39 17 had

1879 2558 33 15 not
1921 2556 48 17 been
1978 2556 87 17 removed
2074 2556 53 17 there
2135 2556 64 17 would
2206 2563 57 12 never
2267 2558 49 17 have

1879 2579 47 17 been
1935 2586 38 15 any
1982 2579 75 17 trouble
2065 2579 59 17 about
2133 2579 31 17 the
2178 2582 49 15 rent.
2256 2581 59 17 There

1879 2603 64 17 would
1951 2608 47 17 very
2006 2602 83 23 possibly
2098 2602 23 18 be
2129 2603 32 16 the
2174 2608 51 13 same
2241 2604 75 17 trouble
2326 2599 2 30 j

1879 2626 50 17 here.
1955 2626 33 17 Mr
1995 2626 82 17 Mueller
2085 2626 40 17 said
2133 2626 53 17 there
2190 2632 40 12 was
2235 2627 82 18 another
2326 2626 1 26 j

1880 2655 41 16 way
1931 2650 20 16 to
1959 2649 45 17 look
2013 2650 19 16 at
2045 2649 21 17 it.
2091 2648 40 18 The
2145 2650 83 17 removal
2241 2650 20 17 of
2277 2650 39 17 this

1879 2672 69 18 license
1957 2673 63 20 might
2028 2672 24 16 be
2060 2678 11 10 a
2080 2678 42 15 way
2134 2673 20 16 to
2167 2673 47 17 have
2229 2673 87 17 Pukeroa
2326 2672 1 21 i

1880 2695 80 23 entirely
1981 2695 79 18 cleared.
2093 2695 59 22 Many
2168 2697 67 21 people
2253 2697 62 17 would
2326 2694 2 30 J

1880 2718 86 18 consider
1972 2718 15 17 it
1996 2725 11 10 a
2016 2718 49 22 good
2074 2718 57 22 thing
2139 2719 30 16 for
2181 2719 33 17 the
2228 2719 53 23 place
2296 2721 20 16 to
2326 2718 2 24 i

1880 2743 33 20 got
1922 2742 28 16 rid
1959 2741 22 17 of
1988 2747 35 12 one
2032 2742 21 16 of
2060 2741 25 17 its
2093 2741 81 18 licensed
2182 2742 74 18 houses.
2285 2743 31 17 He
2326 2739 2 27 j

1880 2763 32 19 did
1921 2766 34 16 not
1964 2765 56 17 think
2028 2765 14 17 it
2053 2765 61 17 would
2123 2765 43 17 look
2176 2765 42 17 well
2232 2767 21 16 to
2269 2772 48 17 urge

1880 2788 32 17 the
1921 2788 38 17 loss
1967 2788 21 17 of
1996 2794 80 11 rervenue
2084 2793 21 12 as
2113 2794 24 11 an
2146 2788 101 22 objection.
2277 2789 40 17 The

1880 2811 103 17 Chairman
1993 2811 39 17 said
2040 2811 44 17 that
2093 2811 33 17 the
2134 2812 63 17 Board
2205 2817 39 13 was
2253 2813 19 16 in
2283 2813 34 16 the

1880 2834 82 22 position
1972 2835 20 16 of
2000 2841 11 10 a
2020 2834 106 22 proprietor
2136 2834 38 17 and
2188 2835 16 17 it
2218 2835 99 18 decreased

1881 2857 32 17 the
1922 2857 56 17 value
1986 2858 20 16 of
2020 2857 33 17 the
2063 2857 78 17 section.
2169 2858 51 17 That
2232 2864 39 12 was
2284 2859 33 17 the

1882 2886 77 11 manner
1973 2881 19 16 in
2006 2880 62 18 which
2082 2880 45 23 they
2143 2882 50 16 must
2209 2881 69 23 regard
2295 2882 20 17 it.

1881 2904 31 16 Mr
1920 2901 83 20 Mueller
2011 2903 41 18 said
2061 2904 44 16 that
2120 2907 37 13 Was
2170 2904 26 17 all
2212 2911 46 16 very
2274 2906 43 16 true
2327 2900 1 27 I

1881 2927 34 16 but
1933 2927 39 17 still
1989 2927 15 17 it
2021 2926 63 18 would
2098 2928 35 16 not
2147 2927 43 17 look
2203 2928 43 17 well
2260 2928 29 17 for
2306 2935 9 10 a

1880 2949 66 18 health
1955 2951 59 16 resort
2023 2949 45 18 such
2078 2956 20 11 as
2107 2950 84 17 Rotorua
2200 2952 20 15 to
2227 2951 62 22 object
2296 2953 21 15 to

1880 2973 33 16 the
1922 2973 84 17 removal
2014 2973 21 17 of
2043 2979 11 11 a
2061 2973 74 17 license.
2161 2973 19 17 It
2189 2979 38 12 was
2239 2973 78 18 decided

1881 2996 20 17 in
1908 2996 49 17 view
1966 2996 21 17 of
1993 2996 32 17 the
2034 2996 69 17 arrival
2112 2996 19 17 of
2142 2996 32 17 Mr
2182 2996 60 23 Percy
2255 2997 62 18 Smith

1882 3019 19 17 of
1909 3019 33 17 the
1951 3019 65 17 Lands
2024 3020 124 21 Department
2161 3020 43 17 who
2217 3020 64 17 would
2296 3020 22 18 be

1882 3042 99 17 consulted
1995 3043 19 16 in
2028 3042 32 17 the
2074 3044 69 15 matter
2155 3042 44 18 that
2212 3043 56 18 while
2285 3044 33 16 the

1882 3066 63 16 Board
1954 3066 94 22 regretted
2058 3065 34 16 tlie
2099 3065 37 18 loss
2145 3066 19 17 of
2173 3071 80 13 revenue
2261 3067 13 16 it
2286 3066 32 17 did

1882 3089 34 17 not
1924 3094 31 12 see
1962 3088 26 18 its
1996 3094 43 17 way
2047 3090 20 15 to
2076 3088 56 23 lodge
2140 3095 38 16 any
2191 3089 102 23 objection.
2328 3088 2 29 j

1988 3120 101 17 Electric
2101 3120 109 17 Lighting.

1906 3151 26 17 At
1940 3151 34 17 the
1987 3151 118 18 Chairman's
2122 3152 110 22 suggestion
2249 3153 16 16 it
2281 3158 38 12 was

1883 3174 85 17 resolved
1978 3176 19 15 to
2006 3174 58 22 apply
2074 3175 29 16 for
2117 3180 24 11 an
2155 3174 105 19 additional
2276 3182 44 11 area

1883 3198 20 16 of
1912 3198 60 16 about
1981 3199 23 15 20
2013 3203 50 11 acres
2072 3198 20 16 to
2101 3198 32 16 the
2142 3198 56 17 south
2207 3198 20 17 of
2235 3198 33 17 the
2276 3205 33 16 pre-

1884 3222 41 16 sent
1933 3222 95 21 cemetery
2036 3226 78 12 reserve.
2139 3221 39 17 The
2192 3222 75 21 ground
2282 3227 38 12 was

1884 3243 46 22 high
1947 3243 38 18 and
2000 3243 35 22 dry
2049 3243 38 18 and
2098 3249 43 17 easy
2155 3244 21 17 of
2192 3250 61 12 access
2271 3245 49 17 from

1884 3266 73 17 Ponton
1967 3267 63 17 Street
2038 3267 75 21 beyond
2122 3267 32 17 the
2159 3273 114 12 racecourse.
2289 3268 32 17 Mr

1884 3289 85 23 Malfroy
1978 3290 40 18 also
2027 3290 61 17 stated
2098 3290 42 17 that
2148 3290 56 18 while
2213 3291 108 22 inspecting

1884 3313 32 16 the
1926 3313 74 19 ground
2009 3313 41 22 just
2058 3313 56 17 asked
2124 3313 30 17 for
2161 3313 24 17 he
2201 3319 52 12 came
2268 3314 53 22 quite

1884 3336 139 22 unexpectedly
2032 3342 23 11 on
2065 3342 11 11 a
2085 3336 93 17 waterfall
2186 3337 37 16 and
2237 3343 19 11 as
2270 3342 51 12 some

1884 3358 37 22 day
1930 3359 46 22 they
1985 3359 68 16 should
2061 3365 25 10 no
2095 3359 59 17 doubt
2162 3361 52 16 want
2223 3360 33 17 the
2270 3360 40 17 elec-

1886 3381 34 17 tric
1928 3381 52 22 light
1987 3382 24 18 he
2020 3382 83 20 thought
2112 3382 33 17 the
2150 3382 75 23 ground
2231 3383 89 22 adjacent

1885 3405 68 16 should
1966 3405 24 17 be
2003 3405 77 17 secured
2095 3407 20 15 to
2131 3405 33 17 the
2180 3406 69 17 Board.
2282 3406 39 17 The

1884 3429 60 15 water
1952 3428 21 17 of
1981 3428 32 17 the
2022 3428 54 17 creek
2085 3429 19 16 at
2114 3428 32 17 the
2154 3430 43 20 spot
2205 3429 83 17 referred
2301 3431 20 15 to

1886 3450 66 18 Howed
1960 3451 86 22 through
2054 3457 11 11 a
2144 3457 58 16 gorge
2216 3452 38 17 and
2268 3452 53 17 there

1886 3479 38 11 was
1932 3474 93 17 sufficient
2039 3474 35 17 fall
2087 3475 20 16 to
2122 3474 77 22 provide
2212 3480 64 17 power
2293 3476 29 16 for

1886 3502 38 16 any
1944 3497 96 18 electrical
2053 3502 87 17 purpose.
2170 3497 93 18 Resolved
2280 3498 42 17 that

1886 3520 33 17 the'
1926 3523 99 19 necessary
2034 3520 116 22 application
2157 3520 24 17 bo
2190 3521 59 17 made.

2014 3546 176 19 Miscellaneous.

1909 3574 39 17 The
1957 3574 103 17 Chairman
2069 3574 62 17 stated
2140 3575 41 16 that
2190 3581 11 10 a
2216 3575 72 23 sample
2303 3575 20 17 of

1886 3598 39 16 cast
1940 3598 42 16 iron
1997 3599 49 16 seats
2055 3598 49 16 from
2113 3595 69 20 Messrs
2191 3598 42 17 Birt
2242 3600 20 15 of
2267 3599 42 16 Dun-

1886 3620 43 18 edin
1938 3621 38 16 had
1985 3621 46 17 been
2041 3620 89 17 received.
2145 3621 17 16 It
2171 3626 38 12 was
2218 3622 40 20 not,
2270 3622 39 16 how-

1886 3649 48 15 ever,
1953 3644 75 21 exactly
2045 3643 52 17 what
2112 3649 38 11 was
2166 3644 93 22 required.
2292 3645 32 16 Mr

1886 3666 88 17 Dowsctt
1981 3666 39 17 had
2028 3666 68 22 kindly
2110 3666 54 17 made
2179 3673 11 10 a
2203 3667 87 22 diagram
2303 3668 21 15 of

1887 3689 51 17 what
1948 3690 63 16 would
2020 3690 26 16 bo
2058 3689 80 17 suitable
2151 3690 37 16 and
2205 3690 39 17 this
2260 3690 64 18 would

1886 3713 24 16 be
1919 3714 43 15 sent
1970 3712 57 18 down
2035 3712 38 17 and
2080 3718 12 11 a
2100 3712 50 22 price
2163 3713 95 17 obtained.
2283 3714 39 16 The

1887 3737 40 15 seat
1945 3737 41 16 sent
2000 3735 40 18 had
2055 3735 46 17 been
2118 3735 66 22 placed
2201 3736 73 17 outside
2291 3737 33 16 the

1887 3758 48 18 Blue
1943 3758 48 18 bath
2000 3759 30 17 for
2039 3758 109 22 inspection.

1911 3782 19 16 It
1938 3787 40 11 was
1984 3781 84 17 resolved
2075 3782 20 16 to
2101 3781 57 22 again
2163 3782 58 22 apply
2227 3784 21 15 to
2253 3782 71 18 Messrs

1887 3804 93 17 Hancock
1989 3805 38 16 and
2035 3803 26 19 Co
2073 3804 28 17 for
2112 3803 33 18 the
2159 3810 73 12 arrears
2245 3806 20 16 of
2281 3806 43 16 rent

1887 3828 65 21 owing
1960 3833 26 12 on
1994 3828 33 16 the
2039 3827 31 17 old
2079 3827 66 16 Palace
2154 3828 59 17 Hotel
2227 3828 38 17 and
2280 3828 34 17 fail-

1887 3850 35 23 ing
1930 3856 11 11 a
1952 3850 119 22 satisfactory
2080 3850 54 22 reply
2142 3851 20 16 to
2177 3852 20 16 at
2212 3856 46 12 once
2270 3851 54 22 place

1887 3873 33 17 the
1929 3875 70 15 matter
2008 3874 19 16 in
2037 3873 32 17 the
2075 3873 60 17 hands
2144 3873 20 17 of
2172 3880 11 10 a
2192 3874 87 17 solicitor.

1912 3897 22 16 It,
1940 3902 39 11 was
1988 3896 62 17 stated
2058 3896 43 17 that
2110 3896 32 17 the
2150 3896 56 17 levels
2215 3897 20 17 of
2249 3897 74 18 Fenton

1879 3918 1 19 I
1888 3918 37 18 and
1934 3919 96 17 Hinomoa
2042 3919 70 18 Streets
2126 3919 37 17 had
2176 3920 47 16 been
2240 3920 84 17 received

1888 3942 38 17 and
1934 3942 34 17 the
1976 3948 70 17 proper
2054 3942 100 17 formation
2160 3943 20 16 of
2185 3943 33 17 the
2226 3943 98 22 footpaths

1889 3965 63 17 would
1960 3965 24 17 be
1993 3969 77 19 gone'on
2079 3965 45 17 with
2131 3971 20 11 as
2157 3971 45 12 soon
2209 3971 21 12 as
2235 3966 92 22 possible..

1912 3988 39 17 The
1960 3988 46 17 Rev.
2015 3988 33 17 Mr
2056 3988 81 22 Spencer
2151 3988 77 22 applied
2244 3989 31 17 for
2294 3995 20 10 re-

1889 4011 47 17 fund
1946 4012 20 16 of
1974 4011 76 22 portion
2055 4012 21 16 of
2082 4017 67 16 money
2154 4011 24 17 he
2183 4011 38 17 had
2226 4011 99 23 expended

1888 4034 20 16 in
1917 4034 88 22 ditching
2013 4034 38 16 and
2059 4034 89 22 draining
2155 4040 46 11 near
2213 4035 29 17 his
2256 4035 57 17 subur-

1889 4057 37 16 ban
1935 4057 71 16 section
2015 4059 20 15 at
2044 4063 10 10 a
2064 4058 38 16 cost
2115 4057 21 16 of
2217 4058 32 17 Mr
2265 4058 60 17 Brent

1889 4079 68 18 moved
1965 4080 43 17 that
2017 4080 24 17 he
2051 4080 24 17 be
2089 4080 80 17 allowed
2181 4080 26 17 2
2223 4082 37 15 10s.
2293 4081 32 16 Mr

1889 4103 82 17 Mueller
1979 4103 40 17 said
2027 4103 17 16 if
2051 4108 38 17 any
2097 4108 41 12 sum
2153 4108 48 12 were
2216 4103 80 18 allowed
2309 4104 16 16 it

1890 4125 63 18 would
1974 4125 90 18 establish
2080 4132 11 10 a
2107 4125 37 17 bad
2164 4126 108 21 precedent.
2305 4127 20 16 If

2343 119 2 25 j
2353 119 67 22 people
2428 124 53 12 came
2485 120 20 16 to
2511 120 33 16 the
2550 120 63 17 Bonn!
2618 120 42 18 first
2666 120 38 17 and
2709 120 77 23 pointed

2342 137 3 27 |
2354 144 33 14 out
2396 141 31 18 the
2436 142 52 17 v.'ork
2497 143 19 16 to
2526 143 21 16 he
2556 143 49 17 done
2613 144 15 16 it
2638 144 63 16 would
2707 143 23 17 be
2735 149 39 11 com-

2342 165 2 24 ]
2352 166 67 20 pijtenfc
2426 166 20 15 to
2455 165 55 17 allow
2523 166 52 17 them
2592 173 33 16 say
2642 169 39 14 two
2697 173 22 10 or
2735 167 51 16 three

2342 188 2 26 I
2352 188 59 20 years'
2420 188 61 17 thirds
2489 194 20 11 as
2518 189 32 16 the
2564 195 42 11 case
2619 190 62 21 might
2698 189 87 20 demand,

2352 210 36 16 but
2396 212 20 15 to
2425 211 24 16 do
2458 211 32 17 the
2498 212 53 16 work
2560 214 41 16 first
2609 213 38 17 and
2655 218 54 12 come
2719 214 21 15 to
2754 213 32 16 the

2341 233 2 25 j
2352 233 63 17 Board
2434 233 111 19 afterwards
2568 241 38 12 was
2630 236 53 22 quite
2707 235 79 17 another

2341 256 1 24 :
2352 256 61 23 thing.
2439 257 19 16 If
2467 257 44 22 they
2519 257 81 18 allowed
2608 259 96 21 anything
2719 258 21 17 in
2754 258 32 17 the

2340 280 2 26 j
2351 280 76 21 present
2435 286 41 11 case
2484 280 46 22 they
2538 282 63 16 would
2615 282 24 17 be
2651 281 75 17 flooded
2740 282 45 16 with

2352 302 70 18 similar
2436 303 129 22 applications.
2596 305 33 17 Mr
2648 305 59 16 Brent
2723 304 62 17 stated

2351 325 43 16 that
2402 326 32 15 Mr
2444 326 96 22 Spencer's
2555 333 42 12 case
2611 333 39 12 was
2666 327 118 23 exceptional

2340 348 1 26 !
2351 353 20 11 as
2380 348 31 17 the
2420 354 51 12 wore
2479 349 23 17 he
2513 350 38 17 had
2565 350 49 17 done
2623 350 38 17 had
2676 350 68 17 caused
2752 350 33 17 the

2339 371 2 24 ;
2350 371 54 17 other
2420 371 80 19 sections
2516 374 20 15 to
2555 373 23 17 be
2598 374 59 16 taken
2676 379 33 16 up.
2745 374 40 16 The

2339 393 2 30 |
2350 395 70 16 matter
2427 400 39 11 was
2474 395 79 18 allowed
2563 398 19 15 to
2591 397 54 22 drop.

2374 417 16 16 A
2398 417 57 17 letter
2464 424 36 11 was
2506 419 85 18 received
2599 420 49 17 from
2657 420 40 17 Col.
2705 420 80 16 Roberts

2350 440 72 22 stating
2429 440 40 18 thai
2480 441 53 18 there
2541 448 39 12 v.*as
2588 449 24 11 no
2621 443 31 22 obj
2665 443 26 17 c(i
2700 449 16 10 >7l
2725 444 19 15 to
2752 443 32 17 tlie

2350 463 63 17 Board
2422 464 78 22 holding
2508 465 25 17 its
2542 466 93 22 meetings
2643 467 20 15 in
2671 466 33 16 the
2714 465 58 17 Court-

2350 485 57 18 house
2417 487 54 17 when
2479 489 33 16 not
2520 488 100 18 otherwise
2629 488 96 23 occupied.

2373 509 31 17 Mr
2418 509 82 18 Dalbeth
2511 512 59 17 wrote
2586 512 88 22 drawing
2689 512 93 17 attention

2349 532 21 16 to
2378 532 33 17 the
2419 533 46 17 need
2474 534 20 16 of
2500 540 11 10 a
2519 534 44 18 road
2571 535 85 22 through
2665 535 33 17 the
2712 534 70 18 section

2349 554 54 22 lying
2418 555 86 19 between
2516 557 29 17 his
2562 558 49 16 farm
2627 558 39 16 and
2682 557 33 18 the
2731 559 52 15 town

2349 578 38 16 anil
2395 578 79 23 offering
2483 581 19 16 to
2510 582 98 16 construct
2615 581 33 17 the
2657 587 51 12 same
2716 581 30 16 for
2754 581 29 17 12s

2349 606 33 16 per
2391 601 60 17 chain.
2476 599 91 22 Resolved
2575 604 44 17 that
2627 603 24 18 he
2659 604 24 17 be
2689 604 93 17 informed

2349 623 43 17 that
2399 625 33 16 the
2441 625 45 17 road
2501 627 129 17 construction
2643 627 40 17 will
2698 627 22 17 be
2737 632 35 12 con

2349 647 65 17 tinned
2422 647 38 18 ami
2469 649 107 23 eventually
2585 650 55 17 reach
2648 650 30 17 his
2691 650 55 17 farm.

2372 670 56 17 Hemi
2437 671 74 22 Tupara
2519 672 37 17 and
2568 674 56 17 other
2636 674 75 17 natives
2724 674 58 16 wrote

2348 693 68 21 asking
2427 694 33 17 the
2473 694 66 18 Boardi
2551 697 20 16 to
2588 702 48 17 urge
2646 703 24 11 on
2687 696 32 18 the
2737 702 33 12 con-

2348 717 91 16 struction
2448 718 21 16 of
2480 718 32 16 the
2526 719 47 17 road
2589 721 21 15 to
2624 720 33 16 tlie
2670 719 77 17 summit
2762 719 21 17 of

2348 739 129 22 Ngongotalia
2485 741 37 18 and
2531 743 73 20 slating
2612 743 43 17 that
2664 743 33 16 the
2711 742 60 20 Xg.ili-

2348 762 91 18 whalcaue
2447 769 48 12 were
2503 765 79 17 entitled
2591 764 20 19 to
2620 766 32 17 the
2667 766 52 16 work
2736 771 33 11 con-

2347 785 66 17 nected
2430 786 45 17 with
2492 787 31 17 the
2544 794 56 12 same.
2626 788 92 18 Resolved
2739 788 41 18 that

2336 808 1 24 .
2347 808 49 17 their
2404 808 56 19 claim
2468 809 67 19 should
2547 811 48 17 have
2607 812 137 20 consideration
2761 814 19 14 at

2347 832 32 16 the
2391 837 69 17 proper
2471 833 50 18 time.-

2370 854 39 18 The
2417 855 99 19 Chairman
2526 858 62 17 stated
2604 858 44 17 that
2660 858 33 17 the
2708 858 73 17 surface

2336 878 1 27 ;
2347 883 42 11 men
2398 878 38 17 had
2451 878 47 18 been
2511 880 49 23 busy
2575 881 85 24 clearing
2676 882 33 17 the
2725 881 56 17 roads

2347 900 76 22 leading
2432 903 19 15 to
2460 902 31 17 the
2500 903 80 18 sections
2591 910 24 11 on
2629 905 33 17 the
2676 906 52 16 town
2741 904 40 18 side

2347 924 19 17 of
2375 924 32 17 the
2415 924 64 23 Taupo
2488 926 51 17 road.
2564 927 45 18 This
2618 928 38 17 had
2668 928 48 17 been
2731 927 48 17 done

2347 948 33 16 out
2389 948 20 16 of
2417 954 11 10 a
2437 948 68 22 special
2513 951 57 20 grant
2576 951 20 17 of
2605 952 44 16 '2.3.
2670 951 27 17 To
2704 950 76 23 provide

2347 975 61 12 access
2417 972 19 16 to
2444 971 33 17 the
2483 972 54 17 other
2544 974 80 17 sections
2631 974 63 18 would
2700 974 70 17 necessi-

2346 995 39 15 tate
2394 1000 10 10 a
2414 994 73 17 further
2495 995 122 23 expenditure
2626 998 20 16 of
2699 1002 29 11 an:
2730 990 4 28 1
2735 990 1 28 ,
2742 997 38 17 this
2785 990 1 28 i

2346 1022 41 12 sum
2396 1016 23 18 he
2429 1016 82 24 thought
2514 1018 24 17 he
2542 1020 62 17 would
2607 1020 24 17 be
2634 1020 42 17 able
2679 1021 21 16 to
2707 1020 71 17 obtain.
2785 1016 1 24 !

2370 1039 29 17 On
2413 1040 32 16 the
2462 1041 115 22 proposition
2594 1044 21 16 of
2630 1044 33 17 the
2678 1041 102 20 Chairman
2785 1039 1 28 j

2345 1063 16 16 it
2370 1068 38 12 was
2416 1063 77 18 decided
2502 1066 19 15 to
2533 1066 82 17 transfer
2629 1066 33 18 the
2678 1067 53 16 Ban'!
2747 1072 31 12 Ac-
2785 1063 1 22 i

2345 1087 58 16 count
2411 1086 49 17 from
2467 1086 101 24 Tauranga
2576 1090 20 16 to
2605 1089 106 18 Auckland;

2516 1116 97 20 Fixance.

2368 1143 40 18 The
2427 1143 88 19 financial
2531 1147 102 17 statement
2649 1147 30 17 for
2693 1146 85 23 January
2785 1140 1 33 J

2344 1173 39 10 was
2392 1173 21 12 as
2420 1167 74 18 follows
2502 1166 3 26 :
2531 1169 96 23 Receipts:
2641 1170 82 17 Balance
2730 1166 56 22 from!

2344 1190 38 17 last
2390 1191 106 20 statement,
2512 1191 49 18 lO4
2577 1194 19 16 2s
2613 1194 34 20 7d;
2669 1194 46 17 bath
2733 1194 44 21 fees,
2785 1187 1 28 I

2345 1212 37 18 'B2
2396 1215 21 15 3s
2430 1213 22 17 (Id
2460 1212 4 26 ;
2479 1215 84 18 Pukeroa
2579 1218 48 17 rent,
2646 1216 26 18 5
2691 1218 30 16 IGs
2738 1216 23 18 Sd
2772 1212 4 26 ;
2785 1212 1 26 I

2344 1237 92 20 sundries,
2446 1237 26 17 2
2483 1239 40 19 10s;
2537 1240 54 17 total.
2602 1239 49 18 244
2671 1241 36 16 los.
2737 1240 40 16 Ex-
2785 1237 1 21 !

2344 1259 110 26 penditure:
2575 1263 37 17 7!)
2635 1264 29 20 3s;
2687 1268 91 17 expenses

2344 1289 44 11 over
2395 1283 40 19 fire,
2445 1283 26 17 2
2482 1285 29 16 lis
2524 1284 33 21 (id;
2571 1286 102 17 formation
2682 1286 96 23 Iluupapa
2785 1283 1 27 j

2344 1307 67 20 Street,
2422 1305 38 19 lB
2470 1308 30 18 3s;
2519 1307 78 19 balance
2610 1309 19 17 in
2643 1309 52 17 bank
2711 1308 67 24 (Town
2785 1303 1 30 |

2344 1329 62 17 Board
2421 1330 87 23 account)
2526 1329 35 27 pl
2581 1333 30 17 17s
2625 1329 35 30 9d;
2683 1332 94 22 (Pukeroa
2785 1329 1 30 j

2343 1352 94 23 account),
2447 1352 36 18 Bl
2495 1354 40 20 19s;
2549 1356 54 19 total,
2614 1356 48 17 244
2678 1356 27 17 13.

2400 1419 54 18 THE
2468 1419 160 21 GOVERNOR'S
2641 1422 74 18 VISIT.

2366 1468 35 16 Tlis
2417 1466 113 21 Excellency
2544 1467 32 18 the
2584 1467 102 22 Governor,
2702 1473 73 14 aeo.ofn-
2785 1452 1 37 I

2342 1490 68 23 panied
2424 1490 26 22 by
2465 1490 32 17 tlio
2510 1491 51 17 Hon.
2578 1491 19 17 ,T.
2615 1492 78 20 Carroll,
2711 1492 65 22 Major

2342 1514 73 19 Elliott,
2426 1513 37 16 and
2472 1513 32 17 ?.fr
2511 1513 19 18 J.
2540 1515 26 16 St.
2582 1515 21 17 L.
2618 1515 68 21 Tonar,
2702 1515 73 23 private
2785 1510 1 28 |

2342 1539 93 20 secretary
2443 1538 21 15 to
2472 1536 31 17 Mr
2512 1537 77 21 Carroll,
2600 1538 72 17 arrived
2682 1539 18 16 in
2714 1539 60 17 Roto-
2785 1536 1 23 I

2341 1567 35 11 rua
2384 1560 26 22 by
2422 1559 68 22 special
2504 1560 49 17 train
2570 1561 72 23 shortly
2657 1562 66 18 before
2738 1562 37 18 five
2785 1558 1 27 j

2342 1583 71 19 o'clock
2427 1588 24 12 on
2464 1583 85 23 Monday
2565 1585 86 21 evening.
2684 1585 30 17 No
2730 1590 43 17 pre-
2784 1581 2 26 |

2341 1609 96 20 palatums
2449 1606 37 17 had
2498 1606 46 17 been
2558 1607 53 18 made
2627 1607 26 23 by
2667 1608 35 17 the
2716 1609 57 16 Town
2784 1606 1 26 J

2341 1630 62 17 Board
2411 1630 19 17 in
2436 1629 68 23 regard
2513 1631 19 15 to
2541 1630 50 17 Lord
2605 1631 105 23 Glasgow's
2723 1632 49 19 vi.-it,

2340 1654 36 17 but.
2384 1654 53 17 there
2446 1658 37 12 was
2488 1659 11 10 a
2508 1653 70 23 goodly
2587 1659 101 13 concourse
2693 1655 19 17 of
2721 1660 52 17 spec-
2784 1653 1 24 |

2340 1679 66 15 tutors,
2416 1677 47 17 both
2472 1675 100 23 European
2578 1677 37 17 and
2624 1678 69 20 native,
2703 1684 59 11 assem-

2340 1700 44 18 bled
2393 1706 24 11 on
2426 1700 32 17 the
2466 1699 90 22 platform
2565 1701 20 16 to
2594 1700 24 17 do
2635 1701 60 16 honor
2707 1703 21 16 to
2742 1701 31 18 the
2784 1698 1 27 |

2340 1724 91 18 occasion.

2363 1747 61 17 When
2432 1747 33 17 tho
2474 1746 38 17 vice
2521 1746 52 22 regal
2582 1747 49 17 train
2646 1747 51 17 drew
2710 1753 27 16 up
2753 1749 20 16 to
2784 1745 1 24 j

2339 1771 33 17 the
2380 1770 91 23 platform
2477 1770 31 17 Mr
2516 1769 28 17 W.
2552 1769 56 23 Kelly
2616 1770 112 18 introduced
2742 1771 32 17 Mr
2784 1764 1 29 j

2338 1794 65 18 James
2420 1794 61 20 Shaw,
2496 1793 32 16 tho
2545 1793 40 16 first
2602 1799 65 16 mayor
2683 1794 21 17 of
2718 1794 54 17 Cool-
2783 1793 2 24 j

2339 1818 71 22 gfirdie.
2436 1817 39 17 The
2483 1816 97 18 Governor
2592 1816 65 22 seeing
2669 1823 11 11 a
2695 1818 66 21 porten-

2339 1843 43 15 tous
2390 1841 79 22 looking
2476 1840 36 17 roll
2521 1840 19 16 of
2549 1845 58 16 paper
2615 1840 19 16 in
2643 1840 32 16 the
2689 1840 50 17 hand
2754 1841 20 16 of
2783 1836 1 27 I

2339 1865 29 17 his
2381 1864 62 22 newly
2460 1861 72 20 formed
2548 1863 140 22 acquaintance,
2706 1863 67 23 sighed
2783 1860 1 26 !

2339 1888 38 17 and
2384 1886 88 23 resigned
2481 1885 75 18 himself
2563 1888 21 15 to
2592 1886 33 16 the
2633 1886 107 17 inevitable.
2783 1885 1 24 j

2362 1911 32 17 Mr
2402 1910 62 19 Shaw,
2471 1910 49 17 after
2528 1915 10 11 a
2544 1908 48 18 brief
2598 1908 33 18 but
2638 1910 48 16 terse
2691 1910 80 21 preface,
2783 1906 1 30 j

2338 1934 44 18 read
2391 1940 24 10 an
2425 1933 81 20 address,
2517 1932 59 17 which
2586 1932 38 17 had
2629 1932 47 18 been
2681 1933 92 22 prepared

2338 1958 26 22 by
2373 1957 32 17 the
2413 1956 68 18 skilled
2488 1956 49 17 hand
2547 1956 19 17 of
2575 1955 31 17 Mr
2615 1955 19 17 T.
2643 1956 59 17 livau,
2711 1956 60 20 artist,
2782 1950 2 31 j

2338 1980 39 18 ftud
2389 1987 33 10 ran
2439 1986 21 10 as
2476 1979 95 18 follows:-
2650 1979 36 17 His
2703 1978 69 19 Excel-
2782 1978 2 27 j

2338 2005 54 21 lency
2402 2004 32 16 (he
2443 2003 58 21 Right
2511 2002 109 18 Honorable
2627 2001 45 18 Earl
2683 2002 19 16 of
2718 2002 44 18 Glas-

2338 2033 49 16 gow,
2397 2025 98 19 Governor
2502 2025 38 18 and
2551 2023 222 20 Commander-in-Chief

2338 2050 21 18 of
2367 2051 32 16 the
2408 2050 73 21 Colony
2489 2049 20 18 of
2518 2049 45 17 Now
2573 2048 88 17 Zealand.
2688 2048 38 20 We,
2740 2049 33 18 the

2338 2074 75 17 visitors
2422 2074 19 16 to
2456 2072 37 17 this
2507 2071 106 18 wonderful
2629 2071 144 24 health-giving
2782 2068 2 31 j

2337 2096 46 19 land
2391 2096 20 18 of
2420 2101 75 17 geysers
2504 2095 38 17 and
2550 2095 81 17 thermal
2641 2095 80 22 springs,
2735 2095 38 22 beg
2782 2094 2 24 [

2337 2122 21 16 to
2366 2119 82 23 heartily
2456 2119 88 17 welcome
2552 2124 48 16 your
2608 2115 118 27 Excellency.
2749 2119 22 16 In
2782 2115 1 27 j

2338 2143 59 22 doing
2405 2148 20 12 so
2432 2142 55 17 allow
2499 2148 22 11 us
2534 2143 20 16 to
2568 2142 49 16 state
2629 2141 43 17 that
2686 2147 27 10 we
2725 2142 47 16 have
2782 2138 1 27 I

2338 2164 57 20 noted
2404 2166 46 17 with
2459 2171 50 11 some
2518 2170 78 12 concern
2603 2166 62 16 recent
2671 2164 100 22 European

2338 2189 84 24 political
2431 2194 56 15 news,
2497 2188 46 18 such
2555 2187 106 22 indicating
2674 2188 21 16 to
2710 2193 21 11 us
2740 2188 32 16 the
2782 2186 2 27 1

2337 2213 94 22 necessity
2440 2213 29 16 for
2477 2218 11 10 a
2497 2212 59 17 closer
2564 2211 57 17 union
2639 2211 84 16 between
2740 2211 32 17 the
2782 2209 2 29 J

2338 2236 80 21 English
2428 2235 91 23 speaking
2528 2241 50 11 races
2587 2234 37 17 and
2630 2234 32 17 the
2667 2233 105 18 federation
2782 2228 2 30 |

2338 2260 20 17 of
2366 2260 32 16 the
2407 2260 53 21 great
2470 2258 81 17 colonies
2559 2258 20 16 in
2591 2256 55 18 order
2659 2258 21 16 to
2693 2256 23 18 be
2728 2263 33 16 pre-

2338 2282 63 23 pared.
2411 2281 68 19 should
2488 2281 91 22 necessity
2589 2281 53 19 arise,
2655 2281 19 16 to
2680 2281 31 16 act
2722 2286 50 10 more
2782 2276 2 29 I

2338 2305 87 23 unitedly
2433 2305 38 17 and
2479 2303 138 24 expeditiously
2625 2304 20 16 in
2659 2303 76 18 defence
2752 2304 20 16 of
2782 2303 1 25 i

2338 2329 33 18 the
2389 2329 105 16 dominions
2511 2328 20 17 of
2551 2333 35 11 our
2605 2326 79 18 beloved
2700 2326 70 19 Queen.
2782 2325 2 23 |

2338 2353 34 16 We
2378 2358 31 11 are
2417 2357 62 12 aware
2487 2351 43 17 that
2538 2352 20 16 to
2574 2350 36 18 this
2627 2350 37 17 end
2680 2355 27 11 we
2724 2349 59 18 have!

2338 2382 48 15 your
2394 2375 129 21 Excellency's
2528 2373 110 23 sympathy,
2646 2373 39 17 and
2690 2378 28 12 we
2723 2373 49 22 hope

2338 2399 43 18 that
2399 2404 48 15 your
2464 2397 91 21 powerful
2573 2396 94 22 advocacy
2683 2396 89 22 together
2782 2392 1 31 J

2339 2422 44 17 with
2393 2422 43 16 that
2445 2422 20 16 of
2474 2421 31 16 the
2514 2420 106 17 Governors
2625 2420 20 16 of
2652 2419 33 17 the
2692 2419 79 17 Austra-
2782 2419 1 22 j

2338 2446 39 16 lian
2385 2444 87 18 Colonies
2479 2444 38 17 will
2526 2443 24 18 be
2558 2442 47 19 used
2617 2442 19 17 in
2645 2442 43 18 that
2700 2442 70 17 behalf.

2338 2468 87 22 Wishing
2437 2473 48 16 your
2511 2467 114 21 Excellency
2653 2472 11 10 a
2686 2465 86 23 pleasant
2782 2460 1 30 j

2338 2492 80 22 journey
2424 2491 36 17 and
2470 2491 39 16 safe
2516 2491 66 16 return
2592 2491 19 15 to
2620 2495 47 16 your
2679 2488 93 18 esteemed
2782 2486 1 28 !

2338 2514 72 22 family,
2429 2520 28 10 we
2472 2513 77 18 remain,
2643 2512 38 17 The
2696 2512 76 17 address
2782 2511 1 26 j

2339 2544 38 10 was
2385 2537 66 22 signed
2462 2543 19 11 as
2498 2535 84 24 follows:
2603 2536 37 16 For
2653 2535 32 17 the
2701 2535 70 17 British
2782 2535 1 24 j

2339 2561 80 20 visitors,
2429 2561 74 17 Horace
2512 2560 71 16 Martin
2592 2558 4 24 :
2610 2558 86 18 America
2697 2558 43 17 C.
2748 2558 22 17 E.
2782 2558 1 24 j

2338 2584 75 22 Ilayes;
2428 2583 58 17 South
2497 2583 79 17 Africa
2585 2582 22 17 0.
2616 2582 22 16 V.
2645 2582 54 17 llobv
2707 2581 4 25 ;
2725 2581 47 17 New
2782 2581 2 25 i

2339 2607 60 18 South
2407 2606 62 18 Wales
2471 2606 43 17 F.
2525 2606 22 17 A.
2554 2605 91 18 Franklin
2651 2604 4 21 ;
2666 2604 106 18 Victoria

2338 2631 25 17 N.
2380 2630 22 17 E.
2421 2630 68 20 Gibbs;
2509 2629 58 17 South
2589 2627 114 19 Australia
2708 2627 64 17 James
2782 2626 2 27 j

2339 2654 65 20 Shaw;
2423 2652 167 20 QueenslandD.
2604 2651 98 20 Maclean;
2721 2646 63 22 West'

2339 2675 137 19 AustraliaJ.
2486 2676 26 17 H.
2521 2676 75 22 Taylor.

2362 2700 36 17 His
2418 2699 114 20 Excellency
2553 2698 55 18 made
2624 2698 32 16 the
2674 2696 99 23 following
2782 2694 2 25 !

2338 2723 61 22 reply:
2408 2723 31 17 Mr
2444 2723 62 20 Shaw,
2513 2721 69 18 Ladies
2587 2721 38 17 and
2631 2719 142 19 Gentlemen,
2782 2719 2 26 I

2340 2747 7 16 1
2357 2752 30 11 am
2395 2746 56 17 mueli
2460 2745 77 23 obliged
2544 2746 20 16 to
2573 2750 37 16 you
2618 2745 30 16 for
2657 2743 32 17 the
2702 2743 71 21 feeling
2783 2743 1 25 ,

2338 2769 61 18 which
2408 2770 35 16 lias
2451 2768 80 18 induced
2537 2773 38 17 you
2582 2769 20 15 to
2609 2769 75 20 present
2691 2772 29 11 1110
2726 2766 46 17 with
2782 2764 2 26 j

2338 2799 25 11 an
2372 2792 76 18 address
2468 2797 24 12 on
2504 2791 38 18 this
2558 2790 91 18 occasion.
2675 2790 10 16 I
2691 2796 30 10 am
2728 2795 45 16 very
2782 2789 2 26 |

2338 2815 90 18 thankful
2449 2817 19 15 to
2484 2815 56 17 those
2554 2814 44 17 who
2613 2813 48 17 have
2678 2812 95 23 approved

2339 2839 38 17 this
2385 2838 76 17 address
2469 2837 57 21 being
2535 2837 64 17 drawn
2609 2843 25 15 up
2643 2836 38 17 and
2690 2837 20 16 to
2720 2836 53 17 those
2783 2836 1 22 !

2339 2862 42 17 who
2388 2862 48 17 have
2445 2860 65 24 signed
2518 2860 127 17 itthankful
2655 2861 20 15 to
2684 2859 51 17 them
2744 2859 30 17 for
2783 2856 1 28 |

2340 2886 32 16 the
2380 2884 137 18 consideration
2526 2883 38 17 and
2573 2883 31 17 the
2618 2883 79 17 motives
2712 2882 61 17 which
2784 2882 1 20 i

2338 2907 101 23 prompted
2448 2907 21 17 it.
2494 2907 10 16 I
2512 2912 32 11 am
2560 2906 46 22 glad
2622 2907 21 16 to
2660 2905 54 17 think
2731 2905 43 17 that
2784 2905 1 28 j

2340 2932 46 17 New
2395 2930 82 18 Zealand
2484 2928 16 19 is
2509 2936 11 10 a
2527 2930 80 21 country
2620 2928 47 17 with
2682 2928 93 17 sufficient

2339 2956 78 16 interest
2425 2954 19 16 in
2453 2954 15 16 it
2474 2954 19 16 to
2502 2958 54 12 cause
2565 2958 20 11 so
2594 2957 58 17 many
2664 2952 21 16 to
2694 2955 53 13 come
2754 2953 20 15 to
2784 2951 1 28 |

2340 2978 24 17 its
2379 2977 69 17 shores.
2473 2977 58 16 There
2545 2976 16 16 is
2572 2975 92 22 certainly
2681 2980 25 11 no
2723 2980 52 12 more
2784 2975 1 22 j

2339 3000 93 18 beautiful
2446 3001 79 20 country
2542 2999 19 16 in
2574 2998 33 17 the
2620 2997 66 21 world,
2703 3003 21 12 or
2732 2997 43 18 that
2784 2997 1 27 j

2341 3024 36 17 will
2386 3024 62 17 better
2457 3027 57 17 repay
2522 3027 11 11 a
2545 3022 44 17 visit
2601 3021 48 17 than
2664 3021 47 16 New
2727 3021 47 16 Zea-
2784 3018 2 26 j

2339 3046 52 19 land.
2416 3046 51 17 With,
2476 3045 69 22 regard
2553 3046 20 16 to
2582 3041 52 21 what
2646 3044 16 17 is
2674 3044 40 17 said
2724 3050 20 11 as
2755 3045 20 16 to
2785 3041 1 26 |

2340 3071 33 17 the
2380 3069 84 23 political
2472 3074 50 11 news
2531 3068 10 16 I
2550 3074 13 10 w
2568 3067 22 17 ill
2604 3073 34 17 say
2650 3067 45 20 this,
2713 3067 38 17 and
2765 3068 9 16 I
2785 3067 1 25 j

2341 3093 55 18 think
2403 3098 40 16 you
2447 3091 38 18 will
2493 3097 56 14 agree
2558 3091 47 16 with
2614 3097 36 14 mo,
2664 3091 43 16 that
2723 3090 52 17 there
2785 3088 1 26 j

2342 3117 16 17 is
2366 3121 34 12 one
2409 3116 39 16 fact
2457 3114 61 17 which
2531 3114 34 17 lias
2578 3114 77 17 become
2668 3113 108 22 prominent
2785 3113 1 25 j

2342 3140 49 17 from
2408 3138 33 18 the
2457 3136 92 23 difficulty
2565 3137 19 17 in
2601 3137 83 22 Europe,
2700 3137 76 21 namely
2785 3135 1 26 j

2342 3163 41 16 that
2393 3162 31 16 the
2434 3161 70 16 British
2510 3166 42 11 race
2558 3160 60 17 draws
2624 3160 60 17 closer
2689 3159 87 22 together

2341 3186 20 17 in
2370 3185 32 18 the
2411 3184 44 17 time
2464 3184 20 17 of
2490 3183 86 21 trouble;
2591 3184 43 16 that
2650 3184 26 16 aii
2691 3182 85 22 political

2342 3208 108 17 differences
2458 3212 31 12 are
2500 3206 47 18 then
2560 3206 97 21 forgotten
2671 3206 38 17 and
2722 3206 53 21 Eng-
2785 3203 1 28 j

2342 3229 86 22 lishmen,
2438 3229 112 19 Scotchmen
2563 3229 38 17 and
2615 3229 96 17 Irishmen
2721 3228 56 18 stand
2785 3228 1 23 i

2342 3254 89 18 shoulder
2438 3255 20 16 to
2471 3252 87 18 shoulder
2577 3253 20 16 in
2614 3253 33 16 tho
2664 3252 76 17 defence
2758 3252 19 16 of
2785 3248 1 31 j

2342 3278 50 17 their
2402 3277 70 16 homes.
2497 3275 92 23 (Cheers.)
2619 3276 8 16 1
2643 3275 76 17 observe
2734 3275 42 16 that

2342 3301 33 17 tho
2383 3300 75 17 address
2467 3299 15 17 is
2496 3298 67 22 signed
2575 3298 27 23 by
2615 3304 24 11 an
2654 3298 123 17 American

2343 3325 29 15 far
2380 3323 23 17 be
2412 3323 15 16 it
2436 3322 48 17 from
2491 3327 31 11 me
2530 3323 21 15 to
2561 3328 33 16 say
2603 3327 35 11 one
2647 3321 52 17 word
2707 3323 20 15 to
2732 3321 46 17 hurt

2343 3347 32 17 the
2384 3345 79 22 feelings
2472 3345 19 16 of
2499 3350 38 16 any
2545 3344 101 18 American
2655 3344 36 17 and
2702 3344 9 17 I
2722 3344 55 17 think

2344 3371 9 16 I
2363 3369 37 17 will
2410 3369 48 16 have,
2464 3368 28 17 his
2500 3368 67 22 hearty
2576 3368 109 22 agreement
2693 3367 20 17 in
2726 3367 51 17 what

2344 3394 10 16 I
2362 3398 30 12 am
2401 3392 59 17 about
2468 3392 19 16 to
2497 3391 91 17 mention.
2614 3391 9 17 I
2632 3391 49 17 have
2685 3390 40 23 just
2731 3390 47 16 been

2343 3415 79 22 reading
2430 3414 42 17 that
2480 3413 33 18 the
2527 3414 100 17 American
2643 3413 39 18 and
2697 3413 80 22 English

2344 3444 67 17 papers
2427 3443 31 11 are
2467 3436 112 18 unanimous
2588 3437 20 16 in
2617 3436 110 23 expressing
2743 3436 32 16 the

2344 3460 76 23 opinion
2430 3460 42 17 that
2480 3460 16 16 it
2512 3460 64 17 would
2584 3460 24 17 be
2618 3466 11 10 a
2640 3462 53 19 great
2707 3459 56 17 calam-

2344 3485 28 21 ity
2377 3485 16 16 if
2408 3484 32 16 the
2456 3483 49 22 good
2515 3483 72 22 feeling
2595 3483 84 21 existing
2693 3482 85 17 between

2345 3507 32 18 the
2385 3509 38 14 two
2432 3506 92 17 countries
2533 3511 47 12 were
2592 3505 98 23 impaired.
2717 3505 8 16 I
2740 3504 35 17 feel

2344 3529 93 24 perfectly
2443 3529 71 17 certain
2521 3529 44 16 that
2573 3535 12 10 a
2591 3535 41 14 way
2642 3528 38 17 will
2686 3528 24 16 bo
2715 3528 58 17 found

2345 3555 19 16 to
2377 3552 67 21 satisfy
2461 3552 32 17 the
2501 3552 77 17 natural
2585 3552 71 22 feeling
2665 3552 18 16 in
2692 3551 86 17 America

2345 3577 42 17 that
2406 3580 25 12 no
2451 3580 42 12 new
2518 3575 118 17 settlements
2663 3574 67 17 should
2754 3573 23 17 be

2345 3598 73 19 formed
2426 3598 20 17 in
2454 3598 42 17 that
2513 3599 55 21 great
2585 3598 103 17 Continent
2705 3596 37 17 and
2759 3598 19 15 at

2345 3623 32 16 the
2392 3627 51 11 same
2458 3621 46 17 time
2521 3621 56 17 allow
2594 3620 59 18 Great
2669 3620 73 17 Britain
2759 3621 19 15 to

2345 3645 55 17 stand
2410 3645 24 20 by
2443 3644 24 16 its
2475 3644 115 22 possessions
2598 3644 59 16 there.
2691 3643 39 17 The
2744 3642 22 17 ad-

2345 3668 51 17 dress
2404 3667 60 17 which
2471 3672 37 16 you
2517 3667 48 17 have
2573 3667 47 17 been
2639 3666 50 23 good
2704 3666 73 21 enough

2346 3693 20 15 to
2374 3692 76 21 present
2457 3690 34 16 has
2499 3689 58 18 taken
2565 3695 31 12 me
2606 3690 26 21 by
2646 3689 82 22 surprise
2741 3688 38 17 and

2347 3714 9 17 I
2365 3719 34 11 can
2408 3713 45 22 only
2462 3712 56 23 again
2526 3718 77 17 express
2611 3718 33 17 my
2653 3712 125 22 gratification

2336 3735 1 23 j
2346 3739 20 15 at
2374 3736 94 22 receiving
2476 3736 21 16 it.
2511 3735 92 23 (Cheers.)

2336 3757 1 29 |
2370 3759 85 21 Turning
2463 3760 20 15 to
2491 3759 33 16 the
2533 3759 73 17 natives
2614 3759 124 16 whowereon
2747 3757 31 16 the

2336 3780 1 25 l
2345 3782 92 23 platform
2446 3782 35 17 His
2490 3782 114 22 Excellency
2614 3782 46 16 said:
2675 3782 9 16 I
2695 3780 83 18 received

2336 3802 1 28 j
2347 3811 49 11 some
2405 3805 45 17 time
2460 3810 36 17 ago
2502 3810 12 11 a
2523 3805 92 22 telegram
2625 3805 48 16 from
2681 3804 32 16 the
2719 3803 58 17 chiefs

2336 3826 1 25 j
2347 3829 19 16 of
2386 3828 32 17 the
2443 3826 68 19 Arawa
2531 3828 49 17 tribe
2601 3827 42 18 who
2660 3827 54 17 when
2735 3826 44 22 they

2347 3852 83 21 thought
2447 3851 57 17 Great
2512 3851 75 16 Britain
2596 3857 39 10 was
2651 3850 20 17 in
2688 3849 90 22 difficulty

2347 3880 51 12 came
2408 3874 82 17 forward
2505 3874 21 16 to
2535 3874 46 16 offer
2598 3874 49 16 their
2660 3873 84 17 services.
2769 3872 10 16 I

2347 3897 40 17 said
2403 3899 19 15 at
2444 3897 31 17 the
2495 3897 46 17 time
2558 3897 43 16 that
2617 3897 38 17 this
2667 3896 62 17 action
2741 3899 37 12 was

2347 3921 74 22 greatly
2441 3921 20 16 to
2477 3920 50 17 their
2547 3920 59 17 credit
2626 3919 38 18 and
2680 3918 32 17 did
2728 3918 51 17 them

2346 3944 61 17 honor
2415 3943 38 17 and
2461 3943 9 17 I
2477 3943 24 17 ta'
2509 3949 10 11 e
2524 3943 39 17 this
2568 3942 124 23 opportunity
2699 3941 19 17 of
2723 3941 55 22 again

2346 3966 95 22 thanking
2449 3966 58 16 them.
2533 3966 75 17 Amidst
2616 3964 86 18 renewed
2712 3964 53 17 cheer-

2336 3986 1 27 :
2346 3991 34 22 ing
2406 3989 36 17 Eis
2458 3989 120 23 Excellency,
2601 3987 132 23 accompanied
2754 3986 25 22 by

2336 4010 1 30 j
2347 4013 68 16 Messrs
2424 4012 62 22 Kelly,
2496 4012 56 17 Shaw
2561 4012 37 17 and
2607 4012 32 16 the
2651 4010 92 17 members
2759 4010 20 16 of
2785 4010 1 30 j

2347 4036 31 16 the
2387 4035 40 17 vice
2436 4035 53 22 regal
2500 4036 63 21 party,
2581 4033 103 24 proceeded
2699 4038 24 12 on
2740 4033 40 17 foot

2336 4052 1 28 j
2347 4060 19 15 to
2383 4058 32 16 the
2429 4057 68 20 (Grand
2513 4058 60 17 Hotel
2586 4058 61 16 where
2664 4056 116 22 apartments

2336 4081 1 17 !
2347 4081 37 17 had
2393 4081 47 17 becfti
2449 4081 91 17 reserved.

2371 4104 138 23 Subsequently
2517 4104 29 17 his
2559 4103 120 21 Excellency,
2687 4107 20 11 as
2720 4102 15 16 is
2751 4101 29 17 his

2336 4120 1 29 |
2346 4127 58 20 habit,
2413 4128 45 16 tent
2466 4133 11 11 a
2486 4127 75 17 written
2570 4126 55 23 reply
2635 4127 20 15 to
2664 4125 32 17 the
2705 4124 75 17 address

2395 4147 12 15 A

2798 120 3 29 |
2808 120 21 18 iii
2837 121 62 18 which
2907 122 25 18 he
2939 123 102 18 reiterated
3048 124 30 17 Lis
3093 125 115 18 satisfaction

2798 144 1 25 i
2808 144 96 22 receiving
2911 145 33 18 the
2952 146 97 23 greetings
3058 148 20 16 of
3089 144 137 25 i"pre-v;'.r,.

2797 168 2 23 j
2809 168 48 16 from
2865 169 54 21 ciglit
2927 169 86 17 different
3022 172 52 19 parts
3083 172 21 15 of
3114 174 32 13 tl:e
3162 168 21 23 >;:
3190 168 7 23 i
3204 168 6 23 :
3233 168 1 23 ,

2808 190 93 24 speaking
2908 191 63 23 globe.
2997 192 20 17 It
3025 198 38 12 was
3071 193 33 18 the
3116 195 16 16 h-
3142 190 4 26 j
3214 190 20 26 ]-.

2796 212 2 28 |
2808 212 129 19 Government
2945 215 40 17 that
2999 215 47 22 they
3060 217 63 17 wonll
3135 218 61 20 gradu
3202 219 17 17 iii

2796 235 2 26 J
2807 235 24 17 'lo
2841 242 51 12 more
2900 238 20 16 to
2929 238 84 19 improve
3022 239 33 16 the
3063 240 74 16 virions
3150 243 69 15 water;:
3233 235 1 26 *

2796 259 2 28 j
2807 259 62 21 places
2878 261 21 16 of
2907 261 32 17 the
2952 261 74 23 Colony
3042 263 62 17 whhh
3119 269 48 11 were
3184 266 21 15 of
3233 259 1 28 ,

2796 279 2 28 j
2807 282 56 17 much
2879 282 71 19 benefit
2966 285 21 16 to
3007 285 87 18 invalid-!.
3126 287 32 16 Th
3186 289 48 15 ret.lv

2795 303 3 30 j
2806 306 102 17 continue!
2921 313 21 11 as
2959 307 86 17 follows:
3092 309 7 16 I
3116 310 37 16 feel
3225 313 9 15 ir

2795 327 2 25 I
2806 328 63 17 would
2879 329 22 17 be
3048 331 21 17 of
3084 338 30 11 me
3130 338 49 13 were
3196 334 7 16 I
3222 340 12 12 n

2795 350 1 24 I
2806 350 52 18 leave
2867 353 102 18 unnoticed
2977 353 33 18 the
3019 354 38 17 all'.;
3069 350 3 24 i
3088 361 20 10 ns
3116 356 19 16 in
3146 362 47 12 your
3205 364 8 10 a
3231 350 3 24 -

2795 373 1 27 j
2806 373 51 18 dress
2865 376 21 15 to
2895 376 54 17 thorn
2957 382 121 13 occurrences
3092 378 20 17 of
3125 378 18 17 la
3146 381 18 16 to
3179 381 55 17 which

2794 397 2 24 |
2806 397 47 17 have
2862 403 20 11 so
2890 398 69 23 deeply
2966 400 69 17 stirred
3043 406 35 12 our
3085 407 42 11 race
3140 408 20 11 as
3169 404 20 15 to
3203 404 31 17 call

2794 419 2 26 ]
2806 419 51 18 forth
2865 423 119 21 exprcisions
2991 423 21 16 of
3019 423 89 22 patriotic
3116 425 70 19 feeling
3192 426 42 19 from

2794 443 2 27 ]
2805 443 26 16 nil
2840 445 52 20 parts
2901 445 20 16 of
2933 445 33 18 the
2982 446 72 17 British
3069 447 76 23 Empire
3159 449 45 17 such
3232 443 2 27 -

2794 466 2 30 j
2805 467 20 15 to
2834 466 61 18 which
2904 473 37 16 you
2949 468 49 17 have
3006 469 57 22 given
3072 471 98 18 utterance
3177 472 37 18 and
3230 466 4 30 1

2794 489 1 25 j
2805 489 90 23 cordially
2903 491 77 17 re-echo
2987 492 33 17 the
3028 493 117 18 conclusions
3151 496 20 15 at
3178 496 56 18 which

2805 517 37 16 you
2851 513 48 18 have
2907 514 80 18 arrived.
3012 515 17 17 A
3038 516 59 17 closer
3105 517 57 17 union
3174 518 37 17 and
3226 527 8 10 a

2793 534 2 31 j
2805 541 51 11 more
2876 536 95 28 enduring
2986 538 104 23 friendship
3106 539 85 19 between
3206 542 28 17 the

2793 558 2 29 j
2804 558 39 18 two
2851 561 54 20 great
2914 560 89 18 divisions
3012 561 20 17 of
3040 562 32 17 the
3079 562 90 24 English-
3172 565 54 21 speak
3229 576 5 2 -

2793 581 1 28 |
2804 581 34 22 iug
2846 586 42 13 race
2897 583 61 17 which
2968 590 44 11 now
3026 585 88 18 numbers
3130 588 104 21 something

2793 603 1 27 !
2804 604 37 17 like
2850 611 35 11 one
2893 606 86 18 hundred
2989 607 38 17 and
3038 609 73 21 twenty
3124 609 81 19 millions
3222 612 12 16 is

2793 628 1 24 i
2804 633 45 17 very
2857 628 55 18 much
2926 630 20 17 to
2964 630 22 17 lie
3002 630 74 18 desired
3091 632 38 17 .and
3144 638 28 11 we
3187 638 47 14 must

2803 650 50 23 hope
2858 651 31 17 for
2897 652 24 17 its
2930 654 120 17 attainment.
3075 655 52 17 With
3135 656 68 22 regard
3217 659 17 16 to

2792 673 1 26 i
2804 673 32 17 the
2845 674 55 18 other
2907 677 66 16 events
2981 677 20 16 of
3009 677 34 17 the
3051 677 36 17 last
3101 679 36 16 few
3154 679 80 20 months,

2792 694 1 30 '
2805 696 8 16 I
2822 696 90 24 sincerely
2921 701 50 15 trust
2979 699 43 18 that
3030 700 32 17 the
3074 701 91 23 principal
3179 704 55 17 result

2792 720 1 25 '
2804 720 37 17 will
2858 720 23 17 be
2899 723 19 15 to
2936 722 58 23 bring
3010 723 60 17 about
3090 724 111 19 Federation
3218 727 16 17 in

2792 743 1 24 ;
2803 743 102 20 Australia,
2912 745 38 17 and
2959 747 20 15 to
2987 745 53 18 draw
3048 746 59 18 closer
3115 748 32 17 the
3154 748 34 17 tics
3195 749 39 18 that

2791 768 2 22 ,
2803 768 79 16 connect
2899 768 32 17 the
2951 768 87 18 Colonies
3058 770 37 17 and
3111 771 33 17 the
3161 771 73 19 Mother

2803 789 90 23 Country.
2919 792 51 17 I'Jueh
2984 798 11 11 a
3010 792 51 17 crisis
3077 799 20 11 as
3113 794 33 17 the
3161 797 73 20 present

2803 812 44 22 only
2864 818 61 13 serves
2941 816 21 16 to
2979 815 52 17 show
3051 816 43 17 that
3113 817 33 17 the
3161 821 73 19 present

2791 836 1 27 .
2803 836 109 20 generation
2922 837 20 17 of
2956 838 76 18 Britons
3046 845 72 16 possess
3133 840 33 17 the
3182 842 52 21 spirit

2791 858 1 30 j
2802 858 44 17 that
2861 860 97 18 animated
2974 861 50 17 their
3039 862 77 21 fathers,
3133 863 38 18 and
3184 865 50 21 'that,

2803 881 55 18 while
2865 882 47 23 they
2920 883 60 18 desire
2989 890 56 16 peace
3053 886 38 17 and
3104 892 10 11 a
3128 887 52 21 quiet
3197 887 37 19 life,

2791 903 1 29 |
2803 905 43 21 they
2857 905 38 18 will
2902 908 33 16 not
2944 907 65 17 shrink
3019 908 48 18 from
3076 915 36 16 any
3126 910 82 17 sacrifice
3216 911 18 18 in

2791 927 1 28 :
2802 927 55 18 order
2865 931 20 14 to
2893 929 70 18 defend
2970 931 34 17 the
3012 931 57 17 noble
3076 932 91 23 heritage*
3175 934 58 17 which

2791 951 1 27 !
2802 951 34 16 has
2845 952 46 17 been
2900 952 76 19 handed
2984 954 56 17 down
3049 956 20 15 to
3081 955 53 18 them
3147 956 26 22 by
3186 957 48 17 their

2791 974 1 27 j

2825 997 105 24 Yesterday
2945 1000 89 23 morning
3050 1002 21 16 at
3086 1003 11 16 0
3113 1002 65 18 ocloclc
3199 1003 35 17 His

2801 1019 114 25 Excellency
2921 1023 134 23 accompanied
3064 1025 26 22 by
3102 1025 65 22 Major
3175 1026 59 18 Elliot

2791 1043 1 31 |
2801 1043 80 23 Captain
2888 1046 56 19 Mair,
2954 1046 33 18 the
2996 1047 51 17 Hon.
3053 1047 19 18 J.
3081 1043 73 23 Carro'll
3160 1049 38 17 und
3206 1050 26 16 \Y.

2791 1066 1 32 j
2801 1066 57 23 Kelly
2874 1068 81 19 M.11.R.
2977 1070 103 22 proceeded
3100 1072 20 17 to
3133 1072 57 17 Tame
3210 1073 24 17 To

2791 1087 1 30 I
2801 1089 69 23 Kapua
2879 1091 61 17 where
2949 1099 11 10 a
2969 1093 80 17 number
3057 1094 21 17 of
3093 1094 33 18 the
3140 1096 91 21 principal

2791 1110 1 30 j
2800 1115 73 17 natives
2894 1119 48 14 were
2958 1116 105 18 assembled
3083 1119 20 15 to
3120 1117 46 19 offer
3186 1119 47 17 their

2791 1136 1 28 J
2801 1136 118 20 salutations.
2953 1140 39 16 The
3017 1140 87 22 speakers
3129 1141 95 22 comprise.
3226 1143 5 16 1

2801 1160 98 23 Walicnga
2907 1162 25 16 Te
2942 1162 99 21 Waharoa,
3049 1164 105 22 TeTupara
3162 1164 69 18 Eruera

2791 1181 1 29 |
2800 1185 18 14 te
2827 1183 82 19 Paemoe
2916 1185 38 17 and
2963 1185 64 18 others
3036 1186 42 18 who
3092 1188 142 22 apostrophised

2791 1206 1 30 |
2800 1206 32 17 the
2841 1207 66 17 visitor
2921 1208 19 17 in
2961 1214 46 17 very
3024 1209 100 22 figurative
3137 1211 96 22 language

2791 1229 1 31 j
2799 1229 124 25 designating
2938 1232 39 17 him
2998 1232 32 17 the
3147 1235 20 16 of
3183 1234 50 18 Both

2887 1254 34 18 the
3032 1256 21 16 of
3069 1256 53 17 Good

2791 1276 1 28 j
2799 1276 33 17 the
2863 1277 98 23 Shepherd
2975 1278 43 17 who
3027 1284 61 12 comes
3097 1280 20 16 to
3130 1280 68 22 gather
3204 1281 29 17 his

2791 1299 1 22 I
2799 1299 58 18 Flock
2867 1301 19 16 to
2904 1300 33 18 the
2953 1301 48 17 Fold
3048 1302 37 17 and
3102 1308 20 12 so
3140 1309 30 11 on.
3196 1304 25 17 Ro-

2791 1321 1 27 !
2799 1322 74 18 ferenco
2894 1329 39 12 was
2958 1324 55 17 made
3032 1326 21 16 to
3077 1326 33 17 the
3134 1327 100 21 persistent

2791 1344 1 28 I
2798 1345 74 23 loyalty
2879 1347 21 15 of
2908 1348 32 16 the
2949 1348 70 17 Arawa
3030 1348 39 17 and
3084 1355 56 16 every
3156 1350 77 22 speaker

2798 1367 88 24 deplored
2896 1370 32 17 the
2937 1371 39 17 fact
2984 1371 43 17 that
3041 1371 49 17 their
3102 1373 80 17 number
3194 1379 39 12 was

2798 1392 38 17 fast
2845 1392 109 25 decreasing
2962 1394 38 17 and
3012 1394 50 17 their
3078 1395 54 18 lands
3149 1395 76 23 slippinfl-

2798 1416 34 16 out
2840 1416 20 17 of
2868 1416 50 18 their
2925 1416 61 19 hands
3000 1418 41 17 into
3056 1418 54 17 those
3124 1419 23 19 of.
3152 1420 33 17 the
3193 1420 26 17 Go-

2797 1441 105 16 vernment.
2932 1440 20 17 It
2968 1446 44 14 was,
3030 1437 92 25 however,
3140 1442 92 18 admitted

2797 1461 25 22 by
2832 1467 35 12 one
2874 1463 78 22 speaker
2961 1464 43 17 that
3013 1464 32 17 the
3053 1464 57 18 latter
3121 1465 111 18 misfortune

2799 1490 37 11 was
2855 1486 50 17 their
2925 1492 43 12 own
2989 1487 30 17 act
3039 1487 61 18 which
3121 1488 35 17 left
3180 1489 51 18 them

2817 1508 108 24 swimming
2933 1510 58 17 about
3000 1510 20 17 in
3029 1510 33 17 the
3076 1516 57 13 ocean
3147 1512 52 17 with'
3207 1518 24 11 no

2796 1531 62 17 where
2867 1533 20 16 to

2820 1554 36 18 His
2865 1555 115 25 Excellency
2987 1556 20 17 in
3020 1557 53 22 reply
3087 1558 100 22 expressed
3203 1559 28 17 his

2797 1578 86 21 pleasure
2892 1579 19 17 in
2920 1580 74 22 finding
3002 1580 76 17 himself
3090 1581 20 16 in
3123 1581 32 17 the
3172 1585 47 14 meet-

2796 1601 34 22 ing
2838 1601 59 18 house
2905 1603 21 17 of
2935 1603 33 17 the
2984 1603 69 17 Arawa
3069 1604 54 17 tribe.
3156 1605 75 22 During

2796 1624 33 17 the
2836 1624 38 18 last
2883 1627 39 16 two
2939 1626 77 18 iiioutlis
3029 1627 23 16 he
3067 1627 38 17 had
3120 1629 39 16 met
3173 1634 56 14 many

2796 1648 76 20 Maoris,
2887 1649 50 18 from
2951 1649 33 17 the
2993 1649 62 18 North
3072 1651 50 22 Capo
3139 1651 55 17 down
3210 1653 20 15 to

2795 1670 107 24 Tauranga,
2912 1672 38 17 and
2957 1673 23 17 lie
2989 1673 38 17 had
3041 1674 84 17 received
3137 1675 33 17 the
3180 1681 49 12 same

2795 1693 70 19 cordial
2874 1696 94 23 greeting.
2994 1696 31 17 He
3034 1696 38 19 had
3153 1700 45 15 note
3211 1699 20 17 of

2795 1717 33 17 the
2836 1719 90 20 remarks,
2937 1725 21 11 or
2966 1719 23 17 he
2998 1719 64 22 might
3071 1721 36 17 call
3119 1721 53 18 them
3179 1728 38 12 com-

2795 1740 76 22 plaints,
2881 1742 41 22 just
2930 1742 55 18 made
2993 1742 21 17 in
3026 1743 69 23 regard
3109 1745 19 16 to
3138 1745 32 17 (he
3186 1745 44 17 land

2796 1763 83 24 slipping
2887 1771 9 10 a
2900 1771 41 17 way
2950 1766 49 17 from
3008 1766 52 17 them
3070 1767 60 17 which
3144 1768 15 17 it
3167 1768 62 18 would

2794 1786 23 17 be
2826 1787 62 18 better
2897 1788 29 17 for
2935 1789 33 17 Mr
2976 1789 73 17 Carroll
3059 1792 19 15 to
3086 1790 54 23 reply
3149 1793 25 16 to.
3199 1792 30 17 He

2794 1809 56 18 could
2858 1816 65 12 assure
2931 1812 52 17 them
2995 1812 44 17 that
3055 1813 33 17 the
3104 1814 64 19 Queen
3185 1815 44 17 took

2794 1833 33 17 the
2843 1835 72 16 utmost
2928 1835 79 18 interest
3023 1835 18 17 in
3059 1837 113 23 everything
3187 1837 42 19 that

2794 1857 104 17 concerned
2910 1858 34 18 her
2956 1858 63 18 Maori
3033 1859 83 23 subjects
3129 1862 38 17 and
3181 1862 49 17 their

2794 1879 117 24 well-being,
2921 1881 38 18 and
2966 1882 23 17 he
2998 1888 38 12 was
3045 1888 42 13 sure
3095 1883 43 18 that
3147 1884 32 18 the
3186 1891 32 16 pre-

2794 1904 42 15 sent
2845 1903 127 19 Government
2980 1911 39 11 was
3027 1905 96 19 animated
3133 1907 26 23 by
3172 1915 12 10 a
3196 1908 22 18 de-

2794 1926 36 16 sire
2838 1928 20 15 to
2867 1926 25 17 do
2900 1928 50 17 their
2958 1928 48 22 duty
3015 1929 25 22 by
3048 1929 33 18 the
3089 1929 64 19 native
3159 1937 42 12 race
3210 1938 21 11 as

2794 1949 42 17 well
2846 1955 19 11 as
2874 1950 25 22 by
2908 1951 54 17 those
2971 1952 20 16 of
3003 1952 50 17 their
3067 1959 40 10 own
3122 1953 57 19 blood
3191 1955 38 18 and

2794 1972 85 18 kindred.
2905 1974 75 23 During
2989 1975 33 17 the
3030 1975 37 17 last
3076 1976 36 17 few
3124 1982 54 17 years
3196 1979 33 17 the

2794 1995 108 23 legislation
2922 1997 67 22 pas;cd
3006 1999 19 16 in
3041 1999 69 22 regard
3126 2002 20 16 to
3166 2002 63 18 native

2794 2020 78 17 matters
2893 2020 38 17 had
2951 2021 47 17 been
3015 2022 19 16 in
3051 2022 82 20 advance
3154 2025 20 17 of
3191 2032 37 15 any

2794 2042 66 21 passed
2869 2042 71 19 before.
2967 2044 18 17 It
2999 2050 38 12 was
3051 2046 32 17 tho
3097 2047 44 18 wish
3160 2049 20 17 of
3196 2049 33 17 the

2794 2065 71 22 Queen,
2874 2066 38 18 and
2922 2067 20 17 of
2947 2067 32 17 the
2985 2067 133 24 Government,
3125 2072 38 17 and
3168 2072 21 17 of
3196 2072 32 17 the

2794 2094 22 16 pa
2818 2089 35 16 keh
2856 2095 20 11 as
2885 2091 20 15 to
2915 2096 29 11 see
2952 2090 51 17 tlieir
3015 2091 61 18 Maori
3090 2093 71 19 friends
3174 2096 54 17 settle

2793 2111 56 17 down
2858 2118 25 11 on
2892 2113 33 16 the
2933 2113 55 18 lands
2996 2115 86 17 reserved
3090 2117 30 16 for
3126 2117 51 18 them
3191 2119 38 17 and

2793 2135 53 17 show
2857 2135 33 17 the
2904 2142 50 11 same
2968 2142 70 17 energy
3055 2138 19 17 in
3091 2141 83 21 pastoral
3191 2142 38 17 and

2793 2157 125 27 agricultural
2932 2160 83 22 pur-nits
3032 2167 20 10 as
3068 2162 50 18 their
3133 2166 95 16 ancestors

2793 2180 99 24 displayed
2900 2182 19 17 in
2928 2182 57 19 deeds
2994 2183 20 17 of
3026 2189 46 12 arm-
3107 2187 39 17 Tho
3154 2188 75 21 gallant

2793 2204 72 18 actions
2874 2205 46 22 they
2937 2206 38 17 had
2991 2206 69 23 fought
3078 2209 62 18 would
3156 2213 34 15 not
3205 2211 24 18 be

2794 2228 103 21 forgotten,
2907 2229 37 17 but.
2955 2230 63 16 would
3034 2230 23 17 bo
3073 2234 127 17 remembered
3208 2241 20 10 as

2793 2250 47 22 long
2845 2257 20 11 as
2871 2251 46 18 New
2923 2252 83 18 Zealand
3013 2259 38 11 was
3064 2255 46 17 Now
3116 2256 88 19 Zealand.

2817 2274 31 17 Mr
2857 2274 73 18 Carroll
2939 2276 88 17 followed
3041 2278 37 17 and
3092 2279 50 17 after
3157 2281 72 22 paying

2793 2303 11 11 a
2813 2297 122 23 compliment
2945 2300 20 16 to
2982 2299 31 17 tho
3030 2300 103 24 allegiance
3142 2303 32 18 the
3180 2304 49 17 tribe

2793 2320 39 16 had
2839 2321 118 18 maintained
2970 2323 18 16 in
3007 2323 33 17 the
3056 2325 45 17 time
3118 2326 20 17 of
3154 2328 75 17 trouble

2794 2343 61 18 stated
2872 2344 44 17 that
2930 2345 45 23 they
2992 2348 51 15 must,
3059 2354 42 11 now
3118 2349 73 23 depend
3205 2357 22 11 on

2793 2366 50 17 their
2850 2373 43 12 own
2902 2368 86 23 industry
2998 2369 30 17 for
3036 2371 50 18 what
3092 2378 38 12 was
3135 2374 92 22 required.

2792 2390 53 22 They
2855 2392 50 16 must
2914 2393 34 16 not
2953 2392 23 17 be
2984 2392 38 17 idle
3027 2393 35 18 but
3068 2394 68 19 should
3145 2397 43 17 take
3194 2404 22 11 ex-

2793 2413 62 22 ample
2872 2414 50 18 from
2939 2415 50 17 their
3013 2416 101 24 European
3133 2419 94 19 brethren.

2793 2436 179 24 Notwithstanding
2988 2439 53 18 what
3060 2441 46 23 they
3130 2443 38 17 had
3189 2444 40 17 said

2793 2458 59 18 about
2860 2460 33 17 the
2902 2461 45 18 land
2956 2462 78 23 passing
3048 2470 54 17 away
3118 2465 48 19 from
3175 2467 52 17 them

2793 2483 46 21 they
2848 2483 38 17 had
2895 2484 38 17 still
2942 2491 52 11 more
3003 2486 47 17 than
3059 2493 37 12 was
3104 2490 85 21 required
3199 2491 30 17 for

2793 2505 50 18 their
2859 2507 137 19 maintenance.
3022 2510 52 23 They
3090 2511 37 18 had
3144 2513 20 17 of
3180 2514 50 17 their

2793 2534 43 11 own
2841 2528 39 19 free
2890 2531 37 16 will
2936 2531 78 18 decided
3023 2534 20 15 to
3052 2534 33 17 sell
3093 2535 49 17 their
3154 2537 45 17 land
3208 2539 21 15 to

2793 2552 33 16 the
2834 2552 134 19 Government.
2994 2556 20 16 If
3021 2556 110 24 Europeans
3138 2559 37 18 had
3182 2560 47 18 been

2793 2575 80 17 allowed
2882 2578 20 16 to
2911 2578 99 21 purchase,
3019 2579 33 17 the
3060 2580 44 18 land
3113 2582 64 18 would
3182 2584 47 17 have

2793 2598 26 17 all
2828 2604 49 16 gone
2886 2600 38 17 and
2932 2601 45 22 they
2985 2602 63 23 might
3060 2603 48 19 have
3124 2606 69 18 turned
3209 2608 20 16 to

2795 2621 52 17 them
2857 2622 19 17 in
2885 2624 50 17 vain.
2961 2624 60 17 When
3032 2627 74 17 natives
3121 2634 49 12 were
3186 2636 43 11 now

2793 2645 19 16 in
2822 2644 76 20 distress
2906 2647 38 17 and
2954 2648 31 16 the
2994 2650 70 16 matter
3071 2652 88 22 properly
3165 2658 54 17 repre-

2793 2667 75 18 sontedt
2876 2675 12 11 o
2897 2670 32 17 the
2938 2670 128 20 Government
3082 2674 101 19 assistance
3191 2683 38 10 was

2794 2691 62 23 given.
2884 2693 49 22 They
2942 2693 69 18 should
3017 2695 45 17 bear
3078 2697 38 17 this
3132 2698 19 17 in
3170 2700 59 17 mind.

2794 2714 39 17 The
2842 2716 128 17 Government
2980 2717 63 18 would
3052 2724 56 13 never
3116 2721 63 19 forget
3187 2723 42 17 that

2794 2738 31 16 the
2845 2739 64 18 Queen
2923 2739 38 18 had
2968 2740 89 23 enjoined
3072 2743 53 18 them
3141 2746 20 16 to
3178 2746 52 17 show

2794 2761 89 19 kindness
2897 2764 21 15 to
2931 2763 32 17 the
2980 2764 62 18 Maori
3059 2767 71 22 people.
3157 2768 73 23 Special

2794 2785 96 22 provision
2899 2785 38 18 had
2944 2786 48 18 been
3002 2787 55 17 made
3063 2789 43 17 that
3114 2791 25 17 all
3149 2791 81 19 landless

2794 2809 74 16 natives
2877 2808 68 18 should
2954 2810 23 16 be
2987 2811 91 21 provided
3086 2813 46 18 with
3140 2818 12 13 a
3161 2815 60 17 suffici-

2795 2838 46 16 ency
2849 2832 20 17 of
2876 2831 47 18 land
2928 2834 21 16 to
2959 2832 37 18 live
3005 2839 30 15 on,
3045 2835 38 17 and
3091 2836 15 17 it
3123 2843 38 12 was
3169 2839 62 17 better

2795 2855 27 17 for
2841 2855 44 17 that
2900 2861 66 12 reason
2984 2857 42 17 that
3045 2858 33 18 the
3103 2860 126 19 Government

2795 2878 69 17 should
2872 2878 54 17 alone
2935 2879 49 17 have
2992 2880 33 17 the
3036 2881 53 22 right
3101 2883 20 17 of
3132 2884 97 22 purchase.

2796 2902 29 16 He
2832 2902 58 22 again
2898 2902 60 22 urged
2965 2903 52 17 them
3024 2905 19 16 to
3054 2904 73 23 depend
3143 2914 23 10 on
3182 2909 51 16 their

2796 2930 42 12 own
2847 2924 95 18 exertions
2948 2926 37 17 and
2991 2926 15 17 if
3012 2926 45 24 they
3062 2934 47 11 were
3116 2930 115 19 industrious

2796 2947 46 23 they
2850 2948 65 18 would
2923 2949 48 17 have
2980 2955 56 17 every
3052 2952 142 19 consideration.

2819 2971 92 21 Matenga
2924 2973 18 16 to
2959 2972 94 19 Waharoa
3068 2975 82 18 referred
3163 2978 20 16 to
3199 2978 34 18 the

2796 2994 57 17 death
2862 2994 21 17 of
2888 2995 30 17 Wi
2925 2996 66 20 Maihi,
3001 2996 38 17 and
3046 2998 58 17 asked
3120 2999 43 18 that
3171 3006 11 11 a
3191 3007 26 11 me-

2796 3017 66 18 morial
2869 3018 69 17 should
2945 3018 24 18 be
2978 3020 74 17 erected
3067 3022 20 16 to
3104 3022 28 17 his
3146 3029 85 17 niemory

2796 3041 19 16 in
2821 3041 32 16 tho
2862 3041 52 17 town
2923 3042 20 16 of
2952 3042 49 16 Koto
3003 3048 39 12 ran.

2820 3064 35 17 His
2864 3064 114 23 Excellency
2985 3065 41 18 said
3031 3066 23 18 he
3062 3067 38 18 had
3108 3068 58 18 heard
3173 3071 20 16 of
3199 3071 32 17 the

2796 3086 57 18 death
2870 3087 20 17 of
2910 3088 38 17 this
2968 3088 139 23 distinguished
3126 3098 50 13 man,
3194 3094 40 17 and

2797 3109 63 17 would
2868 3110 33 22 lay
2909 3111 33 17 the
2950 3113 77 20 request
3037 3112 63 19 before
3109 3114 28 18 his
3142 3115 89 19 advisers.

2797 3133 30 16 He
2834 3133 100 21 expressed
2940 3135 63 21 regret
3009 3135 43 17 that
3057 3137 66 17 Pctcra
3132 3138 37 18 and
3179 3140 54 16 other

2796 3156 77 22 leading
2881 3162 44 11 men
2932 3158 62 16 whom
3003 3158 23 17 ho
3041 3159 63 18 would
3120 3161 47 17 have
3184 3163 49 17 liked

2798 3185 20 10 to
2827 3184 47 12 iiiivc
2879 3183 44 14 accn
2934 3185 11 12 vv
2950 3186 30 12 ore
2994 3180 73 19 absent.

2820 3201 40 18 The
2867 3203 86 22 meeting
2961 3203 46 17 then
3015 3204 59 19 broke
3090 3212 26 16 up
3125 3207 47 18 with
3180 3209 53 17 three

2798 3224 63 18 cheers
2876 3225 30 17 for
2919 3224 33 19 the
2966 3226 97 19 Governor
3079 3230 37 16 and
3129 3236 11 11 a
3156 3232 77 20 general

2798 3247 135 25 handshaking
2941 3250 46 17 took
2992 3250 54 22 place
3055 3258 19 10 as
3083 3252 50 18 Lord
3143 3254 90 24 Glasgow

2798 3271 45 17 took
2852 3271 29 17 his
2891 3271 107 23 departure.
3024 3274 26 17 As
3056 3275 32 17 the
3096 3276 41 17 rain
3142 3283 39 12 was
3189 3284 44 11 now

2798 3293 115 23 descending
2921 3296 19 16 in
2959 3297 82 17 torrents
3058 3299 25 15 all
3099 3299 48 22 hope
3161 3301 20 16 of
3189 3307 33 16 pro-

2798 3318 87 21 secuting
2893 3318 32 17 the
2930 3318 82 24 journey
3021 3320 43 18 that
3070 3321 37 22 day
3115 3328 38 12 was
3161 3324 60 17 aband-

2798 3339 55 18 oned.
2873 3340 38 18 His
2919 3342 115 23 Excellency
3041 3344 38 17 and
3086 3345 32 17 the
3126 3347 39 16 rest
3173 3347 21 17 of
3201 3347 33 17 the

2798 3364 58 21 party
2863 3364 75 17 walked
2955 3365 84 22 through
3056 3368 32 16 the
3101 3373 25 17 pa
3142 3370 21 16 to
3182 3370 33 17 La'
3223 3377 10 9 e

2799 3386 65 17 House
2873 3387 62 17 where
2944 3388 51 22 light
2999 3389 125 19 refreshment
3132 3398 39 12 was
3189 3386 33 29 pro-

2799 3408 61 18 vided.
2874 3410 61 17 When
2944 3411 19 16 in
2972 3411 33 17 the
3013 3413 91 18 vestibule
3113 3415 20 16 of
3141 3415 33 17 tho
3182 3416 52 17 hotel

2799 3432 92 23 Matenga
2912 3434 18 16 te
2956 3434 94 18 Waharoa
3068 3438 99 20 presented
3182 3439 52 17 Lord

2799 3455 89 23 Glasgow
2906 3457 46 16 with
2961 3463 12 10 a
2985 3462 54 17 spear
3049 3459 60 17 which
3130 3460 36 18 had
3186 3462 48 17 been

2799 3478 74 17 handed
2887 3478 57 19 down
2952 3480 30 17 for
2996 3486 56 12 seven
3060 3484 120 21 generations
3196 3485 38 17 and

2799 3507 25 11 on
2833 3502 60 17 which
2904 3502 32 17 the
2945 3509 64 11 owner
3024 3504 67 22 placed
3105 3506 33 17 tho
3151 3509 82 19 greatest

2799 3524 61 18 value.
2885 3525 36 17 His
2935 3525 115 24 Excellency
3066 3528 99 19 demurred
3173 3531 20 16 in
3201 3537 22 11 ac-

2799 3547 78 23 cepting
2893 3554 20 11 so
2921 3549 86 21 precious
3016 3556 11 10 a
3043 3551 38 21 gift
3095 3552 35 17 but
3142 3553 91 23 Matenga

2799 3570 94 23 insisting,
2904 3571 23 17 he
2933 3572 99 18 remarked
3041 3574 68 18 thathe
3118 3577 63 17 would
3189 3577 45 17 take

2799 3599 42 11 care
2850 3593 43 17 that
2902 3594 33 17 the
2941 3600 78 17 weapon
3027 3602 39 12 was
3074 3599 91 21 regarded
3174 3606 20 11 as
3207 3606 25 11 an

2799 3616 91 18 heirloom
2907 3617 19 17 in
2935 3617 29 17 his
2970 3624 43 11 own
3022 3619 71 24 family.

2821 3638 20 16 la
2851 3640 30 15 the
2888 3640 90 16 afternoon
2994 3642 30 15 the
3043 3643 89 17 Governor
3146 3645 33 16 snd
3188 3646 45 16 suite

2801 3660 64 16 walked
2874 3663 18 13 to
2901 3660 162 19 WhakHrewarewa
3078 3665 34 15 and
3120 3666 66 16 viewed
3201 3667 30 16 the

2799 3681 56 19 sights
2864 3682 54 16 there.
2944 3683 40 16 This
2992 3685 80 19 morning
3078 3690 17 10 at
3102 3688 18 14 G.
3120 3688 19 14 30
3147 3688 28 16 the
3180 3692 53 17 party

2799 3702 65 16 started
2873 3708 21 10 on
2905 3703 46 16 their
2957 3704 74 22 journey
3040 3709 17 12 to
3066 3706 78 20 Gdatea.
3154 3711 18 14 Nt
3177 3709 56 16 which

2800 3723 47 20 plsce
2857 3725 33 14 and
2907 3727 18 13 at
2939 3725 25 15 Te
2982 3726 65 16 Whaiti
3064 3728 28 16 the
3108 3730 67 16 natives
3190 3730 44 16 have

2800 3744 49 16 made
2857 3750 51 15 every
2922 3747 110 20 preparation
3046 3749 28 16 for
3087 3749 45 16 their
3140 3752 91 19 rcc.-ption.

2799 3765 37 15 The
2846 3768 46 14 state
2900 3767 18 15 of
2926 3767 30 16 tho
2970 3769 76 16 weather
3059 3770 40 16 does
3111 3773 30 14 not
3154 3772 80 16 however

2800 3787 74 17 promise
2889 3793 10 10 a
2913 3794 41 14 very
2970 3789 78 20 pleasant
3064 3792 38 20 tiip.
3134 3793 64 16 Messrs
3213 3794 20 15 E.

2800 3808 95 16 Robertson
2905 3810 34 15 und
2954 3810 28 17 Ce.
3001 3812 51 15 couch
3068 3813 29 15 the
3112 3817 51 17 party
3179 3817 18 13 to
3210 3815 24 16 Te

2800 3828 67 17 Whaiti
2883 3830 45 16 from
2942 3831 61 17 thence
3021 3834 70 15 onnmd
3165 3836 33 15 will
3213 3836 21 14 lie

2801 3850 3 24 t
2809 3850 42 16 nken
2863 3850 23 16 bv
2895 3852 58 15 saddle
2961 3853 58 16 horses
3027 3855 54 15 under
3094 3855 29 16 the
3136 3861 65 13 convoy
3215 3857 18 16 of

2801 3871 28 15 Mr
2836 3871 22 15 R.
2869 3872 62 14 Wake.

2848 3933 70 18 V.R.C.
2933 3935 114 18 AUTUMN
3063 3937 115 17 MEETING.

2822 3979 37 15 The
2871 3979 92 22 following
2971 3982 63 15 arelhn
3042 3983 95 16 results:

3007 4003 105 23 Melbourne,
3122 3999 42 22 This
3172 4005 39 21 dny.

2823 4021 102 17 Australian
2934 4024 143 20 Cupldolator,
3089 4027 6 14 1
3120 4026 82 20 Wallace,
3213 4029 8 14 2
3229 4033 5 11 ;

2801 4042 58 20 Hovn,
2867 4045 16 15 3.

2824 4064 54 17 Ascot-
2910 4066 27 15 le
2952 4066 187 21 StakesNewhavcD,
3159 4071 18 16 1;
3198 4069 28 16 Ivo-

2803 4085 46 18 hnW,
2859 4087 9 16 2
2876 4085 3 21 ;
2911 4088 29 18 ire,
2951 4089 14 14 3.

2824 4106 69 17 Br:nrke
2901 4108 17 16 H
2925 4109 175 21 infUe.ipJloluina,
3109 4111 6 14 1
3123 4106 4 24 ;
3137 4110 98 18 Tinstrean*

2801 4128 10 15 2
2819 4127 3 21 ;
2835 4127 75 21 Pilatus,
2921 4131 15 15 3.

1218 44 59 20 THE
1305 46 57 20 HOT
1390 46 92 20 LAKES
1512 46 172 25 CHRONICLE,
1712 49 191 25 WEDNESDAY,
1932 51 105 21 MARCH
2064 56 18 18 4,
2102 54 47 16 1896

221 132 137 60 HS^

70 212 16 15 T
96 212 5 4 ~
112 213 12 14 In
129 211 42 16 lON
185 209 79 16 STKAM
282 208 40 16 HIP
338 206 117 17 COMPANY
474 206 28 16 OF

76 223 26 26 U
154 231 57 16 NEW
223 229 115 18 ZEALAND
346 229 82 16 Limited.

134 259 4 24 i
150 267 59 15 l.Ul'O
225 266 30 15 r.D
268 259 93 22 L)Ki~ltl
369 265 67 16 L'KKS.

203 297 48 16 lOK
263 296 96 17 SYDNEY

68 332 132 17 Alanapouiu,
208 328 125 21 Vednesilay,
413 328 22 17 4,-
445 330 56 11 noon.

203 371 44 16 St.'U
256 371 40 14 I'll!'
305 369 3 18 -
321 370 12 14 N
347 369 76 14 I'U'ulS.

66 410 99 15 TakaPUXA
173 413 50 15 every
234 407 33 16 Moi
298 412 6 13 >

66 430 50 17 Mad
120 432 75 15 iifEi'UA
204 433 56 17 every
266 428 39 16 Thi-
334 428 4 22 '
354 433 16 11 v.

67 454 115 19 Dixcadke,
193 451 76 22 Friday.
307 451 36 16 ..vh
353 453 16 14 <>.
379 451 9 15 5
394 454 47 17 p.m.

66 477 75 19 Flora,
150 475 94 21 Thursday
316 474 22 17 '-h
347 473 28 21 12,
385 477 56 12 uoou.

65 520 92 18 Auckland
163 518 67 17 Branch
401 515 99 18 Bnildiuuv.

225 580 98 21 3-x

64 655 163 45 nUDDART,
253 653 111 20 PARKER,
385 649 55 20 AND
461 650 39 17 CO.

228 676 108 25 (limited),

87 725 96 24 Splendid,
193 722 163 24 Well-appointed
362 722 94 17 Steamers
461 720 39 17 will

63 752 23 15 lx;
94 748 116 25 despatched
218 748 49 16 from
275 747 120 18 Auckland,
405 750 21 11 its
440 743 58 18 undei

62 774 91 19 (wjatlier
169 771 38 18 and
225 771 55 17 other
296 769 145 18 circumstances
456 772 33 17 per-

64 796 85 22 mitting)
156 801 29 12 :
463 813 9 5 T

63 821 41 17 Fdii
110 817 137 20 GTSBORNE,
253 815 105 20 NAPIER,
366 813 116 18 WELLING-

84 842 57 19 TON,
153 839 158 20 LYTTELTON.
321 840 15 16 &
345 837 130 20 DGNEDIN,

65 868 100 17 Anglian,
175 865 102 17 Tuesday,
290 863 48 16 Mar.
349 863 26 18 10,
387 861 21 16 12
418 865 56 12 noon.

63 892 115 16 Tasmania.
187 884 14 24 ..
210 888 110 18 .Tuesday,
328 885 49 17 Mar.
385 884 114 20 24,12b00n

190 933 51 19 FOR
255 931 112 19 SYDNEY,

108 958 115 25 (Returning
235 958 20 15 to
263 954 99 19 Auckland
371 952 80 23 Direct.)

61 984 95 22 Carrying
176 982 113 20 Passengers
310 980 28 15 tor
450 980 45 16 IiXJ.,

73 1007 55 18 other
133 1007 131 16 Austkai.iax
271 1002 71 18 Pouts,
348 999 136 21 andHohart,

63 1036 106 17 Tasmania
176 1028 2 25 .
187 1028 3 25 .
198 1028 2 25 .
217 1031 98 18 Monday,
331 1028 50 18 Mar.
398 1028 37 20 9,7
449 1032 46 17 p.m.

62 1060 102 15 Anglian.
173 1055 106 19 .Monday,
288 1052 85 20 Mar.23,
384 1052 10 16 7
402 1056 47 18 p.m.

85 1084 114 19 All-Tickets
206 1088 31 11 are
245 1080 92 18 available
346 1079 39 17 also
399 1079 31 17 for
438 1078 47 22 Stop-

61 1115 45 11 over
113 1113 21 12 cr
143 1107 73 17 Return
229 1105 25 22 by
267 1103 54 18 ANY
338 1103 10 16 I
357 1102 66 17 NION
437 1101 59 18 CO.'S

62 1129 140 21 STEAMERS,
212 1123 37 22 and
256 1126 75 19 holders
340 1126 21 17 of
369 1125 67 17 U.S.S.
454 1124 42 18 Go's

61 1155 75 18 Tickets
157 1158 43 17 may
216 1150 60 18 travel
293 1150 24 22 by
340 1148 118 18 ANGLIAN
475 1154 22 10 or

61 1176 139 20 TASMANIA.

159 1206 23 17 L.
195 1205 24 17 D.
228 1201 109 20 NATHAN
350 1202 16 16 &
379 1201 45 20 CO.,

391 1223 81 23 Agents.

199 1267 95 17 rfHHOS.
315 1265 70 19 COOK
404 1263 17 19 &
446 1265 56 23 SON;

237 1318 52 15 BOOK
303 1316 96 14 PASSAGES
411 1316 42 12 AND

263 1340 75 15 SECURE
350 1339 78 14 BERTHS

223 1362 31 17 AT
267 1359 104 19 LOWEST
384 1357 81 19 RATES

60 1394 27 13 I3Y
100 1394 17 12 P.
127 1389 16 17 &
152 1392 17 12 0.
180 1391 34 15 CO.,
225 1388 75 14 OItIENT
308 1387 35 15 CO.,
354 1385 73 14 DIRECT
435 1385 59 12 J.INES

152 1413 90 16 OCEANIC,
256 1409 143 16 MESSAGEItIES,

160 1438 27 17 Or
192 1443 37 15 any
237 1436 38 17 line
283 1441 20 12 as
312 1434 78 18 desired.

80 1485 86 24 Enquiry
174 1483 78 19 invited.
268 1481 126 18 Information
403 1479 66 23 gratis-

59 1532 95 20 Intending
161 1535 67 16 passeui
235 1534 26 11 ers
274 1526 61 17 (-hould
350 1526 52 23 apply
416 1526 28 16 f''
461 1530 30 10 ~IU

78 1554 36 16 free
122 1553 30 16 list
159 1552 19 16 of
185 1554 73 13 steamer
271 1549 72 20 soilings
354 1548 34 16 aud
397 1548 47 15 fares
453 1550 18 12 at

105 1578 90 19 COOK'S
207 1576 125 19 SHIPPING
345 1574 99 20 OFFICE,

134 1609 22 17 70
164 1611 43 13 AND
216 1606 21 17 78
251 1606 164 20 QUEETf-STREET.

88 1636 84 17 Rotoiua
190 1635 87 21 Agency:
291 1632 94 18 Hmemoa
394 1630 69 18 Street.

77 1667 54 17 N.B.-
132 1665 77 18 Drafts
214 1665 37 16 Yind
259 1664 77 17 Circular
344 1663 55 16 Notes
407 1662 57 16 issued
474 1664 17 13 at

61 1691 54 14 owest
122 1689 67 15 current
197 1690 65 13 tates...

60 1726 293 49 Ehrenfried
367 1724 123 46 Bros

200 1783 145 23 BKEWERS,

135 1816 110 20 ALBEKT
261 1815 149 22 BjJEWEKY,

80 1848 136 22 QULEN-bT
221 1846 75 24 i;EET,
311 1846 114 20 AUCKLA
430 1845 40 19 ND

79 1901 68 17 WINE
159 1900 50 16 AND
221 1899 79 17 M'IRIT
310 1897 157 20 MERCHANTS,

98 1928 123 17 BOTTLERS
234 1927 50 17 AND
301 1926 144 19 IMPORTERS,

142 1951 26 19 43,
184 1953 131 13 QUEEN-&TBELT
331 1952 71 12 WHALF.

148 2002 52 11 riuzii
211 2001 59 11 JttDAL
281 2001 34 11 /..N'L)
327 1999 72 12 AWAItDS

56 2025 24 15 At
89 2025 29 16 the
131 2024 91 19 following
237 2022 113 16 Exhibitions
365 2021 27 15 for
401 2026 31 10 our
441 2020 36 17 well-

151 2046 61 15 known
226 2043 45 17 Bulk
280 2043 32 15 and
322 2042 69 16 Bottled

167 2065 48 18 ALE
227 2065 50 16 AND
289 2064 86 19 STOUT:

54 2095 72 21 Sydney
133 2093 125 17 International
267 2091 107 18 Exhibition,
386 2091 47 16 1870.

55 2116 102 15 Melbourne
165 2114 126 17 International
298 2112 109 18 Exhibition,
417 2112 69 15 1880-S1

55 2135 43 18 New
106 2136 74 17 Zealand
188 2133 98 20 Industrial
286 2133 108 20 Exhibition,
399 2132 78 22 Welling-

98 2161 36 16 ton,
145 2158 47 15 1885.

54 2178 44 18 New
117 2177 75 18 Zealand
206 2178 33 16 and
253 2178 54 15 South
320 2177 41 15 Seas
377 2175 109 17 Exhibition.

96 2200 88 17 Dunedin.
196 2200 78 15 ISSS-90.

54 2223 21 16 In
85 2222 75 16 addition
171 2223 16 14 to
198 2220 52 16 above
258 2220 43 16 have
319 2219 42 16 been
376 2218 80 16 awarded
470 2220 17 13 at

96 2243 91 17 Tasmania
189 2248 13 10 n
233 2241 108 19 Exhibition,
369 2239 117 20 Luunceston,

98 2265 80 16 1891-92.

140 2295 59 16 FIVE
209 2294 71 17 FIRST
296 2293 105 17 AWABDS

254 2321 33 11 FOE

63 2340 9 15 I
143 2337 110 17 BOTTLED
268 2337 57 15 ALES
342 2337 52 15 AND
412 2336 76 16 STCI'T

141 2380 251 33 CHAMPIONSHIP

84 2420 65 23 Gold
161 2418 87 23 Medal
258 2418 27 22 of
296 2417 166 23 Australasia

159 2453 72 12 AGAINBT
241 2452 99 12 ALLCOMERS
350 2452 32 13 FOR

57 2477 90 24 BULK
160 2476 70 23 AND
249 2474 146 25 EOTTLED
409 2474 65 23 ALE

145 2528 73 20 Havirg
226 2534 9 10 a
245 2528 57 19 Large
311 2527 51 15 Stock
371 2527 18 15 of

164 2554 49 16 ALE
224 2553 51 16 AND
287 2552 83 20 STOUT,

55 2581 69 17 Bottled
133 2581 16 15 in
157 2582 52 19 quart
218 2580 33 16 and
267 2580 37 19 pint
404 2578 84 21 specially

53 2602 68 17 brewed
129 2602 27 16 for
165 2602 28 15 the
202 2606 73 11 summer
284 2601 54 17 trade,
348 2600 57 16 which
413 2605 28 10 are
448 2605 39 10 now

53 2624 105 19 thoroughly
167 2622 84 18 matured,
264 2627 31 11 can
310 2621 42 16 with
367 2626 51 15 every
432 2621 45 15 confi-

53 2646 52 15 dence
116 2643 107 17 recommend
239 2648 45 11 same
300 2646 18 12 to
332 2647 121 12 connoisseurs
468 2647 20 10 as

53 2667 61 15 second
123 2668 18 13 to
148 2670 46 11 none
202 2666 17 14 in
230 2664 28 16 the
267 2664 72 20 Colony.

56 2795 198 34 FRANKTGN
279 2794 209 33 JUNCTION

54 2887 206 48 PASSENGERS
274 2887 27 24 by
317 2887 54 19 train
387 2888 20 17 to
422 2886 53 19 Auck-

246 2913 54 19 land.
314 2921 7 4 -

56 2963 158 28 TRAINS
224 2962 265 32 stop2ominutes

68 3001 21 16 at
96 2998 35 19 the
140 2996 104 19 Frankton
252 2995 96 19 Junction
358 2995 31 18 for
398 2994 77 19 dinner.

54 3024 70 17 Tlin
147 3021 137 25 undersigned
312 3021 38 19 has
380 3020 45 20 first
439 3020 52 20 class

56 3050 65 19 .Meals
134 3048 62 25 ready
206 3048 40 19 and
256 3047 70 19 served
336 3053 25 12 on
377 3047 75 19 arrival
469 3047 21 19 of

56 3076 27 19 nil
94 3076 72 19 trains.

60 3106 217 46 William
311 3105 177 48 Geach,

114 3167 318 24 PROPRIETOR.

58 3220 148 23 Hancock's
215 3218 97 23 XXXX
319 3218 62 23 Ales
391 3217 100 30 always

190 3252 32 16 on
233 3244 126 29 Draught.

58 3296 170 20 BILLIARDS.

320 3294 170 19 BILLIARDS.

63 3344 42 43 H
110 3342 71 19 ARRY
197 3341 133 19 ESKRIDGE
352 3341 49 22 begs
416 3342 20 16 to
458 3346 22 11 an-

133 3371 73 12 nounce
222 3365 42 17 tliat
284 3365 23 17 lie
327 3365 35 16 lias
380 3363 66 18 rented
468 3363 23 17 R.

58 3390 75 17 Wake's

164 3411 126 18 BILLIARD
305 3410 80 20 ROOM,

60 3436 85 22 e>pposite
153 3435 33 17 the
199 3434 65 18 Grand
277 3434 65 18 Hotel,
361 3433 37 17 and
414 3433 39 17 will
468 3433 25 16 Be

60 3459 46 22 glad
113 3461 21 14 to
143 3459 47 16 have
204 3464 11 11 a
227 3457 35 17 call
276 3457 50 17 from
339 3457 27 17 all
378 3456 79 23 knights
474 3455 19 18 of

60 3483 33 16 the
102 3487 39 13 cue,
150 3481 43 16 who
207 3480 38 17 will
259 3480 40 17 find
315 3485 36 12 one
367 3480 21 17 of
404 3480 32 15 the
452 3479 41 16 best

60 3504 104 23 appointed
171 3504 61 17 tables
240 3504 20 16 in
268 3503 47 17 New
324 3502 89 18 Zealand.

82 3546 42 44 J.
153 3544 47 46 R.
236 3542 238 49 LU.NDO.N,

195 3605 166 21 SOLICITOR,

86 3635 29 19 20,
126 3633 215 20 SnORTLAND-STREET,
350 3633 122 16 AUCKLAND*

60 3681 50 17 N.B.
112 3678 105 18 Attends
225 3680 78 21 country
313 3676 67 20 Courts
388 3678 26 22 by
427 3677 67 23 special

61 3702 139 23 arrangement.

190 3746 17 18 N
227 3745 15 18 O
256 3746 15 17 T
286 3746 10 18 1
310 3745 17 19 O
340 3746 24 18 E.

60 3798 85 31 npHE
155 3796 170 20 FOLLOWING
334 3796 73 23 Goods,
418 3796 78 25 freight
501 3788 1 41 |

68 3817 24 28 JL
131 3823 49 26 paid
189 3827 20 15 to
223 3823 88 19 liotorua
319 3830 34 12 :

62 3857 82 20 Doublo
258 3854 108 23 Bedstead,
383 3856 35 16 22s

103 3898 12 10 ~
152 3882 50 19 Iron
300 3894 12 9 ~
382 3881 36 16 40s

103 3924 11 10 ~
123 3905 170 22 Brass-mounted
301 3920 11 9 ~
329 3908 42 20 48s,
383 3907 40 20 08s,
436 3907 34 16 80s

62 3936 51 19 Best
124 3933 74 21 double
209 3932 47 19 wire
266 3931 124 24 Mattresses,
402 3932 35 17 2:ls

202 3956 42 21 llnx
403 3958 35 16 21s

202 3983 77 26 Kapok
289 3983 44 19 Bed
343 3984 35 17 40s

169 4011 55 19 Cash
244 4015 53 13 with
313 4009 79 19 Order.

88 4032 179 32 Paperllaaginfl,
279 4042 11 12 a
300 4035 57 24 large
368 4034 62 23 stock,
449 4040 40 19 very-

62 4066 72 24 cheap,
162 4056 54 29 Se'ii
227 4063 31 18 for
267 4063 98 24 patterns.

79 4096 43 31 T,
146 4093 58 33 W.
226 4089 255 37 MAOTCOKB.,

171 4126 23 18 11
203 4125 20 19 A
232 4122 71 22 MIL
312 4123 80 20 TOW.

548 107 89 22 (Under
644 106 131 24 Vice-regal
790 107 146 23 Patronage.)

528 140 35 25 rjl
577 139 16 17 O
618 139 211 17 TOURIST
847 138 18 20 S,
889 138 17 17 E
920 142 38 13 rc.

539 163 11 18 I
581 165 115 14 BEAUTIFUL
704 165 102 14 PRESENTS
817 166 38 13 FOR
864 165 63 13 HOME.

548 186 51 21 Very
614 184 112 18 Handsome
740 185 64 16 Inlaid
823 185 71 20 Tables;
910 184 36 17 Cab-

524 209 54 19 inets,
593 208 59 17 Jewel
665 208 62 20 Cases,
742 209 43 19 etc.,
801 208 27 17 all
840 207 54 17 made
910 207 48 17 from

525 231 32 17 the
565 231 81 17 fiuestof
650 231 49 17 2few
705 231 100 17 Zealand's
811 231 67 17 Forest
882 229 75 18 Woods.

525 254 110 17 Patronised
644 254 25 21 by
679 254 37 17 His
724 254 114 21 Excellency
847 254 32 16 the
887 252 46 17 Earl
938 253 20 16 of

524 277 94 22 Glasgow.
629 276 54 19 K.C.,
698 277 83 18 8.M.G.,
800 277 37 17 and
851 276 65 21 nearly
932 275 25 17 all

524 300 32 17 the
564 300 87 22 nobility,
661 300 72 17 British
742 301 37 16 and
786 299 82 23 Foreign
874 299 82 20 Officers,

523 323 38 16 and
569 325 70 20 gently
648 323 43 17 who
705 323 48 17 have
767 323 67 18 visited
848 323 47 16 New
909 322 36 17 Zea-

512 346 1 17 !
523 346 51 17 land.

512 363 1 28 I
553 369 30 17 W.
597 368 106 21 NORRIE,
713 370 40 21 Top
763 370 20 16 of
791 368 137 19 Sliortland-st.

524 417 135 26 BRASS
666 417 120 26 BAND
800 417 155 26 SPORTS

635 473 31 17 TO
680 474 33 16 BE
726 473 73 17 HELD
807 473 37 17 OS

522 504 40 19 ST.
577 504 158 19 FATRICK'S
749 504 70 22 DAY,
830 504 64 21 (Mar.
912 502 41 23 17).

592 536 35 17 OX
639 537 53 16 THE
710 536 174 18 RACECOURSE.

539 567 32 23 (In
579 568 32 16 aid
619 568 20 16 of
644 568 33 17 the
684 569 84 16 Rotorua
776 568 23 16 A.
806 567 56 17 Brass
868 563 70 26 Band.)

669 614 137 17 PROGRAMME.

525 647 41 17 I.
571 645 37 24 120
608 645 38 24 yds
660 645 80 19 Hurdle
754 645 114 21 Handicap.
889 644 64 24 Prize,

550 673 35 17 2.
595 672 143 18 Nominations
745 673 22 17 3s
775 672 4 24 ;
792 677 38 13 acci
837 673 78 23 ptance,
928 673 24 17 Is.

522 701 17 16 2.
569 699 44 17 lioti
623 704 36 12 iua
682 697 44 25 Cup
753 697 115 25 Handicap.
896 697 59 19 Prize

548 725 36 19 B.
609 725 42 21 100,
671 725 37 17 220
719 723 41 20 and
769 723 35 25 440
804 723 48 25 yds.
889 723 29 18 To
929 723 25 18 be

547 757 37 12 run
600 750 20 18 in
639 749 3 23 1
647 754 49 14 ?.*:ts
710 752 33 20 Ist,
756 749 46 23 2nd,
815 749 39 18 and
875 749 35 18 3rd
934 751 20 17 to

546 779 61 16 count
627 777 17 21 7,
665 778 18 21 4,
704 776 40 18 and
761 778 10 16 2
788 775 132 25 respectively
933 776 21 17 in

547 802 48 19 each
611 809 51 12 race.
700 802 149 22 Nominations,
866 803 35 21 4s;
922 808 22 12 ac-

546 831 101 21 ceptance,
659 830 29 17 2s.

521 856 36 17 3.
567 854 42 19 One
619 854 50 19 J.li'e
680 853 80 26 Bicycle
769 853 115 25 Handicap.
912 852 28 20 En-

546 883 73 20 trance,
632 883 22 15 2s
664 880 32 19 Od.

519 908 43 17 4.
569 905 4 26 I
585 906 56 25 ady's
648 906 99 22 Bracelet,
757 905 115 25 Handicap.
894 905 44 20 Com-

545 933 84 24 petitors
639 932 118 19 nominated
768 932 27 25 by
805 932 70 19 ladies.
910 932 29 18 No-

545 958 115 23 minations,
675 960 28 17 3s.

519 984 154 19 s.One-.Mile
694 984 115 25 Handicap.
838 983 64 24 Prize,
924 984 28 19 2

546 1013 40 17 10s.
596 1011 150 20 Nominations,
754 1013 22 16 2s
785 1011 4 24 ;
797 1012 118 23 acceptance
926 1012 20 17 Is

519 1037 160 19 C.Half-Milo
690 1037 115 24 Handicap.
844 1033 63 26 Prize,
921 1037 29 19 1

546 1065 40 17 10s.
624 1063 152 24 Nominations,
791 1065 18 17 is
824 1063 36 23 Gd;
883 1069 58 19 accep-

543 1092 65 20 tance,
621 1091 26 17 Is.

543 1124 144 19 Nominations
695 1124 39 19 and
741 1124 150 25 performances
898 1125 53 16 must

519 1150 24 19 be
553 1149 74 26 lodged
647 1150 48 19 with
715 1150 34 19 the
770 1152 104 22 Secretary
893 1149 27 25 by
940 1151 10 16 5

518 1176 74 19 o'clock
604 1176 69 19 March
686 1176 53 23 14tli,
755 1177 55 17 1890.

647 1228 43 19 Otii
694 1235 25 12 ek
729 1228 89 19 Events.

550 1254 146 24 (Nominations,
706 1255 39 20 &c.,
756 1259 23 12 on
789 1254 32 17 the
830 1252 89 24 ground.)

543 1286 83 19 Maiden
639 1292 52 16 race,
713 1285 37 25 150
750 1285 37 25 yds
797 1285 3 25 ;
821 1285 60 25 Boys'
898 1291 50 17 race,

519 1313 72 25 (under
604 1312 43 24 1.5);
665 1311 85 25 Putting
760 1311 35 19 the
805 1311 68 27 stone;
892 1311 56 25 lligli

515 1339 71 25 jump;
612 1338 153 25 Three-legged
784 1344 56 16 race;
864 1338 85 24 Tug-o'-

518 1365 56 19 War.
585 1364 66 19 Maori
662 1371 18 12 v.
698 1364 85 19 Pakelia
792 1363 3 24 ;
821 1363 128 19 Consolation

515 1397 51 12 race.

541 1417 55 18 Four
606 1419 20 16 to
642 1419 92 23 compete
751 1416 20 19 in
790 1416 49 19 each
854 1423 22 12 or
893 1416 56 19 there

516 1443 40 19 will
566 1443 26 18 bo
603 1449 25 12 no
638 1449 51 12 race.

687 1469 18 16 J.
719 1469 29 17 W.
762 1468 115 21 WEBBER,

821 1492 51 16 Hon.
884 1491 40 18 Sec.

693 1540 100 20 GRAND

515 1567 87 19 PLAIN
621 1568 15 18 &
651 1567 96 19 FANCY
764 1566 88 20 DRESS
867 1565 80 21 BALL.

514 1602 27 19 In
550 1602 38 18 aid
597 1602 26 17 of
628 1602 41 17 the
680 1601 92 24 Jockey
788 1600 57 19 Club
861 1600 85 19 Funds,
957 1600 1 26 j

593 1649 68 25 17TH
676 1648 103 26 MARCH
799 1647 67 27 1596.

630 1675 36 23 (St.
673 1675 93 17 Patrick's
773 1675 58 23 Day.)

540 1706 123 20 Committee
671 1713 25 13 of
703 1707 159 19 Managemknt:
880 1706 32 19 \V.
923 1707 23 18 A.

514 1733 107 22 Williams,
634 1733 12 19 J
668 1733 31 19 W.
711 1733 98 23 Webber,
818 1732 22 19 T.
848 1732 22 20 0.
879 1733 55 25 Urqu-

514 1759 51 22 hart,
577 1759 28 19 H.
623 1759 96 24 Fortune,
734 1760 23 18 G.
776 1759 77 25 Mayes,
874 1759 29 19 M.
923 1759 23 19 F.
957 1757 1 29 j

513 1785 68 19 Boord
591 1785 40 19 and
642 1786 23 18 A.
682 1786 80 18 Munl-o.

514 1834 72 17 FIRST
599 1834 77 18 CLASS
688 1835 88 17 MUSIC.

667 1858 160 18 RECHERCHE
840 1858 105 17 SUPPER.
957 1858 1 20 j

539 1885 87 19 Tickets
641 1887 20 17 to
675 1886 26 19 be
720 1886 98 19 obtained
837 1886 51 18 from
906 1892 40 18 any
957 1885 1 27 j

512 1911 90 20 member
612 1912 21 19 of
642 1912 35 19 the
686 1912 127 19 Committee.

513 1943 86 23 Double,
616 1943 33 26 os;
673 1943 71 26 Single
764 1943 90 24 (Gents')
868 1945 22 17 3s
908 1943 25 19 Od
941 1943 4 26 ;

591 1969 71 26 Single
679 1970 107 25 (Ladies'),
802 1971 23 17 2s
835 1970 31 18 (id.

617 2004 96 19 Dancing
728 2010 26 13 at
771 2006 12 17 9
797 2010 42 13 p.m.

652 2035 20 17 T.
687 2035 21 18 C.
724 2034 150 21 URQUHART,

820 2058 52 17 Hon.
882 2058 39 17 Sec.

671 2172 18 14 v;
694 2171 14 16 y
710 2167 1 21 ,
712 2167 59 21 &te?v
778 2171 6 16 j
784 2172 14 14 V

550 2192 67 12 TRADE
846 2191 66 14 MAKK.

663 2198 125 46 <JP\

758 2271 23 25 &

664 2307 55 20 ASK
736 2307 55 19 FOR

511 2360 105 45 lIA
635 2359 85 45 XC
737 2362 39 37 ()
790 2359 94 43 CK
901 2359 42 45 S'

634 2432 186 20 CELEBRATED

691 2482 87 35 MM

620 2543 38 42 A
677 2542 40 43 L
732 2542 38 43 E
789 2542 44 51 S,

640 2600 58 13 MADE
707 2601 55 13 FROM
773 2601 41 12 THE
955 2590 2 25 I

512 2634 116 31 FINEST
656 2635 87 32 KALI
765 2634 65 31 AND
847 2634 96 38 HOPS,

548 2717 53 14 FREE
614 2717 54 13 FROM
682 2718 39 12 ALL
735 2717 128 14 ANTISEPTICS
876 2718 24 12 Oil

615 2743 142 14 DELETERIOUS
776 2744 63 13 ACIDS.

513 2810 138 31 CAPTAIN
674 2811 83 31 COOK
776 2810 167 38 BREWERY,

616 2854 195 20 NEWMARKET.

512 2976 114 19 BARBER
647 2977 61 18 AND
737 2976 208 25 HAIRDRESSER,

512 3010 91 44 BEGS
614 3013 21 17 to
646 3018 105 13 announce
762 3012 45 19 that
813 3012 25 18 lie
850 3012 37 19 has
893 3018 42 13 com-

579 3038 83 18 menced
674 3038 93 19 business
779 3039 19 17 in
811 3039 33 18 the
860 3038 52 25 shop
927 3039 19 18 iu

512 3066 34 18 (lie
562 3063 32 19 old
611 3065 60 22 town,
693 3064 95 25 formerly
808 3065 95 24 occupied
919 3064 29 25 by

513 3091 32 19 Mr
555 3089 124 25 McFadyen,
689 3091 87 22 saddler,
793 3091 42 18 and
850 3091 63 25 hopes
927 3093 21 17 to

513 3117 58 19 merit
583 3122 11 13 a
605 3117 58 18 share
675 3117 22 18 of
706 3116 35 19 the
752 3116 69 25 public
831 3120 89 22 support.

595 3150 160 19 RAZORS
784 3150 70 19 SET

536 3201 22 17 A
567 3199 83 19 Choice
661 3199 153 19 Assortment
828 3199 26 18 of
864 3199 71 19 Tobac-

513 3229 46 16 cos,
570 3223 86 26 Cigars,
667 3223 131 23 Cigarettes
806 3222 19 19 &
832 3223 117 18 Smoker's

513 3246 139 23 Requisites.

515 3295 182 23 AUCKLAND
719 3295 51 22 and
788 3295 161 22 WAIKATG

659 3321 141 23 AGENCY,
812 3338 14 5 _

527 3356 57 19 Near
594 3356 94 19 Catholic
698 3356 87 23 Church,
799 3355 136 20 ROTORUA.

786 3407 126 47 depot,

706 3462 60 19 AND

516 3497 245 26 GENERAL
780 3495 168 27 STORE.

540 3554 70 19 Local
634 3555 80 23 Agent
739 3554 36 19 for
800 3554 151 19 Commercial

515 3577 80 19 Union
609 3577 51 19 Fire
675 3578 135 18 Assurance
824 3577 126 24 Company,

516 3601 107 18 Limited.

704 3651 101 51 MS

567 3716 212 25 Commission
795 3716 110 31 Agent.

550 3772 47 45 R.
620 3770 303 50 GRIFFITHS,

630 3835 213 32 ROTORUA,

518 3874 140 27 GENERAL
666 3874 119 26 CARTER
792 3874 19 25 St
816 3873 136 27 CARRIER.

545 3932 66 20 Goods
622 3932 104 20 delivered
735 3935 20 16 to
764 3932 28 19 all
807 3934 56 23 parts
880 3933 22 19 of
919 3933 34 19 the

518 3958 78 19 district
604 3961 21 16 at
631 3958 39 19 low
680 3962 61 15 rates.

600 3988 61 19 ALL
675 3989 113 18 TRAINS
802 3989 68 19 MET.

545 4045 139 19 N.B.Good
689 4045 132 25 paddockiiig
825 4045 31 19 for
860 4051 12 13 a
875 4045 80 20 limited

520 4071 86 19 number
615 4071 21 19 of
646 4071 76 19 horses.
740 4071 106 25 Spencer's
855 4071 98 26 paddock,

520 4096 144 20 well-watered
693 4097 40 19 and
766 4104 59 17 every
856 4097 98 19 attention

521 4122 53 23 paid.

1069 107 259 20 EXHIBITION.

970 152 2 29 |
981 152 39 17 Oil
1032 152 114 18 Paixtjxgs
1155 157 24 13 or
1187 153 51 17 New
1247 154 98 17 Zf.ai.axd
1354 155 49 17 Scen-

1083 180 48 17 ery,
1141 176 44 17 Hot
1195 176 75 21 Lakes,
1280 178 34 17 &c.

1136 222 37 17 and
1182 223 64 17 others
1254 229 31 10 arc
1294 224 121 22 respectfully

999 250 8 12 T
1050 245 72 17 invited
1136 249 19 13 to
1169 246 74 22 inspect
1254 246 33 17 Mr
1299 246 116 18 Bloinfield's

979 267 77 23 Unique
1065 268 104 18 Collection
1177 269 21 16 of
1212 268 86 23 Original
1315 270 100 23 Paintings

979 296 44 11 now
1032 296 24 11 on
1065 291 48 17 view
1121 293 20 15 at
1150 291 28 17 Lis
1188 291 72 21 Studio,
1273 293 142 21 Karangahapc

979 313 60 21 Road,
1050 314 106 17 Auckland.

1004 337 174 23 X.B.Paintings
1187 338 20 16 of
1216 338 33 17 the
1256 338 101 23 destroyed
1370 340 33 16 Ter-

979 365 51 12 races
1038 360 73 18 similar
1120 362 21 16 to
1155 361 54 17 those
1222 367 25 11 on
1262 362 46 16 view
1364 362 51 17 Lalre

979 383 66 17 House
1057 383 39 17 and
1109 383 67 18 Palace
1195 384 65 20 Hotel,
1278 390 36 12 can
1330 385 46 23 only
1392 386 22 16 Ik*

967 406 2 23 I
978 406 90 17 obtained
1081 406 59 18 direct
1156 408 49 16 from
1221 407 33 17 the
1272 408 60 17 Artist
1346 410 21 15 at
1383 409 32 16 the

967 428 2 23 |
978 428 60 18 above
1049 429 82 18 address.

966 462 103 69 lIT
1086 479 43 47 f),
1173 479 213 49 MJYLO]^

966 545 1 30 :
980 546 155 26 IMPORTER
1148 545 61 28 AND
1223 548 188 27 COMMISSION

966 574 1 31 i
1139 574 109 26 AGENT.

966 622 1 24 ;
1035 622 87 18 LARGE
1130 624 38 17 and
1177 624 138 18 well-assorted
1323 625 54 17 stock
1394 625 20 17 of

978 676 125 24 Crockery,
1129 677 136 23 Glassware,

1036 708 173 25 Ironmongery,
1220 710 105 23 Drapery
1333 711 21 18 &

1134 741 135 19 Household
1279 742 132 19 Furniture.

1011 772 78 23 Always
1098 778 24 12 on
1131 773 51 17 hand
1191 775 20 15 at
1220 773 74 18 Lowest
1307 774 69 18 Prices,

965 803 1 28 j
976 803 57 18 Also
1055 804 85 18 Totara
1167 804 68 18 Posts
1260 805 47 18 and
1331 806 81 18 House

965 826 1 30 j
988 826 85 19 Blocks
1082 828 26 17 at
1117 827 99 19 reduced
1225 829 63 17 rates
1296 829 26 17 to
1331 829 68 19 clear.

965 863 1 35 I
999 874 32 16 All
1040 874 134 18 Commissions
1183 874 71 18 receive
1261 877 79 21 prompt
1347 877 54 16 atten-

965 896 1 18 i
974 896 47 18 tioni

1122 963 100 19 MUSI
1235 964 21 18 C.

965 1011 1 26 I
1136 1014 64 16 One
1216 1020 21 11 or
1253 1015 38 16 two
1308 1015 64 22 pupils
1381 1016 30 17 for

965 1036 1 27 j
992 1039 8 14 T
1011 1039 9 16 T
1065 1036 203 20 pianoforte.Terms
1275 1038 30 17 etc
1314 1044 24 11 011
1347 1039 62 23 appli-

965 1055 1 26 I
974 1064 10 12 o
990 1061 17 15 ii(
1011 1059 31 17 ion
1052 1060 20 16 to
1081 1059 36 18 Me
1125 1060 68 21 Cross,
1203 1062 20 15 at
1232 1061 32 17 the
1273 1062 46 17 Post
1328 1061 58 18 Office

965 1086 1 16 1

1097 1119 17 19 T
1127 1119 20 17 II
1160 1119 18 19 A
1194 1119 19 18 N
1228 1119 20 19 IC
1261 1119 21 19 S.

973 1173 70 42 MR
1055 1173 55 17 AND
1130 1172 53 17 MRS
1200 1171 132 19 MAUNDER
1348 1172 61 18 dcs'.ro

1049 1198 20 15 to
1078 1197 65 16 return
1160 1196 70 17 sincere
1243 1194 70 19 thanks
1329 1196 31 17 for
1376 1196 32 17 the

965 1216 1 28 !
973 1222 58 21 great
1049 1219 98 19 kindness
1164 1220 39 17 and
1219 1225 61 13 warm
1298 1220 108 24 sympathy

965 1243 1 22 I
972 1245 70 19 shown
1058 1247 21 18 to
1100 1245 52 19 thorn
1171 1245 28 19 l>v
1218 1246 52 18 their
1289 1246 78 18 friends
1386 1246 21 19 of

973 1270 96 24 Kotorua,
1082 1272 20 19 in
1113 1272 49 19 theil
1162 1270 4 26 -
1175 1274 58 22 great
1244 1271 79 19 trouble
1333 1272 73 19 caused

973 1297 26 24 by
1013 1297 34 19 the
1058 1298 40 18 late
1109 1298 35 19 sad
1156 1297 43 19 fire.

1310 1420 18 5 _

1070 1501 35 43 y
1110 1502 104 17 EALAXT)
1237 1502 17 42 |
1260 1503 145 42 RAILWAYS.

970 1571 140 18 HAMILTON
1117 1571 87 21 PACES,
1211 1572 75 18 Makch
1292 1574 39 16 (sth
1338 1573 14 17 &
1360 1574 44 17 7TH.

1093 1618 87 17 CHEAP
1199 1618 87 19 FARES.

969 1667 135 19 Fntsr-rf.Ass
1113 1667 4 21 :
1225 1670 10 15 S
1240 1674 136 14 eooxd-class
1384 1667 4 21 :

983 1693 24 19 2d
1018 1700 37 12 nor
1065 1693 53 19 mile.
1242 1694 23 20 Id
1276 1702 35 18 per
1322 1695 54 19 mile.

995 1719 67 21 Miuin
1072 1721 33 18 ini
1123 1723 22 15 -1-s
1167 1720 42 20 and
1224 1722 22 17 L's
1264 1722 139 25 respectively.

969 1745 91 24 Mileage
1070 1747 85 19 counted
1166 1753 38 13 one
1214 1753 50 18 way.

995 1772 82 20 Tickets
1089 1776 20 15 at
1120 1773 33 19 the
1162 1773 65 19 above
1243 1774 54 18 fares
1317 1773 41 19 will
1379 1774 25 18 be

969 1799 68 18 issued
1049 1799 51 18 from
1111 1800 86 18 stations
1212 1806 27 12 on
1259 1800 35 18 the
1312 1799 92 19 Rotorua

969 1824 76 19 branch
1058 1829 20 14 to
1089 1825 106 19 Hamilton
1206 1825 49 19 East
1265 1832 22 13 or
1303 1826 59 19 West
1378 1832 25 13 on

969 1850 70 20 March
1052 1851 34 19 Oth
1098 1851 37 18 end
1149 1851 33 19 7th
1193 1851 40 19 and
1244 1851 40 20 will
1300 1852 24 19 ho
1341 1852 52 19 avail-

968 1876 48 19 able
1025 1877 33 19 fur
1068 1881 69 15 return
1149 1878 27 25 lip
1186 1881 20 16 to
1217 1878 71 19 March
1300 1878 41 19 9th.

1250 1904 32 19 By
1296 1905 79 18 Okbek.

970 1963 153 17 TMPROYER
1131 1963 75 17 wanted
1215 1963 30 17 for
1253 1964 33 16 the
1297 1963 95 19 dressmak-

970 1981 17 24 _l
1086 1986 64 23 Apply
1189 1992 46 12 once
1249 1989 19 15 to
1282 1987 47 18 Mks
1341 1988 47 17 How-

968 2013 60 16 usu,
1040 2010 68 17 Arawa
1117 2010 67 17 Streets

981 4217 102 39 Ask
1111 4218 72 39 for
1207 4218 263 39 Hancock's
1499 4217 276 39 Celebrated
1807 4215 93 38 XX
1907 4214 88 39 XX
2021 4214 110 39 Ales
2159 4218 94 36 ani
2280 4217 149 38 Sign's.
