3290 4320
53 143 32 40 IN
95 136 146 43 ANCIENT
258 135 215 41 MAORILAND.

55 217 58 18 KOTES
129 214 111 15 COLLECTED
263 213 52 13 FROM
333 210 44 16 TIIE
390 212 74 13 DESCEN-

73 243 22 13 DA
98 240 34 13 NTS
148 238 23 13 OF
181 237 41 13 TIIE
230 236 125 13 ABORIGINAL
364 235 76 14 PEOPLE
453 235 24 13 OF

73 264 36 14 the
113 259 56 16 Raxg
172 259 64 14 itaiki
239 255 85 17 Valley
327 259 42 12 and
376 258 40 13 the
421 254 42 17 Ure-

73 287 52 13 wera
132 281 102 18 Country,
240 283 44 12 and
291 282 54 12 from
354 282 41 12 the
404 277 57 17 Hata-

72 309 49 15 ati'A
129 304 78 16 Tribes.

148 334 15 16 15
167 338 11 12 v
188 332 101 18 ELSDOX
301 332 68 16 BEST.

72 392 53 17 Given
133 389 26 20 by
167 386 92 18 members
267 386 21 17 of
295 386 34 18 the

54 422 27 10 w:i.
101 406 66 27 Sgati-
168 411 75 18 Whare,
262 409 70 21 Tuhoe,
353 407 120 23 Ngati-Apa,

51 436 113 20 >*.rati-Aw:i,
186 432 148 23 Ngati-Hamua
355 431 39 17 and
413 430 48 18 Putu-

53 460 64 20 healieu
125 456 68 18 Tribes.

59 531 123 17 ■KOIIIKOHIA
194 530 41 13 XGA
248 529 115 13 MAItASIAItA
376 528 10 13 0
400 524 58 17 MATA-

91 611 116 20 CHAPTER
224 609 201 23 Vll.—(Continued.)

54 663 49 17 Wars
115 663 24 12 of
151 661 41 13 the
208 657 117 16 Mataatua
338 659 42 14 and
394 656 78 16 Arawa

212 680 80 16 Tribes.

73 717 23 17 go
105 713 67 20 Tuhoe
182 711 93 19 marched
287 710 54 19 forth
352 710 55 19 forth
414 716 55 19 upon

54 744 26 19 the
91 738 102 25 war-path,
205 743 49 12 even
265 736 52 19 until
327 736 47 24 they
384 736 85 19 reached

54 770 26 18 the
89 767 35 18 Sea
132 765 20 18 of
162 764 75 24 Taupo.
266 763 30 18 On
313 762 90 23 arriving
412 762 57 18 there

54 793 44 21 Uhia
108 790 40 19 said
157 792 21 15 to
193 789 32 18 his
245 788 77 25 people.
357 788 75 23 Listen,
452 788 16 19 0

54 816 67 24 Tuhoe!
141 816 19 18 If
179 815 35 18 the
233 820 46 13 men
295 814 21 18 of
335 814 134 18 Tuwharetoa

54 844 59 22 should
124 842 48 19 offer
180 844 20 15 to
209 840 53 25 fight
270 840 42 18 this
328 839 45 25 day,
392 839 25 19 do
434 842 34 16 not

54 870 67 22 consent
131 867 50 19 until
191 866 11 19 I
212 866 53 19 have
273 865 65 19 found
348 866 34 18 the
392 872 47 12 man
457 866 11 18 I

54 896 42 23 seek,
106 894 45 19 then
162 899 45 18 may
216 898 40 18 j'ou
271 891 46 25 give
328 891 69 19 battle.
425 891 43 19 The

54 925 33 18 pjen
96 921 24 18 bv
130 919 63 19 which
204 918 10 18 I
225 917 52 19 shall
287 917 58 18 know
359 918 45 17 that
419 924 47 12 man

110 945 33 19 red
154 944 58 19 cloak
221 943 44 19 that
276 943 24 19 he
308 949 68 12 wears.
405 943 22 18 If
433 943 34 19 the

54 980 56 15 enemy
129 970 73 23 attack,
228 969 26 19 do
272 971 35 16 not
325 969 68 26 move;
419 969 48 19 wait

54 999 38 22 until
101 999 10 18 !
120 997 37 19 call
166 999 20 15 to
196 1002 46 18 you,
254 995 93 19 however
356 1000 60 19 eager
425 1000 41 20 you

54 1032 35 16 may
167 1022 56 18 Thus
234 1021 64 19 ended
315 1021 35 18 the
366 1020 64 19 words
445 1021 22 18 of

52 1052 48 22 Uhia.

71 1074 189 26 NgntiTuwharetoa
268 1072 103 19 advanced
382 1079 25 11 on
415 1072 38 19 Oro-

51 1104 36 21 jia*
95 1103 31 17 the
136 1101 138 23 encampment
284 1099 21 18 of
312 1098 69 18 Tuhoe
390 1098 75 24 (where

53 1131 36 23 they
97 1127 37 20 had
147 1125 120 20 entrenched
277 1124 136 24 themselves).
426 1124 39 18 For

54 1161 28 15 two
91 1154 45 24 days
145 1152 34 19 the
197 1150 137 26 Ngai-Tuhoe
348 1150 82 18 refused
444 1153 21 15 to

53 1181 44 20 jjirht.
123 1179 30 19 On
170 1178 35 18 the
221 1176 55 19 third
294 1176 39 25 day
348 1175 62 23 Uhia,
430 1176 35 18 the

53 1207 65 20 warrior
128 1204 60 25 priest
198 1202 60 23 cried,
371 1201 40 19 last
416 1208 48 17 may

54 1240 28 14 you
197 1230 28 17 As
245 1228 55 19 Uhia
322 1227 62 25 spake
409 1227 55 19 these

54 1258 56 22 words,
120 1256 32 19 the
168 1261 47 13 man
232 1254 26 19 he
272 1253 76 26 sought
363 1260 41 12 was
417 1260 47 12 seen

54 1282 118 28 approaching
181 1281 21 19 in
212 1287 12 12 a
233 1286 68 13 canoe.
330 1280 67 23 Again
407 1279 57 19 Uhia

51 1309 50 22 ■called
116 1312 19 15 to
151 1308 31 18 bis
394 1305 17 19 is
430 1312 33 17 my

53 1343 39 14 man.
117 1335 26 18 At
157 1333 45 23 last,
223 1332 15 19 0
257 1331 81 19 Tuhoe!
359 1338 46 17 may
423 1338 40 17 you

54 1362 47 20 ti«ht.'
105 1357 3 25 !
148 1360 28 18 As
194 1359 35 18 the
245 1364 61 12 canoe
325 1357 86 19 reached
430 1357 33 19 the

54 1390 42 18 shore
113 1387 33 18 the
164 1385 69 19 Tuhoe
252 1383 75 19 rushed
346 1383 58 18 down
423 1383 40 18 and

54 1418 33 16 slew
100 1413 31 19 the
147 1418 53 12 man.
229 1410 56 18 Then
301 1409 49 24 they
365 1409 98 18 -attacked

53 1441 24 19 the
84 1439 48 19 main
147 1437 54 25 body
218 1437 20 18 of
256 1435 208 21 Njrati-Tuwliaretoa

54 1466 27 20 and
95 1463 89 21 defeated
202 1463 56 19 them
275 1468 26 12 on
318 1461 44 19 that
380 1460 48 19 field
442 1461 22 18 of

54 1491 52 23 battle,
115 1491 33 17 the
157 1495 59 13 name
232 1488 22 19 of
269 1487 65 20 which
353 1487 17 18 is
388 1486 72 24 Orona,

54 1518 27 20 and
89 1517 29 19 tho
128 1522 25 19 pa
169 1514 97 26 captured
283 1519 40 12 was
339 1513 27 18 Te
383 1513 78 18 Totara.

52 1545 40 19 Then
113 1543 32 18 the
163 1541 89 24 fighting
276 1539 72 19 ceased
366 1539 40 18 and
425 1539 36 18 the

54 1569 46 20 chiefs
108 1569 19 18 of
137 1567 70 20 Tuhoe
226 1566 44 19 said
287 1571 37 13 one
341 1568 20 15 to
378 1565 85 18 another

70 1595 25 20 Ka
104 1601 21 12 ea
134 1597 19 15 te
161 1592 75 20 kanolii
247 1592 56 19 kitea
318 1597 13 12 o
347 1590 116 19 Tai-hakoa

55 1623 13 18 ki
76 1623 36 17 roto
121 1627 10 12 o

72 1648 53 19 There
135 1652 39 13 was
183 1644 85 19 another
276 1643 58 23 tribe,
346 1643 35 19 the
390 1642 59 20 Wara-

54 1674 31 22 lioe,
94 1673 40 18 who
144 1677 51 13 were
205 1674 20 15 at
235 1676 41 13 war
286 1669 48 19 with
348 1669 71 24 Ngati-
428 1669 3 27 !
438 1675 12 12 u-

53 1700 88 19 wbaretoa.
167 1697 65 18 These
247 1695 103 20 Warahoe
357 1695 43 19 had
411 1694 50 19 been

55 1726 50 19 driven
115 1724 48 19 from
174 1722 118 26 Kangitaiki
301 1722 26 23 by
336 1721 63 25 Ngati
411 1721 50 19 Awa

55 1752 25 19 and
98 1751 31 18 the
148 1749 101 19 survivors
269 1748 39 18 fled
336 1750 20 16 to
384 1747 76 24 Taupo.

56 1778 45 19 These
116 1782 49 13 were
184 1775 34 18 the
236 1774 71 25 people
325 1773 44 19 who
387 1773 74 24 fought

54 1802 33 20 with
96 1802 30 18 the
136 1801 62 25 Ngati
211 1800 139 22 Tuwharetoa,
360 1799 38 19 but
409 1798 52 25 'they

55 1835 35 13 were
98 1827 100 24 destroyed
208 1827 41 18 and
259 1826 33 18 the
303 1825 69 19 bodies
379 1825 21 18 of
407 1830 54 13 some

55 1856 13 19 of
73 1855 44 19 them
125 1860 49 13 were
181 1853 77 25 packed
266 1852 20 18 in
294 1851 89 19 baskets.
411 1851 50 18 This

54 1888 26 12 was
88 1880 29 19 tho
125 1886 69 12 reason
204 1879 21 18 of
235 1884 37 12 one
282 1878 21 18 of
316 1877 58 19 those
389 1877 72 25 people

54 1906 78 25 receiving
138 1905 33 19 the
179 1911 58 13 name
245 1905 21 17 of
277 1903 116 20 Kohi-kete.
405 1903 56 18 Thus

55 1932 44 20 ended
108 1932 31 18 tho
148 1931 110 19 intentions
267 1931 21 18 of
301 1929 70 20 Tuhoe
386 1929 21 18 in
426 1935 24 12 re-

55 1958 34 26 gard
96 1960 17 16 to
122 1957 75 25 Taupo.

71 1984 44 19 Then
129 1985 46 23 they
191 1983 74 20 turned
283 1984 20 17 to
324 1982 34 18 the
379 1980 80 19 Arawa.

56 2011 38 23 Tliey
102 2009 69 25 sought
181 2009 31 19 for
223 2016 26 11 an
264 2014 72 13 excuse
354 2009 21 17 to
392 2006 68 19 attack

56 2037 17 18 Te
80 2037 61 18 Arawa
151 2035 39 19 and
201 2035 63 18 found
278 2035 22 18 it.
337 2034 28 18 To
386 2033 62 24 iangi-

55 2062 79 19 ia-tukua
143 2062 40 18 had
193 2061 85 19 assisted
289 2060 20 18 in
324 2060 35 18 the
374 2058 44 19 raid
435 2065 25 12 on

56 2088 104 19 Ruatahuna.
190 2084 99 27 Enough!
311 2086 49 18 Lest
376 2085 15 18 it
408 2084 25 19 bo
448 2091 13 12 a

55 2114 39 19 boast
101 2116 18 17 of
129 2114 29 18 his
169 2113 132 19 descendants
315 2112 46 19 that
377 2111 24 19 he
419 2110 40 20 had

54 2140 43 19 •dared
113 2140 31 18 the
159 2139 70 18 Tuhoe
242 2139 23 18 in
284 2138 53 19 their
355 2138 103 18 mountain

56 2165 47 20 home!
114 2165 54 18 Then
177 2164 70 19 Tuhoe
263 2164 93 19 marched
372 2163 33 19 for
425 2163 34 18 the

55 2191 32 20 laud
94 2192 17 18 of
120 2192 30 18 the
160 2192 80 18 Arawa.
254 2190 56 19 Uhia
322 2189 35 19 the
368 2189 91 24 tohunga

56 2221 34 15 went
105 2224 19 12 as
141 2224 11 12 a
171 2217 127 19 commander
317 2217 21 17 of
358 2216 33 17 the
411 2222 36 12 war-

54 2246 45 23 party,
109 2244 27 18 for
145 2243 27 19 all
182 2243 41 19 had
233 2250 47 12 seen
291 2243 34 17 tho
338 2241 81 19 wisdom
438 2241 21 19 of

56 2270 19 19 his
82 2269 68 20 counsel
159 2276 22 12 or
191 2269 70 19 rather
271 2269 44 18 that
326 2269 21 17 of
357 2268 31 18 his
403 2269 54 21 atu>i,

56 2297 13 17 of
84 2296 22 18 Te
122 2295 170 19 Rehu-o-Tainui.
334 2293 71 19 Hence
424 2293 34 19 the

56 2321 33 25 aged
96 2322 55 23 priest
162 2328 40 12 was
212 2321 73 18 chosen
296 2327 23 11 as
334 2320 68 18 leader
418 2319 40 19 and

56 2354 31 12 even
95 2348 29 18 the
133 2347 62 19 chiefs
204 2354 52 12 were
265 2347 60 18 silent
336 2346 20 18 in
373 2345 84 19 council.

56 2373 15 19 So
84 2373 27 19 tho
131 2373 141 25 Ngati-Tuhoe
293 2375 53 16 went
364 2371 54 19 forth
438 2375 20 15 to

56 2406 29 12 war.
107 2400 49 24 They
167 2400 78 18 arrived
258 2402 20 15 at
294 2397 152 20 Puke-kai-kaa-

56 2425 21 24 liu,
85 2428 15 16 at
109 2425 51 19 Lake
175 2425 172 19 Rere-whakaitu.
377 2425 3 24 >
395 2430 14 12 u
426 2430 22 12 ar-

55 2451 46 25 riving;
120 2451 53 19 there
187 2451 62 20 Uhia
266 2451 57 19 stood
341 2450 55 19 forth
416 2450 40 18 and

57 2478 89 19 communed
162 2477 48 20 with
228 2477 33 19 his
278 2477 40 25 god
338 2477 71 23 (atua),
430 2476 28 18 Te

57 2503 141 19 Behu-o-Tainui.
219 2504 46 18 And
275 2504 35 18 the
320 2502 65 19 oracle
395 2502 63 25 spake

56 2531 31 16 unto
94 2529 48 19 Uhia
152 2528 83 26 saying:
261 2530 40 18 Ivia
322 2529 54 18 kalia
397 2528 21 19 ki
439 2533 19 13 to

57 2554 20 19 ki
84 2556 52 18 rakau
179 2556 53 18 That
242 2562 40 13 was
292 2555 28 19 all
331 2555 45 18 said
386 2555 26 23 by
424 2554 34 19 the

57 2580 42 19 Maori
107 2584 48 21 atua,
172 2582 27 18 Te
209 2581 163 20 Rehu-o-Tainu.
401 2580 57 19 Then

57 2606 35 19 Uhia
105 2608 102 24 explained
226 2608 57 19 these
301 2607 66 19 words
387 2610 20 15 to
427 2607 31 18 his

57 2632 33 19 tribe
97 2634 34 19 and
140 2634 33 19 the
183 2634 64 19 chiefs
261 2634 21 18 of
292 2633 76 23 Tuhoe,
378 2632 78 25 sa\ing.

139 2660 14 19 0
163 2659 81 20 Tuhoe!
258 2660 42 18 The
310 2659 59 19 strife
381 2658 38 19 will
432 2659 26 19 be

58 2683 33 20 here.
113 2686 119 19 To-morrow
247 2690 20 14 at
284 2685 55 24 early
352 2685 59 19 dawn
430 2684 28 20 let

58 2709 22 20 five
87 2713 41 22 tens,
139 2712 54 19 twice
202 2712 47 21 told,
259 2719 25 18 go
291 2712 61 18 forth,
381 2711 76 19 should

59 2735 27 26 they
94 2740 29 16 not
132 2738 23 19 be
165 2738 94 25 pursued,
275 2738 17 19 it
310 2737 40 19 will
365 2738 26 18 be
407 2737 50 20 well.

59 2761 51 21 Should
119 2765 44 24 they
174 2765 23 18 be
214 2764 89 25 pursued
318 2764 45 18 that
379 2761 7 28 a
393 2761 7 28 1
407 2761 15 28 so
441 2764 17 18 is

60 2789 31 18 well.
119 2790 38 19 But
171 2797 33 18 my
224 2790 88 25 thought
329 2790 17 18 is
365 2790 44 18 that
429 2796 29 12 we

61 2814 30 19 shall
99 2815 44 20 hatt!
169 2816 54 23 here,
240 2822 49 13 even
306 2822 24 12 on
348 2816 41 18 this
405 2818 52 23 spot.

61 2839 27 20 Beh-
148 2843 5 15 I
174 2843 68 19 thrust
264 2849 34 17 my
316 2842 69 18 sacred
411 2842 47 18 stnff

61 2866 51 26 (turup
128 2866 2 27 ,
160 2866 3 27 :
179 2866 3 27 <
190 2876 12 17 p
212 2871 44 15 into
266 2869 33 19 the
309 2867 38 19 soil
357 2868 39 19 and
403 2869 56 23 hang

62 2898 13 13 mi
80 2893 34 19 that
123 2895 44 18 .-tali:
177 2901 32 18 my
329 2894 56 18 Then
401 2894 48 19 Uhia-

63 2919 33 19 iiade
108 2920 47 20 clear
169 2925 21 14 to
203 2921 55 18 them
273 2921 35 17 the
324 2920 95 24 meaning
437 2921 21 17 of

65 2944 15 19 he
87 2947 100 23 suspended
197 2947 66 25 girdle
280 2953 21 12 as
317 2947 142 24 representing

63 2969 14 19 l'e
82 2971 11 18 A
105 2979 37 12 awa
151 2973 56 25 lying
217 2979 25 12 on
253 2973 34 18 the
296 2972 50 19 field
356 2973 21 18 of
386 2972 71 23 battle,

65 2998 50 18 >utt!ie
124 2999 87 18 warriors
221 2998 47 26 paid
278 3005 26 12 no
318 3001 58 19 Kient
393 3002 55 15 attcu-

67 3024 47 18 tonfoi
188 3033 5 10 ■,
205 3032 27 11 -re
242 3031 61 17 eager
315 3025 31 18 for
355 3024 35 19 the
406 3024 52 25 fray,

66 3047 11 19 to
83 3048 49 21 break
173 3052 8 17 'i
192 3047 2 28 ,
221 3051 33 18 the
263 3051 47 24 fifty
319 3050 57 19 twice
386 3050 42 19 told
439 3051 20 18 of

66 3072 40 22 tuhoe
128 3081 27 14 set
173 3077 55 18 forth
251 3082 19 13 to
293 3077 106 24 challenge
425 3076 34 19 the

68 3099 42 22 toawa
117 3104 17 17 to
144 3103 56 25 tight.
229 3103 56 24 They
296 3102 64 19 found
369 3103 56 18 them
437 3106 23 15 -at

69 3132 9 12 ■e
84 3128 45 19 Ariki
139 3135 25 18 pa
173 3132 20 15 at
202 3128 57 19 Lake
268 3129 112 18 Tarawera.
393 3129 66 18 When

70 3151 13 29 jf;
98 3154 62 19 Arnwa
185 3155 97 18 observed
307 3155 36 18 the
361 3158 60 20 r>arty
440 3156 21 17 of

74 3177 33 21 uhoe
115 3181 43 18 thev
167 3181 88 25 pursued
265 3181 62 18 thom.
354 3181 29 18 Te
397 3180 62 19 Tokai

71 3204 63 21 tl'uhoe
149 3207 51 19 cried
219 3210 19 16 to
253 3206 79 25 Tionga
346 3207 21 18 of
388 3207 82 24 Ngati-'

71 3231 75 24 'ingitihi,
193 3233 77 24 Tionga
291 3231 29 26 E!
346 3233 112 22 Takaruua,

182 3259 46 19 And
244 3259 79 24 Tionga
342 3259 77 25 replied
428 3266 33 11 :

77 3280 55 27 Hoatu,
150 3285 66 22 hoatu,
240 3285 35 19 kia
299 3285 59 24 penei
382 3285 38 19 ake
442 3288 20 16 te

73 3307 35 23 poko
136 3311 70 19 nauria
216 3318 39 12 ana
271 3317 42 13 inai
331 3318 10 12 e
359 3311 53 19 ahau
428 3311 33 19 hei
472 3307 2 31 |

74 3336 24 16 "'to
105 3342 27 12 ino
141 3337 48 19 taku

80 3360 31 19 And
122 3363 30 18 the
180 3363 74 19 arriors
260 3363 24 19 <if
293 3363 34 18 tho
338 3363 15 18 A
357 3369 52 12 raw
418 3370 44 12 rose
473 3359 2 23 I

75 3390 64 19 'pursue
150 3388 72 24 Tuhoe,
235 3389 37 19 but
282 3389 34 18 the
324 3389 69 19 Tuhoe
403 3389 58 19 lured

75 3416 25 14 Km
108 3420 20 12 ou
138 3415 41 18 that
188 3415 47 24 they
251 3415 65 25 might
399 3415 64 19 battle

75 3441 6 13 c
87 3437 24 20 the
119 3444 40 21 spot
172 3441 86 18 selected
273 3441 28 24 by
317 3441 62 19 Uhia.
416 3441 46 19 And

77 3468 5 12 e
94 3464 178 27 Waha-kai-kapua
287 3467 49 18 with
358 3467 34 19 the
417 3467 45 19 best

78 3487 49 29 jhting
138 3499 43 12 men
197 3493 21 18 of
235 3493 34 18 the
284 3493 73 18 Arawa
375 3493 88 25 pursued

181 3519 20 18 of
218 3518 68 20 Tuhoo
301 3525 50 12 even
365 3523 49 14 unto
430 3520 33 18 the

77 3541 26 19 lace
110 3544 57 19 where
176 3545 34 18 the
220 3544 68 19 sacred
298 3545 54 22 6taff,
371 3545 34 18 the
421 3552 29 11 em-

77 3564 24 21 tan
112 3570 17 18 of
145 3571 24 18 Te
183 3570 171 23 Eehu-o-Tainui,
372 3572 34 17 the
421 3572 43 18 first

105 3594 15 18 of
128 3598 23 16 Te
161 3596 101 23 Urewera,
273 3596 39 19 had
318 3597 51 18 been
378 3598 85 17 erected,

78 3622 25 24 ['en
117 3622 62 19 Tuhoe
201 3622 78 19 turned.
314 3623 42 20 The
374 3623 91 19 matnika

80 3647 21 15 Wt
118 3647 54 25 slain)
192 3649 20 18 of
233 3649 45 18 that
296 3648 66 19 battle
381 3655 39 12 was
438 3650 27 17 Te

85 3670 28 19 iiha
120 3672 106 27 kai-kapua
235 3675 21 18 of
268 3674 35 19 the
319 3674 80 23 Arawa,
414 3675 49 18 then

81 3693 9 19 11
100 3697 65 26 Tiorijra
183 3701 38 19 and
240 3700 49 18 then
308 3700 26 19 Te
353 3700 66 23 Rangi
429 3700 36 19 ka-

124 3726 34 18 and
168 3726 46 19 then
223 3727 26 18 Te
263 3726 97 19 Huri-nui
370 3727 40 18 and
423 3727 42 18 also

80 3745 37 22 hers.
141 3752 37 18 The
186 3753 73 19 Arawa
266 3758 51 13 were
324 3752 93 19 defeated
425 3753 40 17 and

83 3775 13 15 at
102 3774 142 27 hattle-ground
256 3778 88 18 received
356 3779 34 17 the
406 3785 59 11 name

59 3797 195 231 Il'uke-kai-kaahu.
282 3805 54 17 Then
346 3805 68 17 Tuhon
433 3810 22 12 re

90 3826 27 19 ned
125 3831 17 16 to
151 3829 124 21 Ruatahuna.
288 3830 40 18 and
338 3829 34 19 the
383 3829 80 19 widovvs

88 3850 24 20 the
119 3854 66 20 Arawa
195 3856 50 19 slain
260 3856 105 24 composed
383 3862 12 12 a
412 3862 20 12 ni
447 3859 18 15 st

89 3878 10 14 !f
100 3884 10 21 ;r
125 3879 100 22 kaioraora
249 3882 80 22 against
348 3882 34 18 the
408 3888 57 12 man-

89 3907 35 21 Ting
132 3908 86 19 warriors
227 3909 21 18 of
254 3909 26 18 Te
291 3908 102 19 Urewera.

87 3930 5 12 4
93 3929 23 19 -id
124 3931 41 20 then
176 3934 162 19 Hine-i-turama
348 3934 33 18 the
394 3934 71 19 widow

89 3954 24 19 'he
120 3957 46 20 slain
175 3960 88 19 Hurinui
273 3960 21 19 of
307 3960 26 18 Te
343 3960 71 19 Arawa
426 3965 40 13 was

87 3984 56 17 Mcome
153 3985 45 18 with
208 3986 53 24 grief
270 3993 24 11 on
305 3989 84 15 account
398 3985 21 19 of
432 3986 34 17 the

87 4008 11 14 a,
101 4005 9 19 h
118 4009 16 17 of
143 4010 33 18 her
188 4012 92 16 husband
291 4011 66 17 whose
365 4011 51 17 head
425 4011 40 17 had

501 133 51 18 been
562 134 33 17 cut
604 132 28 18 off
642 132 40 18 and
696 132 78 19 carried
790 133 33 18 far
837 140 57 18 away
913 136 21 16 to

501 158 122 19 Ruatahuna
632 158 27 24 by
668 158 35 18 the
715 158 150 24 Ngati-Tuhoe.
888 159 45 19 And

501 190 11 10 a
522 188 58 21 great
590 184 64 18 desire
664 190 55 12 came
729 190 54 18 upon
792 185 54 18 Hine
857 188 20 16 to
884 185 47 18 look

500 216 54 18 upon
564 210 35 18 the
617 209 52 18 head
687 210 21 17 of
727 209 92 19 Rurinui
837 211 40 19 and
896 211 36 18 she

500 235 97 19 disclosed
607 235 41 18 this
658 235 64 18 desire
732 237 21 16 to
760 235 35 19 the
806 242 45 13 men
861 237 22 18 of
896 236 37 19 her

499 261 59 19 tribe.
586 260 45 18 And
640 260 35 18 the
693 261 71 18 Arawa
782 263 110 18 consented
911 265 20 16 to

499 290 63 15 escort
579 287 36 18 her
636 288 22 17 to
683 287 124 18 Ruatahuna
825 289 45 17 that
894 288 37 18 her

498 312 65 19 desire
571 312 66 24 might
648 312 25 18 be
682 312 101 24 gratified.
818 313 31 19 On
865 314 55 18 arriv-

499 338 35 24 ing
544 341 21 16 at
575 338 122 18 Ruatahuna
716 338 34 19 the
769 339 69 19 Tuhoe
856 346 61 12 assem-

498 363 47 19 bled
555 366 21 16 to
585 364 50 18 view
644 364 53 17 their
712 364 88 19 visitors.
835 364 51 20 Now
903 366 26 18 all

498 390 33 17 the
541 389 63 19 heads
613 389 20 18 of
644 390 34 17 the
687 389 52 18 slain
747 392 72 17 Arawa
826 390 40 19 had
878 392 51 18 been

497 415 61 18 taken
569 415 26 24 by
602 415 68 18 Tuhoe
678 418 20 15 to
705 416 129 18 Ruatahuna.
863 417 55 18 ITine-

496 440 96 19 i-turama
613 440 66 20 called
698 443 49 16 unto
774 442 105 25 Rangi»pa
908 444 21 17 of

496 466 74 23 Tuhoe,
603 467 22 18 Is
634 466 35 19 the
680 466 51 19 head
741 466 21 19 of
772 467 92 20 Hurinui
879 469 50 19 with

495 496 41 17 you
576 492 45 19 And
631 493 15 18 it
656 499 40 12 was
704 492 61 19 there,
780 496 26 16 f-'o
813 493 55 20 Hine
875 495 53 18 cried

495 518 21 19 to
526 519 55 18 them
589 521 20 16 to
619 519 62 24 bring
690 521 20 15 to
717 518 37 19 her
760 519 35 19 the
802 519 52 19 head
861 520 21 19 of
892 520 37 19 her

496 544 94 18 husband
599 544 45 19 that
653 545 36 17 she
699 544 66 24 might
776 545 46 18 wail
837 552 47 12 over
904 546 16 19 it

494 570 47 18 And
549 570 104 25 Rangi-pa
663 569 47 19 took
721 576 12 12 a
741 570 60 18 cloak
811 571 40 18 and
862 578 52 16 wrap-

494 596 51 23 ping
554 596 34 18 the
599 596 52 18 head
660 596 21 18 in
691 596 16 18 it
717 595 25 19 he
753 597 79 18 carried
848 597 16 19 it
879 604 48 12 over

494 625 21 15 to
532 623 35 17 the
594 624 139 22 encampment
752 621 21 19 of
792 622 35 18 the
846 623 79 19 Arawa.

495 647 103 19 Hinesaid

492 673 22 24 (a
524 673 57 19 stake
588 680 25 12 on
621 673 67 19 which
698 673 62 18 heads
778 674 22 18 of
818 675 35 18 the
873 675 52 19 slain

493 705 52 12 were
553 699 86 25 placed).
672 699 103 25 Rangi-pa
792 699 35 19 did
844 706 22 13 so
886 701 40 19 and

493 725 112 18 uncovered
616 726 33 17 the
659 725 58 18 head.
740 726 57 18 Tli6n
807 726 34 19 the
853 726 73 20 Arawa

492 750 72 25 girded
574 750 120 19 themselves
704 750 39 19 and
758 752 115 24 performed
890 753 35 18 the

491 773 55 22 haka
555 777 22 18 of
588 777 172 18 Hine-i-turama.
797 777 64 25 Eight
872 779 39 18 hun-

491 802 50 19 dred
552 803 73 18 Arawa
634 802 93 19 warriors
741 802 47 19 took
799 807 47 20 part
853 804 24 19 in
889 804 34 19 the

491 828 59 23 haka,
562 829 34 18 the
606 835 48 18 very
664 828 58 18 earth
732 829 107 19 trembled.
853 830 71 19 Tuhoe

491 854 44 19 said
568 854 34 19 lie
612 854 96 19 whatitiri
718 854 56 19 kite
790 856 66 23 rangi,
867 856 27 18 ko
903 859 21 16 to

490 880 74 19 Arawa
571 880 52 19 kite
767 881 53 24 (The
837 882 56 19 noise
901 882 22 18 of

490 906 35 19 tho
533 906 74 19 Arawa
626 912 25 12 on
666 906 60 19 earth
733 905 17 20 is
767 906 42 19 like
825 910 49 17 unto
888 908 35 18 the

490 932 88 19 thunder
587 933 21 18 of
618 932 95 24 heaven.)
743 933 69 19 When
823 933 34 19 the
867 934 55 18 haka

491 965 40 11 was
541 965 46 12 over
597 964 60 19 peace
668 964 40 12 was
717 959 90 18 restored
830 959 92 19 between

490 984 34 18 the
534 984 63 18 tribes
607 983 40 19 and
658 983 33 19 the
702 985 73 17 Arawa
792 992 44 11 rose
846 987 20 17 to
887 986 24 18 de-

489 1012 46 21 part
545 1012 20 16 to
574 1009 52 19 their
637 1010 75 18 homes.
740 1011 28 17 As
779 1011 48 24 they
844 1012 76 19 started

490 1035 66 25 Hape,
568 1036 34 18 the
608 1035 62 25 priest
679 1035 20 19 of
708 1035 33 19 the
750 1037 79 23 Arawa,
837 1037 84 19 kindled

489 1061 49 19 with
548 1061 31 19 his
589 1068 44 12 own
644 1061 64 19 hands
715 1061 60 23 aliro,
785 1069 23 11 as
818 1070 12 12 a
837 1067 20 15 ta
866 1064 42 18 wha-

488 1086 125 20 kataumata.
641 1087 29 19 As
679 1087 35 19 the
732 1088 37 19 fire
788 1089 85 21 burned,
886 1090 34 18 the

488 1113 69 19 smoke
567 1112 61 19 rolled
640 1112 58 19 down
708 1120 66 13 across
784 1115 35 18 the
836 1115 47 19 trail
894 1116 26 24 by

488 1139 65 18 which
560 1140 34 17 the
600 1138 74 19 Arawa
681 1146 50 12 were
740 1140 63 19 about
812 1143 19 16 to
841 1141 78 25 depart.

487 1164 42 19 The
538 1164 99 25 assembly
645 1166 21 17 of
672 1165 69 19 Tuhoe
748 1167 63 23 gazed
818 1167 21 18 in
847 1167 73 19 silence

487 1194 21 15 at
517 1190 41 19 this
567 1190 54 19 work
641 1192 21 17 of
680 1191 35 18 tho
731 1192 72 19 oracle,
825 1193 40 19 and
882 1195 38 17 SOO

487 1216 89 25 fighiing
585 1223 46 12 men
640 1217 21 18 of
672 1217 26 18 To
706 1218 72 19 Arawa
787 1218 88 19 awaited
886 1220 34 18 tho

487 1242 87 19 decision
586 1242 21 19 of
618 1242 33 19 the
672 1242 4 28 '
682 1243 58 18 waka
748 1242 4 28 '
773 1245 20 18 of
809 1245 54 18 their
880 1245 40 25 god

489 1268 99 19 Makawe.
617 1270 55 17 Then
687 1268 35 19 the
740 1270 99 24 tohunga,
852 1271 66 25 Hape,

487 1301 57 12 arose
553 1294 40 19 and
602 1294 44 19 said
713 1296 63 18 teriri
786 1296 35 19 kei
831 1303 48 12 mua
889 1298 5 17 i
908 1304 12 12 a

486 1322 57 17 tatou
585 1321 76 23 Listen,
673 1322 18 18 O
701 1321 70 20 Tribe!
781 1322 52 19 War
840 1322 36 19 lies
884 1323 24 18 be-

486 1347 43 18 fore
539 1354 30 12 us.
581 1353 49 13 even
641 1353 25 12 on
680 1353 39 13 our
738 1348 50 24 path
808 1348 27 25 by
854 1349 65 19 which

487 1379 29 11 we
602 1373 44 19 And
657 1373 48 19 each
716 1380 46 12 man
773 1374 91 25 speedily
873 1381 36 18 pie-

487 1399 62 24 pared
560 1398 82 19 himself
652 1399 39 18 and
705 1400 96 24 repeated
812 1401 34 18 the
853 1401 19 18 ki
879 1405 41 14 -tao

486 1425 133 24 (invocation)
630 1431 47 12 over
687 1425 30 19 his
729 1432 90 18 weapon,
833 1427 45 18 that
889 1427 31 18 his

486 1456 60 15 spear
555 1450 66 25 might
631 1457 56 12 serve
695 1451 41 19 him
747 1452 45 18 well
804 1452 20 18 in
833 1453 34 18 the
873 1453 47 24 fray

487 1476 64 19 which
562 1477 26 18 all
599 1476 59 19 knew
666 1483 41 12 was
718 1484 48 12 soon
783 1482 21 14 to
814 1484 62 18 come,
889 1483 31 14 lor

486 1502 41 19 had
537 1507 35 14 not
581 1503 35 18 the
628 1503 50 24 gods
693 1509 21 12 so
732 1503 93 19 declared
842 1505 21 18 it.
893 1507 26 16 t-'o

486 1528 34 19 the
530 1529 74 18 Arawa
615 1528 103 26 departed.

604 1562 34 22 [To
650 1568 22 10 BE
685 1563 114 21 C.INTISDFD,]

1192 75 59 19 THE
1277 75 57 20 HOT
1361 77 93 20 TAKES
1483 77 170 25 CHECmCLE,
1900 78 101 20 MARCH
2029 82 19 20 4,
2065 81 50 17 1896

91 4056 112 23 Orona.—The
217 4063 60 17 Luttle
293 4062 76 24 ground
389 4062 15 17 is
427 4062 40 22 just

90 4080 16 21 f'li
111 4082 15 16 of
133 4084 28 16 the
170 4085 125 18 Hine-maiaia
301 4087 68 16 stream
375 4086 20 16 at
402 4085 65 21 Taupo

90 4103 3 27 P
99 4103 38 19 close
141 4108 18 16 to
167 4108 77 22 Hutepe.

579 1620 156 17 FLETCHER'S
750 1621 75 18 PILLS

609 1649 58 11 never
675 1643 34 17 fail
717 1644 20 16 to
747 1649 43 12 cure

509 1665 177 20 INDIGESTION,

531 1688 177 22 COSTIVENESS,

555 1712 66 17 SOUR
630 1712 111 21 BREATH,

579 1735 166 22 HEARTBURN,

602 1759 80 17 LIVER
688 1759 114 21 DISEASE,
811 1760 37 17 and

630 1782 104 17 KIDNEY
746 1783 171 18 COMPLAINTS.

499 1805 157 17 FLETCHER'S
663 1806 73 17 PILLS
740 1806 178 19 undCLEMENTS

485 1828 77 18 TONIC
566 1834 31 11 are
601 1828 109 23 recognised
714 1829 104 17 household
827 1830 91 18 remedies

484 1852 20 16 of
510 1851 32 17 the
547 1851 109 17 Australian
665 1851 86 22 colonies,
761 1853 39 16 and
813 1858 56 17 every
885 1854 22 16 de-

484 1874 77 22 signing
569 1875 61 22 quack
635 1875 44 17 tries
688 1877 20 14 to
716 1875 53 18 trade
787 1882 24 11 on
823 1876 49 18 their
888 1882 20 12 re-

483 1898 87 21 putation
576 1897 37 18 and
618 1902 83 13 i\>no\vn.
719 1898 45 18 This
771 1898 16 18 is
797 1900 32 16 the
835 1901 83 21 greatest

482 1921 56 22 proof
543 1922 20 16 of
571 1921 49 17 their
636 1921 60 20 merit,
712 1922 37 16 and
766 1922 85 18 sufferers
866 1924 52 16 want

483 1945 20 16 to
512 1943 125 23 bepartieular
646 1945 20 16 to
672 1945 33 21 get
711 1945 32 16 the
752 1946 82 22 genuine
842 1946 75 18 articles

483 1973 20 10 as
517 1969 64 21 regret
596 1968 38 17 and
650 1967 162 23 disappointment
828 1974 32 12 are
875 1975 42 12 euro

483 1991 20 16 to
513 1987 64 21 follow
592 1990 33 18 the
641 1997 33 11 use
691 1992 20 16 of
728 1991 31 18 the
776 1992 105 17 thousands
898 1993 20 16 of

506 2013 30 17 AH
546 2013 69 23 failing
643 2013 90 19 remedies
742 2020 19 12 so
779 2015 59 22 freely
847 2016 56 16 adver-

484 2036 47 17 tised
563 2037 39 17 The
618 2037 108 22 reputation
742 2038 37 17 and
790 2038 127 23 wide-spread

484 2065 31 11 use
524 2060 20 17 of
549 2060 95 17 Clements
651 2060 57 17 Tonic
714 2061 37 16 and
758 2061 104 18 Fletcher's
869 2062 47 17 Pills

482 2088 32 12 are
530 2083 33 17 the
571 2084 84 22 greatest
663 2084 64 21 proofs
734 2084 21 17 of
772 2084 50 17 their
830 2085 76 22 appreci-

482 2106 52 17 ation
543 2106 26 22 by
585 2106 33 17 the
634 2107 69 22 public.
734 2107 19 17 If
761 2107 47 22 they
815 2113 49 12 were
882 2109 34 15 not

482 2135 20 10 as
515 2129 120 23 represented
655 2129 46 23 they
710 2130 63 17 would
789 2131 48 16 have
848 2131 68 21 passed

482 2154 34 14 out
525 2153 20 16 of
552 2158 84 16 memory
646 2153 45 22 long
700 2159 30 11 ore
738 2154 38 16 this
782 2159 5 14 ;
799 2154 35 16 but
842 2154 74 17 instead

482 2175 49 17 their
547 2175 38 18 sale
593 2176 15 16 is
618 2177 74 21 greater
700 2176 38 17 and
754 2177 47 22 they
813 2183 32 11 are
863 2183 51 11 more

481 2199 94 17 esteemed
583 2199 37 21 day
634 2199 26 21 by
668 2199 37 22 day
714 2199 38 17 and
761 2199 51 18 week
820 2200 27 22 by
863 2200 53 17 week

481 2222 38 16 and
529 2222 38 17 this
580 2222 134 22 emphatically
731 2228 67 16 proves
813 2223 50 17 their
879 2229 24 10 un-

481 2244 89 23 disputed
579 2251 116 17 supremacy.
708 2246 67 17 Listen
783 2247 21 16 to
812 2252 25 11 no
846 2252 58 16 argue-

481 2268 52 17 ment
542 2268 48 18 from
600 2268 101 18 interested
710 2269 75 22 parties;
795 2269 82 17 demand
884 2269 32 17 the

481 2291 81 21 genuine
571 2291 74 18 articles
651 2291 37 18 and
695 2291 68 18 TAKE
771 2293 35 16 NO
816 2293 84 16 SUBSTI-

481 2314 72 15 TUTE.

483 2372 228 40 HINEMOA
743 2372 170 42 STORE.

485 2441 160 19 AiriLLIAM
669 2441 108 20 EOGEUS
794 2442 74 19 directs
885 2445 21 16 at-

499 2473 7 10 '
515 2462 11 12 *
560 2467 77 19 teution
648 2470 20 16 to
676 2468 35 18 tlie
833 2468 52 19 lines
895 2469 21 18 of

483 2499 263 40 €I£ISTMJtS
764 2499 151 42 GOODS

484 2548 98 19 livcroft's
592 2548 112 19 Snowdrift
714 2548 51 19 N.Z-
775 2549 63 18 Flour

482 2574 102 23 Sultanas,
596 2574 100 19 Muscatel
704 2574 41 19 and
753 2574 98 20 Valencia
866 2575 38 18 Rai-

534 2600 42 18 sins
593 2600 40 18 and
643 2599 96 20 Currants

482 2626 49 23 Figs
539 2626 40 19 and
589 2626 112 19 Preserved
711 2626 83 25 Ginger,
807 2626 69 26 Spicos

483 2651 73 19 Lemon
568 2652 39 19 and
618 2651 81 26 Orange
711 2652 47 20 Peel

538 2678 68 19 White
617 2679 113 24 Sugar—A
746 2679 117 25 Speciality.

483 2704 49 19 New
543 2704 91 18 Zealand
642 2705 63 24 Dairy
712 2705 145 19 Association's
866 2705 38 19 But-

586 2733 37 16 ter.

508 2756 59 18 TEA.
627 2756 112 19 COFFEE.
795 2757 94 19 COCOA.

482 2805 87 19 General
582 2806 127 18 Assortment
726 2807 21 18 of
764 2806 152 26 Storekeeper's

660 2832 74 19 Goods.

484 2958 43 41 TO
544 2958 25 41 &
584 2958 94 41 FROM
699 2958 68 41 THE
795 2958 121 41 BATHS,

557 3051 79 20 BIRSS
653 3058 49 13 runs
719 3059 12 12 a
750 3055 113 22 wngonette
882 3053 25 19 be-

529 3089 8 8 •
568 3082 65 15 tween
648 3079 34 18 tlie
699 3078 39 19 Old
753 3079 110 25 Township
878 3079 41 18 and

484 3105 34 19 the
530 3105 65 18 Baths
605 3104 125 24 throughout
739 3105 35 18 the
783 3105 47 24 day.

486 3168 48 18 Also
558 3167 198 22 Wha-korewarewa,
781 3166 74 19 Sodom
879 3166 41 20 and

522 3193 113 19 (Junior.ah
645 3192 39 20 and
696 3192 57 19 other
763 3192 66 25 sights
837 3198 50 14 near

648 3219 36 19 the
694 3222 59 15 town.

584 3271 81 22 Pares
680 3271 139 22 Moderate.

487 3319 76 23 Sixth
578 3319 73 22 Year.
699 3318 74 22 Price
783 3318 137 29 Sixpence,

738 3345 88 24 Postage
837 3344 31 19 2d.

532 3494 345 33 ILLUSTRATED

488 3553 164 41 ALMANAC
678 3553 70 40 AND
778 3553 142 46 DIARY,

629 3625 64 23 FOR
707 3625 68 23 1896.

592 3657 69 19 useful
670 3657 83 18 Annual
764 3657 37 18 has
816 3662 45 12 now
878 3662 44 19 per-

497 3678 20 21 A
556 3683 103 24 mauendy
677 3683 62 18 taken
755 3683 26 18 its
800 3682 57 25 plate
870 3688 24 12 as
912 3688 11 12 a

489 3709 117 19 Handbook
619 3709 20 18 of
656 3709 55 23 daily
727 3709 103 19 reference
849 3708 19 19 in
889 3708 34 19 tlie

489 3736 102 23 Counting
602 3735 71 18 House
683 3737 40 16 and
734 3735 73 18 Home.
837 3734 21 19 It
864 3734 18 19 is
889 3734 34 19 the

488 3761 96 19 standard
597 3761 52 18 book
663 3761 21 18 of
694 3760 101 19 reference
811 3760 32 18 for
863 3760 48 18 Busi-

489 3794 45 13 ness
546 3787 56 23 Men,
614 3786 99 23 Farmers,
725 3786 107 22 Mariners,
842 3786 68 18 House-

489 3814 90 24 keepers,
590 3812 39 19 and
642 3812 34 19 the
687 3812 87 19 General
785 3812 79 19 Public.

515 3840 29 19 To
554 3840 25 18 be
590 3838 40 19 had
648 3838 22 19 of
686 3838 28 18 all
732 3838 131 19 Booksellers
883 3837 40 18 and

489 3866 149 24 Storekeepers.

515 3912 168 20 FIREWOOD'!
731 3911 165 21 FIREWOOD!

587 3964 76 20 RATA
675 3970 42 12 and
732 3963 92 19 TAWA.

490 4001 109 19 Delivered
618 4000 28 24 by
665 3999 84 20 Kusabs
768 3998 59 19 Bros,
845 4000 20 17 to
884 4005 39 18 any

490 4029 46 23 part
548 4027 21 18 of
581 4027 34 18 the
626 4026 99 24 township
735 4028 20 15 at

563 4053 85 18 Lowest
661 4050 98 21 Current
771 4050 77 19 Rates.

517 4078 74 20 Orders
601 4077 90 20 received
705 4081 20 15 at
735 4078 34 18 the
779 4077 68 25 yards,
858 4076 62 19 Hine-
920 4076 3 26 1

491 4111 44 11 nion
545 4105 73 17 Street..

1186 139 33 52 E
1268 138 31 55 H
1330 138 30 55 0
1391 138 30 55 T
1475 140 258 53 LAKES
1788 143 37 50 D
1847 141 13 52 I
1882 140 236 53 STRIC

1191 219 90 20 Tourists
1291 219 40 19 and
1344 220 92 20 Invalids
1446 222 85 24 visiting
1540 222 34 18 the
1585 221 140 19 Wonderland
1735 223 22 18 of
1766 223 50 18 New
1827 222 91 18 Zealand
1929 221 40 19 will
1976 221 43 19 find
2028 221 35 20 the

1178 259 399 79 ;rand
1671 262 434 79 hotel.

1046 419 53 17 most
1108 416 87 26 elegant,
1207 415 131 20 comfortable
1346 416 41 18 and
1399 416 43 19 best
1453 416 109 25 appointed
1573 416 155 19 establishment
1739 418 20 17 in
1780 418 50 17 New
1846 416 98 23 Zealand,
1964 416 15 18 it
1999 416 62 25 being
2077 418 76 24 replete
2170 418 126 24 throughout

960 437 16 20 J
1424 442 48 19 with
1482 442 34 18 the
1527 444 53 16 most
1592 441 83 19 modern
1689 444 151 17 conveniences.

978 466 57 19 THE
1049 468 92 19 lIOTEL
1159 468 17 19 is
1195 468 20 19 in
1235 468 35 18 the
1289 466 115 19 immediate
1419 468 170 24 neighbourhood
1608 468 22 17 of
1647 467 35 19 the
1701 468 73 23 Priest,
1795 467 84 22 Rachel,
1899 467 124 18 Postmaster
2046 468 40 19 and
2101 469 59 18 other
2175 469 67 22 baths,
2260 469 35 18 the

951 493 89 19 curative
1050 494 113 25 properties
1173 494 20 19 of
1205 493 63 19 which
1286 499 33 12 are
1336 492 148 20 world«tamed.
1513 493 54 18 Jsath
1578 493 66 19 chairs
1655 493 41 19 and
1706 495 118 17 attendants
1835 499 35 12 are
1879 492 97 25 provided
1988 497 20 14 to
2020 499 76 19 convey
2111 494 88 19 invalids
2215 496 22 17 to
2255 495 40 18 and

951 518 51 19 from
1012 519 35 19 the
1058 520 80 18 various
1151 520 140 18 bath-houses.
1319 518 43 18 The
1373 518 107 19 bedrooms
1491 519 40 18 and
1550 519 86 24 retiring
1658 525 68 13 rooms
1745 526 35 12 are
1799 519 57 19 fitted
1875 519 49 18 with
1952 519 75 24 special
2040 520 74 24 regard
2129 523 21 15 to
2163 520 35 18 the
2214 521 80 24 require

951 548 65 15 ments
1026 545 21 18 of
1056 548 69 22 guests
1136 546 21 18 in
1167 545 70 19 search
1247 545 20 18 of
1277 544 90 18 renewed
1378 545 100 24 strength.

977 570 42 18 The
1033 571 62 18 Baths
1105 574 20 16 at
1138 571 35 19 the
1180 570 129 20 Sanatorium
1322 570 50 18 have
1385 571 98 17 attracted
1493 576 61 17 many
1564 571 81 17 visitors
1665 571 21 18 of
1705 571 40 18 late
1766 577 71 19 years;
1865 572 93 22 amongst
1974 570 58 18 those
2046 571 43 18 who
2098 571 52 19 have
2162 571 63 19 found
2236 571 59 19 relief

951 595 32 19 bei
992 596 34 18 the
1036 597 145 23 convalescent,
1193 602 92 16 nervous,
1296 595 118 23 rheumatic,
1427 596 40 18 and
1478 595 100 25 sleepless.

976 621 91 19 Rotorua
1077 623 17 17 is
1104 623 34 18 the
1155 626 68 15 centre
1242 623 52 17 from
1313 621 65 19 which
1397 621 28 18 all
1446 621 69 25 points
1525 621 21 19 of
1555 621 84 19 interest
1649 622 21 18 in
1687 622 35 18 the
1732 621 95 19 Thermal
1838 621 86 25 Springs
1940 621 85 19 District
2042 628 46 18 may
2103 622 26 18 be
2144 623 92 23 reached,
2254 623 41 19 and

950 647 73 25 special
1033 647 96 19 facilities
1139 655 33 12 are
1182 648 97 25 provided
1289 647 31 18 for
1328 647 57 18 those
1392 647 21 18 in
1424 647 70 18 search
1504 648 21 18 of
1534 647 33 18 the
1578 647 100 19 beautiful
1691 647 40 19 and
1745 647 130 19 marvellous.

1042 680 183 18 MAGNIFICENT
1239 678 175 18 APARTMENTS.
1642 679 146 17 BEDROOMS.
1907 678 115 18 PERFECT
2038 678 163 20 SANITATION.

1094 704 26 18 Jn
1129 703 58 19 short
1197 710 12 11 a
1219 708 124 13 FJitsT-CLASS
1357 701 174 19 Establishment
1540 701 87 25 offering
1635 701 60 25 equal
1705 703 95 17 comforts
1810 704 21 16 to
1840 701 36 19 the
1883 701 47 19 best
1945 702 64 18 hotels
2020 703 20 17 in
2050 703 86 24 Europe.

1616 734 12 12 o

1190 755 87 22 Suites
1294 753 28 23 of
1331 753 172 29 Apartments
1513 753 67 22 with
1590 753 97 28 special
1701 753 157 23 attendance
1873 753 38 22 for
1926 752 124 24 Families

949 788 98 25 Spacious
1058 788 128 19 Promenade
1196 788 112 23 Balconies,
1319 788 57 24 Snug
1388 786 92 25 Alcoves,
1491 787 40 19 and
1548 787 127 25 luxuriously
1691 788 109 24 appointed
1811 787 104 25 Drawing,
1936 786 70 23 Music,
2023 787 152 24 Conversation,
2191 787 100 26 Reading,

1400 813 100 25 Irmoking
1510 813 38 18 and
1561 813 85 19 Billiard
1656 813 82 19 Rooms.
1767 813 71 19 Baths.

1239 847 115 20 SPECIAL
1368 847 163 19 ATTENTION
1543 847 70 19 PAID
1621 847 38 19 TO
1673 847 119 19 CUISINE
1806 847 61 18 AND
1881 846 124 20 SERVICE.
2021 850 35 21 43

973 880 34 19 All
1012 881 185 19 -communications
1210 880 27 24 b3'
1246 879 60 19 letter
1317 886 22 12 or
1350 878 98 24 telegram
1459 879 41 18 will
1509 879 77 18 receive
1595 880 81 23 prompt
1685 879 107 19 attention.

1008 931 74 45 W.
1110 933 57 41 A.
1196 931 37 43 B

1351 930 155 51 .TON,

1418 989 59 24 (Late
1487 990 21 17 of
1517 988 115 19 Grosveuor
1642 987 68 22 Hotel,
1722 987 82 25 Sydney
1813 987 7 24 )

1978 931 252 56 Manager.

1858 1053 163 43 ROTOROA
2044 1056 92 40 BOOT
2157 1057 24 39 &
2201 1057 88 41 SHOE

1146 1113 54 34 o
1220 1093 31 50 1
1271 1093 148 50 -K±i
1437 1093 103 50 W
1839 1093 3 63 ;
2009 1114 127 42 depot,

1159 1195 338 56 SPRINGS
1545 1193 282 62 HOTEL,
1915 1183 43 51 J-
1983 1184 248 52 LARKIN.

1046 1434 20 19 A
1086 1434 118 19 First-class
1219 1434 39 19 and
1276 1434 45 19 well
1331 1434 109 25 appointed
1449 1434 71 19 House
1533 1432 118 20 convenient
1661 1434 20 17 to
1691 1432 36 18 the

943 1485 97 33 HOT
1054 1486 204 33 SPRINGS
1281 1486 33 32 &
1332 1486 235 32 HATUHAX.
1585 1482 247 35 WONDEBS,

969 1543 56 19 HOT
1049 1544 93 20 BATHS
1165 1552 25 11 on
1207 1545 35 19 the
1261 1546 103 23 premises.
1400 1545 42 19 The
1453 1545 97 24 stopping
1560 1543 70 19 House
1640 1543 32 19 for

1054 1575 68 22 THE
1146 1575 63 23 SPA
1232 1576 106 22 HOTEL
1363 1575 169 23 COACHING
1555 1573 164 24 COMPANY.

971 1626 88 20 Coaches
1073 1627 66 19 arrive
1150 1628 52 19 from
1212 1628 70 25 Taupo
1292 1627 118 26 Thursdays
1419 1627 40 19 and
1475 1627 100 24 Sundays,
1587 1626 40 19 and
1640 1626 59 18 leave
1713 1625 32 19 for
1760 1625 72 24 Taupo

943 1652 85 25 Fridays
1038 1653 40 18 and
1088 1653 107 26 Mondays.

1187 1705 196 19 MODERATE
1406 1705 175 19 CHARGES.

1019 1811 68 45 M

980 1902 145 64 filii

1197 1802 110 20 BEFORE
1322 1802 147 20 ORDERING
1480 1802 64 19 ELSE-

1160 1861 108 20 WHERE
1279 1862 57 18 THE
1355 1861 104 20 PUBLIC
1473 1861 58 19 ARE
1549 1861 42 18 IX-

946 1918 181 107 J.-lOvSh
1197 1920 88 20 yited
1301 1920 33 19 to
1346 1919 72 21 call
1432 1920 58 20 and
1502 1920 51 19 see

1239 1979 67 19 new
1320 1979 146 19 material
1484 1979 33 19 in
1520 1996 9 8 j

1026 2000 111 48 Ml

1160 2038 162 28 SUITINGS,

986 2079 150 40 AZOMI
1238 2087 170 29 COATINGS,

1305 2137 171 25 VESTINGS,

1355 2244 237 28 TROUSERINGS,

1186 2365 31 40 H,
1251 2364 40 40 W.
1327 2363 240 41 NEIGHBOUR'S.
1642 2363 4 42 '

1389 2465 343 87 HOTEL,

963 2659 40 17 One
1012 2659 38 18 and
1058 2665 11 11 a
1127 2658 53 18 miles
1188 2658 50 18 from
1246 2658 33 16 the
1287 2657 45 17 Post
1341 2657 64 17 Office.
1430 2658 31 16 All
1468 2658 82 18 Coaches
1557 2658 150 21 fromToltaanu,
1715 2658 71 23 Napier
1791 2658 37 18 and

940 2683 85 17 Rotorua
1033 2688 32 11 are
1073 2683 39 16 met
1120 2682 26 22 by
1155 2682 32 16 the
1215 2681 38 22 Spa
1280 2680 87 21 Coaches,
1377 2680 38 18 and
1423 2681 75 17 visitors
1506 2681 96 22 conveyed
1614 2683 19 15 to
1647 2681 33 17 the
1790 2683 38 17 free

1329 2704 21 17 of
1358 2704 75 22 charge.

965 2735 42 18 The
1147 2740 17 12 's
1178 2733 33 19 the
1222 2733 66 18 Home
1298 2733 21 18 of
1329 2732 34 19 the
1373 2732 88 19 Famous
1477 2733 93 23 Cl'OW's
1585 2733 65 23 Nest
1667 2733 107 30 Geyser,
1794 2735 34 18 the

939 2761 82 17 Witches
1030 2760 101 20 Cauldron,
1143 2759 125 22 Champagne
1282 2758 75 22 Geyser,
1374 2758 63 22 Milky
1451 2759 75 23 Geyser.
1545 2755 106 27 Flesh-pot,
1667 2759 93 23 Porridge
1776 2761 51 20 Pots,

939 2784 122 19 Blow-lioles,
1072 2783 82 17 Haunali
1164 2782 76 23 Geyser,
1248 2781 34 17 the
1291 2782 65 16 Lesser
1369 2782 70 17 Crow's
1453 2782 53 19 Nest,
1521 2782 63 17 Venus
1600 2782 56 21 Bath,
1671 2783 75 18 Satan's
1762 2784 65 22 Glory,

940 2807 39 17 Salt
988 2806 77 23 Spring,
1074 2805 148 20 Paddle-wheel,
1232 2804 38 18 and
1279 2805 70 17 several
1357 2805 54 17 other
1419 2805 62 23 sights
1487 2806 20 16 of
1515 2805 84 18 interest.
1625 2805 76 19 Guide's
1709 2807 29 17 fee
1747 2808 20 16 2s
1783 2807 45 18 each

938 2836 74 17 person.

959 2853 42 17 'The
1011 2852 75 18 HUKA
1098 2852 87 17 FALLS.
1211 2851 79 17 Visitors
1299 2852 19 15 to
1327 2850 33 18 the
1450 2851 95 23 conveyed
1553 2852 39 17 free
1601 2852 20 17 of
1629 2852 75 23 charge.

963 2899 39 17 The
1008 2898 161 18 accommodation
1178 2899 20 16 at
1205 2897 34 17 the
1267 2897 38 22 Spa
1353 2897 27 17 all
1388 2898 42 16 that
1446 2904 34 10 can
1496 2898 24 16 be
1536 2897 79 18 desired.
1647 2898 63 23 Every
1726 2899 104 18 Bed-room

940 2922 107 17 over-looks
1056 2922 33 16 the
1097 2921 91 17 Gardens.
1213 2920 77 18 Private
1298 2920 61 17 Suites
1368 2920 20 17 of
1397 2921 128 21 Apartments.
1556 2921 62 23 Largo
1632 2921 156 24 Drawing-room
1800 2923 31 17 for

939 2945 74 18 Ladies.
1038 2944 128 18 Comfortable
1176 2944 160 22 Smoking-room.

964 2968 52 17 THE
1028 2968 85 17 MAORI
1126 2967 103 18 CARVED
1243 2966 95 17 DINING
1350 2966 72 18 HALL
1431 2968 49 16 seats
1491 2973 36 11 one
1540 2967 87 18 hundred
1641 2973 77 16 persons
1733 2969 38 18 and
1785 2975 33 11 con-

940 2992 49 16 tains
998 2991 25 17 all
1032 2992 85 21 separate
1126 2991 60 17 tables
1195 2991 30 16 for
1233 2990 73 22 private
1314 2990 71 22 parties
1393 2996 21 10 or
1425 2990 77 17 friends.

964 3015 52 16 THE
1025 3014 85 17 LARGE
1120 3014 59 20 HOT,
1188 3013 68 18 COLD
1265 3013 15 16 &
1289 3012 77 17 TEPID
1373 3013 140 18 SWIMMING
1519 3013 69 18 BATH
1597 3013 74 23 adjoins
1680 3014 32 18 the
1720 3015 110 18 Bedrooms.

964 3038 38 16 The
1011 3037 123 17 SULPHUR
1143 3037 69 16 BATH
1220 3036 16 17 is
1245 3035 75 23 equally
1329 3036 104 17 efficacious
1442 3043 20 10 as
1469 3037 32 16 the
1507 3037 74 17 famous
1585 3037 62 16 Priest
1654 3038 49 17 Bath
1710 3038 21 17 of
1739 3038 91 18 Rotorua.

964 3060 38 18 The
1011 3060 77 17 TEPID
1102 3060 69 17 BLUE
1185 3059 68 17 BATH
1262 3065 15 11 is
1286 3064 45 17 very
1338 3059 113 23 refreshing.

1150 3083 51 17 ALL
1209 3082 83 17 BATHS
1301 3082 39 17 free
1346 3083 21 16 to
1376 3082 81 17 Visitors
1466 3083 61 16 to'the

994 3107 43 18 The
1047 3106 95 19 Grounds
1152 3112 33 12 are
1196 3106 43 18 laid
1248 3109 36 14 out
1299 3106 20 17 in
1334 3106 70 19 choice
1425 3106 120 22 Ruse-bed?.,
1566 3106 141 22 Shrubberies,
1725 3107 105 19 Beautiful

943 3133 92 22 Flowers,
1048 3132 50 19 Pine
1109 3132 134 22 Plantations,
1256 3131 49 18 Turf
1315 3131 75 19 Tennis
1408 3131 69 24 Lawn,
1493 3132 126 19 Promenade
1640 3133 40 18 and
1700 3133 131 20 Ornamental

940 3159 81 19 Lawns.

995 3184 57 19 Good
1063 3184 61 19 Grass
1134 3183 112 23 Paddocks,
1259 3182 100 26 Stabling,
1371 3183 68 19 Horse
1449 3184 60 23 Feed,
1520 3186 32 17 &c.

943 3233 116 24 Visitors
1073 3233 134 29 conveyed
1218 3232 54 22 free
1283 3232 26 22 of
1318 3232 95 29 charge
1423 3234 27 21 to
1459 3236 69 19 meet
1538 3233 36 23 all
1588 3234 112 23 coaches
1712 3236 105 28 proceed-

1226 3260 47 26 ing
1287 3260 26 20 to
1329 3259 120 22 different
1465 3262 78 26 parts.

1075 3307 126 23 TARIFF
1212 3307 4 23 :
1237 3309 33 16 10s
1284 3307 54 18 PER
1354 3307 65 19 DAY.
1448 3308 29 18 £2
1494 3310 34 17 10s
1538 3308 55 19 PER
1606 3309 93 19 WEEK.

970 3357 79 26 Special
1056 3357 125 19 concessions
1188 3359 20 16 to
1216 3356 96 18 Families
1319 3356 38 18 and
1366 3356 56 26 large
1430 3358 76 24 parties
1512 3358 86 25 mating
1604 3365 12 12 a
1622 3358 126 25 lengthened
1755 3363 51 22 stay.

944 3406 87 20 Visitors
1042 3413 46 18 may
1098 3405 123 24 confidently
1233 3407 60 17 count
1301 3412 54 18 upon
1366 3412 60 18 every
1436 3413 45 12 care
1491 3406 40 20 and
1540 3407 100 19 attention
1651 3410 19 17 to
1680 3408 54 19 their
1741 3410 91 23 comfort,

1246 3431 40 18 and
1293 3431 78 25 civility
1381 3432 51 18 from
1442 3433 34 18 the
1486 3433 54 19 staff.

1049 3457 116 19 First-class
1174 3457 71 19 Table.
1378 3457 127 20 Abundance
1515 3460 21 17 of
1545 3459 58 19 Fa-uit
1613 3460 20 18 in
1644 3460 82 19 Season.

944 3484 41 19 Tea
995 3484 41 18 and
1046 3483 68 19 Coffee
1125 3483 71 19 served
1207 3483 20 18 in
1244 3483 35 18 the
1296 3483 77 24 Dining
1389 3483 50 19 Hall
1458 3485 104 25 mornings
1580 3486 41 18 and
1639 3487 123 19 afternoons.
1799 3488 34 19 No

1316 3514 57 14 extra
1383 3509 82 26 charge.

1078 3561 104 33 THE
1637 3564 63 33 CO*

1125 3603 43 16 Run
1178 3602 81 17 Coaches
1268 3603 21 16 to
1298 3603 31 16 the
1336 3603 100 23 following
1443 3603 63 23 places
1515 3605 20 16 of
1542 3605 114 17 interest:—

946 3634 133 25 TokaanU,
1090 3633 117 25 Thursdays
1218 3634 39 18 ard
1272 3633 99 25 Sundays.
1400 3634 52 19 Faro
1463 3637 27 18 Ds.

949 3660 136 23 Wairakei
1099 3659 120 29 Geysers,
1231 3659 61 24 daily,
1304 3659 93 25 Sundays
1406 3660 101 20 included.
1536 3661 51 20 Faro
1598 3664 22 17 2s
1630 3663 31 18 Cd.

946 3692 34 17 AR
982 3692 48 17 ATE
1032 3691 48 16 ATE
1082 3692 16 15 A
1107 3692 100 19 RAPIDS,
1217 3692 57 21 daily.
1299 3691 48 17 Fare
1359 3692 19 16 3s
1387 3692 30 17 Gd.

946 3714 145 18 ROTOKAWA
1104 3714 122 18 SULPHUR
1239 3714 75 17 LAKE.
1339 3714 48 17 Fare
1397 3716 18 16 7s
1425 3716 29 19 Gd,
1464 3721 38 16 any
1510 3716 52 18 time.

1573 3776 250 64 ?MfS§ST

1843 1441 3 29 I
1856 1441 18 18 A
1894 1441 67 26 Large
1980 1444 61 21 Stock
2060 1448 22 18 of
2098 1447 95 23 German,
2211 1446 77 19 French

1920 1470 44 18 •and
1974 1471 91 20 Colonial
2076 1473 62 20 Boots
2148 1474 75 24 always

2018 1498 21 19 in
2056 1498 68 21 Stock.

1855 1531 67 20 BEST
1931 1533 75 20 MATE
2011 1535 71 20 RIAL.
2119 1531 26 25 B!
2151 1536 36 20 .ST
2197 1536 90 20 WORK.

1933 1569 158 22 AUCKLAND
2101 1573 107 20 TRICES.

1854 1618 164 24 Hand-sewn
2028 1621 79 24 Boots
2117 1629 15 16 a
2147 1623 138 30 Specialty.

1880 1680 114 25 Visitors
2005 1684 26 21 to
2046 1684 45 23 the
2106 1684 54 24 Hot
2168 1686 90 23 Lakes.

2041 1735 59 20 THE

1883 1759 175 49 Palace
2094 1763 160 56 Hotel,

1854 1816 67 19 Situat
1934 1816 11 19 d
1970 1817 20 19 in
2015 1819 35 19 the
2074 1820 49 19 New
2147 1820 136 21 Government

1853 1842 106 25 Township
1976 1850 19 13 in
2011 1851 54 14 c.ose
2083 1847 109 25 prnximitv
2211 1850 21 16 to
2251 1848 35 19 the

1853 1868 71 24 Baths,
1941 1869 134 26 Sanatorium,
2097 1873 48 19 Post
2168 1873 60 20 Oflije
2246 1875 40 19 aid

1853 1894 91 27 Rai.wny
1952 1896 87 20 Station.

1879 1947 41 19 The
1931 1948 60 20 Hotel
2004 1950 16 18 iB
2034 1950 130 27 luxuriously
2180 1952 104 19 furnished

1852 1974 37 18 and
1903 1974 77 21 reidete
1990 1976 47 20 with
2045 1983 58 19 every
2109 1979 139 19 -convenience
2255 1979 32 19 for

1853 2000 84 19 tourists
1948 2002 38 18 and
1997 2003 75 19 others.
2102 2004 20 19 It
2143 2011 56 12 cmn
2209 2005 51 18 ands
2275 2012 10 11 a

1852 2027 90 24 splendid
1955 2028 47 19 view
2013 2030 22 17 of
2045 2029 36 19 the
2088 2030 56 19 Lake
2155 2032 38 18 and
2202 2032 17 18 is
2228 2031 46 20 with-

1851 2052 21 20 in
1882 2059 45 18 easy
1939 2060 66 13 access
2019 2055 21 19 of
2058 2056 33 20 Ihe
2108 2057 78 25 Geyser

1853 2079 21 18 of
1886 2079 64 19 VVha<k
1957 2086 113 15 irew&rowa
2080 2083 40 19 a'.d
2131 2083 26 19 all
2171 2084 32 19 the
2220 2084 64 25 eights

1865 2105 8 19 f
1884 2105 34 19 the
1927 2106 85 20 district.

1865 2131 33 19 All
1908 2132 106 25 telegrams
2027 2134 102 27 promptly
2140 2136 95 20 attended
2244 2139 28 17 to.

1919 2170 298 54 johnlohnston,

1985 2224 172 20 PROPRIETOR.

1882 2274 183 45 Robert
2100 2275 155 47 Wake

1854 2335 97 47 BEGS
1959 2338 21 17 to
1988 2337 93 20 intimate
2089 2338 46 19 that
2144 2338 26 19 he
2187 2338 37 19 li-s
2241 2346 44 11 now
2295 2334 1 48 j

1925 2363 110 19 concluded
2046 2364 34 18 the
2093 2364 119 19 alterations
2224 2368 20 16 to
2255 2366 31 18 his

1852 2388 96 25 premises
1964 2389 20 18 in
2001 2389 80 19 Feuton
2098 2390 71 23 Street,
2185 2390 100 26 (opposite

1852 2415 34 18 the
1896 2414 68 19 Grand
1976 2415 79 24 Hotel,)
2065 2416 40 19 and
2116 2416 36 19 lias
2162 2424 9 11 a
2181 2417 56 24 large
2244 2418 40 18 and

1853 2440 44 19 well
1906 2441 91 19 assorted
2007 2441 56 19 stock
2074 2443 20 18 of
2108 2442 35 19 the
2162 2443 110 19 undermen-

1853 2467 67 18 tioned
1930 2466 69 25 goods,

1854 2501 65 41 FOR
1940 2501 87 41 CASH
2246 2502 26 41 &
2081 2502 87 41 CASH
2181 2504 102 41 ONLY.

1878 2556 49 19 This
1936 2556 54 19 Rule
2001 2557 41 18 will
2058 2558 24 18 be
2099 2557 77 25 strictly
2197 2558 88 20 adhered

1853 2585 20 16 to
1883 2589 21 13 so
1915 2589 26 14 po
1951 2589 37 12 one
1999 2583 50 20 need
2061 2585 23 18 be
2094 2584 96 19 offended
2197 2585 16 18 if
2222 2585 64 19 credit
2292 2583 1 21 1

1853 2608 16 19 is
1880 2608 87 19 refused.

1853 2643 81 22 Men's
1947 2643 125 30 Mercery,
2079 2644 78 28 Hats,
2171 2646 42 22 &c.

1854 2673 84 23 Men's
1954 2674 50 23 and
2019 2674 77 30 Boys'
2113 2676 122 28 Clothing

1957 2723 14 10 ~
2083 2707 78 23 Boots
2173 2708 22 22 &
2206 2708 78 23 Shoes

1853 2735 135 29 Blankets,
2003 2737 80 29 Rugs,
2095 2738 98 28 Prints,
2207 2738 62 24 Flan-

1905 2768 121 28 nelettes,
2039 2771 47 21 etc.

1854 2799 113 28 Saddles,
1980 2799 109 30 Bridles,
2105 2803 47 21 etc.

1966 2870 104 25 Complete
2080 2872 60 19 Stock
2151 2874 21 18 of

1854 2900 91 30 Fancy
1959 2900 90 28 Goods,
2068 2902 151 31 Stationery
2235 2905 50 22 and

1905 2932 85 23 Books

1855 2964 193 23 Tobacconist's
2064 2965 92 29 Goods,
2168 2968 48 21 etc-

1857 2996 112 22 Musical
1983 2996 179 24 Instruments

1854 3025 111 29 Fishing
1980 3025 95 25 Tackle

1854 3057 121 22 Window
1982 3057 100 29 glass&
2090 3059 79 31 Lamp
2178 3060 108 30 glasses.

1854 3109 94 19 LARGE
1962 3110 61 18 AND
2053 3111 235 21 WELL-ASSORTED

2001 3142 87 20 STOCK
2103 3143 34 19 OF

1870 3172 184 29 BIRTHDAY,
2082 3175 96 23 XMAS
2205 3176 70 23 AND

1907 3204 74 23 NEw
2008 3205 93 24 YEAR
2121 3207 113 24 CARDS.

1896 3255 65 19 Maori
1974 3256 72 20 Curios
2057 3259 21 19 in
2089 3260 63 18 Great
2161 3259 90 26 Variety.

1921 3308 118 20 First-class
2056 3310 86 20 Billiard
2153 3312 70 20 Table.

1858 3355 147 25 Prescriptions
2016 3356 108 26 dispensed
2135 3360 26 23 by
2169 3366 11 12 a
2190 3359 101 21 Qualified

2014 3382 91 21 Chemist
2115 3387 21 16 at

1934 3413 128 33 ROBERT
2079 3415 137 33 WAKE'S.

1994 3471 160 25 ROTORUA.

1030 3866 115 19 FAMILY
1162 3866 137 23 BUICEIER,

999 3916 81 18 Ahawa
1104 3915 91 23 Stiieet,
1219 3915 106 19 Rotokua.

972 3965 22 18 Is
1014 3970 44 12 now
1077 3963 95 25 carrying
1190 3970 26 12 on
1235 3963 35 19 the
1286 3963 93 20 business

947 3990 61 25 lately
1027 3989 114 19 conducted
1160 3985 27 29 by
1205 3989 75 19 Messrs
1298 3989 80 20 Jecklin

947 4016 39 19 and
997 4015 75 23 Cotter,
1084 4015 40 18 and
1134 4015 18 19 is
1161 4015 99 25 prepared
1271 4019 20 15 to
1305 4016 73 25 supply

946 4042 35 19 the
992 4041 68 26 public
1070 4041 47 19 with
1130 4041 63 25 prime
1202 4041 78 25 qualify
1291 4041 21 19 of
1325 4045 53 16 meat

947 4068 40 19 and
996 4067 58 20 small
1065 4067 63 25 goods

1018 4102 36 19 AT
1068 4101 118 21 LOWEST
1201 4101 90 21 PRICES-

1532 3855 171 23 FRUITERER.

1429 3890 57 19 Next
1494 3889 101 20 Sadd'er's
1609 3891 56 25 shop,
1675 3893 109 21 Ohinemut
1790 3903 17 12 a.

1404 3921 43 20 Has
1458 3922 75 24 always
1548 3929 9 12 n
1574 3923 52 25 grc.d
1640 3925 72 23 supply
1730 3927 22 17 of
1771 3928 63 20 Fresh

1477 3948 64 24 Fruit,
1553 3949 47 19 both
1616 3949 50 19 local
1675 3951 38 19 and
1726 3951 23 21 im-

1527 3975 71 25 ported
1610 3982 25 12 on
1647 3975 58 21 hand.

1571 4000 89 25 Also,

1526 4027 17 18 A
1564 4028 43 17 well
1618 4029 90 19 assorted

1453 4052 57 19 sti.fk
1521 4052 22 19 of
1555 4052 84 24 Biscuit,
1653 4054 117 22 Confection-

1401 4083 36 19 ery
1447 4078 39 19 and
1497 4081 91 17 Summer
1602 4078 75 21 Drinks
1690 4083 22 18 at
1729 4083 106 21 Moderate

1580 4106 74 19 Prices.

2045 3528 58 16 Xnri

1861 3550 426 88 Langham.

1881 3645 48 22 (One
1935 3646 89 18 minute's
2032 3648 50 17 walk
2091 3649 49 17 from
2147 3649 33 18 the
2186 3650 72 17 Govern-

2008 3673 53 15 ment
2070 3672 75 23 Baths.)

1978 3723 190 24 TOR7VTS;

1884 3756 99 30 35sper
2002 3760 88 27 week;
2110 3760 29 22 6s
2154 3767 46 22 per
2208 3761 57 30 day.

1886 3787 61 22 Two
1957 3789 91 22 weeks
2057 3796 28 16 or
2095 3790 99 29 lonerer,
2213 3791 53 23 30s.

1894 3836 27 30 C.
1955 3836 134 33 HAWKER
2118 3839 141 38 WiISQN,

1985 3879 186 21 PROPRIETOR.

1886 3913 176 34 WYITYARD
2076 3926 191 30 &PURCHAS,
2278 3918 14 3 ~

1921 3958 130 19 Bahhisters
2058 3965 42 13 and
2112 3960 123 26 Solicitors,

1859 3995 78 19 B.N.Z,
1947 3996 119 25 Chambers,
2074 3998 105 25 QueenSt,
2187 4000 108 21 Auckland

1954 4057 51 19 have
2016 4065 73 19 money
2099 4062 20 16 to
2129 4060 48 19 lend
2189 4068 26 12 on
2231 4062 51 20 Mort-

1858 4083 26 31 ,'
1893 4080 11 33 \
1949 4090 13 18 g
1962 4090 13 12 a
1977 4090 25 19 g°
2012 4085 22 18 °f
2049 4085 101 19 Freehold
2165 4087 41 18 and
2221 4087 61 21 Lease-

1858 4108 48 19 hold
1916 4113 95 20 property
2021 4113 22 16 at
2055 4115 82 16 current
2146 4116 60 15 rates.

956 4192 1467 57 asdf

2355 282 269 66 NOTiee
2660 287 101 62 TO
2791 287 375 70 TOURISTS.

2352 369 64 24 The
2436 369 212 33 undersigned
2669 379 53 19 are
2740 380 73 18 now
2829 376 138 32 running'
2981 379 140 32 Buggies
3138 381 63 24 and

2319 400 140 26 Coaclies
2481 403 32 23 to
2536 403 50 25 the
2599 403 164 34 following
2776 407 105 30 places
2895 408 33 25 of
2942 410 132 27 interest
3093 413 33 25 in
3147 414 53 24 the

2317 433 240 32 neighborhood
2574 437 32 24 at
2624 438 129 31 greatly
2777 439 135 26 reduced
2935 445 84 23 rates
3076 446 124 27 Special

2318 466 182 25 reductions
2509 466 48 26 for
2569 468 89 32 large
2666 470 127 31 parties.

2316 504 327 31 WHAKABEWAREWA;
2681 510 164 19 WAIRAKEI
2866 512 20 19 &
2906 513 100 21 TAUPO
3015 504 4 31 •
3044 518 143 17 TIKTTFRF

2457 529 143 20 TIKITERE
2613 532 20 18 &
2646 532 105 19 OKERE
2764 534 108 23 FALLS;
2886 536 173 23 WAIOTAPU.

2330 575 93 27 Special
2434 578 168 26 Conveyances
2613 580 45 24 arpd
2670 580 86 20 Saddle
2768 581 16 23 tf
2788 588 62 12 orses
2860 586 23 16 to
2894 584 27 18 all
2932 590 61 21 parts
3009 588 22 19 of
3044 588 38 19 the
3099 589 85 20 district

2639 609 23 16 at
2674 607 115 22 Moderate
2801 609 77 22 Rates.

2504 706 45 46 J.
2584 707 307 50 FALLOONA
2914 713 45 45 &
2982 716 97 52 Co,,

2812 774 323 58 Proprietors.

2329 834 131 26 BOOKING
2472 835 105 26 OFFICE
2589 837 59 26 AND
2660 838 136 27 STABLES
2810 840 143 28 OPPOSITE
2963 844 101 26 GRAND
3080 847 102 26 HOTEL.

2317 887 239 47 KUSABS
2589 890 153 47 BROS
2826 879 47 54 W7
2893 894 19 39 A
2907 881 13 3 _
2918 924 5 9 .
2954 884 176 57 WfLLIAMS
3131 880 16 30 r

2423 954 216 34 MAMA&TX
2772 964 217 26 PIONEER
3033 971 163 24 STORE..

2313 992 73 40 SAW
2403 993 24 39 &
2455 993 151 41 PLANING
2628 995 116 41 MILLS.
2848 1002 101 26 Opposite
2963 1005 73 21 Palace
3052 1007 68 21 Hotel.

2316 1062 268 23 7VTO\-/INT7^IN
2608 1065 137 25 RI7VT\J',

2473 1106 41 13 THE
2527 1106 54 14 ONLY

2314 1139 135 20 GENUINE
2463 1140 60 18 DRY
2538 1140 79 19 LAND
2634 1141 113 21 TIUBER

2418 1174 30 16 IN
2460 1174 53 17 THE
2526 1174 114 19 MARKET.

2314 1220 128 43 MESSRS
2461 1220 99 18 KUSABS
2577 1221 70 18 BROS.
2660 1223 25 17 l>e
2686 1230 13 15 K
2716 1229 20 11 re-

2389 1243 102 23 spectfully
2495 1245 21 15 to
2524 1244 70 17 inform
2600 1245 34 17 .the
2646 1244 68 19 Public
2726 1247 21 16 of

2314 1267 77 15 Kutorua
2399 1267 35 15 and
2444 1267 72 20 vicinity
2525 1267 38 16 tliat
2572 1269 41 19 ttiey
2627 1268 44 16 have
2686 1272 49 13 estab-

2312 1287 55 16 lished
2376 1294 10 9 a
2396 1287 43 21 yard
2447 1287 18 16 in
2478 1287 126 21 Iliueiuoa-Bt.,
2614 1291 32 14 and
2662 1295 30 10 can
2707 1296 38 10 new

2312 1310 62 19 supply
2383 1309 30 15 the
2420 1308 52 16 finest
2479 1309 44 16 class
2537 1310 19 15 of
2570 1310 82 20 Budding
2664 1310 80 17 Material

2312 1330 16 15 in
2338 1330 29 16 the
2376 1330 75 15 Market.
2465 1331 20 14 Jt,
2492 1330 15 15 is
2514 1331 101 21 unequalled
2624 1332 16 15 in
2650 1332 94 21 durability

2312 1352 33 14 and
2354 1352 106 21 impervious
2468 1354 18 13 to
2495 1352 29 15 the
2533 1354 66 14 attaoks
2615 1354 18 14 of
2645 1353 50 16 borer
2710 1355 34 14 and

2312 1373 30 19 dry
2355 1376 32 13 rot.
2411 1373 53 15 Their
2472 1373 83 16 sawmills
2563 1379 28 11 ure
2599 1374 49 16 fitted
2658 1375 42 16 with
2715 1375 29 15 the

2312 1398 44 11 roost
2364 1394 70 16 modern
2443 1394 98 20 appliance*
2552 1395 33 16 ucd
2594 1395 28 16 the
2630 1396 37 15 firm
2681 1397 14 14 is
2705 1396 39 16 able

2311 1418 17 12 to
2344 1416 63 19 mpply
2424 1420 34 15 any
2474 1416 80 20 quantity
2571 1416 18 16 of
2603 1416 38 21 Dry
2658 1417 85 20 Building

2311 1436 81 17 Material
2401 1442 22 11 on
2432 1437 29 16 tlio
2469 1439 75 14 shortest
2551 1438 62 16 notice.

2312 1479 140 29 Skirtings,
2460 1480 178 28 Architraves,
2643 1481 83 23 Mould-

2346 1511 68 28 ings,
2427 1511 51 22 and
2488 1510 110 23 Dressed
2608 1512 102 23 Timber

2377 1542 27 22 of
2413 1548 80 23 every
2508 1541 165 30 description,
2679 1557 11 12 a

2403 1572 109 29 Always
2523 1579 33 16 on
2566 1572 83 23 Hand.

2337 1606 119 23 HENAU
2467 1607 107 22 HOUSE
2587 1607 127 24 BLOCKS.

2331 1653 49 17 Price
2389 1654 48 16 Lists
2445 1659 20 10 on
2476 1654 102 20 application
2589 1656 17 14 to

2309 1685 226 32 KUSABS
2572 1686 170 36 BROS,

2385 1726 117 19 MAMAKU
2515 1731 25 12 on
2553 1726 113 19 OIIAUPO.

2438 1755 27 18 Or
2473 1757 20 16 at
2500 1755 34 17 tl>e
2545 1755 69 21 Yards,

2331 1783 127 18 HINEMOA
2470 1783 101 20 STREET,
2591 1783 128 18 ROTORUA.

2309 1856 33 19 TO
2358 1856 59 19 THE
2431 1855 106 20 PUBLIC
2552 1856 33 19 OF
2603 1856 139 21 ROTORUA.

2312 1908 91 42 {ISEG
2416 1911 20 16 to
2446 1908 65 19 thank
2521 1908 34 18 the
2568 1908 73 20 Public
2652 1909 20 19 of
2680 1908 50 20 Roto-

2363 1942 39 11 rua
2421 1935 32 19 for
2468 1934 52 19 their
2528 1935 81 18 favours
2621 1935 75 25 during
2708 1935 34 19 the

2308 1963 46 22 past
2363 1961 71 19 fifteen
2444 1967 65 18 years,
2521 1960 40 18 and
2576 1964 20 14 to
2613 1961 65 24 notify
2697 1961 45 19 that

2308 1987 32 19 for
2350 1987 34 19 the
2396 1986 134 20 convenience
2540 1987 21 18 of
2570 1986 99 20 residents
2679 1988 21 18 in
2707 1987 35 19 the

2310 2013 49 19 New
2370 2012 116 25 Township,
2500 2012 39 18 aud
2550 2019 32 18 my
2595 2013 58 19 trade
2671 2020 60 18 gener-

2308 2039 48 25 ally.,
2367 2039 11 18 I
2389 2039 52 19 have
2452 2038 52 19 built

2335 2074 53 19 NEW
2396 2074 104 18 PitEMISES
2509 2079 22 12 IN
2538 2073 84 20 FeNTON
2629 2072 85 26 STREET,

2308 2110 66 19 which
2385 2117 33 12 aie
2429 2116 45 12 now
2486 2116 51 18 open
2545 2110 32 18 for
2587 2109 99 24 business,
2704 2109 40 19 and

2308 2136 11 18 I
2330 2142 33 12 am
2382 2135 100 26 prepared
2504 2138 21 16 to
2538 2135 73 26 supply

2450 2170 70 19 Prime
2540 2169 61 20 Meat

2308 2208 20 19 in
2340 2208 50 19 both
2401 2208 51 19 New
2464 2208 40 18 and
2515 2207 38 19 Old
2563 2207 125 26 Townships.

2341 2276 42 21 An
2394 2274 155 29 Inspection
2564 2274 22 22 is
2601 2274 107 23 invited.

2518 2314 101 19 HENRY
2633 2314 82 20 KIRK.

2355 2387 29 40 A.
2415 2386 70 39 AND
2510 2386 30 39 G,
2568 2385 126 47 BROOK,

2308 2438 81 24 BOOT
2404 2437 70 24 AND
2491 2437 82 23 SHOE
2594 2437 147 28 MAKERS,

2471 2471 88 22 SIBKET,
2584 2470 104 20 kOXORCA.

2309 2503 44 20 And
2377 2505 22 18 at
2428 2501 84 20 Purnell
2534 2501 39 19 a?'d
2602 2500 138 21 Newmaiket.

2335 2556 65 19 Lnr»e
2410 2554 40 19 and
2462 2554 66 19 vatied
2544 2553 62 20 Strck
2618 2554 20 19 of
2648 2554 91 24 English,

2311 2583 84 22 Fopeigii
2407 2582 39 18 and
2458 2580 89 19 Colonial
2560 2580 60 19 Boots
2632 2582 37 17 and
2678 2581 62 18 Shoes

2369 2610 22 18 to
2402 2608 23 19 eh
2429 2615 45 11 nose
2486 2608 49 17 from
2547 2609 21 16 at
2579 2606 34 19 the
2624 2609 51 16 most

2342 2639 216 33 REASONABLE
2580 2639 125 31 PRICES.

2375 2681 96 20 GREAT
2485 2680 87 20 RhDU(
2582 2680 92 20 TIONS.

2333 2713 97 25 Clearing
2449 2715 36 16 cut
2505 2711 60 19 Stoik
2585 2712 32 18 for
2640 2711 75 25 Spiing

2462 2738 122 25 Shipments.

2311 2772 31 19 AH
2359 2772 70 19 ciders
2446 2770 40 19 and
2503 2777 26 18 re]
2537 2770 40 19 airs
2593 2769 147 25 expeditiously

2472 2803 30 13 ex<
2509 2796 66 19 cuted.

2826 892 38 40 W.
2892 894 31 39 A.
2956 896 174 43 WILLIAMS
3130 886 15 26 7

2773 964 216 26 PIONEER
3033 971 164 26 STORE,

2848 1002 101 25 Opposite
2964 1006 72 20 Palace
3052 1007 68 21 Hotel.

2770 1053 136 26 GROCERY,

2810 1084 136 21 OILMEN'S
2959 1087 111 26 STORFS,

2851 1114 216 29 IRONMONGERY,

2902 1146 153 23 CROCKERY
3060 1151 89 25 WARE,

2954 1183 141 26 DRAPERY,
3111 1188 87 23 &c.,&ei

2798 1213 14 15 A
2831 1209 147 23 well-assorted
2995 1214 57 20 st:»ck
3069 1223 20 12 in
3106 1218 26 18 all
3148 1218 51 20 lines

2770 1236 21 18 of
2801 1236 33 18 the
2843 1237 62 19 above
2915 1242 20 14 ut
2945 1238 71 22 lowest
3028 1248 69 15 prices.

2770 1270 49 19 New
2831 1270 87 22 Zealand
2925 1273 64 27 Dairy
2998 1276 145 21 Association's
3151 1279 36 20 Fac-

2805 1298 44 23 tory
2860 1297 75 20 Butter
2945 1300 54 19 fresh
3010 1301 58 21 twice
3079 1303 81 26 weekly.

2843 1332 50 20 New
2904 1333 48 21 Laid
2964 1335 61 25 Engs,
3036 1338 42 22 &c.,
3090 1340 34 17 &c.

2785 1385 162 22 GOVERNMENT
2968 1390 49 20 LIFE
3039 1392 136 24 INSURANCE,

2898 1411 120 18 Established
3026 1418 38 14 1870.

2799 1434 42 13 LOW
2853 1435 115 17 PREMIUMS.
2984 1439 71 15 XiABGE
3065 1442 98 17 BONUSES.

2782 1458 145 19 Reversionary
2937 1463 86 16 Bonuses
3033 1467 106 14 declared—

2842 1478 34 27 J2S2
3074 1484 101 18 £125,000

2841 1494 35 28 J|£
3073 1497 102 22 £319,'000

2813 1526 20 12 in
2841 1526 33 13 189J
2880 1527 52 14 (three
2936 1532 46 13 years
3069 1517 104 35 f277,'888

2780 1563 14 12 fl
2919 1549 14 14 J-
2942 1551 19 13 H.
2970 1551 137 19 EICHAEI/SON,

2768 1588 26 2 _
3042 1570 130 17 Commissioner.

2768 1620 216 50 Rotorua
3003 1625 194 60 Bakery

2768 1751 56 52 T.
2848 1752 48 52 S.
2920 1755 278 66 SAMSON,

2779 1820 106 33 BAKER
2895 1822 26 32 &
2930 1823 256 36 CONFECTIONER.

2819 1900 85 24 Bread
2918 1902 131 26 delivered
3066 1906 77 30 daily.

2820 1968 164 27 GROCERIES,

2963 2008 143 23 DRAPERY,

2956 2045 45 14 AND

2766 2069 123 19 GENERAL
2895 2071 206 23 STOREKEEPER'S
3108 2077 90 18 GOODS.

2815 2118 134 42 HORACE
2971 2122 178 43 STEV/ART,

2766 2173 108 22 SADDLE,
2888 2175 125 22 HARNESS,
3027 2178 54 18 AND
3098 2179 100 19 COLLAR

2933 2199 100 23 MAKER,

2810 2232 178 25 FENTON-ST.,
3003 2236 151 21 ROTORUA.

2767 2269 102 21 Saddles,
2886 2269 93 24 Bridles,
2996 2272 92 24 Collars,
3104 2274 85 21 Chains

2789 2292 55 22 Bits,
2852 2293 79 22 Spurs,
2939 2294 105 20 Harness
3057 2297 66 24 Soap,
3132 2298 40 20 &c.
3192 2292 2 29 '

2789 2338 117 22 Coachaline,
2916 2346 11 10 a
2943 2343 114 22 waterproof
3072 2346 125 20 preservative

2766 2362 30 16 for
2804 2361 26 17 all
2838 2362 55 17 kinds
2901 2363 20 17 of
2932 2364 77 18 leather.

2790 2385 84 21 Axleine,
2892 2392 12 11 a
2916 2387 71 21 perfect
3003 2389 94 19 lubricant
3112 2392 30 17 for
3155 2398 31 12 car-

2766 2408 66 22 riages,
2842 2414 97 17 waggons,
2950 2411 30 17 &c.

2790 2431 72 18 Collars
2870 2432 54 18 made
2937 2434 20 17 to
2971 2440 84 13 measure
3068 2442 24 12 on
3109 2437 31 18 the
3154 2444 33 17 pro-

2765 2455 55 17 mises
2829 2461 10 10 a
2848 2455 103 24 speciality.
2988 2458 125 23 Lengthened
3123 2462 63 22 experi-

2765 2484 44 11 ence
2817 2478 19 17 in
2845 2478 26 17 all
2880 2478 67 19 classes
2955 2481 20 16 of
2980 2481 94 19 Saddler's
3083 2484 57 17 work.
3165 2486 32 16 All

2765 2501 63 17 orders
2836 2502 97 22 promptly
2942 2504 91 18 attended
3044 2507 26 16 to.

2417 2858 173 54 BELL

2309 2936 432 37 CARPENTER,

2414 2978 104 19 FENTON
2535 2978 101 21 STREET,

2403 3013 99 18 Opposite
2551 3011 79 18 Grand.

2333 3043 67 17 Sashes
2407 3041 57 18 made
2472 3043 19 15 to
2500 3041 61 17 order.

2984 2593 31 41 M,
3053 2596 119 48 SIMON,

2959 2645 61 24 (Late
3027 2646 23 19 of
3058 2648 137 26 Melbourne.)

2969 2695 114 19 Practical
3102 2698 82 18 Tailor.

2958 2767 104 25 Clothes
3075 2773 75 21 made
3169 2775 26 21 to

2985 2795 74 22 order
3076 2803 33 16 on
3125 2798 45 23 the

3011 2820 133 26 shortest

3029 2848 94 24 notice.

2970 2942 56 24 Style
3036 2950 10 12 a
3051 2942 4 24 r
3064 2944 10 19 d
3086 2945 35 19 Fit
3132 2948 35 18 not
3177 2950 21 16 to

2959 2969 23 17 be
2993 2970 93 24 equalled
3104 2978 19 11 in
3141 2975 54 17 town

2959 3005 110 20 Address:
3085 3008 112 21 ArawaSt.

3029 3032 101 20 Rotorua.

2403 3102 31 40 F,
2478 3100 171 47 GOODSONj
2768 3116 136 22 BARBER
2919 3117 20 23 &
2954 3118 237 28 hairdresser

2455 3152 149 32 ROTOROA

2312 3199 84 32 COAL
2459 3198 64 31 &
2524 3196 103 32 FIREWOOD
2646 3196 98 37 YARD,
2787 3198 38 30 U
2869 3199 315 43 STEWART

2397 3242 144 19 FCKUATUA
2554 3242 101 21 STREET,
2832 3238 9 10 B
2954 3241 32 11 ™
3000 3230 117 25 W«»
3127 3237 11 18 3
3156 3230 14 26 I

2479 3278 103 16 Rotorua.
2770 3279 61 19 HAS
2848 3282 109 18 removed
2972 3283 24 17 to
3013 3283 37 19 his
3065 3285 74 19 NEW
3155 3287 46 18 SA-

2336 3325 63 17 Goods
2408 3323 94 18 delivered
2511 3323 49 17 after
2570 3323 71 17 -arrival
2655 3323 20 17 of
2687 3323 60 17 trains
2794 3311 81 18 LOON
2884 3312 178 25 Fenton-street,
3073 3318 106 22 opposite

2312 3350 21 15 to
2341 3348 26 17 all
2375 3349 54 21 parts
2438 3347 19 17 of
2465 3347 32 16 the
2506 3347 52 16 town
2566 3345 47 18 with
2620 3348 126 20 promptness.
2895 3341 65 24 Kirk,
2976 3344 103 20 butcher.

2312 3380 63 23 Large
2382 3379 59 18 Stock
2455 3379 20 17 of
2491 3378 46 18 Coal
2552 3377 39 18 and
2606 3378 98 18 Firewood
2719 3377 28 18 al-

2381 3408 55 17 ways
2444 3408 25 11 on
2478 3401 50 17 hand
2538 3401 39 18 and
2584 3401 94 18 delivered
2812 3406 88 20 Setting
2913 3408 81 21 Razors
3006 3417 14 12 a
3034 3411 121 21 Specialty.

2454 3426 20 15 at
2483 3424 32 17 the
2527 3424 81 17 shortest

2497 3448 62 16 notlco
2561 3448 4 33 -
2796 3455 107 19 Choicest
2917 3457 88 20 Brands
3020 3460 79 21 Cigars
3120 3462 84 19 Tcbac-

2337 3478 67 17 RA'TA
2410 3481 43 13 and
2458 3476 73 17 TAWA
2538 3481 25 12 at
2569 3480 79 13 lowest
2657 3481 68 12 rates.
2772 3483 45 17 cos,
2829 3478 38 19 &c.
3045 3469 14 14 s
3101 3469 4 31 '

2316 3519 203 44 Auckland
2533 3519 217 18 advertising
2760 3517 2 46 i
2773 3517 37 2 ~
2868 3518 27 3 ~

2473 3542 111 19 AGENCY,
2776 3532 35 38 T}
2869 3532 26 26 C
2958 3535 36 35 (p
3013 3537 119 19 ORLE
3151 3540 52 21 TT,

2338 3567 100 17 Victoria
2450 3566 89 18 Arcade,
2554 3565 71 19 Queen
2642 3565 84 17 Street.
2817 3566 10 9 •

2370 3589 123 21 Advertising
2499 3589 19 16 in
2528 3588 24 17 all
2565 3588 25 17 its
2598 3588 97 18 branches.
2879 3589 14 18 A
2906 3588 19 19 R
2933 3590 16 19 C
2957 3590 19 18 II
2985 3591 12 19 I
3005 3592 16 19 T
3029 3593 16 19 E
3053 3593 17 19 C
3079 3594 14 18 J'

2316 3613 52 18 New,
2384 3613 76 19 Unique
2477 3611 37 18 and
2528 3612 84 16 Tasteful
2629 3612 122 20 Advertising
2853 3622 15 10 r>
2887 3623 11 9 -i
2907 3623 13 9 i-

2489 3634 91 18 Medium.
2852 3622 97 27 Building
2963 3626 109 26 Surveyor,
3090 3629 35 19 &c.

2339 3658 69 18 Orders
2417 3659 50 16 from
2475 3657 26 18 all
2509 3659 53 21 parts
2570 3657 91 18 attended
2669 3659 21 16 to
2704 3657 47 17 with
2775 3660 68 25 Agent
2864 3660 33 20 for
2915 3661 34 20 the
2973 3663 96 21 National
3095 3666 23 19 V,
3121 3674 20 12 re
3165 3674 8 5 ~
3179 3674 17 12 n(
3197 3668 7 18 i

2316 3687 42 12 care
2368 3682 37 17 and
2414 3681 114 21 expedition.
2864 3686 81 21 Marino
2952 3688 113 22 Insurance
3077 3692 36 19 Co.

2497 3722 78 22 [CAIiD.I
2760 3721 2 23 !
2808 3735 16 9 r
2876 3736 17 8 jr-
2909 3739 5 5 ,
2944 3721 8 3 ~
3008 3724 15 2 ~~

2839 3735 18 20 o
2874 3736 20 19 K
2909 3739 17 17 O
2941 3738 12 20 I
2969 3741 17 17 A
3059 3741 47 19 IT
3120 3743 10 18 I
3145 3744 16 18 h
3178 3743 26 20 \V

2333 3794 47 32 H.
2392 3793 58 32 W.
2464 3792 268 37 MITCHELL,
2840 3820 17 4 _
2864 3821 28 14 „

2415 3850 19 14 a
2450 3852 14 12 „
2520 3852 13 12 „
2547 3850 14 7 -
2589 3852 11 12 „
2774 3819 244 36 BOARDING
3034 3825 168 33 HOUSE.

2415 3852 117 23 pulljovtSft)

2774 3879 109 27 Opposite
2899 3880 38 20 the
2954 3883 54 19 Post
3019 3885 46 18 and
3077 3885 124 24 Teleqraph

2304 3952 109 43 Gr
2428 3952 16 14 i*)
2471 3952 19 9 -m
2503 3951 18 15 f
2537 3952 14 14 p
2578 3952 8 8 *
2617 3951 19 15 TT
2702 3953 18 13 v
2774 3936 45 19 And
2839 3943 49 13 near
2909 3939 13 17 t.
2933 3946 9 12 %
2961 3940 120 21 Celebrated
3106 3942 95 19 PRIEST

2471 3951 50 43 M
2560 3952 45 42 A
2813 3962 117 21 RACHEL
2946 3967 38 18 and
2998 3967 57 20 other
3065 3968 95 23 BATHS,

2916 3990 143 23 ROTORUA.

2317 4021 124 24 Plumber
2457 4021 22 22 &
2489 4020 112 23 General
2613 4020 138 25 Mechanic
2773 4040 64 10 mT?TSI
2837 4020 4 30 .
2844 4040 25 10 TO
2869 4020 2 30 ,

2775 4043 10 14 i
2791 4043 92 16 JiiKMb:
2892 4043 41 17 Aos
2940 4048 41 18 per
2988 4045 71 22 week,
3070 4045 26 18 4s
3102 4050 40 17 per
3149 4045 51 22 day.

2559 4069 92 25 5t...,,
2807 4071 112 40 MRS
2965 4074 200 46 YOUNG,

2377 4121 32 20 R
2425 4120 28 21 O
2469 4121 28 20 T
2513 4119 29 22 O
2560 4120 31 21 R
2606 4120 32 21 \J
2655 4126 41 15 J-\,
2904 4121 170 20 PIiOPUIETHESS.

2895 3341 65 24 EZirk,
2976 3344 103 20 butcher.

2812 3406 88 20 Setting
2913 3408 81 21 Razors
3007 3417 12 12 a
3034 3411 121 21 Specialty.

2775 3532 51 43 B.
2867 3532 43 44 S.
3151 3539 46 18 1T
3197 3554 6 7 -

2879 3589 14 18 A
2906 3589 18 18 R
2933 3590 16 19 C
2958 3590 17 18 II
2986 3592 10 18 I
3005 3593 16 18 T
3029 3593 16 18 E
3054 3593 15 19 C
3080 3594 19 21 ]',

2853 3623 96 26 Building
2963 3626 109 26 Surveyor,
3090 3629 35 19 Ac.

2333 3794 47 32 H.
2392 3793 58 31 W«
2464 3792 268 37 MITCHELL,

2415 3849 117 24 Sulljovisrti

2464 3903 141 24 ROTORUA.

2341 3952 42 43 G
2397 3952 48 18 EO
2445 3937 304 57 'M°A"^

2317 4021 124 24 Plumber
2457 4021 22 22 &
2489 4020 112 23 General
2613 4020 138 25 Mechanic

2410 4070 131 20 Totanekai
2559 4069 92 24 Stheet,

2377 4119 319 22 ROTORUA,
