3290 4320
2861 169 45 13 How
2914 169 20 12 to
2940 167 55 14 Make
3003 166 85 18 Quaking
3095 166 80 13 Cuslaril.

2829 190 90 19 One-half
2933 191 38 16 bo;:
2979 190 21 16 o£
3011 188 77 23 gelatin,
3098 189 10 15 5
3116 193 49 16 eggs,
3173 194 11 12 a
3190 191 22 18 tea-

2808 214 115 24 spooul'alof
2930 214 80 20 vanilla,
3016 214 18 16 1J
3045 213 52 21 pints
3101 212 20 17 of
3129 213 52 20 milk,
3187 220 25 13 one-

2808 240 41 18 half
2864 245 38 16 cup
2918 239 20 16 of
2953 243 64 16 sugar,
3026 237 122 21 one-quarter
3162 242 33 17 cup
3205 241 16 17 of

2808 263 102 23 powdered
2932 268 63 15 sugar.
3028 261 60 18 Cover
3111 261 31 16 the
3161 262 59 20 gelatin

2809 289 47 17 with
2864 287 43 18 eoltl
2915 287 62 18 water
2984 286 38 17 and
3030 286 46 17 soak
3083 285 42 16 half
3139 290 23 11 an
3176 286 43 20 hour.

2809 312 38 18 Put
2855 312 33 17 the
2896 311 49 18 milk
2952 316 25 12 on
2984 311 21 16 to
3013 310 44 17 boil.
3081 309 48 17 Beat
3137 308 30 18 the
3178 310 43 21 yolla

2810 338 19 17 of
2837 337 33 17 the
2877 341 46 16 egga
2931 335 38 17 and
2977 334 33 18 the
3017 334 41 17 half
3066 338 38 16 cirp
3111 333 21 16 of
3139 338 54 16 sugar
3201 337 14 16 to-

2810 361 66 22 gether
2883 360 52 17 until
2943 359 56 21 light,
3007 358 46 18 then
3061 357 35 18 stir
3104 357 40 17 into
3149 357 31 17 the
3186 358 30 19 bo*!

2810 386 33 20 ing
2850 385 55 20 milk,
2915 384 38 16 add
2968 383 33 17 the
3012 382 72 22 gelatin
3093 381 37 17 and
3146 381 32 18 stir
3189 387 33 15 over

2811 410 32 17 the
2850 410 35 16 fire
2899 408 31 17 for
2937 413 12 11 a
2956 407 75 17 minute
3047 407 19 16 to
3078 406 82 17 thicken.
3183 406 39 21 Take

2812 434 50 17 from
2871 433 31 17 the
2911 433 40 19 iire,
2960 432 37 17 add
3010 432 31 15 tlio
3049 430 78 19 vanilla,
3136 435 45 16 pour
3190 431 17 17 in
3215 435 8 15 4

2812 458 52 17 mold
2872 457 39 17 and
2920 456 57 17 staud
2985 460 55 16 away
3048 456 20 16 to
3076 454 77 17 harden.
3173 454 50 20 When

2813 483 14 16 it
2835 483 16 16 is
2860 481 59 21 ready
2927 482 20 15 to
2956 485 59 15 serve,
3024 480 44 16 beat
3080 478 32 17 the
3120 478 66 18 whites
3192 480 16 16 to
3216 487 7 11 a

2814 507 57 19 foam,
2880 506 47 16 then
2935 503 103 23 gradually
3047 503 36 17 add
3099 503 31 16 the
3138 503 86 21 powdered

2814 535 63 17 sugar,
2887 529 78 21 heating
2980 528 25 17 all
3014 527 32 17 the
3054 526 62 18 while.
3141 527 52 16 After
3206 529 18 18 all

2814 555 32 17 the
2862 559 58 15 sugar
2935 553 16 16 is
2967 552 61 17 added
3044 551 44 17 heat
3102 550 51 17 until
3167 550 15 17 it
3195 554 29 17 will

2814 579 57 17 stand
2879 578 60 17 alone.
2954 577 53 17 Turn
3015 576 32 16 the
3054 575 86 22 pudding
3146 575 79 24 carefully

2815 604 50 16 from
2879 602 33 17 the
2926 601 59 20 mold,
2995 601 48 20 heap
3051 600 32 16 the
3091 599 68 17 whites
3165 602 60 17 around

2815 628 15 16 it
2838 627 39 17 and
2885 630 59 13 serve.
2968 625 46 17 This
3022 623 40 18 will
3076 628 54 12 serve
3137 623 50 21 eight
3196 629 22 17 pet-

2816 654 49 12 sons.

2906 691 45 12 How
2959 690 19 12 to
2986 688 78 14 Prevent
3071 687 80 16 Snoring.

2839 713 87 21 Keeping
2934 712 32 16 the
2971 711 69 17 mouth
3047 710 45 17 shut
3097 710 87 21 prevents
3188 715 30 13 snor-

2819 738 38 21 ing.
2882 737 27 17 To
2917 736 25 17 do
2951 736 37 16 this
2996 735 56 17 make
3059 740 12 12 a
3078 734 50 17 close
3135 733 61 22 fitting
3202 741 23 16 cap

2819 762 29 18 for
2857 762 33 16 the
2898 760 49 17 head
2962 760 38 16 and
3013 760 57 20 shape
3078 764 12 11 a
3101 759 52 20 piece
3160 758 19 16 of
3189 759 36 19 cloth

2819 788 19 15 to
2846 787 22 16 fit
2884 785 32 17 the
2932 785 50 19 chin,
2991 783 77 21 uniting
3075 783 16 16 it
3106 781 48 18 with
3161 782 29 17 the
3203 789 22 17 cap

2819 811 25 21 by
2852 809 67 18 elastic
2927 809 67 19 bands,
3001 807 63 17 which
3072 807 41 20 join
3121 806 32 17 the
3160 811 33 16 cap
3199 808 26 20 just

2820 835 59 16 above
2888 834 32 16 the
2927 837 48 13 ears.

2837 862 70 20 Spring
2914 862 76 15 theater
2998 865 56 17 capes
3065 865 32 12 tire
3104 862 56 15 made
3167 863 19 14 of
3193 867 32 18 very

2817 885 36 17 Rue
2862 885 52 17 cloth
2929 885 20 16 in
2965 884 49 22 light
3028 885 61 16 colors
3104 890 21 11 as
3133 885 44 16 well
3188 891 17 12 as
3214 889 11 16 of

2817 910 63 17 velvet
2888 909 38 17 and
2932 909 87 17 brocade.
3043 909 60 17 Fawn
3110 910 74 16 colored
3188 911 37 18 cloth

2817 934 73 16 models
2901 938 38 12 aro.
2948 933 52 17 lined
3008 933 46 17 with
3071 933 42 21 pale
3128 938 55 16 green
3196 935 29 19 shot

2817 959 47 14 with
2870 957 80 16 auricot.

1245 107 60 23 THE
1318 108 61 21 HOT
1394 108 94 22 LAKES
1503 107 176 28 CHRONICLE,
1696 109 194 26 WEDNESDAY,
1915 108 105 23 MARCH
2033 110 20 25 4,
2069 110 56 24 11-96,

2828 4105 71 17 Printed
2911 4106 33 16 ami
2957 4105 90 22 published
3065 4105 27 16 for
3109 4105 29 16 the
3153 4103 85 22 proprietor)
3248 4098 22 20 §8

2851 4130 17 13 [it,
2883 4127 27 16 his
2930 4127 94 18 registered
3030 4126 43 20 prim
3078 4127 31 18 iticr
3115 4126 47 16 office
3176 4124 61 17 Rntiru'
3248 4122 22 16 Hi

2851 4148 22 22 by
2880 4148 59 17 Percy
3020 4148 97 18 Hamkond,
3130 4148 16 16 of
3157 4147 68 16 Rotoruu
3248 4142 12 17 fc

2871 4177 161 22 WEDNIS9JDAY,
3061 4177 68 20 ARQii
3137 4179 16 22 i,
3163 4176 45 21 I.SQC,

215 180 249 74 LAKE
520 175 350 81 HOUSE,

189 280 310 50 Hydropathic
519 277 146 41 Hotel,
680 278 210 35 Rotorua.

379 332 223 30 Established
622 331 86 27 1881.

94 377 72 21 Under
180 378 34 20 ike
232 379 111 24 patronage
360 374 21 19 of
401 374 32 19 Sir
442 373 34 19 W.
494 372 85 23 Jervois,
595 370 51 20 Earl
661 371 40 19 and
717 370 100 20 Countess
831 369 22 19 of
862 368 121 25 Hopetown,

266 403 34 19 the
310 402 55 19 Hon.
379 399 92 20 Premier
481 398 40 19 and
534 397 104 19 Members
651 397 23 19 of
683 397 131 19 Parliament.

148 457 43 19 The
200 455 63 20 Hotol
272 454 17 19 is
299 452 88 20 situated
397 458 26 13 on
433 458 27 12 an
468 450 91 20 elevated
569 450 88 25 position
667 456 26 12 on
701 449 35 19 the
746 448 69 19 shores
825 447 22 19 of
860 446 56 20 Lake
923 446 50 19 Roto-

95 489 45 17 rua,
150 482 118 20 convenient
282 482 21 17 to
313 479 27 19 all
349 478 36 20 the
395 478 66 25 sights
469 478 22 18 in
501 477 34 19 the
546 477 83 19 district.

171 514 136 22 SULPHITE
317 515 15 18 &
341 512 134 20 MINERAL
485 511 92 19 BATHS
587 511 21 19 in
617 511 34 19 the
661 510 94 19 Grounds
766 509 21 20 of
795 508 36 20 the
840 507 70 20 Hotel.

147 569 17 19 N
169 567 101 20 .B.—Mrs
280 566 90 20 Graham
379 565 42 19 will
429 565 42 19 also
481 564 94 19 continue
585 565 19 18 to
615 562 103 26 supervise
728 561 34 20 the

114 598 173 29 GEYSER
304 597 147 27 HOUSE
469 592 319 31 HYDROPATHIC
809 591 154 32 HOTEL,

407 631 278 28 WAIRAKEI,

94 670 68 21 which
179 670 38 19 has
232 670 82 19 become
333 675 12 13 a
354 667 87 27 popular
461 666 40 19 and
516 665 101 20 favourite
637 666 64 18 resort
715 664 95 24 amongst
826 661 106 21 travellers
947 661 40 19 and

497 691 93 20 invalids.

540 723 11 11 o

240 749 20 19 A
268 748 106 20 reduction
383 748 17 18 is
408 746 60 20 made
477 748 21 17 to
512 744 78 25 weekly
599 751 23 13 or
635 743 94 25 monthly
738 743 104 19 boarders.

108 781 66 20 Guide
184 781 69 19 Books
262 780 41 20 and
312 779 131 20 information
461 777 64 25 gratis
535 779 21 16 at
566 776 55 19 Cook
637 775 40 20 and
687 774 57 21 Sons'
757 774 50 26 (sole
818 773 80 25 agents)
909 773 65 20 offices

404 804 127 25 throughout
541 803 35 18 the
592 802 84 24 Colony.

94 861 106 39 MRS
229 861 42 37 R.
290 857 211 44 GRAHAM,
553 877 16 7 -
610 876 18 8 -
667 876 17 6 -
733 854 253 46 Proprietress.

96 956 467 76 ATIAMURI
634 951 348 81 HOTEL,

333 1054 33 21 On
376 1053 35 20 the
420 1052 67 20 banks
497 1052 21 19 of
527 1052 35 19 the
571 1051 98 20 Waikato
679 1051 69 19 River.

120 1103 120 22 Patronised
259 1103 28 25 by
300 1103 36 19 the
350 1101 51 19 Earl
417 1100 40 20 and
467 1100 98 20 Countess
583 1099 22 19 of
614 1099 88 23 Onslow,
717 1098 99 19 Countess
830 1096 21 19 of
862 1094 95 26 Glasgow

279 1129 41 19 and
334 1128 64 20 Suite.
427 1127 31 19 Sir
467 1126 88 20 Thomas
571 1125 40 20 and
619 1125 59 25 Lady
692 1120 134 24 Mcllwraith.

127 1217 112 25 Situated
251 1215 103 31 halfway
362 1215 112 24 between
485 1213 117 27 Rotorua,
614 1211 88 31 Taupo
714 1210 48 23 and
961 1209 24 14 lc

93 1252 104 31 starting
221 1250 67 32 place
307 1249 36 23 for
362 1248 40 24 tlie
413 1246 182 25 Aniwhaniwha
618 1244 74 28 Falls,
712 1244 40 22 the
776 1240 160 26 Orakei-Ivor

93 1286 45 23 red
150 1284 48 24 and
211 1284 71 24 white
294 1282 127 26 Terraces,
435 1280 115 31 Geysers,
571 1279 73 23 Alum
668 1277 89 27 Caves,
776 1275 44 24 &c.
824 1297 6 15 ?
845 1280 24 18 to
882 1273 60 24 whic
950 1275 8 14 1

94 1327 53 15 new
166 1317 48 24 and
233 1324 57 23 easy
315 1315 66 23 track
395 1314 19 24 is
434 1321 53 15 now
510 1311 147 32 completed.
694 1310 117 23 Distance
830 1308 55 23 nine
907 1306 41 24 mil
950 1308 13 15 e
965 1308 19 18 s,

94 1352 53 23 four
158 1351 25 23 of
194 1350 76 24 which
289 1357 44 16 can
351 1348 32 23 be
402 1346 86 25 driven
510 1353 60 16 over
590 1345 18 23 if
627 1343 104 25 desired.
774 1342 53 23 Hot
848 1340 71 24 baths
937 1348 15 15 a
953 1336 32 21 nd

93 1384 54 25 falls
165 1383 82 26 within
263 1390 29 16 10
304 1381 104 24 minutes
421 1379 77 24 drive.

162 1468 73 25 Good
248 1471 66 20 trout
325 1465 89 32 fishing
426 1464 48 23 and
492 1463 114 31 shooting
619 1461 22 25 in
655 1461 41 25 the
708 1458 209 35 neighbourhood.

94 1541 77 21 Guides
178 1540 41 20 and
227 1538 74 21 Saddle
309 1538 78 19 Horses
394 1536 99 26 supplied.
508 1535 49 20 Post
566 1534 40 19 and
614 1532 116 26 Tdegraph
737 1531 60 20 Office
804 1537 26 13 on
836 1530 35 20 the
880 1529 104 26 premises.

532 1568 11 12 o

185 1593 42 19 Por
235 1591 80 20 further
325 1589 131 21 information
471 1588 62 26 apply
546 1587 76 19 Messrs
632 1585 56 21 Cook
698 1585 41 19 and
748 1584 47 23 Son,
806 1583 85 25 Agents.

307 1656 53 44 C.
398 1652 372 48 CROWTHER,

394 1708 290 33 PROPRIETOR.

174 1803 145 57 Pupe
375 1797 258 62 derated
668 1797 242 66 Waters,

244 1932 43 20 One
303 1931 21 20 of
339 1930 35 20 the
384 1929 115 20 necessities
514 1928 22 20 of
544 1928 36 19 the
590 1927 80 25 coming
680 1927 76 20 Season
765 1923 42 22 will
815 1924 27 19 be

98 1983 29 26 A
152 1981 128 30 COOL
305 1980 106 28 AND
436 1976 352 30 REFRESHING
818 1973 172 28 DRINK

126 2024 139 22 Untinctured
275 2024 26 25 by
312 2030 37 19 any
366 2022 128 20 Deleterious
507 2020 100 21 Chemical
618 2019 127 26 Compound.
784 2018 20 19 A
813 2016 61 20 drink
885 2020 21 15 at
914 2021 50 14 once

257 2056 246 33 Exhilarating
523 2054 69 28 and
611 2053 217 32 Refreshing,

100 2102 41 20 and
150 2101 66 21 which
225 2100 42 21 will
277 2105 61 21 jrove
348 2106 12 12 a
369 2099 117 25 preventive
496 2098 21 19 of
531 2096 115 26 Dyspepsia
665 2096 41 19 and
722 2095 28 20 all
766 2094 94 20 Internal
878 2093 112 20 Disorders.

126 2154 88 20 Aerated
315 2152 42 19 and
365 2151 98 24 Cordials,
474 2150 123 26 comprising
608 2149 33 19 the
651 2148 74 21 Purest
741 2147 121 24 Lemonade,
883 2146 34 20 the
938 2145 54 19 Most

100 2181 102 20 Delicious
213 2180 76 25 Ginger
300 2178 44 24 Ale,
355 2177 167 26 Higly-charged
531 2176 54 19 Soda
595 2175 79 25 Water,

383 2212 312 47 ZOLAKGNE,

102 2274 12 13 a
124 2273 43 14 new
181 2265 150 26 Invigorating,
341 2263 149 20 non-alcoliolic
503 2263 111 25 Beverage;
627 2262 57 19 Lime
704 2260 58 20 Juice
772 2258 87 24 Cordial,
868 2258 124 26 Raspberry,

100 2293 137 27 Peppermint,
249 2291 77 24 Cloves,
338 2291 51 19 Pino
399 2290 73 25 Apple,
484 2289 39 19 and
533 2289 76 19 Lemon
624 2288 77 26 Syrups
717 2287 41 20 and
772 2284 135 28 Sarsaparilla
924 2291 33 13 are
968 2284 27 20 all

364 2315 156 21 manufactured
534 2322 27 12 on
574 2315 36 19 the
624 2315 103 25 premises.

296 2369 115 21 Lemonade
422 2369 41 20 and
472 2368 77 26 Ginger
559 2368 43 24 Ale,
614 2368 70 24 quarts
694 2366 40 21 and
741 2366 62 26 pints.

201 2447 64 75 G.
318 2446 63 75 A,
436 2443 340 90 CLARKE,
828 2442 86 75 Jr.

318 2584 464 69 SEDDON'S

163 2673 339 51 LAKE
574 2670 366 61 VIEW,

225 2746 137 26 Overlooking
372 2745 34 21 the
420 2745 36 25 Pa,
467 2745 83 26 Boiling
559 2745 86 26 Springs
659 2744 41 20 and
714 2744 92 20 Rotorua
815 2743 63 20 Lake.

186 2839 143 30 TERMS
389 2839 64 28 30s
465 2844 61 28 per
538 2836 109 35 week,
663 2844 40 21 or
722 2836 37 28 5s
772 2842 63 28 per
848 2835 75 34 day.

109 2895 134 35 Special
264 2894 272 34 Arrangements
561 2891 54 30 for
637 2900 21 20 a
679 2890 210 36 lengthened
915 2891 67 28 resi-

372 2935 105 27 dence
496 2933 70 27 and
584 2931 155 29 lamilies.

374 3001 171 22 CUISINE.—A
562 2999 173 22 SPECIALITY.

161 3052 123 22 References
300 3050 129 27 throughout
446 3050 51 20 New
512 3048 92 21 Zealand
613 3048 40 21 and
669 3048 35 21 the
717 3047 119 22 Australian
855 3045 92 23 Colonies

427 3081 52 20 from
489 3080 94 27 previous
597 3079 85 21 Visitors

145 3168 216 29 NOTE.—Ask
373 3168 37 24 for
422 3165 173 32 Seddon's,
609 3164 48 26 and
670 3173 41 17 see
721 3173 48 24 you
781 3173 41 16 are
834 3163 44 26 hft
889 3163 77 26 there.

347 3318 412 66 Proprietress.

135 3454 272 66 WHERE
453 3454 86 66 TO
602 3451 379 69 PURCHASE

498 3548 118 28 FROM

214 3608 30 62 A
280 3606 425 65 WELL-ASSORTED
735 3605 162 65 STOCK

114 3718 162 47 Lamps
566 3718 158 35 Cruets

348 3765 197 36 Brushes
830 3761 168 38 Knives

115 3812 179 40 Trunks
568 3812 167 45 Spoons

406 3858 140 37 Locks
858 3853 140 39 Forks

115 3906 162 36 Razors
568 3905 140 45 Trays

360 3950 187 46 Teapots
823 3949 175 36 Churns

221 4002 75 34 LAWN
318 4002 124 36 MOWERS,
465 4001 77 37 HOLS,
559 4002 92 36 RAKES,
672 4001 113 36 SPADES,
808 4001 91 36 FORKS,

164 4047 59 36 At
284 4044 183 44 Greatly
527 4044 205 36 Reduced
795 4043 158 36 Prices.

117 4131 80 48 jr.
370 4098 628 90 □"TSioicE'ir,

172 4186 87 32 (Fourth
268 4186 52 30 shop
329 4186 53 23 from
389 4184 193 29 Wollealey.Street.
646 4191 50 26 304
712 4188 17 21 &
743 4185 50 29 306
802 4184 92 29 QUEEN
905 4184 41 26 ST.

1005 352 58 26 HIGH
1082 352 34 26 bT.
1137 351 38 27 and
1193 352 112 26 VICTORIA
1327 352 34 26 ST.
1384 350 64 31 EAST,

1030 459 43 20 The
1089 460 64 19 above
1161 458 3 22 .
1171 460 109 20 Favourite
1294 460 41 19 anrl
1345 458 92 21 Commod-

1005 486 44 19 ious
1082 486 62 19 Hotel
1176 487 76 19 affords
1284 484 168 22 EXCELLENT

1004 512 243 21 ACCOMMODATION
1260 513 32 18 for
1308 510 143 23 TOURISTS,

1004 538 184 21 TRAVELLERS
1217 540 15 18 &
1259 537 131 21 VISITORS
1407 536 45 19 who

1005 564 41 19 will
1056 565 76 19 receive
1143 571 59 19 every
1219 565 91 20 Comfort
1325 564 40 19 and
1381 562 59 20 Atten-

1004 590 50 19 tion.

1031 689 107 20 Excellent
1160 689 89 20 Cuisine.
1291 688 97 27 Spacious
1413 686 41 19 and

1007 723 182 21 Well-Ventilated
1207 724 117 19 Bedrooms.

1005 757 65 20 Room
1081 759 50 19 with
1141 760 38 18 two
1189 758 105 20 first-class
1309 757 72 20 tables.
1410 755 45 19 Hot

1005 858 17 17 &
1032 856 52 21 Cold
1097 857 81 25 Plunge
1188 858 16 17 &
1214 856 84 19 Shower
1306 856 73 19 Baths.

1005 883 72 19 Wines
1113 883 73 25 Spirits
1202 882 40 19 and
1257 882 49 19 Ales
1325 882 21 19 of
1364 882 36 19 the
1409 882 46 19 best

1158 908 79 20 Brands
1245 908 55 26 only.

1569 827 186 55 zmm

2367 470 81 25 Sample
2467 470 66 19 Room
2553 470 32 19 for
2595 468 190 21 COMMERCIAL

2341 508 181 20 TRAVELLERS
2546 507 100 20 available
2665 508 21 18 at
2695 506 29 20 all
2733 506 58 19 times

2369 609 89 26 Charges
2507 610 111 21 Moderate.
2679 610 115 20 SPECIAL

2341 648 90 19 RATES
2447 648 33 19 TO
2504 648 182 21 PERMANENT
2710 649 67 19 BOAR-

2346 685 81 19 DERS.

2463 785 36 38 J.
2535 785 135 46 BUCK,

1139 1001 636 61 WAIWERA
1888 1000 776 79 SANATORIUM,

1851 1067 122 34 AND

1489 1113 168 76 HOT
1685 1113 350 76 SPRINGS
2117 1118 279 79 HOTEL

1006 1216 86 33 Only
1125 1218 43 26 30
1198 1217 100 27 miles
1331 1216 112 27 North
1475 1216 37 26 of
1538 1215 193 31 Auckland,
1762 1214 87 28 with
1877 1215 95 33 daily
2004 1220 294 29 communication
2329 1224 85 27 with
2444 1225 111 27 Coach
2588 1233 39 19 or
2653 1226 129 26 steame
2783 1225 18 18 r

1336 1258 55 21 See
1405 1257 167 21 advertised
1583 1257 83 20 Time
1682 1257 79 20 table
1773 1256 30 21 of
1813 1263 43 14 s.s.
1873 1257 77 20 Rose
1962 1257 97 28 Casey
2071 1260 57 20 and
2145 1260 129 24 Butler's
2285 1265 32 21 R.
2332 1266 36 20 M.
2388 1267 98 20 Coach

1007 1294 102 61 THE
1134 1294 118 25 ABOVE
1267 1293 300 24 ESTABLISHMENT
1578 1293 139 24 STANDS
1733 1293 231 23 UNRIVALLED
1978 1302 26 14 as
2022 1302 15 15 a
2047 1294 91 25 Health
2148 1305 28 15 or
2188 1298 112 31 pleasure
2313 1301 98 28 Resort,
2424 1302 47 24 and
2485 1302 42 24 has
2540 1302 89 31 special
2652 1302 149 32 advantages

1092 1328 38 24 for
1141 1328 78 24 either
1242 1327 114 25 Tourists
1371 1335 27 16 or
1412 1326 117 26 Invalids,

1371 1424 148 29 Beutifu'
1542 1425 157 33 Scenery,
1729 1425 244 33 Sea-Bathing,
2004 1427 158 35 Boating,
2182 1431 145 34 Fishing
2349 1432 47 27 &c

1559 1458 125 27 Husine
1699 1459 69 27 and
1781 1459 209 28 attendance
2009 1460 37 26 of
2067 1461 57 28 the
2147 1463 85 32 best.
2310 1457 24 38 ~'

1005 1501 94 23 Famed
1109 1501 37 24 for
1159 1501 31 23 its
1203 1500 109 24 curative
1325 1500 95 24 natural
1435 1500 104 24 medical
1554 1500 54 24 Hot
1620 1500 103 33 Springs
1735 1502 50 23 and
1799 1502 81 23 Baths.
1916 1502 37 22 As
1967 1502 40 23 the
2023 1502 100 34 Springs
2136 1505 47 24 and
2199 1506 73 24 Baths
2286 1515 41 16 are
2336 1507 42 24 the
2391 1512 114 26 property
2517 1508 26 23 of
2555 1508 40 23 the
2610 1508 83 28 Hotel,
2708 1508 86 23 visitor
2795 1510 6 14 s

1037 1542 41 16 are
1089 1534 111 32 suoplied
1209 1534 58 24 with
1276 1533 107 29 Towels,
1396 1535 48 22 and
1456 1543 44 14 can
1510 1535 57 22 take
1578 1542 29 15 an
1621 1533 129 26 unlimited
1763 1535 102 24 number
1878 1535 25 23 of
1915 1535 75 23 Baths
2002 1541 25 17 at
2039 1545 46 23 any
2098 1538 63 23 time'
2171 1539 25 23 of
2207 1539 39 24 the
2260 1540 46 31 day
2322 1541 77 25 FREE
2411 1541 64 23 from
2488 1549 46 22 any
2541 1541 89 31 charge
2642 1542 130 24 whatever.

1191 1575 227 40 TARIFF
1437 1575 120 38 PER
1571 1575 142 46 DAY,
1734 1576 54 39 7s
1806 1578 66 40 8s;
1920 1576 122 39 PER
2056 1578 193 47 WEEK,
2270 1580 64 40 <£l
2384 1583 77 38 15s
2479 1584 50 37 to
2644 1584 68 38 2s.

1416 1630 160 33 Cottages
1589 1630 34 27 to
1637 1630 49 26 let
1698 1630 47 33 by
1758 1631 59 27 the
1835 1631 106 31 week,
1953 1632 131 33 month,
2100 1641 38 19 or
2158 1634 57 28 the
2234 1642 131 21 season.

1005 1679 49 27 For
1072 1690 46 24 any
1131 1681 156 24 information
1300 1681 113 32 required
1428 1680 81 32 please
1522 1680 71 32 apply
1607 1686 25 18 to
1645 1681 147 31 Proprietor.

1566 1722 59 44 A.
1653 1722 53 39 A.
1736 1722 203 48 SMITH,
2062 1726 278 46 Proprietor.

1033 1910 73 21 Under
1120 1910 35 19 the
1172 1909 152 26 distinguished
1341 1910 118 25 Patronage
1476 1910 20 19 of
1512 1910 31 18 his
1553 1909 124 25 Excellency
1688 1909 35 20 the
1734 1909 107 20 Governor
1850 1909 36 20 the

1363 1936 49 20 Earl
1436 1936 21 19 of
1467 1936 86 20 Onslow.

1070 1997 142 66 HOT
1245 1994 305 69 SPRINGS
1599 1994 248 76 HOTEL,

1246 2093 39 28 T
1300 2093 39 29 e
1396 2093 149 29 KRO
1563 2093 110 28 HPL

1080 2154 52 24 The
1147 2154 58 24 best
1229 2152 131 29 Situated,
1383 2152 45 25 the
1441 2154 68 22 most
1523 2151 187 31 Comfortable,
1724 2152 45 24 the
1783 2151 59 25 best

1246 2194 32 21 ap
1284 2186 104 31 pointed
1402 2186 80 24 Hotel
1491 2186 28 23 in
1531 2186 35 24 Te
1583 2186 97 24 Aroha.

1047 2225 110 32 Adjoins
1182 2223 76 33 (with
1280 2223 106 25 Private
1412 2223 141 32 Entrance)
1580 2223 46 25 the
1658 2224 123 24 Thermal
1804 2223 107 32 Springs

1014 2258 120 33 Domain,
1146 2257 96 26 Tennis
1256 2257 83 25 Court
1348 2257 30 24 in
1390 2257 120 24 Domain.

1016 2335 48 39 W.
1162 2332 162 50 H.(UJOGK.,

2551 1877 152 75 Esse

2000 2077 20 43 l
2074 2077 21 47 I
2122 2077 87 47 jm
2236 2077 58 40 w
2320 2077 27 40 i

2000 2127 21 16 is
2301 2102 46 41 JA

1683 2333 224 43 Proprietor.

1041 2420 41 20 The
1100 2420 60 19 baths
1179 2418 39 21 and
1238 2418 98 23 drinking
1357 2420 63 17 water
1439 2424 34 12 are
1489 2417 110 24 especially
1619 2417 115 20 efficacious
1754 2418 20 19 in
1798 2418 56 19 Gout
1870 2417 38 19 And

1014 2446 124 21 Rheumatic
1148 2445 115 23 affections,
1273 2444 91 20 Chronic
1372 2443 122 26 Dyspepsia,
1506 2443 108 20 Disorders
1633 2444 22 19 of
1665 2444 35 20 the
1711 2444 90 26 Urinery
1823 2444 88 25 Organs,

1016 2475 115 20 Cutaneous
1141 2472 100 24 Diseases,
1256 2470 81 27 Splenic
1348 2471 40 19 and
1404 2471 87 25 Hepalic
1506 2470 115 24 Disorders,
1641 2471 93 19 Diseases
1748 2471 38 19 due
1795 2473 21 17 to
1825 2471 87 19 Exeesst

1017 2500 89 26 Acidity,
1115 2498 117 27 Neuralgia,
1245 2498 96 20 Sciatica.

1138 2567 61 20 Town
1213 2565 51 21 Hail
1274 2566 39 19 and
1325 2564 80 26 Sample
1415 2564 78 20 Booms
1508 2564 111 20 connected
1634 2564 45 21 frith
1690 2564 34 21 the
1735 2564 70 25 Hotel,

1095 2646 51 20 Now
1156 2644 86 21 Billiard
1251 2644 66 21 Room
1327 2643 50 21 with
1390 2649 39 14 one
1441 2643 22 19 of
1472 2642 107 21 Bennett's
1590 2643 51 21 New
1651 2643 87 19 Billiard
1748 2642 80 20 Tables.

1021 2812 456 62 GEYSER
1502 2810 382 61 HOUSE

1065 2887 330 49 Hydropathic
1426 2886 155 41 Hotel,
1599 2885 259 40 Wairakei.

1215 2938 37 20 Six
1261 2938 59 20 miles
1329 2938 54 20 from
1392 2937 57 20 Lake
1458 2937 71 25 Taupo
1539 2936 101 25 (Rotorua
1651 2936 59 25 side).

1144 2979 220 33 SUPERIOR
1395 2977 387 32 ACCOMMODATION

1212 3021 56 21 ALL
1277 3021 58 20 THE
1345 3020 144 22 COMFORTS
1499 3020 35 20 OF
1545 3020 17 20 A
1571 3019 82 20 HOME
1663 3019 56 20 FOR

1252 3076 157 30 Tourists
1428 3076 68 28 and
1525 3076 166 28 Invalids.

1019 3173 71 28 Hot
1109 3169 204 34 Swimming
1327 3166 120 35 Baths,
1463 3166 196 29 Riri-o-Kai
1673 3173 40 21 or
1727 3166 84 28 New
1826 3165 83 28 Skin

1070 3205 101 33 Bath,
1191 3205 72 28 Hot
1282 3202 140 29 Douche
1445 3202 117 32 Baths,
1578 3201 120 28 Grand
1711 3199 151 32 Climate,

1120 3241 314 34 Elevation—l,3so
1445 3241 68 26 feet
1526 3240 110 27 above
1649 3246 59 21 sea
1721 3238 96 29 level.

1020 3319 257 33 COMPETENT
1293 3318 162 29 GUIDES
1467 3326 154 25 accompany
1634 3318 107 24 tourists
1751 3319 26 23 to
1786 3316 44 26 the
1842 3315 53 26 vari-

1119 3364 45 17 ous
1177 3355 85 32 places
1275 3354 26 25 of
1313 3353 117 31 interest,
1445 3353 86 24 which
1539 3352 75 24 baffle
1627 3352 45 24 the
1685 3352 65 23 most
1762 3351 77 24 facile
1849 3358 59 24 pen,

1118 3388 51 27 and
1181 3396 47 17 can
1241 3387 60 33 only
1313 3387 33 25 be
1358 3386 110 25 realized
1479 3386 78 24 when
1574 3393 68 17 seen.

1327 3433 93 12 ——rr
1594 3438 9 5 -
1631 3434 57 6 -—>—

1021 3485 194 27 GEYSER
1228 3483 195 26 VALLEY
1433 3483 93 23 contains
1534 3483 35 21 the
1578 3481 107 27 following
1693 3480 123 27 unequalled
1826 3480 82 19 Natura

1099 3511 258 24 wonders:—Tuhuatahi,
1378 3519 22 12 or
1420 3512 65 20 Great
1504 3511 133 24 Champagne
1656 3509 118 23 Cauldron;
1790 3507 33 19 the
1843 3506 65 20 Groat

1098 3539 103 21 Wairakei
1211 3539 92 25 Geyser;
1312 3537 34 20 the
1358 3538 87 25 Donkey
1455 3537 79 25 Engine
1544 3532 4 32 j
1561 3537 33 19 the
1605 3535 84 20 Fairies'
1699 3533 51 21 Bath
1762 3532 4 32 ;
1777 3533 35 20 the
1823 3532 72 25 Lightn-

1099 3566 37 25 ing
1148 3565 61 24 Pool;
1220 3565 36 19 the
1266 3564 89 20 Caßcde
1366 3565 85 24 Geyser,
1465 3570 22 14 or
1499 3561 102 28 Dragon'p
1612 3562 70 20 mouth
1693 3559 4 32 ;
1708 3561 35 19 the
1751 3560 60 20 black
1822 3559 85 25 Geyser;

1099 3593 33 20 the
1141 3592 50 20 Mud
1204 3592 78 23 Geyser
1291 3586 4 29 ;
1313 3590 35 20 the
1359 3590 52 20 Blue
1422 3590 53 20 Lake
1485 3598 6 17 ;
1499 3590 35 19 the
1554 3589 32 19 Oil
1600 3588 51 20 Bath
1660 3596 5 17 ;
1684 3588 35 19 the
1742 3586 79 26 Eagle's
1840 3586 54 19 Nest
1903 3590 5 18 j

1100 3619 35 20 the
1146 3617 77 21 Devil's
1235 3617 70 20 Punch
1317 3611 68 30 Bowl;
1397 3617 34 19 the
1444 3616 70 20 Prince
1529 3615 22 20 of
1562 3615 75 20 Wales'
1648 3611 111 30 Feathers;
1768 3615 32 17 the
1818 3611 89 30 Mirror;

1100 3645 33 20 the
1143 3645 54 19 Twin
1207 3644 79 24 Geyser
1296 3652 5 15 ;
1311 3643 36 20 the
1357 3643 58 20 Coral
1427 3644 78 24 Geyser
1515 3638 4 30 ;
1531 3641 35 20 Ihe
1576 3641 67 20 Green
1659 3640 63 24 Pool;
1741 3638 132 23 Terekerehe,
1885 3645 22 12 or

1099 3671 49 21 Hell
1158 3664 91 30 Geyser;
1261 3669 35 20 the
1306 3669 13 19 S
1332 3676 42 13 earn
1386 3670 103 20 Hammer.
1518 3667 85 21 Guide's
1613 3668 32 20 fee
1656 3669 21 18 to
1689 3667 79 25 Geyser
1788 3664 79 25 Valley,
1878 3666 28 22 se;

1101 3698 90 20 distance
1201 3696 52 20 from
1265 3695 34 20 the
1309 3695 62 25 hotel,
1381 3703 38 13 ond
1430 3695 52 20 mile.

1022 3749 96 27 THE
1138 3747 336 27 AREATEATEA
1507 3755 21 12 or
1540 3747 80 20 Ladder
1630 3746 85 26 Ripids.
1743 3744 42 21 The
1802 3744 105 21 Grandest

1100 3776 78 25 Kapids
1188 3776 21 19 in
1219 3775 35 19 the
1266 3775 101 19 Southern
1380 3775 69 19 Heinis
1456 3774 59 26 phere
1524 3771 3 30 ;
1538 3772 74 26 falling
1622 3774 21 19 in
1663 3773 31 20 six
1711 3772 86 20 distinct
1814 3771 92 20 cascades

1100 3805 93 23 amongst
1210 3801 61 21 weird
1282 3801 40 20 and
1334 3801 74 25 rugged
1424 3807 89 19 scenery.
1542 3800 97 20 Distance
1650 3799 51 20 from
1713 3798 35 20 the
1768 3798 62 25 hotel,
1850 3798 56 20 three

1077 3831 6 6 '
1101 3829 62 21 miles.
1191 3827 77 21 Saddle
1277 3827 70 20 horses
1362 3830 20 17 to
1395 3827 46 20 visit
1450 3827 34 20 the
1492 3826 83 26 Rapids,
1586 3826 22 21 7b
1619 3826 25 20 6i
1655 3826 55 20 each.

1022 3874 220 29 KERAPITI
1271 3883 23 12 or
1304 3875 35 20 the
1350 3875 75 20 Devil's
1437 3875 95 25 Trumpet
1544 3874 15 20 is
1577 3874 41 20 said
1639 3876 21 18 to
1682 3873 51 21 emit
1751 3880 11 12 a
1785 3878 91 19 pressure
1885 3872 22 19 of

1100 3903 71 21 1801bB
1181 3903 21 19 of
1216 3905 64 17 steam
1292 3905 21 17 to
1324 3902 34 19 the
1365 3899 53 25 inch,
1433 3901 52 19 from
1495 3906 25 14 an
1536 3903 97 23 aperture
1642 3900 22 20 of
1684 3900 63 20 ahout
1767 3900 24 18 12
1807 3899 68 19 inches
1885 3899 20 19 in

1100 3930 103 20 diameter.
1231 3928 100 20 Distance
1343 3928 51 20 fr.-a»
1406 3927 54 20 hotel
1468 3927 57 20 three
1536 3928 38 19 and
1588 3935 11 12 a
1609 3926 42 20 half
1662 3927 68 23 miles;
1750 3925 70 21 saddle
1837 3925 69 19 horses

1099 3958 21 19 to
1132 3956 47 21 visit
1188 3955 35 20 the
1233 3955 70 24 above,
1315 3954 54 20 2s<jd
1381 3953 55 21 each.

1433 3986 52 14 ALSO

1024 4009 94 26 THE
1139 4007 132 26 HUKA
1290 4005 170 32 FALLS,
1478 4005 34 20 the
1520 4005 114 27 {Grandest
1647 4005 54 20 Falls
1712 4012 20 12 in
1752 4003 34 20 the
1807 4003 98 20 Southern

1099 4038 141 26 Hemisphere.
1268 4037 42 20 The
1322 4037 54 20 Falls
1388 4043 44 19 may
1448 4038 22 18 be
1482 4036 70 20 visited
1560 4042 26 14 on
1596 4036 34 20 the
1640 4043 54 13 same
1701 4035 115 26 expeditiun
1830 4041 21 13 as
1873 4036 33 19 the

1099 4065 79 21 Devil's
1184 4064 105 26 Trumpet.
1317 4063 98 20 Distance
1425 4062 52 21 from
1489 4062 54 21 hotel
1553 4062 58 20 three
1620 4062 38 20 and
1670 4069 11 12 a
1692 4062 43 19 half
1745 4061 63 20 miles.
1833 4062 74 19 Soddln

1101 4092 57 20 horse
1176 4097 21 14 or
1207 4090 70 26 buggy
1353 4089 54 20 each.

1155 4129 87 31 MBS
1256 4129 38 28 R.
1312 4128 196 34 GRAHAM,
1527 4127 244 36 Proprietress.

1929 3123 175 69 THE
2150 3126 302 71 GRAND
2508 3128 302 71 HOTEL.

2152 3240 15 4 --
2297 3236 28 12 -Gill
2589 3236 3 12 .

2409 3285 302 34 STREET,

1961 3420 147 27 First-class
2118 3423 94 32 family
2225 3424 88 25 Hotel.
2354 3425 130 23 Situation
2501 3426 173 31 unsurpassed
2721 3426 73 24 Patro-

1927 3459 73 24 nised
2013 3460 34 32 by
2060 3459 68 26 their
2143 3461 179 25 iixcellencies
2337 3462 44 24 the
2401 3462 133 25 Governor
2546 3462 51 25 and
2608 3463 126 25 Admiral.

2354 3517 10 13 o

2039 3546 146 32 Telegrams
2207 3547 53 24 and
2282 3547 89 25 letters
2380 3548 132 31 promptly
2522 3547 122 25 attended
2657 3550 34 23 to.

2348 3600 11 12 0

1998 3627 89 40 IWRS
2115 3629 272 46 GALLAGHER,
2418 3631 282 49 Proprietress,

2197 3752 344 29 TAURHNCH

1926 3787 81 41 Smith
2037 3787 47 40 and
2103 3787 113 51 Carriage
2240 3787 103 46 Works,
2374 3787 80 39 Coach
2481 3787 48 39 and
2559 3787 111 52 Waggon
2705 3788 103 50 Factory

2132 3849 211 22 ESTABLISHED
2361 3848 80 21 OVER
2458 3849 25 20 10
2499 3848 105 22 YEARS.

1946 3897 36 16 Tho
1991 3896 114 20 undersigned
2114 3902 29 11 are
2151 3897 139 16 manufacturers
2298 3897 17 16 of
2324 3897 22 16 all
2355 3897 61 19 olo.ises
2424 3897 18 15 of
2451 3896 80 17 Volholps
2540 3897 13 15 &
2562 3897 120 20 Agricultural
2691 3896 117 21 Implements.

1947 3918 36 16 Our
1992 3918 109 16 well-known
2109 3918 99 21 reputation
2218 3924 18 10 as
2244 3918 84 16 Prautiuiil
2342 3916 101 18 Mochanioa
2460 3918 32 16 and
2507 3917 58 17 W.P's
2578 3919 19 16 27
2613 3924 50 15 yoara
2675 3918 99 21 experience
2792 3918 17 16 in

1925 3940 28 15 the
1958 3939 117 16 Australasian
2084 3939 85 20 Colonios,
2178 3940 64 21 justify
2251 3945 19 10 u*
2279 3939 17 16 in
2313 3939 82 20 claiming
2408 3940 38 15 that
2463 3944 23 10 wo
2503 3944 31 10 cun
2548 3939 70 16 furnish
2634 3945 9 10 a
2659 3939 56 16 bettor
2730 3939 44 16 class
2793 3939 16 16 of

1925 3961 74 16 vehicles
2006 3961 94 15 consistent
2110 3961 42 15 with
2160 3961 62 16 honest
2231 3961 46 16 work
2286 3962 18 14 at
2312 3967 10 9 a
2331 3961 73 20 cheaper
2416 3963 37 13 rato
2461 3960 42 17 than
2512 3966 33 13 any
2555 3960 18 16 of
2582 3966 31 10 our
2622 3961 115 20 competitors.

1946 3982 36 16 The
1990 3981 61 17 Publio
2058 3981 35 16 will
2105 3981 35 17 find
2149 3982 14 16 it
2174 3984 18 14 to
2206 3982 45 16 their
2267 3982 97 19 advantage
2380 3983 17 14 to
2413 3981 148 16 ENCOURAGE
2582 3981 78 17 LOCAL
2679 3981 129 20 INDUSTkY,

1926 4003 55 16 whore
1989 4003 41 21 they
2047 4008 30 11 can
2086 4003 43 16 have
2136 4003 28 16 tho
2171 4003 78 21 ploasuro
2257 4003 18 16 tf
2282 4003 59 20 seeing-
2356 4003 91 16 first-class
2462 4002 78 17 material
2554 4003 34 16 an'l
2603 4002 127 21 workmanship
2746 4005 32 18 put
2793 4003 16 16 in

1946 4024 41 19 clos-}
1995 4024 49 16 made
2052 4025 16 15 to
2077 4024 44 16 their
2127 4024 61 16 valued
2197 4024 63 16 orders.

1947 4045 45 18 N,B.
1993 4045 100 16 —Vehicles
2101 4045 18 16 of
2124 4045 24 16 all
2156 4045 114 21 descriptions
2279 4045 84 21 repaired,
2374 4045 77 20 painted,
2461 4045 94 17 roaovaled
2564 4045 34 16 and
2608 4045 48 16 made
2672 4047 17 14 to
2703 4045 40 17 look
2761 4045 50 22 equal

1925 4068 18 14 to
1951 4071 44 12 new.

1925 4113 201 28 WILLIAM
2352 4113 256 31 Ctmchbuilder.

2277 4150 139 28 JAMES
2437 4151 134 31 HAUA,
2593 4151 217 30 Blacksmith

2225 4183 146 25 piijVUNPyJRX
2382 4184 74 22 KOAD,
2474 4184 144 19 TAUjKANQA.

2820 1093 74 42 MAR
2898 1093 93 42 AERO
2993 1094 20 41 A
3069 1094 160 44 SAWMILL,

2821 1152 133 48 DESIRE
2964 1154 20 17 to
2994 1152 62 19 thank
3076 1152 34 19 the
3129 1153 65 25 public
3210 1155 21 20 for
3241 1152 1 48 1

2898 1180 47 24 past
2953 1178 52 26 favor
3015 1178 11 26 3
3036 1178 31 26 aud
3074 1179 38 25 beg
3119 1180 19 17 to
3145 1186 87 17 announce

2819 1205 45 18 that
2882 1204 74 26 having
2975 1211 11 12 a
3008 1204 56 26 large
3082 1206 58 19 stock
3158 1206 21 18 of
3195 1208 37 19 we!',

2820 1232 94 18 seasoned
2935 1231 106 20 first-class
3060 1230 73 20 timber
3151 1237 24 14 on
3194 1233 37 22 hand
3241 1230 1 25 I

2820 1257 49 26 they
2879 1264 32 13 are
2921 1258 99 24 prepared
3040 1263 19 13 to
3076 1257 53 20 fulfil
3146 1258 65 21 orders
3219 1265 12 15 at
3241 1251 1 32 '

2821 1284 86 19 reduced
2917 1286 60 17 rates.

2824 1329 38 25 'V
2904 1319 83 35 ivr~
3002 1319 231 33 oakiuoo'nTbX

2836 1386 163 20 BARRISTFR
3013 1387 60 20 AND
3085 1387 142 26 SOLICITOS,

2836 1419 45 24 118,
2892 1418 110 21 Yictoexa
3012 1420 93 23 Arcade,
3117 1420 111 22 Auckland,
3243 1418 3 26 j

3010 1446 57 19 Also

2826 1475 101 20 Barrister
2937 1476 40 19 and
2988 1476 92 19 Solicitor
3090 1476 23 19 of
3119 1479 33 17 the
3159 1477 76 26 Supreme

2904 1502 69 24 Court,
2986 1502 92 24 Ontario,
3089 1503 86 20 Canada.
3234 1502 4 24 ■

2827 1730 82 20 Losses
2934 1731 55 20 Paid
3121 1731 117 26 £20,000,0%
3245 1730 4 27 I

2827 1782 55 21 Fiee
2890 1784 107 19 Pbemiuji
3006 1784 99 19 Exceeds
3147 1785 34 24 1,5>
3210 1776 40 35 100;
3254 1776 16 35 §|

2827 1836 162 20 ACCUMULATED
3036 1836 74 20 FtWD?.

2828 1862 88 20 Exceed
3147 1864 90 20 £IOOOOOO
3247 1868 8 17 i:
3260 1855 11 28 J

2827 1914 25 21 W,
2869 1914 57 22 WARD
2937 1914 64 22 BAKER
3045 1914 3 26 ;
3062 1915 28 22 W.'
3102 1916 17 21 A.
3133 1916 91 24 WILLIAMS

2864 1940 70 21 District
2940 1940 77 25 Manager
3045 1937 3 29 |
3092 1941 50 21 Local
3155 1942 49 24 agent

2915 1965 104 20 Auckland.
3044 1964 3 26 i
3136 1966 74 24 Sotorua,

2829 2012 165 42 ROTORUA

2897 2091 69 19 HITE
2976 2091 60 20 AND
3047 2092 56 19 RED
3113 2092 66 19 PINE
3189 2092 19 19 of
3217 2091 33 20 the,

2929 2118 59 19 finest
3006 2117 79 25 quality
3104 2118 40 19 and
3161 2118 78 25 carefullj'
3248 2111 2 32 ]

3015 2170 53 19 Also

2827 2197 90 22 Matai,
3106 2196 49 22 and
3180 2197 59 21 Tawa

2854 2224 133 24 Shingles,
3000 2223 116 25 Palings,
3132 2223 80 21 Block

2967 2249 51 21 and
3041 2250 82 21 Posts.

2852 2283 20 19 A
2885 2283 53 25 good
2948 2283 40 19 and
2996 2282 90 20 assorted
3100 2282 73 26 supply
3182 2283 57 25 always

2827 2316 25 12 on
2863 2309 55 19 hand
2929 2311 20 17 at
2958 2309 35 19 the
3002 2308 81 20 Timber
3093 2309 63 24 Yard,

2972 2340 137 20 ROTORUA.

2826 2390 161 27 N.B.—Special
2996 2397 45 12 care
3050 2390 63 20 taken,
3128 2391 21 18 in
3165 2390 32 20 the
3211 2396 22 13 sea-

3008 2417 77 24 soning;.

2840 2464 99 21 PRICES
2954 2464 35 20 AT
3003 2463 132 20 CURRENT
3149 2463 82 20 RATES.

2878 2524 31 20 W.
2925 2523 153 24 HENSHAW,
3099 2523 108 19 Manager.

2877 2580 162 35 Rotopu-a
3053 2579 155 43 Libpapy.

2827 2645 113 48 OPEN
2956 2645 53 21 from
3020 2646 24 19 10
3056 2652 44 13 a.m.
3109 2647 22 18 to
3140 2646 13 18 5
3160 2652 43 19 p.m.
3212 2643 26 21 aud
3248 2638 4 55 j
3268 2638 3 55 j

2887 2673 46 19 C.bO
2940 2675 21 16 to
2972 2674 23 18 10
3003 2679 45 18 p.m.
3060 2672 94 25 Sundays
3161 2672 30 19 till
3199 2673 39 24 9p.m
3248 2665 24 38 ||

2827 2704 192 21 Knl)!tui'i()ti<>ii:
3027 2704 51 17 SOs
3092 2708 48 17 per
3153 2706 83 15 annum
3248 2697 4 31 j

2852 2734 88 20 Visitors
2959 2741 45 18 may
3022 2741 85 19 procure
3122 2734 66 19 Books
3202 2733 38 20 from
3248 2737 22 14 /i

2826 2761 36 19 the
2877 2761 88 25 Library
2981 2768 26 12 on
3022 2760 82 26 making
3121 2768 12 12 a
3146 2760 73 25 deposit
3226 2758 14 19 of
3269 2758 1 28 :

2827 2789 37 18 not
2878 2787 41 20 less
2937 2787 49 20 than
3003 2788 27 23 53,
3048 2787 40 20 and
3104 2786 113 26 purchasing
3225 2786 13 19 Is
3248 2786 4 34 j

2827 2820 80 19 coupon
2917 2814 32 19 for
2959 2820 59 19 every
3029 2814 56 19 Four
3095 2813 68 20 books.
3248 2813 3 28 j

2854 2840 41 20 The
2914 2840 88 26 Library
3019 2840 17 20 is
3060 2847 51 19 open
3134 2840 69 25 during
3219 2838 21 19 the
3248 2834 22 21 N

2828 2867 92 25 evening.

2851 2919 68 42 M*
2942 2918 52 39 W
3024 2919 40 37 J.
3090 2918 39 39 N
3130 2918 67 17 APIEr
3254 2910 16 46 1

2879 2965 150 19 BARRISTER
3041 2965 16 19 &
3066 2965 137 19 SOLICITOR.

2829 2995 144 19 Commissioner
2981 2995 20 19 of
3010 2996 30 17 the
3057 2995 89 20 Supreme
3160 2995 53 19 Court
3224 2991 13 19 oi
3258 2990 13 22 i

3020 3018 53 23 Fiji.)
3219 3039 7 9 J
3251 3012 8 36 |

2829 3042 87 19 Solicitor
2927 3043 20 18 to
2956 3042 31 19 the
2996 3043 24 17 N.
3029 3041 20 19 Z.
3060 3043 126 16 Government
3199 3041 41 17 under

2935 3066 96 17 Advances
3040 3067 19 16 to
3067 3065 76 18 Settlers

2831 3102 95 18 Victoria
2934 3102 88 22 Arcade,
3031 3102 115 21 Queen-si.,
3154 3097 86 22 Auckland
3252 3098 20 17 H

2852 3138 69 22 Money
2930 3139 19 16 to
2958 3137 51 18 lend
3018 3142 25 13 on
3051 3137 82 17 freehold
3147 3136 72 22 security
3228 3137 12 14 at
3257 3139 13 13 s

2829 3161 37 18 low
2873 3163 49 16 rates
2927 3161 20 17 of
2951 3161 81 18 interest.
3059 3161 69 23 Money
3137 3160 79 19 invested
3221 3158 19 17 for
3252 3163 19 13 m

2829 3185 66 17 clients
2905 3184 38 17 free
2953 3184 19 17 of
2981 3184 74 23 charge.

2880 3236 29 26 J.
2925 3236 50 32 W.
2989 3235 212 27 WHIG-LEY,

2831 3273 409 24 architect,

2972 3311 142 21 ROTORUA.

2855 3344 67 26 Agent
2930 3344 33 19 for
2974 3344 33 19 the
3017 3344 63 20 South
3095 3344 77 19 British
3182 3342 40 21 Fire
3231 3340 9 20 &

2829 3372 82 19 Marine
2921 3372 112 18 Insurance
3043 3371 108 25 Company.

2827 3445 132 212 IWh-sn
2972 3452 23 19 in
3008 3451 122 21 Auckland
3141 3452 56 19 Visit

2903 3484 32 28 E.
2956 3484 225 27 SPENCER'S

2868 3523 140 25 CURIO
3032 3522 179 31 DEPOT,

2916 3553 33 21 (On
2962 3553 58 18 Queen
3029 3553 55 16 Street
3097 3553 71 20 Wharf.)

2869 3596 40 20 For
2919 3595 27 20 all
2955 3595 60 19 kinds
3025 3595 21 20 of
3062 3595 51 20 New
3124 3593 87 22 Zealand

2902 3622 71 20 Curios
2982 3621 40 19 and
3037 3621 138 20 Greenstones.

2852 3696 67 45 W.
2946 3694 278 52 THOMAS,

2854 3759 128 20 JIOXUM
2987 3758 118 21 ENTA'i,
3116 3755 110 24 MANOX

2874 3792 138 22 VICTORIA
3023 3792 104 21 STREET
3137 3792 70 23 EAST,

2958 3826 169 20 AUCKLAND.

2862 3878 93 25 Orders
2974 3878 28 25 in
3022 3878 109 28 Marble,
3151 3875 89 27 Granite

2827 3911 50 25 and
2886 3912 86 28 Stone,
2983 3912 130 32 promptly
3123 3911 50 24 and
3180 3907 50 27 faith-

2829 3945 66 32 fully
2909 3945 131 25 executed.

2857 4005 109 31 Designs
2978 4004 50 24 and
3041 4003 80 32 prices
3130 4003 54 25 free
3196 4009 28 17 on

2961 4037 162 32 application.
