2550 4050
1270 65 101 31 THE

90 111 460 132 NEW
654 116 881 140 ZEALAND
1642 129 233 137 GA
1903 134 602 137 ZETTE

1269 283 102 32 AND
1664 290 3 5 '

615 508 221 38 PUBLISHED
880 510 134 45 EVERY
1060 512 259 38 WEDNESDAY
1362 512 90 39 AND
1496 516 231 39 SATURDAY
1773 520 205 38 MORNING.

574 623 130 31 PORT
727 624 286 41 NICHOLSON,
1037 627 310 33 WEDNESDAY
1369 627 240 45 MORNING,
1633 635 191 35 AUGUST
1845 642 53 35 31,
1922 643 90 30 1842.

102 621 63 32 No.
184 622 84 38 172.]
298 637 4 16 ,->

2293 646 101 41 [Vol.
2416 647 66 32 111.

1476 722 91 22 Beach
1580 725 146 27 Frontage.

1309 752 67 36 rpO
1385 753 40 22 BE
1441 755 86 27 SOLD,
1535 757 24 21 in
1568 757 43 22 lots
1621 758 27 21 of
1653 762 40 18 not
1701 759 46 22 less
1752 759 55 24 than
1816 762 61 21 20fei

1308 806 21 9 xt
1360 807 9 8 ,
1373 807 11 8 n
1387 788 16 27 }
1404 788 16 14 n
1438 781 101 28 breadth,
1559 783 38 23 the
1616 785 72 22 whole
1707 787 26 20 of
1752 787 39 22 the
1809 789 68 21 sectio

1308 806 90 31 N0._485
1409 814 30 15 on
1448 808 40 22 the
1494 809 56 22 Plan
1561 811 25 21 of
1590 811 38 21 the
1637 811 70 23 Town
1716 813 27 21 of
1748 813 129 29 Wellingtoi

1306 833 84 27 having
1397 834 115 28 frontages
1521 843 60 20 upon
1592 837 183 30 Lamhton-quay
1780 841 45 22 and
1833 849 44 18 upo

1306 860 242 27 Wellington-terrace.
1577 863 112 23 One-half
1701 867 22 20 of
1740 866 37 21 the
1785 868 92 26 purchas

1307 893 80 21 money
1394 887 47 22 will
1448 888 28 22 be
1483 889 95 22 allowed
1587 893 22 18 to
1614 892 87 20 remain
1710 900 59 19 upon
1780 898 97 23 mortgag

1306 913 34 21 for
1348 913 44 21 five
1402 921 72 20 years,
1491 918 23 18 at
1530 917 27 21 10
1570 923 40 20 per
1625 921 57 19 cent.
1711 919 79 23 Terms
1799 927 54 20 may
1866 922 11 21 I

1304 940 92 22 learned
1407 947 29 15 on
1446 941 136 28 application
1593 947 23 18 to

1574 977 100 22 Hanson
1688 978 46 23 and
1748 980 118 23 Alzdorf.

1418 1027 125 27 Country
1558 1028 77 21 Land
1649 1029 43 22 for
1706 1031 69 21 Sale.

1305 1058 68 49 TO
1387 1059 40 22 BE
1441 1060 80 22 SOLD
1538 1061 36 22 IN
1588 1062 84 29 LOTS,
1687 1066 23 19 to
1726 1065 45 21 suit
1784 1065 38 22 the
1839 1068 38 20 coii

1378 1086 110 22 venience
1499 1089 27 20 of
1530 1089 138 27 purchasers.
1677 1090 45 22 No.
1729 1093 14 20 3
1751 1091 25 22 in
1785 1091 38 23 the
1832 1095 44 20 tow

1303 1111 91 29 district,
1406 1112 44 23 No.
1460 1115 29 21 44
1497 1115 25 21 in
1530 1115 39 21 the
1583 1115 162 29 Hutt.district,
1757 1119 44 21 and
1811 1119 44 22 No.
1865 1122 12 19 6

1302 1138 25 22 in
1343 1138 37 22 the
1400 1139 94 23 Porirua
1604 1149 6 15 :
1626 1142 51 22 half
1688 1144 26 21 of
1728 1143 39 23 the
1783 1146 94 27 purchas

1303 1172 82 21 money
1394 1166 47 22 will
1453 1167 29 22 be
1492 1168 94 22 allowed
1600 1171 23 19 to
1632 1171 87 21 remain
1729 1178 29 15 on
1768 1176 110 24 mortgage

1303 1195 24 19 at
1335 1194 27 20 10
1369 1200 42 20 per
1420 1197 59 19 cent
1508 1194 46 22 For
1561 1196 139 28 particulars,
1712 1199 66 26 apply
1787 1202 23 19 to

1574 1229 101 23 Hanson
1687 1231 46 22 and
1747 1232 116 23 Al^dorip.

1322 1277 87 22 Town
1424 1279 55 21 and
1494 1280 124 27 Country
1631 1282 78 21 Land
1723 1284 29 20 to
1768 1284 33 21 be
1816 1286 58 21 Let.

1303 1310 169 50 SECTIONS
1488 1313 46 22 and
1550 1314 100 26 portions
1667 1315 26 21 of
1705 1316 101 23 Sections
1822 1318 24 22 in
1853 1319 25 21 -a]

1371 1342 62 24 parts
1450 1339 26 22 of
1491 1339 38 22 the
1548 1340 70 22 Town
1637 1342 26 21 of
1677 1342 146 29 Wellington,
1844 1345 32 22 als

1302 1364 99 28 Country
1411 1366 102 22 Sections
1527 1367 25 21 in
1562 1367 37 22 the
1616 1368 96 22 districts
1729 1370 26 21 of
1768 1371 37 22 the
1822 1371 56 23 Hutl

1301 1391 38 22 the
1352 1391 89 29 Karori,
1454 1392 38 23 the
1501 1393 78 28 Ohiro,
1592 1395 45 22 and
1648 1395 40 22 the
1696 1396 100 23 Porirua.
1825 1398 53 27 Lonj

1301 1418 70 22 leases
1381 1419 26 21 of
1413 1419 38 22 the
1468 1423 96 24 country
1573 1422 55 22 land
1643 1422 46 22 will
1705 1423 28 22 be
1747 1425 95 26 granted
1860 1433 18 15 o]

1301 1446 131 21 reasonable
1442 1449 75 20 terms.
1546 1448 45 22 For
1599 1449 132 28 particulars
1740 1451 67 28 apply
1817 1455 24 19 to

1327 1478 100 23 Hanson
1436 1480 47 21 and
1496 1481 117 28 Alzdorf,
1622 1482 201 31 Thorndon-quay,
1832 1493 26 15 or
1867 1489 12 19 t

1327 1505 95 24 Robert
1432 1507 94 28 Stokes,
1538 1509 64 22 Land
1618 1510 111 28 Surveyor
1745 1512 45 22 and
1804 1513 75 27 Agent

1484 1534 219 25 Woolcomb-sfreet.

1352 1586 68 21 Port
1434 1587 154 22 Nicholson
1602 1590 56 20 and
1667 1590 167 28 Wanganui.

1300 1618 167 51 SEVERAL
1480 1620 71 23 Town
1566 1622 45 21 and
1628 1623 100 26 Country
1747 1624 99 23 Sections
1863 1624 16 23 ii

1364 1646 63 22 these
1437 1646 95 24 districts
1541 1651 24 19 to
1574 1648 28 22 be
1613 1649 50 23 sold
1672 1657 25 15 or
1711 1650 39 24 let.
1780 1651 45 25 For
1837 1659 40 21 par

1298 1672 89 23 ticulars
1396 1673 48 22 and
1453 1677 75 25 terms,
1538 1676 67 28 apply
1615 1679 24 19 to

1334 1729 4 3 .
1434 1726 7 5 ,
1603 1708 98 24 Robert
1714 1710 29 21 R,
1758 1710 101 24 Strano.

1323 1729 91 29 August
1421 1733 22 27 4,
1454 1734 62 22 1842.

1347 1782 19 22 O
1385 1783 41 22 BE
1446 1784 81 23 SOLD
1549 1786 112 27 CHEAP,
1685 1788 55 22 with
1757 1789 122 23 immediat.

1372 1812 129 27 possession,
1523 1820 13 14 a
1555 1813 119 23 well-built
1693 1815 95 23 wooden
1808 1816 70 23 house

1296 1836 53 22 with
1357 1836 56 30 shop
1424 1838 101 29 window,
1536 1847 30 14 on
1574 1840 39 22 the
1621 1841 81 22 beach.
1730 1843 76 28 Apply
1816 1846 23 20 to

1465 1872 51 23 Mr.
1531 1874 75 28 Neal,
1622 1876 83 22 Watch
1714 1877 88 27 Maker,

1663 1903 112 23 Lambton
1786 1905 73 27 Quay.

1296 1950 85 21 Town
1396 1951 65 26 [and
1486 1953 123 27 Country
1628 1954 78 23 Land
1727 1957 30 20 to
1778 1957 50 21 Let
1848 1963 31 15 or

1338 1976 8 24 \
1485 1980 81 27 Long
1585 1982 108 21 Leases.

1406 2004 35 26 .of,
1446 2005 52 27 .the,
1510 2010 60 20 town
1589 2015 71 17 acres,
1670 2015 30 16 on
1715 2008 40 24 the
1773 2009 106 29 Surveyoi

1293 2032 46 20 li
1494 2032 118 23 General's
1622 2034 65 27 Plan,

1391 2058 53 23 .224
1570 2060 41 22 510
1733 2064 42 20 263

1294 2083 46 21 For
1347 2084 139 27 particulars,
1497 2086 68 28 apply
1574 2090 23 19 to

1458 2118 125 30 Wallace,
1594 2121 94 28 White,
1698 2121 47 24 and
1757 2123 123 24 Wallace.

1322 2150 56 28 May
1385 2152 35 26 31,
1432 2153 61 22 1842.

1293 2203 69 47 TO
1380 2203 40 22 BE
1440 2204 88 27 SOLD,
1542 2206 25 21 in
1581 2206 44 23 lots
1639 2210 23 19 to
1681 2208 45 22 suit
1743 2209 137 28 purchasers,

1359 2230 38 21 the
1413 2231 71 22 whole
1501 2232 27 21 of
1538 2235 59 20 town
1613 2241 50 14 acre
1680 2235 44 22 No.
1736 2237 46 25 134,
1799 2244 29 14 on
1844 2237 36 21 the

1291 2255 53 28 plan
1355 2257 26 21 of
1384 2257 37 22 the
1426 2258 68 21 Town
1501 2259 26 21 of
1529 2259 145 29 Wellington,
1679 2262 85 27 having
1769 2263 111 28 frontages

1291 2286 23 18 to
1324 2283 191 24 Taranaki-street
1525 2286 45 22 and
1580 2287 196 27 Ingestrie-street.
1805 2290 75 22 Terms

1288 2309 86 23 liberal.
1403 2312 77 28 Apply
1490 2316 23 18 to

1630 2341 36 23 W.
1678 2341 28 22 V.
1718 2342 107 29 Brewer,

1322 2390 11 2 _
1446 2392 11 7 fc
1688 2370 193 23 Manners-street.

1318 2390 58 23 Jane
1387 2391 33 24 17,
1432 2392 61 23 1842.

1289 2434 119 50 LAND
1423 2441 23 17 to
1454 2438 30 21 be
1495 2438 53 22 Sold
1559 2446 25 14 or
1594 2440 43 22 Let
1651 2447 28 15 on
1695 2441 102 28 building
1810 2442 71 23 leases

1365 2462 24 23 in
1399 2464 30 21 all
1439 2469 62 22 parts
1510 2466 26 21 of
1543 2466 37 22 the
1590 2467 78 22 Town.
1697 2467 76 29 Apply
1783 2473 23 17 to

1398 2497 91 23 Messrs.
1506 2499 79 24 Evans
1598 2500 45 22 and
1658 2501 123 28 Chbtham,

1594 2532 120 28 Solicitors,

1660 2559 190 28 Lambton-quay

1316 2580 56 28 May
1380 2584 34 25 23,
1427 2584 61 21 1842.
1785 2575 14 14 *
1828 2575 13 14 *

1287 2626 173 29 Wellington
1481 2631 55 19 and
1555 2631 157 27 Wanganui
1740 2634 93 20 Lands
1846 2635 30 20 to

1528 2658 34 20 be
1577 2659 58 20 Let.

1287 2686 123 38 qnOWN
1434 2688 212 25 ALLOTMENTS
1669 2692 24 22 in
1717 2692 31 22 all
1771 2697 59 24 parts
1854 2694 25 22 of

1293 2714 32 21 -L
1362 2714 138 29 Wellington
1516 2718 46 21 arid
1572 2718 132 28 Wanganui,
1716 2719 50 22 and-
1778 2721 99 28 Country

1287 2740 97 23 Sections
1398 2742 25 22 in
1439 2743 55 22 both
1510 2744 103 28 districts,
1630 2748 23 19 to
1668 2746 27 21 be
1705 2746 37 22 -let
1751 2753 29 15 on
1797 2747 78 23 leases.

1286 2766 45 22 For
1340 2767 62 28 plans
1412 2770 46 22 and
1466 2771 140 28 particutars,
1618 2772 66 27 apply
1694 2776 22 18 to

1317 2827 33 9 T.
1376 2829 9 7 .
1619 2806 88 23 Henry
1722 2807 37 22 St.
1775 2808 71 23 Hile.

1312 2827 55 28 July
1376 2829 92 27 1,.1842.

1451 2876 91 22 Beach
1559 2878 146 28 Frontage.

1284 2907 68 48 TO
1366 2907 40 24 BE
1420 2909 67 28 LET,
1502 2911 72 22 beach
1583 2911 102 28 frontage
1700 2913 43 22 lots
1754 2914 24 21 in
1788 2918 86 19 section

1355 2936 43 21 490
1407 2943 31 15 on
1453 2937 39 22 the
1502 2937 57 23 Plan
1569 2939 26 20 of
1602 2939 39 21 the
1651 2939 67 22 Town
1733 2941 26 21 of
1767 2940 107 28 Welling-

1282 2965 47 23 ton,
1340 2961 117 30 adjoining
1465 2965 45 21 Mr.
1518 2965 89 22 Taine's
1615 2969 72 24 store;'
1700 2960 48 29 ana?
1754 2968 24 21 in
1788 2968 84 23 section

1281 2989 48 26 616,
1336 2988 101 24 between
1446 2991 76 28 Major
1529 2992 99 22 Baker's;
1633 2993 44 22 and
1684 2993 45 22 Mr-.
1738 2994 135 23 Swaiason's

1280 3015 89 23 houses.

1308 3041 56 23 Also
1373 3041 38 24 the
1419 3043 116 30 following
1544 3046 97 22 sections
1651 3053 30 15 on
1690 3046 38 23 the
1735 3046 57 23 Plan
1801 3048 26 22 of
1834 3048 37 23 the

1280 3068 77 28 Town,
1367 3069 46 23 viz:
1858 3075 8 18 '.

1382 3098 27 20 55
1422 3117 3 4 .
1546 3100 43 21 319
1738 3102 42 20 922
1782 3100 4 11 ;

1369 3124 42 22 240
1548 3127 40 21 718
1725 3128 58 22 1079*

1284 3151 5 5 '
1306 3148 76 29 Apply
1395 3154 25 19 to
1608 3168 3 5 <

1454 3179 28 22 E.
1498 3179 23 22 J.
1535 3179 157 29 Wakefield,,
1702 3187 26 16 or
1730 3201 6 8 N

1454 3212 38 22 W.
1506 3213 28 22 V.
1550 3213 115 28 Brewer,.
1673 3215 193 24 Manners-street;

1277 3262 129 27 Country'
1413 3264 127 22 Sections
1559 3265 49 21 tor
1621 3266 67 21 Sale*
1703 3272 36 16 on
1757 3262 109 27 liifre'ral

1522 3292 103 21 Terms.
1697 3302 5 2 -

1277 3320 173 49 SEVERAL)
1477 3322 110 24 Sections',
1606 3324 30 22 of
1664 3324 102 29 Country
1792 3321 72 33 Ea'nd,

1341 3347 92 30 already
1442 3348 84 24 chosen
1534 3351 25 21 in
1569 3350 37 23 the
1620 3351 100 24 Porirua-
1728 3352 99 28 district
1830 3353 37 22 for

1265 3373 2 37 j
1276 3374 58 27 Sale,
1345 3382 75 16 terms
1428 3384 108 16 liberal.
1564 3378 78 28 Apply
1650 3381 24 19 to

1265 3408 1 32 j
1371 3408 31 23 F..
1411 3409 30 23 A.
1454 3408 165 25 MbLEswoRTH
1620 3427 8 12 >
1628 3412 237 30 .-MTirphy-Btr-eet,,or

1265 3443 1 28 \
1371 3440 34 27 W.
1420 3444 29 23 V.
1463 3445 110 28 Brewer,
1583 3445 195 25 Manners-street;

1463 3497 95 21 House
1573 3499 35 20 to*
1613 3495 58 25 Let.

1347 3527 89 25 GOOD'
1453 3530 133 23 substantial
1602 3531 77 27 house;
1700 3531 56 23 with'
1768 3528 95 34 .feit'eheri

1272 3556 56 21 Ju3L-
1352 3556 198 28 an&oufcihoUsesj-
1555 3561 24 18 to
1588 3558 32 22 let
1627 3558 25 22 in
1661 3558 201 24 Manner'd-street.

1272 3581 46 22 For
1324 3582 144 29 particularsji
1474 3584 69 28 apply
1552 3588 28 18 to-
1585 3585 45 22 Mr.
1641 3585 121 23 Brewer's
1783 3586 78 22 Office.

1392 3635 174 28 Wellington
1580 3636 162 22 Almanack.

1270 3667 50 22 TT
1327 3666 42 23 has
1376 3667 59 23 been
1445 3669 144 26 arrangedto
1596 3669 61 23 issue
1666 3676 13 15 a
1694 3669 88 24 Pocket
1792 3671 46 23 and
1846 3678 15 16 a

1269 3692 29 24 Ji
1327 3694 68 23 Sheet
1404 3695 129 23 Almanack
1541 3697 34 21 for
1579 3697 67 26 'l43,
1656 3696 58 23 from
1722 3697 39 23 the
1774 3698 88 22 Gazette

1270 3720 78 23 Office.
1376 3721 101 23 Persona'
1487 3722 70 28 being
1568 3723 24 22 in
1599 3723 126 27 possession
1735 3725 26 21 of
1772 3732 45 21 any
1825 3725 35 23 in-

1268 3748 122 22 formation
1399 3748 74 23 which
1482 3749 55 27 they
1547 3749 66 23 think
1620 3749 71 28 likely
1700 3753 22 20 to
1732 3751 47 23 add
1787 3755 24 19 to
1820 3753 39 22 the

1268 3775 119 22 attraction
1395 3775 28 22 of
1428 3775 39 23 the
1475 3772 64 26 work
1547 3777 25 21 in
1587 3776 109 28 question,
1707 3784 38 16 are
1757 3779 102 24 solicited

1268 3803 23 20 to
1301 3801 87 23 furnish
1397 3802 40 22 the
1446 3809 62 15 same
1517 3805 24 20 to
1551 3803 39 22 the
1597 3804 87 21 Gazette
1689 3804 79 24 Office,
1776 3806 35 22 for
1820 3807 39 22 the

1268 3835 40 15 use
1317 3828 27 22 of
1349 3828 39 22 the
1397 3829 78 23 Editor
1485 3829 27 23 of
1516 3835 15 17 a
1540 3830 61 23 work
1609 3830 81 29 which,
1698 3831 22 23 if
1724 3832 52 23 well
1784 3833 75 23 stored

1267 3854 55 22 with
1329 3854 59 23 local
1391 3858 3 11 1
1403 3858 89 25 matter,
1503 3859 84 20 cannot
1594 3857 41 23 fail
1648 3860 25 21 to
1687 3865 65 17 serve
1761 3859 38 23 the
1808 3860 52 23 best

1266 3881 107 23 interests
1380 3882 28 22 of
1414 3882 39 23 the
1461 3883 137 23 settlement.

1295 3912 88 25 Gdzette
1392 3915 80 27 Office,
1481 3915 57 28 July
1547 3917 34 27 30,
1593 3916 62 23 1842.
1866 3927 2 15 i

1274 3966 87 24 TUST
1374 3967 135 29 OPENED,
1515 3968 47 22 and
1571 3975 30 16 on
1610 3969 52 23 Sale
1671 3972 25 19 at
1703 3969 39 23 the
1752 3969 71 24 Office
1834 3970 26 25 ef

1265 3991 28 25 O
1329 3994 46 37 jOtii
1383 3995 80 29 Ifeiwr,
1474 4002 40 17 ni
1524 3995 77 25 ttaacti
1610 3996 28 24 of
1643 3996 90 25 rurioui
1742 3996 64 25 abei.

844 717 273 24 TO-MORROW.

687 749 34 21 In
740 750 45 21 the
805 752 80 19 event
906 751 30 20 of
957 757 37 16 no
1014 752 60 21 Sale
1100 754 38 25 by
1166 754 106 21 Private

651 789 5 8 .
808 802 9 4 _
853 776 5 4 '
910 778 140 21 Contract.

651 816 5 14 s
788 810 42 31 .J
833 810 47 22 HN
894 811 96 22 WADE
1000 811 40 22 has
1059 813 103 21 received
1177 813 96 22 instruc-

651 842 6 6 *
688 833 62 25 JLtJL
778 836 57 22 tions
843 840 23 19 to
876 837 41 22 sell
931 838 31 27 by
975 838 76 27 public
1065 842 99 24 auction,
1181 840 93 22 without

651 870 5 13 s
685 870 95 20 reserve,
788 871 28 14 on
822 863 117 28 Thursday
948 868 61 23 next,
1018 865 78 22 thelst
1100 866 137 27 September,
1246 874 28 15 an

686 893 132 19 assortment
828 889 33 23 of
865 891 52 22 Van
929 891 115 23 Diemen's
1054 891 73 25 Land,
1129 893 88 27 timber,
1228 893 46 22 also

686 915 105 28 shingles,
797 935 3 3 .

713 943 77 26 Sugar,

712 969 63 26 Rice,

713 995 94 28 Pickles,

711 1022 91 27 Brandy
811 1022 23 21 in
844 1022 89 27 bottles,

712 1048 81 27 Sherry
802 1049 22 21 in
835 1049 89 28 bottles,

710 1075 101 25 Tq.bacco
819 1075 25 22 in
854 1082 70 21 cases,
1260 1096 5 3 ,

710 1101 92 28 Biscuit,

689 1148 2 5 ,
712 1128 82 28 Gunny
802 1129 62 27 bags,
941 1128 3 3 '
1038 1135 4 3 '

736 1155 49 23 The
795 1156 50 22 Sale
854 1159 23 19 to
886 1157 52 21 take
952 1157 64 28 place
1026 1161 25 19 at
1060 1159 45 22 Mr.
1116 1159 102 28 Penny's

871 1192 90 22 Terms'
976 1201 107 15 liberal.
1095 1206 6 3 -

708 1225 90 27 August
806 1227 34 26 25,
851 1228 70 20 1842..

721 1270 65 21 Just
809 1271 126 21 received
959 1272 43 21 Ex

792 1304 50 20 And
849 1310 26 14 on
885 1305 44 19 sale
939 1305 27 25 by
974 1305 36 21 the
1018 1306 144 26 Undersigned

681 1337 158 50 PORTER,
853 1338 26 21 in
893 1338 74 28 hhds.,

741 1364 66 22 Wine
818 1364 106 28 (sherry,)
936 1366 24 21 in
971 1369 97 24 octaves,

735 1391 51 28 Ale,
797 1392 22 21 in
830 1391 148 22 three-dozen
988 1400 63 15 cases
1061 1394 131 28 (Taylor's,)

709 1435 6 6 .
735 1418 68 22 Flour
811 1418 48 22 first
868 1419 87 27 quality
966 1420 64 27 (very
1039 1421 69 26 new,)
1120 1440 7 6 _

734 1445 45 22 Ale
788 1446 23 21 in
819 1446 93 26 barrels,

734 1472 59 21 Beef
803 1472 23 22 in
835 1472 93 27 barrels,

734 1498 110 28 Herrings
851 1499 91 27 pickled
951 1500 25 21 in
985 1500 92 28 barrels,

734 1525 89 28 Brandy
832 1526 24 22 in
866 1526 73 27 hhds.,

734 1552 107 23 Blankets
851 1556 38 19 ten
899 1554 48 21 and
956 1554 79 22 eleven
1045 1557 107 25 quarters,

733 1579 85 22 Biscuit
825 1580 25 22 in
859 1580 93 27 barrels,

733 1606 86 23 Biscuit
830 1607 85 27 (sweet)
928 1608 24 21 in
963 1607 131 29 kilderkins,

732 1633 49 22 Tea
790 1641 54 19 very
853 1634 100 27 superior
960 1634 25 22 in
996 1635 139 28 half-chests,

733 1660 71 27 Sugar
814 1661 54 26 (fine
877 1661 117 27 Manilla,)
1076 1662 8 10 *

733 1687 59 22 Deal
800 1688 81 21 boards
889 1688 97 28 planed,'
1007 1691 5 9 '
1042 1692 5 3 ~
1072 1699 5 7 *

732 1713 80 28 Doors,
822 1714 197 29 window-frames,
1029 1716 44 22 and
1082 1716 84 27 sashes,

733 1741 122 22 Bedsteads
865 1742 45 21 and
918 1742 80 22 tables.

705 1767 50 22 One
774 1768 90 22 wooden
882 1768 71 22 house
973 1769 114 28 complete,
1109 1770 26 22 of
1153 1778 52 14 new
1221 1770 47 23 and

678 1795 101 27 superior
797 1796 158 27 construction,
976 1796 75 22 which
1067 1804 55 20 may
1139 1797 28 22 be
1186 1801 33 19 set
1236 1805 31 20 up

678 1820 92 23 without
788 1822 37 22 the
844 1830 97 20 expense
962 1823 26 21 of
997 1823 68 28 nails;
1085 1824 39 22 the
1140 1824 63 22 walls
1221 1825 46 21 and

675 1848 119 27 partitions
812 1850 67 27 being
903 1850 27 21 of
949 1850 110 22 two-inch
1080 1851 76 27 plank,
1179 1851 86 23 match-

676 1875 83 26 planed
768 1876 47 21 into
825 1876 38 22 the
872 1876 110 28 uprights,
998 1877 46 21 and
1056 1877 46 22 into
1122 1878 58 22 each
1194 1878 71 23 other.

676 1901 69 22 Flans
754 1910 52 20 may
818 1903 29 22 be
859 1910 54 15 seen
924 1907 25 18 at
962 1904 38 21 the
1016 1904 64 22 office
1096 1905 26 22 of
1132 1905 38 22 the
1185 1905 81 22 under-

675 1928 85 28 signed,
771 1930 46 22 and
826 1930 38 22 the
872 1930 70 22 house
953 1931 86 28 maybe
1049 1938 53 15 seen
1112 1939 31 15 on
1151 1932 71 22 board
1227 1932 38 22 the

675 1957 117 21 Catherine.

678 1987 6 3 '
725 1985 6 7 *
769 1993 3 6 '
822 2005 7 6 ,
1075 1985 65 24 John
1153 1986 83 23 Wade.

699 2010 40 22 Te,
742 2010 56 26 Aro,
809 2010 133 27 August-25,
953 2012 13 20 1
969 2013 58 20 842;?
1039 2022 34 8 ~~
1087 2021 37 11 -r-v
1129 2025 5 3 -
1141 2025 11 5 *
1155 2021 16 11 .-,-
1199 2022 64 10 ,*...

912 2056 108 21 Notice.

910 2089 137 28 Wellington
1056 2090 61 22 June
1127 2091 35 27 27,
1174 2093 60 21 1842.

674 2121 92 35 rpHE
780 2122 148 23 BUSINESS
942 2123 98 22 hitherto
1056 2124 125 22 conducted
1190 2125 73 23 under

680 2145 31 25 JL
749 2149 37 21 the
802 2149 50 22 firm
861 2149 26 22 of
900 2149 63 22 John
974 2150 43 21 and
1028 2151 86 26 George
1128 2151 72 22 Wade
1207 2152 54 28 .will,

672 2175 59 21 after
739 2175 44 22 the'
794 2177 33 20 Ist
837 2176 43 27 day
897 2177 26 20 of
936 2177 63 26 July,
1012 2178 61 26 1842,
1088 2178 29 21 be
1133 2179 85 22 carried
1233 2187 28 14 on

672 2201 74 23 under
755 2202 37 22 the
799 2210 64 14 name
873 2203 26 21 of
906 2203 63 22 John
976 2199 70 26 Wade
1056 2205 45 21 and
1112 2205 38 22 Co.
1159 2213 6 13 :
1178 2206 45 22 and
1232 2206 29 23 all

671 2236 91 19 persons
771 2229 104 22 indebted
883 2233 23 18 to
916 2230 39 21 the
962 2230 51 22 firm
1021 2231 26 21 of
1054 2231 59 22 John
1122 2232 46 21 and
1174 2233 87 27 George

672 2255 79 28 Wade,
762 2263 37 15 are
813 2257 118 27 requested
946 2257 113 22 forthwith
1068 2262 23 17 to
1101 2266 44 19 pay
1155 2260 59 22 their
1225 2267 36 15 re-

672 2283 98 26 spective
781 2288 105 17 accounts
897 2288 22 17 to
931 2284 38 21 the
978 2284 282 28 undersigned.-otherwise

672 2309 53 28 they
734 2309 45 22 will
789 2310 27 21 be
829 2310 91 22 handed
929 2313 24 20 to
964 2318 14 14 a
992 2311 101 22 Solicitor
1103 2312 34 22 for
1145 2320 115 22 recovery.

802 2344 9 5 '
1070 2345 65 23 John
1149 2346 82 24 Wade.

842 2389 77 21 Land
934 2389 30 21 in
979 2390 106 21 Karori.

670 2421 177 49 WANTED
879 2422 41 23 TO
950 2422 173 29 PURCHASE,
1152 2424 56 23 land
1234 2426 24 22 in

767 2448 80 23 Karori
856 2449 94 22 district.
980 2450 76 28 Apply
1065 2454 22 18 to

1066 2478 66 22 John
1147 2479 83 23 Wade.

696 2501 33 22 Te
739 2502 54 26 Aro,
805 2502 61 23 June
877 2504 19 26 1,
909 2504 62 21 1842;

890 2549 54 21 For
959 2549 70 26 Sale,

668 2581 51 48 A
734 2581 59 27 good
811 2582 134 22 substantial
964 2583 51 22 well
1037 2583 59 23 buil
1118 2584 81 22 house'
1212 2585 46 22 and

748 2609 110 27 premises,
884 2609 55 22 with
963 2617 13 14 a
1000 2610 128 23 Publican's
1157 2612 100 22 General

666 2634 96 26 Lice.nse
772 2636 115 28 'attached,
908 2636 23 22 in
952 2644 14 15 a
985 2638 159 27 commanding
1160 2639 46 22 and.
1222 2639 35 21 in-

665 2662 103 28 creasing
790 2663 186 27 neighbourhood
985 2665 36 21 -in
1044 2665 146 28 Wellington,
1211 2666 45 22 and

665 2688 51 22 well
726 2689 85 29 worthy
824 2691 39 21 the
880 2692 111 21 attention
1005 2692 27 21 of
1046 2692 66 22 small
1126 2693 128 27 capitalists.

665 2715 47 22 The
727 2719 68 20 terms
809 2718 124 27 moderate,
952 2718 47 22 and
1016 2726 54 21 may
1083 2719 29 22 be
1127 2719 84 23 known
1225 2720 31 28 by

665 2742 107 29 applying
781 2747 23 19 to

825 2771 23 22 J.
863 2771 132 28 Zillwood,
1004 2772 223 24 Wiltshire-Tavern.

691 2802 223 30 Hawkstone-street,
925 2806 93 28 August'
1025 2809 33 25 19,
1070 2809 61 22 1842.

857 2851 60 20 20s.
929 2851 127 22 Reward.

663 2881 112 48 LOST,
787 2883 22 21 A
818 2883 104 23 BLACK
938 2884 73 27 SOW,
1021 2885 54 22 with
1084 2893 15 14 a
1108 2886 68 23 white
1189 2886 65 23 mark

739 2916 73 15 across
821 2909 38 23 the
869 2910 125 28 shoulders,
1004 2912 101 23 branded
1115 2913 38 27 JS,.
1185 2914 68 22 Who-

663 2941 53 15 ever
724 2935 45 23 will
783 2936 50 27 give
848 2937 147 22 information
1005 2938 49 22 that
1062 2939 46 22 will
1116 2940 53 22 lead
1178 2944 23 18 to
1214 2940 42 23 the'

651 2968 118 25 jrecovery
784 2963 26 21 of
824 2963 44 21 this
884 2971 51 20 sow,
953 2965 45 21 will
1014 2965 28 22 be
1056 2966 54 27 paid
1125 2967 39 22 the
1179 2968 72 22 above

662 2989 86 21 reward
757 2996 28 15 on
797 2989 36 23 the
843 2990 161 29 animal^being
1014 2993 105 22 restored.

1028 3026 79 23 James
1121 3027 100 23 Symons;

689 3049 77 27 Ohiro,
777 3050 89 27 August
875 3052 36 26 26,

740 3095 175 22 Dissolution
930 3097 31 21 of
980 3097 188 28 Partnership,

660 3127 92 49 THE
766 3128 146 23 BUSINESS
922 3130 99 23 hitherto
1036 3132 95 22 carried-
1139 3140 29 15 on
1178 3133 72 23 under

720 3154 38 23 the
776 3155 49 22 firm
845 3156 27 22 of
891 3157 78 22 Millar
986 3158 47 22 and
1051 3159 99 28 Hodges,
1171 3160 78 23 black-

659 3181 77 22 smiths
753 3182 45 21 and
812 3190 102 22 sawyers,
930 3184 20 23 is
964 3184 44 23 this
1014 3186 58 27 -day
1087 3186 115 24 dissolved
1210 3188 38 27 'by

658 3208 87 22 mutual
754 3213 93 18 consent

685 3234 39 23 All
732 3243 88 20 persons
830 3235 107 25 indebted
950 3241 24 19 to
990 3239 79 23 Millar
1080 3240 46 22 and
1137 3240 109 29 Hodge's,

657 3268 37 15 are
709 3263 118 27 requested
842 3267 22 18 to
880 3269 44 23 pay
939 3266 40 21 the
994 3274 60 14 same
1069 3270 24 19 to
1108 3267 44 23 Mr!
1168 3268 81 22 Jamea
1247 3269 6 9 1

657 3288 89 28 Millar;
767 3290 44 21 and
826 3291 31 22 all
872 3290 77 24 claims
964 3294 94 26 against
1066 3294 46 22 the-
1122 3299 71 18 estate

656 3316 198 27 requestedto.be;
862 3318 96 24 handed
968 3322 31 20 to-
1007 3321 49 22 Mr..
1068 3321 79 23 James
1159 3321 93 29 Millar,,

655 3342 36 22 for
699 3342 140 28 liquidation-.
1005 3365 4 5 L
1218 3349 3 7 '
1237 3364 4 3 .

953 3372 113 25 WIELIAM
1077 3372 107 31 HEDGES,

953 3405 76 22 James
1040 3407 105 27 MieiSar,

1073 3438 105 24 Hodges;

655 3464 104 29 Witness,
771 3466 88 23 Joshua-
865 3467 101 23 Scholes:

640 3495 2 25 I
656 3499 6 2 '
681 3496 110 23 Dated'at
804 3498 146 29 Wellington
961 3500 53 23 23rd
1014 3501 5 13 !
1026 3501 86 28 dayof
1117 3502 97 27 August),

915 3528 69 21 1842.,

738 3572 177 24 Dissolution
929 3580 16 16 o
943 3572 3 11 ;
947 3574 13 22 f
971 3575 186 30 Partnership.

654 3604 230 27 \TC/TIGE.Tlie
893 3607 106 24 business
1004 3608 101 25 hitherto
1113 3607 92 26 carried
1211 3619 36 15 on-

652 3631 46 24 XX
733 3632 74 22 under
815 3633 37 22 the
866 3634 52 23 firm
933 3635 27 22 of
975 3636 57 28 Hay;
1044 3637 49 22 and
1105 3631 142 35 Machattie,!

652 3659 129 22 Merchants
791 3660 43 22 and
843 3661 148 24 Commission
999 3663 96 29 Agents^
1111 3664 23 22 is
1141 3662 46 25 this
1195 3665 51 28 day-

651 3685 112 23 dissolved
771 3686 38 28 by
816 3688 89 22 mutual
918 3693 108 24 consent,,
1040 3690 58 29 and-,
1101 3688 40 30 all;
1145 3699 102 20 persons'

649 3712 108 23 indebted
765 3715 29 20 to.
799 3714 55 28 Hay,
861 3715 47 22 and
916 3715 133 31 Machattie,
1066 3725 40 16 are
1118 3719 121 27 requested

650 3741 22 21 to
680 3746 46 20 pay
733 3739 38 23 the
780 3747 60 16 same
884 3742 46 22 Mr.
939 3742 28 23 T;
1037 3744 134 28 Machattie,
1187 3745 51 26 who

649 3767 45 22 will
703 3767 116 28 discharge
830 3768 30 23 all
870 3769 79 23 claims
958 3771 89 26 against
1056 3771 40 22 the
1105 3771 50 24 said
1164 3772 59 23 firm.

973 3803 36 23 W.
1020 3803 63 23 Hat.

673 3852 36 7 _.
972 3828 27 24 TJ
1009 3831 36 22 M>.
1054 3831 155 23 Machattuj.

673 3854 98 22 Witness
798 3854 76 24 James
882 3855 81 23 Smith.

672 3880 76 23 Dated
757 3884 24 19 at
788 3881 146 28 Wellington,
944 3883 91 28 August
1042 3885 30 25 9,,
1075 3885 57 21 1842
1244 3878 3 7 '

868 3928 55 21 For
937 3928 70 21 Sale;

644 3958 124 52 SEEDS,
777 3959 39 23 the
823 3960 99 26 produce
937 3961 27 22 of
976 3960 37 24 the
1031 3963 95 27 Colony;
1135 3964 39 24 for
1189 3964 47 25 sale

708 3989 24 20 at
741 3986 39 24 the
939 3988 79 24 Office.

2083 733 93 27 Maps,
2187 734 104 27 Charts,
2302 737 55 25 &c,

1884 765 12 19 it
1928 764 92 35 rpHE
2035 765 154 29 undersigned
2201 766 42 24 has
2255 768 49 27 just
2318 771 103 22 received
2436 779 14 15 a
2458 780 54 14 con-

1884 797 12 14 n
1933 790 32 23 JL
2001 792 115 27 signment
2133 794 28 21 of
2175 801 64 20 maps
2257 795 46 22 and
2321 796 74 22 charts
2413 798 58 22 from
2490 799 22 22 J.

1884 823 9 20 i,
1926 817 95 29 Wyld'si
2044 819 98 28 Charing
2164 820 73 29 Cross,
2262 821 146 30 Geographer
2429 828 22 18 to
2475 825 45 22 the-

1884 849 11 14 n
1927 844 87 28 Queen,
2024 845 48 22 viz:
2218 846 5 3 '
2418 865 5 5 r
2433 867 4 5 ,
2451 861 4 9 :

1884 876 11 15 c
1954 868 73 30 Large
2037 874 43 20 two
2089 872 65 22 sheet
2163 881 52 23 map
2225 873 26 23 of
2256 874 57 23 New
2321 874 117 31 Zealand,'

1884 903 11 14 c
1954 896 50 23 One
2015 898 64 22 sheet
2086 906 53 21 map
2149 900 27 21 of
2181 900 58 22 New
2248 901 106 28 Zealand,

1884 929 11 14 c
1954 922 106 24 Chaffers'
2078 925 64 23 chart
2157 926 26 22 of
2197 927 81 23 Cook's
2296 929 87 23 Straits;
2401 929 54 23 with
2474 929 38 24 the

1922 949 71 22 latest
2002 950 120 29 additions,
2176 973 3 3 .

1919 991 3 4 -
1954 974 106 25 Chaffers'
2071 978 64 23 chart
2144 979 27 22 of
2176 979 54 30 Pors
2239 980 131 29 Nicholson,

1954 1002 133 25 Mercafcor's
2096 1005 65 23 chart
2169 1007 26 21 of
2206 1006 38 22 the
2254 1008 76 27 world,
2341 1009 42 22 &c.
2393 1008 40 24 &ci
2443 1002 55 31 &c.'

2283 1034 121 24 William-
2411 1036 73 22 Ly'on.

1883 1075 2 13 {
1884 1079 10 5 _
1924 1058 87 21 Corner
2019 1058 27 21 of
2051 1058 153 23 Wilbs-street
2212 1060 46 22 and
2268 1060 189 29 Lambton-quay.

1884 1100 9 15 tl
2099 1085 58 22 Jmie
2166 1088 35 26 21,
2211 1089 63 21 1842.

1884 1122 9 20 8
2072 1130 173 28 Wellington
2258 1132 103 23 House.

1884 1154 8 15 c
1912 1171 7 3 -
2019 1162 138 16 WHOLESALE
2171 1165 47 14 AND
2237 1166 83 15 RETAIL
2335 1167 80 15 STORE.

1883 1181 2 14 !>!
1884 1190 7 11 >
1926 1181 148 35 QAMUEL
2089 1183 46 21 and
2149 1183 118 24 JOSEPH
2281 1185 43 28 beg
2335 1189 22 19 to
2374 1187 81 22 inform
2470 1191 39 18 tne

1924 1206 34 24 O
1987 1209 140 22 inhabitants
2142 1210 26 22 of
2179 1211 55 22 Port
2248 1212 129 28 Nicholson,
2396 1213 48 22 that
2457 1214 53 28 they

1921 1234 58 22 have
1990 1235 86 22 arrived
2084 1236 59 22 from
2154 1237 97 28 Sydney,
2260 1246 28 14 ex
2296 1240 115 25 Exporter,
2422 1241 52 21 with
2480 1248 30 15 an

1884 1271 7 5 -
1921 1262 113 22 extensive
2046 1263 68 21 Stock
2123 1263 26 22 of
2160 1264 85 27 Goods,
2258 1265 73 23 which
2346 1266 55 29 they
2411 1267 54 22 offer
2480 1275 30 15 on

1921 1288 47 22 sale
1985 1291 24 19 at
2024 1296 13 14 a
2053 1290 115 22 moderate
2186 1291 69 28 price,
2275 1295 24 19 at
2316 1292 64 23 those
2396 1295 114 21 extensive

1884 1319 7 21 [1
1921 1315 108 26 premises
2050 1315 71 28 lately
2139 1318 107 27 occupied
2263 1318 30 28 by
2310 1319 131 24 WATERS
2464 1321 46 22 arid

1884 1353 6 14 0
1922 1342 108 27 SMITH,
2046 1343 38 21 the
2093 1343 115 28 following
2216 1345 77 28 goods,
2303 1346 44 22 viz.

1884 1380 5 19 ;,
1949 1369 158 22 Gentlemen's
2116 1371 109 28 superfine
2236 1372 59 22 cloth
2305 1376 68 25 coats;
2451 1366 5 13 '
2490 1380 6 8 '

1884 1406 7 10 v
1948 1395 62 23 Pilot
2018 1396 45 22 and
2076 1397 88 27 Witney
2175 1401 66 25 coats,

1884 1433 5 15 1
1947 1422 64 22 Drab
2020 1423 46 21 and
2074 1423 68 22 black
2152 1424 58 22 cloth
2220 1428 108 25 trowsers,

1948 1449 89 23 Marble
2046 1450 46 22 and
2102 1451 97 22 Grecian
2208 1451 92 24 doeskin
2310 1453 47 22 and
2364 1453 82 24 Tweed
2457 1454 38 23 do.

1884 1494 5 14 0
1947 1475 112 23 Moleskin
2070 1477 47 22 and
2128 1477 52 23 cord
2189 1481 108 26 trowsers,

1947 1502 72 22 Black
2029 1503 57 22 satin
2096 1504 131 29 waistcoats,

1884 1529 4 12 '
1947 1529 98 28 Figured
2053 1529 132 30 wbistcoats,
2197 1532 109 23 Valencia
2315 1534 46 22 and
2370 1533 52 23 buff
2427 1534 35 23 do.

1947 1556 57 22 Blue
2014 1557 44 22 and
2067 1557 68 23 black
2147 1558 60 22 cloth
2216 1559 46 28 do.,
2277 1561 150 26 gentlemen's
2440 1561 68 23 white

1919 1583 45 21 and
1971 1587 87 24 regatta
2067 1585 73 26 shirts,

1947 1609 57 23 Blue
2013 1611 43 21 and
2066 1611 67 22 black
2143 1611 61 23 cloth
2210 1612 96 29 jackets,

1946 1637 112 23 Moleskin
2069 1638 47 22 and
2123 1639 53 26 jean
2184 1639 95 30 jackets,

1946 1663 46 22 Pea
2001 1664 46 22 and
2055 1665 100 28 monkey
2161 1666 95 28 jackets,

1940 1690 66 22 Pilot
2015 1691 48 22 and
2069 1691 100 28 flushing
2178 1696 109 26 browsers,

1947 1717 155 23 Gentlemen's
2111 1719 95 23 worsted
2216 1721 46 21 and
2270 1721 80 22 lamb's
2360 1721 57 23 wool
2432 1723 75 22 stock-

1916 1743 59 28 ings,
1987 1744 36 22 do.
2034 1745 70 26 socks,

1946 1771 90 23 Ladies'
2045 1771 67 23 black
2121 1772 97 23 worsted
2226 1775 46 21 and
2280 1774 74 23 white-
2357 1775 120 29 stockings,

1884 1797 2 15 5
1945 1798 156 23 Gentlemen's
2110 1799 64 23 boots
2183 1801 46 21 and
2238 1801 71 29 shoes,

1884 1834 2 11 >
1945 1825 88 22 Ladies'
2044 1825 46 23 and
2099 1826 121 24 children's
2230 1828 70 27 shoes,

1944 1851 76 23 Prints
2030 1853 42 22 and
2082 1853 101 28 calicoes,
2194 1854 57 29 lace,
2260 1855 89 28 edging,
2359 1856 45 23 and
2411 1857 96 28 quilling

1909 1879 62 26 'nett,

1943 1905 72 23 Black
2025 1905 45 23 and
2080 1906 105 24 coloured
2195 1908 43 22 silk
2246 1908 182 30 handkerchiefs,

1943 1933 81 21 Cotton
2034 1933 178 30 handkerchiefs,

1883 1964 2 14 1
1942 1959 64 22 Drab
2016 1960 43 22 and
2069 1960 66 22 black
2145 1962 132 28 cashmeres,
2288 1963 76 22 tailors
2373 1964 132 28 trimming's,

1942 1985 97 24 Youth's
2048 1988 111 27 superfine
2169 1989 110 28 clothingy

1884 2018 2 15 r
1934 2013 57 23 .Bed
2001 2013 47 23 tick
2055 2014 48 22 and
2113 2015 77 27 check,
2200 2015 103 24 blankets
2313 2017 46 22 and
2366 2024 63 22 rugs?
2436 2034 3 4 .
2449 2034 4 3 -
2455 2034 7 3 -
2472 2033 11 4 .-
2488 2032 21 5 -~

1941 2038 77 22 White
2027 2043 169 26 counterpanes,
2208 2042 82 22 camlet
2299 2043 82 28 clocks,

1941 2065 175 29 Manilla,-palm
2124 2067 52 28 leaf,
2188 2069 45 22 and
2241 2069 55 22 brab
2308 2070 60 28 hats;-

1940 2093 54 27 Tea,
2006 2100 72 20 sugar,
2089 2094 49 22 and'
2144 2095 76 28 coffee,

1941 2119 59 22 Beef
2008 2120 43 22 and
2058 2120 65 28 flour,
2133 2123 103 21 mustard
2244 2123 45 22 and
2298 2123 96 29 pickles,-

1940 2146 54 22 And
2001 2147 64 21 other
2072 2147 88 23 articles
2170 2151 37 20 too
2216 2156 122 17 numerous
2348 2154 23 19 to
2380 2152 108 23 mention.

1914 2191 70 48 ON
2001 2191 86 27 SALE,
2102 2192 30 28 by
2140 2192 39 23 the
2187 2193 181 29 undersigned

1992 2218 61 22 Mess
2061 2219 58 27 pork
2127 2219 25 22 in
2163 2220 93 23 barrels.

1883 2246 2 11 1
1942 2271 12 2 _
1970 2271 8 8 ,
2265 2248 23 23 J.
2299 2249 34 23 M.
2343 2250 103 23 Taylor.

1883 2272 2 13 1
1939 2271 55 28 July
2004 2273 33 26 19,
2049 2273 61 22 1842.

2140 2319 42 20 On
2201 2319 71 26 Sale,

1912 2350 93 34 rpHE
2019 2351 77 22 BEST
2110 2351 80 24 CASE-
2201 2352 66 29 GIN,
2281 2354 26 22 ia
2315 2360 62 17 cases
2390 2356 46 22 and
2452 2358 53 22 naif

1919 2375 30 24 X
1987 2385 68 15 cases.

2227 2406 83 24 Waitt
2324 2408 48 23 and
2385 2410 85 22 Tyser.

1938 2431 61 22 June
2009 2432 33 26 24,
2054 2432 62 22 1842.
2254 2465 59 4 _^

2093 2478 68 20 Seed
2170 2479 140 22 Potatoes.

1911 2511 94 21 /^VNE
2015 2511 63 22 TON
2086 2511 27 22 of
2117 2511 39 22 the
2164 2512 51 22 best
2220 2512 106 23 Derwent
2333 2518 107 24 potatoes,
2450 2516 49 27 just

1911 2535 47 24 \J
1987 2538 106 21 received
2103 2538 30 29 by
2142 2539 39 22 the
2194 2540 115 29 Exporter,
2326 2543 57 21 from
2399 2542 98 28 Sydney,

1911 2568 4 4 '
1935 2564 46 22 For
1990 2564 46 22 sale
2046 2565 32 27 by

1935 2617 30 6 ,
2236 2594 82 23 Waitt
2328 2596 46 22 and
2383 2596 86 23 Tyser.

1935 2617 146 28 Wellington,
2094 2619 55 27 July
2157 2621 35 26 22,
2203 2622 72 26 1842..

1907 2662 90 49 FOR
2011 2662 85 28 SALE,
2112 2671 29 15 ex
2154 2665 61 27 Lady
2229 2666 67 26 Leigh
2312 2667 46 25 and
2373 2667 64 23 other
2450 2668 47 22 late

1971 2693 3 5 '
1980 2690 92 21 arrivals
2079 2697 38 14 :
2119 2711 4 3 .

1933 2716 99 22 Seconds
2041 2716 64 28 flourj

1933 2742 73 22 Patna
2015 2743 52 27 rice,

1933 2768 59 23 Java
2002 2770 76 28 coffee,

1932 2796 98 22 Manilla
2039 2805 74 21 sugar,

1932 2822 69 23 Pitch.-
2007 2823 46 23 and
2061 2827 42 25 tar,

1932 2850 51 22 Coir
1992 2857 60 21 rope,

1931 2876 93 28 Brandy
2032 2878 24 21 in
2066 2878 65 22 wood
2138 2879 44 22 and
2192 2884 75 23 cases;-
2272 2888 54 21 very
2334 2882 69 27 good,

1914 2921 8 4 ..
1930 2903 56 22 Best
1994 2904 104 22 hollarids
2107 2906 24 21 in
2140 2906 41 22 red
2192 2913 69 22 cases;

1929 2930 67 29 Ruin,
2001 2931 43 22 and
2052 2932 78 22 arrack
2139 2932 28 23 in'
2172 2932 71 24 hnd's.-

1931 2957 45 22 Gin
1984 2958 25 21 in
2018 2958 64 22 hhds;
2094 2959 45 21 and
2148 2959 69 28 pipes,

1929 2983 58 22 Port-
1991 2984 45 22 and
2044 2985 79 27 sherry
2129 2986 26 22 in
2152 2989 5 12 1
2163 2986 66 22 hhds:
2239 2986 44 22 and
2291 2991 91 24 quarter
2391 2989 71 28 casks,

1928 3010 59 27 Port,
2006 3011 83 28 sherry,
2106 3012 45 23 arid
2165 3013 110 28 Madiera',
2290 3014 139 24 Rutherford
2445 3015 47 24 and
2514 3020 2 8 '

1900 3037 96 27 Drury's
2004 3038 76 28 brand,
2198 3055 3 9 ,

1928 3064 178 28 Ghampagne-in
2116 3072 69 21 cases,

1927 3091 92 22 Powder
2027 3092 99 21 m'2s'lb.
2136 3093 72 27 casks,

1926 3117 92 22 Several
2028 3118 204 24 double-barrelled
2240 3127 64 22 guns,

1888 3146 3 7 '
1925 3144 92 23 Timber
2027 3145 95 23 suitable
2130 3146 36 22 for
2175 3146 29 23 all
2213 3147 103 29 building
2323 3156 114 22 purposes.

1925 3205 29 7 ,
1968 3205 22 7 .
2110 3206 8 6 .
2220 3180 83 25 Waitt
2317 3183 46 23 and

1925 3205 143 28 Wellington,
2079 3206 56 28 July
2144 3208 33 26 12,
2190 3208 60 23 1842.

1950 3250 55 21 For
2022 3251 64 22 Sale
2103 3253 32 20 at
2156 3252 45 22 the
2225 3254 107 22 Nelson
2349 3255 84 25 Dairy

2177 3281 31 20 at

2050 3327 3 3 .
2074 3305 109 22 Nelson
2196 3307 106 22 Haven.

1900 3334 66 28 Qf|
1981 3330 86 23 COWS
2081 3331 37 23 IN
2133 3332 87 29 CALF,
2269 3333 10 4 ~
2301 3350 3 4 .

1896 3354 70 29 O\J
1994 3358 213 30 30-heifers'uvcalf,

1993 3385 29 21 50
2030 3392 79 22 young
2117 3386 89 28 heifers,

1923 3411 15 21 4
1947 3409 117 25 half-bred
2073 3412 105 24 Durham
2189 3414 66 28 bulls,

1922 3438 25 21 11
1957 3440 76 26 steers,
2133 3452 5 5 -

1948 3466 14 19 6
1971 3465 222 30 working.bullockg,

1947 3492 15 20 4
1971 3492 64 22 stock
2042 3492 86 29 horses,

1948 3519 42 22 100
1998 3526 72 21 ewes,-

1947 3545 28 22 50
1983 3546 104 28 wethers,

1919 3571 49 23 The
1980 3572 73 23 above
2066 3581 39 14 are
2119 3574 57 22 from
2191 3574 144 27 Dr^lmlay's
2351 3574 128 24 celebrated

1892 3598 62 23 stock
1963 3602 24 19 at
1996 3600 102 22 Twofold
2110 3600 55 27 Bay.
2194 3601 47 22 The
2252 3601 65 22 cattle
2332 3608 38 14 are
2378 3601 39 23 the
2428 3601 50 23 best

1889 3624 64 29 .bred,
1963 3625 58 23 have
2032 3627 59 21 been
2099 3626 84 23 landed
2192 3627 23 22 in
2228 3627 38 22 the
2276 3627 66 23 finest
2350 3628 72 27 order,
2432 3628 45 23 and

1891 3652 59 23 form
1959 3652 39 23 the
2011 3653 50 22 best
2059 3654 4 7 1
2069 3654 106 22 selection
2182 3654 26 21 of
2214 3661 44 20 any
2263 3654 32 22 lot
2303 3657 39 24 yet
2350 3654 96 28 brought
2453 3658 24 20 to

1891 3678 57 24 New
1956 3679 109 23 Zealand.
2094 3680 46 22 For
2145 3680 135 28 particulars,
2290 3681 67 28 apply
2366 3684 23 19 to

2080 3707 23 21 S.
2119 3707 99 27 Revans,
2234 3707 143 28 Wellington,
2389 3710 26 20 of

2080 3733 30 22 D.
2120 3733 145 26 Drotimomp,
2277 3733 86 23 Nelson
2373 3734 89 24 Haven.

2039 3779 40 21 To
2093 3779 36 23 be.
2140 3778 52 21 Let
2204 3782 32 17 or
2252 3779 73 21 Sold.

1890 3805 51 49 A
1956 3804 106 24 SMALL
2077 3804 92 23 FARM
2182 3805 26 22 of
2213 3805 29 21 25
2250 3812 62 15 acres
2320 3812 31 16 on
2361 3805 38 24 the
2409 3806 67 23 Hutt.

1969 3831 40 23 the
2014 3831 70 23 whole
2095 3830 95 29 cleared,
2197 3831 109 29 stumped,
2311 3831 109 30 inclosed,
2430 3834 49 26 and.

1889 3858 26 22 fit
1922 3859 36 22 for
1967 3857 39 23 the
2018 3857 85 28 plough
2110 3864 7 21 ;
2129 3861 53 24 part
2192 3858 74 22 under
2276 3864 60 21 crop.
2363 3860 113 29 Together

1889 3885 53 22 with
1949 3882 3 6 '
1959 3891 14 15 a
1991 3884 132 23 substantial
2140 3883 46 24 and
2202 3885 154 24 comfortable'
2367 3887 109 23 weather-

1889 3911 96 23 boarded
2000 3911 44 22 and
2059 3910 72 24 slated
2145 3911 79 28 house,
2236 3911 123 25 three-stall
2368 3914 108 24 weather-

1888 3937 99 23 boarded
1994 3937 78 26 stable,
2080 3937 45 23 and
2131 3937 65 23 other
2199 3939 171 25 conveniences.
2396 3941 81 24 Term*

1889 3964 86 28 liberal,
1985 3964 67 29 apply
2060 3969 25 18 at
2091 3964 45 24 this
2145 3965 80 23 Office.

1906 3993 56 28 May
1970 3992 41 29 24,
2023 3993 62 22 1842.

271 715 54 20 For
332 715 122 25 .Nelson,
470 733 6 11 ,
487 722 5 4 -

129 750 29 19 To
167 749 42 20 sail
218 755 24 14 on
251 748 92 26 Monday
352 750 58 23 next,
423 749 37 20 6th
473 750 126 26 September,

223 780 90 33 rpHE
345 780 45 20 fast
420 778 97 34 sailing'
527 780 129 27 brigantine

91 803 114 38 jgajj-jS^
294 807 101 25 Hannah,
416 807 99 31 Captain,.
529 803 49 27 Bell
585 816 6 19 ;
615 808 41 22 has

71 837 52 23 /**
129 830 95 32 jgjgsj^.
235 834 99 32 superior
364 834 200 22 accommodation.
612 835 45 21 For

235 860 80 27 freight
332 868 25 14 or
371 868 98 20 passage,
490 861 66 28 apply
574 864 25 19 to
617 861 39 23 the

235 887 93 28 Captain
337 894 30 15 on
375 888 77 26 board,
463 895 24 14 or
497 891 23 19 to

423 921 89 23 Willis
527 921 47 22 ond
588 922 39 21 Co.

97 947 145 28 Wellington,
253 948 88 26 August
349 950 35 25 30,
394 950 61 20 1842.

179 994 54 20 For
247 994 113 25 Freight
376 999 29 15 ox
422 994 118 20 Charter.

100 1027 84 33 -^r4ST
240 1026 44 25 HP
288 1025 44 22 HE
340 1025 109 22 schooner
453 1027 98 25 Look-in,
564 1027 27 21 80
595 1028 57 25 tons,

97 1047 115 38 JJeWsJv
246 1047 29 27 JL
300 1051 82 28 Finlay
390 1054 85 20 master
480 1060 6 19 ;
498 1060 42 14 can
549 1053 29 21 be
585 1053 69 26 ready

97 1074 133 38 Ij>ssgr
251 1077 35 22 for
310 1085 38 14 sea
372 1081 23 19 at
419 1081 42 19 two
486 1079 62 26 days'
569 1079 83 22 notice.

77 1133 2 7 |
85 1100 145 34 A&xSmF*
251 1104 74 27 Apply
335 1111 30 15 on
374 1104 71 22 toard
456 1108 22 18 to
489 1105 62 28 Capt
563 1105 88 28 Finlay,

376 1167 66 23 John
456 1168 81 27 Wade,
547 1169 78 26 Agent

92 1194 91 26 August
191 1194 33 26 25,
237 1195 59 21 1842.

64 1239 39 20 To
124 1239 45 21 the
195 1238 169 27 Consignees
389 1239 32 21 of
446 1240 45 21 the
516 1240 136 22 schooner

105 1296 78 42 >|SjL
404 1306 23 19 to
442 1303 73 23 whom
528 1303 71 28 goods
614 1312 38 14 are

94 1325 115 38 TJsS&piE^v
231 1325 28 27 X.
303 1330 123 26 consigned
444 1330 24 22 in
487 1331 38 21 the
545 1331 107 22 schooner

86 1352 137 38 jUtt/rah^El
245 1357 116 26 Catherine,
372 1364 38 14 are
428 1357 117 28 requested
560 1362 24 17 to
600 1366 51 19 pass

243 1383 58 21 their
331 1383 81 22 entiies
442 1387 23 18 at
492 1384 38 22 the
559 1385 92 22 Custom

69 1405 157 30 Tr*JM*Jvi!y
242 1410 84 26 House,
343 1409 46 23 and
404 1411 87 21 receive
506 1411 59 22 their
580 1412 71 26 goods

63 1435 23 22 in
97 1439 67 18 terms
174 1436 27 21 of
211 1436 56 22 their
275 1437 41 21 bill
326 1437 26 21 of
363 1437 86 27 lading,
459 1437 93 23 without
568 1438 67 29 delay
642 1447 7 19 ;

63 1462 115 22 otherwise
188 1463 18 21 it
217 1463 44 21 will
273 1463 29 22 be
317 1463 61 22 done
391 1467 25 19 at
431 1465 58 21 their
503 1472 104 21 expense,
625 1473 26 15 or

63 1489 54 27 they
125 1489 46 23 will
179 1489 29 23 be
218 1490 66 22 liable
294 1491 35 22 for
339 1491 113 27 damages.

360 1524 65 23 John
439 1524 85 28 Wade,'
538 1525 83 28 Agent.

91 1550 90 26 August
189 1550 34 27 25,
235 1552 59 21 1842.

232 1597 146 26 Bottomry
390 1598 88 20 Bond.

221 1630 171 35 rpENDERS
407 1632 46 21 will
466 1632 29 22 be
506 1632 103 23 received
619 1634 30 27 by

96 1654 95 34 fff^HL
227 1654 29 25 JL
295 1658 37 21 the
342 1658 150 28 undersigned
505 1660 36 21 for
549 1660 38 21 the
600 1668 49 15 sum

71 1681 143 38 JMP*^
233 1684 26 21 of
265 1684 69 28 Eight
339 1684 114 23 Hundred
459 1686 62 22 Poun
525 1686 24 22 ds
557 1687 81 27 (800)
642 1704 5 10 ,

80 1709 134 36 *||BeP
232 1712 104 26 required
345 1719 30 14 on
390 1719 14 14 a
415 1712 117 28 Bottomry
542 1714 67 22 Bond
619 1721 28 15 on

61 1734 154 39 j^3S
232 1738 37 21 the
285 1738 84 28 barque
387 1740 126 26 Indemnity,
534 1741 51 22 who
604 1741 45 22 will

231 1764 44 23 also
285 1765 88 22 furnish
383 1766 30 22 all
423 1768 135 26 particulars.

375 1799 84 23 Waitt
473 1800 47 22 and
532 1801 86 22 Tyser.
644 1806 6 8 -

85 1829 145 29 Wellington,
242 1831 89 28 August
340 1834 36 26 26,
387 1834 62 21 1842.

183 1883 97 21 Notice
295 1885 29 19 to
340 1884 178 28 Consignees.
553 1886 3 5 '

211 1919 90 36 rpHE
334 1921 204 22 undermentioned
577 1922 69 28 thirty

82 1943 110 39 JaSgSk
218 1943 29 25 JL
298 1947 70 28 casks,
403 1949 93 21 marked
524 1949 34 22 JB
583 1949 24 22 in
631 1957 14 14 a

61 1971 147 37 <ro|gj?|
224 1973 105 23 diamond
338 1981 72 15 across
421 1982 12 14 a
444 1975 104 22 diamond

58 1997 49 37 3|ll
112 1997 64 34 palp
180 2001 39 33 Sag.
238 2001 44 26 Ijo
292 2002 32 25 10,
336 2004 38 18 ten
385 2001 66 22 hhds.
461 2003 63 26 wine,
559 2023 5 6 ,
581 2022 4 3 ,

221 2026 28 20 10
256 2027 23 19 to
289 2027 32 25 30,
329 2029 83 24 twenty
418 2027 90 27 quarter
513 2029 65 22 caslts
585 2029 57 22 wine

226 2051 91 28 shipped
332 2060 30 14 on
378 2053 68 23 board
464 2054 37 22 the
515 2056 54 20 New
585 2058 58 19 York

57 2078 79 20 Packet
154 2078 30 27 by
204 2079 82 27 Joseph
305 2079 89 28 Bishop,
415 2084 41 18 not
478 2081 85 29 having
583 2084 59 22 been

57 2104 95 22 claimed
162 2109 23 17 at
200 2112 42 21 any
253 2105 24 21 of
289 2105 38 22 the
341 2110 59 23 ports
416 2107 73 23 where
505 2109 49 22 that
571 2111 72 22 vessel

57 2131 102 27 touched,
169 2131 58 23 have
242 2132 55 22 been
312 2133 81 22 landed
404 2137 25 19 at
446 2133 52 29 Bay'
507 2136 27 21 of
545 2136 95 28 Islands,

57 2157 37 22 the
107 2158 44 22 last
166 2163 50 23 port
226 2159 24 22 of
264 2159 122 28 discharge,
397 2161 47 22 and
458 2162 146 23 warehoused
617 2164 25 21 in

56 2184 35 22 W.
103 2185 104 22 Wilson's
217 2185 89 23 bonded
323 2190 65 24 store,
399 2187 74 23 where
488 2189 53 28 they
551 2197 54 20 may
613 2191 29 22 be

57 2210 44 23 had
111 2219 29 14 on
151 2213 141 27 application.

83 2244 143 28 Wellington,
238 2246 87 28 August
334 2248 34 26 30,
376 2249 64 21 -1842.

235 2284 99 22 THIS
363 2285 112 22 DAY..
549 2281 3 27 I

122 2310 61 21 Sale
199 2310 29 21 of
240 2311 91 26 Stock,
347 2318 36 15 ex

55 2342 158 49 MESSRS.
238 2344 150 22 BETHUNE
411 2345 69 23 AND
506 2347 134 24 HUNTER

143 2377 39 14 are
191 2370 122 22 instructed
322 2375 23 18 to
353 2372 41 22 sell
404 2372 31 28 by
443 2373 78 23 Public
531 2375 107 28 Auction,

54 2395 42 22 this
106 2396 50 27 day,
167 2396 37 22 the
214 2399 46 26 31sJ;
275 2398 52 26 inst,
346 2401 24 19 at
386 2401 24 20 11
428 2399 86 23 o'clock
524 2402 115 28 precisely,'

53 2425 23 18 at
84 2422 57 22 their
157 2424 137 27 Stock-yard,
313 2425 32 22 Te
362 2426 54 27 Aro,
430 2426 112 27 (previous
559 2432 24 18 to
593 2429 45 23 Mr.

54 2448 87 23 Wade's
151 2450 46 22 sale
204 2454 22 18 at
231 2451 70 22 Waitt
311 2451 45 22 and
362 2453 76 27 Tyser'
442 2453 19 26 s)
469 2453 37 23 the
515 2456 125 27 proprietor

52 2475 66 27 being
137 2476 98 23 desirous
250 2478 25 22 of
286 2477 111 30 realising^
414 2480 77 23 before
508 2481 82 28 sailing
605 2483 34 22 for

53 2502 36 23 the
99 2503 110 23 Chatham
219 2504 86 22 Islands
314 2505 24 22 in
348 2513 14 14 a
372 2507 44 26 day
422 2514 25 14 or
456 2511 42 19 two
505 2516 5 19 ;
527 2508 111 25 therefore

250 2533 89 20 without
348 2540 87 19 reserve,

52 2563 132 24 TWENTY
218 2566 133 23 HEIFERS
385 2568 69 23 AND
482 2570 84 22 COWS
602 2572 35 22 IN

298 2594 88 28 CALF,
397 2612 4 3 .

51 2617 96 23 selected
158 2619 53 22 with
224 2619 37 22 the
274 2624 99 23 greatest
384 2629 49 15 care
450 2623 44 22 and
506 2624 128 29 judgment,

50 2645 30 26 by
98 2652 29 14 an
153 2646 145 27 experienced
327 2648 67 22 Stock
418 2650 132 28 Proprietor,
576 2652 59 22 from

50 2672 97 27 superior
156 2672 86 28 breeds,
252 2674 46 22 and
307 2674 24 23 in
341 2675 39 22 the
390 2683 55 21 very
453 2677 49 22 best
513 2678 120 24 condition.

310 2709 73 19 ALSO,'

50 2724 23 22 A
82 2725 136 23 CAPITAL
231 2727 98 24 STOCK
345 2737 36 22 ok,
388 2730 118 22 RIDING
521 2731 112 24 HORSE.

78 2752 131 25 Parjaesare
223 2755 142 28 particularly
374 2757 118 27 requested
508 2761 30 21 to,
546 2759 89 28 inspect

49 2778 52 23 this,
101 2779 45 22 fine
156 2779 40 27 lot,
205 2781 102 24 previous
317 2786 21 17 to
349 2782 53 22 sale.

131 2829 9 8 %
187 2806 42 21 To
238 2806 27 22 be
275 2815 54 14 seen
339 2813 24 17 at
373 2809 38 22 the
419 2810 64 26 yard.
499 2824 4 2 -

75 2831 143 28 Wellington,
229 2833 89 27 Angust
326 2837 34 24 30,
372 2837 61 20 1842.

229 2877 100 23 THIS
358 2872 94 38 D>Y.
618 2869 15 5 ~

47 2909 149 22 Extensive
224 2911 54 21 and
311 2914 166 21 unreserved
509 2916 61 21 Sale
604 2916 32 22 of

212 2959 9 9 s
235 2938 200 23 Merchandise.
468 2942 4 4 '

48 2970 91 49 MR.
153 2970 86 23 JOHN
252 2971 96 23 WADE
362 2972 41 22 has
421 2974 103 23 received
536 2973 104 26 instruct

137 2997 60 22 tions
204 2998 58 22 from
276 2998 91 23 Messrs.
378 3000 75 22 .Waitt
463 3002 42 22 and
514 3003 78 27 Tyser,
607 3007 23 19 to

47 3024 38 21 sell
94 3024 31 28 by
134 3024 77 28 public
221 3025 95 27 auction,
333 3029 24 18 at
372 3026 65 24 their.
440 3028 73 22 Stores
524 3036 28 16 on
560 3030 70 22 Wed-

46 3050 90 28 nesday,
146 3050 39 23 the
195 3053 47 20 31st
251 3052 25 21 of
287 3052 98 28 August,
395 3057 24 19 at
428 3055 27 21 12
465 3055 88 24 o'clock,
563 3064 65 21 noon,

46 3076 36 23 the
91 3078 114 26 following
212 3078 68 28 goods
287 3086 5 14 :

71 3104 48 23 Ten
128 3107 51 20 tons
188 3106 96 21 Manilla
293 3113 72 21 sugar,

71 3131 77 28 Thirty
158 3132 55 27 bags
223 3132 47 22 best
278 3133 72 22 Patna
357 3133 53 28 rice,

72 3158 52 22 Ten-
127 3158 57 28 bags
193 3166 60 20 sago,

70 3184 57 27 Fifty
136 3186 92 22 baskets
237 3186 48 23 ami
291 3189 85 26 twenty
386 3194 62 16 cases
455 3189 147 29 Champaign,.

71 3212 82 28 Eighty
162 3212 73 23 dozen
242 3213 85 23 bottled
337 3214 84 28 sherry,

72 3238 38 22 Six
118 3239 65 22 hhds.
194 3240 99 28 superior
300 3243 58 25 port,
381 3253 4 14 ;

64 3265 43 22 An
125 3266 86 22 invoice
231 3267 25 22 of
271 3267 73 28 single
418 3268 80 24 double
513 3269 113 26 barrelled

43 3298 60 22 guns,
113 3294 130 26 percussion
253 3301 59 22 caps,
321 3305 10 6 -

66 3319 23 22 A
98 3320 99 27 superior
204 3324 135 20 assortment
348 3321 28 23 of
386 3322 103 24 German,
495 3323 74 29 silver,

66 3346 56 22 Two
138 3346 79 23 tierces
225 3348 48 22 best
280 3349 129 26 negrohead
418 3350 99 23 tobacco,
520 3351 26 23 in
553 3352 69 29 bond,

68 3372 40 22 Six
118 3381 68 14 cases'
188 3374 94 24 Manilla
291 3376 73 27 cigars
371 3376 25 22 in
405 3376 69 28 bond,

69 3399 49 22 One
127 3400 103 23 hundred
239 3401 83 24 barrels
332 3406 79 24 patent
419 3407 41 24 tar,
578 3399 2 11 '

66 3426 55 26 One,
125 3433 51 15 case
179 3427 77 23 >Ghina
255 3436 4 9 ;
264 3429 42 22 silk
315 3429 174 24 handkerchiefs
491 3439 5 20 j

69 3452 53 22 And
137 3460 14 14 a
167 3455 99 28 quantity
284 3457 27 21 of
319 3457 87 28 sundry,
422 3458 162 24 merchandize'
600 3462 30 21 to<

39 3480 58 21 close
106 3485 171 21 consignments.

66 3506 108 22 Terms
174 3506 78 23 Under
265 3509 53 28 30,
336 3511 65 27 cash;
418 3511 71 23 above
505 3513 55 28 jg3o,
579 3516 49 21 two,

38 3537 26 16 or
73 3534 62 20 three
143 3534 96 27 months;
253 3542 30 15 on
298 3538 111 26 approved
424 3539 108 23 endorsed
543 3548 80 17 accep-

43 3560 81 21 tances.
271 3579 4 3 .
597 3558 15 12 r

188 3585 86 25 I.UNCHS
283 3596 34 15 AT.
325 3591 28 21 12
366 3591 102 24 O'CLOCK.

64 3611 92 28 August
162 3613 36 27 25,
209 3615 60 21 1842.
272 3613 10 21 '-

43 3639 10 6 **
169 3643 2 4 '
634 3645 1 10 i

144 3657 87 26 Bead,
245 3658 90 28 Mark,
348 3662 97 27 Learn,
460 3664 45 23 &c.

41 3687 65 51 TO
119 3689 69 23 ANY
202 3690 119 25 PERSON
331 3694 50 22 who
393 3695 42 23 has
448 3697 93 24 founds
554 3699 69 24 letter

37 3746 14 11 *
52 3748 12 9 n
68 3742 12 15 A
91 3742 17 15 r
112 3716 55 22 addr
162 3724 33 33 /|
193 3724 22 15 se
211 3717 20 40 i
231 3720 4 10 !
244 3720 22 21 t0
283 3719 91 38 ^1'
388 3721 30 23 W
418 3723 16 34 ?
435 3723 27 23 Us
461 3740 7 11 >
485 3726 133 29 Sandeman,

37 3742 45 21 and
91 3742 47 28 Co.,
147 3743 27 22 of
180 3744 95 28 Sydney,
287 3745 83 27 (which
383 3749 48 22 said
442 3750 66 24 letter
515 3753 20 21 is
550 3754 27 21 of
588 3761 31 16 no

37 3772 38 17 use
84 3771 22 20 to
115 3776 46 20 any
168 3770 41 22 but
222 3770 37 23 the
274 3773 93 28 owner,)
378 3774 38 23 the
426 3777 48 23 said
488 3779 69 28 being
566 3788 52 19 sup-

38 3794 136 43 Ky^
179 3796 12 25 l
191 3798 99 39 -'/iS
301 3804 61 18 meet
376 3802 54 22 with
443 3810 14 15 a
469 3794 90 41 *ewart,
576 3798 42 32 h&

39 3824 22 18 at
77 3824 125 21 tnrt>fflce
221 3824 25 23 of
259 3825 44 22 this
317 3833 75 26 paper,
404 3836 29 14 on
448 3829 36 23 His
490 3832 79 27 giving
578 3834 38 23 the

306 3853 53 41 JS*
369 3843 76 39 please
592 3864 24 19 to

39 3878 86 25 A..8.C,
132 3879 25 20 at
164 3878 39 21 the
212 3878 71 23 Office
292 3879 27 22 of
324 3880 45 22 this
378 3889 75 19 paper.

50 3943 65 10 ....
222 3923 26 21 3.
261 3924 39 22 Ml
314 3925 111 28 Taylor,

49 3943 148 29 LICENSED
219 3950 241 28 CUSTOM-HOUSE
482 3956 111 25 AGENT

273 3985 28 17 JZ
315 3986 53 17 AKO.
591 3975 8 13 '
