2550 4050
1316 399 38 32 By
1366 408 29 15 an
1407 404 87 19 extract
1503 399 60 23 from
1570 399 37 23 the
1615 398 147 31 Emigration
1773 398 95 24 Gazette

1282 441 35 15 we
1327 432 49 24 find
1386 433 19 22 it
1416 432 80 29 stated,
1509 432 51 23 that
1570 432 39 23 the
1623 432 79 24 Home
1712 432 156 23 Government

1282 466 47 23 had
1341 466 118 23 chartered
1477 469 24 19 at
1520 465 129 29 Greenock,
1663 470 44 19 two
1724 465 94 28 vessels,
1828 466 40 22 the

1281 499 108 23 Duchess
1409 499 29 29 of
1451 498 97 30 Argyle,
1569 499 45 22 and
1631 499 39 23 the
1680 521 6 7 t
1688 497 60 24 Jane
1760 497 107 31 Clifford,

1282 532 36 23 for
1347 532 39 23 the
1411 539 144 23 conveyance
1581 532 30 22 of-
1632 532 48 23 free
1702 539 122 23 pasengers
1844 535 24 19 to

1307 565 125 24 Auckland
1452 564 37 23 the
1508 565 82 30 capital
1614 565 25 22 of
1663 565 57 23 New

1283 598 69 31 They
1374 605 58 16 were
1455 602 24 18 to
1501 598 44 22 sail
1566 598 60 22 from
1644 598 38 22 the
1703 598 69 30 Clyde
1787 598 25 22 in
1828 598 40 23 the

1282 631 82 23 month
1376 631 30 23 of.
1415 631 68 23 June.
1527 631 45 23 Dr.
1592 631 87 30 Boyter
1689 631 43 23 had
1743 631 126 31 proceeded

1283 669 22 18 to
1319 664 109 24 Scotland
1439 668 24 18 to
1474 672 97 22 procure
1589 665 124 30 emigrants
1731 668 22 19 to
1772 665 97 30 proceed

1283 702 22 18 to
1319 697 124 24 Auckland
1455 698 24 22 in
1492 697 68 23 June.
1607 697 71 23 From
1697 697 44 23 this
1758 698 19 22 it
1794 698 75 23 would

1283 738 84 24 appear
1378 754 3 4 .
1397 730 49 23 that
1468 730 38 23 the
1533 730 77 23 Home
1639 730 156 23 Government
1824 731 46 23 had

1283 763 142 24 determined
1442 763 50 23 that
1510 763 119 23 Hobson's
1642 763 76 23 choice
1728 771 46 16 was
1786 772 14 15 a
1818 772 51 15 cor-

1282 801 51 19 rect
1345 805 51 15 one.
1425 801 2 4 '

1319 830 113 31 Shipping
1444 829 102 28 arrivals,
1564 831 63 29 Aug.
1650 831 39 27 14,
1710 829 49 31 brig
1772 828 97 32 Supply,

1282 863 107 29 Browne,
1402 864 45 23 fom
1457 862 125 25 Auckland
1590 872 7 19 ;
1609 863 90 29 timber,
1710 863 43 23 and
1771 864 97 29 brandy.

1284 897 59 23 18th
1355 897 110 23 schooner
1481 895 77 31 Wave,
1571 897 40 28 61,
1624 895 60 30 Fox,
1695 896 57 23 from
1759 897 109 30 Sydney;

1282 930 95 31 general
1400 938 74 23 cargo,
1498 933 40 20 out
1563 932 30 21 12
1614 929 64 31 days.
1729 929 68 24 Same
1818 930 51 31 day,

1282 963 113 23 schooner
1419 962 176 30 Perseverance,
1620 965 41 26 50,
1687 963 94 31 Bishop,
1811 964 59 23 from

1282 996 61 23 Port
1354 996 136 23 Nicholson.

1318 1029 30 24 In
1384 1030 65 23 Port.
1493 1029 116 24 Schooner
1626 1053 6 10 N
1646 1029 61 29 Ann,
1742 1030 126 31 Higgings.

1281 1062 71 24 Ariel
1352 1081 7 11 t
1371 1062 92 31 Finlay.
1498 1062 174 30 Perseverance,
1681 1063 94 31 Bishop.
1811 1064 59 31 Brig

1282 1095 98 30 Supply,
1393 1096 105 23 Browne.

1317 1129 77 24 Three
1405 1128 86 24 vessels
1503 1136 59 15 were
1578 1128 47 23 laid
1643 1137 29 14 on
1684 1134 24 19 at
1719 1129 103 31 London,
1834 1131 36 23 for

1282 1162 99 24 Nelson.
1417 1162 51 24 The
1487 1162 52 31 brig
1557 1161 96 29 Nelson,
1666 1162 39 23 the
1723 1168 105 26 property
1849 1164 23 23 of

1283 1196 100 23 Messrs.
1401 1196 74 23 Waitt
1493 1195 45 23 and
1559 1195 82 30 Tyser,
1654 1203 47 15 was
1721 1196 107 30 expected
1847 1201 23 19 to

1282 1229 44 23 sail
1338 1230 24 22 in
1381 1238 14 14 a
1411 1229 43 25 fe.w
1466 1229 65 30 days.
1567 1228 51 23 The
1641 1228 95 23 Thomas
1752 1228 119 25 Harrison

1283 1262 76 24 would
1369 1262 63 24 leave
1445 1262 99 24 London
1562 1262 70 23 about
1643 1262 39 23 the
1694 1262 56 23 25th
1763 1262 26 23 of
1804 1263 66 30 May,

1282 1296 46 23 and
1340 1296 38 23 the
1393 1295 110 31 Olympus
1515 1303 30 15 on
1555 1295 38 23 the
1607 1295 58 23 15th
1677 1295 66 24 June.

1316 1353 119 24 English
1447 1360 73 16 news
1533 1360 173 16 circulating
1717 1360 28 15 in
1752 1353 117 24 Nelson.

1282 1400 35 3 —
1319 1386 51 24 The
1386 1386 70 30 Bully
1468 1387 44 22 had
1530 1386 88 23 arrived
1637 1387 24 21 in
1679 1386 103 29 London,
1802 1387 70 23 about

1282 1420 40 23 the
1334 1420 85 23 middle
1431 1420 25 23 of
1471 1420 76 31 April,
1560 1419 92 31 having.
1656 1420 162 30 consequently
1830 1428 40 15 ex-

1282 1453 122 31 perienced
1423 1453 78 23 rather
1522 1461 12 15 a
1553 1452 87 24 tedious
1656 1461 87 22 voyage
1752 1462 5 20 ;
1778 1454 40 22 she
1830 1454 42 23 left

1284 1487 59 23 Port
1354 1487 127 23 Nicholson
1494 1494 29 15 on
1539 1487 38 22 the
1597 1486 58 23 28th
1674 1486 137 24 November.
1848 1487 24 24 It

1283 1528 48 15 was
1342 1520 83 23 known
1437 1520 104 22 however
1554 1520 48 22 that
1617 1520 41 22 she
1670 1519 44 23 had
1727 1524 20 18 to
1759 1525 42 26 put
1812 1522 24 21 in
1849 1525 23 19 at

1284 1562 64 15 some
1359 1558 52 26 port
1422 1553 35 23 for
1473 1553 64 23 fresh
1552 1558 78 23 water,
1644 1553 52 28 &c,
1710 1553 42 23 and
1771 1553 52 24 thus
1842 1562 29 15 no

1284 1587 72 23 doubt
1367 1587 38 22 the
1417 1587 77 30 period
1508 1586 25 23 of
1547 1586 41 23 her
1600 1586 84 23 arrival
1698 1595 43 14 was
1754 1587 116 23 consider-

1284 1620 54 30 ably
1349 1620 133 31 prolonged.
1519 1620 50 23 The
1589 1620 64 23 Hon.
1669 1619 47 24 Mr.
1729 1620 70 23 Petre
1808 1621 29 24 ,it
1853 1622 19 22 is

1284 1653 106 32 reported
1408 1653 44 23 had
1460 1658 44 26 <got
1522 1653 106 29 married,
1642 1654 44 22 and
1703 1661 44 15 was
1807 1654 65 23 leave

1284 1687 111 30 England
1416 1687 61 30 early
1489 1688 24 21 in
1528 1687 53 30 July
1597 1687 36 23 for
1651 1687 149 29 Wellington,
1817 1688 55 23 with

1284 1721 40 23 the
1336 1721 56 23 view
1405 1720 23 23 of
1444 1720 158 31 permanently
1614 1720 94 31 settling
1719 1725 103 26 amongst
1835 1729 35 15 us.

1286 1754 40 23 He
1339 1753 46 24 will
1395 1754 28 23 be
1440 1753 161 31 accompanied
1620 1754 53 23 with
1686 1762 14 15 a
1719 1754 61 31 layge
1797 1759 74 26 party,

1285 1788 140 31 comprising
1437 1787 130 31 gentlemen
1585 1787 24 23 of
1624 1787 90 29 wealth,
1727 1788 44 22 and
1788 1788 86 31 having

1285 1821 58 31 deep
1355 1822 96 22 interest
1461 1821 24 22 in
1499 1821 37 22 the
1555 1821 163 23 advancement
1736 1821 23 23 of
1774 1821 39 23 the
1826 1826 46 18 set-

1285 1854 103 23 tlement.
1437 1854 24 23 It
1484 1854 19 22 is
1525 1854 48 22 said
1597 1854 49 22 that
1671 1854 37 23 the
1734 1854 64 24 Hon.
1823 1854 49 24 Mr.

1285 1887 148 24 Tollemache
1446 1887 47 23 will
1510 1887 59 24 form
1581 1895 42 15 one
1646 1888 25 23 of
1686 1888 37 23 the
1741 1892 74 27 party,
1828 1888 46 23 ancl

1285 1921 60 23 from
1358 1918 134 26 theTuiown
1510 1921 71 23 talent
1593 1921 44 23 and
1658 1929 90 23 energy,
1760 1929 65 15 more
1837 1930 37 14 es-

1285 1955 99 30 pecially
1404 1955 24 23 of
1444 1955 38 22 the
1504 1954 65 23 Hon.
1593 1954 47 23 Mr.
1664 1955 76 28 Petre,
1760 1963 33 14 we
1815 1955 59 23 shall

1285 1988 56 23 look
1364 1988 97 23 forward
1484 1992 22 18 to
1531 1988 58 22 their
1613 1988 83 22 arrival
1725 1988 53 22 with
1805 1988 69 23 much

1285 2022 103 28 anxiety.
1432 2021 24 22 It
1475 2021 21 21 is
1517 2021 90 22 evident
1626 2021 49 22 that
1695 2021 37 22 the
1750 2021 82 22 arrival
1853 2022 24 21 of

1285 2054 40 23 the
1350 2053 70 30 Bally
1446 2053 47 23 had
1515 2057 42 27 put
1578 2057 95 19 matters
1698 2062 57 22 upon
1779 2061 13 15 a
1813 2054 62 31 right

1285 2087 91 31 footing
1388 2087 22 22 in
1423 2087 110 30 England
1544 2087 55 23 with
1618 2087 81 31 regard
1712 2092 21 18 to
1745 2087 37 23 the
1795 2088 80 22 settle-

1285 2125 74 19 ment.
1396 2120 48 23 Mr.
1459 2120 103 31 Heaphy
1572 2121 20 22 is
1610 2120 105 31 reported
1731 2125 22 18 to
1771 2120 29 23 be
1816 2120 59 31 pub-

1286 2153 88 31 lishing
1386 2162 14 14 a
1410 2153 64 23 work
1487 2162 28 14 on
1528 2153 58 23 New
1598 2153 110 29 Zealand,
1720 2153 41 23 ancl
1774 2162 32 15 we
1820 2154 55 23 have

1286 2195 31 15 no
1330 2188 71 22 doubt
1414 2186 37 24 the
1463 2187 55 23 mail
1529 2195 40 22 per
1581 2187 39 23 the
1632 2186 42 24 Sir
1688 2186 92 24 Charles
1790 2186 87 24 Forbes

1286 2221 68 23 when
1366 2221 18 23 it
1395 2221 94 23 reaches
1500 2228 36 21 us,
1549 2220 46 23 will
1612 2221 72 23 afford
1696 2228 13 15 a
1727 2228 60 16 mass
1800 2221 25 23 of
1840 2221 36 22 in-

1285 2254 132 29 formation,
1428 2254 139 31 interesting
1583 2254 25 23 in
1628 2254 37 23 the
1686 2254 91 31 highest
1796 2254 81 30 degree

1287 2292 23 18 to
1324 2287 38 23 the
1374 2287 139 23 settlement.

1311 2350 180 24 SUMMARY
1526 2350 99 24 FROM
1654 2350 203 25 LIVERPOOL

1510 2383 145 24 PAPERS.

142 2444 288 24 METEOROLOGICAL
443 2444 109 19 TABLE.

700 997 51 23 The
775 996 81 24 arrival
881 994 25 24 of
932 994 98 23 Messrs.
1059 994 125 23 Warbrick
1212 994 44 23 and

666 1030 124 24 Sclanders
800 1029 61 23 from
878 1027 96 29 Nelson,
998 1027 44 23 and
1053 1027 38 23 the
1108 1027 109 23 kindness
1234 1027 24 23 of

666 1064 65 23 these
741 1062 131 32 gentlemen
890 1060 90 24 enables
997 1068 28 17 us
1037 1064 22 19 to
1078 1060 37 35 lay
1125 1060 79 23 before
1216 1068 40 15 our

665 1097 93 23 readers
776 1095 69 24 much
863 1095 124 30 important
1006 1093 45 23 and
1061 1094 136 31 interesting
1214 1101 41 16 ex-

665 1134 79 24 tracts,
765 1134 40 19 not
823 1128 55 31 only
889 1128 55 23 with
959 1127 82 31 regard
1059 1131 23 19 to
1103 1127 95 29 Nelson,
1215 1127 41 23 but

666 1163 100 24 Britain.

701 1196 99 24 Messrs.
835 1194 126 25 Warbrick
989 1193 45 24 and
1063 1193 122 24 Sclanders
1215 1194 41 23 left

667 1230 90 24 Nelson
776 1238 29 15 on
823 1229 124 30 Thursday
964 1228 50 28 last,
1037 1234 24 16 as
1079 1235 135 23 passengers
1227 1235 29 15 on

666 1263 73 24 board
750 1263 39 24 the
800 1262 78 30 Royal
887 1261 110 28 William,
1009 1261 77 23 bound
1097 1261 34 22 for
1144 1261 45 22 this
1196 1265 58 27 port.

668 1297 40 23 On
720 1297 93 30 Sunday
823 1296 48 23 last
882 1295 54 30 they
946 1294 112 24 anchored
1070 1294 32 22 off
1114 1294 79 29 Mana,
1213 1294 43 23 and

667 1330 180 30 understanding
866 1328 50 23 that
932 1328 38 23 the
982 1327 74 24 vessel
1075 1327 45 23 had
1139 1331 23 19 to
1184 1327 56 32 ship.
1244 1335 12 16 a

668 1372 68 23 cargo
748 1364 26 22 of
792 1363 30 32 ojl
833 1363 25 23 in
871 1361 87 30 Cloudy
971 1361 58 30 Bay,
1048 1360 73 24 which
1132 1361 74 23 would
1218 1368 38 16 oc-

668 1405 60 23 cupy
740 1404 62 16 some
814 1396 64 30 days,
891 1395 54 30 they
950 1402 64 15 came
1025 1394 80 23 ashore
1114 1398 23 19 at
1150 1394 103 29 Porirua,

668 1438 29 16 on
717 1430 39 23 the
777 1429 95 30 Sunday
884 1428 123 29 afternoon,
1028 1428 45 22 and
1091 1427 107 23 travelled
1215 1435 41 16 on-

668 1463 62 24 ward
742 1468 22 19 to
785 1462 144 30 Wellington
950 1469 27 16 on
988 1461 56 23 foot.
1089 1461 66 30 They
1166 1461 66 31 bring
1244 1469 13 15 a

668 1497 43 23 few
731 1497 78 23 letters
826 1500 23 19 to
863 1495 46 23 this
920 1495 71 31 place,
1014 1494 44 23 aud
1078 1494 137 31 fortunately
1226 1502 29 15 an

669 1530 101 31 English
788 1536 132 24 newspaper
933 1528 23 23 of
975 1528 51 23 date
1044 1527 67 31 April
1132 1528 39 23 19.
1208 1527 49 24 Our

668 1564 92 23 readers
767 1563 45 23 will
819 1563 50 23 find
875 1563 24 22 in
907 1562 94 23 another
1007 1566 52 26 part
1068 1561 25 23 of
1098 1568 40 16 our
1146 1561 110 29 columns,

670 1598 92 30 copious
772 1600 101 20 extracts
882 1596 56 23 from
950 1595 48 23 that
1007 1602 77 24 paper,
1094 1594 75 23 which
1179 1595 30 30 by
1219 1595 38 23 the

669 1630 111 24 kindness
793 1630 24 23 of
834 1629 49 23 Mr.
905 1628 125 24 Warbrick
1042 1635 44 17 was
1097 1631 42 27 put
1158 1629 47 22 into
1218 1636 39 16 our

668 1664 133 31 possession
817 1662 155 31 immediately
983 1669 63 25 upon
1057 1661 36 23 his
1106 1661 89 29 arrival,
1214 1662 44 23 and

669 1706 32 14 we
715 1697 59 23 shall
784 1697 54 23 here
858 1695 74 24 allude
944 1703 62 15 more
1023 1694 146 32 particularly
1181 1699 29 19 to-
1219 1695 38 23 the

669 1735 59 19 state
740 1729 149 33 (prosperous
899 1730 25 22 in
935 1729 37 23 the
986 1727 112 31 extreme)
1111 1727 25 24 of
1145 1727 94 25 Nelson.

703 1764 50 24 The
762 1763 82 24 arrival
850 1763 26 23 of
883 1763 38 23 the
926 1763 85 30 barque
1019 1762 42 23 Sir
1067 1760 95 24 Charles
1165 1761 91 30 Forbes,

670 1800 49 21 350
732 1802 51 19 tons
794 1796 97 29 burden,
910 1804 29 15 on
951 1795 103 31 Monday
1066 1795 38 23 the
1121 1795 65 23 22nd
1198 1800 56 19 curt,

670 1831 71 23 direct
751 1831 59 23 from
823 1830 107 29 London,
1062 1837 13 15 a
1085 1829 63 30 large
1160 1828 98 32 English

669 1864 62 29 mail,
745 1864 45 23 and
802 1864 49 23 that
857 1864 36 23 for
904 1863 143 31 Wellington
1059 1863 19 22 is
1090 1869 51 16 now
1153 1862 105 23 onboard

669 1898 39 23 the
731 1897 77 31 Royal
832 1896 112 29 William,
968 1896 97 30 making
1087 1896 37 22 the
1144 1896 72 22 round
1236 1896 25 23 of

671 1930 89 32 Cloudy
779 1931 58 31 Bay.
876 1930 51 23 The
946 1928 43 24 Sir
1009 1929 96 23 Charles
1115 1929 87 23 Forbes
1202 1929 57 23 -.left

670 1965 99 23 London
781 1972 29 15 on
830 1964 40 26 the
884 1964 50 22 first
947 1972 24 14 or
990 1962 83 24 second
1088 1962 24 23 of
1129 1962 66 31 May,
1216 1963 43 22 and

669 1998 80 31 brings
772 2005 83 24 papers
880 2005 30 23 up
929 2002 23 18 to
975 1996 39 23 the
1036 1995 57 25 30th
1112 1995 81 31 April;
1219 1996 40 23 she

669 2031 100 30 brought
783 2033 47 21 180
843 2031 124 29 emigrants
986 2030 45 21 and
1043 2030 64 21 cabin
1124 2036 135 23 passengers

669 2064 35 23 for
717 2063 87 24 Nelson
813 2073 6 19 ;
841 2063 67 23 made
927 2063 37 23 the
984 2070 96 23 passage
1092 2063 22 21 in
1135 2063 48 22 109
1195 2062 63 30 days,

670 2097 44 24 and
726 2097 69 30 being
812 2097 39 23 the
862 2097 52 23 first
925 2096 49 31 ship
994 2096 74 22 direct
1077 2095 57 23 from
1153 2094 106 32 England

670 2136 22 18 to
704 2130 98 29 Nelson,
814 2130 40 23 heir
863 2129 84 24 arrival
953 2137 46 15 was
1010 2128 75 23 hailed
1096 2129 52 22 with
1160 2129 98 22 unusual

669 2165 114 30 pleasure.
818 2164 118 29 Amongst
948 2163 37 23 the
997 2170 135 23 passengers
1145 2162 63 23 there
1216 2163 18 22 is
1247 2170 13 15 a

671 2198 79 23 dousin
762 2198 24 22 of
796 2198 48 23 Mr.
860 2197 97 29 Curling
967 2196 87 30 Young
1062 2195 44 24 late
1122 2196 26 22 of
1164 2195 94 24 Nelson.

704 2231 51 24 The
774 2230 193 24 accommodation
983 2229 66 23 lands
1068 2237 56 15 were
1143 2230 68 29 given
1222 2234 38 18 out

670 2265 45 24 last
734 2264 71 29 week,
827 2264 46 23 and
892 2271 33 16 we
946 2263 43 24 feel
1007 2263 49 23 real
1076 2263 140 23 satisfaction
1236 2264 23 22 in

670 2299 87 30 stating
776 2297 47 24 that
843 2297 89 24 Nelson
955 2305 24 15 as
999 2305 12 15 a
1030 2296 115 23 residence
1164 2304 55 15 even
1237 2301 22 19 to

671 2331 153 31 Englishmen
837 2331 26 23 of
872 2330 80 23 wealth
970 2330 44 23 and
1026 2330 128 30 interprise,
1174 2330 40 23 has
1227 2330 32 23 al-

670 2366 70 30 ready
746 2365 93 23 become
848 2372 14 16 a
874 2364 109 24 desirable
993 2364 64 31 place
1066 2368 23 18 to
1101 2364 44 22 live
1157 2364 32 23 in.
1219 2363 42 23 All

671 2407 63 16 seem
744 2398 125 23 interested
880 2398 24 23 in
922 2398 37 23 the
971 2397 162 23 advancement
1152 2397 44 23 and
1208 2405 51 15 suc-

671 2440 51 16 cess
734 2432 24 23 of
768 2432 37 23 the
817 2431 138 28 settlement,
974 2431 46 23 and
1031 2438 14 15 a
1064 2431 64 30 spirit
1141 2430 25 22 of
1180 2431 80 23 unani-

670 2466 59 31 mity
741 2466 45 23 and
792 2465 58 31 good
859 2464 48 23 will
913 2464 105 32 prevails,
1031 2469 22 18 to
1061 2464 73 23 which
1142 2471 33 16 we
1187 2469 74 26 regret

671 2505 23 18 to
701 2508 40 23 say
750 2499 38 23 the
795 2499 140 23 inhabitants
944 2498 23 23 of
976 2498 148 30 Wellington,
1134 2505 38 15 are
1181 2502 21 18 at
1210 2506 51 23 pre-

671 2538 53 19 sent
751 2537 124 26 strangers.
924 2531 48 24 The
996 2536 86 26 system
1105 2531 24 23 of
1156 2531 105 31 drainage

672 2566 105 32 adopted,
789 2567 20 21 is
818 2565 90 31 rapidly
920 2565 117 30 removing
1048 2564 30 23 all
1090 2572 138 23 appearance
1240 2565 24 23 of

672 2600 25 23 of
707 2600 38 23 the
764 2607 100 23 swampy
876 2603 80 18 nature
969 2598 24 23 of
1007 2598 38 23 the
1060 2598 96 31 ground,
1179 2598 48 23 said
1238 2603 23 18 to

672 2634 58 23 have
741 2633 123 32 prevailed,
885 2632 44 23 and
945 2632 36 23 the
995 2631 55 32 plan
1062 2631 25 23 of
1101 2631 39 23 the
1152 2631 73 24 Town
1242 2632 19 23 is

672 2675 71 16 more-
748 2670 110 28 compact,
872 2666 79 31 giving
967 2665 90 24 Nelson
1069 2665 91 30 already
1172 2665 37 24 the
1221 2673 40 24 ap-

672 2708 111 24 pearance
795 2700 25 23 of
830 2699 83 24 wealth
921 2699 44 23 and
975 2699 140 31 importance
1125 2706 26 15 as
1160 2707 14 15 a
1182 2698 77 24 Town.

673 2734 53 24 The
746 2738 54 27 port
821 2741 26 15 as
866 2734 21 22 it
903 2733 105 23 becomes
1026 2732 73 23 better
1117 2731 85 24 known
1218 2733 45 23 will

675 2767 113 31 evidently
802 2774 56 16 soon
876 2766 28 24 be
923 2774 25 15 as
960 2766 46 24 safe
1025 2765 24 23 in
1061 2773 66 22 every
1139 2771 89 26 respect
1239 2774 24 15 as

731 2802 24 22 in
767 2800 56 24 New
846 2800 111 23 Zealand.
993 2798 51 25 The
1064 2798 76 24 Home
1160 2799 103 24 Govern-

673 2839 71 24 ment,
757 2834 57 23 have
823 2834 22 22 it
856 2834 21 22 is
889 2833 113 32 reported,
1014 2836 52 20 sent
1075 2837 42 19 two
1128 2832 65 31 large
1201 2833 62 32 ships

675 2873 22 18 to
710 2868 38 23 the
763 2867 70 31 Clyde
844 2866 37 24 for
900 2867 39 23 the
950 2874 99 24 purpose
1061 2865 24 24 of
1101 2867 106 31 carrying
1225 2871 39 19 out

675 2902 125 30 emigrants
806 2900 60 24 from
873 2900 39 23 the
922 2899 66 24 West
997 2899 26 24 of
1032 2899 109 24 Scotland
1152 2903 23 20 to
1183 2900 80 24 Auck-

675 2934 62 23 land.

710 2968 52 24 The
772 2966 126 25 Elizabeth
913 2966 89 24 arrived
1020 2974 29 16 on
1068 2966 103 31 Sunday.
1213 2967 50 25 The

679 3000 107 25 Victoria
808 3000 90 23 arrived
920 3005 23 18 at
960 3000 90 23 Nelson
1071 3007 38 16 on-
1119 3000 95 32 Sunday
1225 3000 38 24 the

677 3037 55 21 21st
751 3038 98 25 current,
870 3033 57 23 with
944 3033 37 23 the
994 3033 88 32 Bishop
1094 3033 45 23 and
1157 3035 59 23 suite
1234 3042 28 16 on

675 3068 79 24 board.
802 3067 50 24 The
873 3066 87 32 Bishop
971 3066 113 32 preached
1096 3075 28 15 on
1136 3066 39 25 the
1188 3068 42 30 day
1242 3068 23 23 of

675 3102 38 23 his
732 3101 89 24 arrival.
864 3100 40 24 On
922 3101 37 22 the
978 3099 151 32 Wednesday'
1141 3100 120 32 following,

671 3134 42 25 Iris
739 3134 115 31 Lordship
882 3138 59 19 went
960 3138 21 19 to
1001 3133 114 24 Motuaka
1132 3141 31 16 on
1181 3143 13 15 a
1211 3135 53 23 visit

677 3173 22 19 to
709 3168 39 24 the
760 3169 96 28 district,
870 3167 43 23 and
931 3168 76 22 native
1026 3167 147 24 inhabitants.
1218 3167 45 24 His

677 3202 116 31 Lordship
806 3200 93 25 entered
911 3200 38 24 the
960 3200 99 23 harbour
1071 3204 23 20 at
1105 3200 88 24 Nelson
1208 3202 24 23 in
1251 3209 13 16 a

677 3236 55 24 boat
745 3235 52 32 just
814 3242 26 16 as
861 3234 40 24 the
923 3233 78 32 Royal
1013 3243 3 4 •
1030 3233 102 24 William
1157 3234 42 23 left
1226 3234 37 24 the

677 3269 109 24 harbour.
832 3268 53 24 The
911 3267 126 31 Vanguard
1049 3266 46 25 had
1113 3271 42 19 not
1166 3268 95 23 arrived.

752 3301 70 24 Ariel
842 3298 49 26 left'
907 3301 89 23 Nelson
1018 3308 29 16 on
1056 3300 108 30 -Sunday
1191 3301 71 24 week.

690 3341 4 5 ■
709 3335 48 24 «We
779 3335 65 29 have,
870 3335 62 22 since
954 3334 92 30 writing
1068 3334 38 23 the
1114 3343 3 9 •
1126 3334 72 23 above
1217 3334 48 24 oral

680 3368 191 24 communication
877 3367 59 24 from
944 3375 41 16 our
995 3367 75 23 friend
1078 3367 46 24 Mr.
1133 3367 130 30 Warbrick,

678 3402 48 24 had
736 3406 42 27 put
789 3402 47 23 into
849 3409 43 15 our
903 3400 73 24 hands
988 3408 14 15 a
1014 3408 57 24 copy
1083 3400 25 24 of
1121 3400 40 24 the
1179 3399 86 25 Nelson

678 3434 136 29 Examiner,
827 3434 26 24 of
870 3434 50 23 date
932 3433 59 25 20th
997 3433 101 32 August.
1198 3442 66 16 num-

678 3469 43 24 ber
729 3469 20 23 is
767 3468 144 30 interesting,
931 3467 110 31 although
1058 3467 68 31 being
1144 3468 121 31 published

679 3501 107 33 previous
797 3505 23 19 to
842 3501 38 23 the
899 3500 82 24 arrival
1000 3500 26 24 of
1048 3500 39 24 the
1105 3500 43 24 Sir
1172 3497 94 27 Charles

679 3534 95 30 Forbes,
787 3534 37 24 the
844 3538 100 19 extracts
962 3541 37 16 are
1014 3537 42 20 not
1074 3541 24 16 so
1106 3534 65 23 fresh
1181 3543 25 15 as
1217 3534 49 24 that

680 3568 101 24 afforded
791 3568 31 31 by
833 3568 50 23 Mr.
896 3567 39 24 W.
971 3567 52 24 The
1029 3567 69 24 latest
1109 3567 64 24 dates
1182 3567 84 32 quoted

681 3610 39 15 are
732 3602 99 30 Sydney,
845 3601 60 24 30th
917 3601 69 31 July;
1001 3601 111 31 Geelong,
1126 3601 60 24 13th
1192 3602 72 29 June;

682 3634 131 29 Auckland,
826 3634 61 24 28th
904 3634 54 31 July
967 3643 5 20 ;
993 3634 58 24 Port
1071 3634 135 30 Nicholson,
1225 3635 41 23 6th

682 3668 102 31 August.
806 3670 3 4 '
830 3667 53 24 The
899 3667 115 24 lamented
1032 3667 66 24 death
1118 3667 27 24 of
1165 3667 101 25 William

684 3700 98 32 Curling
792 3701 95 31 Young,
899 3700 68 33 Esq.,
978 3701 44 23 has
1032 3705 43 27 put
1091 3700 38 24 the
1147 3701 81 32 people
1244 3701 24 24 of

683 3733 89 24 Nelson
791 3734 25 23 in
834 3730 144 35 mourning.'
1012 3734 59 26 This
1093 3734 137 31 gentleman,
1249 3736 19 22 it

684 3773 104 24 appears,
809 3774 47 16 was
879 3767 106 23 drowned
1004 3775 30 15 on
1051 3767 40 24 the
1110 3768 117 23 afternoon
1245 3768 25 24 of

685 3799 102 31 Sunday,
800 3799 37 24 the
845 3808 6 3 -
851 3799 59 24 14th
922 3804 98 25 current,
1038 3801 27 23 in
1082 3801 143 31 attempting,
1244 3802 24 23 in

685 3839 111 24 company
812 3832 58 24 with
885 3832 48 24 Mr.
953 3834 29 24 T.
1004 3834 113 23 Bradford
1136 3834 131 31 Titchener,

676 3865 32 24 ito
720 3863 51 25 ford
790 3865 148 24 the'Wairoa
955 3866 80 25 River.
1078 3867 50 23 The
1146 3867 62 31 body
1225 3868 45 24 had

684 3898 58 24 been
760 3898 78 29 found,
859 3898 45 24 and
922 3899 80 24 buried
1019 3900 32 31 by
1069 3900 38 24 the
1125 3900 50 24 side
1193 3901 25 23 of
1232 3901 37 24 his

684 3931 75 24 friend
782 3931 37 24 the
840 3931 48 24 late
908 3932 47 24 Mr.
978 3933 84 31 Henry
1088 3933 99 31 Angela'
1208 3926 60 42 JBell.

686 3964 115 32 Upwards
819 3964 25 24 of
866 3967 51 22 200
932 3973 97 23 persona
1049 3966 114 29 attended,
1183 3957 87 38 ank,all

1324 2434 133 24 Chatham
1475 2435 120 23 Islands.
1598 2447 35 4 —
1633 2435 64 23 Lord
1721 2435 93 31 Stanley
1837 2435 41 23 has

1288 2468 93 23 refused
1404 2473 22 18 to
1452 2468 145 24 recommend
1621 2468 39 23 the
1684 2469 88 22 cession
1795 2468 25 24 of
1840 2469 38 23 the

1289 2502 145 30 sovereignty
1453 2502 26 23 of
1497 2501 37 24 the
1556 2501 113 24 Chatham
1687 2501 91 24 Islands
1799 2506 22 19 to
1841 2502 37 23 the

1289 2539 61 19 town
1362 2535 26 23 of
1404 2535 147 30 Hamburgh,
1571 2535 44 23 and
1635 2535 42 23 has
1696 2535 102 23 attached
1817 2535 61 23 them

1289 2576 25 15 as
1331 2569 164 31 dependencies
1501 2592 3 5 ,
1515 2572 22 19 to
1557 2569 38 22 the
1604 2568 163 23 'Government
1781 2569 23 23 of
1821 2569 57 23 New

1289 2602 111 22 Zealand.

1324 2635 52 24 The
1395 2635 91 23 debates
1507 2635 26 23 in
1550 2635 37 23 the
1610 2635 82 23 House
1712 2635 29 24 of.
1753 2635 126 24 Commons

1289 2676 94 23 possess
1401 2673 65 26 great
1485 2669 103 23 interest.
1626 2668 39 24 On
1685 2668 38 24 the
1741 2669 42 23 4th
1800 2669 77 31 April,

1290 2703 39 22 Sir
1350 2702 89 23 Robert
1458 2702 64 29 Peel,
1534 2702 24 22 in
1571 2702 65 31 reply
1653 2706 23 19 to
1689 2710 14 15 a
1714 2703 111 30 question,
1840 2703 39 22 de-

1290 2736 78 23 clared
1385 2735 49 23 that
1456 2736 121 22 Ministers
1590 2735 74 23 would
1675 2736 66 23 stand
1759 2744 25 14 or
1797 2736 42 23 fall
1849 2736 30 31 by

1290 2769 57 23 both
1359 2769 38 23 the
1409 2770 88 22 income
1509 2773 40 19 tax
1559 2769 44 23 and
1616 2769 37 23 the
1666 2769 67 23 tariff.

1325 2802 30 24 In
1367 2802 39 23 the
1419 2802 79 23 debate
1517 2810 30 15 on
1562 2802 38 24 the
1613 2802 95 24 Income
1726 2803 59 29 Tax,
1800 2811 28 15 on
1842 2803 38 23 the

1291 2837 60 23 28th
1363 2835 91 30 March,
1466 2836 25 22 in
1502 2835 39 24 the
1555 2836 82 23 House
1649 2836 25 23 of
1687 2836 129 29 Commons,
1830 2837 48 23 Mr.

1291 2869 81 24 Bttller
1384 2869 103 32 objected
1498 2873 41 19 not
1550 2868 54 32 only
1613 2874 24 18 to
1648 2870 39 22 the
1695 2878 104 16 measure
1809 2870 70 29 itself,

1290 2904 43 22 but
1342 2907 23 20 to
1372 2903 39 23 the
1423 2903 65 23 haste
1495 2903 55 23 with
1560 2903 74 23 which
1644 2904 18 22 it
1673 2903 46 24 had
1729 2904 56 23 been
1797 2904 84 32 passed

1291 2937 101 30 through
1415 2936 46 24 the-
1477 2936 96 24 Houses
1586 2946 6 20 ;
1623 2936 45 24 Dr.
1695 2937 112 32 Bowring,
1831 2938 48 23 Mr.

1290 2970 82 29 Ward,
1392 2970 48 24 Mr.
1465 2970 28 23 C.
1513 2970 30 23 T.
1566 2970 162 31 D'Eyncourt,
1751 2971 45 23 and
1817 2971 64 23 Lord

1291 3004 63 23 John
1366 3004 97 23 B,ussell
1482 3004 99 31 opposed
1596 3004 39 23 the
1646 3012 110 21 measure,
1770 3012 25 16 as
1802 3012 4 7 '
1811 3004 71 31 being

1290 3037 162 32 inquisitorial,
1463 3037 109 31 unequal,
1585 3038 45 23 and
1639 3037 97 24 hitherto
1749 3038 132 23 considered

1291 3079 13 15 a
1323 3079 48 15 war
1386 3079 106 20 reserve;
1517 3071 49 23 Mr.
1587 3071 85 29 Smith,
1697 3071 109 24 O'Brien.
1830 3072 49 23 Mr.

1291 3104 102 29 Palmer,
1418 3104 48 23 Mr.
1487 3103 23 24 J.
1531 3103 74 30 Read,
1628 3105 49 22 Mr.
1698 3104 113 30 Attwood,
1837 3105 45 23 and

1291 3138 50 24 Mr.
1361 3138 116 23 Roebuck
1495 3137 151 32 disapproved
1670 3137 25 23 of
1714 3141 62 28 parts
1797 3138 24 24 of
1842 3138 39 24 the

1290 3178 114 22 measure,
1416 3171 42 23 but
1470 3171 115 30 approved
1597 3171 25 23 of
1630 3171 19 23 it
1660 3179 25 15 as
1697 3179 14 14 a
1717 3171 83 24 .whole.

1326 3204 93 24 Letters
1435 3204 61 23 from
1514 3204 106 30 Bombay
1632 3204 26 23 of
1673 3204 51 24 date
1736 3204 84 24 March
1835 3207 45 27 Ist,

1291 3237 47 24 and
1350 3237 105 24 Calcutta
1463 3241 24 19 to
1495 3237 83 23 March
1590 3237 49 24 2nd
1649 3237 47 24 had
1705 3238 57 23 been
1769 3239 111 29 received,

1291 3272 133 29 containing
1434 3270 40 24 the
1493 3270 127 24 disastrous
1639 3275 105 19 accounts
1763 3272 27 23 of
1806 3272 76 24 which,

1291 3312 34 16 we
1338 3312 56 23 gave
1407 3312 13 15 a
1430 3312 126 22 summary,
1564 3304 59 23 from
1635 3304 38 24 the
1687 3305 91 31 Sydney
1788 3313 92 24 papers,

1291 3339 26 22 in
1327 3338 42 23 the
1383 3337 94 23 Gazette
1488 3337 24 23 of
1522 3337 55 31 July
1588 3338 56 24 2nd.
1657 3346 5 4 '
1681 3338 50 23 The
1743 3347 70 23 paper
1825 3347 55 15 con-

1292 3371 121 31 sequently
1423 3370 94 24 breathe
1535 3370 98 32 nothing
1651 3371 41 24 but
1711 3372 45 23 dire
1769 3373 112 31 anticipa-

1291 3406 62 22 tions
1373 3404 46 23 and
1427 3404 161 31 forebodings/
1602 3405 45 23 and
1668 3405 38 23 the
1726 3406 106 31 adoption
1851 3406 31 31 by

1292 3438 39 23 the
1350 3437 157 24 Government
1527 3438 25 23 of
1566 3446 67 22 every
1651 3446 102 16 measure
1771 3444 23 19 to
1806 3440 76 31 repair

1292 3471 40 24 the
1351 3471 104 23 disaster.
1491 3470 25 24 A
1527 3471 81 31 pledge
1628 3472 70 31 being
1715 3473 67 30 given
1799 3473 32 30 by
1844 3473 39 23 Sir

1292 3504 91 24 Robert
1394 3504 58 23 Peel
1462 3504 51 23 that
1524 3512 29 15 no
1566 3505 102 23 sacrifice
1676 3505 74 24 would
1759 3506 29 23 be
1800 3506 83 31 spared

1293 3543 24 19 to
1327 3538 111 24 maintain
1451 3545 42 15 our
1504 3537 84 24 Indian
1600 3538 96 31 empire.

1321 3576 81 22 Active
1413 3575 111 22 exertions
1534 3583 37 14 are
1586 3576 25 21 in
1627 3583 102 21 progress
1743 3580 23 19 at
1775 3577 38 22 the
1828 3578 55 21 East

1293 3603 67 23 India
1371 3603 77 22 House
1458 3602 45 22 and
1520 3605 22 21 at
1559 3602 37 24 the
1614 3603 73 22 Horse
1703 3603 87 23 Guards
1804 3607 23 19 to
1837 3604 46 22 for-

1294 3630 68 27 ward,
1376 3629 100 23 -without
1495 3629 71 27 delay,
1583 3632 74 24 troops
1677 3633 30 18 to-
1718 3630 107 23 reinforce
1832 3632 3 4 '
1844 3631 38 22 the

1293 3665 66 19 army
1372 3657 24 22 in
1410 3656 166 32 Afghanistan.
1605 3656 87 23 Within
1709 3657 36 22 the
1760 3658 44 21 last
1819 3658 64 21 week

1293 3684 39 23 the
1343 3686 55 19 East
1407 3683 65 23 India
1488 3683 114 22 Directors
1612 3682 59 23 have
1680 3684 105 28 accepted
1793 3684 90 22 tenders

1292 3712 37 21 for
1339 3712 26 21 15
1374 3710 60 28 ships
1445 3709 100 28 of'large
1560 3712 105 25 tonnage,
1675 3710 49 21 and'
1736 3710 72 23 which
1823 3711 59 22 have

1293 3738 60 22 been
1367 3737 113 27 regularly
1494 3736 119 28 surveyed,
1623 3739 23 19 to
1661 3737 94 27 proceed
1771 3740 23 19 to
1807 3737 75 28 India,

1293 3768 100 23 tocarry
1401 3765 55 21 4000
1465 3771 61 14 men.

1329 3801 42 23 On
1390 3799 38 25 the
1447 3799 42 24 6th
1508 3799 25 23 of
1550 3799 76 31 April,
1639 3799 39 23 the
1698 3799 126 32 Copyright
1836 3799 48 24 Bill

1296 3842 64 16 came
1371 3837 24 20 to
1405 3833 28 24 be
1446 3832 125 26 discussed.
1607 3832 52 24 The
1676 3833 105 30 proposal
1797 3838 23 18 to
1831 3834 53 30 give

1295 3872 25 19 to
1339 3867 93 24 authors
1444 3874 14 15 a
1469 3868 32 22 42
1515 3873 67 24 years
1594 3865 128 32 copyright,
1734 3867 46 22 and
1790 3871 27 20 to-
1825 3867 60 22 their

1295 3901 100 25 families
1410 3908 13 16 a
1440 3907 70 16 seven
1527 3907 67 24 years
1613 3898 119 33 copyright
1747 3900 58 24 after
1824 3899 62 24 their

1297 3934 79 29 death,
1388 3941 45 16 was
1446 3933 95 24 carried.

1334 3966 41 25 All
1386 3966 39 24 the
1437 3967 90 24 officers
1543 3967 27 22 in
1579 3966 41 23 the
1631 3966 86 24 service
1730 3966 25 24 of
1771 3965 37 25 the
1827 3966 60 24 East

1896 135 64 22 India
1973 135 120 30 Company
2100 141 50 15 now
2162 141 28 16 on
2202 135 116 30 furlough,
2327 138 79 27 except
2416 135 63 24 those

1896 167 68 23 above
1982 167 39 23 the
2039 166 61 23 rank
2112 167 26 22 of
2154 166 255 30 Lieutenant-Colonel,
2422 167 57 25 have

1896 199 101 24 received
2017 199 77 23 orders
2117 203 24 19 to
2161 199 50 32 join
2233 199 60 25 their
2313 201 124 30 regiments
2457 201 24 24 in

1896 232 73 24 India.

1928 265 50 24 The
1992 265 119 23 command
2129 264 25 24 of
2162 265 38 23 the
2211 265 90 24 British
2315 270 85 27 troops,
2412 271 69 19 west-

1896 298 59 24 ward
1973 298 26 23 of
2014 298 39 23 the
2072 298 82 28 Indus,
2167 297 40 24 has
2225 299 58 23 been
2301 299 84 24 offered
2401 304 22 19 to
2444 300 37 24 Sir

1897 328 82 34 Henry
1992 331 129 31 Hardinge.

1901 375 4 5 -
1929 365 50 23 The
1992 364 106 31 Marquis
2110 363 24 24 of
2153 363 112 26 Hertford
2282 366 93 30 expired
2393 374 29 15 on
2442 366 38 25 the
2482 391 11 7 v

1896 399 38 22 Ist
1957 398 26 23 of
1994 401 7 11 w
2009 397 91 28 March,
2123 397 29 23 he
2174 398 21 22 is
2216 397 49 23 said
2285 402 23 18 to
2330 398 57 24 have
2408 398 42 24 left
2468 409 13 15 &

1896 431 89 22 fortune
1998 431 25 22 of
2039 434 43 19 two
2101 431 100 22 millions
2220 428 104 32 sterling.
2367 432 114 29 £50,000
2507 443 1 5 •

1896 464 40 23 lias
1947 464 60 23 been
2017 463 143 31 bequeathed
2169 468 23 18 to
2204 463 60 23 John
2275 464 89 23 Wilson
2385 466 94 24 Croker.

1930 497 51 23 The
1992 496 72 24 Duke
2077 497 25 22 of
2117 496 99 23 Norfolk
2228 497 94 30 expired
2333 506 29 15 on
2375 499 36 22 the
2425 500 56 23 16th

1896 530 91 28 March,
2010 533 22 19 at
2052 529 37 23 his
2110 530 47 22 late
2176 530 116 23 residence
2316 530 35 24 St.
2372 531 109 25 James's-

1897 571 100 23 square.-

1931 596 50 23 The
1994 596 59 23 Earl
2064 596 25 22 of
2110 595 157 24 Macclesfield
2286 598 93 29 expired
2397 606 28 15 on
2446 599 36 23 the

1899 629 58 24 13th
1976 629 93 28 March,
2093 633 24 19 at
2136 629 37 23 his
2192 629 116 23 residence
2328 631 24 22 in
2372 631 110 24 Conduit-

1898 667 78 19 street.
2241 676 3 8 >

1931 695 50 25 The
1994 695 59 24 Earl
2074 695 25 23 of
2121 695 108 23 Munster
2248 697 130 23 committed
2397 698 85 24 suicide

1898 737 29 16 on
1936 729 95 30 Sunday
2042 728 73 29 week,
2129 728 32 31 by
2172 728 147 32 discharging
2329 730 38 23 the
2380 735 102 21 contents

1898 762 26 24 of
1938 770 13 15 a
1960 762 83 23 loaded
2054 761 68 32 pistol
2134 762 47 22 into
2192 761 36 23 his
2239 763 87 23 mouth.

1932 795 51 24 The
1995 818 7 6 „
2007 794 108 24 standard
2131 795 35 23 for
2184 796 96 22 recruits
2301 795 34 24 for
2354 796 38 24 the
2409 796 74 32 Army

1898 828 21 23 is
1930 828 98 24 reduced
2036 832 24 19 to
2070 829 44 22 five
2126 829 46 23 feet
2183 828 44 24 and
2239 836 14 16 a
2263 828 52 24 half
2324 829 61 24 inch.

1933 862 112 30 Progress
2054 862 28 22 of.
2093 862 109 30 printing.
2246 861 54 24 One
2317 864 166 24 manufacturer

1898 895 49 28 has,
1960 895 80 23 within
2052 894 39 23 the
2102 895 45 22 last
2168 897 29 21 15
2216 902 75 23 years,
2312 897 107 30 exported
2439 905 42 23 up-

1898 928 72 23 wards
1983 928 26 23 of
2026 930 73 26 1,500
2111 928 102 30 printing
2230 935 91 24 presses
2339 933 22 19 to
2382 929 29 24 all
2421 935 63 26 parts

1900 961 25 23 of
1939 961 37 23 the
1989 961 79 28 world,
2081 969 24 15 so
2117 966 66 25 great
2196 961 41 23 has
2249 961 59 23 been
2320 961 37 23 the
2369 964 80 29 spread
2463 965 23 22 of

1898 995 110 31 printing,

1932 1028 115 31 Property
2058 1031 47 20 tax.
2142 1027 51 23 The
2204 1027 57 23 Earl
2274 1028 26 22 of
2314 1028 116 24 Limerick
2439 1031 45 23 will

1898 1061 56 24 have
1977 1066 24 19 to
2019 1069 45 24 pay
2082 1062 72 23 £100
2173 1069 81 23 a-year
2273 1065 39 19 out
2330 1062 25 23 of
2370 1062 34 23 his
2421 1062 63 25 Irish

1898 1095 108 23 rent-roll
2016 1095 78 23 whilst
2103 1094 103 31 residing
2217 1095 24 22 in
2253 1094 118 32 England.
2382 1120 3 4 ,

1932 1128 50 23 The
2006 1135 111 24 expenses
2140 1128 24 23 of
2179 1128 37 23 the
2236 1128 66 30 King
2322 1128 25 23 of
2370 1128 114 25 Prussia's

1898 1162 53 22 visit
1969 1166 24 18 to
2014 1161 110 31 England
2147 1161 37 23 did
2207 1165 40 19 not
2270 1161 84 23 exceed
2377 1164 107 27 800,000

1899 1194 93 23 dollars.

1933 1228 50 22 The
1997 1227 56 31 shop
2067 1227 24 23 of
2106 1227 49 23 Mr.
2169 1226 81 29 Blake,
2271 1235 14 15 a
2304 1227 139 25 tobacconist
2462 1231 24 22 of

1900 1261 97 22 London
2009 1268 45 15 was
2067 1264 36 19 set
2111 1268 30 15 on
2152 1261 40 22 fire
2210 1260 29 30 by
2258 1268 13 15 a
2292 1266 36 17 cat
2347 1261 67 31 being
2432 1263 54 24 shut

1899 1301 30 23 up
1947 1294 23 22 in
1987 1302 14 14 a
2020 1294 85 22 drawer
2124 1293 54 23 with
2198 1300 62 16 some
2278 1294 79 23 lucifer
2376 1296 107 30 matches,

1900 1327 73 23 which
1981 1327 39 23 the
2028 1327 91 22 friction
2128 1327 24 22 of
2162 1327 40 22 her
2211 1327 66 22 claws
2286 1327 81 23 caused
2375 1332 21 19 to
2405 1329 77 31 ignite.

1900 1360 50 24 The
1962 1361 72 23 entire
2047 1360 68 23 stock
2127 1368 45 15 was
2185 1361 122 22 consumed
2319 1361 45 23 and
2381 1361 36 23 the
2432 1371 50 22 pre-

1899 1395 69 22 mises
1980 1394 69 23 much
2065 1393 117 31 damaged.

1934 1445 50 22 The
2002 1445 129 30 brigantine
2152 1445 94 21 Success
2266 1445 93 23 entered
2378 1453 40 15 our
2434 1452 50 25 port

1899 1477 128 31 yesterday,
2052 1477 44 23 and
2116 1485 62 15 came
2199 1482 22 18 to
2244 1477 85 24 anchor
2352 1478 68 23 about
2442 1484 41 19 two
2508 1497 2 5 .

1901 1510 87 24 o'clock
2000 1518 54 16 p.m.
2091 1507 64 26 The*
2161 1510 74 23 vessel
2253 1518 33 15 we
2305 1511 57 23 have
2380 1512 55 23 been
2448 1514 34 22 in-

1899 1544 88 23 formed
1999 1544 81 23 struck
2092 1552 28 15 on
2133 1552 14 14 a
2159 1544 49 23 reef
2223 1544 25 23 of
2261 1544 69 23 rocks
2350 1553 54 15 near
2424 1546 60 31 Cape

1901 1577 129 29 Terawitte,
2053 1577 45 23 and
2121 1584 55 23 very
2196 1577 112 31 narrowly
2331 1579 94 30 escaped
2448 1581 36 22 the

1901 1611 44 23 fate
1958 1610 25 24 of
1999 1610 38 24 the
2049 1609 75 30 Kate,-
2130 1610 104 23 wrecked
2253 1611 64 23 there
2329 1619 12 15 a
2352 1610 43 25 few
2411 1614 73 22 weeks

1901 1652 50 23 ago.
1988 1644 51 23 The
2052 1644 95 31 damage
2159 1644 116 23 sustained
2286 1645 29 30 by
2329 1645 36 23 the
2382 1647 74 22 vessel
2467 1648 18 22 is

1901 1686 25 15 so
1945 1677 162 29 considerable,
2121 1686 26 15 as
2166 1682 21 19 to
2206 1677 82 24 render
2300 1679 18 22 it
2337 1678 61 31 quite
2415 1679 71 32 likely

1901 1711 56 23 that-
1972 1711 41 23 she
2035 1711 47 23 will
2105 1711 28 23 be
2159 1711 137 23 condemned
2308 1720 5 20 ;
2345 1712 40 23 she
2407 1713 78 24 makes

1902 1745 63 23 three
1985 1745 47 23 feet
2051 1745 24 22 of
2098 1749 69 19 water
2183 1752 40 23 per
2242 1745 66 23 hour.
2344 1745 47 24 She
2409 1747 77 23 struck

1903 1786 28 15 on
1950 1778 40 23 the
2009 1778 117 23 afternoon
2151 1779 25 22 of
2199 1778 111 31 Monday,
2335 1779 45 23 and
2401 1786 85 24 reports

1901 1812 86 30 having
1999 1819 54 16 seen
2072 1811 38 24 the
2128 1811 78 30 Royal
2225 1810 103 24 William
2340 1820 28 15 on
2387 1812 40 24 her
2439 1821 48 23 way
2508 1825 2 10 ■

1903 1850 21 18 to
1938 1845 90 31 Cloudy
2041 1845 57 30 Bay,
2108 1845 43 23 but
2160 1845 44 23 had
2216 1850 40 18 not
2268 1853 29 15 an
2310 1847 145 31 opportunity
2466 1848 24 22 of

1903 1878 86 31 hailing
2009 1886 25 15 or
2053 1878 138 31 signalizing
2209 1878 48 23 her.
2285 1878 52 23 -We
2356 1885 74 24 regret
2449 1880 37 24 the

1904 1920 134 16 occurrence
2058 1913 24 21 of
2105 1911 47 24 this
2174 1912 103 23 accideut
2300 1916 22 19 to
2345 1920 13 15 a
2371 1932 4 4 .
2381 1913 107 24 favourite

1905 1950 86 19 coaster
2004 1945 45 24 and
2061 1953 29 16 an
2102 1946 38 23 old
2157 1946 81 28 friend,
2251 1946 45 23 and
2315 1950 58 19 trust
2392 1946 49 24 that
2451 1948 37 22 the

1904 1979 94 31 damage
2010 1987 53 22 may
2083 1984 40 18 not
2141 1979 27 23 be
2189 1987 25 15 so
2234 1986 77 16 severe
2330 1987 25 15 as
2374 1979 38 27 has.
2432 1981 56 22 been

1903 2012 113 31 reported.
2054 2012 46 22 She
2112 2012 46 22 had
2178 2020 28 14 no
2228 2020 68 21 cargo
2309 2019 29 15 on
2357 2012 82 29 board,-
2448 2014 42 22 and

1904 2052 32 16 we
1955 2043 58 24 need
2031 2049 39 18 not
2096 2052 40 23 say
2164 2044 41 23 has
2225 2049 40 18 not
2291 2044 38 23 the
2352 2045 86 23 wished
2456 2046 33 23 for

1904 2078 54 23 mail
1978 2077 132 24 mentioned
2129 2078 24 22 in
2173 2078 86 23 several
2277 2082 62 26 parts
2359 2078 25 23 of
2399 2087 39 14 our
2453 2087 35 15 co-

1905 2111 75 23 lumns
1993 2111 25 23 of
2034 2111 81 30 to-day
2126 2119 25 17 as
2163 2111 69 30 being
2244 2118 29 16 on
2285 2111 70 23 board
2368 2112 36 22 the
2416 2111 75 31 Royal

1909 2144 102 23 William
2013 2157 33 3 —
2047 2152 56 21 now,
2118 2144 170 31 unfortunately
2301 2144 33 23 for
2353 2145 37 24 the
2401 2146 87 23 inhabi-

1906 2183 60 18 tants
1979 2179 26 22 of
2021 2178 58 23 Port
2098 2177 134 29 Nicholson,
2248 2178 95 31 making
2362 2179 37 23 the
2420 2179 69 23 round

1907 2212 25 23 of
1947 2212 38 23 the
1998 2216 70 19 coast.

1940 2263 183 24 Importation
2159 2271 29 16 of
2225 2264 84 23 Stock
2339 2271 60 16 into
2428 2264 60 24 New

1907 2297 136 26 Zealand.
2046 2310 35 3 —
2081 2296 28 24 In
2122 2297 39 23 the
2176 2297 95 23 Gazette
2284 2297 24 23 of
2322 2297 119 32 Saturday,
2455 2299 33 23 the

1908 2331 57 23 20th
1978 2335 99 24 current,
2091 2338 32 17 we
2135 2330 79 32 placed
2224 2330 77 24 before
2314 2339 39 15 our
2364 2332 91 23 readers
2463 2341 25 14 tin

1908 2369 88 19 extract
2019 2372 29 15 on
2070 2365 64 28 wool,
2159 2364 57 24 from
2239 2364 39 24 the
2306 2364 57 24 New
2391 2365 100 23 Zealand

1907 2397 109 31 Monthly
2035 2397 134 31 Magazine.
2208 2398 40 23 We
2268 2398 52 23 how
2342 2404 73 17 revert
2432 2404 23 18 to
2474 2400 16 22 it

1907 2432 35 23 for
1958 2431 39 23 the
2009 2439 98 24 purpose
2120 2432 25 23 of
2161 2439 61 15 more
2234 2431 97 31 forcibly
2343 2431 99 32 drawing
2455 2433 35 23 the

1908 2466 112 23 attention
2032 2466 26 22 of
2071 2473 41 16 our
2133 2465 90 24 readers
2242 2470 23 18 to
2279 2474 13 14 a
2311 2466 53 28 fact,
2377 2466 71 23 which
2460 2473 30 16 we

1907 2499 44 23 feel
1969 2498 96 24 assured
2083 2499 38 23 the
2141 2499 89 23 settlers
2254 2503 23 19 at
2295 2499 64 29 least,
2378 2499 111 31 generally

1908 2532 120 32 speaking,
2051 2540 38 15 are
2107 2536 41 19 not
2166 2532 137 31 sufficiently
2315 2532 57 23 alive
2391 2537 29 19 to.
2457 2533 34 31 By

1908 2565 112 32 referring
2031 2570 23 19 to
2061 2565 39 25 the
2111 2566 46 23 last
2166 2566 130 31 paragraph
2308 2566 24 23 of
2342 2566 49 23 that
2399 2571 90 24 extract,

1908 2599 37 23 the
1955 2600 141 30 importance
2108 2599 26 23 of
2143 2599 144 32 introducing
2298 2600 48 23 into
2357 2600 38 23 the
2407 2600 84 31 Colony

1908 2632 38 24 the
1956 2633 53 23 best
2021 2631 44 24 and
2075 2637 80 26 purest
2166 2633 120 30 primative
2298 2633 79 23 breeds
2390 2633 24 23 of
2423 2634 66 31 sheep

1908 2665 45 24 will
1964 2666 28 23 be
2001 2665 71 24 found
2084 2666 63 23 there
2157 2665 92 29 pointed
2261 2671 48 18 out.
2345 2666 50 24 The
2407 2667 85 30 history

1908 2699 44 23 and
2087 2699 108 31 pedigree
2206 2699 24 23 of
2239 2699 31 23 all
2278 2699 74 23 which
2360 2708 13 14 a
2385 2700 78 24 holder
2473 2700 22 24 of
2503 2711 6 5 •

1907 2732 53 24 land
1971 2740 113 24 purposes
2096 2736 23 19 to
2131 2732 59 23 form
2209 2732 37 24 the
2260 2733 64 22 basis
2335 2732 24 24 of
2369 2733 37 23 his
2418 2734 73 28 stock,
2502 2756 8 7 _,

1909 2766 82 24 should
1996 2766 32 23 T)e
2037 2765 111 32 procured
2156 2765 44 23 and
2207 2766 122 31 preserved
2329 2779 33 4 —
2363 2766 38 24 the
2409 2774 83 17 crosses

1909 2800 44 23 and
1968 2799 85 24 results
2065 2799 109 31 carefully
2183 2800 117 23 recorded.
2335 2800 69 23 Until
2420 2801 45 23 this
2475 2801 18 23 is
2505 2823 3 4 ,

1909 2833 65 29 done,
1988 2841 63 16 more
2065 2833 122 31 especially
2199 2833 22 23 in
2233 2837 91 28 respect
2340 2838 22 18 to
2376 2835 75 30 sheep,
2463 2842 30 15 we
2508 2832 2 4 '

1910 2875 42 15 can
1960 2875 89 16 -assure
2068 2874 41 16 our
2120 2866 84 24 fellow-
2209 2866 108 25 colonists
2336 2867 50 24 that
2402 2868 91 30 nothing

1908 2901 42 23 has
1960 2901 60 23 been
2037 2900 66 29 done,
2117 2908 30 15 on
2165 2899 73 25 which
2257 2901 109 23 statistics
2387 2901 64 26 could
2467 2901 26 23 be

1910 2934 77 23 drawn
1998 2942 39 24 up,
2055 2933 74 24 which
2141 2941 42 16 can
2200 2934 27 23 be
2240 2934 116 32 depended
2368 2942 36 17 on.
2441 2934 23 24 It
2475 2935 17 22 is

1908 2968 134 31 impossible
2054 2971 23 19 to
2088 2967 89 32 predict
2187 2967 52 24 how
2253 2976 30 15 an
2303 2968 84 24 animal
2401 2976 52 23 may
2468 2968 23 22 be

1909 3001 130 24 influenced
2053 3000 32 32 by
2097 3001 39 23 the
2148 3001 87 31 change
2247 3002 26 23 of
2288 3001 89 24 climate
2388 3002 44 23 and
2442 3009 49 24 pas-

1910 3042 79 24 turage
1999 3044 5 20 ;
2024 3033 98 32 nothing
2133 3035 54 28 will,
2199 3035 24 23 in
2235 3035 46 23 this
2295 3043 57 21 case,
2366 3035 80 31 supply
2459 3035 32 23 the

1909 3073 60 19 want
1992 3068 26 24 of
2036 3068 76 24 actual
2131 3069 141 30 experiment
2293 3068 43 23 and
2355 3069 135 30 experience.

1909 3102 44 24 We
1970 3110 43 16 can
2024 3102 41 24 tell
2077 3110 40 15 our
2129 3101 100 30 readers,
2242 3102 50 23 that
2304 3102 37 23 the
2352 3106 60 19 most
2423 3109 68 16 unex-

1908 3136 82 31 pected
2008 3136 85 23 results
2108 3135 60 24 have
2186 3136 58 23 been
2263 3135 106 24 obtained
2385 3135 58 24 from
2458 3134 33 24 the

1908 3169 155 24 introduction
2084 3168 25 24 of
2125 3177 14 15 a
2155 3168 44 24 few
2214 3176 58 24 pure
2289 3168 80 24 breeds
2382 3168 23 24 of
2418 3169 72 30 sheep,

1910 3203 57 23 after
1975 3202 41 24 the
2026 3202 37 24 old
2070 3202 67 24 stock
2144 3202 44 23 had
2194 3202 59 23 been
2260 3201 121 24 continued
2387 3201 34 24 for
2430 3209 61 23 years

1909 3237 72 23 under
2002 3236 39 24 the
2069 3240 62 20 most
2155 3236 133 31 depressing
2297 3258 3 7 ,
2312 3235 177 23 circumstances.

1972 3270 59 24 need
2042 3274 41 19 not
2093 3273 79 28 repeat
2183 3269 56 29 that,
2252 3268 77 24 unless
2341 3267 46 24 the.
2398 3268 65 23 stock
2474 3268 17 23 is

1909 3303 97 24 without
2024 3311 63 16 eross
2093 3303 6 5 v
2105 3311 26 15 or
2148 3303 106 28 mixture,
2266 3302 19 22 it
2301 3301 21 23 is
2340 3300 25 24 of
2380 3301 58 24 little
2455 3308 36 17 use

1910 3337 120 30 attending
2047 3341 23 19 to
2089 3336 39 23 the
2149 3335 102 32 product,
2272 3334 83 28 whilst,
2376 3342 58 16 were
2456 3334 35 24 the

1909 3371 58 22 wool
1978 3378 57 16 even
2047 3374 24 19 to
2084 3374 53 19 turn
2148 3373 40 19 out
2199 3367 25 24 of
2232 3368 45 22 fine
2289 3367 93 32 quality,
2391 3376 31 21 or,
2435 3368 69 36 what^

1910 3404 75 23 would
1996 3411 88 16 answer
2103 3403 61 30 quite
2176 3409 24 16 as
2219 3400 58 29 well,
2290 3405 24 19 to
2329 3408 92 24 possess
2433 3408 58 17 some

1910 3445 47 15 new
1968 3445 31 16 or-
2005 3437 100 31 peculiar
2117 3435 95 31 quality,
2223 3433 96 25 without
2329 3435 58 23 such
2402 3435 52 24 data
2468 3441 22 16 as

1910 3479 15 15 a
1939 3470 52 24 well
2002 3468 125 25 conducted
2139 3475 79 16 course
2236 3467 25 23 of
2280 3468 150 31 experiments
2450 3467 41 24 and

1911 3504 155 23 observations
2078 3501 81 28 ,would
2169 3500 110 29 furnish,-,
2289 3509 14 15 a
2319 3501 90 24 market
2422 3500 69 31 might

1909 3541 41 19 not
1964 3537 30 23 be
2013 3534 87 32 opened
2117 3540 33 25 up
2166 3534 36 23 for
2221 3534 39 23 the
2281 3534 77 25 article
2375 3535 34 24 for
2425 3539 66 25 many

1910 3578 74 23 years.
2020 3569 43 23 We
2075 3575 97 24 propose
2184 3567 102 32 drawing
2296 3567 38 24 the
2351 3568 109 24 attention
2470 3566 23 24 of

1911 3611 40 16 our
1969 3602 92 24 readers
2081 3606 23 18 to
2122 3601 40 23 the
2167 3601 152 31 -importation
2330 3601 26 24 of
2368 3601 38 24 the
2417 3601 74 31 alpaca

1910 3637 48 23 into
1982 3635 40 23 the
2047 3634 136 29 settlement,
2202 3642 41 16 our
2265 3635 120 28 intention,
2408 3634 31 31 by
2456 3633 35 23 the

1911 3670 70 23 above
2002 3667 113 30 remarks,
2133 3668 71 31 being
2211 3689 2 6 ,
2225 3668 85 32 simply
2319 3672 33 21 ,to
2374 3668 56 30 keep
2453 3672 38 17 our

1910 3702 86 24 friends
2018 3702 25 22 in
2065 3701 109 31 England
2191 3702 25 22 in
2232 3701 66 24 mind
2315 3701 25 23 of
2357 3708 40 16 our
2413 3703 76 21 wants.

1911 3736 46 23 Let
1968 3735 39 24 the
2020 3734 67 24 cattle
2104 3734 113 32 imported
2232 3734 59 24 from
2310 3733 105 31 England
2431 3734 29 23 be
2471 3731 23 24 of

1912 3769 38 23 the
1968 3772 81 28 purest
2060 3768 81 24 breeds
2142 3781 32 4 —
2174 3769 20 23 it
2207 3768 53 23 does
2279 3771 41 20 not
2335 3771 81 19 matter
2432 3765 61 25 what

1911 3802 98 23 number
2020 3801 25 24 of
2053 3801 45 24 bad
2108 3802 77 30 points
2196 3801 54 31 they
2256 3808 54 24 may
2318 3808 90 24 possess
2408 3812 33 5 —
2441 3799 51 30 they

1911 3843 53 23 may
1971 3835 30 23 be
2012 3834 108 24 modified
2131 3835 55 23 with
2197 3834 125 31 advantage
2328 3834 23 22 in
2362 3834 39 22 the
2408 3832 85 24 climate

1913 3868 25 23 of
1947 3867 59 25 New
2017 3868 110 23 Zealand.
2164 3868 50 23 The
2232 3867 69 23 cattle
2318 3865 109 33 imported
2437 3865 56 23 from

1914 3901 104 25 Twofold
2028 3901 53 32 Bay
2089 3908 39 17 are
2138 3908 69 23 many
2214 3900 26 24 of
2248 3900 62 24 them
2318 3903 65 20 exact
2392 3902 102 20 counter-

1913 3939 63 27 parts
1995 3934 26 25 of
2036 3935 41 23 the
2096 3933 176 25 Chatelherault.
2284 3933 45 24 and
2345 3931 151 31 CfiiUingham

1913 3968 91 29 breeds,
2017 3975 25 17 so
2060 3968 50 24 that
2128 3967 59 25 their
2199 3966 148 31 authenticity
2357 3966 21 23 is
2396 3964 38 25 the
2446 3962 50 31 only

551 54 244 47 Wty^tto
819 52 211 42 Z&ateHtto
1054 50 189 47 <EtiwtU
1268 48 94 41 mtt
1385 46 304 47 mttmtiQton
1713 41 254 51 Spectator.

712 891 67 21 AND
793 888 214 24 WELLINGTON
1023 887 192 23 SPECTATOR.'

664 831 120 44 New
821 829 210 41 Zealand
1063 828 189 47 Gazette

759 946 158 22 Wednesday,
934 943 94 21 August
1044 943 34 25 31,
1090 943 62 20 1842.

1279 137 39 23 the
1330 136 78 31 shop's
1419 144 60 15 were
1491 135 76 24 closed
1579 135 84 31 during
1674 135 39 23 the
1724 142 106 24 progress
1844 135 24 23 of

1279 170 40 22 the
1340 170 140 31 procession.
1498 184 4 5 .
1528 168 50 24 The
1596 168 106 30 working
1708 168 94 23 'classes
1820 168 47 24 had

1279 202 82 24 waited
1372 203 25 22 in
1406 210 13 15 a
1430 203 60 29 body
1503 210 30 15 on
1543 201 44 24 the-
1593 201 87 23 friends
1693 201 24 23 of
1724 201 47 23 Mr.
1780 200 87 32 Young

1279 239 23 19 to
1315 239 93 26 request
1423 235 137 31 permission
1567 238 34 19 •to
1617 234 68 23 mark
1701 234 57 23 their
1776 239 91 26 respect

1279 268 32 30 by
1331 269 101 30 erecting
1449 276 15 15 a
1481 272 133 19 monument
1633 271 23 19 to
1667 267 36 23 his
1712 274 100 24 memory
1824 275 43 15 ex-

1280 301 111 29 clusively
1409 305 106 25 amongst
1532 300 146 23 themselves.

1315 334 24 24 A
1350 334 77 31 public
1444 335 97 29 metting
1553 333 45 23 had
1609 333 59 23 been
1687 332 70 24 called
1775 332 36 24 for
1827 333 39 23 the

1280 375 101 22 purpose
1393 367 25 23 of
1432 366 152 31 establishing
1591 366 91 24 aLand
1689 366 155 24 Association.
1854 372 4 3 '

61 2483 44 19 lor
115 2483 12 18 t

135 2487 15 13 \e
159 2486 40 14 wee
199 2491 3 9 t

222 2486 28 14 em

258 2481 38 22 ling

327 2479 53 19 hurst

387 2481 38 21 lay,

451 2483 40 19 .ug.

73 2567 49 16 1842.

159 2544 50 17 Time
216 2544 21 16 of

155 2566 87 16 Observa-

174 2587 44 16 tion.

271 2553 55 16 Baro-

267 2575 62 15 meter.

346 2552 86 17 Thermo-

357 2574 65 16 meter.

460 2596 57 22 aCSS

559 2559 62 18 Wind.

55 2646 83 19 Friday...

55 2709 30 17 Sat

178 2646 9 15 8

176 2667 54 20 Ip.m.

178 2688 9 15 5

178 2709 10 15 8

178 2730 51 20 Ip.m.

179 2752 9 14 5

179 2772 9 15 8

179 2793 53 20 Ip.m.

180 2835 9 15 8

180 2855 53 21 Ip.m.

179 2877 9 15 5

179 2898 10 15 8

178 2919 54 19 Ip.m.

179 2940 9 15 5

180 2961 9 15 8

180 2982 20 19 lp
208 2985 25 13 m.

180 3003 8 15 5

180 3024 10 15 8

180 3045 53 19 Ip.m.

180 3066 9 15 5

271 2644 58 16 29.980

271 2665 58 16 29.360

270 2686 59 16 29.860

270 2707 59 16 29.810

271 2728 58 16 29.740

272 2748 58 17 29.7-10

371 2642 39 16 54.7

372 2665 27 15 56.

373 2686 27 15 56.

372 2705 40 17 44.7

371 2728 40 16 45.5

361 2751 2 6 '
372 2749 29 15 45.

460 2664 57 17 None.

470 2727 38 16 0.03

539 2641 53 16 N.W.

539 2662 53 16 N.W.

540 2683 52 16 N.W.

540 2704 52 16 N.W.

540 2724 52 17 N.W.

540 2745 52 18 N.W.

56 2771 84 21 Sunday-

462 2789 57 17 None.

56 2834 84 21 Monday.

56 2897 88 21 Tuesday:

143 2914 1 19 i

56 2959 45 17 Wed

274 2832 57 17 30.110

274 2854 57 15 30.090

274 2874 57 16 30.070

267 2910 2 4 ,
275 2896 57 16 30.098

274 2917 57 16 30.093

274 2938 57 16 30.000

274 2959 57 16 30.120

274 2980 57 16 30.150

274 3001 57 16 30.180

275 3022 58 16 30.410

275 3042 57 17 30.412

274 3064 58 16 30.418

373 2832 29 16 49.

374 2854 28 15 SG.

374 2874 28 16 53.

374 2896 28 15 45.

375 2917 27 15 53.

374 2938 28 16 49.

354 2967 5 10 \
374 2958 39 17 49.5

375 2980 28 16 50.

375 3001 28 15 51.

374 3022 40 16 48.5

375 3043 28 15 57.

375 3064 28 15 52.

473 2853 37 16 0.15

473 2915 37 16 0.35

541 2829 53 17 N.W.

541 2851 53 16 N.W.

541 2871 53 17 N.W.
609 2876 3 4 •

542 2893 41 16 S.E.

542 2914 43 16 S.E.

542 2935 42 16 S.E.

542 2956 43 16 S.E.

543 2977 42 16 S.E.

543 2998 42 16 S.E.
612 3001 8 4 -

543 3018 42 17 S.E.

543 3040 42 16 S.E.

543 3061 41 16 S.E.

464 2978 57 16 None.

58 3022 59 17 Thurs
122 3034 18 5 ...

465 3041 56 16 None.

60 3120 82 21 Friday...

181 3122 9 15 8

388 3098 128 18 REMARKS.
550 3105 4 3 -

181 3163 53 20 Ip.m.

183 3205 9 15 5
211 3208 3 8 *

61 3246 32 17 Sat

183 3246 9 15 8

264 3246 63 21 Strong
333 3247 64 16 breeze
404 3246 37 16 and
448 3246 41 18 fine.

183 3288 54 19 Ip.m.

305 3288 33 16 Do.
381 3288 35 16 Do.
458 3288 85 20 showery.

184 3330 9 15 s

305 3329 33 16 Do.
461 3330 34 17 Do.

266 3370 63 21 Strong
335 3371 63 16 breeze
402 3372 40 15 .and
446 3371 73 20 'cloudy.
530 3384 3 3 .

60 3372 85 20 Sunday..

185 3372 9 15 8

185 3413 54 20 Ip.m.

307 3412 33 16 Do.
383 3412 35 17 Do.
460 3413 33 16 Do.

514 3444 4 2 .
542 3440 5 3 -

185 3455 10 16 5

385 3452 9 1 _

307 3453 34 17 Do.
384 3452 36 18 Do.
463 3454 32 17 Do.

63 3497 84 20 Monday.

185 3497 10 15 8

267 3495 91 17 Moderate
366 3495 65 17 breeze
438 3495 36 16 and
481 3496 86 16 overcast.

185 3539 55 20 Ip.m.

421 3524 4 6 ■
463 3536 10 1 _

308 3537 33 16 Do.
384 3536 35 17 Do.
462 3536 33 17 Do.

388 3579 14 1 _

185 3581 10 15 5

308 3579 35 17 Do.
388 3579 35 16 Do.
465 3578 35 16 Do.

63 3622 86 21 Tuesday

186 3623 10 15 8

308 3622 35 16 Do.
386 3620 35 16 Do.
464 3619 41 17 fine.

87 3664 3 4 .

186 3664 55 20 Ip.m.

309 3662 34 18 Do.
386 3662 37 16 Do-
465 3661 35 17 Do.

368 3690 5 5 •

187 3706 10 15 5

309 3704 34 17 Do.
385 3704 36 17 Do.
463 3702 33 18 Do.

131 3735 5 3 •

64 3747 45 17 Wed

187 3748 12 15 8

268 3747 65 20 Strong
340 3747 64 16 breeze
411 3745 37 17 and
454 3745 42 17 line.

187 3789 54 20 Ip.m.

310 3788 33 17 Do.
387 3787 34 17 Do.
463 3786 45 17 with
514 3784 48 18 rain.

188 3831 11 15 5

269 3829 92 18 Moderate
368 3829 65 18 breeze
440 3829 37 16 and
482 3828 43 17 fine.

65 3871 53 18 Thar
131 3882 19 7 ...

170 3872 29 15 ,-8

268 3871 54 21 Light
329 3871 68 20 breeze,
404 3871 42 20 fine,
455 3870 36 18 and
497 3870 72 20 cloudy.

187 3914 55 20 Xplm.

263 3908 55 22 ICalm
325 3913 37 16 and
369 3917 44 17 very
420 3913 44 17 fine.

188 3947 19 27 i,

311 3953 34 20 Do,
389 3955 36 17 Do.
468 3954 33 18 Do.

49 152 88 24 TTHQR
151 149 85 28 SALE,
246 149 30 27 by
286 148 37 22 the
334 145 177 28 undersigned—

49 179 34 21 JO
212 182 3 5 '
342 177 3 4 '
353 191 3 3 ■
453 175 3 10 '

76 203 103 29 Superior
187 205 51 24 port
248 201 44 23 and
301 200 76 27 sherry
386 199 26 26 jn
423 205 67 20 cases,

47 237 3 5 •
76 231 144 26 Champagne
229 229 24 21 in
265 228 62 25 ditto,
421 229 26 23 •*
539 227 19 23 '.
598 243 4 3 .

176 257 24 21 in
210 258 90 25 quarter
309 252 70 27 casks,
426 254 34 25 /'
474 258 5 4 '

76 285 46 21 Gin
131 284 25 21 in
165 282 66 22 hhds.

370 305 28 22 T.
412 305 33 22 M.
461 305 144 22 Pabtmdge.

49 337 82 22 March
140 337 34 26 25,
185 337 61 20 1842.

285 385 39 21 To
339 385 59 24 Let,
502 405 4 7 v
513 392 5 17 ;
549 401 2 4 .
609 401 5 11 ,

49 424 51 47 A
128 417 255 26 SUBSTANTIALLY
405 415 96 23 BUILT
507 413 11 11 -
522 410 122 31 HOUSE/,

115 446 121 26 consisting
252 445 26 21 of
293 445 50 21 four
358 450 82 19 rooms,
450 441 54 23 with
518 449 14 14 a
549 441 54 21 roof
614 441 28 21 of,

49 476 52 20 Van
122 473 114 23 Dieman's
259 471 68 22 Land
349 469 106 28 shingles,
475 468 43 22 and
537 476 13 14 a
572 467 64 22 brick

49 502 110 25 chimney,
170 499 101 27 together
285 497 52 22 with
353 497 79 26 nearly
441 502 41 16 one
492 502 50 15 acre
552 495 28 21 of
590 494 46 22 cul-

49 528 85 21 tivated
144 526 42 22 and
196 525 49 22 well
254 524 80 22 fenced
343 523 62 22 land.

76 554 48 22 The
133 554 70 21 house
212 552 19 21 is
240 550 123 30 pleasantly
372 549 96 23 situated
473 549 24 21 in
506 556 13 14 a
524 547 113 23 sheltered

49 584 55 25 spot,
113 581 24 22 in
148 578 219 28 Majoribank-street
409 599 3 3 .

76 615 45 21 For
134 612 139 29 particulars,
284 610 76 28 apply'
365 613 23 18 to
405 610 50 21 Mr.
466 608 108 28 Brewer,
586 608 49 22 Mr.

49 641 74 26 Park,
134 647 25 15 or
169 639 48 23 Mr.
229 639 94 21 Robert
334 638 122 21 Langdon.

50 691 199 50 JSUTTON
271 690 19 21 is
308 697 50 15 now
382 687 108 29 prepared
508 690 22 18 to
549 686 86 27 supply,

90 731 11 11 •
131 718 125 26 wholesale,
266 715 171 29 tlie*profession
448 714 25 25 qf
480 714 54 21 Port
543 712 94 23 Nichol-

50 754 47 18 son,
108 746 92 26 Nelson,
218 744 133 30 Aucklana^
355 742 52 22 'and
424 741 40 22 the
483 740 63 21 other
561 739 76 23 settle-

50 776 74 18 ments
130 773 30 21 'of
172 772 56 21 New
242 770 105 26 Zealand,
357 768 55 23 with
424 768 73 26 drugs,
509 766 126 27 chemicals,

50 800 75 27 stop'd
132 799 94 29 pottles,
242 793 54 32 pots',
313 798 40 20 &c.
369 796 48 26 &c,
434 793 44 23 and
494 800 62 20 upon
574 800 63 15 more

50 827 164 26 advantageous
223 828 67 19 terms
301 823 54 22 than
364 822 38 21 the
414 821 90 27 Sydney
513 820 106 22 markets.

77 862 21 19 A
108 860 123 27 respectable
239 859 64 25 youth
311 857 84 21 wai.ted
403 863 24 13 as
437 862 27 14 an
473 855 138 26 Apprentice.
635 873 5 3 .

51 893 100 22 Medical
160 884 67 34 Hall,'
233 890 139 27 Wellington,
382 889 60 22 June
452 890 35 24 10,
498 888 62 21 1842.

52 943 92 50 THE
163 942 153 22 PREMISES
336 940 71 27 lately
423 938 106 27 occupied
546 938 33 27 by
596 938 41 22 Dr.

128 969 93 26 Gilbert,
233 972 22 18 at
266 968 36 21 the
313 975 77 14 corner
401 967 27 21 of
434 965 152 22 Willis-street
593 965 46 21 and

50 998 39 21 the
97 996 79 27 beach,
187 996 45 21 will
247 996 29 21 be
291 994 84 27 shortly
385 993 98 27 opened,
487 991 55 23 with'
549 999 14 14 a
576 991 62 22 stock

50 1025 25 21 of
89 1024 93 27 genuine
198 1023 67 26 drugs
279 1022 44 21 and
339 1020 120 23 chemicals
470 1020 57 21 from
537 1018 101 27 Apothe-

52 1052 70 21 caries
132 1050 61 26 Hall,
205 1049 102 23 London.

79 1080 37 19 An
136 1076 148 28 experienced
299 1074 112 23 Assistant
426 1073 94 27 wanted,
539 1075 68 25 apply
613 1074 25 20 to

52 1105 22 21 J.
86 1105 86 25 Sutton,
185 1102 99 23 Medical
294 1102 62 22 Hall.

80 1138 59 21 June
150 1139 32 24 10,
193 1138 62 20 1842.

110 1200 169 24 SHIPPING
297 1196 277 26 INTELLIGENCE.

271 1254 143 20 ARRIVED.

77 1292 83 25 August
170 1292 33 23 28,
212 1290 103 20 schooner
326 1290 81 24 Henry,
417 1288 25 21 17
450 1290 56 22 tons,
515 1287 122 26 Daymond,

51 1320 55 19 from
113 1319 119 20 Terawitte.

78 1347 83 25 August
170 1347 34 23 29,
219 1344 117 26 brigantine
350 1343 100 27 Hannah,
467 1343 25 20 90
508 1344 57 23 tons,
581 1341 56 24 Bell,

50 1375 56 20 from
125 1374 89 26 Sydney.

80 1402 59 19 Same
150 1401 46 26 day,
209 1400 101 21 schooner
318 1400 63 23 Jane,
394 1400 25 18 15
428 1400 55 22 tons,
493 1398 55 19 from
556 1396 82 26 Cloudy

52 1429 52 26 Bay.

78 1457 83 25 August
170 1457 26 19 30
208 1455 117 25 brigantine
335 1455 93 24 Success,
440 1454 26 19 82
477 1454 55 22 tons,
551 1451 86 24 Mason,

50 1485 58 19 from
118 1483 82 26 Cloudy
210 1483 53 25 Bay.
515 1500 4 8 N

289 1526 116 20 SAILED.

80 1562 83 25 August
173 1561 34 23 28,
218 1562 69 18 cutter
298 1559 111 20 Catherine
421 1558 109 24 Johnston,
543 1557 25 19 10
583 1558 57 22 tons,

52 1589 85 25 Taylor,
149 1588 32 20 for
188 1587 127 26 Wanganui.

79 1617 60 19 Same
150 1616 45 25 day,
207 1616 102 19 schooner
318 1614 60 26 Jane,
390 1614 34 19 for
435 1611 80 27 Cloudy
525 1612 54 25 Bay.
593 1623 4 3 •

78 1645 83 24 August
174 1643 35 23 30,
228 1643 77 25 barque
320 1642 101 23 Eleanor,
438 1641 39 20 153
494 1642 57 21 tons,
570 1638 70 21 John-

51 1674 57 22 ston,
120 1671 33 20 for
163 1671 91 26 Sydney.

278 1715 33 21 IN
326 1714 88 21 PORT.

76 1752 85 25 Barque
178 1749 116 27 Clydeside,
304 1749 40 20 256
359 1750 58 21 tons,
436 1746 133 24 Mathieson,
583 1745 58 20 refit-

49 1779 55 25 ting.
123 1789 4 2 -
134 1778 66 20 Waitt
209 1777 43 20 and
261 1777 72 26 Tyser,
341 1776 90 25 Agents.

78 1807 83 25 Barque
170 1805 126 25 Indemnity,
306 1805 41 19 450
364 1807 59 20 tons,
440 1802 85 24 Adams,
538 1800 102 26 refitting.

50 1835 89 25 Agents,
151 1833 66 20 Waitt
228 1833 41 20 and
280 1833 73 24 Tyser.

79 1862 107 20 Schooner
211 1861 57 25 Ann,
294 1860 26 20 22
345 1861 58 21 tons,
430 1857 82 25 Brown,
536 1856 44 20 laid
603 1862 37 20 up.

50 1890 78 25 Agent,
139 1889 68 19 Waitt
216 1888 42 20 and
268 1888 73 26 Tyser.

77 1916 52 26 Brig
139 1916 93 23 Patriot,
244 1916 39 20 189
294 1918 57 20 tons,
358 1913 100 26 Wright.,
473 1913 76 23 Agent,
560 1911 80 25 Penny.

78 1944 108 20 Schooner
203 1944 79 24 Maori,
294 1944 24 19 15
334 1945 57 17 tons.
421 1941 42 19 For
475 1940 36 20 the
526 1941 59 18 coast
600 1938 42 20 and

52 1972 90 20 Nelson.

79 2000 107 19 Schooner
195 1998 99 24 Look-in,
302 1997 27 20 82
338 1998 58 23 tons,
405 1995 82 26 Finlay.
523 1994 68 20 Wade
600 1993 43 20 and

51 2027 46 24 Co.,
108 2028 87 24 Agents,

79 2054 107 20 Schooner
195 2050 122 27 Richmond,
335 2051 26 20 30
372 2052 50 18 tons
439 2048 97 21 Sinclair.
563 2048 77 25 Agent,

50 2082 36 21 W.
98 2081 139 20 Fitzherbert.

79 2110 107 19 Schooner
203 2109 64 23 Kate,
283 2107 25 20 62
326 2108 57 21 tons,
402 2104 132 21 M'Farlane.
563 2103 77 26 Agent,

51 2137 125 20 Machattie.

80 2165 107 19 Schooner
203 2163 117 23 Catherine,
337 2162 40 20 179
393 2162 56 22 tons,
468 2160 135 24 Bunnatyne,
619 2158 22 20 J.

51 2193 67 19 Wade
129 2192 41 20 and
181 2191 48 21 Co.,
240 2191 89 25 Agents.

82 2221 106 19 Schooner
197 2219 85 25 Henry,
294 2217 24 20 17
334 2219 57 22 tons,
402 2215 118 27 Daymond.
550 2214 88 26 Agents,

52 2248 94 20 Wallace
156 2247 40 19 and
207 2246 38 21 Co.

82 2275 106 20 Schooner
197 2274 60 25 Jane,
267 2273 25 19 15
301 2274 56 18 tons.
386 2273 89 24 Agents,
483 2270 66 20 Wade
567 2271 19 18 &
602 2268 39 21 Co.

80 2302 123 27 Brigantine
212 2301 99 24 Hannah,
324 2301 26 19 90
366 2301 57 23 tons,
435 2298 54 20 Bell.
517 2297 71 20 Willis
599 2296 42 20 and

53 2330 48 24 Co.,
111 2330 87 26 Agents.

43 2369 3 4 ■
80 2357 123 27 Brigantine
219 2357 93 23 Success,
332 2355 26 20 82
378 2357 58 22 tons,
451 2353 84 20 Mason.
565 2351 25 21 C.
609 2351 33 20 M.

52 2386 78 24 Evans,
141 2385 77 26 Agent.

710 154 3 6 .
741 141 139 20 -AGENTS
887 140 63 21 >FOR
965 139 75 20 THIS.
1051 138 109 20 PAPER.

682 175 41 17 Mr.
734 173 127 19 BURCHAM
871 177 79 14 ......:.
955 171 76 18 Petoni.
1041 170 3 3 '

682 196 40 17 Mr.
735 196 18 17 F.
765 196 28 17 G.-
801 194 89 18 MOORE
955 193 73 17 Nelson
1035 192 77 18 Haven.

663 218 6 4 '
682 217 40 18 Mr.
733 218 18 16 J.
760 217 23 17 B.
791 215 93 18 BAINES
958 214 47 17 New
1011 213 110 21 Plymouth,
1127 212 104 18 Taranata.

682 238 40 17 Mr.
733 238 27 17 H.
770 235 124 20 CHURTON
958 234 117 23 Wanganui.
1096 241 4 4 ■

682 259 40 17 Mr.
733 258 31 18 W.
774 255 35 20 Wl
812 257 63 18 LSON
957 256 41 20 Bay
1005 255 23 17 of
1036 254 84 18 Islands.
1240 277 7 4 __

833 297 125 21 LATEST
973 296 111 20 DATES.

672 333 82 18 London
842 330 55 22 April
911 332 28 16 19.
950 330 5 21 j
967 329 74 17 Nelson
1155 330 49 22 Aug.
1215 329 27 16 20.

673 353 103 19 Auckland
839 353 52 20 Aug.
916 353 27 15 13.
970 350 48 18 New
1024 350 102 21 Plymouth
1132 362 15 4 ..
1163 350 46 22 July
1215 349 27 17 26.

664 370 4 3 '
673 375 78 21 Sydney
841 373 48 21 July
915 373 28 16 14.
971 372 42 20 Bay
1019 371 23 17 of
1050 370 85 18 Islands.
1140 382 5 5 .
1151 370 44 18 Feb.
1201 377 3 3 ■
1226 372 18 15 4.

740 394 100 19 Dieman's
971 392 47 18 Port
1025 391 71 22 Phillip
1110 404 36 5 ....
1152 392 45 21 May
1226 392 18 16 3.

658 424 2 5 ■
693 417 55 17 Land
840 415 49 21 May
915 415 29 18 27.
971 413 93 18 Adelaide
1150 413 49 17 Mar.
1216 413 28 17 28.

683 456 42 17 The
732 455 98 22 following
836 459 34 12 are
877 453 34 18 tho
918 453 79 22 quarter
1007 453 47 21 days
1062 452 22 18 of
1092 452 40 17 this
1141 456 59 18 paper
1206 459 27 10 :—

769 474 69 19 March
1063 480 5 5 *
1080 474 70 16 ..3lst.

769 497 52 17 June
889 507 14 6 ..
953 507 13 6 ..
1016 507 15 8 
1080 494 72 18 ..30th.

770 518 134 21 September..
920 519 2 4 '
1100 515 53 18 30th.

745 554 6 3 .
767 539 111 18 •December
1100 537 50 16 3lst.

684 561 84 18 Persons
776 560 111 22 previously
893 560 21 17 to
927 558 147 22 discontinuing
1084 558 52 17 their
1143 562 69 17 papers
1218 556 36 19 and

663 582 173 21 advertisements,-
839 582 55 17 must
901 580 57 18 settle
965 579 34 18 the
1009 580 94 17 accounts
1110 579 38 17 due
1155 584 27 16 up
1193 580 20 16 to
1223 579 33 17 the

664 605 54 17 date.
872 605 3 4 '

668 646 5 24 1
696 648 5 19 ',
734 660 9 10 
788 647 100 21 Notice
903 648 41 19 to.
949 645 181 21 Subscribers.

666 683 80 24 Papers
760 681 47 19 will
817 681 37 19 not
870 679 23 20 be
905 680 47 19 sent
969 679 21 19 to
1002 683 89 21 persons
1103 678 66 25 living
1185 679 34 19 out
1234 677 27 25 of

755 704 123 28 Nicholson,
894 707 69 19 unless
977 706 157 24 arrangements
1148 711 37 15 are
1198 705 59 20 made

687 737 40 23 for
736 736 35 19 the
776 735 102 26 payment
887 734 28 25 of
920 734 36 20 the
964 739 63 20 same,
1040 733 92 25 through
1148 739 28 14 an
1188 733 69 25 Agent

692 765 25 19 at
729 763 135 24 Wellington.
