2550 4050
96 2656 51 23 The
154 2657 102 29 question
268 2656 25 23 of
301 2656 103 23 Colonial
416 2655 80 24 Banks
508 2656 45 23 and
564 2655 80 24 Bank-

63 2690 39 29 ing
114 2689 159 23 Transactions
284 2691 104 30 occupies
400 2690 38 22 the
451 2690 109 22 attention
572 2690 26 22 of
606 2689 39 23 the

65 2723 93 22 Council
169 2723 24 22 in
206 2723 98 31 Sydney,
313 2723 45 23 and
371 2731 12 15 a
390 2723 50 29 full,
445 2726 120 19 statement
574 2723 25 22 of
607 2722 39 24 the

64 2756 83 22 official
157 2756 113 30 quarterly
282 2756 110 23 abstracts
405 2756 25 23 of
446 2756 38 22 the
495 2756 69 23 Bank
579 2756 67 23 liabi-

64 2789 60 22 lities
137 2789 41 22 and
191 2793 79 24 assets,
284 2789 83 31 during
377 2789 39 22 the
428 2797 52 22 year
492 2789 84 31 ending
588 2789 59 24 June

66 2824 40 25 30,
122 2823 70 27 1842,
208 2822 20 22 is
247 2822 74 29 given.
359 2822 43 23 We
423 2822 58 23 shall
499 2822 90 23 furnish
606 2830 41 15 our

65 2854 90 23 readers
165 2854 56 23 with
231 2854 68 23 fuller
310 2859 100 19 extracts
423 2862 29 15 on
463 2854 46 23 this
524 2855 89 31 subject
623 2856 25 22 in

65 2896 15 15 a
96 2887 81 24 future-
189 2887 101 28 number,
308 2887 46 23 and
371 2895 50 16 now
440 2887 85 31 merely
541 2889 51 29 give
609 2888 40 23 the

65 2921 113 30 following
198 2928 122 23 summary.
358 2920 50 24 The
430 2920 57 24 Bills
507 2921 71 23 under
602 2921 47 23 dis-

66 2958 76 24 count,
153 2961 28 16 on
193 2956 54 21 31st
257 2953 136 29 December,
410 2955 71 27 1841,
492 2954 122 23 amounted
625 2958 24 19 to

66 2988 163 28 £2,500,000,
249 2986 44 23 and
305 2985 38 25 the
355 2987 47 23 free
413 2987 59 23 male
482 2987 134 31 population
626 2987 26 24 of

67 3020 38 23 the
117 3020 71 23 whole
209 3020 87 30 Colony
306 3020 70 30 being
395 3022 90 27 50,000
505 3021 69 28 souls,
586 3021 64 31 gives

67 3061 29 16 an
109 3060 93 23 average
215 3053 24 23 of
249 3053 53 25 £50
314 3053 38 23 for
365 3053 54 23 each
432 3053 66 23 male.

103 3087 50 24 The
168 3087 95 23 interest
280 3086 54 31 paid
351 3086 30 32 by
399 3086 39 23 the
455 3086 80 32 people
553 3086 35 24 for
605 3086 46 24 this

66 3120 65 24 bank
148 3119 197 30 accommodation,
367 3119 128 30 amounted,
509 3124 23 19 at
552 3119 47 32 11^
609 3128 42 23 per

70 3159 68 23 cent.,
163 3158 24 19 to
221 3153 139 29 £287,500,
388 3153 71 31 being
490 3153 105 31 upwards
630 3154 23 23 of

70 3187 111 29 £10,000
198 3186 90 31 beyond
306 3186 40 24 the
366 3186 158 23 Government
543 3186 109 24 Revenue

70 3220 74 24 raised
160 3221 33 31 by
209 3220 101 24 taxation
319 3220 6 23 !
346 3219 75 31 being'
435 3224 23 18 at
468 3219 40 23 the
516 3224 48 18 rate
576 3220 26 23 of
615 3220 36 23 £5

71 3255 51 23 15s.
136 3262 37 23 per
184 3253 68 28 head,
254 3253 27 26 of.
296 3253 38 23 the
352 3253 52 23 full.
406 3252 66 25 male,
483 3252 63 24 adult
557 3253 95 31 popula-

70 3288 55 23 tion.
148 3287 49 24 The
204 3286 90 32 Sydney
301 3286 94 24 Herald
403 3285 63 29 adds,
479 3285 49 24 that
559 3286 94 31 nothing

71 3328 91 23 appears
172 3321 89 32 plainer
272 3320 57 23 than
340 3319 50 24 that
403 3319 46 24 this
461 3323 58 19 state
535 3319 25 23 of
575 3319 78 31 things

72 3358 81 19 cannot
242 3346 7 13 '
261 3370 2 12 |
284 3351 3 10 s

105 3387 24 23 It
139 3387 19 23 is
167 3387 73 24 under
252 3387 176 32 contemplation
440 3391 22 19 to
473 3386 52 30 levy
536 3394 14 14 a
560 3389 94 28 postage

71 3424 47 19 rate
130 3428 59 24 upon
200 3428 152 24 newspapers.
388 3420 52 23 The
451 3419 107 32 proposal
569 3419 52 24 thus
631 3424 23 19 to

72 3457 41 19 tax
122 3453 130 32 knowledge
263 3455 21 22 is
302 3453 72 24 based
385 3461 30 15 on
426 3452 39 24 the
482 3452 46 24 fact
540 3452 25 23 of
580 3460 74 23 news
655 3452 1 33 7

71 3493 70 25 paper
150 3488 144 30 proprietors,
306 3487 113 31 charging
431 3495 14 14 a
456 3486 66 23 small
533 3485 123 24 additional

72 3527 50 15 sum
143 3523 19 20 to
184 3525 94 26 country
299 3520 151 24 subscribers.
492 3519 52 24 The
562 3517 94 25 Herald

71 3553 80 22 makes
162 3560 62 15 some
235 3560 76 17 severe
332 3553 105 24 remarks
449 3561 29 16 on
494 3553 39 23 the
545 3553 111 31 proposed

72 3593 109 21 measure,
194 3585 44 23 and
242 3586 98 31 -pledges
351 3587 65 23 itself
428 3591 23 19 to
460 3586 74 24 watch
545 3586 111 31 narrowly

72 3618 39 23 the
124 3622 94 27 attempt
228 3626 30 15 on
268 3619 37 23 the
316 3624 53 26 part
377 3620 28 25 .of
416 3620 40 23 the
468 3619 72 24 Local
552 3619 104 24 Govern-

73 3655 64 19 ment
153 3655 21 19 to
195 3651 82 29 retard,
296 3652 39 23 the
355 3652 106 24 diffusion
473 3653 25 23 of
513 3652 143 31 intelligence

72 3684 99 30 through
181 3683 39 24 the
531 3686 26 23 of
564 3685 92 24 Astral-

74 3717 67 22 Asia.

91 3751 4 6 '
108 3749 49 24 The
168 3749 107 31 English,
280 3754 98 20 extracts
395 3752 24 23 in
437 3753 63 23 these
515 3760 84 24 papers
619 3760 38 15 are

75 3782 85 24 neither
172 3783 25 23 of
206 3783 45 24 late
262 3783 58 29 date,
339 3791 41 16 nor
392 3786 147 31 particularly
550 3787 107 22 interest-

75 3816 40 31 ing
125 3820 23 19 to
158 3815 46 25 this
218 3815 93 32 Colony.
348 3817 51 24 The
411 3815 95 27 Herald
512 3819 25 24 of
547 3819 38 23 the
599 3818 58 25 11th

75 3848 97 32 August,
197 3853 79 27 quotes
298 3857 29 16 an
347 3850 78 24 article
445 3851 58 24 from
525 3852 39 23 the
583 3851 74 23 Times

75 3890 139 24 newspaper.
247 3882 25 24 It
286 3883 20 23 is
325 3891 26 15 as
369 3883 75 32 might
462 3885 58 23 have
541 3885 56 24 been
616 3892 41 15 ex-

75 3915 78 30 pected
169 3923 15 16 a
195 3915 70 24 direct
277 3916 80 24 attack
367 3924 63 23 upon
442 3918 37 23 the
491 3941 8 8 y
498 3918 95 30 Colony,
611 3918 46 23 and

75 3948 18 23 it
103 3949 21 23 is
135 3948 69 32 really
212 3949 110 32 diverting
334 3953 23 21 to
365 3950 94 24 observe
470 3950 50 25 how
532 3951 125 30 extremely

1415 3881 358 24 MISCELLANEOUS.

1315 3946 3 10 ,
1331 3932 122 22 Sagacity.
1454 3942 30 4 —
1484 3930 77 23 About
1572 3930 60 28 eight
1646 3931 96 22 months'
1750 3939 49 21 ago,
1811 3939 75 21 a'gen-

1303 3961 85 20 tleman
1397 3958 121 27 belonging
1527 3960 23 20 to
1560 3958 43 22 this
1613 3957 45 28 city
1668 3958 121 23 embarked
1804 3962 23 19 at
1835 3958 51 24 Port

1884 137 80 27 Phillip
1974 137 35 21 for
2018 137 112 22 Scotland.
2161 138 28 21 In
2199 139 37 21 the
2245 139 74 23 bustle
2333 140 44 22 and
2382 157 7 8 h
2388 141 79 22 confu-
2476 146 4 5 *

1884 164 49 20 sion
1943 164 25 20 of
1973 164 120 27 preparing
2102 165 34 21 for
2144 171 26 14 so
2174 164 53 27 long
2232 172 14 14 a
2255 173 91 20 voyage,
2358 174 12 14 a
2380 167 89 22 favour-

1880 190 39 21 ite'
1931 190 44 26 dog
1994 190 146 28 disappeared
2153 191 68 21 about
2239 198 14 14 a
2270 193 77 27 couple
2367 193 25 22 of
2413 193 55 28 days

1883 216 75 22 before
1967 216 38 22 the
2016 216 71 22 vessel
2096 218 24 20 in
2130 218 74 20 which
2213 218 28 21 he
2250 219 107 22 returned
2365 219 40 23 left
2413 220 56 22 Port

1885 242 73 27 Philip
1966 251 5 18 ;
1992 243 44 21 and
2053 251 23 13 as
2090 243 30 21 all
2130 244 38 21 the
2184 244 94 27 enquiry
2286 244 82 23 he-was
2379 246 48 22 able
2444 249 25 19 to

1884 269 65 22 make
1963 269 80 22 turned
2059 273 39 18 out
2114 270 106 27 fruitless,
2237 270 28 22 he
2280 278 46 15 waa
2342 271 72 23 under
2429 272 40 22 the

1885 296 111 26 necessity
2006 296 26 21 of
2044 296 90 27 leaving
2147 296 36 22 his
2192 296 142 22 four-footed'
2341 298 74 22 friend
2428 299 42 21 be-

1884 322 56 21 hind
1949 322 54 21 him.
2033 322 38 22 He
2077 323 89 22 arrived
2175 324 24 20 in
2208 323 132 28 Edinburgh
2349 324 67 22 about
2425 327 45 19 two

1885 348 86 22 months
1986 356 49 19 ago,
2050 350 44 21 and
2104 349 122 22 wonderful
2234 348 29 23 'to
2279 350 45 28 tell,
2341 351 74 21 within
2430 351 40 22 the

1882 375 44 22 last
1936 375 61 21 three
2008 376 79 25 weeks,
2104 383 44 14 was
2165 376 109 28 surprised
2291 377 31 27 by
2330 384 15 18 .a
2354 377 50 21 visit
2411 377 59 22 from

1885 402 36 21 the
1938 402 83 21 animal
2036 402 28 21 he
2081 402 44 21 had
2142 402 41 21 left
2197 403 23 21 in
2236 402 54 22 Port
2306 402 81 32 Phillip
2402 404 69 21 about

1877 433 2 5 '
1885 428 60 27 eight
1961 428 90 21 months
2065 429 85 21 before.
2184 428 66 27 Upon
2266 429 94 27 enquiry
2373 433 19 18 it
2406 431 65 21 turns

1884 459 39 17 out
1933 454 49 21 that
1991 455 37 21 the
2024 480 5 5 #
2039 455 42 27 dog
2145 462 56 20 gone
2213 456 109 24 on.b6ard
2331 456 26 21 of
2363 463 13 15 a
2381 456 50 28 .ship
2439 463 31 15 on

1885 481 37 22 the
1940 488 40 14 eve
1992 481 24 21 of
2028 481 79 27 sailing
2121 482 36 21 for
2172 482 95 21 London
2274 491 6 19 ;
2297 477 56 32 that,
2369 490 55 14 once
2441 489 31 16 on

1884 507 77 27 board,
1978 507 30 22 he
2021 508 122 28 resolutely
2151 508 88 22 refused
2250 512 22 18 to
2287 508 29 23 be
2330 512 40 28 put
2384 509 86 27 ashore,

1877 548 2 4 ■
1885 532 85 29 and'by
1982 534 48 21 dint
2040 534 25 21 of
2076 534 64 23 sheer
2153 535 121 22 resolution
2285 535 105 22 obtained
2399 543 14 14 a
2418 543 55 24 pas-

1885 568 58 20 sage.
1969 560 36 22 On
2014 560 34 21 his
2055 562 81 25 arriyal
2142 562 23 21 in
2172 562 101 26 London,
2283 562 19 21 it
2308 562 20 21 is
2334 561 138 22 ascertained

1881 587 53 22 .that
1947 586 29 22 he
1983 587 85 22 /visited
2077 587 36 22 the
2129 588 103 27 lodgings
2249 588 106 26 formerly
2364 588 108 27 occupied

1884 614 31 27 by
1924 614 34 21 his
1967 617 90 23 master,
2069 614 43 21 and
2119 614 80 27 failing
2206 615 23 21 in
2236 614 139 28 discovering
2385 615 35 21 the
2432 615 47 29 ob-,

1882 641 47 26 ject
1937 640 25 21 of
1967 640 36 22 his
2009 640 85 28 search,
2105 640 152 28 immediately
2265 641 149 28 disappeared,

1885 675 44 14 was
1938 670 40 19 not
1989 667 66 25 again
2063 667 70 22 heard
2142 667 28 21 of
2180 667 34 27 tjll
2229 668 34 21 his
2273 668 82 21 arrival
2369 668 23 21 in
2403 668 70 21 Edin-

1884 694 80 27 burgh.
1994 694 107 21 Familiar
2109 701 24 14 as
2138 701 34 15 we
2182 701 37 14 are
2225 694 52 22 with
2284 695 112 21 instances
2403 694 25 22 of
2434 694 39 21 the
2494 713 4 4 .

1886 720 104 23 affection
2000 720 45 22 and
2055 720 100 28 sagacity
2161 720 26 22 of
2194 720 37 23 the
2239 720 49 28 dog,
2300 720 69 22 thisis
2378 721 96 27 perhaps

1885 747 105 22 the*most
1996 747 168 27 extraordinary
2171 747 101 27 example
2281 755 28 14 on
2316 748 83 21 record.
2410 758 5 4 •
2423 747 51 22 The
2498 756 5 8 »

1885 774 128 26 gentleman
2023 776 23 19 to
2053 774 73 22 whom
2136 774 29 21 he
2174 774 91 26 belongs
2275 774 18 21 is
2303 774 50 21 well
2363 774 78 23 known
2448 774 24 21 in

1885 801 144 27 Edinburgh,'
2041 800 44 23 and
2098 800 27 22 he
2139 801 20 22 is
2175 800 38 23 the
2229 807 40 15 son
2279 801 26 20 of
2317 808 14 14 a
2346 801 127 27 gentleman

1886 827 57 27 who,
1959 828 76 21 within
2051 828 37 21 the
2107 828 45 21 last
2166 830 84 24 twenty
2265 834 72 20 years,
2359 827 39 22 has
2414 826 63 22 filled

1886 854 88 21 various
1984 854 75 21 offices
2069 854 26 22 of
2102 854 55 21 civic
2169 854 91 28 dignity.
2262 865 28 5 —
2291 855 115 20 Scotsman.

1913 880 98 22 Regard
2030 887 44 15 for
2093 881 140 22 Character
2253 889 73 14 after
2349 881 96 22 Death.
2446 890 30 4 —

1888 908 103 26 Serjeant
2001 907 64 21 Weir,
2072 907 24 21 of
2107 907 38 22 the
2161 908 65 21 Scots'
2233 908 72 26 Greys
2317 914 43 15 was
2373 914 101 21 pay-ser-

1884 934 64 27 jeant
1957 934 26 21 of
1990 934 34 21 his
2036 937 68 24 troop,
2122 934 46 21 and
2178 941 23 14 as
2207 934 58 25 .such
2273 934 64 26 migh
2349 934 57 21 have
2415 933 60 22 been

1887 960 98 22 excused
1992 960 61 21 from
2062 961 88 25 serving
2159 960 24 21 in
2194 961 80 21 action.
2305 961 45 21 But
2360 968 29 13 on
2398 960 55 22 such
2461 967 15 14 a

1888 987 43 27 day
1942 994 22 14 as
1973 987 37 22 the
2021 987 72 22 Battle
2103 987 24 21 of
2137 986 110 23 Waterloo
2254 988 27 21 be
2288 986 118 28 requested
2416 986 22 21 io

1888 1014 92 21 allowed
1996 1017 22 18 to
2036 1014 80 26 charge
2128 1013 53 22 with
2192 1014 36 21 the
2243 1014 119 26 regiment:
2382 1013 35 21 .In
2432 1020 45 13 one

1888 1041 26 21 of
1920 1041 38 21 the
1968 1040 92 27 charges
2075 1040 30 21 he
2119 1040 47 26 fell,
2182 1040 104 28 mortally
2294 1040 116 26 wounded,
2427 1039 49 22 and

1888 1074 45 15 was
1942 1067 41 22 left
1992 1074 59 20 upon
2068 1070 37 18 the
2114 1066 61 22 field.
2205 1067 105 28 Corporal
2328 1068 61 21 Scott
2398 1066 26 22 of
2436 1066 41 21 the
2487 1070 3 3 '

1888 1101 61 14 same
1960 1094 116 26 regiment,
2093 1094 49 21 who
2159 1094 42 21 lost
2216 1094 35 21 his
2266 1094 44 27 leg,
2326 1096 86 24 asserts,
2429 1093 50 20 that

1888 1120 66 22 when
1969 1120 39 21 the
2025 1120 54 21 field
2087 1127 44 14 was
2148 1120 107 22 searched
2264 1121 34 20 for
2312 1120 38 22 the
2366 1119 113 23 wounded

1889 1148 46 21 and
1945 1147 62 27 slain,
2019 1147 37 21 the
2063 1147 60 27 body
2130 1148 26 20 of
2164 1148 101 26 Serjeant
2276 1147 66 27 Weir,
2354 1154 44 14 was
2406 1145 73 22 found

1889 1174 53 21 with
1952 1174 34 21 his
1996 1181 67 14 name
2072 1175 88 20 written
2173 1181 29 14 on
2214 1174 34 21 his
2258 1174 112 26 forehead,
2382 1173 50 22 with
2443 1173 36 20 his

1889 1208 51 14 own
1949 1200 67 27 hand,
2034 1200 80 28 dipped
2124 1201 23 20 in
2164 1201 34 21 his
2208 1208 50 14 own
2274 1200 76 21 blood.
2378 1200 54 21 This
2447 1199 30 21 he

1890 1235 45 14 was
1945 1227 110 27 supposed
2065 1232 21 16 to
2097 1227 57 21 have
2165 1227 57 21 done
2233 1227 49 21 that
2291 1227 36 21 his
2335 1227 59 26 body
2404 1226 82 26 might,

1889 1254 28 21 be
1924 1254 74 21 found
2016 1253 43 22 and
2069 1254 93 26 known,'
2175 1254 44 21 and
2225 1254 52 21 that
2293 1254 19 20 it
2321 1253 70 27 might
2400 1255 41 19 not
2450 1253 29 20 be

1889 1280 114 27 imagined
2022 1280 48 21 that
2093 1280 28 21 he
2138 1280 46 21 bad
2203 1280 144 28 disappeared
2361 1279 57 22 -with
2439 1279 40 21 the

1890 1315 81 19 money
1981 1307 26 21 of
2015 1307 36 21 the
2063 1312 67 22 troop.
2223 1312 7 9 '•
2246 1319 4 4 •

1917 1334 47 21 The
1985 1334 97 21 French,
2101 1334 80 27 frigate
2199 1334 26 20 L'
2227 1335 101 24 Heroine,
2349 1332 87 23 arrived
2455 1335 25 18 at

1891 1361 70 21 South
1975 1361 114 21 Australia
2100 1368 28 14 on
2138 1361 38 21 the
2187 1361 37 24 Bth
2240 1361 90 26 March,
2348 1361 60 20 from
2422 1359 59 21 New

1891 1387 106 22 Zealand.
2037 1388 33 21 M.
2088 1388 102 26 Joubert,
2206 1388 38 21 the
2255 1395 75 14 owner
2340 1387 26 21 of
2377 1387 106 23 tke.Ville

1891 1416 25 19 de
1925 1415 118 26 Bordeaux,
2055 1421 68 14 was'a
2132 1421 120 21 passenger
2260 1414 37 27 .by
2314 1414 45 22 her.
2397 1414 22 21 It
2434 1420 47 14 was

1889 1442 138 21 understood
2041 1441 48 22 that
2106 1442 37 21 the
2163 1441 140 22 Frenchman
2318 1441 45 22 had
2381 1447 62 14 come
2453 1442 28 18 -to

1891 1468 112 22 Adelaide
2018 1468 54 21 with
2088 1468 37 21 the
2143 1468 109 23 intention
2267 1468 26 21 of
2309 1467 173 26 remonstrating

1891 1496 54 21 with
1955 1495 37 21 the
2000 1495 70 22 South
2081 1495 129 22 Australian
2227 1496 154 20 Government
2397 1501 28 14 on
2430 1501 4 7 '
2442 1493 39 21 the

1893 1522 114 22 detention
2018 1522 44 21 and
2072 1522 84 21 seizure
2167 1522 25 21 of
2203 1522 37 21 the
2258 1523 55 19 Ville
2323 1522 24 19 de
2361 1521 123 20 Bordeaux:

1920 1549 37 21 On
1966 1548 110 27 Tuesday,
2088 1548 36 21 the
2142 1550 142 26 Collingwood,
2302 1556 29 14 an
2350 1548 132 27 eighty-gun

1892 1576 56 27 ship,
1965 1575 58 22 built
2037 1583 28 14 on
2081 1576 36 21 the
2135 1576 91 21 modern
2241 1576 59 27 plan,
2315 1574 52 23 with
2378 1574 48 27 only
2437 1577 45 18 two

1893 1602 75 26 decks,
1990 1602 44 21 and
2052 1602 54 21 each
2123 1602 26 22 of
2166 1603 40 21 her
2216 1610 56 20 guns
2281 1602 69 26 being
2360 1601 122 27 thirty-two

1893 1629 113 28 pounders
2016 1636 45 14 was
2070 1629 82 22 launch
2160 1634 23 17 at
2194 1628 147 23 Pembroked.

1920 1656 81 21 Whilst
2020 1655 36 22 the
2070 1663 56 14 crew
2141 1656 27 21 of
2178 1656 37 22 the
2225 1656 89 22 French
2323 1655 79 28 frigate
2410 1656 74 19 Venus
2495 1672 4 4 .

1893 1691 58 14 were
1961 1682 66 28 being
2037 1682 114 22 exercised
2168 1683 33 22 off
2210 1683 64 22 Brest
2284 1690 30 14 on
2325 1683 37 21 the
2371 1682 51 22 24th
2430 1682 51 26 ult.,
2514 1701 4 5 .

1894 1710 35 21 six
1947 1717 53 14 men
2020 1717 56 14 were
2093 1709 77 27 killed,
2189 1710 45 21 and
2253 1710 79 21 eleven
2352 1708 132 28 dagerously

1895 1736 116 26 wounded,
2022 1736 30 27 by
2063 1736 37 21 the
2108 1736 103 28 bursting
2220 1737 26 21 of
2258 1744 40 15 one
2311 1736 25 21 of
2347 1736 39 21 the
2397 1743 65 19 guns.

1879 1764 3 9 1
1923 1764 22 21 A
1964 1762 126 28 lighthouse
2110 1764 26 20 of
2157 1767 47 18 cast
2221 1764 56 26 iron,
2298 1762 143 23 constructed
2459 1762 26 21 in

1880 1785 2 30 I
1896 1790 102 27 London,
2008 1790 19 21 is
2037 1790 67 21 about
2111 1794 23 17 to
2143 1790 29 21 be
2182 1790 88 22 erected
2281 1793 22 18 to
2316 1790 37 21 the
2363 1788 122 23 windward

1880 1816 2 27 !
1896 1818 25 21 of
1934 1818 93 21 Morant
2036 1816 71 26 Point,
2118 1816 24 22 in
2152 1816 37 22 the
2200 1816 76 23 Island
2286 1816 26 22 of
2319 1816 106 22 Jamaica.

1923 1844 114 22 Mineral
2053 1843 104 22 Wealth
2169 1851 26 14 of
2206 1844 80 21 Great
2297 1844 110 21 Britain.
2408 1854 27 4 —
2435 1842 50 22 The

1896 1877 95 20 average
2009 1870 65 21 value
2094 1870 25 21 of
2140 1870 37 21 the
2197 1871 80 21 annual
2293 1870 97 28 produce
2409 1870 25 21 of
2446 1869 39 22 the

1895 1898 72 21 mines
1986 1897 25 21 of
2024 1897 37 21 the
2076 1897 83 21 British
2176 1897 94 27 Islands,
2290 1900 103 19 amounts
2408 1900 22 17 to
2446 1896 39 21 the

1896 1931 118 15 enormous
2024 1931 48 14 sum
2083 1924 25 21 of
2119 1924 146 26 £20,000,000
2275 1924 25 21 of
2313 1924 71 21 which
2394 1926 92 19 amount

1896 1952 67 21 about
1982 1950 132 27 £8,000,000
2133 1950 58 22 arise
2210 1951 57 21 from
2283 1951 57 25 iron,
2359 1950 45 22 and
2417 1950 69 21 about

1897 1979 135 26 £9,000,000
2043 1977 57 21 from
2111 1977 56 22 coal.
2196 1978 46 21 The
2253 1977 93 22 mineral
2355 1976 97 29 produce
2463 1976 27 22 of

1896 2004 113 22 Cornwall
2041 2004 45 21 and
2116 2004 83 21 Devon
2231 2004 66 22 alone
2321 2004 41 21 has
2387 2003 99 27 recently

1897 2030 121 23 amounted
2028 2034 22 17 to
2061 2030 138 27 £1,340,000.
2237 2031 28 21 In
2279 2031 45 21 this
2338 2030 99 21 estimate
2447 2029 39 22 the

1897 2058 65 21 value
1982 2057 26 21 of
2028 2065 80 19 copper
2126 2058 19 21 is
2165 2057 66 22 taked
2249 2058 23 21 in
2293 2057 38 22 the
2354 2064 38 15 ore
2410 2056 76 22 before

1896 2085 84 26 fusion;
1997 2084 48 21 that
2064 2084 26 21 of
2106 2084 37 21 the
2159 2084 55 27 iron,
2230 2084 58 26 lead,
2305 2084 57 26 zinc,
2383 2083 37 26 tin,
2441 2083 47 21 and

1897 2112 67 21 silver
1983 2111 56 21 after
2057 2110 81 28 fusion,
2159 2111 23 21 in
2202 2110 57 23 their
2276 2111 50 22 first
2350 2110 138 22 marketable

1898 2138 120 22 condition.

1924 2165 47 21 The
1990 2166 101 25 Morning
2109 2166 108 20 Chronicle
2236 2165 111 22 mentions

1897 2199 104 14 rumours
2039 2192 70 22 which
2126 2200 39 14 are
2182 2192 78 27 afloat,,
2272 2196 23 18 to
2314 2192 36 22 the
2367 2192 63 22 effect
2439 2191 51 22 that

1898 2219 38 21 the
1956 2219 107 27 Emperor
2079 2220 25 20 of
2119 2220 83 21 Russia
2219 2227 79 14 means
2314 2223 22 18 to
2347 2223 82 18 restore
2448 2218 40 21 the

1896 2245 133 29 nationality
2039 2246 26 21 of
2076 2246 87 21 Poland
2170 2254 5 19 ;
2191 2246 45 22 and
2250 2246 42 22 this
2302 2253 69 21 paper
2379 2245 108 28 promises

1898 2272 89 22 further
1995 2273 106 21 relations
2110 2280 28 14 on
2148 2273 38 22 the
2196 2274 92 26 subject.

1925 2299 99 22 Advices
2032 2300 57 21 from
2102 2300 30 21 St.
2147 2300 146 26 Petersburgh
2305 2302 55 20 state
2369 2299 48 22 that
2425 2298 64 22 there

1898 2326 41 22 has
1949 2330 39 17 not
1997 2327 56 21 been
2065 2334 12 13 a
2087 2326 71 27 single
2170 2326 43 28 day
2223 2326 26 22 of
2258 2327 51 21 raiu
2327 2326 61 22 there
2400 2326 35 21 for
2451 2326 37 21 the

1898 2353 45 22 last
1962 2356 44 19 two
2024 2353 95 22 months.
2160 2354 47 21 The
2223 2353 98 27 drought
2335 2354 40 21 has
2390 2353 57 21 been
2464 2360 25 13 so
2500 2369 3 4 .

1898 2383 64 24 great
1970 2380 50 21 that
2028 2380 22 21 in
2062 2383 41 18 two
2120 2380 71 21 thirds
2208 2380 26 21 of
2244 2380 83 22 Russia
2335 2380 38 21 the
2384 2387 51 14 com
2445 2379 45 22 will

1900 2408 27 21 be
1937 2406 99 28 parched
2043 2414 30 20 up
2084 2406 44 22 and
2136 2406 171 28 unproductive.

1926 2434 23 21 A
1959 2434 90 21 Whale
2065 2434 151 21 Adventure.
2217 2445 28 4 —
2245 2434 48 21 The
2309 2435 73 20 Havre
2397 2434 95 20 Journal

1898 2460 111 22 mentions
2020 2467 28 14 an
2061 2460 100 22 incident
2179 2460 71 23 which
2267 2461 106 22 occurred
2388 2463 23 19 to
2427 2467 64 16 some

1900 2487 162 22 whale-fishers
2072 2487 80 27 during
2163 2492 19 17 a'
2190 2491 75 18 recent
2276 2495 94 20 voyage,
2382 2488 80 25 which,
2473 2487 20 21 it

1874 2526 2 4 •
1901 2515 110 25 observes,
2020 2514 73 21 would
2102 2515 28 21 be
2140 2514 128 28 incredible,
2280 2514 20 22 if
2307 2519 38 17 not
2356 2514 94 22 attested
2461 2514 28 27 by

1874 2549 2 12 ;
1900 2542 38 21 the
1955 2541 88 27 captain
2061 2541 42 22 and
2120 2541 35 22 his
2174 2549 57 14 men.
2261 2541 93 28 Captain
2367 2541 90 27 Deglos,
2469 2540 26 22 of

1874 2575 2 16 ;
1900 2568 39 21 the
1952 2569 95 23 Gustave,
2058 2568 90 26 whaler,
2161 2575 43 14 was
2213 2568 80 26 fishing
2305 2569 33 21 off
2347 2568 38 21 the
2396 2571 62 18 coast
2468 2568 27 21 of

1875 2594 2 21 :'
1901 2595 58 22 New
1976 2595 107 26 Holland,
2095 2595 44 22 and
2150 2602 44 14 was
2208 2596 76 26 giving
2302 2596 66 21 chase
2382 2595 24 21 in
2416 2603 13 13 a
2438 2595 53 21 boat

1874 2629 2 12 •
1900 2622 54 21 with
1964 2622 43 21 five
2017 2629 53 14 men
2081 2625 22 18 to
2117 2629 15 14 a
2141 2622 62 26 large
2214 2622 103 21 cachalot
2328 2622 76 24 whale,
2416 2621 74 22 which

1874 2655 2 17 ;
1901 2649 55 26 they
1964 2656 56 14 soon
2031 2655 63 15 came
2109 2656 31 20 up
2150 2649 52 20 with
2218 2648 44 22 and
2277 2648 137 27 harpooned.
2444 2648 48 21 The

1875 2681 1 7 '
1902 2676 90 26 animal,
2005 2683 24 13 as
2039 2682 54 14 soon
2104 2682 23 14 as
2136 2674 30 22 he
2183 2674 42 23 felt
2234 2675 37 22 the
2281 2675 139 27 instrument,
2432 2677 61 20 went

1874 2702 2 20 1
1902 2702 66 21 down
1979 2702 200 27 perpeudicularly,
2192 2702 45 21 and
2252 2702 87 22 carried
2356 2705 39 18 out
2408 2709 12 14 a
2429 2704 66 24 great

1875 2740 2 3 ■
1902 2729 104 27 quantity
2025 2728 26 22 of
2069 2728 59 23 line.'
2167 2728 48 22 The
2234 2736 57 15 crew
2309 2728 114 23 remained
2441 2728 53 22 with

1875 2759 2 17 t
1903 2756 58 21 their
1969 2763 51 14 oars
2030 2755 79 22 raised,
2116 2755 92 27 waiting
2220 2756 35 21 for
2265 2756 35 21 his
2310 2762 181 21 re-appearance,

1875 2790 1 13 »
1904 2782 64 22 when
1978 2789 29 14 on
2019 2789 13 14 a
2046 2782 87 22 sudden
2149 2782 55 27 they
2214 2790 44 14 saw
2273 2789 30 15 an
2321 2789 116 15 enormous
2448 2782 46 27 jaw

1875 2816 2 14 i
1903 2810 43 21 rise
1962 2816 29 14 on
2008 2809 55 22 each
2083 2808 47 23 side
2147 2808 26 22 of
2190 2808 37 23 the
2243 2810 60 25 boat,
2321 2809 35 22 far
2372 2809 71 22 above
2457 2808 38 21 the

1875 2843 2 8 '
1903 2836 108 26 gunwale,
2024 2836 73 21 which
2106 2843 44 15 was
2163 2836 50 21 thus
2229 2836 85 27 caught
2328 2836 21 21 in
2365 2836 37 21 the
2416 2835 79 22 mouth

1875 2870 2 13 j
1904 2864 26 21 of
1942 2863 36 21 the
1995 2862 78 28 whale,
2085 2862 45 22 and
2140 2870 45 14 was
2201 2862 68 28 ready
2277 2866 25 18 to
2317 2862 27 22 be
2362 2862 93 21 crushed
2469 2862 24 21 in

1875 2897 2 13 3
1904 2897 29 14 an
1949 2890 97 21 instant!
2086 2889 48 22 The
2140 2910 5 8 ,
2152 2896 52 15 men
2221 2896 57 15 were
2293 2896 25 15 so
2332 2888 119 28 paralyzed
2465 2888 32 27 by

1875 2923 2 14 r
1903 2916 58 27 fear,
1982 2916 48 21 that
2044 2915 54 28 they
2116 2916 75 21 could,
2201 2919 39 18 not
2258 2916 59 26 obey
2333 2915 37 22 the
2389 2915 109 27 captain's

1875 2950 2 14 i
1905 2943 76 22 orders
1991 2945 22 19 to
2024 2945 39 25 get
2072 2945 38 18 out
2126 2942 59 21 their
2200 2949 54 14 saws
2263 2942 47 21 and
2326 2942 60 22 work
2402 2949 63 20 away
2474 2944 24 19 at

1905 2970 38 21 the
1961 2969 102 22 animal's
2082 2968 90 27 mouth;
2196 2968 38 22 but
2252 2968 118 28 gradually
2385 2968 38 23 the
2438 2969 59 26 jaws

1875 2996 4 21 1
1905 2997 73 26 began
1988 2999 23 18 to
2027 2996 55 26 sink,
2095 2995 50 27 and,
2157 2995 58 22 after
2223 2995 77 27 giving
2310 2994 37 23 the
2352 3004 4 4 *
2361 2995 75 25 boat's,
2450 2995 47 22 side

1875 3035 4 4 -
1906 3031 13 14 a
1940 3022 91 22 terrible
2053 3022 96 27 grating,
2176 3022 145 27 disappeared
2343 3017 99 27 beneath
2461 3022 37 21 the

1875 3057 4 13 3
1906 3053 75 18 water.
2018 3049 51 21 One
2084 3048 25 22 of
2125 3048 39 21 the
2178 3056 52 14 men
2248 3048 85 23 fainted
2349 3056 61 20 away
2418 3056 30 15 on
2462 3049 36 22 his

1875 3088 4 4 •
1906 3079 48 18 seat
1964 3076 63 21 when
2039 3075 30 22 all
2078 3082 44 15 was
2133 3082 60 15 over.
2221 3075 48 22 The
2280 3074 72 23 whale
2366 3083 44 14 was
2418 3076 78 26 taken,

1875 3110 4 13 i
1907 3102 45 23 and
1961 3102 113 27 produced
2084 3102 25 22 75
2119 3102 87 22 barrels
2221 3102 27 21 of
2258 3102 31 22 oil
2299 3102 46 22 and
2356 3102 139 28 spermaceti,

1875 3137 4 14 l
1907 3129 45 22 and
1962 3129 38 21 the
2009 3128 54 22 boat
2072 3128 44 22 still
2124 3129 67 22 bears
2201 3128 37 23 the
2248 3129 77 22 marks
2335 3130 26 21 of
2371 3129 35 22 his
2412 3130 57 26 jaws
2477 3129 7 21 !

1875 3159 4 18 t
1935 3156 52 22 Age
2002 3163 28 14 of
2043 3155 118 23 Animals.
2164 3166 26 4 —
2191 3155 48 23 The
2250 3163 41 20 age
2303 3156 27 22 of
2340 3163 14 14 a
2362 3156 53 22 bear
2424 3156 75 26 rarely

1875 3191 5 14 s
1909 3182 94 23 exceeds
2013 3184 27 19 20
2048 3189 75 20 years;
2140 3189 14 14 a
2164 3182 42 27 dog
2221 3182 56 23 lives
2286 3184 30 21 20
2331 3190 70 20 years,
2417 3190 14 14 a
2447 3181 57 23 wolf

1875 3226 4 10 ,
1908 3212 34 24 20,
1955 3216 12 15 a
1977 3209 43 24 fox,
2027 3210 28 21 14
2065 3216 24 14 or
2098 3210 38 26 16;
2147 3208 58 23 lions
2215 3217 38 14 are
2262 3210 55 26 long
2321 3209 68 27 lived,
2400 3210 101 26 Pompey

1875 3244 5 14 c
1908 3236 60 22 lived
1978 3239 23 18 to
2011 3235 38 23 the
2060 3243 41 19 age
2110 3236 26 21 of
2148 3236 34 22 70.
2217 3236 48 22 The
2274 3243 96 20 average
2380 3236 25 22 of
2416 3240 47 18 cats
2473 3236 26 21 15

1875 3271 5 13 3
1908 3270 64 20 years
1980 3270 6 19 ;
2003 3269 14 15 a
2028 3262 92 28 squirrel
2130 3262 46 22 and
2185 3262 54 23 hare
2250 3270 68 15 seven
2327 3270 23 15 or
2358 3263 59 27 eight
2424 3269 73 21 years,

1907 3290 85 21 rabbits
2001 3296 75 20 seven,
2113 3289 124 28 Elephants
2251 3290 58 21 have
2317 3290 59 21 been
2385 3290 82 21 known
2476 3292 23 19 to

1875 3323 6 15 s
1908 3316 45 22 live
1963 3319 22 18 to
1995 3316 37 22 the
2042 3318 64 23 great
2114 3323 43 20 age
2164 3316 25 22 of
2194 3318 42 21 400
2244 3315 84 29 years.'
2345 3316 80 26 When,
2429 3316 72 21 Alex-

1875 3350 7 15 a
1910 3342 68 23 ander
1987 3342 39 23 the
2037 3342 70 23 Great
2114 3342 49 23 had
2168 3342 126 30 conquered
2301 3350 42 15 one
2349 3343 75 27 Porus,
2435 3342 65 27 King

1875 3377 7 14 s
1910 3370 25 21 of
1947 3369 74 27 India,
2030 3369 30 22 he
2074 3370 53 21 took
2142 3377 14 14 a
2167 3373 62 24 great
2243 3370 105 27 elephant
2365 3368 73 23 which
2453 3368 49 23 had

1875 3403 7 15 c
1910 3396 80 27 fought
1998 3403 55 21 very
2062 3396 111 28 valiantly
2188 3397 34 22 for
2237 3397 37 21 the
2289 3396 68 26 King,
2373 3396 28 21 be
2416 3395 86 22 named

1875 3431 7 14 n
1909 3423 49 22 him
1975 3423 66 27 Ajax,
2057 3423 46 22 and
2118 3423 119 23 dedicated
2242 3423 57 24 (him
2316 3426 22 17 to
2348 3422 37 21 the
2395 3429 46 19 sun,
2453 3422 48 21 and

1877 3457 4 14 :
1910 3450 33 21 let
1950 3449 49 23 him
2008 3457 35 21 go,
2055 3450 52 22 with
2113 3450 45 22 this
2167 3450 128 27 inscription
2303 3457 6 13 :
2310 3460 28 4 —
2362 3448 138 28 Alexander,

1875 3485 9 7 ■-
1911 3476 38 22 the
1960 3483 39 15 son
2009 3477 27 21 of
2046 3476 94 29 Jupiter,
2152 3477 56 22 hath
2218 3475 117 23 dedicated
2349 3475 61 28 Ajax
2424 3479 24 18 to
2462 3476 38 21 the

1875 3511 9 19 y
2014 3503 55 23 This
2095 3504 106 28 elephant
2220 3510 44 15 was
2288 3502 71 22 found
2380 3501 52 22 with
2457 3502 45 22 this

1875 3537 8 14 i.
1910 3530 133 28 inscription
2062 3531 41 22 350
2116 3538 76 20 years.
2197 3530 61 21 after.
2297 3529 53 27 Pigs
2366 3528 58 22 have
2443 3528 58 23 been

1875 3564 11 14 a
1912 3557 84 22 known
2005 3560 24 19 to
2037 3557 46 22 live
2092 3560 22 19 to
2133 3557 39 22 the
2189 3563 40 20 age
2244 3556 26 21 of
2281 3556 69 26 thirty
2366 3562 75 20 years;
2462 3556 38 21 the

1875 3591 11 14 a
1910 3584 129 24 rhinoceros
2049 3587 23 19 to
2083 3587 90 23 twenty.
2202 3584 21 20 A
2232 3582 65 22 horse
2307 3582 104 26 has,been
2418 3582 82 22 known

1875 3617 10 15 n.
1913 3613 23 19 to
1945 3610 45 22 live
1999 3613 24 19 to
2033 3610 38 23 the
2081 3617 40 21 age
2131 3611 27 20 of
2164 3610 119 26 sixty-two,
2291 3615 106 18 averages
2406 3612 96 24 twenty-
2512 3614 6 3 '

1875 3638 10 21 is
1912 3637 45 22 five
1967 3640 25 19 to
2001 3637 77 27 thirty.
2116 3636 88 23 Camels
2223 3636 127 21 sometimes
2363 3634 45 23 live
2424 3638 24 18 to
2464 3638 38 19 the

1875 3671 11 20 g
1914 3671 41 20 age
1974 3664 26 22 of
2022 3665 47 21 100.
2110 3664 66 26 Stags
2192 3669 36 16 are
2246 3662 56 27 long
2429 3662 75 28 Sheep

1875 3691 12 21 it
1913 3690 86 23 seldom
2010 3690 83 23 exceed
2103 3690 38 21 the
2149 3696 41 20 age
2201 3690 26 20 of
2237 3692 47 18 ten.
2314 3688 60 24 Cows
2384 3688 41 22 live
2434 3688 70 23 about

1876 3725 10 14 c
1914 3717 78 22 fifteen
2006 3724 71 20 years.
2116 3717 83 21 Cuvier
2218 3714 114 23 considers
2351 3715 22 22 It
2395 3715 110 28 probable

1875 3752 11 14 i-
1914 3744 48 22 that
1971 3744 84 22 whales
2069 3742 125 23 sometimes
2207 3741 44 22 live
2267 3743 64 25 1,000
2345 3749 71 19 years.
2454 3742 50 22 The

1875 3771 16 21 )f
1915 3770 91 28 dolphin
2023 3770 45 21 and
2083 3770 100 27 porpoise
2199 3768 68 21 attain
2277 3768 39 21 the
2332 3775 41 20 age
2391 3768 25 22 of
2426 3768 78 28 thirty,

1875 3805 13 14 a
1915 3798 39 21 An
1970 3797 64 27 eagle
2050 3796 53 22 died
2116 3800 23 17 at
2155 3795 89 22 Vienna
2258 3798 23 18 at
2295 3794 38 23 the
2343 3794 26 23 of
2380 3796 40 21 104
2429 3802 73 20 years.

1916 3824 90 21 Ravens
2015 3822 125 28 frequently
2150 3822 67 21 reach
2227 3822 38 21 the
2274 3828 42 20 age
2323 3821 26 22 of
2353 3820 49 24 100.'
2427 3822 78 23 Swans

1914 3850 57 22 have
1995 3850 58 21 been
2072 3849 82 22 known
2178 3852 23 17 to
2218 3848 44 22 live
2281 3849 42 21 300
2340 3855 71 21 years.
2458 3849 46 22 Mr.

1894 3897 3 5 ,
1916 3876 109 23 Malieton
2034 3876 41 21 has
2085 3875 37 22 the
2131 3874 100 23 skeleton
2242 3874 26 22 of
2274 3881 14 15 a
2297 3882 60 15 swan
2366 3875 49 22 that
2422 3876 85 22 attain-

1875 3909 4 3 ■
1893 3907 4 16 ;
1917 3903 28 22 ed
1960 3902 37 23 the
2016 3909 40 20 age
2072 3902 26 21 of
2112 3903 43 21 200
2173 3909 70 21 years.
2281 3901 103 23 Pelicans
2398 3909 37 16 are
2453 3902 56 27 long

1875 3930 12 24 [-
1893 3936 4 10 >
1916 3929 67 22 lived.
2012 3929 23 22 A
2045 3928 90 23 tortoise
2142 3928 41 23 has
2192 3928 58 23 been
2259 3928 83 24 known
2350 3932 25 20 to
2383 3928 44 24 live
2435 3930 25 21 to
2469 3928 38 24 the

1875 3963 14 19 ct
1917 3963 42 21 age
1968 3956 26 22 of
2008 3956 47 23 107.

546 52 105 47 OT&e
669 49 120 45 faF*to
815 52 212 42 gScaiatttr
1051 52 191 43 i&mtu
1267 50 91 41 au&
1383 49 301 48 Si^iltmjtms
1711 49 251 48 Spectator

656 143 117 22 ertoniOus
792 141 48 24 the*
848 142 132 28 statements
997 140 27 23 of
1042 148 52 15 men
1112 142 57 27 arc,-'
1179 139 64 24 when

654 175 66 23 made
743 183 61 22 upon
956 172 55 23 with
1034 173 73 22 which
1131 173 52 30 they
1190 181 53 14 -are

646 208 82 25 .either
736 212 43 19 *not
797 206 141 31 acquainted,
956 206 27 23 of
991 203 105 32 willfully
1106 205 138 24 determined

646 244 33 23 'to
689 242 181 29 misrepresent..
934 259 6 5 .
948 240 3 3 '
1042 247 12 12 <•
1074 254 11 12 ..

691 273 54 25 The.
754 273 75 23 affairs
835 272 32 23 «of
882 271 42 26 the.
934 270 93 24 Church
1039 271 24 25 of
1069 293 5 6 ,
1079 271 108 23 Scotland
1202 279 40 20 qx-e
1245 296 4 5 g

657 306 121 30 according
787 310 22 19 to
817 309 100 19 extracts
926 304 57 23 from
995 311 29 16 an
1033 304 122 23 Aberdeen
1166 305 82 30 pap*ers<

658 339 126 30 occupying
795 346 14 15 a
818 345 55 22 very
885 337 46 25 fair,
939 338 129 29 proportion
1082 337 25 23 of
1117 337 37 23 the
1168 338 74 30 pimlic

658 372 109 23 attention
786 372 28 28 in,
828 371 54 24 that:
896 370 117 30 Country.'
1025 385 3 8 ;
1043 369 26 24 It
1089 370 86 23 would.
1182 376 69 17 seem*

658 405 55 28 th.at,
713 427 4 4 I
718 402 129 25 somethinS
862 402 48 24 like
924 411 12 15 a
951 402 140 32 joint-stock
1104 403 138 27 N,on,-E?a.s-

646 454 3 4 .
658 438 50 26 tian.
714 437 95 29 -Church,
827 437 20 22 is
859 437 25 21 in
899 436 182 30 contemplation.
1096 446 6 5 •
1118 435 25 26 It
1158 437 20 22 is

745 475 22 18 to
772 473 68 21 ..erect
853 470 52 22 6.60-
913 465 187 33 wooden,lcirks,'
1112 474 23 18 at
1138 487 6 9 v
1147 470 69 22 £loo
1230 477 12 14 a

658 505 61 29 piece
720 515 34 4 —
755 511 14 14 a
788 503 105 26 minister
911 506 23 19 to
940 513 5 6 •
955 510 66 21 every
1033 505 45 19 one*
1094 502 26 22 of
1136 501 89 24 them*—-
1225 510 20 14 a,

648 540 3 5 '
659 537 110 30 Supreme
776 535 186 25 -Ecclesiastical'
967 534 118 30 ppurt-^a
1095 529 39 35 lay
1139 540 105 25 .treasury

657 569 133 31 board^^-an
803 568 95 23 alliance
905 567 54 23 with
967 567 76 32 other,
1043 567 166 32 Presbyterians
1211 580 33 5 —
1244 577 8 22 ;

658 607 42 18 two
708 602 96 23 -months
812 602 109 30 juunting
933 601 67 22 about
1012 600 55 23 each
1077 609 54 22 year
1143 605 22 18 to
1178 609 71 23 every^

781 634 146 24 shareholder
943 633 30 23 off
984 633 37 23 the
1057 641 50 15 new

658 668 45 24 and
715 668 38 23 the
760 668 53 23 iirm
821 667 65 31 'good
893 666 81 23 willof
984 666 37 23 the
1034 666 52 23 *old
1092 667 8 10 x
1112 665 133 25 'concern—

659 701 37 24 the
713 705 2 3 '
731 698 108 26 National
865 699 96 24 Church-
981 699 25 23 of
1011 699 11 15 '•
1032 699 115 24 Scotland.
1199 700 43 24 Dr.

660 734 111 24 Candlish
799 734 24 23 of
995 734 20 21 is
1039 732 48 23 said
1111 737 22 19 to
1156 733 28 23 be
1190 757 4 4 .
1207 733 37 23 the

659 768 80 23 author
752 767 24 26 pf
792 767 52 23 thrs-
850 771 65 27 great
926 766 92 23 bubble-

660 834 182 24 EXTRACTS
869 833 99 23 FROM
991 833 72 23 THE
1077 819 168 37 'ENGLISH

887 865 144 26 PAPERS.
1067 875 4 4 •
1128 868 5 6 '
1187 880 7 13 -.
1229 878 3 6 •

46 152 64 31 point
132 148 84 24 wanted
235 149 30 20 to'
283 145 62 23 base-
357 152 13 15 a
387 144 71 23 series
477 143 25 24 of
518 143 109 29 scientific

48 173 149 34 observations
215 186 60 23 upon
294 177 70 23 them.
393 174 39 26 'In
554 181 23 19 to
590 176 37 23 the
635 190 3 8 .

46 218 76 28 sheep,
139 214 106 26 however,
265 210 69 24 much
357 211 41 22 has
421 210 115 30 evidently
554 214 22 19 to
600 209 28 24 be

47 250 63 21 done.

44 308 6 3 -
80 297 51 24 The
152 294 154 31 Registration
324 294 33 23 -of-
376 293 128 31 Burgesses
525 292 36 24 for

47 328 106 31 Borough
169 328 26 23 of
212 326 240 32 Wellingtons/dosed
458 347 5 4 .
470 334 29 15 on
518 325 110 32 Monday,

49 364 36 23 the
97 361 56 25 29th
164 365 97 24 current,
273 365 23 18 at
303 362 16 21 4
331 359 88 27 o'clock
428 367 54 19 y.M.
512 358 51 25 The
574 360 55 23 total

48 395 94 24 number
158 393 126 32 registered
296 393 30 23 is*
335 395 57 26 350,
403 393 53 26 .but
472 400 33 15 we
524 392 106 31 rhay»add

45 436 68 22 many
124 435 60 15 more
196 428 25 22 in
230 426 142 31 Wellington
390 433 61 16 were
470 430 40 19 not
520 425 109 31 prepared

46 463 34 22 for
91 461 38 23 the
142 460 62 24 Lists
216 459 86 31 closing
313 463 25 19 at
349 461 17 21 4
378 459 19 23 o-'
402 459 73 28 clock,
486 466 31 15 on
524 459 38 23 the
571 458 59 24 29th

46 499 56 19 curt.
139 493 86 24 Indeed
235 492 38 24 the
285 492 65 25 30th.
356 500 46 15 was
419 491 114 32 generally
545 491 84 23 under-

46 527 64 25 stood
129 534 23 16 as
163 527 39 23 the
219 526 44 23 last
275 525 42 31 day
329 525 35 23 for
379 525 167 31 Registration.
582 524 48 23 Not

46 569 13 15 a
70 560 42 24 few
124 560 26 23 of
157 567 40 16 our
209 563 59 20 most
279 558 103 24 valuable
397 558 114 25 Colonists
524 557 54 28 also,
592 564 38 15 are

47 599 22 18 at
87 593 47 23 this
152 597 99 19 moment
268 592 81 24 absent
359 592 60 23 from
437 592 39 22 the
492 590 136 31 settlement,

47 626 44 24 and
114 634 26 15 as
159 626 60 23 their
235 633 108 24 presence
403 623 108 24 essential
527 618 33 28 to'
571 622 59 23 their

46 668 78 15 names
143 659 67 31 being
226 658 123 31 engrossed
360 666 30 15 on
401 658 39 22 the
455 657 104 29 Burgess
578 655 50 29 roll,
635 666 2 5 ■

45 701 34 15 we
91 696 59 20 trust
159 692 51 23 that
226 691 61 24 sonic
304 698 106 19 measure
426 698 54 22 may
489 689 30 23 be
534 689 99 23 -devised

46 731 23 18 to
82 726 85 23 obviate
180 726 39 22 the
230 725 45 23 evil
285 724 75 23 which
371 731 55 22 may-
432 724 56 26 arise
501 722 63 23 from-
571 722 59 23 their

47 766 79 17 names
138 763 37 18 not
191 758 121 30 appealing
325 765 30 14 on
372 756 38 23 the
429 755 75 31 Roll.,
529 755 24 23 It
562 760 69 18 -must

46 793 29 22 be
85 791 132 23 recollected
224 790 49 23 that
282 790 45 23 this
338 791 29 25 is.
374 797 12 15 a
397 797 50 15 new
463 793 113 24 measure,'
587 788 46 23 and

49 824 158 30 consequently
218 828 38 19 not
266 823 110 31 perfectly
387 822 112 29 matured,
512 830 24 15 or
548 822 82 23 under-

49 858 63 23 stood
124 858 29 29 by
164 857 31 23 all
205 858 92 30 parties.
315 858 4 5 '
468 861 5 6 '
503 877 3 5 .

82 891 51 23 The
145 891 70 28 Lists,
221 890 112 34 .prpperly
345 889 119 31 arranged,
483 889 44 23 and
538 889 42 23 full
592 888 39 23 de-

50 925 110 30 signation
179 924 26 23 of
223 924 36 22 the
278 924 92 30 parties,
395 931 38 15 are
451 923 24 22 in
492 930 106 23 progress
610 922 25 22 of

47 958 69 30 being
132 957 95 31 printed,
246 957 44 23 and
301 957 46 23 will
358 964 28 15 no
393 954 4 4 '
406 956 70 23 doubt
486 955 29 23 be
532 959 41 27 put
584 956 47 21 into

49 991 37 23 the
96 991 70 23 hands
179 991 25 23 of
214 991 37 23 the
261 991 128 26 Burgesses
402 989 82 28 during
493 988 38 23 the
543 988 71 23 week.
628 1006 4 4 .

84 1025 52 22 Our
153 1028 169 26 contemporary
339 1023 40 23 has
399 1021 92 24 allowed
510 1026 22 18 to
550 1021 28 23 be
595 1021 37 22 in-

51 1058 71 22 serted
136 1058 20 22 iv
165 1058 39 22 the
216 1057 100 22 columns
330 1056 25 22 of
370 1055 37 22 the
421 1054 107 28 Colonist,
548 1061 14 15 a
578 1053 55 30 long

51 1091 76 22 article
141 1098 56 22 upon
233 1090 37 22 the
282 1088 149 32 proceedings
444 1087 24 23 of
485 1087 39 23 the
535 1087 44 22 last
590 1086 43 23 few

51 1117 78 36 days',"
141 1123 38 22 hut
188 1122 98 23 whether
296 1122 17 22 it
320 1122 21 22 is
354 1129 13 15 a
377 1120 91 32 portion
475 1120 26 22 of
510 1128 14 14 a
533 1119 97 26 Chaldee.

50 1156 69 29 Mss.,
134 1163 22 15 or
167 1164 14 14 a
193 1155 59 23 Mss.
270 1154 71 24 found
353 1162 29 16 on
394 1162 14 14 a
424 1152 121 31 surveying
564 1160 68 23 expe-

51 1190 70 23 dition
133 1193 20 18 to
164 1188 38 24 the
215 1188 79 28 Moon,
306 1195 33 16 we
352 1187 89 23 confess
454 1186 113 23 ourselves
586 1190 22 19 at
620 1193 14 15 a

51 1223 45 23 loss
108 1227 23 19 to
146 1227 63 18 state.
245 1221 25 24 If
280 1229 40 15 our
332 1225 172 26 contemporary
515 1227 77 15 means
609 1223 24 19 to

51 1256 110 23 insinuate
172 1255 49 24 that
238 1255 92 31 bribery
341 1254 40 23 has
399 1254 58 26 been
477 1259 24 17 at
512 1253 69 28 work,
600 1260 33 15 we

51 1289 82 31 rejoice
146 1293 19 19 to
185 1296 39 23 say
236 1288 49 23 that
296 1296 33 15 we
347 1288 27 22 do
386 1291 42 19 not
446 1286 86 24 believe
545 1287 24 27 it,
590 1285 44 23 and

51 1322 121 23 remember
181 1322 25 23 of
211 1322 82 30 having
301 1329 55 15 seen
364 1320 135 23 somewhere
510 1328 14 14 a
530 1319 102 31 proverb,

52 1357 68 22 about
132 1356 34 22 the
209 1355 103 23 Greatest
327 1354 58 23 theif
398 1354 51 22 first
461 1354 58 22 cries
531 1352 102 23 shame.'"

52 1389 43 23 We
108 1389 28 23 do
147 1394 37 17 not
202 1396 36 15 see
250 1396 13 15 a
275 1388 72 31 single
360 1394 66 16 name
439 1394 29 15 on
475 1386 38 23 the
522 1385 52 24 List
585 1385 48 23 who

53 1422 73 23 would
144 1423 83 22 receive
240 1430 12 14 a
263 1421 72 23 bribe.
372 1420 72 23 What
452 1421 5 22 !
477 1420 38 22 the
531 1418 103 31 working

54 1463 50 16 men
117 1456 26 22 of
150 1455 139 31 Wellington
301 1462 58 24 open
371 1458 22 19 to
405 1453 89 29 bribery
504 1453 9 22 ?
550 1453 83 22 Forbid

54 1490 18 22 it
79 1489 55 23 thou
143 1493 61 26 great
212 1488 42 23 and
261 1487 114 23 immortal
383 1487 92 23 Mauwe
481 1487 5 23 !
518 1486 116 31 Magician

56 1522 23 22 of
89 1522 38 22 the
139 1524 28 20 50
181 1522 100 22 Patriots
291 1521 24 23 of
325 1521 38 22 the
376 1521 123 22 Colonists.

88 1581 44 23 We
158 1580 164 30 inadvertently
346 1578 94 24 omitted
466 1578 37 23 the
522 1586 66 15 name
613 1578 23 23 of

56 1613 47 24 Mr.
117 1613 73 29 Bush,
202 1615 24 20 in
238 1613 133 30 Saturday's
386 1620 78 23 paper,
477 1612 57 22 from
548 1611 37 23 the
596 1611 39 23 list

57 1647 23 23 of
90 1647 46 24 the.
141 1646 133 24 Committee
286 1646 121 31 appointed
414 1646 30 30 by
454 1645 84 30 Friday
550 1641 85 34 night's

54 1680 108 30 Meeting.

254 1735 186 25 SYDNEY.

98 1773 69 26 [From
178 1774 35 20 the
223 1774 82 25 Sydney
314 1773 92 24 Herald,
418 1773 27 25 of
454 1773 82 25 August
547 1772 42 26 13.]

1298 136 83 27 Friday
1395 137 83 26 night's
1496 138 92 23 Gazette,
1597 144 129 15 announces
1736 137 44 21 Mr.
1796 137 65 21 John*

1272 163 76 22 Pirie's
1359 163 118 26 baronetcy
1485 172 5 18 ;
1507 165 45 21 and
1560 165 19 21 it
1587 167 67 18 states
1664 164 48 21 that
1725 163 132 21 the.honour

1272 190 25 21 of
1304 189 140 27 knighthood
1460 190 40 22 has
1509 191 58 21 been
1578 190 114 22 conferred
1698 197 33 14 -on
1743 189 42 22 Mr.
1797 189 58 22 Wm.

1266 216 121 28 .Drysdale,
1399 217 35 20 'of
1450 217 117 22 Pittuchar
1627 217 52 21 -Fife
1691 224 4 19 ;
1716 216 43 21 Mr.
1781 216 76 21 James

1411 243 58 21 Lord
1484 240 94 25 Provost
1587 244 26 20 of
1627 244 102 26 Glasgow
1736 250 5 19 ;
1762 242 45 22 Mr.
1815 243 41 21 *EL

1271 269 95 22 Thomas
1378 269 26 21 de
1419 269 23 22 la
1453 270 84 27 .Beche,
1550 270 94 22 director
1653 270 26 21 of
1689 269 37 22 the
1738 268 118 23 ordinance

1270 293 129 29 geological'
1406 303 80 20 survey
1497 297 25 21 of
1535 297 69 21 Great
1613 296 86 21 Britain
1706 304 5 17 ;
1729 295 44 22 and

1272 322 86 26 George
1370 322 53 22 Gun
1434 322 90 28 Munro,
1543 324 26 21 of
1580 326 37 18 the
1627 318 125 26 Ross-shire
1769 323 88 22 Malitia

1272 348 43 23 and
1323 348 26 21 t>f
1357 348 142 27 Poyntzfield
1507 350 24 21 in
1541 350 122 26 Cromarty.
1703 360 4 5 •
1822 353 18 17 *«

1282 389 4 4 .
1296 374 48 22 The
1354 374 114 28 following
1470 377 32 23 _is
1517 384 29 13 an
1561 379 95 18 account
1673 376 25 21 of
1710 376 36 21 the
1757 376 99 27 'average

1272 399 89 25 amount
1371 402 26 21 of
1401 403 133 27 promissor}'
1542 406 63 18 notes
1615 402 23 21 in
1649 402 128 21 circulation
1786 404 23 20 in
1819 404 37 21 the

1271 428 83 22 United
1363 428 124 27 Kingdom,
1500 430 43 21 and
1552 429 28 21 of
1584 428 37 22 the
1632 435 93 21 average
1736 432 89 19 amount
1835 430 25 21 of

1271 454 83 23 bullion
1362 455 24 21 in
1395 455 38 22 the
1441 456 66 21 Bank
1516 456 26 21 of
1552 455 109 27 England,
1674 455 77 27 during
1761 456 38 21 the
1808 456 49 21 four

1352 482 84 26 ending
1446 482 38 21 the
1493 478 78 25 2nJof
1576 481 70 27 April,
1660 484 88 20 1842:—

1266 506 97 23 ■-^•Bank
1371 508 25 21 of
1401 508 110 27 England,
1519 509 145 24 £16,674,000
1671 516 4 13 :
1688 510 82 26 private
1776 509 79 27 banks,

1272 536 132 26 £5,289,050
1414 543 6 17 ;
1443 535 139 27 joint-stook
1613 535 80 27 banks,
1718 536 138 25 £3,047,656.

1273 561 103 23 Scotland
1376 573 28 4 —
1406 562 120 22 Chartered
1553 562 84 27 private
1661 562 46 21 and
1727 562 130 27 joint-stock

1266 588 59 27 ,bank
1325 588 166 27 5,£2,670,290.
1528 588 116 22 Ireland—
1645 588 65 21 Bank
1720 589 25 21 of
1757 588 98 28 Ireland,

1272 616 21 50 f3,074)125;f
1293 615 124 27 3,074)125;
1448 616 83 26 private
1554 615 53 25 .and
1632 615 131 27 joint-stock
1787 616 70 21 banks

1293 642 121 26 2,259,566:
1430 642 56 21 total
1495 642 181 26 £33,014,677.—
1677 641 86 22 8u11i0n
1780 642 24 21 in
1820 642 37 22 the

1274 668 62 22 Bank
1347 668 26 21 of
1380 668 112 29 England,
1503 664 148 31 £6,006,000.'

1299 693 58 23 The*
1361 694 99 22 uniform
1467 696 98 26 '.postage
1575 696 51 26 plan
1644 696 18 21 is
1673 696 67 21 about
1750 698 21 19 to
1782 696 28 21 be
1823 696 35 21 in-

1274 721 106 22 treduced
1389 722 23 20 in
1423 729 12 14 a
1445 722 106 21 modified
1559 725 54 18 state
1621 722 46 21 into
1675 722 77 23 Lower,
1759 723 97 21 Austria.

1273 748 47 23 The
1331 748 155 21 Government
1495 748 39 21 has
1540 748 72 22 issued
1618 756 12 14 a
1638 749 98 27 circular,
1744 757 114 14 announc-

1273 776 38 25 ing
1319 774 49 22 that
1376 775 58 21 from
1445 775 43 22 the-
1493 778 33 19 Ist
1536 776 25 20 of
1568 776 88 26 August
1665 780 61 22 next,
1743 776 66 21 there^
1816 776 42 22 will

1274 802 26 21 be
1312 802 51 26 only
1373 805 43 20 two
1424 805 57 18 rates
1490 802 25 21 of
1521 806 97 23 postage,
1625 802 36 22 viz
1668 811 35 13 :—
1705 803 33 21 six
1746 803 112 22 kreutzers

1276 828 76 26 (about
1366 828 46 22 five
1421 829 68 25 sous),
1505 828 43 21 and
1565 830 25 20 12
1601 828 108 28 kreutzer,
1725 830 51 21 with
1787 837 13 14 a
1809 837 49 20 pro-

1274 856 97 26 gression
1387 855 120 26 according
1522 859 23 17 to
1555 854 93 28 jweight.
1686 856 19 21 It
1720 856 18 21 is
1752 856 106 26 expected

1275 882 48 21 that
1332 881 127 27 eventually
1473 882 63 21 there
1553 882 42 21 will
1608 882 27 21 be
1647 883 53 26 only
1710 889 13 15 a
1733 883 69 26 single
1812 887 46 17 rate

1276 908 24 22 of
1308 908 33 21 six
1350 908 120 21 kreutzei'3.

1301 935 126 21 Beaumont
1437 934 78 26 Smith,
1528 934 36 22 the
1576 935 94 27 convict,
1688 935 48 22 avlio
1750 943 45 14 was
1811 938 49 19 sent

1276 966 21 17 to
1305 961 39 22 her
1355 962 117 26 Majesty's
1484 962 70 26 Royal
1564 962 103 26 Arsenal,
1677 962 127 26 Woolwich,
1816 962 44 22 and

1276 988 105 22 removed
1390 989 57 20 from
1459 988 60 21 there
1530 996 29 14 on
1570 988 68 21 board
1655 996 13 13 a
1684 992 116 24 transport,
1816 996 44 14 was

1277 1015 139 22 double-iron
1420 1015 25 21 ed
1455 1014 35 22 for
1500 1023 61 14 some
1569 1015 58 27 time,
1639 1015 33 22 till
1679 1018 98 25 Surgeon
1787 1016 71 27 Hope,

1277 1042 24 21 of
1314 1041 36 22 the
1364 1042 90 21 convict
1469 1042 174 27 establishment,
1660 1042 93 22 ordered
1766 1042 61 21 them
1838 1046 22 17 to

1276 1069 27 21 be
1314 1068 67 21 taken
1392 1068 33 21 off
1431 1075 29 15 on
1471 1072 94 18 account
1575 1069 25 21 of
1611 1069 38 22 the
1667 1070 43 21 bad
1726 1072 54 19 state
1790 1070 25 21 of
1826 1069 34 21 his

1275 1095 82 22 health.
1398 1095 37 22 He
1450 1095 42 21 left
1505 1096 23 20 in
1546 1095 35 22 the
1598 1098 96 24 greatest
1708 1103 92 19 penury,
1818 1096 44 21 and

1277 1122 90 22 seemed
1378 1125 23 18 to
1411 1122 66 21 suffer
1488 1122 87 26 acutely
1583 1122 37 21 the
1630 1122 111 26 degraded
1756 1123 105 21 situation

1277 1149 28 21 he
1319 1148 44 22 had
1379 1148 77 28 placed
1472 1148 92 22 himself
1575 1149 31 20 in.
1640 1149 48 22 The
1705 1153 82 18 utmost
1802 1157 59 20 sym-

1277 1175 68 28 pathy
1360 1183 44 14 was
1417 1175 41 21 felt
1469 1175 36 21 for
1520 1175 47 22 him
1577 1182 80 20 among
1666 1176 38 21 the
1714 1176 62 21 other
1786 1176 76 22 unfor-

1277 1206 76 18 tunate
1363 1202 100 21 convicts
1472 1202 70 21 there.

1294 1245 4 4 .
1307 1229 47 22 The
1363 1228 57 23 total
1435 1228 80 27 charge
1529 1230 35 20 for
1579 1228 36 22 the
1632 1229 73 22 China
1717 1230 145 27 expenditure

1277 1263 30 19 up
1327 1260 21 19 to
1368 1256 71 27 April,
1462 1257 59 25 1842,
1541 1256 20 20 is
1579 1256 137 26 £1,193,692,
1738 1256 24 21 of
1783 1256 79 27 which,

1278 1282 116 26 including
1418 1283 96 25 £15,430
1538 1283 34 20 for
1600 1283 37 21 the
1662 1283 85 21 Canton
1776 1291 87 14 ransom

1278 1310 133 26 £1,018,430
1419 1309 41 22 has
1474 1309 56 21 been
1551 1309 106 26 provided
1674 1310 40 21 for.
1748 1310 47 21 The
1815 1310 45 23 esti.

1279 1336 74 21 mated
1362 1343 98 20 expense
1475 1336 26 21 of
1514 1336 36 21 the
1559 1343 53 20 year
1622 1336 83 26 ending
1715 1337 70 26 April,
1804 1338 58 26 1843,

1278 1364 18 20 is
1307 1363 138 25 £1,500,000.

1306 1390 22 21 A
1347 1390 109 27 shocking
1474 1390 91 21 murder
1583 1389 40 22 has
1642 1390 56 21 been
1717 1390 148 28 accidentally

1280 1416 128 22 discovered
1430 1416 24 21 in
1479 1416 38 21 the
1546 1416 79 27 village
1651 1416 25 22 of
1703 1417 159 27 Roehampton,

1280 1444 87 26 Surrey.
1406 1444 22 21 A
1448 1443 121 22 coachman
1587 1444 83 21 named
1684 1444 87 21 Danied
1790 1445 71 26 Good,

1279 1469 45 22 had
1339 1470 72 21 stolen
1428 1477 13 14 a
1456 1470 48 27 pair
1520 1470 25 21 of
1562 1474 100 17 trowsers
1683 1470 58 21 from
1760 1479 13 14 a
1790 1479 75 19 pawn-

1280 1496 86 27 broker,
1379 1496 45 22 and
1433 1496 36 22 the
1480 1497 71 27 police
1562 1504 28 14 on
1597 1497 118 27 searching
1721 1498 33 21 his
1764 1498 101 22 master's

1281 1524 87 26 stables,
1381 1524 71 21 found
1463 1524 37 21 the
1510 1523 66 22 trunk
1586 1524 26 21 of
1623 1531 13 14 a
1649 1524 88 26 female,
1752 1525 38 21 the
1800 1525 65 21 limbs

1280 1550 82 26 having
1378 1550 57 21 been
1444 1550 88 21 hacked
1543 1551 35 26 off,
1596 1550 45 21 and
1651 1550 37 22 the
1699 1552 89 21 entrails
1797 1552 68 21 taken

1282 1580 38 19 out
1331 1577 44 21 and
1384 1577 76 21 burnt.

1307 1604 48 21 The
1370 1604 131 21 ministerial
1511 1604 128 26 journalists
1655 1612 113 14 announce
1779 1605 37 22 the
1825 1605 41 22 im-

1280 1633 88 25 portant
1377 1631 52 26 fact,
1442 1631 48 21 that
1507 1632 152 21 Government
1671 1632 41 21 has
1726 1632 101 21 resolved
1844 1636 22 18 to

1282 1658 105 21 establish
1404 1665 16 13 a>
1432 1658 44 21 line
1496 1658 26 21 of
1538 1661 70 18 steam
1624 1659 187 22 communication
1828 1659 39 22 be-

1282 1688 70 18 tween
1363 1684 39 21 the
1412 1684 82 22 Pacific
1509 1689 61 17 coast
1580 1685 24 20 of
1616 1685 70 22 South
1701 1686 105 21 America
1822 1686 53 25 and,

1282 1711 55 22 New
1347 1711 101 22 Zealand
1459 1712 43 21 and
1514 1712 35 21 the
1560 1712 129 21 Australian
1700 1712 102 22 colonies.

1308 1738 48 22 The
1378 1738 164 22 Renfrewshire
1563 1738 65 21 Bank
1646 1739 40 22 has
1705 1740 90 26 stopped
1813 1747 54 19 pay-

1282 1768 68 19 ment.
1380 1765 47 22 The
1437 1765 112 22 liabilities
1559 1772 37 15 are
1606 1766 73 21 stated
1690 1769 21 18 to
1722 1766 26 21 be
1758 1766 111 26 £200,000

1282 1792 44 21 and
1336 1792 38 21 the
1390 1795 75 23 assets,
1482 1792 82 26 chiefly
1718 1800 27 14 on
1763 1793 66 27 ships,
1846 1799 23 15 at

1284 1819 66 21 about
1363 1820 119 25 .£IOO,OOO.
1518 1819 22 21 It
1577 1822 39 18 not
1627 1820 113 26 expected,
1751 1820 79 26 taking
1839 1820 30 21 all

1284 1846 168 21 circumstances
1463 1846 46 21 into
1515 1849 109 23 'account,
1637 1846 49 21 that
1699 1846 37 22 the
1749 1847 60 21 bank
1826 1847 43 21 will

1283 1880 43 20 pay
1335 1874 29 20 2s.
1376 1873 24 21 in
1412 1873 36 21 the
1460 1873 83 27 pound.

1284 1925 145 24 BRITISH
1458 1926 115 23 GOODS
1608 1926 69 23 FOR
1712 1926 158 24 FOREIGN

1489 1959 179 24 MARKETS.

1312 1996 43 26 (By
1361 2002 13 14 a
1384 1997 161 25 correspondent
1554 1997 28 25 of
1587 1997 35 20 the
1634 1998 93 19 Colonial
1738 1998 102 25 Gazette.)

1312 2030 71 21 China
1393 2030 18 21 is
1421 2037 22 14 so
1455 2030 91 26 densely
1557 2030 93 27 peopled
1660 2037 24 15 as
1700 2034 21 18 to
1732 2031 84 27 require
1832 2030 37 22 the

1284 2056 70 22 whole
1371 2057 26 21 of
1415 2057 26 20 iLs
1458 2057 40 21 soil
1512 2057 34 21 for
1555 2057 53 21 food
1617 2057 137 27 production,
1765 2058 24 21 in
1799 2058 71 21 which

1286 2087 35 18 tea
1338 2084 19 21 is
1374 2091 28 14 an
1416 2084 164 26 indispensable
1597 2084 82 27 article,
1700 2084 43 22 and
1761 2084 72 21 hence
1852 2085 18 20 is

1286 2110 127 27 dependant
1428 2118 28 14 on
1471 2110 64 22 other
1552 2111 110 21 countries
1677 2111 35 22 for
1726 2111 90 22 woollen
1826 2111 45 22 and

1286 2140 71 19 cotton
1382 2137 107 27 clothing.
1534 2137 72 22 When
1625 2141 75 18 cotton
1721 2138 149 26 exportations

1285 2164 144 22 commenced
1437 2164 60 21 from
1508 2165 101 27 Bombay
1619 2168 22 18 to
1658 2165 77 25 China,
1750 2164 38 22 the
1799 2172 68 20 quan-

1286 2190 40 27 tity
1335 2199 44 14 was
1390 2199 24 13 so
1425 2191 87 27 trifling,
1525 2192 49 21 that
1579 2192 36 21 the
1623 2192 52 21 East
1682 2192 66 21 India
1755 2192 115 27 Company

1286 2218 91 21 allowed
1388 2218 56 21 their
1449 2218 160 28 ship-captains
1618 2222 21 17 to
1646 2218 57 22 have
1710 2219 35 21 the
1752 2219 120 27 monopoly

1286 2244 26 22 of
1327 2246 28 26 it;
1371 2244 42 22 but
1427 2245 37 21 the
1482 2245 101 21 demand'
1594 2245 59 26 year!
1656 2253 14 19 y
1684 2245 131 27 increasing,
1835 2245 36 22 the

1287 2272 122 31 Company,
1428 2279 60 14 some
1504 2272 114 26 thirty-six
1635 2279 65 20 years
1719 2280 47 19 ago,
1788 2272 51 21 took
1855 2273 17 20 it

1286 2298 47 21 into
1351 2299 58 21 their
1428 2306 49 14 own
1497 2299 78 26 hands,
1595 2299 87 27 finding
1700 2299 48 21 that
1766 2307 14 14 a
1803 2299 68 26 single

1287 2333 83 20 voyage
1390 2325 65 22 made
1474 2333 14 14 a
1506 2326 169 26 ship-captain's
1692 2326 94 21 fortune.
1824 2326 48 21 The

1287 2359 60 14 same
1356 2352 163 28 progressively
1529 2353 116 21 increased
1655 2353 96 22 demand
1760 2353 73 22 would
1841 2360 30 14 no

1287 2379 67 21 doubt
1369 2379 52 22 take
1439 2380 64 26 place
1520 2380 54 21 with
1588 2383 87 24 respect
1692 2383 20 18 to
1728 2380 66 27 sheep
1808 2380 63 25 wool,

1287 2413 55 14 were
1353 2406 17 21 it
1379 2406 65 22 made
1454 2413 29 14 an
1495 2406 76 22 article
1581 2406 25 21 of
1618 2410 77 24 export
1705 2410 21 18 to
1736 2406 71 22 China
1816 2407 56 20 from

1287 2432 126 28 Australia;
1425 2433 45 21 and
1481 2441 55 16 wer_e
1546 2434 17 21 it
1573 2441 55 19 spun
1637 2434 47 21 into
1695 2441 60 20 yarn,
1767 2441 14 14 a
1788 2437 86 23 greater

1289 2459 96 22 demand
1395 2460 73 21 would
1477 2467 75 19 ensue,
1564 2467 23 14 as
1597 2460 23 21 in
1635 2460 38 22 the
1689 2468 48 14 case
1755 2460 25 21 of
1799 2464 74 18 cotton

1287 2494 54 19 yarn
1352 2490 50 18 sent
1416 2486 56 22 from
1488 2487 67 22 India
1570 2487 45 22 and
1630 2487 108 27 England,
1760 2488 74 26 owing
1850 2491 22 17 to

1288 2513 38 22 the
1335 2514 106 27 spinning
1455 2514 23 21 in
1498 2514 70 21 China
1582 2514 67 27 being
1665 2514 44 21 still
1724 2514 84 27 mainly
1823 2521 51 15 con-

1287 2540 61 21 fined
1358 2544 22 17 to
1391 2540 37 22 the
1442 2541 112 27 primitive
1569 2540 77 22 distaff
1656 2541 44 21 and
1714 2541 90 27 spindle.
1845 2541 30 20 At

1289 2567 37 21 the
1343 2571 91 22 present
1449 2568 54 21 time
1522 2567 37 22 the
1580 2568 93 21 Chinese
1691 2575 67 14 warm
1778 2567 97 27 clothing

1289 2594 79 27 chiefly
1386 2595 93 21 consists
1500 2594 25 22 of
1540 2594 60 21 skins
1618 2594 26 21 of
1659 2594 98 26 animals,
1775 2595 62 21 those
1853 2594 24 21 of

1289 2620 79 28 fur,*of
1383 2628 84 18 course,
1486 2621 34 22 for
1537 2621 38 21 the
1594 2621 59 27 rich;
1675 2622 39 21 but
1733 2629 56 14 were
1808 2622 66 26 sheep

1289 2648 56 21 wool
1355 2648 45 21 and
1409 2648 94 22 woollen
1509 2655 55 20 yarn
1576 2648 132 21 introduced
1714 2648 71 26 freely
1795 2655 80 19 among

1290 2674 59 22 them
1373 2682 29 14 no
1427 2674 69 22 doubt
1519 2674 105 22 woollens
1648 2674 73 22 would
1749 2674 127 27 eventually

1289 2702 120 26 supercede
1420 2702 36 21 the
1465 2702 68 21 skins.
1562 2702 77 26 China,
1651 2701 45 22 like
1703 2702 30 21 all
1738 2701 136 22 continental

1291 2728 117 27 countries,
1428 2728 42 22 has
1489 2731 64 24 great
1570 2731 147 23 temperature
1738 2731 110 19 extremes
1849 2740 28 3 —

1289 2754 38 22 the
1336 2755 51 22 cold
1397 2758 99 19 extreme
1506 2755 23 21 in
1541 2754 37 22 the
1587 2754 69 27 night,
1674 2754 43 22 and
1735 2755 34 21 the
1786 2754 53 22 heat
1855 2759 22 17 at

1291 2785 69 24 nodn;
1380 2782 45 22 and
1444 2782 71 21 hence
1535 2789 14 14 a
1566 2782 85 21 Canton
1671 2782 137 26 shopkeeper
1827 2782 49 21 who

1291 2815 66 21 opens
1363 2809 36 22 his
1406 2809 56 27 shop
1471 2809 25 21 in
1507 2808 38 21 the
1555 2808 102 27 morning
1667 2808 52 22 with
1729 2808 49 21 half
1785 2816 13 14 a
1807 2808 70 22 dozen

1290 2843 42 19 pea
1347 2843 24 14 or
1387 2836 36 21 fur
1434 2836 89 27 jackets
1540 2843 36 19 on,
1591 2835 81 22 throws
1685 2836 59 21 them
1755 2835 82 22 off.one
1848 2836 29 26 by

1291 2869 42 14 one
1351 2869 25 15 as
1396 2863 36 21 the
1452 2865 148 25 temperature
1622 2862 116 27 increases,
1761 2862 56 22 until
1839 2862 38 21 the

1291 2889 70 22 whole
1371 2889 53 22 load
1432 2890 19 21 is
1461 2893 40 23 got
1515 2889 36 22 rid
1561 2889 25 21 of
1592 2897 6 18 ;
1615 2889 42 21 and
1666 2889 70 21 hence
1746 2888 37 22 the
1794 2889 83 22 sailor's

1290 2916 94 27 proverb
1399 2919 24 18 at
1437 2917 96 26 Canton,
1550 2916 49 21 that
1608 2923 43 19 you
1662 2923 51 20 may
1722 2916 80 26 always
1813 2916 64 21 know

1291 2942 77 23 what's
1387 2943 85 22 o'clock
1491 2943 30 27 by
1541 2942 38 23 the
1602 2943 95 21 number
1715 2943 25 21 of
1757 2942 87 28 jackets
1865 2950 12 14 a

1293 2969 123 22 Chinaman
1426 2970 41 21 has
1476 2977 41 14 on-

1319 2996 115 22 Australia
1450 2994 41 24 lias
1510 2996 131 22 abundance
1661 2996 25 22 of
1703 2996 48 21 coal
1768 2996 36 21 for
1822 2996 57 21 wool

1293 3022 109 28 spinning,
1414 3023 46 22 and
1474 3023 26 22 of
1513 3024 58 21 wool
1586 3023 36 22 for
1635 3023 129 27 machinery
1781 3024 98 26 employ-

1293 3053 66 24 ment,
1375 3050 66 22 while
1459 3050 37 22 the
1512 3050 35 21 4d.
1564 3057 40 20 per
1618 3050 75 26 pound
1709 3050 26 21 of
1745 3056 96 24 expense
1857 3053 22 18 to

1293 3076 106 27 England
1409 3077 74 22 would
1491 3077 28 21 be
1528 3076 83 27 gained
1619 3076 30 27 by
1658 3076 38 22 the
1712 3076 94 21 colonial
1820 3076 59 27 spin-

1293 3110 46 20 ner,
1361 3104 43 21 and
1420 3104 50 21 thus
1489 3103 67 22 make
1576 3102 104 28 spinning
1698 3103 35 21 for
1750 3102 38 22 the
1808 3102 71 22 China

1293 3130 88 22 market
1410 3138 61 14 more
1500 3130 117 28 profitable
1645 3130 23 21 in
1691 3130 113 21 Australia
1825 3130 54 21 than

1293 3156 109 28 England.
1431 3158 22 21 A
1464 3164 76 15 coarse
1546 3156 58 22 wool
1611 3156 73 22 would
1692 3156 44 21 also
1745 3156 28 21 be
1783 3159 96 24 greatest

1294 3183 23 21 in
1325 3184 103 22 'demand
1443 3184 36 21 for
1497 3183 45 22 this
1561 3190 104 20 purpose;
1686 3182 38 22 the
1742 3182 138 23 Australians

1294 3211 74 21 would
1376 3211 28 21 be
1415 3210 96 22 induced
1520 3213 23 18 to
1552 3210 75 26 breed,
1643 3210 24 21 in
1678 3217 14 14 a
1700 3210 82 21 certain
1792 3209 87 27 degree,

1294 3236 35 22 far
1337 3245 88 14 coarser
1433 3237 87 27 fleeces,
1531 3236 120 27 averaging
1667 3243 61 14 more
1725 3241 8 9 N
1738 3236 59 21 than'
1801 3236 79 22 double

1296 3263 37 22 the
1341 3264 84 27 weight
1433 3264 27 21 of
1470 3264 45 21 fine
1527 3270 59 19 ones,
1603 3263 45 21 and
1662 3262 72 22 hence
1750 3262 92 28 making
1851 3270 29 20 up

1294 3290 25 21 in
1329 3291 101 27 quantity
1436 3287 38 25 'for
1483 3289 125 27 inferiority
1617 3289 46 22 and
1672 3289 101 22 fineness.

1324 3317 56 22 Flax
1398 3316 188 28 steam-spinning
1594 3321 7 5 s
1604 3316 23 21 in
1647 3316 56 22 New
1721 3316 99 22 Zealand
1841 3316 40 22 has

1296 3343 97 28 already,
1415 3344 11 22 I
1444 3351 45 20 see,
1507 3344 57 21 been
1583 3342 120 28 projected,
1719 3343 34 21 for
1762 3343 39 22 the
1811 3343 71 22 China

1296 3371 87 21 market
1393 3371 11 22 I
1414 3377 112 21 presume.
1555 3370 68 26 Here,
1633 3369 59 27 then,
1703 3377 36 14 are
1746 3369 37 22 the
1790 3370 92 21 benefits

1296 3396 49 23 that
1353 3405 53 20 may
1417 3399 27 21 be
1454 3396 141 28 anticipated.
1629 3396 66 22 Until
1709 3396 74 28 opium
1792 3396 90 22 became

1298 3431 24 14 so
1333 3424 68 22 much
1409 3424 25 22 in
1443 3431 74 20 vogue
1526 3425 24 20 in
1559 3423 78 27 China,
1649 3423 38 22 the
1696 3426 86 24 greater
1795 3423 87 27 portion

1298 3450 25 22 of
1334 3450 38 23 the
1383 3455 37 18 tea
1429 3457 92 21 cargoes
1535 3450 46 21 had
1597 3452 23 19 to
1636 3450 28 21 be
1682 3450 52 27 paid
1746 3449 24 22 in
1785 3449 85 22 bullion
1877 3457 4 14 :

1298 3477 78 22 should
1385 3478 39 21 the
1425 3481 3 4 1
1434 3478 109 27 Emperor
1557 3477 28 21 be
1605 3476 121 22 successful
1739 3476 23 21 in
1777 3476 36 21 his
1827 3476 57 22 anti-

1298 3504 74 27 opium
1383 3504 82 27 efforts,
1475 3504 44 21 this
1529 3503 63 22 trade
1601 3506 61 19 must
1671 3510 63 15 cease
1740 3511 5 19 ;
1762 3502 45 22 and
1817 3510 67 20 every

1298 3531 101 22 exertion
1409 3533 70 25 ought
1486 3533 24 19 to
1525 3530 30 22 be
1571 3530 64 21 made
1652 3533 22 18 to
1688 3532 61 19 meet
1762 3529 39 22 the
1816 3530 67 21 crisis.

1298 3557 71 28 Many
1393 3558 65 27 ships'
1474 3556 78 23 bound
1570 3556 57 22 from
1644 3556 108 27 .England
1770 3558 24 19 to
1800 3566 3 5 •
1814 3556 72 22 China

1298 3584 79 28 might,
1395 3583 164 29 consequently,
1575 3582 28 22 be
1623 3582 99 22 induced
1743 3586 23 17 to
1790 3582 65 23 make
1873 3591 13 14 a

1299 3610 79 23 double
1401 3618 87 20 voyage
1512 3613 24 18 to
1552 3610 24 26 it,
1595 3617 25 14 as
1639 3608 49 22 that
1702 3608 29 28 ,of
1750 3608 61 35 ships
1829 3610 56 22 from

1299 3637 106 27 England
1414 3641 22 18 to
1448 3636 108 28 Bombay,
1573 3636 45 21 and
1634 3636 80 21 thence
1729 3638 22 19 to
1769 3631 84 33 China,'
1867 3637 18 22 is

1300 3664 77 27 called,
1390 3664 45 22 and
1444 3663 94 27 thereby
1547 3662 99 22 increase
1655 3662 58 22 their
1718 3662 83 28 profits,
1809 3664 77 27 taking

1300 3697 14 14 a
1331 3698 66 20 cargo
1411 3690 91 26 wholly-
1510 3690 35 21 for
1559 3689 121 27 Australia,
1700 3696 24 15 or
1737 3690 73 27 partly
1826 3690 34 22 for
1870 3691 17 21 it

1300 3717 45 22 and
1354 3717 83 27 China;
1454 3717 72 26 filling
1540 3723 32 20 up
1586 3715 39 22 the
1634 3722 66 21 space
1709 3716 81 27 gained
1804 3716 30 28 by
1849 3717 37 22 the

1301 3744 129 22 Australian
1441 3743 116 27 discharge
1568 3742 52 23 with
1628 3743 58 22 wool
1695 3742 44 23 and
1754 3743 57 22 New
1829 3744 57 22 Zea-

1300 3770 53 22 land
1370 3771 53 26 flax,
1449 3769 94 23 woollen
1561 3768 42 23 and
1623 3769 75 22 flaxen
1717 3775 63 21 yarn;
1801 3771 45 22 and
1866 3771 25 21 of

1300 3797 90 27 undyed
1399 3796 172 26 manufactures,
1587 3796 26 21 of
1630 3796 63 22 these
1708 3800 22 18 to
1745 3804 93 20 procure
1851 3800 37 19 tea

1301 3830 97 21 cargoes,
1401 3823 24 22 in
1437 3823 72 22 China
1517 3823 35 22 for
1561 3822 111 28 England.

694 929 102 23 Latest
814 934 73 16 erom
908 926 189 23 Carthagena.
1100 938 33 4 —
1134 926 50 24 The
1202 927 45 23 fol-

819 960 42 23 the'
878 959 141 31 particulars,
1039 959 59 23 from
1116 959 38 24 the
1173 959 77 31 Royal

663 994 100 28 Gazette,
778 993 24 23 of
818 993 120 29 February
944 994 44 26 ,15,
1002 992 26 22 of
1044 992 38 23 the
1094 997 92 26 capture
1204 993 45 23 and

658 1022 142 28 'destruction
812 1026 23 23 of
854 1025 37 23 the
912 1025 167 30 Carthagenian
1097 1026 55 23 fleet
1167 1026 32 30 by
1210 1026 39 23 the

654 1060 92 23 .British
760 1059 148 23 man-of-war
985 1058 127 30 Charybdis
1120 1068 6 14 :
1128 1072 33 3 —

654 1118 2 4 .
670 1113 5 7 .
688 1098 50 22 Her
748 1098 117 27 Majesty's
880 1097 50 27 brig
940 1098 64 26 Pilot,
1023 1098 149 21 Commander
1181 1098 69 22 Ram-

662 1133 48 19 say,
720 1124 88 23 arrived
818 1124 53 22 here
888 1131 28 14 on
926 1124 81 27 Friday
1017 1124 48 27 last,
1082 1125 57 21 from
1150 1125 101 22 Jamaica

653 1174 2 4 .
661 1152 44 22 and
713 1152 134 23 Barbadpes.
873 1150 42 22 She
927 1151 96 27 brought
1029 1158 60 15 some
1098 1151 78 28 highly
1182 1152 68 21 inter-

662 1180 72 26 esting
753 1185 59 15 news
821 1178 58 21 from
889 1178 139 27 Carthagena
1029 1189 26 4 —
1056 1185 30 14 no
1094 1178 44 21 less
1148 1179 52 21 than
1210 1178 39 22 the

663 1209 89 24 capture
771 1205 45 22 and
835 1204 136 22 destruction
988 1205 26 21 of
1030 1205 36 21 the
1087 1205 162 27 Carthagenian

658 1226 55 28 ileet
729 1233 29 27 by
774 1232 40 21 her
832 1231 118 27 Majesty's
970 1232 49 27 brig
1041 1233 118 26 Charybdis,
1177 1232 72 22 Lieut.

663 1260 32 21 M.
713 1260 35 20 De
760 1260 93 26 Courcy,
870 1258 155 22 Commander.
1054 1259 42 21 We
1113 1263 81 17 cannot
1202 1259 49 21 find

663 1286 47 22 that
720 1286 38 21 the
773 1287 59 20 Pilot
840 1285 47 21 thas
901 1285 96 26 brought
1016 1293 13 14 a
1041 1286 70 26 single
1125 1293 127 20 newspaper

662 1314 76 26 giving
745 1313 38 21 the
792 1312 132 28 particulars
930 1312 25 21 of
960 1312 35 21 the
1004 1313 71 21 action
1082 1320 5 19 ;
1100 1320 32 14 we
1141 1313 110 21 therefore

663 1347 36 14 arc
719 1338 124 28 compelled
862 1343 22 16 to
901 1341 72 18 resort
992 1342 21 17 to
1033 1339 46 21 oral
1097 1340 150 26 information,

663 1366 83 28 though
755 1374 31 14 we
793 1366 58 21 have
857 1372 29 14 no
894 1364 69 22 doubt
969 1365 24 21 of
999 1366 29 21 its
1037 1369 144 18 correctness:
1202 1366 49 21 The

662 1394 128 26 particulars
800 1392 68 22 so'far
879 1399 22 13 as
911 1399 32 14 we
954 1399 40 14 can
1010 1393 115 26 ascertain,
1143 1400 44 18 are,
1204 1393 48 21 that

663 1427 14 14 a
682 1420 94 21 Colonel
783 1418 126 28 Gregg-and
917 1425 59 15 some
988 1419 63 22 other
1057 1419 83 22 British
1149 1420 101 27 subjects,

663 1447 71 21 either
750 1447 33 21 for
793 1453 60 15 some
863 1445 47 21 real
921 1453 24 13 or
957 1446 123 27 imaginary
1091 1446 99 27 offence,.
1195 1454 56 14 were

662 1473 153 22 incarcerated
830 1474 28 25 by
869 1472 37 21 the
918 1472 163 27 Carthagenian
1093 1473 158 21 Government.

663 1501 47 21 The
717 1500 90 22 Colonel
814 1499 84 26 having
905 1499 87 27 applied
1002 1503 24 18 to
1038 1500 35 21 the
1081 1500 81 21 British
1171 1500 82 22 Consul

663 1528 97 21 resident
776 1527 61 21 there
856 1526 35 21 for
906 1526 129 27 protection,
1054 1526 47 22 that
1112 1526 141 28 functionary

663 1554 121 22 interested
794 1552 95 23 himself
901 1560 28 13 on
940 1552 33 21 his
987 1553 83 27 behalf,
1087 1554 40 20 but
1142 1554 34 20 his
1185 1554 68 21 inter-

663 1581 85 22 cession
760 1580 94 28 proving
862 1580 159 26 unsuccessful,
1037 1580 28 22 he
1079 1580 174 22 communicated

665 1609 36 21 the
710 1608 130 27 particulars
852 1610 22 17 to
886 1606 135 22 Lieutenant
1030 1607 34 21 De
1075 1607 92 27 Courcy,
1183 1608 24 20 of
1214 1608 40 20 her

663 1635 118 27 Majesty's
789 1634 48 26 brig
846 1634 120 26 Charybdis,
978 1634 52 21 then
1040 1634 23 21 in
1073 1634 37 21 the
1119 1631 134 29 neighbour-

663 1662 65 21 hood.
758 1661 137 22 Lieutenant
913 1661 35 20 De
969 1661 85 27 Courcy
1071 1660 134 28 despatched
1225 1668 28 14 an

665 1689 74 21 officer
755 1688 52 22 with
823 1695 12 13 a
854 1688 66 20 letter
934 1690 21 18 to
970 1687 37 21 the
1018 1688 145 21 Commodore
1180 1688 24 20 of
1216 1688 44 21 the.

665 1715 109 28 squadron
785 1718 24 18 at
817 1714 86 22 anchor
915 1714 25 21 in
950 1714 37 21 the
997 1717 57 23 port,
1071 1714 135 27 demanding
1216 1715 38 21 the

664 1743 83 21 release
759 1742 24 21 of
798 1741 91 22 Colonel
901 1741 75 27 Gregg
986 1741 46 21 and
1048 1742 37 20 the
1096 1742 63 20 other
1169 1742 84 21 British

665 1770 102 27 subjects.
793 1768 53 22 This
858 1769 69 25 letter,
940 1768 95 21 because
1044 1769 16 20 it
1068 1775 44 14 was
1121 1771 39 18 not
1169 1768 85 22 written

665 1797 21 21 in
699 1796 101 27 Spanish,
815 1802 44 14 was
868 1795 85 21 treated
964 1795 52 21 with
1032 1798 119 24 contempt,
1163 1795 43 21 and
1216 1795 38 21 the

664 1824 79 21 bearer
749 1823 53 22 with
811 1822 68 22 much
890 1822 100 21 hauteur.
1021 1822 35 21 On
1067 1822 38 20 the
1116 1822 92 21 officer's
1220 1829 34 14 re-

665 1854 51 18 turn
735 1854 21 17 to
766 1850 38 21 the
816 1849 120 26 Charybdis,
953 1848 42 22 and
1012 1849 114 27 reporting
1143 1848 59 22 these
1213 1849 42 21 cir-

665 1880 141 19 cumstances
820 1881 21 17 to
852 1877 35 21 his
903 1876 151 26 commander,
1067 1876 145 21 Lieutenant'
1219 1876 34 22 De

666 1905 87 26 Courcy
759 1903 153 26 immediately
921 1903 92 21 entered
1021 1903 37 21 the
1068 1906 57 23 port,
1138 1902 42 22 and
1192 1903 62 21 when

665 1931 134 28 proceeding
810 1934 22 18 to
842 1937 29 14 an
883 1930 122 25 anchorage
1016 1929 27 21 he
1053 1936 43 14 was
1107 1929 55 21 fired
1168 1929 47 21 into
1225 1930 38 27 by

666 1958 37 21 the
720 1957 167 22 Commodore's
906 1956 77 26 vessel,
1002 1964 14 13 a
1031 1959 103 23 corvette,
1155 1957 44 20 and
1218 1957 37 21 the

666 1985 98 26 forestay
771 1985 25 20 of
802 1984 37 21 the
850 1983 114 26 Charybdis
971 1983 49 21 shot
1028 1990 68 18 away.
1122 1983 134 21 Lieutenant

666 2011 35 21 De
712 2011 87 26 Courcy
811 2011 52 21 then
880 2010 54 21 took
941 2017 30 19 up
982 2016 12 14 a
1011 2010 102 26 position,
1131 2009 49 27 and,
1197 2010 60 21 how-

666 2044 52 15 ever
729 2037 115 27 desperate
856 2036 54 22 such
925 2044 13 13 a
946 2036 135 27 proceeding
1091 2042 52 20 may
1152 2036 55 21 have
1219 2044 37 19 ap-

668 2064 80 27 peared
759 2071 27 14 on
797 2064 34 20 bis
840 2069 58 22 part,
913 2063 24 21 in
949 2070 23 14 so
988 2062 62 22 small
1061 2070 13 13 a
1084 2062 70 22 vessel
1171 2063 87 26 agninst

667 2099 29 13 so-
702 2091 129 27 apparently
841 2089 173 27 overwhelming
1030 2096 14 14 a
1053 2089 66 27 force,
1132 2089 28 21 he
1171 2089 36 22 did
1218 2093 40 18 not

668 2121 99 18 overrate
776 2117 37 21 the
824 2117 95 26 bravery
930 2116 24 22 of
966 2116 33 22 his
1009 2116 56 21 little
1075 2116 66 27 band,
1154 2116 34 21 for
1197 2117 58 21 after

668 2152 12 14 a
691 2145 62 21 short
762 2144 56 27 fight
828 2144 36 21 the
877 2147 96 18 corvette
981 2142 155 27 surrendered,
1148 2143 37 21 the
1196 2151 61 13 com-

667 2171 92 22 modore
771 2170 44 22 and
823 2170 137 27 twenty-five
967 2170 25 21 of
998 2170 36 21 his
1044 2177 50 14 men
1107 2169 82 28 having
1199 2170 57 22 been

668 2197 75 23 killed.
773 2198 22 20 A
806 2197 49 27 brig
872 2197 44 21 *md
926 2197 61 21 three
997 2197 125 26 schooners,
1139 2197 47 21 that
1195 2204 63 14 came

669 2229 21 17 to
700 2225 38 21 the
749 2225 119 21 assistance
881 2224 24 21 of
918 2224 37 21 the
966 2227 103 22 corvette,
1086 2230 57 14 were
1155 2224 103 22 attacked

668 2253 23 20 in
701 2256 50 18 turn
763 2251 30 27 by
802 2251 37 21 the
853 2251 128 26 Charybdis.'
1002 2250 29 22 In
1042 2250 42 21 five
1094 2250 98 22 minutes
1202 2251 56 21 after

669 2279 37 21 the
718 2279 114 25 Charybdis
845 2279 97 26 brought
957 2278 40 20 her
1007 2284 56 19 guns
1080 2281 21 17 to
1113 2277 52 21 bear
1183 2285 28 14 on
1221 2278 37 21 the

668 2306 49 27 brig
726 2306 39 21 she
775 2313 44 14 was
830 2305 65 27 sunk,
906 2305 46 21 and
962 2305 35 21 the
1009 2304 119 21 schooners
1138 2312 54 14 soon
1199 2305 59 21 after

670 2333 155 21 surrendered.

697 2359 48 23 The
766 2360 115 25 C/iarybdis
900 2359 79 22 carries
997 2359 43 21 but
1058 2357 61 22 three
1135 2365 63 20 guns,
1216 2365 43 14 one

670 2386 54 27 long
739 2390 47 19 torn
805 2387 128 27 amidships,
952 2385 42 22 and
1007 2389 42 17 two
1065 2385 137 26 carronades,
1214 2385 45 21 and

670 2413 40 21 her
719 2413 43 22 full
772 2414 145 27 compliment
933 2413 24 21 of
970 2412 84 22 officers
1072 2411 45 22 and
1132 2419 51 14 men
1192 2413 17 21 is
1220 2412 39 22 but

672 2440 112 27 fifty-five.

698 2467 120 23 Whatever
834 2467 84 22 offence
927 2467 38 21 the
978 2465 162 28 Carthagenian
1158 2466 102 22 Govern-

672 2497 62 19 ment
750 2495 45 21 had
810 2495 102 21 received
927 2494 56 21 from
995 2493 92 21 Colonel
1103 2493 76 27 Gregg
1193 2493 65 26 (who,

672 2521 17 21 it
706 2528 100 21 appears,
822 2529 44 14 was
885 2521 49 21 shot
948 2519 152 28 immediately
1120 2520 56 21 after
1194 2520 67 22 Lieu-

672 2551 79 19 tenant
768 2549 36 21 De
821 2548 106 27 Courcy's
943 2547 132 28 application
1091 2547 33 21 for
1133 2547 34 21 his
1177 2547 83 21 release

672 2582 43 14 was
725 2575 73 27 made)
811 2575 44 22 and
865 2575 38 21 the
915 2574 63 22 other
988 2573 83 23 British
1081 2574 97 26 subjects
1187 2573 72 22 whom

673 2602 53 26 they
740 2602 46 22 had
806 2601 144 29 imprisoned,
967 2601 45 21 and
1033 2601 103 21 however
1157 2600 104 22 informal

673 2629 37 21 the
733 2629 101 22 Consul's
853 2629 142 28 proceedings
1015 2635 52 20 may
1083 2634 67 21 prove
1164 2630 23 18 to
1204 2627 57 21 have

672 2656 66 26 been,
745 2657 95 26 nothing
850 2655 67 22 could
924 2655 79 28 justify
1009 2655 38 21 the
1057 2657 114 24 contempt
1180 2653 82 23 offered

673 2685 23 19 to
712 2683 137 22 Lieutenant
863 2683 37 21 De
915 2681 105 28 Courcy's
1037 2681 131 28 application
1186 2684 21 18 to
1224 2681 38 21 the

675 2709 155 28 Commodore,
843 2709 58 28 who,
918 2716 55 21 poor
988 2716 60 19 man,
1064 2708 53 28 paid
1136 2707 75 28 dearly
1227 2707 36 22 for

674 2737 34 21 his
718 2737 110 27 temerity.
857 2737 43 21 We
910 2744 38 14 are
958 2735 46 23 told
1019 2735 49 22 that
1083 2735 135 21 Lieutenant
1227 2735 36 21 De

675 2763 86 28 Courcy
770 2764 91 21 intends
879 2767 23 18 to
917 2763 85 21 remain
1018 2766 23 18 at
1055 2762 140 27 Carthagena
1209 2761 54 22 with

674 2789 34 22 his
717 2791 71 26 prizes
799 2791 33 21 till
846 2791 29 20 he
884 2790 66 21 hears
960 2790 56 21 from
1032 2789 36 22 the
1082 2789 93 22 admiral
1185 2796 28 14 on
1224 2789 39 21 the

676 2817 85 26 subject
771 2818 22 20 of
803 2817 57 22 their
870 2820 96 24 capture,
979 2817 41 21 &c.

703 2843 41 21 We
764 2846 56 19 trust
839 2843 49 22 that
905 2843 136 22 Lieutenant
1059 2843 35 22 De
1115 2843 85 27 Courcy
1216 2843 46 21 will

675 2872 61 19 meet
749 2870 49 21 that
807 2870 85 22 reward
908 2873 23 18 to
946 2870 71 21 which
1030 2870 34 21 his
1074 2870 101 27 bravery,
1187 2871 22 20 in
1220 2869 44 22 this

675 2896 108 27 instance,
793 2904 25 14 so
831 2897 50 22 well
893 2897 86 21 entitles
992 2897 54 21 him.

704 2923 48 21 The
762 2930 67 15 cause
839 2923 25 22 of
879 2923 36 21 the
929 2923 56 27 fight
994 2923 91 21 alluded
1100 2926 22 19 to
1133 2924 69 21 above
1211 2930 52 20 was,

677 2949 50 21 that
735 2949 38 22 the
791 2951 49 26 brig
926 2951 42 19 and
987 2951 74 26 Sarah,
1078 2950 74 22 whilst
1167 2951 61 27 lying
1242 2953 23 19 at

679 2977 87 26 Sapote,
792 2977 24 21 in
840 2984 111 20 company
974 2977 53 21 with
1049 2977 38 21 the
1113 2977 60 28 sloop
1195 2978 69 20 Little

680 3004 99 26 William,
798 3010 50 21 was,
866 3011 30 14 on
910 3004 38 21 the
965 3003 37 22 6th
1019 3003 86 27 ultimo,
1122 3004 99 22 boarded
1235 3005 30 27 by

680 3030 96 22 General
789 3045 4 3 •
804 3031 130 21 Car-mona's
964 3030 116 27 squadron,
1104 3031 56 21 both
1183 3032 82 21 vessels

678 3057 126 27 plundered
821 3060 22 18 to
863 3064 14 14 a
895 3057 61 28 large
975 3060 92 19 amount
1084 3057 30 21 of
1133 3058 69 26 goods
1221 3058 46 21 and

679 3084 79 27 specie,
770 3091 56 14 crew
841 3084 142 27 imprisoned,
994 3083 46 22 and
1056 3084 77 27 Gregg
1145 3085 43 21 and
1202 3085 64 22 three

667 3110 5 6 %
680 3111 64 21 other
752 3118 130 20 passengers
893 3111 25 21 of
925 3111 37 21 the
971 3112 54 20 Jane
1034 3112 41 20 and
1086 3112 69 20 Sarah
1167 3112 56 21 shot.

706 3138 39 21 An
760 3140 94 24 attempt
868 3145 44 14 was
928 3139 64 21 made
1010 3145 29 14 on
1056 3139 102 26 Monday
1172 3139 61 22 week
1244 3141 23 19 to

679 3164 58 21 burn
748 3164 64 22 down
823 3164 37 21 the
877 3165 100 26 splendid
992 3165 42 22 oak
1048 3166 69 21 forest
1127 3166 26 21 of
1163 3166 102 26 Portlaw,

680 3191 37 21 the
728 3194 104 25 property
842 3191 26 21 of
885 3189 36 24 tlie
941 3192 99 27 Marquis
1045 3192 30 22 .of
1087 3192 132 27 Waterford,
1236 3192 31 27 by

680 3217 65 26 firing
752 3217 37 22 the
799 3226 64 19 game
874 3226 75 14 covers
957 3226 27 15 on
994 3218 153 28 Ballycahane
1159 3219 54 27 Hill,
1225 3219 42 22 im-

680 3245 120 31 mediately
810 3245 114 27 adjoining
933 3246 24 21 it.

709 3271 50 21 One
769 3271 26 22 of
807 3271 37 22 the
855 3271 85 28 largest
953 3272 181 28 manufacturing
1147 3273 80 22 houses
1242 3272 24 21 in

682 3297 36 22 the
728 3297 107 28 kingdom
835 3309 28 5 —
865 3298 47 21 that
922 3299 26 21 of
960 3299 84 27 Joseph
1056 3300 67 21 Beale
1134 3300 43 22 and
1187 3300 47 25 Co.,
1246 3299 26 22 of

681 3325 180 26 Mountmellick,
894 3325 90 22 Ireland
985 3337 27 4 —
1012 3326 41 22 has
1074 3339 2 5 ■
1086 3327 69 27 lately
1190 3325 77 28 failed,

681 3351 111 27 throwing
801 3353 61 26 1,000
871 3359 91 20 persons
973 3356 37 18 out
1019 3353 26 22 of
1052 3353 155 28 employment.

708 3382 48 22 The
782 3382 55 23 total
860 3384 175 26 augmentations
1054 3385 26 21 of
1100 3386 38 20 the
1157 3392 63 20 army
1235 3385 34 21 for

682 3409 86 27 foreign
786 3410 83 21 service
883 3410 44 23 will
943 3415 92 18 amount
1047 3414 21 19 to
1084 3415 23 18 at
1120 3412 58 22 least
1194 3412 75 27 15,000

681 3443 61 15 men.
780 3436 235 28 Lieutenant-general
1034 3438 34 22 Sir
1086 3439 121 27 Benjamen
1228 3438 41 22 D'-

682 3463 78 22 Urban
769 3471 52 18 goes
832 3466 23 19 to
864 3464 67 22 India
940 3471 24 14 as
973 3465 263 23 Commander-in-Chief.

710 3497 127 26 According
856 3499 23 19 to
889 3503 21 16 'a
931 3497 132 23 calculation
1080 3499 101 27 recently
1196 3499 72 26 made,

682 3523 64 21 there
756 3530 37 14 are
803 3525 39 20 180
852 3524 74 22 canals
935 3524 24 22 in
968 3525 69 22 Great
1046 3525 94 28 Britian,
1152 3525 118 27 extending

683 3551 63 26 2,082
753 3550 70 27 miles,
830 3550 85 22 formed
922 3554 24 19 at
955 3559 28 14 an
990 3560 97 20 expense
1093 3553 25 21 of
1126 3553 144 27 £30,000,000

684 3576 100 26 sterling.
804 3589 4 2 ■
821 3586 4 3 ■
854 3586 3 7 >
872 3589 5 5 -

712 3603 44 22 Mr.
774 3603 105 23 Caldwell
894 3604 38 22 the
946 3605 84 22 Dublin
1047 3608 102 25 attorney
1160 3612 44 16 was
1218 3612 53 15 con-

683 3630 76 22 victed
768 3631 26 21 of
800 3631 37 22 the
847 3632 84 21 assault
939 3639 60 20 upon
1011 3633 55 22 Mrs.
1078 3633 95 26 Corbett,
1183 3632 40 21 but
1234 3632 37 21 the

681 3657 53 28 jury
738 3658 172 22 recommended
919 3659 48 21 him
975 3661 22 20 fo
1007 3666 82 21 mercy.
1119 3659 37 22 He
1165 3658 39 22 has
1213 3659 58 21 been

684 3684 124 22 sentenced
816 3688 23 18 to
850 3688 44 19 two
906 3686 71 26 years'
987 3686 175 26 imprisonment

712 3716 22 21 A
745 3718 98 20 contract
848 3716 36 22 for
891 3718 89 26 100,000
989 3718 86 26 gallons
1084 3718 26 21 of
1115 3725 48 14 rum
1172 3718 37 21 has
1214 3717 59 22 been

684 3742 136 22 announced
837 3743 68 27 being
925 3744 37 21 the
980 3744 83 22 second
1078 3745 62 21 since
1157 3744 38 22 the
1212 3751 62 14 com-

684 3772 142 19 mencement
835 3770 26 21 of
875 3770 37 22 the
922 3778 60 19 year.
1011 3772 76 26 50,000
1103 3770 85 28 gallons
1198 3770 26 22 of
1236 3770 38 21 the

684 3798 102 19 contract
796 3803 36 15 are
842 3800 23 19 to
874 3796 29 22 be
912 3797 27 22 of
949 3797 54 22 East
1013 3798 72 26 India,
1097 3798 44 21 and
1150 3798 37 21 the
1197 3799 45 20 rest
1252 3796 24 22 of

684 3822 64 22 West
757 3822 67 23 India
838 3823 107 28 produce.
973 3824 48 21 The
1035 3823 96 29 produce
1141 3824 25 22 of
1180 3824 60 22 Rum
1249 3822 26 23 in

685 3849 67 22 India
757 3849 71 23 shows
835 3850 89 27 suchjan
929 3850 166 28 improvement,
1106 3850 49 22 that
1159 3850 23 21 in
1190 3850 85 22 several

684 3878 111 20 contracts
813 3877 68 22 taken
896 3879 23 18 to
935 3876 79 28 supply
1030 3877 36 22 the
1081 3884 62 20 navy
1156 3877 34 22 for
1206 3876 68 22 about

684 3902 80 23 twelve
774 3903 96 27 months,
890 3902 102 22 one-half
1006 3902 41 23 has
1060 3903 58 22 been
1135 3903 55 22 East
1207 3903 68 22 India

684 3929 70 28 spirit.
779 3930 47 21 The
832 3929 134 29 production
971 3929 25 22 of
1002 3937 51 15 rum
1059 3930 24 21 in
1093 3929 38 23 the
1138 3930 54 23 East
1199 3929 76 24 Indies

684 3958 19 21 is
711 3956 87 27 greatly
808 3963 28 16 on
846 3956 39 23 the
894 3956 106 23 increase.

89 1825 169 23 Commercial
270 1824 217 24 Intelligence.-
487 1825 10 15 1
497 1837 15 3 -
513 1824 50 24 The
574 1831 62 15 mar-

57 1858 50 24 kets
118 1858 113 23 remained
251 1858 107 31 tranquil.
394 1858 30 23 In
433 1872 2 5 •
444 1858 37 23 the
501 1857 136 31 speculative

56 1891 89 24 market
154 1892 95 30 nothing
259 1899 46 15 was
317 1891 77 30 doing,
409 1892 24 22 in
445 1898 154 24 consequence
611 1898 26 15 as

57 1933 44 15 was
119 1925 111 30 supposed
251 1925 25 22 of
290 1924 38 23 the
348 1924 118 23 increased
484 1929 60 18 rates
564 1924 73 22 which

57 1966 56 15 were
141 1958 85 31 ■weekly
251 1958 133 30 advancing,
409 1958 45 22 and
482 1957 73 23 which
578 1957 18 23 it
618 1957 19 23 is

57 1990 96 32 thought
164 1992 45 22 will
228 1990 61 24 soon'
303 1991 69 23 reach
391 1991 39 22 the
448 1991 73 30 prices
542 1990 65 31 paid.
614 1990 24 22 in

52 2025 67 22 •1838
140 2024 42 22 and
204 2025 72 22 1839.
322 2024 59 22 This
403 2024 45 22 rise
468 2023 71 23 refers
559 2027 22 18 to
600 2023 37 22 the

58 2056 73 23 useful
143 2056 141 23 consumable
296 2056 97 28 articles,
405 2056 53 23 with
470 2056 38 23 the
520 2056 118 30 exception

59 2090 23 22 of
98 2098 71 23 sugar,
183 2089 71 23 which
273 2090 19 22 is
311 2089 110 32 expected
443 2094 22 18 to
477 2089 86 23 decline
574 2094 23 18 to
609 2097 30 15 an

58 2128 77 18 extent
147 2128 36 18 not
195 2123 135 31 anticipated
339 2132 6 18 ;
360 2123 103 29 upwards
476 2123 25 22 of
506 2124 36 21 -20
554 2122 85 23 vessels

58 2154 86 31 (SjOOO
163 2155 72 32 tons,)
248 2156 43 23 had
309 2156 42 22 left
370 2156 93 30 Sydney
473 2156 23 22 in
516 2156 37 22 the
571 2163 68 22 sugar

59 2190 145 30 speculation.

91 2223 109 23 Wheat.
202 2236 33 3 —
238 2225 71 26 1,500
322 2222 94 23 bushels
427 2222 45 23 had
484 2222 87 23 arrived
584 2222 55 22 from

60 2256 150 29 Launceston,
219 2256 71 23 which
301 2256 44 23 had
358 2256 58 23 been
425 2255 87 31 bought
521 2263 30 23 up
559 2256 29 29 by
599 2262 41 15 one

61 2290 23 22 of
94 2290 37 22 the
144 2290 72 22 Mills.
250 2290 24 23 A
285 2290 41 22 few
339 2289 64 23 loads
414 2289 45 23 had
472 2290 56 22 been
544 2288 97 31 brought

60 2328 22 18 to
102 2323 39 22 the
159 2323 92 30 Sydney
270 2323 102 28 Market,
396 2323 46 22 and
463 2330 62 15 some
542 2321 99 31 brought

61 2357 35 24 7s.
110 2356 38 24 3d.
159 2364 41 22 per
212 2356 87 23 bushel.

94 2389 94 24 Flour.
191 2403 34 3 —
226 2389 50 24 The
294 2389 95 23 Market
407 2390 20 22 is
445 2389 104 31 reported
564 2389 76 29 lively,

62 2422 43 24 and
129 2423 95 23 exhibits
247 2430 30 16 an
297 2422 94 31 upward
419 2422 119 30 tendency.
584 2422 58 23 Fine

61 2457 57 22 flour
143 2458 50 21 20s.
214 2462 21 17 to
254 2457 62 28 215.,
341 2455 96 24 seconds
458 2457 51 22 15s.
533 2460 23 19 to
581 2457 60 27 165.,

63 2490 72 22 ration
149 2491 49 22 13s.
212 2494 23 18 to
249 2491 50 22 14s.

96 2523 141 22 Potatoes.
239 2535 31 3 —
275 2522 103 23 Colonial
396 2523 37 24 £5
452 2526 21 19 to
492 2523 37 23 £6
543 2530 41 23 per
595 2526 47 24 ton,

63 2556 107 23 Derwent
188 2556 37 24 £8
242 2560 23 18 to
284 2556 36 24 £9
339 2557 36 23 9s.
390 2579 8 3 _
412 2556 51 23 The
485 2556 67 22 retail
570 2556 73 30 prices

64 2597 36 15 are
102 2602 33 3 —
137 2589 101 23 Colonial
256 2590 35 24 7s.
311 2594 23 18 to
348 2592 35 21 Bs.
403 2597 41 23 per
456 2594 69 24 cwt.,.
521 2603 9 17 ;
535 2589 109 23 Derwent

65 2625 50 21 10s.
131 2627 20 18 to
162 2625 52 21 12s.
329 2632 4 11 »
492 2634 7 10 /
