2529 4010
20 244 320 36 THE
446 244 320 36 NEW
872 244 745 36 ZEALAND
1723 244 745 36 GAZETTE

20 280 2448 69 AND

20 349 1224 68 WELLINGTON
1366 349 1102 68 SPECTATOR

591 466 219 39 PUBLISHED
855 468 131 37 EVERY
1031 467 255 43 WEDNESDAY
1331 467 87 37 AND
1464 467 227 38 SATURDAY
1736 468 205 37 MORNING.

529 580 132 32 PORT
687 581 290 40 NICHOLSON,
998 581 308 34 WEDNESDAY
1327 581 240 40 MORNING,
1587 585 264 33 DECEMBER
1875 588 28 33 1,
1927 589 89 28 1841:

78 583 65 33 No.
164 583 68 40 94.]

2281 585 100 41 [Vol.
2404 587 48 30 11.

2127 676 240 27 Surveyor-General's
2377 677 78 28 Office,

2237 703 60 22 Nov.
2307 705 20 25 5,
2340 705 62 21 1841.

1971 734 40 20 To
2026 734 183 22 Landowners
2224 736 55 21 and
2293 737 115 26 Agents.

1896 766 145 48 NOTICE
2056 767 27 22 IS
2098 767 127 23 HEREBY
2239 769 108 26 GIVEN,
2362 769 49 21 that
2418 769 68 22 land*

1955 811 3 5 ,
1976 794 47 21 will
2032 794 26 20 he
2068 794 82 22 offered
2160 794 34 22 for
2204 795 106 21 selection
2315 799 24 17 at
2348 795 133 27 Wanganui,

1896 827 30 14 on
1945 819 123 28 Thursday,
2087 820 51 22 16th
2155 821 123 22 December
2292 826 61 20 next,
2453 823 29 21 all

1896 853 92 20 persons
2004 846 127 22 concerned
2143 854 38 14 are
2192 847 112 28 earnestly
2323 849 120 27 requested
2461 853 22 17 to

1897 873 83 27 attend,
1988 890 3 3 .
2002 881 25 13 or
2041 873 58 21 their
2108 873 87 23 choices
2212 874 45 22 will
2272 874 28 22 be
2315 875 131 22 considered
2460 883 24 14 as

1896 899 113 22 reserved.

2094 926 35 22 W.
2145 927 34 22 M.
2193 927 83 28 Smith,
2287 928 64 27 Capt.
2362 928 67 27 R.A.,
2458 947 3 3 .
2494 947 7 4 .

1902 982 127 6 ______^
2230 955 85 26 Survey
2317 955 56 21 or-G
2376 955 73 21 eneral
2452 971 6 5 .

2127 999 240 28 Surveyor-General's
2378 999 78 28 Office,

2214 1025 60 22 Nov.
2284 1027 35 26 19,
2331 1027 60 21 1841.

1900 1057 145 48 NOTICE
2068 1058 28 22 IS
2120 1058 128 23 HEREBY
2271 1059 109 27 GIVEN,
2406 1063 22 18 to
2447 1060 38 21 the

1978 1084 90 22 holders
2078 1084 26 22 of
2124 1084 45 22 and
2188 1090 78 22 agents
2280 1086 37 21 for
2326 1090 125 24 proprctors
2461 1087 26 21 of
2501 1093 2 5 ■

1899 1110 144 28 preliminary
2058 1111 54 22 land
2127 1112 83 24 orders,
2227 1112 48 21 that
2291 1120 30 14 no
2336 1113 54 22 land
2404 1113 45 22 will
2458 1112 29 23 be'

1900 1136 83 22 offered
1992 1137 61 22 them
2063 1138 35 21 for
2106 1138 105 22 selection
2221 1146 61 20 upon
2294 1139 37 22 the
2345 1140 48 21 first
2402 1140 83 21 Thurs-

1900 1163 44 27 day
1954 1164 23 21 in
1986 1163 133 23 December.

2104 1191 36 22 W.
2150 1192 33 21 M.
2193 1192 82 26 Smith,
2287 1192 63 28 Capt.
2363 1192 67 27 R.A.,

2230 1219 229 27 Surveyor-General.

2010 1262 56 22 New
2080 1262 102 23 Zealand
2197 1263 136 33 Company's
2348 1264 113 27 Principal

2154 1290 20 21 A
2177 1290 60 26 gent'
2240 1298 11 13 8
2265 1290 78 27 Ofhce,

2064 1315 144 28 Wellington,
2220 1316 99 22 October
2327 1319 20 25 8,
2358 1319 61 20 1841.

1902 1348 125 48 BILLS,
2040 1352 23 18 at
2079 1349 69 27 thirty
2159 1349 61 28 days'
2236 1350 65 26 sight,
2319 1350 76 23 drawn
2410 1351 31 27 by
2451 1351 40 22 the

1979 1375 113 27 Principal
2105 1376 78 27 Agent
2197 1384 30 14 on
2237 1376 37 22 the
2284 1378 117 27 Secretary
2414 1378 27 21 of
2451 1378 37 21 the

1973 1402 102 21 Zealand
2091 1402 122 28 Company,
2232 1403 103 28 London,
2346 1411 42 15 can
2404 1405 28 21 be
2445 1405 44 22 had

1901 1435 30 15 on
1940 1429 134 27 application
2084 1432 23 19 at
2116 1429 37 22 the
2164 1430 71 22 above
2244 1430 73 23 office.

2146 1463 29 22 D.
2190 1463 81 27 Lewis,

2101 1489 66 23 Clerk
2177 1493 21 19 to
2208 1490 39 22 the
2258 1491 110 27 Principal
2379 1491 82 27 Agent.

2069 1535 68 20 Port
2152 1534 31 21 of
2199 1535 125 21 London.

1955 1567 88 22 Notice
2063 1575 28 14 to
2110 1575 47 15 the
2178 1568 92 22 Public.
2271 1580 29 3 —
2301 1569 124 22 Travellers
2445 1569 44 22 and

1895 1601 3 5 1
1903 1594 74 22 others
1985 1594 51 22 who
2046 1594 55 22 send
2109 1595 108 27 baggage,
2228 1596 72 21 works
2310 1596 26 20 of
2347 1600 40 22 art,
2395 1603 25 14 or
2427 1596 63 22 other

1903 1620 66 22 value
1977 1625 105 23 property
2092 1625 22 18 to
2124 1622 112 26 England,
2253 1622 87 27 should,
2349 1623 93 26 consign
2453 1623 43 22 the,

1903 1648 111 26 packages
2024 1651 22 18 to
2056 1648 38 21 the
2104 1655 51 15 care
2162 1648 25 22 of
2193 1656 14 14 a
2212 1648 100 22 licensed
2320 1649 170 22 Custom-house

1904 1677 74 24 agent,
1994 1682 24 14 as
2035 1675 87 21 articles
2137 1682 37 14 are
2190 1676 129 27 frequently
2333 1676 95 27 injured,
2446 1676 49 22 and.

1903 1701 103 22 needless
2015 1709 98 19 expense
2127 1702 112 27 incurred,
2256 1702 35 22 for
2305 1702 38 22 the
2360 1707 59 17 want
2435 1703 26 21 of
2479 1710 15 14 a

1903 1735 81 20 proper
1993 1735 81 21 person
2085 1731 22 19 to
2118 1728 51 22 take
2180 1729 80 27 charge
2270 1730 26 20 of
2312 1729 62 22 them
2389 1737 28 14 on
2434 1730 61 21 their

1905 1754 87 26 arrival,
2002 1754 45 22 and
2057 1763 37 13 see
2108 1754 62 23 them
2188 1756 97 26 entered,
2304 1756 124 27 examined,
2447 1756 49 22 and'

1905 1781 108 28 carefully
2026 1781 119 29 repacked.
2179 1782 48 22 The
2247 1782 80 28 charge
2343 1783 19 22 is
2378 1783 37 22 the
2431 1790 60 15 same

1905 1808 99 22 whether
2013 1815 24 15 so
2047 1808 123 28 consigned
2180 1816 25 14 or

1956 1835 171 22 Custom-house
2137 1836 118 27 Chamber,
2266 1836 103 27 London,

1906 1895 140 48 DEVOY
2055 1895 45 22 and
2109 1896 55 27 CO.,
2179 1897 44 20 who
2237 1903 37 14 are
2291 1898 35 19 the
2340 1898 153 20 LICENSED

1986 1923 124 20 AGENTS
2119 1923 28 26 of
2155 1924 48 20 Her
2208 1924 112 26 Majesty's
2328 1926 164 19 Commissioners

1896 1949 147 26 -of^Customs,
2054 1950 43 20 and
2105 1951 71 20 .under
2185 1952 63 25 heavy
2256 1952 64 21 bonds
2326 1952 42 25 for
2377 1952 36 21 the
2421 1952 78 26 safety-

1906 1975 28 23 qf
1938 1978 102 22 property
2049 1978 118 23 -consigned
2181 1980 20 17 to
2218 1979 62 24 them,
2300 1978 45 27 beg
2362 1978 63 22 those
2443 1978 52 23 who-

1906 2000 56 22 send
1970 2001 111 28 packages
2085 2006 26 20 .to.
2124 2003 58 22 their
2191 2011 57 20 care,
2263 2008 24 19 to
2297 2011 37 15 see
2343 2005 49 22 that
2402 2005 54 22 each
2465 2006 28 21 be

1906 2026 115 29 distinctly
2038 2029 93 22 marked
2155 2027 104 26 "Dev'oy
2277 2031 47 22 and
2342 2032 48 27 Co.,
2409 2032 84 21 Lower

1906 2053 200 30 Thames-street,
2247 2058 87 21 andthe
2340 2058 40 22 bill
2387 2059 26 21 of
2418 2058 76 28 lading

1906 2088 27 14 or
1945 2081 85 28 receipt
2043 2082 125 23 forwarded
2186 2088 22 17 to
2227 2084 62 23 them
2307 2085 71 22 direct
2392 2086 29 26 by
2436 2089 57 24 post,

1906 2107 53 22 with
1968 2109 144 22 instructions
2121 2109 50 23 how
2182 2111 55 22 such
2246 2112 71 26 goods
2326 2119 36 15 are
2373 2116 23 17 to
2408 2113 28 21 be
2451 2112 43 22 dis-

1906 2134 69 26 posed
1984 2135 27 21 of
2021 2143 30 14 on
2060 2137 80 21 arrival
2148 2145 6 19 ;
2170 2137 44 22 and
2221 2145 26 15 as
2254 2145 68 21 every
2328 2139 99 27 package
2435 2143 59 18 must

1906 2159 28 23 be
1952 2162 85 27 opened
2058 2166 23 18 at
2100 2163 37 22 the
2155 2164 179 28 Custom-house,
2352 2166 22 21 if
2394 2173 45 21 any
2456 2173 38 16 are

1906 2187 86 28 locked,
2004 2189 38 22 the
2051 2189 55 28 keys
2115 2190 81 23 should
2204 2192 30 21 be
2243 2192 131 22 forwarded.

1934 2215 76 23 Goods
2019 2217 45 21 and
2072 2217 111 27 packages
2192 2225 37 15 are
2239 2218 124 23 forwarded
2372 2220 30 26 by
2412 2219 79 27 Devoy

1906 2241 47 22 and
1961 2243 38 21 Co.
2010 2246 23 18 to
2043 2243 30 22 all
2087 2248 60 23 parts
2162 2244 26 22 of
2199 2245 38 22 the
2254 2246 129 27 Continent,
2394 2246 36 22 the
2441 2247 53 22 East

1906 2269 51 21 and'
1962 2269 62 22 West
2032 2270 81 27 Indies,
2124 2271 110 28 Colonies,
2245 2272 41 22 &c.
2297 2273 41 22 &c.
2347 2281 5 19 ;
2364 2273 52 26 and,
2427 2273 20 22 if
2459 2281 35 14 re-

1906 2295 85 28 quired,
2002 2300 51 18 sent
2067 2300 23 19 to
2100 2298 37 22 the
2150 2305 49 16 care
2215 2299 27 22 of
2252 2300 138 27 responsible
2407 2302 86 25 houses,

1906 2322 50 22 who
1971 2323 44 22 will
2032 2331 36 14 see
2084 2324 38 22 the
2138 2324 144 24 instructions
2299 2330 50 18 sent
2364 2326 53 22 with
2432 2326 61 23 them

1906 2350 131 27 punctually
2047 2351 108 22 attended
2164 2356 29 18 to.

1934 2376 39 22 All
1981 2377 70 27 goods
2061 2378 44 21 and
2115 2378 110 28 packages
2234 2379 35 22 for
2277 2380 114 27 shipment
2397 2384 60 18 must
2465 2380 29 22 be

1906 2405 160 26 accompanied
2075 2405 30 27 by
2121 2406 88 21 written
2223 2406 152 28 instructions,
2387 2407 52 22 with
2456 2408 38 21 the

1905 2437 67 15 name
1981 2431 46 21 and
2036 2431 90 22 address
2136 2432 26 22 of
2175 2432 37 22 the
2221 2433 84 27 parties
2313 2434 30 27 by
2354 2434 71 21 whom
2442 2434 52 32 they

1905 2464 40 14 are
1957 2461 57 24 sent,
2030 2458 45 22 and
2091 2458 37 22 the
2143 2463 103 18 contents
2258 2460 46 21 and
2320 2460 66 22 value
2402 2461 26 21 of
2441 2461 53 22 each

1905 2484 99 27 package
2014 2485 81 22 stated.
2122 2486 48 22 The
2187 2487 54 27 duty
2251 2488 111 21 outwards
2374 2488 20 21 is
2404 2490 44 20 10*:
2455 2496 39 20 per

1905 2512 61 21 £100
1981 2512 73 22 value.
2092 2512 48 23 The
2155 2517 48 18 rate
2219 2514 27 21 of
2258 2514 120 22 insurance
2396 2515 99 27 depends

1906 2546 60 20 upon
1976 2539 183 23 circumstances.
2187 2540 44 23 For
2247 2541 88 22 further
2348 2542 146 22 information

1905 2566 68 27 apply
1997 2570 24 18 to
2044 2566 44 23 Mr.
2107 2567 93 22 Samuel
2227 2568 101 27 Revans,
2348 2568 147 28 Wellington,

1906 2592 54 22 Port
1969 2592 131 23 Nicholson.

1906 2639 40 20 To
1961 2638 163 22 Gentlemen
2138 2639 147 27 intending
2299 2641 29 19 to
2343 2642 77 19 enter
2434 2641 60 20 into

1933 2666 45 20 the
2007 2666 143 26 profitable
2180 2667 109 25 pursuit
2317 2667 30 21 of
2374 2667 121 27 Grazing

1934 2692 54 20 and
2009 2693 136 27 Breeding
2164 2694 93 24 Stock,
2279 2693 44 21 for
2342 2694 89 21 which
2451 2695 45 20 the

1933 2718 89 22 fertile
2042 2720 110 20 Islands
2174 2720 30 20 of
2221 2721 71 19 New
2308 2721 123 21 Zealand
2451 2726 43 16 are

1933 2751 31 15 so
1979 2747 152 26 peculiarly
2145 2747 126 26 adapted.

1903 2785 92 48 THE
2006 2784 204 28 undersigned.beg
2220 2789 22 17 to
2251 2785 84 22 inform
2345 2786 58 22 their
2411 2786 85 22 friends

1976 2812 47 21 and
2039 2812 38 21 the
2092 2812 75 27 public
2183 2812 122 27 generally,
2323 2813 48 21 that
2378 2809 7 8 u
2387 2813 54 27 they
2451 2813 44 23 will

1976 2843 101 17 contract
2087 2839 35 21 for
2131 2838 38 22 the
2185 2839 98 27 delivery
2297 2839 26 22 of
2329 2839 37 22 the
2381 2840 115 27 following

1905 2865 134 28 description
2053 2866 26 21 of
2086 2865 74 28 Stock,
2168 2866 24 22 in
2200 2874 46 19 any
2256 2867 54 21 Port
2320 2867 25 21 of
2358 2866 38 22 the
2407 2867 88 22 Islands

1906 2892 26 22 of
1937 2892 56 22 New
2004 2892 100 22 Zealand
2112 2900 5 14 :
2119 2904 29 4 —

1934 2926 96 21 Horned
2044 2926 68 22 cattle
2130 2926 126 28 (improved
2268 2926 91 28 breeds)
2375 2927 27 22 of
2413 2927 31 22 all
2458 2926 39 23 de-

1905 2953 125 27 scriptions,

1933 2986 92 27 Horses,
2046 2986 58 22 from
2126 2987 40 22 the
2187 2987 50 22 best
2256 2987 94 27 English
2370 2987 46 22 and
2432 2987 63 23 Arab

1904 3013 69 27 studs,
1990 3013 94 22 suitable
2101 3014 35 21 for
2154 3014 85 27 racing,
2255 3014 84 27 saddle,
2350 3022 26 14 or
2388 3014 105 28 harness;

1903 3039 48 23 and
1957 3040 109 27 breeding
2075 3047 81 21 mares,
2395 3059 4 2 .
2421 3045 4 3 '

1932 3073 57 22 Pure
1999 3074 76 21 Saxon
2085 3073 46 23 and
2140 3074 87 22 merino
2238 3081 64 21 ewes,

1931 3107 122 23 Half-bred
2068 3107 115 23 Leicester
2195 3108 47 22 and
2258 3109 87 21 merino
2364 3116 63 19 ewes,
2444 3116 50 21 par-

1903 3134 104 28 ticularly
2016 3135 96 27 adapted
2126 3135 36 22 for
2171 3135 43 22 this
2224 3140 103 23 country,
2338 3142 24 15 as
2371 3135 54 28 they
2432 3137 62 21 unite

1903 3161 82 28 weight
1995 3161 26 22 of
2028 3169 86 15 carcass
2125 3161 53 23 with
2187 3163 98 21 fineness
2295 3163 27 21 of
2328 3162 64 22 wool.

1929 3196 49 21 The
2001 3196 152 27 undersigned
2176 3203 42 16 can
2247 3196 168 23 accommodate
2442 3205 52 20 pur-

1903 3222 89 23 chasers
2007 3223 26 21 of
2046 3222 58 22 their
2113 3223 69 22 Stock
2199 3223 54 22 with
2269 3224 117 22 extensive
2401 3224 93 27 grazing

1901 3257 62 19 runs,
1974 3250 78 21 within
2063 3251 40 20 100
2112 3250 66 23 miles
2188 3250 26 22 of
2219 3250 44 22 this
2273 3250 63 23 Port.

2166 3283 34 23 W.
2216 3284 27 22 B.
2258 3284 96 22 Rhodes
2367 3284 47 22 and
2428 3285 38 22 Co.
2490 3287 3 5 '

2113 3329 164 21 Education.
2326 3341 2 3 -
2346 3341 2 4 ■

1903 3362 108 50 MRS.
2032 3362 45 22 and
2096 3362 71 22 MISS
2192 3358 193 28 WA^KEFIELD
2407 3364 87 22 receive

1993 3389 75 28 pupils
2077 3396 28 15 on
2117 3389 38 22 the
2164 3389 115 28 following
2289 3394 69 18 terms
2364 3398 5 14 :
2370 3402 30 5 —

1931 3416 43 22 For
1991 3416 77 27 board,
2087 3415 55 23 with
2160 3416 102 27 washing
2275 3417 48 22 and
2337 3419 35 20 in-

1957 3443 108 22 struction
2069 3443 24 21 in
2098 3443 92 27 general
2196 3443 95 28 English
2296 3444 76 22 litera-

1956 3473 57 24 ture,
2030 3468 94 29 writing,
2139 3470 47 22 and
2196 3471 119 28 aritinetic,
2332 3479 41 20 per

1957 3500 90 25 quarter
2371 3500 14 20 8
2413 3500 12 20 8
2453 3501 14 20 0

1928 3523 79 23 Under
2015 3525 13 21 7
2037 3531 66 20 years
2112 3525 27 21 of
2150 3531 42 20 age
2371 3527 14 21 7
2412 3526 13 22 7
2453 3527 14 20 0

1929 3551 51 27 Day
1990 3551 106 22 boarders
2370 3554 15 20 4
2411 3553 14 21 4
2453 3554 14 20 0

1929 3577 52 33 Day
1990 3577 73 28 pupils
2371 3581 14 20 2
2411 3581 14 19 2
2453 3581 13 20 0

1915 3605 95 22 /Junior
2019 3604 56 22 ditto
2372 3607 51 21 11l
2453 3608 13 20 6

1900 3631 96 28 French,
2012 3631 90 29 Italian,
2118 3632 46 22 and
2178 3632 115 27 Drawing,
2304 3632 32 22 £1
2352 3634 45 20 11s.
2407 3633 37 22 6d.
2454 3640 40 21 per

2147 3663 98 24 quarter.

1928 3685 90 23 Private
2028 3685 86 23 lessons
2122 3685 25 23 in
2159 3686 76 27 music,
2248 3693 24 14 or
2282 3692 46 21 any
2339 3685 25 22 of
2374 3685 39 23 the
2423 3686 70 22 above

1899 3711 112 24 branches
2021 3713 26 21 of
2058 3712 127 27 education,
2200 3720 44 14 one
2259 3712 77 23 hour's
2350 3713 141 28 instruction,

1900 3739 52 22 four
1959 3739 74 22 lesson
2036 3747 10 14 3
2063 3739 37 22 for
2108 3746 44 16 one
2161 3740 90 27 guinea.

1927 3766 137 22 References
2073 3770 23 18 to
2106 3766 39 22 the
2153 3766 115 27 following
2273 3766 131 27 gentlemen
2414 3766 80 28 kindly

1899 3793 122 28 permitted
2029 3801 5 14 :
2035 3804 30 4 —
2394 3810 7 4 .
2427 3813 7 4 ,

1927 3821 64 27 Capt.
2002 3820 35 22 W.
2049 3820 33 22 M.
2094 3819 79 28 Smith,
2185 3819 68 28 R.A.,
2261 3820 232 28 Surveyor-General,

1927 3847 28 22 T.
1967 3847 32 22 M.
2011 3847 123 27 Partridge,
2146 3847 53 28 Esq.

1929 3875 23 21 S.
1961 3874 99 27 Revans,
2071 3874 53 27 Esq.

1898 3907 73 23 Tinak
1973 3907 111 28 ore-road,
2096 3907 90 28 August
2193 3908 35 27 24,
2240 3908 63 22 1841.

1285 673 138 49 HOUSE
1437 673 41 22 TO
1492 673 65 28 LET,
1572 666 94 30 WELL'
1674 673 191 27 FURNISHED,

1348 697 9 10 '
1370 700 25 21 in
1414 707 43 15 one
1472 700 27 22 of
1517 700 38 22 the
1571 703 59 19 most
1645 700 103 28 pleasant
1764 703 60 25 parts
1843 700 26 22 of

1283 726 146 28 Wellington.
1458 727 76 27 Apply
1543 730 24 18 to
1609 739 6 4 -
1639 745 3 4 .

1425 753 123 27 Wallace,
1558 754 91 26 White,
1659 753 47 23 and
1713 753 124 24 Wallace.

1310 778 59 24 Nov.
1379 780 35 26 30,
1425 781 61 21 1841.

1274 834 3 10 :
1430 825 40 21 To
1483 825 34 21 be
1532 825 65 21 Sold
1615 830 30 15 or
1659 825 58 21 Let.
1748 837 3 2 -

1280 855 17 15 r
1298 855 76 34 pWO
1386 856 101 23 Wooden
1498 856 94 25 Houses,
1602 862 30 15 on
1639 855 226 27 the.T.inakore-road,

1270 878 46 30 IJL
1358 882 37 22 the
1414 882 82 23 second
1513 889 51 15 acre
1581 882 58 22 from
1658 882 94 28 Captain
1768 882 97 27 Smith's,

1326 909 129 27 containing
1468 909 50 22 four
1526 916 73 15 rooms
1608 908 48 22 and
1667 916 22 15 ay
1693 916 100 20 passage,
1809 908 57 23 each

1281 934 55 23 with
1353 936 51 21 zinc
1421 935 67 26 roofs,
1512 935 46 22 and
1579 935 23 22 in
1627 942 67 20 every
1712 940 88 23 respect
1816 935 51 22 well

1270 973 1 12 ;
1281 961 102 23 finished.
1410 960 78 24 Terms
1491 973 25 5 —
1517 962 24 21 If
1548 961 54 27 sold,
1612 961 61 23 £150
1683 962 36 21 for
1725 962 54 22 each
1785 962 69 22 house
1860 970 6 19 ;

1281 988 20 22 if
1311 988 40 28 let,
1360 989 33 22 £\
1403 996 40 20 per
1452 988 62 23 week
1524 989 34 22 for
1568 988 53 23 each
1630 988 78 23 house.
1736 988 76 33 Apply
1821 992 24 18 to

1671 1015 75 22 James
1760 1014 80 23 Watt.

1308 1041 143 29 Wellington,
1459 1042 59 22 Nov.
1529 1042 34 26 27,
1572 1043 60 21 1841.

1270 1075 1 42 |
1282 1085 81 23 PORT
1384 1086 181 22 NICHOLSON
1593 1086 68 21 AND
1684 1086 184 22 WANGANUI.

1395 1114 90 21 Lands
1495 1114 29 19 to
1533 1113 34 21 be
1578 1114 49 19 Let
1637 1119 29 14 or
1677 1114 73 20 Sold.

1284 1145 162 50 SEVERAL
1467 1146 70 22 Town
1554 1146 45 22 and
1612 1147 101 27 Country
1732 1146 96 22 sections
1844 1146 26 22 in

1348 1172 38 23 the
1398 1173 53 22 Fort
1461 1172 122 22 Nicholson
1600 1172 90 28 district,
1706 1173 47 22 and
1771 1174 99 27 Country

1283 1199 96 23 sections
1385 1199 24 23 in
1418 1199 37 23 the
1465 1199 127 28 Wanganui
1600 1199 91 27 district,
1703 1200 53 21 with
1766 1200 36 22 the
1811 1199 61 28 right

1284 1225 27 23 of
1329 1226 62 28 early
1409 1226 87 22 choices
1514 1226 82 27 (under
1611 1226 34 26 14)
1665 1227 26 21 of
1710 1226 45 22 the'
1763 1226 108 22 intended

1284 1253 109 27 township
1400 1253 73 27 there/
1477 1256 24 19 to
1505 1253 28 22 be
1539 1253 49 22 sold
1594 1260 25 15 or
1625 1253 38 22 let.
1691 1253 45 22 For
1742 1253 130 28 particulars

1285 1279 47 23 and
1339 1282 75 25 terms,
1425 1279 66 28 apply
1501 1282 23 20 to
1720 1284 6 4 *
1755 1286 11 21 _>

1470 1307 95 21 Robert
1578 1306 27 22 R.
1614 1307 107 27 -Strand,
1727 1307 116 22 -Solicitor.

1312 1332 144 29 Wellington,
1467 1333 58 22 Nov.
1536 1334 34 26 25,
1580 1334 52 21 1841

1285 1378 70 49 TO
1369 1378 38 22 BE
1421 1378 67 26 LET,
1503 1377 38 22 the
1557 1380 59 19 town
1634 1385 50 14 acre
1700 1378 45 22 No.
1755 1380 47 26 210,
1814 1386 29 15 on
1858 1386 14 15 a

1360 1404 102 28 building
1471 1404 68 28 lease,-
1546 1404 35 22 for
1590 1405 102 21 fourteen
1703 1412 72 20 years.

1313 1431 34 22 To
1355 1431 29 22 be
1392 1431 33 22 let
1431 1438 25 15 or
1466 1431 54 27 sold,
1532 1430 38 23 the
1579 1434 60 19 town
1646 1434 56 19 acre'
1707 1432 44 21 No.
1761 1434 48 20 642.

1313 1458 34 22 To
1356 1458 29 22 he
1400 1457 54 27 sold,
1466 1458 38 22 the
1518 1458 144 27 preliminary
1673 1458 115 28 (country)
1807 1458 65 23 Land

1287 1484 73 23 Order
1379 1484 43 23 No.
1439 1486 48 26 153,
1506 1482 73 24 which
1598 1485 76 22 stands
1694 1487 84 19 seventh
1793 1486 23 22 in
1833 1486 39 22 the

1287 1512 66 22 order
1361 1512 27 21 of
1391 1511 77 23 choice
1478 1514 23 19 at
1509 1511 38 22 the
1557 1515 55 18 next
1621 1512 108 22 selection
1738 1513 28 22 of
1777 1517 95 23 country

1282 1539 109 26 .sections.
1419 1538 77 28 Apply
1505 1540 23 21 to

1558 1566 23 22 J.
1592 1566 29 22 -T.
1637 1566 145 28 Wicksteed,

1477 1638 77 21 Land
1565 1637 41 21 for
1616 1638 65 21 sale.

1289 1671 92 22 mHE
1398 1670 91 23 TOWN
1506 1670 82 23 ACRE
1603 1671 124 22 numbered
1743 1673 28 20 93
1788 1678 28 15 on
1835 1670 38 23 the

1286 1712 6 7 ,
1297 1692 30 29 A
1351 1697 237 29 Surveyor-General's
1600 1705 60 19 map,
1671 1698 46 21 and
1727 1698 38 22 the
1779 1702 95 24 country

1289 1725 84 22 section
1383 1724 123 23 numbered
1513 1724 35 27 27,
1557 1731 29 15 on
1593 1724 39 22 the
1640 1724 94 22 Porirua
1738 1724 66 23 Road
1811 1733 5 19 ;
1828 1725 46 22 also

1290 1752 37 23 the
1337 1755 59 19 town
1407 1759 50 15 acre
1473 1750 125 23 numbered
1605 1752 42 21 383
1663 1758 29 15 on
1703 1751 38 22 the
1751 1759 58 20 map,
1820 1751 55 22 with

1289 1778 39 24 the
1338 1782 93 24 country
1441 1778 86 23 section
1534 1778 26 22 in
1570 1778 37 22 the
1617 1778 65 22 order
1691 1778 28 22 of
1731 1778 76 22 choice
1815 1780 50 21 434.

1609 1805 87 22 Henry
1706 1806 32 21 St.
1750 1805 68 22 Hill.

1348 1850 85 22 AND
1456 1850 257 22 AGENCIES.—
1713 1850 46 24 TO.
1777 1850 98 22 LAND-

1363 1876 230 23 HOLDERS.AThe
1612 1876 157 28 Undersigned
1786 1877 44 26 beg
1851 1880 24 18 to

1289 1904 56 22 offer
1354 1903 133 23 themselves
1495 1906 25 19 to
1528 1903 58 22 their
1593 1903 86 22 friends
1688 1903 46 22 and
1747 1903 39 22 the
1800 1902 75 29 public

1289 1937 25 16 as
1323 1930 88 27 Agents
1418 1930 36 22 for
1462 1930 39 22 the
1510 1930 95 31 disposal
1612 1930 27 22 of
1644 1930 70 22 Town
1724 1930 46 22 and
1777 1930 98 27 Country

1288 1952 85 33 Itiu^.
1384 1956 45 25 and
1431 1959 72 21 _tr.ust.
1503 1956 59 24 their
1571 1956 102 22 colonial,
1677 1957 133 28 experience
1823 1964 52 20 may

1279 1979 164 21 rfintmeTtnenr
1447 1982 25 17 to
1481 1986 14 13 a
1505 1979 71 21 share'
1579 1982 296 25 or^lrerpumhrirotronage.

1316 2004 65 28 They
1390 2004 82 23 willbe
1479 2004 76 28 happy
1564 2008 22 19 to
1595 2001 94 36 arrange
1702 2006 36 22 for
1746 2006 46 22 arid
1800 2014 75 20 super-

1289 2030 80 23 intend
1378 2030 38 23 the
1425 2039 92 20 surveys
1524 2032 46 21 and
1575 2032 159 23 sub-divisions
1740 2033 27 22 of
1772 2033 37 22 the
1814 2034 61 22 land.

1290 2057 91 23 Liberal
1390 2058 110 22 advances
1508 2058 47 22 will
1567 2058 28 23 be
1609 2059 65 22 made
1684 2067 30 14 on
1722 2060 67 22 lands
1797 2060 78 27 placed

1289 2084 25 22 in
1322 2084 59 22 their
1389 2084 114 23 hands-for
1509 2084 55 23 sale.
1590 2086 64 28 They
1661 2086 45 22 will
1712 2086 48 22 also
1767 2088 28 21 be
1802 2094 73 21 nappy

1291 2114 23 19 to
1324 2112 65 22 assist
1397 2112 135 27 proprietors
1540 2112 25 22 in
1573 2112 87 28 leasing
1668 2112 61 23 their
1736 2113 72 23 lands.

1571 2139 62 22 John
1642 2140 47 21 and
1699 2140 59 22 Geo.
1768 2140 81 23 Wade.

1391 2184 157 27 Wanganui
1563 2185 76 20 Land
1652 2185 124 26 Agency.

1291 2217 100 34 rpHE
1414 2217 152 26 undersigned
1591 2217 84 27 having
1701 2218 88 23 resided
1815 2226 59 15 some

1299 2239 30 26 JL
1358 2243 91 22 months
1463 2246 24 19 at
1499 2244 134 27 Wanganui,
1652 2244 40 23 has
1706 2245 59 22 been
1782 2246 92 22 enabled

1290 2273 24 18 to
1324 2271 66 21 make
1398 2270 93 22 himself
1501 2271 135 28 acquainted
1645 2271 54 22 with
1712 2272 38 22 the
1766 2273 49 22 best
1823 2274 51 21 sites

1289 2297 37 22 for
1334 2297 38 22 the
1381 2297 106 22 selection
1497 2298 26 21 of
1529 2301 94 29 country
1631 2298 72 28 lands,
1713 2299 46 22 and
1767 2299 108 23 therefore

1290 2323 55 22 with
1358 2324 131 22 confidence
1498 2324 88 23 tenders
1595 2324 36 23 his
1639 2326 96 21 services
1746 2330 23 18 to
1779 2327 96 27 proprie-

1290 2354 53 24 tors,
1360 2358 25 15 as
1400 2358 29 14 an
1444 2351 78 27 Agent
1533 2351 37 22 for
1583 2351 38 22 the
1637 2352 115 28 selection,
1762 2354 52 26 sale,
1825 2361 50 20 pur-

1291 2377 73 28 chase,
1376 2377 45 22 and
1428 2377 87 28 leasing
1523 2382 105 24 property
1637 2378 24 23 in
1670 2379 50 22 that
1729 2380 90 23 district.

1318 2405 87 21 Letters
1413 2405 35 21 for
1457 2405 39 21 the
1505 2405 124 22 subscriber
1640 2409 29 19 to>
1677 2406 29 22 be
1720 2406 119 24 addressed
1852 2411 23 20 to

1290 2431 39 23 the
1339 2438 51 15 care
1400 2431 26 22 of
1435 2432 92 22 Messrs.
1537 2432 78 28 Wade,
1625 2432 147 28 Wellington.

1534 2458 33 23 H.
1583 2460 120 27 Churtow,
1715 2460 132 28 Wanganui.

1502 2505 163 27 Wanganui.

1290 2537 89 48 FOR
1392 2537 86 23 SALE.
1478 2549 28 4 —
1507 2537 66 23 Land
1589 2538 100 23 between
1708 2547 44 15 one
1770 2540 44 23 and
1832 2544 43 19 two

1361 2564 65 23 miles
1442 2565 26 22 of
1478 2565 38 22 the
1531 2565 109 29 township
1658 2570 24 18 at
1700 2566 127 28 Wanganui
1840 2568 36 22 for

1287 2591 54 27 sale,
1351 2591 25 22 in
1385 2591 78 22 blocks
1472 2592 26 21 of
1508 2592 44 22 five
1562 2599 61 16 acres
1637 2593 42 22 and
1693 2594 109 28 upwards,
1814 2602 25 14 or
1852 2598 23 19 to

1287 2617 33 22 let
1329 2625 30 14 on
1370 2625 56 21 very
1436 2618 79 23 liberal
1525 2622 74 23 terms,
1609 2620 54 21 with
1672 2620 40 22 the
1724 2620 61 28 right
1793 2620 25 23 of
1823 2628 53 21 pur-

1288 2644 74 23 chase.
1391 2645 76 28 Apply
1476 2649 23 18 to
1508 2645 29 22 R.
1548 2645 64 29 Park,
1623 2646 61 28 Esq.,
1693 2654 27 15 or
1723 2650 29 19 -to

1626 2673 21 22 J.
1663 2674 46 21 and
1724 2672 28 25 G.
1766 2674 83 23 Wade.

1288 2716 126 28 Country
1425 2717 123 22 Sections
1569 2718 42 21 for
1630 2718 60 22 Sale
1711 2725 37 15 on
1767 2719 108 23 Liberal

1416 2745 9 7 ~'
1532 2745 101 21 Terms.

1289 2769 163 50 SEVERAL
1488 2771 100 22 Sections
1616 2772 26 22 of
1673 2772 101 29 Country
1801 2773 72 28 Land,

1353 2797 90 28 already
1453 2797 83 23 chosen
1545 2798 25 22 in
1579 2798 37 22 the
1630 2799 94 23 Porirua
1738 2799 91 28 district,
1839 2800 36 22 for

1287 2823 59 29 Sale,
1357 2831 73 15 terms
1440 2832 106 15 liberal.
1575 2826 76 27 Apply
1661 2829 23 19 to

1376 2851 31 22 ■F.
1423 2852 28 21 A.
1466 2852 172 28 Molesworth,
1654 2853 185 28 Murphy-street,
1850 2861 25 15 or

1381 2878 37 22 W.
1433 2878 28 22 V.
1476 2879 107 27 Brewer,
1594 2879 195 24 Manners-street.

1362 2923 133 28 Building
1508 2924 171 22 Allotments
1692 2926 32 20 to
1737 2926 60 23 Let,

1287 2955 92 36 rpHE
1397 2956 200 23 ADVERTISER
1611 2958 66 22 offers
1691 2965 62 20 upon
1768 2958 108 28 Building

1293 2979 31 26 JL
1362 2983 89 27 Leases,
1461 2991 15 14 a
1484 2984 96 22 number
1589 2984 26 22 of
1625 2985 70 21 Town
1703 2985 137 23 Allotments
1849 2986 25 22 in

1285 3009 39 22 the
1334 3013 59 19 most
1402 3010 107 22 desirable
1518 3014 61 24 parts
1588 3012 27 21 of
1625 3011 43 22 this
1676 3008 142 26 'Settlement.

1308 3036 52 23 The
1379 3038 111 21 attention
1506 3038 27 21 of
1548 3038 39 22 the
1602 3038 77 28 public
1692 3039 22 21 is
1730 3040 145 27 particularly

1285 3062 73 25 called
1376 3067 23 19 to
1418 3064 38 22 the
1473 3064 126 28 advantage
1617 3065 26 22 of
1659 3066 108 27 Building
1783 3066 89 28 Leases,

1284 3090 75 23 which
1367 3090 38 23 the
1414 3090 153 28 undersigned
1574 3099 18 14 is
1602 3092 97 22 enabled
1707 3096 24 18 to
1739 3096 73 24 grant,
1819 3094 54 27 viz.,

1283 3117 59 22 from
1352 3125 69 15 seven
1430 3121 23 18 to
1469 3121 138 25 twenty-one
1623 3126 73 20 years,
1713 3120 122 27 according
1849 3123 24 19 to

1284 3144 38 22 the
1340 3144 66 23 value
1425 3144 26 23 of
1470 3145 38 22 the
1531 3146 114 27 buildings
1665 3147 112 27 proposed
1798 3150 22 19 to
1844 3147 29 22 be

1284 3172 97 22 erected.
1409 3171 77 29 Apply
1496 3175 22 19 to
1583 3182 10 16 ■.
1616 3187 2 5 .

1447 3198 23 22 J.
1485 3199 26 21 T.
1527 3198 145 28 Wicksteed,
1684 3207 26 14 or
1794 3210 2 5 ■
1814 3214 5 3 -

1446 3226 36 22 W.
1498 3226 29 22 V:
1540 3226 107 28 Brewer,
1663 3227 195 23 Manners-street.

1467 3274 79 21 Land
1558 3274 122 26 Agency.

1283 3306 84 49 DR.
1390 3307 85 27 REES,
1494 3307 84 28 having
1595 3307 81 23 settled
1693 3311 24 19 at
1733 3307 137 29 Wanganui,

1364 3334 47 22 will
1436 3334 29 22 be
1488 3334 76 28 happy
1586 3337 23 19 to
1637 3337 36 19 act
1700 3342 26 15 as
1753 3339 66 24 agent
1847 3336 23 22 in

1282 3360 109 28 selecting
1412 3360 61 28 land,
1493 3368 25 14 or
1541 3365 24 17 to
1585 3361 52 27 give
1658 3368 45 21 any
1709 3368 8 3 -
1726 3361 146 25 information

1282 3387 97 28 relating
1387 3387 93 28 thereto,
1491 3391 23 19 to
1524 3387 81 28 parties
1614 3388 129 23 interested.

1311 3414 134 27 Wanganui.
1533 3421 5 4 ■
1732 3436 4 4 .

1282 3459 118 47 LAND
1421 3459 40 22 TO
1484 3459 95 22 LET.—
1579 3459 70 22 Town
1672 3467 64 14 acres
1759 3460 44 22 No.
1822 3462 48 26 168,

1360 3487 47 26 156,
1417 3487 49 26 423,
1482 3486 35 27 47,
1527 3487 49 26 561,
1587 3487 49 27 559,
1654 3486 45 22 and
1712 3494 69 20 many
1796 3487 75 22 others

1282 3512 24 22 in
1316 3512 39 22 the
1363 3515 60 20 most
1431 3512 108 22 desirable
1553 3513 124 22 situations.
1706 3513 56 22 Also
1776 3518 95 24 country

1281 3539 55 21 land
1343 3546 29 14 on
1382 3539 38 22 the
1428 3539 73 22 banks
1510 3539 28 22 of
1543 3539 38 22 the
1591 3540 140 28 River.Hutt
1738 3541 47 22 and
1793 3548 28 15 on
1832 3541 38 22 the

1282 3565 94 23 Porirua
1384 3565 62 23 road.
1475 3566 77 29 Apply
1561 3570 24 19 to

1668 3594 23 21 J.
1706 3594 37 22 W.
1759 3595 81 22 Child.

1494 3638 39 21 To
1548 3638 34 22 be
1595 3639 59 25 Let,

1282 3664 163 51 SEVERAL
1459 3664 207 33 TOWN^ACRES,
1676 3666 24 21 in
1710 3665 89 23 various
1807 3669 62 30 parts

1346 3691 27 22 of
1384 3690 145 28 Wellington.
1557 3690 44 24 For
1609 3692 139 28 particulars,
1764 3693 66 27 apply
1845 3696 24 19 to

1456 3718 26 22 E.
1499 3718 142 28 Catchpool,
1652 3719 108 22 Diekson-
1767 3723 73 19 street.

1405 3764 53 20 For
1472 3763 70 26 Sale,
1553 3763 61 28 just
1628 3764 116 25 arrived,

1285 3811 98 20 K/\/\
1398 3797 108 22 REAMS
1526 3797 26 22 of
1574 3797 108 27 PAPER,
1703 3798 123 28 consisting
1846 3805 24 23 oj

1278 3821 105 38 /)lill
1398 3824 101 28 printing
1508 3824 74 28 demy,
1593 3824 66 22 letter
1671 3824 47 23 and
1732 3829 54 18 note
1799 3833 70 25 paper

1399 3851 27 22 of
1435 3851 90 22 various
1535 3852 56 21 sizes
1597 3851 45 22 and

1277 3885 75 21 paper,
1362 3878 68 22 white
1439 3878 46 22 and
1494 3878 112 27 coloured,
1619 3878 53 23 blue
1682 3880 122 28 wrapping,
1815 3880 51 28 bag,

1278 3904 68 30 Kent,
1357 3904 68 29 hand,
1436 3905 45 23 and
1491 3904 102 30 imperial
1600 3904 78 25 brown
1688 3913 78 22 paper.

229 676 56 21 For
299 674 156 26 Auckland,

85 707 74 37 •kggflSr
202 727 3 3 .
214 711 92 33 npHE
327 710 121 23 Auckland
466 709 85 24 Packet
574 710 66 22 Com-

76 739 115 32 dSas®v
221 733 31 28 J-
301 738 81 28 pany's
414 737 45 22 fine
488 738 45 21 fast
560 737 81 27 sailing

73 759 126 34 fySft^p
226 766 129 26 brigantine
371 765 154 25 Abercrombie,
545 764 93 28 Captain

227 793 31 22 A.
266 792 94 27 Devlin,
370 792 45 22 will
422 792 42 22 sail
468 791 120 27 positively
596 790 44 22 this

50 814 162 33 GSSSSV
227 819 51 28 day,
289 818 151 28 Wednesday.
467 819 44 22 For
524 817 82 27 freight
616 824 26 15 or

47 854 101 21 passage,
160 847 95 28 (having
263 854 55 20 very
327 846 101 27 superior
437 845 201 26 accommodation)

47 874 69 27 apply
127 876 22 20 to

294 900 76 27 Hort,
384 900 122 27 Mocatta,
516 899 47 22 and
572 900 40 21 Co.

48 946 54 21 For
130 946 118 26 Sydney,
271 945 46 21 via
339 945 150 22 Auckland
512 945 55 21 and
593 945 45 21 the

222 973 60 26 Bay
295 972 32 21 of
342 972 120 26 Islands,

57 1001 117 40 .-^2s2l
203 1013 10 15 f
221 1008 74 31 I^HE
308 1008 47 22 fine
369 1008 85 29 clipper
461 1008 57 23 built
530 1008 110 22 schooner

73 1031 117 38 I^KS&L
283 1036 68 27 Ariel,
369 1036 42 22 146
426 1039 57 24 tons,
501 1035 28 23 R.
539 1035 100 22 Mulhol-

215 1061 62 28 land,
292 1067 90 22 master,
399 1062 46 22 will
461 1061 120 28 positively
600 1061 40 22 sail

50 1084 153 38 ■HfiHHf
215 1089 25 22 in
259 1096 14 15 a
290 1089 44 23 few
352 1089 63 27 days.
452 1091 45 19 For
513 1088 91 27 freight,
615 1095 25 15 or

215 1123 100 20 passage,
332 1115 69 28 apply
410 1119 24 18 to
450 1115 46 22 Mr.
511 1115 26 22 T.
548 1115 22 22 S.
581 1114 59 23 For-

47 1150 76 19 saith,
132 1150 24 14 or
166 1147 24 17 to
200 1145 38 19 the
247 1143 101 26 Captain,
360 1149 29 15 on
398 1141 79 23 board.

219 1188 54 20 For
282 1187 85 28 Hong
376 1188 92 27 Kong,

158 1222 31 20 To
196 1223 42 19 sail
245 1222 110 26 positively
364 1222 23 20 in
396 1228 14 14 a
416 1222 48 25 few
473 1222 58 26 days,

202 1256 45 32 rp
254 1255 24 22 H
285 1255 19 22 E
327 1255 47 22 fine
396 1255 49 21 first
474 1254 56 23 class
544 1263 3 7 ■
556 1253 85 28 barque

70 1276 113 39 .■EjCTk
208 1276 32 28 JL
280 1283 85 20 Amelia
394 1282 121 26 Thompson,
546 1280 95 28 Captain

214 1308 108 23 Dawson.
332 1315 3 4 '
350 1309 45 22 For
410 1308 82 28 freight
509 1315 25 16 or
548 1314 94 21 passage

47 1331 153 40 MSBBgil
215 1343 14 14 a
229 1336 55 28 PPty
292 1339 23 19 to
326 1336 38 22 the
372 1335 144 23 commander
523 1342 31 15 on
562 1334 78 28 board,

421 1389 90 22 Willis
519 1387 47 24 and
574 1389 40 22 Co.

47 1416 147 28 Wellington,
204 1416 60 23 Nov.
273 1418 34 26 23,
318 1418 63 21 1841.
528 1430 5 20 :

51 1462 158 26 Important
235 1463 32 20 to
292 1462 159 21 Merchants
478 1461 57 21 and
562 1459 78 27 Ship-

288 1494 115 16 owners.

204 1530 93 34 npHE
304 1529 155 28 undersigned
475 1529 67 23 offers
550 1529 38 23 for
596 1529 46 23 sale

60 1554 126 38 jMKjffjL
215 1552 25 27 X
265 1557 64 23 three
337 1557 123 23 schooners
469 1557 28 22 of
507 1556 35 28 70,
549 1557 35 27 45,
596 1556 46 23 and

50 1600 159 44 jßlJjEjStjg'
219 1611 50 23 The
288 1613 57 20 Kate
363 1611 26 22 of
414 1610 28 23 70
459 1613 57 24 tons,
536 1609 42 23 has
598 1609 44 23 dis-

207 1638 97 27 charged
320 1639 42 22 her
377 1645 68 20 cargo
464 1637 116 27 alongside
602 1636 39 23 the

50 1673 51 15 new
106 1667 67 28 jetty.
202 1666 45 22 For
255 1665 87 23 further
350 1664 140 29 particulars,
502 1664 67 28 apply
579 1667 23 20 to

423 1691 35 23 W.
469 1691 172 23 FITZHERBERT.

51 1720 32 22 Te
93 1720 55 27 Aro,
157 1720 63 22 Nov.
229 1721 35 26 26,
275 1721 61 21 1841.

127 1766 54 20 For
191 1765 70 27 Sale,
270 1764 121 28 Freight,
403 1770 31 15 or
447 1764 120 21 Charter.

225 1803 91 24 TPHE
331 1804 51 23 well
397 1804 90 26 known,
498 1803 142 27 fast-sailing,

83 1830 114 33 JHgK©v
235 1837 26 14 •*.
295 1834 73 21 cutter
390 1832 69 26 Royal
485 1831 101 27 WiUiam,
612 1832 30 21 43

80 1853 129 34 XaTTMRsIg
271 1862 24 19 t°
295 1866 29 15 ns
347 1859 100 28 register,
471 1857 55 23 with
548 1857 32 22 all
601 1857 41 22 her

62 1881 142 28 .jJWafliJEr
240 1887 77 27 stores,
328 1886 41 21 &c.
380 1886 41 21 &c.
437 1886 49 26 &c,
502 1891 24 15 as
536 1883 40 23 she
591 1891 49 15 now

57 1907 165 36 fSSSSS^
257 1921 24 14 es
295 1919 25 15 m
337 1912 112 22 Lambton
459 1911 114 27 Harbour,
584 1911 55 22 Port

50 1940 143 24 NlcEoTsdnT
293 1947 13 14 a
313 1939 64 27 large
387 1946 74 20 cargo,
469 1937 46 24 and
522 1937 80 23 makes
609 1945 31 19 up

48 1968 54 23 four
118 1968 77 22 berths
211 1968 26 21 in
244 1966 53 23 ..the
318 1966 75 21 cabin.
403 1980 14 4 -
429 1965 46 19 Sha
495 1965 44 17 la*
556 1964 93 21 prov«a-

47 1992 111 22 herself-a
167 1990 60 28 good
236 1994 40 17 sea
283 1989 59 26 boat,
355 1987 46 23 and
409 1994 20 16 is
438 1988 50 21 well
496 1987 99 26 adapted
603 1987 36 20 for

48 2018 89 27 trading
145 2018 103 21 between
257 2015 39 22 the
304 2015 91 22 various
409 2013 138 23 settlements
559 2019 32 15 on
602 2011 38 23 the

50 2048 63 20 coast
122 2044 26 22 of
158 2044 58 22 New
228 2042 108 23 Zealand.

76 2072 45 23 For
130 2071 87 23 further
227 2069 140 29 particulars,
378 2067 68 28 apply
454 2070 24 20 to

260 2097 23 22 J.
294 2096 35 23 M.
337 2096 104 26 Taylor,
451 2093 159 30 Ship-Broker,

406 2122 33 22 Te
448 2122 56 22 Aro.

52 2153 58 22 Nov.
120 2154 34 25 26,
166 2152 63 21 1841.
519 2166 4 4 .

198 2197 56 21 For
268 2196 109 26 Sydney
393 2194 95 25 direct,

61 2225 105 33 >*±&?L,
206 2232 93 23 rriHE
330 2232 46 21 fine
398 2231 46 22 fast
460 2229 88 28 sailing,
574 2229 22 22 A
619 2231 12 20 1

75 2264 113 22 .paßk
212 2254 31 29 J-
279 2260 86 26 barque
386 2258 109 24 Winwich,
512 2259 36 20 W.
563 2257 75 27 Ware,

219 2285 153 27 commander,
379 2285 47 22 will
435 2285 40 22 sail
481 2285 35 22 for
522 2284 39 22 the
570 2283 72 22 above

52 2307 153 30 JiBBK
220 2314 56 23 Port
283 2314 24 21 in
323 2313 105 22 fourteen
444 2312 62 28 days.
532 2311 47 22 For
591 2318 51 20 pas-

220 2347 53 22 sage
280 2340 61 28 only,
349 2339 86 28 having
443 2337 101 30 superior
553 2344 89 16 accom-

51 2370 123 28 modation,
184 2368 69 29 apply
264 2371 23 19 to
349 2375 6 3 ■
516 2370 5 6 '
548 2391 8 3 .
556 2371 2 4 '

310 2394 37 22 W.
363 2393 26 22 B.
404 2393 97 22 Rhodes
513 2392 47 22 and
574 2392 38 21 Co.

205 2442 55 20 For
270 2440 110 27 Sydney
390 2438 95 22 direct.

71 2471 77 37 jU&£l
165 2479 93 27 HPHE
270 2479 46 23 fine
332 2479 46 22 fast
393 2478 81 27 sailing
488 2477 51 28 brig
555 2477 85 25 Arrow,

65 2510 98 30 agsfe
172 2500 30 28 'JL
236 2505 122 23 Frederick
381 2505 81 27 Geare,
472 2507 4 7 '
487 2504 152 28 commander,

52 2527 113 38 g|jPrj**f
212 2533 42 22 bas
263 2533 38 23 the
314 2535 90 25 greater
418 2535 50 24 part
483 2532 28 21 of
518 2531 42 22 her
575 2537 67 21 cargo

52 2560 9 9 t
58 2559 104 22 *SS&B&
181 2559 109 28 engaged,
309 2559 47 23 and
373 2559 47 22 will
436 2558 58 23 have
512 2558 129 24 immediate

52 2588 107 29 dispatch.
189 2587 45 23 For
241 2585 84 30 freight
334 2593 26 15 or
367 2592 101 21 passage,
480 2585 68 28 apply
558 2587 23 19 to
640 2604 6 10 }

329 2613 78 27 Hort,
416 2615 121 24 Mocatta,
546 2612 46 22 and
602 2612 38 22 Co.

52 2643 59 22 Nov.
120 2644 34 25 26,
165 2642 63 22 1841.
532 2649 4 3 -

205 2686 54 21 For
273 2685 109 27 Sydney
396 2684 94 25 direct,

158 2721 31 21 To
202 2720 43 20 sail
255 2720 25 20 in
292 2719 64 21 about
362 2719 103 27 fourteen
477 2719 60 26 days,

75 2749 19 34 X
94 2749 59 34 2&.
175 2757 93 25 THHE
282 2758 46 22 fine
341 2758 52 23 fast,
398 2758 80 27 sailing
492 2758 87 27 barque
591 2758 50 21 Ma-

71 2775 98 31 flSk
186 2775 26 31 1
249 2785 60 27 tilda,
330 2785 96 28 Captain
448 2785 103 22 Roberts.
588 2784 54 22 This

55 2806 117 39 gSfcSH
248 2812 74 22 vessel
329 2812 42 21 has
379 2814 61 19 most
447 2811 104 28 superior,
553 2819 90 14 accom-

190 2838 127 22 modations
334 2838 45 22 for-
386 2845 139 21 passengers,
549 2838 20 22 is
591 2837 51 23 well

50 2864 78 28 found,
140 2864 46 23 and
198 2865 77 21 famed
283 2865 36 21 for
327 2864 96 27 making
429 2864 68 28 quick
508 2864 61 28 trips.
598 2864 44 22 For

51 2892 83 27 freight
153 2899 26 15 or
196 2899 103 20 passage,
304 2908 4 11 ,
314 2891 69 28 apply
401 2895 24 19 to
444 2891 38 22 the
501 2890 95 29 Captain
611 2898 31 15 on

51 2918 77 28 board,
139 2926 25 15 or
174 2921 24 19 to

373 2944 83 23 Waitt
470 2943 46 23 and
529 2944 85 22 Tyser.

82 3005 73 25 a»
165 2996 165 24 /CAPTAIN
343 2995 214 27 HOLDERNESS,
572 2996 27 21 of
604 2995 38 22 the

165 3026 43 20 Vy
234 3025 101 24 Eleanor,
343 3023 47 23 will
400 3027 47 20 .not
457 3023 30 23 be
495 3022 147 23 accountable

52 3045 111 34 n^^Se—
176 3052 43 21 for,
222 3051 39 23 the
271 3051 64 23 debts
344 3051 27 22 of
376 3050 36 23 his
422 3057 65 17 craw.

77 3086 147 27 Wellington,
235 3085 60 22 Nov.
304 3085 34 27 20,
350 3085 62 22 1841.

49 3132 41 21 To
99 3131 47 21 the
155 3130 164 22 Mercantile
330 3129 55 22 and
400 3127 136 28 Shipping
550 3127 91 22 Inter-

120 3175 4 2 .
148 3175 3 2 .
171 3159 58 20 ests
239 3156 32 22 of
282 3157 67 21 Port
358 3155 163 22 Nicholson.

51 3191 158 23 mHOMAS
226 3190 108 24 BEVAN
351 3189 46 23 and
413 3188 84 27 SONS,
507 3187 57 23 New
581 3188 60 22 Zea-

57 3213 31 28 X
111 3225 139 19 LAND.ROJ|B
268 3225 47 15 AND
334 3224 76 16 TWINE
433 3222 205 20 MANUFACTURERS,

50 3245 44 28 beg
108 3248 24 19 to
140 3245 84 22 inform
233 3241 59 25 their
301 3243 85 23 friends
397 3243 46 22 and
452 3242 37 22 the
498 3241 83 28 public,
591 3241 51 23 that

52 3271 52 29 they
113 3272 57 23 have
186 3271 109 23 removed
308 3273 25 20 to
347 3270 60 22 their
422 3277 51 15 new
487 3269 108 27 premises
610 3276 29 16 on

51 3298 189 28 Lambton-quay,
255 3305 80 16 corner
350 3297 27 22 of
392 3296 157 27 Willis-street,
565 3295 75 23 where

50 3332 70 21 every
127 3326 77 23 article
212 3326 25 21 in
244 3325 39 22 the
292 3325 72 22 above
373 3323 75 23 trades
456 3330 53 21 may
517 3323 29 22 be
555 3321 47 24 had
609 3330 31 15 on

51 3351 37 23 the
98 3353 97 22 shortest
202 3353 84 22 notice.

77 3379 93 28 Fishing
178 3382 57 25 nets,
245 3382 65 25 mats,
322 3379 50 26 &c,
381 3377 67 23 made
457 3376 49 24 and.
511 3376 109 29 repaired.

76 3405 27 23 T.
111 3407 26 22 B.
149 3407 46 22 and
204 3407 59 22 Sons
271 3413 38 15 are
316 3405 71 28 ready
396 3408 23 19 to
429 3403 124 24 undertake
560 3406 80 25 export

51 3432 76 23 orders
135 3436 23 19 to
168 3440 46 21 any
222 3436 85 24 extent,
317 3440 31 15 on
358 3431 131 24 reasonable
498 3434 77 20 terms.

76 3459 129 23 November
212 3461 35 25 30,
259 3461 60 20 1841.
429 3471 5 5 •

291 3504 107 23 Notice.

52 3536 90 35 fpHE
154 3537 223 24 PARTNERSHIP
392 3537 98 23 hitherto
504 3535 87 24 carried
609 3543 31 15 on

57 3560 31 26 JL
124 3565 30 27 by
172 3572 27 15 us
216 3564 42 23 has
268 3564 52 24 .this
338 3564 45 28 day
398 3564 58 23 been
475 3563 113 23 dissolved
609 3563 31 28 by

51 3591 84 23 mutual
145 3594 102 21 consent.

416 3617 27 23 T.
457 3618 31 22 A.
507 3617 104 28 Knight,

416 3644 75 22 Jambs
507 3643 73 23 Hair.

76 3670 109 29 Witness,,
192 3671 78 23 James
276 3671 81 26 .Tame*

52 3695 127 26 November
187 3699 35 26 30,
232 3699 62 22 1841.

50 3740 44 23 Sx
106 3742 45 22 the
163 3742 148 22 Auckland
322 3742 20 21 &
352 3741 172 27 Wellington
534 3741 104 22 Packet

50 3800 87 49 FOR
159 3802 87 28 SALE,
264 3805 24 19 at
302 3802 38 22 the
360 3802 76 22 Stores
452 3801 27 22 of
500 3800 39 23 the
554 3802 83 21 under-

121 3828 84 29 signed,
220 3829 72 28 hyson
308 3829 52 23 skin
371 3831 45 25 tea,
428 3827 37 23 the
468 3828 72 22 -latest
548 3828 88 22 arrived

49 3853 57 24 from
115 3855 79 28 China,
205 3862 30 16 ex
242 3857 60 26 Jean,
316 3856 25 22 in
351 3855 75 23 chests
435 3854 44 24 and
487 3854 52 23 half
548 3854 86 29 chests;

48 3879 86 30 brandy
142 3883 47 23 and
196 3889 51 17 rum
255 3883 25 23 in
289 3882 66 24 hhds.

311 3909 37 23 W.
363 3908 27 24 B.
405 3908 95 24 Rhodes
511 3908 45 23 and
565 3908 40 23 Co.

880 673 89 21 Cattle
979 673 68 21 Sale.
1139 686 8 3 -
1249 690 10 6 

671 706 159 49 MESSRS.
852 705 93 27 HORT,
969 706 155 27 MOCATTA,
1135 705 49 23 and
1200 703 54 31 COf,

760 733 59 22 have
839 733 105 22 received
962 733 144 22 instructions
1124 736 24 19 to
1165 732 42 23 sell
1218 730 43 33 .by-

669 760 76 27 public
755 759 95 28 auction,
867 766 30 15 on
905 759 142 27 Wednesday
1056 762 62 25 next,
1129 759 125 22 December

670 788 19 24 1,
706 788 61 25 1841,
776 805 3 3 .
786 789 24 19 at
819 786 38 22 the
867 785 47 23 risk
922 786 47 22 and
977 787 35 22 for
1021 788 37 20 the
1066 786 86 22 benefit
1167 786 27 21 of
1212 785 44 29 the,

669 813 96 28 shipper,
775 813 76 22 unless
861 812 37 23 the
907 813 82 27 freight
996 813 29 22 be
1034 813 126 27 previously
1167 811 54 29 paid
1230 818 26 21 or,

805 839 104 27 satisfied,
922 847 15 14 a
944 839 78 22 mixed
1031 839 55 22 nerd
1096 839 27 22 of
1213 844 8 3 *
1235 835 15 26 ":'

751 872 103 23 FORTY
872 872 92 22 HEAD
985 872 39 22 OF
1045 872 127 26 CATTLE,
1220 867 31 32 .['

668 899 69 27 being
744 903 51 23 part
804 899 27 22 of
836 898 42 23 the
888 906 66 20 cargo
964 899 27 22 of
1000 898 40 23 the
1052 899 85 27 barque
1153 895 108 34 Ele&rior*^

695 926 79 22 Terms
783 925 45 23 will
834 926 30 22 be
872 926 67 22 made
948 926 83 22 known
1041 929 23 19 at
1072 926 55 22 time
1136 926 26 21 of
1173 925 54 23 sale,
1238 931 6 15 c
1249 932 14 15 \*

725 952 143 28 Wellington,
879 952 59 22 Nov.
949 954 34 26 26,
994 953 61 21 1841.
1236 948 27 39 <J

823 995 274 23 ADVERTISEMENT.
1238 1009 4 3 •
1254 992 4 6 '

857 1023 61 21 Sale
929 1022 31 22 of
972 1023 91 21 Stock.
1083 1025 2 3 '

669 1048 75 50 AN
761 1048 270 23 ADVERTISEMENT
1044 1049 96 27 having.
1144 1048 117 29 appeared:

734 1076 24 21 in
769 1075 38 23 the
816 1077 53 20 New
878 1076 94 22 Zealand
982 1077 86 20 Gazette
1077 1077 41 20 and
1129 1077 134 26 JFeJHngtm'

669 1103 112 26 Spectator
800 1103 26 22 of
843 1103 110 27 Saturday
970 1103 51 28 last,
1044 1103 146 28 annouricjpg
1207 1103 49 22 that

670 1130 91 22 Messrs.
767 1129 70 28 -Hbrt,
848 1130 108 26 Mocatta,
967 1129 46 23 and
1023 1130 38 22 Co.
1078 1137 39 15 are
1131 1129 125 23 instructed

669 1159 23 19 to
703 1157 41 21 sell
752 1157 27 22 40
788 1157 59 22 head
863 1157 27 22 of
899 1157 75 26 cattle,
990 1160 51 25 part
1054 1157 28 21 of
1097 1156 39 22 the
1152 1163 66 20 cargo
1233 1156 26 22 of-

661 1202 3 4 .
670 1183 41 22 the
717 1184 102 27 Eleanor,'
826 1184 35 22 on'
865 1183 150 28 Wednesday,
1030 1183 37 23 the
1080 1185 34 21 Ist
1123 1183 27 22 of
1159 1183 97 22 Decem-

669 1210 49 27 ber,
727 1211 76 22 unless
811 1210 43 23 the-
857 1210 120 27 freight-be
986 1210 127 27 previously
1121 1209 55 28 paid
1181 1218 14 19 ;-

701 1239 39 21 We
748 1237 84 28 hereby
840 1237 52 28 give
900 1237 76 22 notice
983 1235 50 24 that
1039 1237 55 22 such
1101 1237 46 21 sale
1152 1236 20 22 is
1179 1236 77 22 adver-
1265 1241 3 10 ;

671 1263 58 23 tiaed
746 1264 93 22 without
854 1271 42 15 our
910 1263 121 28 authority.
1064 1263 60 22 That
1138 1263 25 22 in
1180 1269 77 16 conse-

671 1297 86 22 quence
767 1292 27 22 of
803 1291 39 22 the
856 1290 76 28 delays
940 1290 55 23 'and
1008 1290 216 27 mis-management'
1233 1289 25 23 in

669 1317 95 28 landing
772 1317 40 23 the
820 1317 49 23 said
877 1317 80 28 cattle,,
966 1317 102 27 together
1082 1316 54 24 with
1151 1316 39 23 the
1205 1315 53 23 food

671 1348 52 18 sent
730 1345 30 28 by
769 1352 27 15 us
805 1351 29 16 on
843 1343 72 23 board
927 1344 37 22 for
977 1343 39 23 the
1031 1343 54 23 said'
1094 1343 66 23 cattle
1175 1343 91 27 having,

671 1371 58 23 been
737 1371 138 28 misapplied,
882 1373 64 25 great
951 1370 46 22 loss
1003 1371 45 22 and
1054 1371 94 26 damage
1153 1370 42 22 has
1200 1370 58 22 been

671 1398 114 22 sustained
793 1406 5 19 ;
814 1397 46 23 and
868 1404 33 16 we
910 1397 59 23 have
978 1397 108 22 tendered
1098 1397 57 22 such
1168 1404 51 15 sum
1234 1404 24 14 as

671 1425 19 22 is
698 1425 43 23 due
751 1425 35 23 for
795 1424 83 28 freight
886 1426 30 20 oh
922 1424 38 22 the
968 1423 48 23 said
1023 1424 73 27 cattle,
1101 1424 61 22 'after
1167 1423 93 23 deduct-

671 1451 40 28 ing
721 1452 37 22 the
767 1454 94 20 amount
871 1451 28 22 of
908 1451 107 26 damages
1024 1450 127 23 sustained:
1166 1450 46 22 and
1221 1457 37 15 are

671 1479 110 27 prepared
789 1482 24 19 to
817 1477 88 24 receive
913 1477 45 23 and
964 1477 57 23 have
1027 1476 126 24 demanded
1160 1476 100 30 delivery

674 1505 28 23 of
711 1505 70 24 them.

816 1532 64 23 John
890 1531 46 23 and
945 1531 60 23 Geo.
1014 1531 82 31 Wade,

896 1559 137 28 Consignees
1043 1559 25 23 of
1078 1559 39 23 the
1125 1558 50 23 said
1183 1557 75 25 cattle.

699 1586 59 23 Nov.
768 1588 34 26 30,
816 1587 63 22 1841.

672 1631 161 49 MESSRS.
853 1630 96 26 HORT.
970 1630 158 27 MOCATTA,
1146 1629 47 23 and
1212 1629 47 22 CO.

763 1658 59 22 have
830 1658 105 23 received
943 1657 145 23 instructions
1099 1660 25 19 to
1137 1656 84 23 submit
1237 1659 22 18 to

671 1684 80 23 Public
765 1684 107 27 Auction,
891 1688 25 18 at
932 1684 39 22 the
988 1684 123 27 Exchange
1129 1683 81 27 Room,
1230 1689 30 16 on

671 1711 84 28 Friday
762 1715 64 23 next,
835 1710 42 24 3rd
885 1711 134 27 December,
1029 1710 94 24 without
1136 1717 97 21 reserve,
1247 1717 14 16 a

672 1738 93 28 general
775 1742 134 19 assortment
917 1738 28 23 of

657 1763 1 24 I
807 1770 343 33 MERCHANDIZE,,,

671 1798 129 28 Consisting
823 1799 26 21 of
850 1810 30 4 —
884 1798 97 23 Manilla
1002 1804 73 21 sugar,
1098 1797 87 27 raisins,
1209 1795 49 28 figs,

670 1825 114 29 liquorice,
795 1825 48 23 coir
854 1832 61 22 xope,
929 1825 92 27 pickles,
1037 1824 64 29 tripe,
1115 1823 88 25 bottled
1216 1830 42 20 »ie,

669 1853 50 28 gin,
728 1860 57 20 rum,
795 1852 96 28 brandy,
901 1852 46 23 and
955 1859 15 15 a
977 1851 87 26 variety
1074 1851 27 22 of
1110 1850 66 23 other
1181 1849 77 29 goods.

698 1880 45 21 For
751 1879 87 23 further
847 1879 139 28 particulars,
1001 1885 39 15 ace
1047 1877 131 23 hand-bills.
1218 1895 7 12 r
1227 1887 6 20 ;

845 1923 129 22 Juvenile
983 1923 102 20 Books.

676 1950 88 23 XUST
773 1950 133 24 OPENED,
917 1949 47 22 and
972 1956 31 14 on
1012 1949 46 21 sale
1066 1951 25 19 at
1105 1947 51 28 the,,
1160 1947 65 23 office
1234 1948 28 20 of

669 1997 75 23 suited
756 1997 37 23 for
809 1997 39 22 the
861 1995 103 30 juvenile
978 1995 114 23 branches
1108 1995 28 23 of
1144 2002 14 16 a
1172 1994 88 29 family,

669 2025 124 26 consisting
807 2024 26 22 of
833 2034 26 6 —

698 2051 111 23 Coloured
818 2050 143 27 battledores,
971 2049 38 23 3d.
1019 2048 62 28 each,

699 2079 22 21 A
730 2079 103 27 quantity
848 2077 27 22 of
885 2081 38 23 toy
940 2076 78 27 books,
1029 2076 35 22 Id.
1082 2074 62 29 each,
1160 2075 47 23 and
1221 2074 40 24 the

669 2105 116 27 following
790 2104 84 27 Tirorks,-
882 2107 40 24 got
929 2111 33 20 up
970 2104 25 21 in
1004 2110 15 14 a
1027 2110 55 20 very
1090 2106 54 18 neat
1153 2102 58 28 style
1217 2110 6 14 :
1223 2112 30 7 —

838 2138 46 16 ONE
899 2137 110 15 SHILLING
1023 2137 68 15 EACH.

698 2158 107 23 Children
819 2159 27 22 of
862 2157 38 23 the
913 2157 98 27 Abbey;
1032 2163 15 16 a
1061 2156 53 28 tale,
1131 2156 31 28 by
1172 2156 88 28 Regina

670 2186 79 22 Maria'
755 2185 83 28 Roche,

698 2213 95 28 History
802 2213 27 22 of
839 2211 147 28 Lucy-Clare,

697 2239 95 28 History
802 2239 26 23 of
838 2239 40 23 the
888 2239 84 26 Fanes,

697 2267 109 22 Russell's
812 2274 69 15 seven
890 2272 108 21 sermons,
1008 2264 51 22 fifth
1068 2264 92 27 edition,

697 2293 89 28 JEsop's
795 2293 88 28 Fables,

699 2321 59 21 Irish
767 2320 63 25 tales,
840 2319 85 28 stories,
936 2319 47 22 and
991 2318 127 27 anecdotes,

699 2347 124 28 Elizabeth,
833 2354 27 15 or
868 2347 38 21 the
917 2346 69 22 exiles
995 2346 27 22 of
1033 2345 91 27 Siberia,

699 2374 91 24 Female
799 2373 75 29 policy
882 2373 111 28 detected,
1003 2380 25 14 or
1038 2372 38 23 the
1085 2375 35 20 art
1132 2371 28 23 of
1171 2371 87 28 design-

672 2401 42 28 ing
723 2408 87 16 women
818 2401 47 23 laid
875 2407 65 21 open,

697 2428 49 24 The
755 2436 50 15 new
809 2427 113 28 .academy
932 2426 27 22 of
965 2425 162 29 compliments,
1136 2432 27 16 or
1169 2425 89 23 Lover's

672 2456 130 27 Secretary;
831 2454 133 27 containing
982 2453 114 28 examples
1120 2453 37 21 for
1174 2452 84 27 writing

671 2482 77 22 letters
758 2490 30 14 on
798 2489 45 20 any
852 2481 94 28 subject,

699 2509 57 23 Paul
765 2509 46 23 and
823 2508 107 28 Virginia,
961 2526 6 5 .

699 2536 48 22 The
756 2536 54 23 Post
819 2536 105 28 Captain;
936 2541 26 16 or
970 2533 40 23 the
1018 2533 102 23 Wooden
1129 2533 72 23 Walls
1210 2532 48 24 well

670 2563 106 28 manned,

697 2590 49 22 The
755 2590 56 22 lives
820 2589 46 23 and
878 2588 89 24 actions
982 2587 32 23 of'
1021 2587 37 23 the
1072 2590 60 20 most
1146 2586 111 23 notorious

671 2617 172 28 Highwaymen,

698 2645 48 22 The
762 2643 108 24 Patriotic
885 2642 80 28 Sailor,
981 2648 26 16 or
1027 2641 104 23 sketches
1146 2641 28 22 of
1195 2643 61 21 naval

670 2671 49 28 life,
879 2695 69 3 ...

700 2698 51 22 Life
763 2698 28 22 of
801 2698 135 27 Bonaparte,

699 2725 95 29 History
803 2725 27 22 of
838 2725 77 22 Baron
925 2722 165 29 Munchausen,

699 2752 49 23 The
756 2751 66 23 Book
831 2751 26 22 of
867 2750 148 27 Knowledge,

699 2779 111 27 Memoirs,
830 2778 27 23 of
875 2777 146 28 Amoranda;
1045 2784 25 14 or
1087 2776 40 23 the
1146 2775 110 24 reformed

673 2808 87 24 coquet.

699 2833 61 21 Lord
770 2831 165 23 Chesterfield's
944 2830 88 23 Letters
1041 2833 22 20 to
1072 2830 36 22 his
1117 2836 48 22 son,

699 2859 98 27 Elegant
806 2859 87 27 Poems,

699 2885 51 23 Life
758 2886 28 21 of
796 2885 94 28 Captain
899 2885 71 21 Cook.

854 2930 3 3 ,
875 2918 110 15 SIXPENCE
995 2918 67 15 EACH.

697 2939 56 23 Two
760 2939 75 22 sisters
843 2938 47 23 and
897 2937 129 28 fisherman,

699 2966 107 23 Soloman
822 2964 136 24 Sobersides
968 2964 121 23 Christmas
1097 2964 57 23 tales
1162 2964 36 23 for
1205 2965 49 28 boyi

671 2993 47 22 and
726 2993 60 27 girls,
831 2990 6 7 *
898 3007 6 16 f

699 3020 92 22 Mother
798 3018 100 23 Bunch's
906 3018 60 28 fairy
974 3017 64 29 tales,

701 3047 88 27 Beauty
798 3046 45 23 and
852 3046 39 22 the
899 3046 76 27 Beast,

701 3073 95 29 History
805 3073 26 22 of
840 3073 59 22 little
908 3072 66 27 Jack,

699 3097 94 31 History
803 3100 25 22 of
838 3099 117 23 Robinson
966 3100 90 27 Crusoe,

699 3127 48 22 The
756 3127 134 23 valentine's
899 3126 49 27 gift,

693 3154 100 34 .History
816 3154 26 22 of
864 3154 98 27 Tommy
984 3153 109 29 Playlove
1115 3153 47 23 and
1184 3153 68 28 Jack;

671 3181 129 28 Lovebook,

695 3208 51 23 The
755 3207 99 29 triumph
864 3207 27 22 of
899 3207 61 27 good
968 3210 87 24 nature,

699 3236 65 27 Story
774 3235 27 22 of
810 3234 57 23 little
877 3234 60 23 Dick
946 3234 46 22 and
1000 3234 36 22 his
1044 3234 135 28 playthings,

698 3262 48 22 The
755 3262 134 22 adventures
899 3261 25 22 of
935 3261 97 27 Finetta,
1042 3281 3 6 ,

698 3288 95 28 History
802 3289 27 22 of
835 3288 108 22 Graciosa
950 3288 45 22 and
1002 3288 109 28 Percinet,
1120 3295 14 16 a
1143 3288 59 28 fairy
1207 3287 44 23 tala

699 3316 84 23 Sinbad
793 3315 37 22 the
839 3314 75 27 sailor,

698 3342 104 28 Tragedy
811 3342 26 22 of
847 3342 109 27 Douglas.

804 3388 2 4 ,
852 3376 150 15 THREEPENCE
1012 3376 68 16 EACH.

699 3396 44 23 Obi
749 3405 6 19 ;
770 3403 26 16 or
804 3395 174 28 three-fingered
988 3395 64 28 Jack,

698 3424 57 22 Blue
763 3422 80 28 Beard,

699 3450 56 23 Puss
762 3450 25 23 in
796 3450 75 27 Boots,
893 3464 3 4 ■

699 3477 91 24 Mother
798 3476 117 28 Hubbard,
925 3475 47 23 and
979 3476 43 22 her
1030 3476 124 23 wonderful
1162 3479 44 25 cat,

700 3504 106 28 Aladdin,
817 3511 25 15 or
852 3504 38 22 the
899 3503 126 22 wonderful
1033 3503 67 29 lamp,

699 3532 106 22 Children
814 3532 23 21 in
847 3530 38 23 the
895 3530 73 27 wood,

700 3558 58 23 Jack
767 3557 46 24 and
821 3558 38 22 the
868 3558 59 22 bean
937 3556 69 28 stalk,

700 3585 121 23 Gulliver's
830 3584 88 28 travels,

698 3613 39 23 AH
747 3612 62 23 Baba
816 3620 6 20 ;
837 3619 26 14 or
870 3611 39 24 the
919 3610 61 29 forty
989 3610 92 28 thieves,

699 3640 84 22 Sinbad
792 3639 38 22 the
838 3638 75 23 sailor.

698 3667 95 27 History
802 3666 27 22 of
838 3666 35 22 Sir
883 3664 99 23 William
991 3664 107 29 Wallace,

697 3694 143 22 Adventures
850 3692 27 23 of
887 3692 57 23 Tom
954 3691 96 24 Thumb.

890 3718 4 7 !
931 3725 65 21 also,

697 3747 81 28 Gray's
788 3746 141 27 Arithmetic,

696 3774 79 28 Ready
785 3773 137 27 Reckoners,

693 3800 123 23 Johnson's
825 3800 141 28 Dictionary,

680 3850 5 4 ,
694 3827 84 23 Pocket
786 3827 97 26 Reciter,

693 3854 118 22 Anecdote
827 3853 27 22 of
863 3853 49 27 wit;
931 3852 60 23 Irish
1005 3851 45 28 wit,
1066 3851 87 29 budget
1167 3851 29 24 of
1212 3851 26 24 wi

665 3881 46 22 and
721 3887 55 21 song
784 3878 71 23 books
863 3878 25 23 in
896 3882 65 24 great
970 3878 93 29 variety.

692 3906 131 24 November
830 3907 34 27 29,
875 3907 62 22 1841.
