2529 4010
728 443 164 22 SHIPPING
909 443 275 23 INTELLIGENCE.

883 489 143 22 ARRIVED.

692 523 56 17 Nov.
773 523 32 21 28,
830 523 103 17 schooner
955 523 98 21 Look-in,
1074 523 106 22 Cannon,,
1192 523 55 17 from

666 546 89 21 Palliser
763 546 42 26 Bay
818 555 5 16 ;
840 553 68 19 cargo,
920 547 36 21 oil.

691 574 55 20 Nov.
758 575 33 23 30,
809 575 103 20 schooner
929 575 116 25 Susannah,
1053 574 56 25 Ann,
1127 574 119 25 Anderson,

666 601 54 20 from
729 602 85 22 Kapiti;
826 608 68 16 cargo,
905 602 29 19 oil
943 602 40 19 and

899 646 114 16 SAILED.

691 676 56 19 Nov.
759 676 32 23 27,
798 676 104 19 schooner
907 676 97 23 Look-in,
1013 676 98 23 Cannon,
1119 676 34 19 for
1160 676 88 20 Palliser

663 703 54 26 Bay.

691 730 56 20 Nov.
765 730 31 24 28,
814 730 102 20 schooner
931 729 82 25 Bailey,
1031 729 47 26 163,
1097 729 98 25 Sinclair,
1212 729 35 21 for

664 757 103 24 London;
782 763 68 20 cargo,
867 757 30 20 oil
911 757 42 19 and
964 757 63 20 bone.
1056 757 188 26 Passenger—Mr.

662 785 89 26 [Charles
762 784 95 26 Heaphy.

690 812 61 20 Same
761 812 44 26 day,
816 812 102 20 schooner
927 812 64 24 Kate,
1002 812 34 25 70,
1045 810 66 26 Read,
1123 811 33 20 for
1167 811 81 21 Nelson

664 840 84 19 Haven.
1229 853 4 6 ,
1246 851 6 8 *

885 884 33 17 IN
932 884 85 17 PORT.

719 913 51 24 Ship
780 913 65 22 Arab,
857 913 99 18 Sumner.

718 939 80 26 Barque
807 939 83 20 Amelia
902 939 121 25 Thompson,
1037 939 100 19 Dawson.

718 967 52 25 Brig
781 967 99 23 Caroline,
892 965 99 21 Coombs.

719 995 80 25 Barque
813 993 109 25 Gertrude,
933 993 70 20 Stead.

719 1022 81 26 Barque
809 1022 99 23 Eleanor,
920 1021 138 20 Holderness.

720 1049 106 21 Schooner
838 1049 56 24 Gem,
906 1048 84 20 Pearce.

718 1077 110 20 American
838 1077 47 24 ship
894 1077 78 19 Robert
983 1076 106 25 Pulsford,
1104 1076 87 26 Clough.

720 1105 51 25 Ship
784 1104 99 23 Oriental,
892 1103 91 21 Wilson.
1026 1103 5 10 v

720 1132 105 20 Schooner
835 1131 66 24 Ariel,
909 1131 145 21 Mulholland.

836 1159 80 24 Henry,
927 1158 120 27 Daymond.

719 1186 51 26 Brig
779 1187 81 23 Arroio,
872 1186 73 20 Geare.

720 1214 63 26 Sloop
791 1214 68 25 Royal
869 1214 99 24 William,
979 1213 80 20 Lovitt.

720 1241 120 26 Brigantine
849 1238 139 28 Abercbmbie,
998 1241 85 20 Devlin.

841 1268 119 26 Vanguard,
971 1268 95 26 Murray.

721 1297 106 20 Schooner
836 1297 98 23 Look-in,
951 1296 105 25 Canning.

840 1324 109 19 Susannah
958 1324 55 24 Ann,
1024 1324 120 21 Anderson.

840 1370 118 16 CUSTOM
973 1370 107 16 HOUSE.

904 1407 109 9 imports.

694 1425 123 20 Schooner
1010 1429 66 15 from
1090 1423 131 21 Wyderop.
1223 1435 24 4 —

669 1452 77 26 Agents
753 1452 21 21 J.
783 1452 41 20 and
836 1452 24 20 G.
875 1452 71 20 Wade.
947 1462 28 4 —
976 1451 26 21 27
1018 1451 61 21 casks
1096 1451 63 21 black
1237 1453 10 19 3

669 1480 51 19 ditto
731 1486 74 20 sperm.

763 2442 276 19 METEOROLOGICAL
1054 2441 101 20 TABLE.

688 2474 41 20 For
740 2473 33 20 the
781 2472 55 20 week
849 2471 74 23 endi-tg
934 2470 117 24 Thursday,
1062 2470 54 20 Nov.
1129 2470 33 23 25,
1176 2470 59 19 1841.

999 3084 126 14 REMARKS.
1194 3084 3 1 '
1221 3086 2 5 '
1242 3090 5 3 -

669 3103 84 21 Friday...
791 3104 8 16 8
869 3103 53 21 Light
928 3104 69 19 breeze,
1005 3105 86 18 overcast,
1099 3103 34 16 but
1139 3103 42 16 fine.
1238 3113 4 10 ,

791 3146 51 21 Ip.m.
870 3146 66 20 Strong
942 3145 62 17 breeze
1012 3145 37 17 and
1056 3149 43 17 very
1106 3145 42 16 fine.

791 3189 8 15 5
912 3187 34 17 Do.
989 3187 34 17 Do.
1066 3187 35 16 Do.
1120 3196 12 12 -.
1155 3195 5 4 •

671 3230 31 17 Sat
791 3230 9 16 8
870 3229 55 21 Light
950 3241 7 5 „
974 3229 47 24 ;.Do.
1065 3229 34 16 Do.

791 3272 52 21 Ip.m.
913 3271 35 17 Do.
990 3270 36 18 Do.
1068 3270 34 17 Do.

765 3315 35 22 5
890 3319 3 5 •
914 3313 33 17 Do.
990 3312 34 18 Do.
1067 3312 34 17 Do.
1179 3316 12 18 ',
1211 3316 6 5 -
1232 3328 6 6 ,

671 3357 85 20 Sunday..
793 3357 9 15 8
873 3356 92 16 Moderate
976 3354 27 17 air
1067 3354 34 17 Do.

793 3398 54 20 Ip.m.
914 3397 44 17 Do..
970 3403 4 3 ■
991 3397 34 16 Do.
1068 3396 34 17 Do.

993 3417 27 22 fcrf

793 3441 9 15 5
873 3439 65 21 Strong
944 3439 63 16 breeze
1014 3438 37 17 and
1059 3442 43 16 very
1108 3438 43 17 Ane.
1246 3454 2 2 .
1255 3437 2 12 :

673 3483 83 20 Monday.
793 3482 10 16 8
915 3481 34 16 Do.
1069 3480 34 16 Do.

793 3524 54 20 Ip.m.
874 3522 72 21 Squally
953 3522 45 16 with
1004 3521 39 17 rain

793 3566 9 15 5
897 3579 4 3 .
916 3564 34 16 Do.
993 3564 33 16 Do.
1069 3563 35 17 Do.
1243 3578 2 7 ,

673 3608 83 21 Tuesday
793 3608 10 15 8
875 3606 53 21 Light
934 3606 68 19 breeze,
1010 3605 89 20 inclining
1106 3606 18 15 to
1131 3605 46 17 rain.

793 3649 55 20 Ip.m.
917 3647 34 17 Do.
982 3648 2 5 '
993 3650 43 17 very
1045 3646 42 16 fine.

795 3691 8 15 5
875 3688 54 22 Light
936 3684 69 21 alr&nd
1012 3688 43 16 fine.
1070 3698 3 6 .
1217 3705 3 7 (
1228 3688 16 12 •*'

675 3734 45 17 Wed
795 3733 10 16 8
876 3731 53 20 Light
935 3731 63 16 breeze
1005 3729 37 18 and
1049 3733 41 17 very
1098 3730 42 16 fine.

787 3775 63 19 ,Ip.m.
877 3773 92 16 Moderate
1053 3771 90 20 inclining
1150 3772 17 16 to
1176 3766 50 22 rain.'

796 3817 9 15 5
919 3813 34 17 Do.
996 3813 33 16 Do.
1073 3813 33 16 Do.

676 3859 61 17 Tnurs
743 3870 17 5 ...
797 3858 10 16 8
879 3857 65 19 Strong
949 3855 62 16 breeze
1019 3854 37 17 and
1062 3854 54 20 miity
1124 3854 46 17 rain.

798 3899 54 20 Ip.m.
921 3897 34 15 Do.
997 3895 99 17 occasional
1104 3895 54 21 misty
1166 3897 84 16 showers.

798 3940 10 16 5
922 3938 34 16 Do.
999 3937 33 17 Do.
1075 3937 33 16 Do.

1891 118 103 23 breeches
2004 117 83 31 pocket
2098 117 46 24 will
2153 118 53 31 help
2226 113 130 36 you'toj;he
2374 115 96 25 truthful
2483 122 2 6 '

1891 151 73 31 reply.
2089 156 4 4 *
2268 171 2 7 ,
2296 162 2 5 <
2350 156 2 7 r
2440 149 3 5 '

1923 207 49 24 The
1983 212 69 19 worst
2061 212 52 26 part
2125 207 25 24 of
2158 208 37 23 the
2207 207 56 24 road
2275 211 22 20 to

1889 240 50 23 that
1950 241 23 22 in
1985 240 37 23 the
2033 241 94 30 vicinity
2139 240 25 23 of
2175 240 109 24 Pukaroa
2294 240 45 23 and
2351 240 125 23 Pari'Pari

1889 273 75 23 —has
1981 273 59 23 been
2051 273 109 23 rendered
2176 273 105 31 passable
2291 273 36 23 for
2338 273 80 23 horses
2430 273 43 23 and

1891 306 73 29 cattle,
1976 306 31 30 by
2016 313 13 16 a
2035 305 60 31 body
2103 306 24 23 of
2134 306 113 23 workmen
2256 306 118 31 employed
2381 306 36 23 for
2424 306 49 23 that

1889 346 97 24 purpose
1993 339 30 30 by
2032 339 94 23 Colonel
2134 339 135 28 Wakefield,
2278 339 44 23 and
2334 346 29 16 on
2371 338 103 31 Monday

1885 372 54 30 ,that
1966 371 138 31 gentleman,
2134 372 157 31 accompanied
2317 372 32 30 by
2378 371 98 31 Captain

1890 405 99 28 Daniell,
1997 404 48 24 Mr.
2056 404 154 29 Molesworth,
2218 405 45 23 and
2268 405 47 23 Mr.
2322 405 94 30 Duppa,
2422 404 55 24 took

1890 438 35 23 his
1945 438 116 30 departure
2071 437 60 24 from
2143 437 141 31 Wellington
2294 437 55 24 with
2367 438 40 22 the
2418 438 57 23 view

1891 471 24 23 of
1927 471 130 30 examining
2066 471 40 23 the
2119 471 97 23 districts
2229 470 66 24 south
2308 470 25 23 of
2342 470 38 23 the
2393 470 84 23 Mana-

1893 508 60 19 watu
1975 504 44 23 and
2040 505 26 22 in
2088 504 38 23 the
2148 503 185 31 neighbourhood
2353 503 25 23 of
2397 503 79 24 Otaki.

1892 537 65 32 Capt.
1978 536 82 29 Smith,
2082 536 38 24 the
2136 536 235 31 Surveyor-General,

1891 575 78 26 strong
1974 570 145 23 detachment
2124 570 25 23 of
2152 577 119 23 surveyors
2278 569 42 24 and
2326 577 60 21 men,
2393 569 86 23 started

1890 603 35 23 for
1945 603 38 23 the
2002 611 62 15 same
2085 603 107 29 districts,
2213 603 45 23 and
2279 602 108 31 probably
2400 610 14 16 a

1891 637 64 30 large
1964 637 95 22 number
2068 637 26 22 of
2103 637 97 22 sections
2206 637 47 22 will
2260 643 57 16 soon
2324 636 28 23 be
2361 635 85 24 offered
2456 639 23 20 to

1891 669 38 23 the
1937 669 89 23 holders
2039 669 24 23 of
2076 670 145 27 preliminary
2232 670 94 25 orders.:

1925 727 30 23 In
1965 735 14 15 a
1988 727 47 23 late
2047 727 94 31 Sydney
2151 735 69 23 paper
2232 734 33 16 we
2277 726 48 24 find
2340 726 39 24 the
2390 727 88 23 follow-

1894 760 74 31 ing—

1940 798 46 22 The
1995 799 76 26 David,
2082 798 89 26 whaler,
2181 798 19 21 is
2216 798 104 27 reported
2334 801 24 18 to
2373 797 29 22 be
2415 797 64 27 lying

1894 828 20 18 at
1924 825 52 22 Port
1985 825 132 27 Nicholson,
2127 833 14 14 a
2150 825 54 21 total

1925 860 50 24 The
1985 860 81 24 David
2076 868 46 16 was
2138 860 104 24 wrecked
2260 861 26 22 in
2303 859 99 25 Palliser
2420 859 59 31 Bay,

1894 894 42 23 and
1947 898 39 19 not
1996 894 25 23 in
2033 894 57 23 Port
2105 893 132 24 Nicholson.
2275 894 68 23 Since
2362 892 38 24 the
2416 901 63 15 com-

1894 931 139 19 mencement
2044 927 25 23 of
2084 927 38 23 the
2136 927 142 28 Settlement,
2296 934 28 16 no
2344 926 75 28 \essel
2437 925 42 24 has

1894 960 56 23 been
1960 960 45 23 lost
2016 960 63 29 here,
2091 960 87 31 though
2192 960 116 23 hundreds
2319 960 57 23 have
2388 959 92 23 entered'

1894 993 42 23 and
1949 993 112 24 anchored
2072 994 26 22 in
2109 1002 41 14 our
2160 998 51 26 port
2222 994 25 22 in
2258 993 31 23 all
2295 993 119 23 weathers.
2450 992 30 24 In

1894 1034 152 24 consequence
2065 1026 26 23 of
2112 1026 38 23 the
2169 1026 89 31 neglect
2277 1026 24 23 of
2317 1026 38 23 the
2374 1026 106 23 Govern-

1894 1064 62 20 ment
1967 1064 21 19 to
2001 1060 91 23 furnish
2102 1060 70 31 lights
2185 1068 24 15 or
2224 1060 93 31 signals,
2337 1066 63 16 some
2419 1066 61 16 com-

1894 1094 100 23 manders
2007 1094 25 23 of
2045 1093 86 24 vessels
2149 1093 57 24 have
2223 1093 123 29 mistaken,
2366 1100 26 15 or
2411 1091 69 24 found

1894 1134 61 16 some
1968 1127 111 30 difficulty
2090 1127 25 23 in
2126 1126 150 31 discovering,
2287 1126 38 24 the
2338 1129 106 20 entrance
2456 1129 24 19 to

1894 1160 56 23 Port
1960 1160 142 28 Nicholson;
2126 1160 43 23 but
2186 1160 65 23 when
2270 1160 91 28 known,
2378 1158 65 24 there
2458 1159 22 22 is

1894 1192 84 24 neither
2002 1193 112 30 difficulty
2136 1200 42 16 nor
2208 1192 84 31 danger
2315 1193 25 23 in
2363 1193 113 30 entering.

1894 1226 64 31 Capt.
1971 1226 102 31 Dunlop,
2085 1226 26 23 of
2126 1225 73 24 H.M.
2212 1225 53 32 ship
2284 1225 116 28 Favorite,
2420 1225 56 29 said,

1894 1259 25 23 he
1932 1259 82 23 should
2032 1259 48 23 like
2098 1263 23 19 to
2138 1258 64 24 work
2219 1259 39 23 the
2279 1258 128 28 Caledonia,
2430 1260 49 21 120

1894 1300 63 24 guns,
1981 1293 47 22 into
2052 1292 59 24 Port
2132 1292 127 23 Nicholson
2395 1299 14 15 a
2432 1291 48 24 stiff

1894 1325 166 19 north-wester.

1924 1377 163 23 Birth.—At
2105 1376 257 31 'Wellington-terrace,
2386 1383 31 16 on
2439 1375 36 24 the

1894 1411 57 23 28th
1960 1411 64 29 inst.,
2038 1411 38 22 the
2087 1410 51 23 wife
2151 1410 25 23 of
2190 1410 44 24 Dr.
2247 1409 160 29 Featherston,
2424 1409 24 23 of
2463 1418 12 14 a

1894 1451 59 16 son.-

1896 1505 26 19 To
1933 1504 34 20 the
1975 1503 78 21 Editor
2062 1503 28 25 of
2103 1504 34 20 the
2172 1504 53 19 New
2235 1502 93 20 Zealand
2339 1502 87 20 Gazette
2435 1501 40 21 and

2049 1531 125 25 Wellington

1925 1566 112 30 Sir,—lt
2049 1574 73 16 seems
2134 1570 23 19 to
2169 1574 36 15 me
2216 1566 50 22 that
2278 1566 37 22 the
2332 1565 88 31 Colony
2432 1565 41 23 has

1891 1608 51 16 now
1969 1600 87 23 arrived
2083 1604 23 19 to
2135 1599 48 24 that
2205 1603 58 19 state
2282 1599 67 22 when
2369 1606 35 15 we
2424 1606 53 22 may

1892 1633 134 31 reasonably
2037 1633 59 31 hope
2108 1633 35 23 for
2154 1632 130 31 something
2293 1632 48 23 like
2352 1639 29 15 an
2393 1639 84 23 organ-

1894 1667 51 24 ized
1956 1667 143 24 Post-office.
2145 1666 58 23 This
2215 1666 142 31 department
2368 1665 60 23 from
2440 1665 39 23 the

1894 1701 52 23 first
1955 1701 42 23 has
2009 1701 58 22 been
2077 1708 14 15 a
2102 1699 135 31 shamefully
2249 1699 109 23 defective
2371 1706 50 21 one,
2435 1698 44 23 and

1895 1734 116 23 continues
2024 1738 22 19 to
2058 1734 29 23 be
2099 1741 25 16 so
2137 1737 22 19 to
2171 1733 37 23 the
2220 1736 66 27 great
2301 1733 176 22 inconvenience

1894 1767 44 24 and
1949 1774 130 23 annoyance
2091 1766 25 24 of
2130 1766 38 24 the
2179 1766 136 28 settlement,
2327 1766 42 22 but
2376 1766 99 30 particu-

1894 1801 58 31 larly
1968 1806 22 18 to
2013 1800 66 24 those
2101 1800 100 23 resident
2221 1804 24 19 at
2263 1799 90 29 Petoni,
2373 1799 46 22 and
2433 1799 46 24 ,the

1895 1835 79 23 rivers.
2019 1833 14 24 I
2052 1833 48 23 will
2119 1838 40 19 not
2178 1837 94 19 recount
2294 1832 39 24 the
2355 1839 124 16 numerous

1895 1868 204 30 disappointments
2117 1867 12 23 I
2146 1866 56 24 have
2213 1870 48 19 met
2272 1866 172 30 with'ingoing
2455 1870 23 18 to

1894 1901 51 23 that
1955 1901 63 23 office
2030 1900 34 24 for
2075 1900 79 24 letters
2165 1908 6 21 ;
2190 1900 57 23 after
2258 1899 101 31 walking
2373 1901 30 21 10
2415 1899 65 23 miles

1895 1934 117 32 expressly
2023 1934 35 23 for
2070 1934 69 28 them,
2160 1933 44 24 and
2221 1933 78 31 seeing
2317 1932 91 31 nobody
2418 1932 62 23 there

1896 1969 80 20 within
1985 1967 55 25 tail,
2063 1967 44 24 and
2127 1967 130 23 sometimes
2275 1967 101 30 arriving
2390 1966 63 23 there
2466 1967 14 21 5

1897 1997 99 22 minutes
2007 2000 52 27 past
2070 1997 17 21 4
2099 1995 94 28 o'clock,
2207 1995 44 23 and
2263 1994 89 31 finding
2367 1997 40 21 the
2427 1995 55 23 door

1896 2028 89 30 closed;
2005 2037 25 15 or
2040 2028 21 23 if
2068 2028 71 31 being
2159 2028 113 23 fortunate
2291 2028 90 30 enough
2403 2032 22 19 to
2447 2028 35 23 hit

1896 2062 38 24 the
1946 2062 62 31 right
2019 2062 62 28 time,
2094 2066 24 19 to
2126 2062 29 23 be
2166 2061 46 23 told
2225 2061 49 23 that
2285 2070 38 22 my
2341 2061 80 23 letters
2437 2061 45 24 had

1894 2096 60 23 been
1971 2096 68 30 given
2057 2100 23 18 to
2099 2103 62 15 some
2178 2095 75 23 friend
2265 2094 54 27 .who
2338 2094 45 24 had
2401 2094 81 32 kindly

1897 2128 98 31 thought
2007 2133 23 18 to
2050 2129 93 30 enquire
2160 2128 35 23 for
2214 2136 45 21 me,
2284 2128 44 23 and
2346 2133 40 18 not
2406 2129 77 30 seeing

1897 2162 50 23 that
1955 2162 76 23 friend
2048 2161 36 24 for
2103 2169 61 16 some
2181 2161 77 24 weeks
2280 2162 66 28 after,
2369 2161 50 24 who
2439 2161 45 24 had

1897 2195 56 24 then
1962 2195 115 32 forgotten
2089 2195 49 23 that
2149 2195 29 23 he
2188 2194 46 24 had
2252 2203 51 15 ever
2320 2195 106 23 received
2444 2195 38 23 the

1896 2229 87 24 letters.
2030 2228 14 23 I
2062 2229 99 30 imagine
2179 2228 50 23 that
2253 2228 38 23 the
2310 2228 133 32 population
2462 2229 22 23 of

1898 2263 58 23 Port
1972 2261 129 25 Nicholson
2119 2263 20 22 is
2158 2262 113 23 sufficient
2289 2267 23 18 to
2334 2265 148 26 remunerate,

1898 2303 26 16 or
1940 2300 24 19 at
1979 2295 60 24 least
2057 2295 89 31 enough
2162 2299 23 20 to
2204 2303 66 16 cover
2289 2295 38 24 the
2346 2303 98 24 expense
2462 2296 22 23 of

1898 2338 13 15 a
1929 2333 106 20 contract-
2049 2329 34 23 for
2102 2329 37 23 the
2160 2336 141 23 conveyance
2322 2329 26 23 of
2367 2337 14 15 a
2399 2329 85 30 weekly

1898 2371 26 15 or
1948 2362 158 31 semi-weekly
2128 2362 55 23 mail
2211 2370 54 15 over
2285 2362 38 23 the
2349 2362 135 29 settlement,

1899 2404 26 16 or
1948 2401 22 19 at
1988 2396 64 23 least
2079 2401 22 18 to
2132 2395 56 24 such
2209 2400 64 27 parts
2299 2395 26 24 of
2355 2397 26 27 it,
2413 2395 71 24 where

1898 2437 67 24 every
1978 2429 79 24 settler
2069 2429 68 24 could
2150 2429 43 24 feel
2211 2429 39 23 the
2269 2429 126 31 advantage
2414 2429 24 23 of
2451 2430 31 28 it;

1896 2463 36 24 for
1943 2464 84 30 in.my.
2033 2463 93 31 opinion
2145 2470 33 16 we
2197 2462 83 24 should
2298 2463 28 23 be
2345 2470 55 23 very
2418 2463 66 23 much

1896 2496 73 25 better
1979 2496 96 23 without
2087 2504 44 23 any
2142 2496 150 29 .Post-office,
2317 2496 56 23 than
2390 2496 39 23 the
2440 2504 41 15 one

1896 2538 52 16 now
1963 2530 106 30 existing,
2087 2529 45 24 and
2150 2530 33 23 for
2194 2529 74 23 which
2280 2538 33 15 we
2325 2529 58 23 have
2395 2534 23 18 to
2429 2537 51 24 pay.

1931 2563 14 24 I
1964 2568 66 24 trust,
2049 2564 45 28 Sir,
2116 2571 45 23 you
2178 2563 47 23 will
2242 2567 89 27 protest
2343 2564 90 30 against
2443 2563 37 22 the

1898 2597 149 23 continuance
2059 2597 26 23 of
2099 2597 56 23 such
2168 2604 12 16 a
2192 2596 137 31 disgraceful
2341 2596 45 24 and
2403 2596 79 31 injuri-

1899 2638 41 15 ous
1953 2638 28 16 an
1992 2630 138 28 institution,
2143 2630 73 23 which
2228 2637 45 23 you
2284 2638 53 22 may
2350 2630 27 23 do
2391 2637 29 16 on
2427 2637 57 23 your

1898 2671 50 15 own
1960 2667 102 24 account,
2077 2663 115 23 doubtless
2205 2670 25 15 as
2241 2663 52 23 well
2303 2671 25 15 as
2341 2663 50 23 that
2407 2663 25 23 of
2447 2663 37 23 the

1896 2696 71 24 whole
1979 2696 151 30 community.

1997 2736 14 24 I
2023 2736 57 24 have
2092 2737 38 23 the
2141 2736 88 23 honour
2240 2740 24 19 to
2275 2736 37 29 he,
2326 2736 47 29 Sir,

2130 2769 65 25 Your
2207 2770 106 23 obedient
2325 2774 100 25 servant,
2456 2791 9 5 

2245 2803 26 24 A
2287 2803 164 24 Woodsman.
2461 2802 4 7 '

2096 2838 73 23 1841.

2094 2904 193 22 KIAPARA.

1920 2966 54 23 -We
1990 2965 58 24 have
2064 2965 59 24 been
2139 2965 108 23 favoured
2268 2965 30 31 by
2317 2964 99 32 Captain
2435 2964 45 23 Gill

1899 2999 53 24 with
1961 2999 38 23 the
2007 2999 163 30 the.following
2179 2998 109 31 practical
2319 2998 84 31 sailing
2411 2997 69 24 direc-

1984 3033 35 23 for
2032 3032 111 31 Kiapara,
2162 3032 62 23 New-
2231 3031 108 29 Zealand;
2356 3031 77 24 .where
2444 3030 36 23 the

1899 3065 86 32 Sophia
2002 3065 64 23 Pate'
2079 3073 45 16 was
2139 3065 85 31 totally'
2235 3065 54 28 lost,
2313 3069 22 19 a'
2347 3064 63 24 short
2428 3064 52 24 time

1899 3100 69 23 since.
1989 3099 114 31 ..Captain
2116 3098 55 29 Gill,
2183 3099 50 22 who
2245 3098 42 23 has
2297 3098 58 23 been
2361 3098 39 24 .for
2414 3104 65 23 many

1898 3140 65 23 years
1974 3133 23 23 in
2007 3132 38 24 the
2058 3133 103 30 coasting
2172 3131 69 30 trade,
2254 3131 44 24 and
2307 3131 35 23 for
2353 3139 62 15 some
2427 3137 53 17 con-

1899 3166 110 23 siderable
2027 3166 55 23 time
2099 3174 16 15 a
2129 3165 100 24 resident
2238 3166 5 6 '
2251 3168 24 20 at
2276 3168 3 7 1
2292 3165 58 24 New
2373 3163 104 28 Zealand,

1899 3207 90 16 assures
2000 3207 28 15 us
2040 3199 51 23 that
2100 3199 30 30 by
2148 3199 117 30 following,
2273 3197 64 25 these
2349 3197 131 27 directions,!

1899 3234 39 23 the
1950 3233 95 31 dangers
2057 3232 25 23 of
2097 3232 102 32 Kiapara
2209 3232 48 23 will
2267 3232 24 23 in
2302 3239 13 16 a
2326 3236 64 26 great
2399 3231 78 29 degree

1899 3267 28 23 be
1941 3265 102 25 obviated
2052 3274 4 15 :
2058 3279 35 4 —
2190 3269 2 5 '
2297 3291 3 6 ,

1927 3292 179 40 Kiaparaj'inlat.
2122 3305 26 21 36
2164 3309 10 12 o
2183 3305 35 20 30'
2230 3305 21 25 S,
2267 3305 58 25 long.
2336 3304 38 21 171
2391 3307 11 12 °
2413 3303 25 20 10
2453 3302 24 24 E,

1899 3340 49 20 may
1956 3334 25 20 be
1990 3334 82 19 known-
2077 3333 29 26 by
2115 3333 58 20 three
2181 3333 129 19 remarkable
2319 3331 61 21 black
2395 3330 81 27 patches

1900 3368 29 14 on
1939 3362 34 19 the
1983 3361 70 20 North
2063 3360 67 24 Head,
2140 3360 41 19 and
2190 3361 36 18 the
2235 3360 73 20 shores
2317 3366 29 13 oa
2360 3359 66 20 either
2436 3357 41 20 side

1900 3389 62 26 being
1971 3389 70 20 rather
2049 3389 41 19 low
2099 3387 41 21 and
2150 3387 71 26 sandy.
2226 3405 4 4 .
2247 3402 4 3 -

1929 3417 61 26 Ships
2006 3415 73 21 bound
2087 3418 23 18 to
2127 3415 91 25 Kiapara
2230 3414 56 20 from
2299 3415 37 19 the
2345 3412 104 22 westward
2461 3410 18 21 if

1900 3444 86 25 making
1992 3444 36 19 the
2035 3443 50 19 land
2092 3443 24 19 in
2123 3442 58 20 thick
2188 3442 98 23 weather,
2293 3448 24 14 or
2324 3444 38 17 not
2369 3441 61 24 being
2437 3444 42 15 cer-

1901 3472 45 19 tain
1955 3471 23 20 of
1990 3471 55 20 their
2051 3470 95 23 latitude,
2155 3469 41 19 will
2202 3469 28 19 do'
2238 3468 138 26 wellt6:keep
2383 3468 63 20 about
2451 3465 25 21 30

1901 3499 59 20 miles
1969 3501 23 17 to
2000 3498 35 20 the
2045 3497 120 20 northward
2171 3497 23 19 of
2206 3497 38 22 the.
2249 3497 99 23 harbour,
2357 3502 23 14 as
2390 3495 34 19 the
2431 3493 46 20 land

1900 3526 24 19 in
1931 3526 49 23 that,
1985 3524 103 21 direction
2096 3524 20 20 is
2123 3524 62 20 much
2193 3520 82 29 higher,
2282 3523 121 27 presenting
2411 3528 12 13 a
2430 3519 45 21 bold

1899 3552 112 21 headland.-
2019 3552 51 19 with
2080 3549 37 22 the
2125 3558 128 20 appearance
2261 3551 26 20 of
2297 3558 27 13 an
2334 3551 52 20 inlet
2395 3550 53 19 close
2454 3549 21 18 to

1900 3581 25 24 it,
1936 3580 40 20 and
1990 3580 24 19 in
2023 3581 62 18 most-
2092 3579 25 20 of
2127 3580 37 19 the
2172 3579 76 25 sailing
2263 3579 69 19 charts
2341 3583 47 14 now
2402 3577 75 21 extant,

1901 3608 91 26 Kiapara
2000 3607 21 20 is
2029 3606 44 21 laid
2083 3606 60 21 down
2152 3607 23 19 in
2185 3606 41 20 this
2235 3606 101 26 position.
2366 3604 26 20 In
2406 3603 71 24 sailing

1901 3636 61 24 along
1971 3635 36 19 the
2018 3636 59 19 coast
2085 3634 55 20 from
2151 3634 35 19 the
2195 3633 119 20 northward
2323 3632 52 25 keep
2383 3638 26 13 an
2419 3630 59 24 offing

1901 3663 24 20 of
1936 3662 49 21 four
1993 3668 25 14 or
2033 3663 40 19 five
2086 3662 90 25 leagues,
2192 3661 47 24 and,
2244 3661 27 20 do
2288 3662 37 18 not
2334 3665 59 14 come
2408 3657 69 21 within

1901 3691 46 19 that
1957 3690 93 20 distance
2059 3689 25 20 of
2096 3690 36 19 the
2146 3689 63 20 north
2218 3688 61 20 head.
2310 3687 62 20 Cross
2387 3686 35 19 the
2432 3685 34 19 har
2468 3694 9 13 r

1901 3718 71 19 bour's
1981 3718 81 23 mouth,
2070 3717 91 25 keeping
2169 3716 35 19 the
2210 3721 57 14 same
2277 3714 92 21 distance
2377 3713 29 20 off
2412 3712 65 21 shore,

1901 3745 56 20 until
1965 3752 13 13 a
1986 3744 63 21 black
2058 3744 65 27 patch
2132 3750 28 14 on
2169 3744 35 19 the
2214 3742 68 21 South
2291 3741 61 20 Head
2367 3740 58 20 bears
2435 3737 41 23 NE

1902 3773 92 19 distance
2004 3775 37 17 ten
2051 3778 24 13 or
2085 3771 72 20 twelve
2166 3770 67 24 miles,
2240 3770 44 19 and
2293 3770 35 19 the
2338 3767 75 20 middle
2420 3764 57 21 black

1901 3800 63 26 patch
1973 3806 26 13 on
2010 3800 36 20 the
2056 3799 64 19 north
2129 3799 56 18 must
2197 3798 48 19 bear
2254 3796 23 20 N
2285 3794 28 28 by
2322 3796 27 24 E,
2366 3795 48 19 then
2426 3795 51 19 steer

1901 3834 29 19 up
1941 3827 19 20 N
1970 3827 14 23 i
1991 3827 27 24 E,
2028 3826 42 20 and
2075 3832 49 20 pass
2131 3824 73 21 within
2212 3831 14 12 a
2233 3824 49 19 mile
2291 3823 42 20 and
2339 3829 13 13 a
2360 3821 46 20 half
2413 3820 23 20 of
2442 3820 33 19 the

1901 3855 70 20 North
1982 3853 67 21 Head.
2079 3853 58 26 Keep
2147 3852 35 20 the
2192 3852 63 19 north
2265 3852 61 19 shore
2333 3848 83 23 aboard,
2426 3845 52 22 until

1902 3889 11 13 a
1921 3882 37 20 red
1967 3879 183 28 pyramid-shaped
2157 3879 67 26 point,
2233 3884 68 14 comes
2311 3878 23 19 in
2343 3876 63 26 sight,
2413 3872 64 22 which

1902 3916 47 19 may
1964 3909 33 21 be.
2002 3907 130 28 approached
2147 3906 50 20 with
2212 3905 75 26 safety,
2302 3904 42 21 and
2360 3903 77 20 anchor
2451 3905 27 15 on

1901 3937 67 19 either
1978 3935 43 21 side
2032 3935 24 20 of
2067 3935 18 20 it
2094 3934 23 20 in
2127 3934 56 25 eight
2193 3939 25 14 or
2228 3936 35 16 ten
2273 3932 98 21 fathomß.

1367 121 124 19 AGENTS
1503 120 56 20 FOR
1574 119 73 20 THIS
1659 118 110 21 PAPER.

1296 149 38 16 Mr.
1344 149 127 16 BURCHAM
1564 149 75 13 Petoni.
1742 149 9 14 f

1296 169 38 17 Mr.
1344 169 25 17 E.
1379 168 117 18 BARRETT
1507 165 333 21 ......NewPlymouth,Taranaki.

1274 203 6 3 -
1296 190 38 17 Mr.
1344 187 338 22 H.CHURTQN......Wanganui.
1713 186 9 18 '.
1731 194 17 11 %.

1296 211 37 17 Mr.
1344 211 30 17 W.
1384 210 100 18 WILSON
1565 208 40 21 Bay
1612 208 21 17 of
1642 207 84 17 Islands.

1296 249 39 19 The
1341 249 97 22 following
1445 253 32 13 are
1484 249 34 17 tha
1525 247 77 22 quarter
1612 247 47 21 days
1667 246 22 17 of
1698 245 41 17 this
1746 250 59 18 paper
1811 252 28 10 :—

1379 270 69 17 March
1706 268 49 16 3lst.

1381 291 51 18 June
1706 288 52 17 30th.

1379 311 133 23 September..
1707 308 51 18 30th.

1375 333 136 22 •December...
1558 343 15 6 ..
1586 340 4 3 ■
1611 341 40 14 ...,;
1686 330 69 19 .v3lst.
1783 341 12 7 »

1296 355 81 17 Persons
1383 354 111 22 previously
1500 355 21 16 to
1532 352 146 21 discontinuing
1689 351 52 23 their,
1746 355 71 17 papers
1823 351 38 16 and

1275 376 166 21 advertisements,
1449 376 54 16 must
1509 375 56 18 settle
1572 373 34 17 the
1616 373 92 17 accounts
1716 372 38 17 due
1760 376 26 17 up
1797 372 21 16 to
1829 371 33 17 the

1275 396 52 18 date.
1729 400 3 3 •
1818 398 3 5 '

1447 435 119 17 LATEST
1583 433 107 19 DATES.

1278 556 95 81 New
1404 556 220 81 Zealand
1655 556 220 81 Gazette

1320 640 68 23 AND
1403 638 213 24 WELLINGTON
1630 637 186 22 SPECTATOR.

1289 703 43 26 j^
1365 694 155 26 Wednesday,
1532 693 129 22 December
1676 692 20 25 1,
1711 692 63 19 1841.

1309 753 51 23 The
1383 753 120 31 departure
1526 752 25 23 of
1571 750 38 24 the
1632 749 66 31 Lady
1722 748 83 31 Leigh,
1828 748 35 24 for

1276 786 130 28 Auckland,
1426 794 47 15 was
1496 783 132 26 announced
1649 783 45 23 last
1710 782 73 23 week.
1793 799 4 3 -
1819 782 44 23 We

1277 819 138 24 understand
1426 819 50 23 that
1487 826 14 16 a
1513 816 152 25 considerable
1675 824 52 15 sum
1739 815 25 23 of
1772 823 89 23 money,

1278 852 106 24 collected
1395 852 24 23 in
1433 852 59 24 Port
1503 850 133 28 Nicholson,
1654 857 45 15 was
1711 848 106 24 remitted
1832 849 31 30 by

1278 886 40 23 her
1329 890 23 19 to
1365 885 37 23 the
1422 885 158 23 Government
1598 883 124 30 Treasury.
1770 882 25 22 It
1816 882 47 22 will

1278 920 61 22 often
1350 919 29 23 be
1391 927 41 15 our
1445 918 56 30 duty
1512 923 22 18 to
1542 916 67 25 make
1618 924 13 15 a
1638 916 87 23 similar
1733 922 129 17 announce-

1278 957 69 24 ment,
1361 951 43 25 anrl
1423 960 33 16 we
1477 951 59 23 shall
1553 949 54 25 take
1627 957 50 15 care
1696 953 22 19 to
1739 948 59 31 keep
1818 948 45 24 this

1278 986 138 30 community
1427 986 25 22 in
1459 984 68 30 .mind
1538 984 25 23 of
1578 983 39 23 the
1636 982 154 31 disagreeable
1809 982 52 29 fact,

1278 1019 48 23 that
1344 1019 59 23 from
1421 1019 60 23 their
1499 1024 126 21 resources,
1649 1016 38 23 the
1706 1015 157 23 Government

1278 1052 19 23 is
1308 1052 85 30 mainly
1413 1051 129 31 supported,
1562 1049 76 23 whilst
1655 1049 39 23 the
1710 1052 61 19 most
1788 1049 75 31 paltry

1278 1093 63 15 sums
1353 1085 34 23 for
1400 1085 37 23 the
1449 1085 84 23 benefit
1551 1083 26 23 of
1598 1083 58 23 Port
1675 1082 129 24 Nicholson
1823 1090 40 15 are

1278 1118 106 23 withheld
1436 1119 66 22 those
1514 1117 48 23 who
1576 1115 102 23 controul
1696 1115 38 23 the
1753 1115 109 31 expendi-

1278 1156 49 19 ture
1337 1151 27 23 of
1377 1151 38 23 the
1428 1151 97 30 Colony.
1532 1162 3 5 •

1300 1193 4 3 -
1311 1185 49 23 Not
1371 1193 13 15 a
1395 1185 96 30 shilling
1504 1185 21 22 is
1542 1181 159 33 appropriated
1718 1185 23 19 to
1760 1181 40 23 the
1818 1182 44 22 im-

1278 1222 133 27 provement
1423 1218 26 22 of
1471 1225 42 15 our
1531 1220 59 27 port.
1637 1215 43 23 We
1698 1214 59 24 have
1775 1214 88 24 neither

1278 1251 141 31 light-house
1442 1259 42 16 nor
1506 1251 80 29 buoys.
1637 1248 50 24 The
1707 1249 166 29 appointment-

1278 1292 56 16 even
1346 1285 25 23 of
1390 1292 14 15 a
1419 1284 199 23 harbour-master
1635 1282 20 23 is
1673 1281 134 32 postponed,
1821 1282 42 23 be-

1279 1326 67 15 cause
1357 1318 35 23 his
1405 1318 75 30 salary
1491 1321 62 20 must
1560 1323 63 16 come
1630 1319 40 19 out
1681 1315 25 23 of
1721 1315 38 23 the
1766 1315 97 30 general

1278 1360 77 23 purse.

1311 1385 53 24 The
1375 1385 156 24 Court-house
1546 1383 45 24 and
1603 1382 135 24 Post-office
1755 1390 37 15 are
1804 1386 59 19 most

1277 1419 183 28 inconvenient;,
1471 1418 56 26 .and
1555 1418 19 22 it
1595 1417 21 22 is
1637 1416 76 23 unfair
1736 1419 23 20 to
1783 1420 81 26 expect

1278 1452 124 31 regularity
1413 1451 44 24 and
1469 1450 108 32 despatch
1589 1449 59 24 from
1659 1449 39 23 the
1710 1449 151 29 Postmaster,

1278 1486 58 22 until
1347 1486 73 23 better
1435 1484 193 24 accommodation
1647 1484 20 22 is
1687 1482 101 23 afforded
1805 1482 56 24 him.

1278 1519 48 23 But
1337 1519 64 23 there
1412 1520 19 21 is
1445 1519 66 23 small
1522 1519 59 30 hope
1592 1517 31 22 of.
1633 1524 44 22 any
1684 1516 177 30 improvement;'

1278 1552 35 24 for
1322 1552 31 23 all
1365 1552 38 23 the
1414 1560 84 23 money
1510 1552 48 23 that
1569 1557 43 16 can
1618 1550 29 22 be
1656 1549 95 31 scraped
1761 1548 103 31 together

1278 1586 21 23 is
1308 1585 87 24 needed
1406 1585 36 24 for
1454 1585 65 23 other
1536 1582 229 34 purposes—chiefly
1788 1583 75 23 bribes

1280 1619 35 23 for
1326 1619 86 32 parties
1421 1623 23 19 to
1456 1619 66 23 settle
1532 1623 24 18 at
1567 1617 38 23 the
1618 1616 60 24 Gulf
1697 1616 26 23 of
1738 1615 124 24 Shouraki.

1314 1653 25 22 It
1362 1660 52 23 may
1435 1653 29 22 be
1489 1652 48 23 said
1559 1650 50 24 that
1630 1649 38 24 the
1691 1649 116 31 buildings
1830 1649 35 23 for

1277 1686 78 31 public
1372 1693 111 24 purposes
1499 1690 23 18 at
1532 1683 125 25 Auckland
1671 1691 37 15 are
1720 1683 143 30 inadequate.

1279 1719 37 24 No
1340 1719 77 29 doubt,
1436 1719 56 31 they
1511 1726 37 15 are
1566 1716 113 24 wretched
1699 1716 106 30 enough;
1825 1716 40 23 but

1279 1753 39 23 the
1337 1752 125 24 Auckland
1481 1751 133 24 necessities
1636 1750 70 31 ought
1728 1754 41 19 not
1790 1754 22 19 to
1835 1750 30 23 be

1279 1786 104 31 supplied
1402 1786 58 23 from
1480 1786 57 23 Port
1699 1789 91 25 money.
1831 1783 35 23 At

1278 1820 60 22 least
1350 1820 62 23 there
1425 1816 83 26 should
1524 1819 27 23 be
1574 1825 14 15 a
1605 1816 44 24 fair
1669 1817 91 31 portion
1778 1816 26 24 of
1825 1824 41 16 our

1280 1853 164 23 contributions
1457 1850 118 33 expended
1586 1851 35 22 for
1633 1858 40 15 our
1687 1850 94 23 benefit.

1314 1886 52 24 The
1378 1886 143 31 Legislative
1533 1884 97 25 Council
1640 1884 21 23 is
1673 1891 29 16 on
1713 1884 40 23 the
1763 1884 65 30 point
1844 1883 26 24 of

1280 1919 147 31 assembling.
1487 1919 71 24 From
1581 1917 59 23 their
1661 1917 150 31 proceedings
1833 1925 33 15 we

1282 1953 57 22 ha-vo
1360 1953 97 28 nothing
1478 1957 23 17 to
1524 1952 73 29 hope;
1621 1950 42 23 but
1682 1950 56 32 they
1757 1954 62 19 must
1837 1950 30 23 be

1271 1981 4 8 '
1282 1979 84 32 clSsely
1370 1983 124 19 'watched.-
1504 1986 3 4 '
1518 1981 66 21 ~lAke
1595 1981 33 19 all
1635 1980 242 28 utherirresptrasibTeT

1280 2013 171 28 functionaries,
1464 2012 54 31 they
1529 2018 38 17 are
1581 2011 84 23 certain
1681 2014 22 20 to
1720 2010 71 24 abuse
1809 2011 59 23 their

1280 2054 97 24 powers.

1350 2080 25 23 It
1385 2087 97 23 appears
1494 2079 54 23 then
1548 2089 35 5 —
1602 2095 3 3 -

1315 2113 63 24 That
1387 2113 65 30 large
1468 2121 63 15 sums
1545 2111 26 24 of
1595 2118 84 23 money
1699 2117 38 16 are
1760 2110 107 24 collected

1282 2147 26 23 in
1322 2147 59 24 Port
1391 2145 138 30 Nicholson,
1541 2144 45 25 and
1591 2143 106 24 remitted
1705 2148 23 19 to
1736 2143 131 24 Auckland.

1316 2180 63 24 That
1388 2183 67 21 tnese
1465 2180 119 23 funds'are
1595 2177 157 32 imperatively
1764 2178 106 30 required

1282 2214 36 23 for
1338 2214 39 23 the
1397 2214 169 30 improvement,
1581 2211 25 23 of
1633 2218 40 16 our
1695 2215 52 27 port
1767 2210 45 24 and
1833 2211 36 23 for

1282 2247 78 31 public
1381 2246 125 31 buildings.

1317 2281 70 23 That'
1404 2280 63 23 there
1489 2281 21 22 is
1531 2282 41 21 not
1600 2277 39 24 the
1659 2277 103 24 smallest
1785 2277 84 24 chance

1283 2314 26 24 of
1324 2322 45 22 any
1380 2314 92 31 portion
1484 2313 73 23 worth
1567 2312 143 30 mentioning
1722 2311 26 23 of
1760 2312 40 22 the
1812 2312 58 23 Port

1283 2347 129 24 Nicholson
1423 2347 153 23 contribution
1595 2352 52 16 ever
1663 2345 90 31 finding
1769 2346 32 22 its
1820 2353 50 23 way

1284 2380 60 24 back
1356 2380 60 24 from
1427 2380 124 24 Auckland
1560 2378 67 30 here;
1630 2391 33 4 —

1351 2414 103 23 Because
1455 2426 35 4 —

1317 2448 52 24 The
1381 2447 120 24 Governor
1512 2448 20 23 is
1549 2453 41 17 our
1601 2446 44 29 foe,
1658 2445 43 24 and
1713 2446 40 23 the
1762 2446 107 31 majority

1284 2481 25 24 of
1324 2481 39 24 the
1375 2481 142 31 Legislative
1525 2479 96 25 Council
1633 2487 38 16 are
1681 2479 37 23 his
1727 2479 68 24 tools.

1317 2515 36 24 As
1364 2515 61 30 long,
1444 2514 120 29 therefore,
1577 2521 25 15 as
1614 2512 38 24 the
1662 2517 95 27 present
1767 2521 54 15 men
1831 2521 38 15 are

1282 2548 24 23 in
1318 2548 72 29 office,
1410 2547 46 24 and
1466 2548 38 23 the
1504 2553 3 4 1
1518 2547 105 30 existing,
1635 2550 89 27 system'
1736 2547 21 22 is
1778 2546 89 31 upheld,

1282 2589 33 16 we
1327 2586 61 19 must
1400 2585 82 28 expect
1492 2585 24 19 to
1525 2582 29 22 be
1565 2580 138 23 victimized.
1751 2580 66 23 Shall
1831 2580 38 23 the

1282 2623 80 23 wrong
1372 2615 28 23 be
1416 2615 86 31 quietly
1524 2613 114 25 endured?
1685 2613 53 23 Has
1753 2613 38 23 the
1804 2614 66 30 spirit

1283 2648 25 24 of
1317 2649 124 23 resistance
1452 2653 23 18 to
1487 2648 85 31 injury,
1586 2646 119 24 cherished
1715 2646 24 23 in
1750 2646 117 31 England,

1282 2682 76 23 becoir
1364 2690 11 15 c
1384 2682 87 23 extinct
1482 2682 26 22 in
1520 2681 56 24 New
1593 2679 103 24 Zealand
1703 2679 10 24 ?
1760 2679 77 24 There
1848 2681 20 22 is

1283 2716 50 22 that
1344 2724 30 14 on
1385 2716 38 22 the
1432 2722 72 24 pages
1517 2714 24 23 of
1556 2721 41 16 our
1614 2712 92 32 journal
1724 2712 76 24 which
1821 2713 47 23 for-

1282 2749 52 23 bids
1353 2749 38 23 the
1421 2749 150 30 supposition.
1625 2746 51 23 The
1699 2747 170 22 constitutional

1282 2783 63 30 right
1365 2782 27 24 of-
1410 2782 96 31 petition
1524 2782 34 22 for
1577 2780 89 23 redress
1691 2780 26 22 of
1737 2780 132 30 grievances

1282 2815 42 24 has
1346 2816 59 23 been
1426 2815 125 29 exercised,
1571 2813 45 24 and
1637 2813 37 23 the
1692 2813 101 23 removal
1810 2813 25 24 of
1856 2822 14 15 a

1278 2861 2 13 i
1283 2849 121 23 Governor
1424 2849 123 30 virulently
1565 2846 132 32 prejudiced
1716 2847 90 30 against
1823 2846 47 24 this

1283 2883 143 28 Settlement,
1439 2882 43 23 has
1492 2882 56 23 been
1555 2880 105 32 required
1669 2880 59 23 from
1734 2880 53 26 the'
1787 2880 81 26 Queen.

1282 2916 106 31 Nothing
1398 2916 44 22 has
1452 2915 108 24 occurred
1571 2919 22 18 to
1607 2914 63 23 show
1680 2913 51 24 that
1748 2914 38 23 the
1800 2914 68 23 Colo-

1283 2950 58 23 nists
1353 2949 64 24 acted
1432 2949 111 31 unwisely
1559 2955 26 16 or
1781 2955 30 15 on
1831 2947 39 24 the

1282 2983 104 23 occasion
1397 2982 101 24 referred
1510 2987 30 19 to.
1568 2986 3 3 '
1585 2981 39 23 On
1637 2980 38 24 the
1688 2985 114 26 contrary,
1815 2981 55 31 they

1280 3016 57 24 took
1350 3024 14 15 a
1379 3016 49 32 just
1439 3023 104 16 measure
1556 3014 25 25 of
1604 3015 38 22 the
1661 3022 53 15 man
1725 3014 54 30 they
1790 3013 45 24 had
1846 3019 24 18 to

1279 3042 54 31 'deal
1344 3050 61 23 with.
1450 3050 46 22 We
1517 3057 36 15 see
1573 3047 38 23 the
1623 3048 115 30 necessity
1751 3048 25 22 of
1801 3049 66 29 again

1284 3083 134 31 petitioning
1429 3083 35 22 for
1477 3083 38 23 the
1527 3081 68 25 recall
1605 3081 25 23 of
1645 3081 98 31 Captain
1762 3081 107 29 Hobson,

1285 3117 42 23 arid
1337 3117 36 23 for
1384 3116 153 31 Responsible
1548 3115 174 24 Government.'
1734 3117 3 9 1
1758 3126 14 9 -•

1280 3199 4 11 ,
1345 3180 50 24 The
1411 3180 126 31 anchorage
1557 3183 23 19 at
1755 3176 64 33 (says
1833 3178 38 24 the

1281 3214 149 30 fexperienced
1442 3214 69 23 sailor
1522 3213 75 24 whose
1612 3212 67 23 letter
1694 3219 35 16 we
1741 3212 92 31 quoted-
1831 3230 4 7 t
1841 3220 31 16 on

1286 3246 131 32 Saturday,)
1574 3246 174 28 inconvenient,*
1763 3246 45 23 and
1827 3246 44 23 will

1282 3281 96 31 require,
1382 3277 198 40 lnanjrjreais^'and
1591 3283 65 27 great
1667 3279 81 30 outlay
1756 3279 116 24 to'render

1286 3314 15 24 it
1310 3314 131 23 favourable
1663 3312 110 24 Pleasant
1785 3312 45 23 this
1837 3312 35 24 for

1283 3339 38 32 ihe
1331 3347 100 23 Thames
1440 3346 92 32 people.'
1553 3346 52 24 The
1637 3349 64 27 great
1706 3345 87 32 .outlay,

1283 3380 74 31 might
1370 3380 77 31 defray
1459 3379 210 31 -wi^Wellington
1682 3379 63 29 cash,
1768 3379 21 23 if
1809 3379 63 24 there

1285 3422 56 15 were
1353 3422 44 22 any
1408 3413 169 32 probability'of
1586 3413 134 30 continuing
1731 3412 38 24 the
1781 3417 92 26 present

1278 3444 92 34 'system
1381 3446 26 24 of
1415 3447 84 31 pillage
1510 3448 34 23 for
1584 3453 68 23 many
1663 3453 66 24 years
1776 3446 42 23 but
1829 3454 43 15 un-

1286 3473 91 41 happily
1386 3480 36 23 for
1435 3480 69 29 them,
1525 3480 37 24 the
1574 3479 65 31 reign
1652 3480 22 22 ot
1692 3479 126 30 imbecility
1829 3479 44 23 and

1287 3514 101 32 injustice
1400 3518 63 19 must
1475 3521 56 16 soon
1541 3513 129 24 terminate.

1289 3539 6 32 I
1317 3547 75 24 There
1404 3548 20 22 is
1436 3555 29 15 an
1478 3546 140 29 alternative,
1627 3545 111 29 however,
1751 3545 123 31 suggested

1289 3588 24 23 jy
1322 3581 38 23 the
1371 3581 76 23 writer
1447 3580 83 24 —that
1531 3584 5 8 1
1541 3578 26 25 of
1579 3579 119 30 removing
1710 3583 22 20 to
1744 3578 128 24 Manakou.

1291 3605 97 40 Another
1399 3614 36 23 flit
1451 3613 45 26 for.
1506 3613 37 23 the
1563 3620 89 22 uneasy
1662 3613 176 29 representative
1851 3611 25 23 of

1291 3647 104 32 Royalty!
1423 3646 103 30 Russell,
1534 3637 132 36 Auckland,
1676 3644 121 23 Manakou
1807 3643 70 33 (with.

1292 3685 7 20 i
1308 3688 50 16 new
1376 3688 66 16 name
1443 3680 187 31 —Crimp-town
1641 3677 75 24 would
1727 3678 37 31 fit)
1765 3678 108 23 —where

1291 3718 48 20 lext
1350 3714 8 24 1
1394 3713 118 24 Indeed'it
1523 3714 19 22 is
1556 3712 55 24 time
1623 3715 23 19 to
1658 3714 50 28 stop
1720 3710 45 23 this
1776 3710 95 31 foolery.

1292 3786 2 10 i
1317 3773 25 25 A
1359 3773 86 32 private
1463 3772 67 23 letter
1550 3771 59 23 from
1620 3768 123 24 Auckland
1760 3770 113 23 mentions

1289 3807 5 18 '■'
1303 3815 20 16 le
1334 3812 75 26 pretty
1417 3812 138 25 appearance
1567 3803 24 23 of
1602 3803 86 23 several
1696 3806 101 27 cottages
1804 3803 25 22 in
1835 3803 38 23 the

1303 3848 51 16 iwn.
1388 3839 88 24 Whose
1493 3846 36 16 are
1546 3838 40 24 the
1598 3840 100 27 cottages
1708 3836 10 23 1
1755 3836 66 31 They
1832 3836 41 24 be-

1303 3882 38 23 ing
1355 3878 21 19 to
1388 3873 157 24 Government
1553 3870 98 24 officers.
1685 3869 61 24 Who
1757 3869 58 24 have
1822 3869 51 31 paid

1304 3915 7 15 r
1318 3911 63 19 must
1386 3914 45 24 pay
1438 3905 35 24 for
1481 3905 39 23 the
1527 3904 64 24 villas
1600 3903 26 23 of
1630 3902 125 24 Shortland
1762 3903 45 23 and
1815 3904 41 22 Co.
1864 3904 9 22 ?

1306 3940 79 28 .eader,
1412 3939 38 23 the
1473 3936 136 25 diminished
1638 3940 103 19 contents
1770 3935 27 24 of
1818 3943 55 22 your

535 36 100 33 THE
656 37 111 32 NEW
784 38 229 31 ZEALAND
1035 38 223 31 GAZETTE
1398 35 328 34 WELLINGTON
1748 35 291 31 SPECTATOR.

688 2554 48 16 1841.

773 2532 50 16 Time
830 2531 21 17 of

769 2553 86 16 Observa-

788 2574 45 16 tion.

884 2541 55 16 Baro-

878 2563 63 15 meter.

959 2540 85 17 Thermo-

969 2563 64 15 meter.

1172 2549 60 17 Wind.

672 2633 79 19 Friday...

672 2695 26 17 Sat

672 2758 85 21 Sunday..:

672 2821 85 21 Monday.;

790 2632 8 16 8

790 2653 52 21 Ip.m.

790 2674 8 16 5

790 2696 9 15 S

790 2716 52 21 lp.m,

791 2737 7 16 S

791 2758 8 16 s

791 2779 53 20 lp.m.

791 2801 7 15 5

791 2821 8 15 8

791 2842 52 21 lp.m.

791 2864 7 14 5

791 2884 8 15 8

790 2905 54 20 lp.m.

790 2927 8 14 5

791 2947 8 15 S

791 2968 53 20 lp.m.

791 2990 8 15 5

791 3010 9 16 8

791 3031 53 20 lp.m.

791 3052 8 15 6

882 2631 59 16 29.830

882 2652 59 16 29.822

882 2673 59 16 29.840

882 2694 60 17 29.914

883 2715 58 17 29.920

884 2736 56 16 29.931

884 2758 58 16 30.000

884 2777 58 18 30.076

884 2800 58 16 30.002

884 2820 60 16 29.804

884 2842 59 15 29.658

884 2863 64 15 29.562.

884 2883 59 16 29.654

884 2904 59 16 29.650

885 2925 58 16 29.628

884 2946 59 16 29.616

884 2965 64 18 29.580'

884 2988 59 16 29.550

884 3009 59 16 29.906

884 3031 59 15 29.952

884 3051 59 16 29.927

984 2630 27 15 63.

984 2651 26 16 68.

985 2673 26 15 68.

985 2693 27 16 61.
1044 2690 1 21 !

985 2714 27 16 64.

985 2735 26 16 66.

985 2756 37 16 61.5

985 2777 37 16 66.5

985 2798 37 16 69.5

986 2819 26 16 62.
1040 2816 2 5 '

986 2841 36 16 60.5

985 2862 38 16 59.5

986 2883 36 16 53.5

986 2904 26 16 59.

986 2925 26 16 60.

986 2946 37 16 61.5

964 2978 3 4 .
986 2967 37 16 61.5

986 2988 37 16 60.5

986 3010 26 15 56.

986 3029 27 16 57.

986 3051 26 16 56.

1081 2652 37 17 0.05

1071 2715 60 17 None.

1082 2777 38 18 0.78
1134 2788 3 4 •

1071 2841 60 16 None.

1152 2629 55 17 West.

1152 2650 92 21 Westerly.

1151 2671 93 21 Westerly.

1151 2692 93 21 Westerly.

1152 2713 63 17 South.

1152 2734 62 17 South.

1152 2755 56 17 West.

1152 2776 55 17 West.

1152 2798 97 20 N.byW.,

1152 2819 102 20 Northerly.

1152 2840 53 20 N.by
1215 2840 25 16 VV.

1152 2861 94 21 Westerly.

1152 2882 17 15 S.
1176 2882 23 21 by
1208 2882 20 17 E.

1152 2903 18 16 S.
1178 2903 23 20 by
1209 2904 20 16 E.

1152 2924 18 16 S.
1178 2924 22 20 by
1209 2924 20 17 E.

1153 2944 93 21 Westerly.

1153 2964 98 22 Westerly!

1154 2986 51 17 N.W.
1223 2995 3 4 •

1153 3007 101 21 Southerly.

1154 3029 18 16 S.
1178 3030 24 19 by
1209 3029 20 16 E.

1154 3050 17 16 S.
1179 3050 23 20 by
1209 3050 21 16 E.

672 2883 79 21 fuesday

1082 2904 38 16 0.02

672 2946 41 17 IVed

1072 2967 59 16 None.

672 3009 79 17 rhurs...

1073 3030 59 16 None.

1286 463 86 18 L0nd0n.
1377 474 68 6 .......
1450 462 47 21 July
1511 475 2 2 ■
1523 463 26 16 10.

1287 483 76 26 S/dney
1369 493 12 8 -.
1387 485 58 16 ...'...
1450 483 44 18 Oct.
1501 492 5 5 -
1511 484 39 16 -SO.

1289 509 38 14 van
1351 505 98 17 Dieman's

1306 526 54 17 Land
1451 525 50 17 Nov.
1532 526 18 16 9.

1578 460 41 21 Bay
1626 460 22 17 of
1656 459 94 18 Islands..
1755 459 50 22 Aug.
1822 459 44 17 25.;

1577 481 82 17 Thames
1753 479 56 18 Nov.'
1825 481 26 16 10.

1579 501 45 18 Port
1631 501 71 21 Phillip
1721 500 84 18 ....Oct.
1824 502 26 16 15.

1578 522 91 18 Adelaide
1755 521 43 22 Sep.
1822 523 29 16 2^

911 121 85 20 Land.
1085 121 5 21 1
1161 125 5 16 :

666 147 65 48 TO
756 147 36 22 BE
815 146 65 28 LET,
904 146 44 22 the-
961 146 113 28 following
1092 150 60 19 town
1177 154 68 20 acres,

730 174 52 21 Nos.
793 181 28 14 on
832 173 37 22 the
869 178 5 6 4
871 174 24 26 ;,
895 174 96 26 Surveyor
1006 174 117 21 General's
1134 173 62 28 Plan,
1213 175 32 26 84,

666 202 30 23 85,
707 202 48 24 264,
765 202 45 24 384,
821 202 48 26 385,
884 200 47 27 400,
949 201 47 25 640,
1006 201 49 26 516,
1072 198 47 30 747,
1198 203 47 25 863,

666 228 43 24 966,
721 227 47 27 967,
783 228 59 21 1056.
1247 245 7 12 ,

691 254 55 21 And
768 261 13 14 a
802 254 88 21 section^
908 256 22 19 at
944 253 142 27 .^anganui,
1111 253 83 23 chosen
1217 254 37 26 by*

666 281 40 20 Mr.
718 280 56 26 Bell,
785 280 43 22 No.
838 287 28 15 on
878 280 56 21 Plan
943 281 48 20 158.

690 307 33 21 To
741 307 26 21 be
784 307 54 25 sold,
857 314 14 14 a
887 306 145 28 preliminary
1051 306 92 26 section,
1162 307 45 22 No.
1224 307 26 22 of

666 333 76 22 choice
762 335 53 25 60S,'
828 334 43 21 No.
892 334 25 21 of
932 337 67 18 town'
1010 340 51 15 acre
1078 340 29 14 on
1126 333 56 22 Plan
1198 335 47 20 811.

666 360 54 22 Also
730 368 14 14 a
753 361 83 21 section
846 363 23 18 at
878 359 133 27 Wanganui.
1041 356 74 30 Apply
1125 363 23 18 to

772 387 142 21 Alexander
928 387 87 25 Perry,
1029 386 191 28 Lambton-quay.

668 1531 151 21 NOTICETO
826 1531 141 21 CAPTAINS
974 1531 164 20 OFVESSELS
1146 1531 103 21 BOUND

821 1559 38 20 TO
870 1559 68 20 NEW
948 1558 146 20 ZEALAND.

693 1587 53 20 This
756 1586 17 20 is
782 1588 21 18 to
814 1587 45 26 give
869 1586 71 20 notice
950 1588 22 18 to
983 1586 27 20 all
1020 1586 95 26 captains
1125 1586 25 21 of
1162 1586 57 27 ships
1227 1593 24 14 or

668 1616 75 19 vessels
752 1614 70 20 bound
831 1618 23 16 to
861 1614 37 20 the
904 1614 65 20 River
978 1613 118 27 Hokianga,
1105 1614 24 19 in
1139 1614 52 20 New
1198 1614 52 20 Zea-

668 1643 54 23 land,
732 1642 46 20 that
788 1642 57 20 there
852 1642 17 19 is
878 1648 12 13 a
897 1642 109 26 Flag-staff
1014 1641 83 20 erected
1105 1647 29 14 on
1140 1642 35 19 the
1184 1642 67 19 South

668 1670 66 24 Head,
751 1670 65 19 under
831 1670 35 19 the
882 1669 103 20 direction
995 1669 24 20 of
1033 1668 42 22 Mr.
1089 1668 59 21 John
1162 1669 87 24 Martin,

668 1698 33 19 the
709 1698 60 26 pilot,
779 1697 51 20 with
840 1697 66 25 signal
913 1697 52 25 flags
974 1699 22 17 to
1007 1696 99 26 signalize
1119 1698 24 19 to
1153 1703 41 20 any
1204 1697 46 26 ship

668 1732 22 13 or
701 1725 66 20 vessel
780 1724 111 27 appearing
901 1725 28 19 off
946 1724 37 20 the
996 1724 40 20 Bar
1045 1731 7 17 ;
1070 1724 42 20 and
1122 1724 36 20 the
1173 1724 77 20 under-

668 1752 118 21 mentioned
802 1752 78 26 signals
895 1758 35 14 are
946 1754 23 17 to
986 1752 25 19 be
1026 1752 99 20 attended
1140 1753 30 19 to.
1207 1752 42 20 Mr.

668 1781 79 19 Martin
757 1780 39 19 will
803 1780 27 20 be
839 1780 22 19 in
876 1779 124 20 attendance
1007 1780 54 19 with
1068 1779 33 20 his
1111 1779 51 20 boat
1175 1779 46 21 also
1230 1781 22 18 at

668 1809 33 19 the
711 1809 96 19 entrance
817 1811 23 16 at
850 1807 36 19 the
896 1807 79 20 Heads'.

693 1835 54 20 Blue
751 1835 67 20 Peter.
820 1846 27 3 —
848 1834 58 27 Keep
911 1837 22 17 to
937 1840 36 14 sea
978 1842 6 17 ;
991 1834 35 20 the
1029 1834 38 20 bar
1073 1834 17 20 is
1096 1836 38 18 not
1138 1835 24 19 fit
1166 1837 23 17 to
1195 1834 55 20 take.

691 1863 48 20 Red
746 1863 56 24 Flag.
803 1873 29 4 —
832 1862 57 20 Take
896 1862 35 20 the
941 1862 42 20 Bar
991 1869 5 17 ;
1007 1862 60 20 there
1076 1862 18 19 is
1104 1868 29 13 no
1144 1862 83 25 danger.

692 1891 54 19 Blue
762 1891 50 24 Flag
826 1890 52 20 with
897 1890 70 20 White
985 1890 68 19 Cross.
1054 1900 27 3 —
1081 1889 52 20 This
1152 1890 41 25 flag
1210 1889 42 20 will

668 1918 74 20 denote
751 1918 35 20 the
794 1917 41 21 ebb
844 1917 50 25 tide,
905 1917 41 20 and
954 1917 47 20 that
1015 1917 36 20 the
1061 1917 42 19 Bar
1111 1917 20 20 is
1146 1919 38 17 not
1195 1917 26 20 fit
1229 1920 23 17 to

668 1946 57 20 take.

695 1973 70 17 WJiite
772 1973 60 21 Flaff.
833 1981 26 5 —
860 1972 51 18 TKis
916 1971 46 23 'flag
969 1977 19 11 -if
989 1971 42 17 hen
1035 1971 94 16 foisted
1185 1971 67 18 -W-ft£

668 1997 33 20 the
711 1997 49 20 first
769 1998 81 25 quarter
857 1995 65 21 flood.

694 2025 22 19 It
725 2025 19 19 is
753 2030 108 19 necessary
869 2023 60 20 when
939 2023 59 19 these
1012 2023 52 24 flags
1073 2028 35 14 are
1118 2021 74 21 shown
1208 2022 44 18 that

668 2053 49 26 they
727 2051 73 21 should
809 2051 27 20 be
847 2050 105 21 answered
961 2050 54 20 from
1029 2050 36 19 the
1075 2049 56 26 ship,
1145 2049 19 20 if
1176 2048 76 20 under-

668 2080 67 24 stood,
746 2079 28 26 by
783 2086 10 13 a
802 2078 93 27 pendant
905 2084 23 14 or
938 2078 42 25 flag
988 2078 69 19 where
1065 2076 47 20 best
1122 2082 57 14 seen.

678 2110 4 4 *
694 2108 45 19 The
755 2106 107 27 Flag-staff
873 2105 69 21 works
956 2111 28 13 on
1000 2111 13 13 a
1022 2105 66 26 pivot,
1105 2104 43 20 and
1163 2104 63 19 -when
1242 2110 10 13 a

668 2135 66 20 vessel
743 2134 18 21 is
769 2137 33 17 too
813 2134 32 20 far
855 2135 22 18 to
887 2134 36 19 the
933 2132 119 21 southward
1061 2131 33 21 for
1104 2131 103 26 entering,
1219 2131 33 19 the

668 2163 50 25 Flag
729 2162 48 20 staff
785 2162 40 19 will
836 2162 66 25 droop
912 2162 22 18 to
949 2161 36 19 the
995 2159 120 21 northward
1122 2166 6 17 ;
1146 2159 19 19 if
1176 2161 36 17 too
1223 2159 29 19 far

668 2192 21 19 to
697 2191 37 20 the
744 2188 125 25 northward,
880 2188 43 20 will
930 2188 66 26 droop
1002 2189 22 18 to
1029 2187 41 20 the
1076 2187 129 23 southward,
1214 2186 38 20 and

668 2220 22 18 to
702 2218 27 20 be
748 2216 134 28 particularly
890 2216 78 26 guided
982 2216 28 25 by
1019 2215 37 19 the
1068 2214 104 26 drooping
1181 2214 24 20 of
1219 2214 33 20 the

668 2246 118 26 Flag-staff;
795 2244 42 24 for,
847 2244 103 20 whatever
957 2249 45 19 way
1007 2242 36 20 the
1051 2242 109 25 Flag-staff
1170 2241 82 26 droops,

668 2274 36 19 the
721 2273 47 26 ship
779 2274 56 18 must
847 2272 53 25 keep
909 2272 23 19 in
949 2271 47 20 that
1010 2269 111 25 direction,
1139 2268 42 21 and
1190 2269 28 25 by
1227 2275 25 14 no

668 2307 73 14 means
747 2300 46 20 take
798 2299 83 20 theßar
887 2298 56 21 until
948 2298 37 20 the
991 2297 108 26 Flag-staff
1105 2297 59 20 bears
1172 2296 80 21 E.N.E.

668 2335 38 20 per
716 2334 102 20 compass.

694 2356 61 20 Time
765 2355 23 20 of
793 2355 52 26 high
854 2355 70 23 water,
934 2353 42 21 full
985 2352 39 21 and
1035 2352 80 26 change
1125 2354 21 18 at
1155 2352 38 20 the
1204 2351 48 25 Bar,

668 2383 102 26 half-past
777 2383 48 19 nine
833 2380 88 28 o'clock,
926 2387 23 14 a.
962 2387 26 14 m.
1083 2380 36 19 W.
1130 2379 96 20 Young.

154 119 101 22 Colonial
266 120 134 27 Secretary's
415 119 78 26 Office,
504 119 127 28 Auckland,

287 146 51 22 16th
348 146 104 26 October,
465 147 60 21 1841.

47 180 88 49 HIS
146 181 136 27 Excellency
292 181 36 21 the
346 180 118 22 Governor
478 179 81 22 directs
577 179 18 21 it
612 181 22 19 to

121 208 26 21 be
170 208 98 25 notified,
292 207 49 22 that
362 207 38 21 the
422 206 212 22 under-mentioned

45 235 99 26 portions
154 235 25 20 of
190 235 54 21 land
252 235 24 21 in
288 234 52 21 Port
350 233 123 21 Nicholson
484 240 37 14 are
532 232 103 22 reserved

45 261 29 26 by
86 261 36 21 the
133 261 79 21 Crown
221 261 34 21 for
265 260 74 27 public
350 267 114 20 purposes,
475 259 34 21 viz
516 267 5 13 :
524 270 29 4 —

74 287 229 22 CerlainTailotments
319 287 23 21 in
353 286 38 22 the
405 286 69 22 Town
490 285 26 22 of
528 285 108 27 Welling-

45 316 46 23 ton,
107 313 162 27 distinguished
286 321 28 14 on
330 313 38 22 the
384 313 139 27 Company's.
533 312 56 22 Plan
605 312 29 27 by

46 340 37 22 the
95 341 73 21 letters
178 341 29 24 A,
219 341 26 26 B,
255 341 26 25 C,
297 341 40 21 &c.

73 367 47 21 The
130 367 45 21 belt
185 367 26 21 of
221 367 55 21 land
287 366 70 22 which
372 365 123 23 surrounds
511 363 38 24 the
566 365 69 21 Town

47 393 25 21 of
92 393 144 27 Wellington,
258 393 124 26 extending
400 393 58 21 from
476 392 38 22 the
534 391 101 23 external

45 420 133 22 boundaries
189 421 26 20 of
226 421 38 21 the
279 420 47 22 said
335 420 69 22 Town
422 423 21 17 to
460 418 37 22 the
513 419 91 21 summit
614 419 26 21 of

44 446 39 22 the
102 447 120 21 Mountain
243 454 85 19 ranges,
346 445 46 23 and
406 445 73 23 which
496 445 19 22 is
532 445 104 22 coloured

43 480 70 20 green
125 480 28 14 on
165 473 36 22 the
212 473 47 22 said
269 474 59 26 plan.

71 501 22 20 A
104 500 87 26 portion
203 501 20 20 oi
238 500 54 22 land
301 503 22 19 at
334 499 66 22 Point
408 498 155 27 Jerningham,

99 527 64 21 Ditto
205 526 55 22 ditto
302 530 23 18 at
335 527 67 21 Point
412 525 113 27 Halswell,

101 553 64 21 Ditto
207 553 56 22 ditto
306 556 22 18 at
339 553 65 21 Point
414 552 109 26 Waddell,

102 580 64 21 Ditto
208 579 56 23 ditto
306 583 23 18 at
339 580 131 21 Pencarrow
483 578 70 27 Head,

104 607 63 21 Ditto
210 606 54 22 ditto
307 610 23 18 at
338 606 84 27 Baring
434 605 72 22 Head.

74 633 47 21 The
132 634 117 20 Governor
259 633 86 21 further
354 633 82 21 directs
445 633 18 21 it
470 635 22 18 to
499 633 28 20 be
535 631 99 27 notified,

45 659 49 22 that
103 667 44 20 any
157 667 80 20 person
248 661 87 26 cutting
351 659 87 28 timber,
450 666 25 14 or
485 658 105 22 firewood
607 666 28 14 on

44 686 39 22 the
92 693 107 19 reserves,
211 686 44 22 and
270 686 119 27 especially
400 693 29 14 on
445 685 38 22 the
502 685 47 21 belt
564 685 72 21 which

45 713 120 21 surrounds
175 713 38 21 the
222 711 70 24 Town
303 713 25 21 of
335 713 144 26 Wellington,
492 712 43 22 will
548 712 29 21 be
586 719 50 20 pro-

45 739 83 23 ceeded
139 740 87 26 against
234 739 120 28 according
363 743 23 17 to
396 739 49 22 law.

153 767 34 27 By
196 767 34 21 his
241 766 155 27 Excellency's
407 765 127 27 command,
628 769 19 17 fe

287 793 158 21 WILLOUGHBY
461 793 146 21 SItOr.TLAND.

46 838 146 21 COUNTRY
217 838 129 21 SECTION
377 838 43 21 No.
445 838 27 20 14
501 836 40 21 ON'
571 836 64 21 THE

113 864 344 23 SURVEYOR-GENERALS
474 863 91 22 PLAN.

196 899 55 20 The
267 898 81 21 Ohiro
364 898 120 20 District.

47 932 160 48 MESSRS.
223 932 22 21 J.
256 931 45 22 and
313 932 27 21 G.
353 931 93 21 WADE
462 931 56 20 have
534 929 101 22 received

137 959 146 21 instructions
292 958 56 21 from
359 958 37 21 the
408 958 126 26 Proprietor
544 962 22 16 to
584 957 51 21 sub-

44 986 42 21 mit
102 990 23 17 to
142 986 75 26 public
237 985 151 27 competition,
405 987 24 18 at
443 984 38 21 the
499 984 135 26 Wellington

46 1011 128 28 Exchange,
187 1018 29 15 on
227 1012 117 27 Saturday,
355 1012 38 21 the
407 1012 39 20 4th
462 1011 26 21 of
503 1011 130 26 December,

209 1042 23 18 at
242 1041 9 19 1
266 1038 85 22 o'clock
361 1038 107 28 precisely
477 1045 6 19 ;

45 1066 89 21 Section
145 1066 44 21 No.
200 1067 27 20 14
237 1073 29 14 on
277 1066 37 21 the
323 1064 238 28 Surveyor-General's
572 1063 61 27 Plan,

232 1092 23 22 in
267 1093 37 21 the
316 1092 129 22 immediate

59 1126 186 22 VICINITY
269 1126 47 22 OF
344 1124 277 26 WELLINGTON,

127 1153 45 21 and
182 1153 54 27 only
246 1153 51 21 half
308 1160 29 14 an
346 1153 68 21 hours
424 1151 58 22 walk
496 1151 59 21 from

205 1186 64 22 THE
288 1185 184 23 EXCHANGE.

73 1213 53 22 This
144 1214 89 21 Section
243 1214 19 21 is
278 1213 49 22 well
345 1212 117 26 sheltered,
473 1212 45 21 and
535 1212 59 21 from
609 1211 27 22 its

45 1240 126 27 contiguity
181 1244 23 17 to
215 1240 37 21 the
262 1244 65 22 town,
337 1240 18 21 is
366 1239 124 27 admirably
497 1238 96 28 adapted
603 1238 33 22 for

45 1267 38 22 the
91 1267 126 22 residences
226 1267 24 22 of
256 1267 128 22 merchants
394 1266 44 21 and
449 1266 80 26 others,
537 1265 99 22 desirous

45 1294 27 21 of
83 1294 127 26 possessing
220 1301 13 14 a
243 1294 82 21 retired
338 1293 116 22 residence
469 1293 25 21 in
511 1292 37 21 the
558 1292 78 22 imme-

46 1321 59 21 diate
116 1320 185 26 neighbourhood
313 1321 24 21 of
349 1320 38 21 the
398 1324 47 17 seat
455 1320 25 21 of
492 1320 108 21 business.

74 1348 62 26 Also,
146 1348 58 21 from
214 1347 37 22 the
261 1348 99 21 richness
377 1346 24 22 of
412 1347 28 21 its
452 1346 47 27 soil,
510 1346 18 21 it
538 1346 18 21 is
566 1346 71 21 admi-

232 1374 65 27 l-ably
308 1374 96 27 adapted
413 1373 35 22 for

46 1407 102 23 DAIRY
163 1407 158 25 STATIONS,
334 1407 66 21 AND
415 1406 134 22 MARKET
561 1405 77 23 GAR-

298 1434 89 22 DENS.

45 1461 33 22 To
89 1461 45 22 suit
149 1461 37 22 the
201 1461 153 23 convenience
372 1461 26 21 of
409 1459 139 29 purchasers,
559 1459 18 22 it
594 1459 44 22 will

259 1489 28 21 be
297 1488 45 22 laid
353 1491 39 18 out
400 1487 24 22 in

175 1521 87 22 FIVE
287 1521 98 22 ACRE
410 1520 101 22 LOTS.

48 1549 68 22 Plans
127 1548 44 21 will
180 1548 86 27 shortly
276 1548 28 22 be
314 1547 107 29 prepared
433 1547 43 22 and
492 1546 114 23 exlu'bited
616 1550 22 17 at

47 1576 39 21 the
104 1575 135 27 Wellington
257 1575 130 26 Exchange,
403 1574 46 22 and
465 1574 37 21 the
519 1573 83 22 Offices
616 1574 25 21 of

240 1602 37 21 the
291 1602 156 21 Auctioneers.

48 1628 79 23 Terms
144 1628 45 22 and
206 1628 64 22 other
287 1628 129 28 particulars
431 1627 44 23 will
492 1635 83 20 appear
590 1628 24 21 in
625 1635 13 14 a

281 1655 119 22 hand-bill.

86 1700 113 21 WATER
215 1699 170 23 FRONTAGE
402 1699 39 21 AT
456 1698 147 22 PORIIOJA.

48 1734 90 21 Section
148 1733 45 22 No.
203 1733 26 22 87
240 1741 28 14 on
287 1733 37 22 the
342 1733 63 25 Plan,
422 1733 84 21 chosen
523 1732 35 21 for
574 1731 64 22 order

267 1760 25 21 of
300 1760 75 22 choice
386 1762 35 20 99.

194 1794 110 27 Village
321 1793 30 21 of
364 1793 121 21 Porirua.

46 1828 202 48 NUMEROUS
258 1827 146 27 applications
412 1826 84 28 having
505 1827 58 22 been
570 1826 66 22 made

127 1858 24 19 to
162 1854 90 22 Messrs.
266 1854 68 22 Wade
343 1854 36 21 for
388 1854 65 21 small
462 1854 42 21 lots
515 1854 25 21 of
546 1853 54 22 land
615 1856 23 19 at

47 1882 99 27 Porirua,
163 1882 54 26 they
226 1882 43 26 beg
278 1884 23 18 to
311 1888 119 14 announce
445 1884 23 17 to
484 1880 57 21 their
551 1880 85 21 friends

47 1908 45 22 and
109 1908 37 23 the
163 1908 82 28 public,
262 1908 48 21 that
326 1908 54 26 they
388 1908 57 21 have
462 1910 28 18 at-
497 1907 80 26 length
586 1914 50 15 suc-

109 1935 84 22 ceeded
201 1936 25 20 in
234 1934 108 27 selecting
352 1942 29 14 an
391 1934 89 26 eligible
490 1934 42 21 site
541 1934 36 21 for

47 1968 22 21 A
84 1967 141 22 VILLAGE
241 1967 34 21 IN
290 1967 87 21 THAT
391 1967 78 21 RICH

47 1994 79 27 which,
137 1995 30 26 by
177 1993 83 28 special
269 1997 96 24 request,
374 1988 54 32 they
437 1992 58 31 haye
504 1992 46 21 laid
558 1995 40 17 out
607 1998 29 14 on

47 2021 38 21 the
96 2028 60 14 same
166 2020 53 27 plan
230 2028 23 14 as
263 2020 38 21 the
312 2020 87 26 Village
410 2019 26 21 of
445 2017 136 23 Richmond.

74 2048 53 22 This
137 2047 85 23 section
233 2047 44 21 will
287 2047 28 21 be
328 2046 96 27 brought
433 2048 24 19 to
473 2045 38 22 the
528 2045 108 26 hammer,

46 2075 95 21 without
155 2082 95 14 reserve,
262 2074 25 21 in
304 2080 13 14 a
326 2074 42 20 few
385 2074 61 26 days,
463 2072 46 21 and
524 2072 37 21 the
577 2072 61 21 Auc-

47 2102 97 21 tioneers
162 2101 74 21 would
250 2100 45 22 feel
311 2100 88 27 obliged
416 2100 29 26 by
463 2099 37 21 the
515 2105 123 15 numerous

48 2129 114 27 enquirers
178 2128 36 22 for
228 2127 55 22 land
298 2127 24 21 in
340 2127 49 21 that
406 2126 87 22 district
507 2126 78 26 taking
601 2124 37 23 the

48 2157 89 20 earliest
146 2155 144 27 opportunity
300 2154 25 22 of
330 2153 129 28 inspecting
467 2154 24 20 it.
521 2152 22 22 It
553 2152 46 21 will
611 2152 27 22 be

47 2182 70 22 found
132 2182 48 22 well
196 2181 89 27 worthy
294 2181 25 21 of
330 2180 134 28 inspection,
475 2179 45 22 and
534 2180 24 21 in
570 2186 68 20 every

47 2213 88 24 respect
152 2209 73 21 suited
241 2209 35 21 for
290 2208 37 21 the
343 2214 95 21 purpose
456 2211 22 17 to
495 2206 75 22 which
588 2206 18 21 it
619 2207 19 20 is

48 2236 102 22 destined
161 2239 21 18 to
191 2235 29 22 be
231 2235 96 27 applied.

76 2263 22 21 It
106 2263 19 21 is
135 2262 97 22 situated
241 2269 30 14 on
282 2261 38 22 the
327 2260 67 22 north
403 2260 63 22 bank
471 2260 26 22 of
552 2262 87 19 eastern

48 2297 48 15 arm
113 2289 26 23 of
153 2289 36 22 the
207 2289 93 21 Porirua
319 2289 55 26 Bay,
394 2288 84 26 having
497 2294 14 14 a
530 2286 109 22 beautiful

274 2315 66 22 creek
354 2315 35 21 for
398 2322 14 14 a

212 2349 83 22 BOAT
311 2348 160 27 HARBOUR,

48 2377 73 22 which
135 2376 82 23 affords
234 2383 68 21 every
320 2376 151 22 convenience
488 2375 37 22 for
538 2374 100 27 landing,

48 2404 105 27 shooting
162 2404 48 21 into
226 2403 38 22 the
280 2407 76 18 centre
375 2403 26 22 of
414 2402 38 22 the
471 2402 92 25 section,
575 2401 64 22 while

48 2431 83 22 vessels
147 2431 26 21 of
186 2438 45 19 any
241 2430 87 21 burden
348 2432 38 19 not
401 2430 124 26 exceeding
536 2430 39 21 100
590 2432 50 17 tons

50 2465 42 14 can
100 2458 39 27 lay
148 2461 23 18 at
180 2458 38 21 the
229 2457 78 22 mouth
322 2457 26 22 of
354 2456 39 22 the
402 2456 73 22 creek.
505 2456 28 21 In
542 2455 68 28 proof
618 2455 25 21 of

49 2485 51 27 this,
113 2484 36 23 the
160 2485 140 21 auctioneers
311 2483 73 22 would
394 2483 41 22 call
446 2486 23 19 to
486 2482 37 23 the
533 2482 107 23 recollec-

174 2512 47 21 tion
233 2512 25 21 of
263 2510 38 23 the
311 2510 75 28 public
396 2510 38 21 the
443 2510 47 22 fact
500 2510 26 22 of

97 2546 123 22 MESSRS.
236 2545 69 22 HAY
320 2552 46 14 and
382 2544 211 22 MACHATTIE'S

49 2573 110 21 schooner
168 2572 38 22 the
215 2573 101 26 Hannah,
329 2572 25 22 of
361 2573 26 21 90
396 2576 50 17 tons
455 2571 94 27 burden,
556 2570 84 27 having

48 2600 80 27 passed
147 2599 38 23 the
210 2600 93 22 Porirua
321 2599 46 27 bar,
388 2598 45 22 and
450 2598 82 22 loaded
556 2598 24 21 in
602 2597 37 23 the

49 2627 128 21 immediate
201 2627 94 27 vicinity
316 2627 25 20 of
363 2625 37 22 the
423 2625 111 28 proposed
550 2625 88 26 village.

50 2654 37 21 On
118 2653 98 28 inquiry,
247 2654 19 21 it
295 2653 46 22 will
368 2653 28 21 be
426 2652 72 22 found
526 2651 49 22 that
602 2652 37 21 the

50 2681 94 21 Porirua
161 2683 38 19 bar
216 2680 81 22 affords
314 2682 25 20 12
354 2680 47 22 feet
415 2682 69 19 water
501 2682 22 18 at
532 2679 43 23 low
585 2679 52 26 tide,

50 2707 54 22 with
114 2715 14 14 a
137 2707 42 22 rise
190 2708 46 21 and
245 2707 41 22 fall
301 2707 24 22 of
339 2708 12 21 7
361 2707 53 21 feet.
441 2706 50 22 The
501 2706 139 22 auctioneers

132 2734 74 22 would
215 2735 46 21 also
271 2735 79 21 advert
360 2737 22 18 to
388 2733 36 22 the
434 2733 46 22 fact
490 2733 25 21 of
521 2733 37 21 the

77 2768 110 22 RISING
201 2768 108 22 VALUE
324 2768 35 22 IN
372 2768 74 21 THIS
462 2766 150 26 DISTRICT,

48 2794 59 22 from
125 2795 38 21 the
181 2795 105 22 facilities
301 2796 18 20 it
333 2794 81 22 affoids
429 2795 35 21 for
479 2794 37 22 the
532 2794 108 22 lucrative

276 2822 103 22 business
390 2822 25 22 of

212 2855 117 22 WHALE
340 2855 138 27 FISHING,

50 2882 45 22 and
104 2881 39 23 the
154 2890 89 14 success
261 2883 74 21 which
352 2883 39 21 has
408 2881 107 22 attended
534 2881 37 22 the
586 2881 54 26 only

50 2910 82 27 fishery
144 2909 61 22 there
216 2910 60 21 since
288 2909 176 26 establishment,
476 2909 101 26 together
587 2907 53 23 witli

49 2936 38 22 the
97 2937 46 21 fact
153 2936 24 21 of
191 2940 169 23 arrangements
374 2936 85 27 having
469 2936 57 21 been
542 2935 98 28 actually

107 2963 65 22 made
181 2964 36 21 for
227 2964 93 26 landing
328 2963 78 27 nearly
416 2963 30 22 all
457 2963 37 21 the
504 2963 76 21 future

186 2997 143 22 CARGOES
345 2996 39 22 OF
405 2996 99 22 STOCK

48 3024 25 22 in
83 3023 49 23 that
142 3023 190 28 neighbourhood,
342 3023 92 27 thereby
442 3024 79 26 saving
532 3022 36 22 the
578 3025 63 24 great

48 3051 46 21 loss
105 3055 22 17 to
137 3051 37 21 the
184 3051 101 27 shippers
294 3051 119 21 attendant
421 3058 29 14 on
461 3051 88 26 coming
564 3049 74 22 round

50 3079 59 26 Cape
118 3078 109 21 Terawite
237 3078 46 21 and
292 3078 102 26 entering
404 3077 43 22 this
462 3077 103 21 harbour.

118 3105 63 27 They
191 3105 75 21 would
275 3105 47 21 also
332 3105 43 21 call
386 3104 110 22 attention
507 3108 23 18 to
539 3103 39 22 the

52 3138 105 22 GREAT
171 3138 87 22 ROAD
269 3146 28 14 to
308 3145 45 14 the
368 3137 110 22 NORTH
492 3136 149 23 WESTERN

262 3164 167 27 DISTRICTS,

50 3191 98 27 Wianui,
159 3191 110 27 Waikani,
281 3192 75 27 Otaki,
363 3192 135 25 Manawatu,
508 3190 132 27 Wanganui,

50 3218 47 22 and
114 3218 118 28 Taranaki,
250 3219 92 27 passing
365 3218 97 27 through
483 3218 45 21 this
548 3217 92 27 district,

174 3246 73 21 which
256 3250 62 17 must
327 3246 66 21 alone
402 3246 67 21 make
479 3245 18 21 it
506 3252 14 14 a

94 3277 99 23 PLACE
209 3279 39 22 OF
263 3279 106 22 GREAT
385 3278 214 27 IMPORTANCE,

279 3307 67 26 being
360 3307 54 26 only

182 3340 65 22 ONE
261 3340 90 23 DAY'S
367 3340 146 22 JOURNEY

51 3368 60 21 from
120 3366 44 22 this
172 3367 73 27 place.
273 3368 56 21 Also
339 3371 22 18 to
369 3367 38 22 the
417 3367 93 27 fertility
516 3367 26 21 of
546 3366 38 22 the
595 3364 56 24 soil**-

52 3394 47 22 and
118 3394 37 21 the
174 3394 135 27 probability
327 3395 26 21 of
374 3394 94 22 Porirua
490 3394 120 26 becoming
629 3400 14 15 a

82 3427 107 22 LARGE
205 3427 246 23 AGRICULTURAL
466 3427 151 22 DISTRICT.

228 3454 33 21 Of
267 3455 38 21 the
314 3455 54 21 land
381 3455 89 26 offered,

184 3488 165 23 THIRTY
377 3489 134 22 ACRES

54 3523 38 14 are
106 3523 51 14 now
172 3514 66 28 clear,
250 3515 45 22 and
311 3515 66 22 have'
384 3516 59 21 been
461 3515 127 27 cultivated,
599 3515 45 22 and

54 3543 38 21 the
111 3542 127 27 remaining
255 3542 89 28 portion
368 3542 101 22 abounds
491 3543 24 21 in
536 3542 39 22 the
596 3542 49 22 best

287 3568 127 23 timbef.for
429 3570 4 3 *

228 3602 73 22 SHIP
316 3602 156 23 BUILDING

84 3629 45 22 and
139 3630 63 21 other
211 3636 107 21 purposes
327 3629 24 21 in
365 3629 49 21 that
427 3629 191 27 neighbourhood.

85 3664 68 21 Plans
168 3664 47 21 will
230 3663 86 27 shortly
331 3663 28 21 be
376 3662 114 23 exhibited
508 3667 23 18 at
544 3664 38 21 the
601 3663 46 22 Ex-

55 3690 94 28 change,
161 3690 45 22 and
215 3690 37 21 the
269 3690 64 21 ofiice
344 3689 26 22 of
382 3689 36 22 the
429 3690 155 27 Auctioneers,
600 3690 45 22 and

55 3720 70 19 terms
139 3718 43 20 and
198 3717 89 21 further
302 3716 133 28 particulars
450 3716 24 21 in
490 3724 12 13 a
517 3717 76 21 future
607 3717 40 21 ad-

55 3744 152 21 vertisement.

200 3789 111 26 Village
330 3788 31 20 of
381 3787 123 21 Porirua.

53 3818 93 34 qpHE
161 3818 44 28 day
219 3818 26 22 of
261 3818 52 22 Sale
327 3818 20 22 is
363 3817 61 22 fixed
441 3817 36 21 for
495 3817 151 28 Wednesday,

66 3840 25 27 JL
129 3845 39 22 Bth
181 3846 135 26 December,
331 3850 23 17 at
370 3845 37 20 the
428 3843 123 28 Exchange
568 3845 79 21 Room.

107 3872 58 23 N.B.
192 3873 22 20 A
232 3872 55 21 boat
299 3872 24 21 in
337 3871 135 22 attendance
481 3874 25 18 at
516 3871 99 27 Porirua,
626 3875 22 18 to

56 3906 88 20 convey
158 3905 132 21 passengers
306 3898 46 21 free
360 3918 1 5 ,
367 3899 26 20 of
406 3901 49 18 cost
473 3899 23 20 to
511 3897 89 28 inspect
612 3897 37 22 the

56 3926 61 22 land.
388 3930 9 4 '
503 3925 5 5 '
557 3932 4 3 '

292 3952 61 21 JoiiN
369 3951 45 22 and
431 3951 96 22 Geokge
540 3950 83 23 W.ade.
