4120 5920
103 2987 247 199 Lyell
399 2987 296 199 Times.

134 3186 207 35 SATURDAY,
354 3188 171 28 OCTOBER
545 3190 26 31 9,
586 3189 76 28 1886.

116 3272 58 29 The
198 3273 212 28 entertainment
433 3273 90 28 which
548 3274 23 27 is
596 3277 28 25 to
649 3273 64 29 take

82 3311 76 36 place
171 3310 54 28 this
247 3310 116 36 evening
384 3314 29 24 at
435 3311 138 28 Fennell's
593 3311 75 32 Hall,
682 3312 29 27 in

85 3348 45 29 aid
143 3348 30 29 of
182 3348 46 29 the
238 3348 131 37 Building
377 3348 82 29 Fund
468 3349 30 28 of
509 3349 39 28 St.
560 3349 156 30 Matthew's

83 3386 119 33 Church,
228 3386 88 32 Lyell,
341 3388 132 35 promises
497 3391 28 23 to
550 3387 33 28 be
605 3396 16 18 a
644 3395 72 20 most

87 3423 146 31 successful
245 3423 86 31 affair.
368 3424 58 30 The
440 3424 58 30 first
510 3429 61 34 part
583 3424 57 30 will
652 3434 47 21 con-

85 3465 49 27 sist
146 3464 30 28 of
195 3473 88 26 songs,
297 3464 165 34 recitations,
473 3464 55 28 and
549 3464 122 37 portions
690 3464 30 30 of

86 3506 53 24 two
152 3511 93 19 scenes
258 3503 69 27 from
340 3501 110 30 Bulwer
467 3503 126 36 Lytton's
605 3503 65 36 play
690 3503 30 28 of

85 3542 16 13 41
111 3539 58 29 The
182 3539 77 37 Lady
271 3539 30 28 of
449 3541 54 26 and
513 3540 47 28 the
569 3540 132 29 entertain-

86 3583 77 24 ment
176 3578 54 29 will
243 3579 129 28 conclude
386 3577 65 30 with
470 3588 16 19 a
499 3578 186 38 performance
699 3588 19 19 a

88 3618 28 26 la
129 3617 138 28 Christies.
304 3617 57 27 The
375 3625 80 27 songs
467 3617 55 28 and
535 3617 129 29 choruses
676 3617 42 28 for

88 3656 45 28 the
146 3656 80 27 latter
238 3655 70 29 have
330 3656 67 27 been
419 3655 130 37 carefully
568 3656 124 28 rehearse
700 3655 18 28 d

88 3693 53 29 and
172 3692 98 30 should
299 3702 92 28 prove,
422 3693 124 36 together
574 3694 67 28 with
671 3694 47 28 the

88 3741 96 19 corner
204 3730 77 38 jokes
304 3732 70 28 from
398 3732 91 28 Bones
513 3731 56 29 and
592 3732 88 35 Tony,
703 3741 15 20 a

88 3774 72 26 most
179 3770 142 30 attractive
342 3770 67 29 item
421 3770 29 29 in
472 3770 46 30 the
532 3779 180 28 programme.

89 3809 107 35 During
217 3809 46 28 the
276 3808 75 29 week
371 3809 46 28 the
431 3812 74 31 stage
526 3809 50 28 has
599 3810 67 27 been
678 3819 26 18 re-

88 3845 78 30 fitted
184 3847 29 27 in
233 3855 16 19 a
270 3849 73 25 most
360 3845 146 29 creditable
527 3856 117 19 manner
665 3846 55 29 and

87 3894 62 19 now
162 3887 121 34 presents
296 3893 15 18 a
324 3893 75 20 more
412 3884 123 37 pleasing
553 3893 166 29 appearance

89 3923 68 27 than
186 3922 160 28 heretofore.
402 3922 103 28 Should
529 3922 47 29 the
601 3923 119 27 weather

89 3969 82 28 prove
183 3960 55 29 fine
250 3969 42 20 we
304 3965 93 32 expect
417 3966 28 23 to
458 3970 43 19 see
515 3970 16 20 a
543 3960 69 37 good
633 3960 85 30 house

89 4002 74 31 greet
175 3998 47 28 the
232 4002 137 24 amateurs
381 3999 79 27 when
470 3999 46 27 the
529 3999 104 28 curtain
643 4000 75 31 rises,

89 4035 53 29 and
155 4038 78 35 apart
254 4035 69 29 from
337 4035 47 29 the
406 4035 94 29 merits
513 4036 30 29 of
560 4035 47 30 the
630 4040 72 26 enter-

90 4077 136 27 tainment
250 4084 41 19 we
315 4076 70 35 hope
410 4076 60 27 that
497 4075 46 29 the
567 4075 87 36 object
678 4076 41 28 for

89 4112 90 27 which
200 4112 22 27 it
242 4112 24 28 is
289 4113 81 35 given
384 4113 55 27 will
457 4120 91 21 secure
561 4121 16 20 a
588 4113 70 35 good
680 4117 24 24 at-

87 4149 142 31 tendance.

123 4199 37 27 At
180 4198 47 29 the
251 4199 205 36 extraordinary
479 4200 120 34 meeting
622 4200 30 28 of
672 4200 46 28 the

91 4235 189 30 shareholders
315 4237 28 28 in
374 4237 46 28 the
449 4237 95 29 Victor
581 4238 137 28 Emanuel

89 4275 102 31 Quartz
221 4274 108 34 Mining
358 4275 142 36 Company
529 4276 64 27 held
623 4278 27 25 at
675 4277 44 26 Mr

88 4311 95 30 James
195 4311 95 37 Inglis'
304 4311 77 30 office
393 4312 54 29 last
465 4312 135 38 Saturday
620 4312 48 30 the
681 4313 25 28 di-

89 4356 100 23 rectors
202 4360 69 19 were
284 4351 171 37 empowered
468 4355 27 25 to
508 4351 61 29 deal
581 4351 66 30 with
672 4352 46 28 the

89 4388 123 28 forfeited
225 4388 93 28 shares
330 4398 61 18 now
404 4390 29 26 in
447 4390 45 27 the
513 4389 89 28 hands
626 4390 30 28 of
673 4390 47 28 the

90 4426 142 38 Company
245 4425 87 29 either
344 4426 35 37 by
402 4426 173 39 distributing

90 4467 63 26 B<xta
177 4475 101 26 among
308 4465 46 28 the
382 4465 197 35 shareholders,
603 4466 114 36 offering

87 4504 80 26 •them
180 4507 28 24 to
221 4503 46 27 the
278 4503 91 36 public
383 4513 29 18 or
422 4504 151 28 otherwise.
609 4505 58 27 The
678 4503 25 28 di-

90 4546 101 23 rectors
203 4544 58 25 met
278 4541 188 37 immediately
487 4541 157 29 afterwards
665 4542 55 28 and

92 4578 110 28 decided
214 4583 48 23 not
285 4581 28 25 to
333 4579 126 28 interfere
471 4580 66 27 with
558 4580 47 28 the
628 4580 93 27 shares

91 4615 71 31 until
176 4626 15 20 a
203 4616 63 30 trial
278 4616 128 40 crushing
415 4626 55 21 was
480 4617 117 38 brought
617 4618 37 34 in,
667 4618 53 29 and

90 4657 41 27 for
145 4656 60 28 that
217 4665 115 27 purpose
349 4666 16 19 a
378 4666 91 27 penny
489 4658 51 28 call
553 4667 55 19 was
629 4658 91 28 struck

92 4693 54 27 and
159 4693 80 27 made
252 4693 113 36 payable
387 4703 36 18 on
446 4694 48 27 the
519 4695 63 27 13th
606 4694 113 28 instant.

92 4731 58 28 The
163 4730 128 37 crushing
302 4731 56 29 will
377 4731 32 29 be
433 4731 117 37 brought
570 4732 29 28 in
623 4735 27 26 to
675 4731 45 31 the

93 4768 106 30 Orceins
223 4769 104 37 brttery
347 4779 30 19 as
398 4779 66 20 soon
489 4780 29 19 as
542 4771 47 28 the
614 4771 108 36 County

92 4806 112 29 Council
222 4807 133 36 complete
366 4808 47 27 the
421 4809 160 28 connection
593 4809 64 28 with
670 4809 45 28 the

93 4849 108 32 present
212 4845 67 28 road
291 4845 54 28 and
358 4846 68 28 Blue
438 4846 94 29 Creek.
568 4847 67 28 This
647 4846 74 29 work

93 4884 22 26 is
129 4882 110 38 already
252 4883 156 29 authorised
421 4884 54 28 and
483 4884 56 29 will
548 4894 36 19 no
597 4885 85 29 doubt
692 4885 30 27 be

94 4928 48 31 put
155 4922 29 28 in
197 4921 74 29 hand
285 4922 195 38 immediately.

127 4969 24 26 A
173 4969 209 36 representative
395 4970 29 29 of
435 4970 45 28 the
493 4970 128 29 National
630 4970 91 34 Bank,

94 5006 124 34 Reefton,
232 5007 55 28 will
300 5007 63 28 visit
376 5007 78 37 Lyell
467 5008 94 36 to-day
574 5009 41 28 for
635 5012 71 25 trans-

94 5045 87 27 action
196 5045 29 27 of
235 5045 77 27 usual
325 5045 120 35 banking
457 5046 131 28 business.

130 5091 44 28 Mr
186 5091 31 28 F.
231 5091 130 36 Sontgen,
374 5092 89 34 tailor,
476 5092 29 28 of
512 5093 145 36 Westport,
670 5093 54 27 will

94 5131 87 26 arrive
191 5129 28 28 in
228 5129 76 37 Lyell
312 5130 103 36 to-day,
423 5130 80 28 when
510 5131 33 28 he
553 5131 54 28 will
617 5131 107 36 display

95 5176 15 20 a
123 5167 73 37 large
215 5170 165 25 assortment
401 5167 31 28 of
450 5169 100 27 tweeds
570 5168 42 28 for
636 5169 69 28 hand-

95 5206 80 28 made
189 5205 129 37 clothing.
355 5206 53 28 His
419 5209 60 35 stay
492 5207 54 28 will
566 5206 33 29 be
620 5206 106 30 limited

97 5248 27 24 to
137 5244 126 35 Tuesday
276 5245 132 33 morning.

129 5291 59 28 The
199 5290 80 29 mails
292 5300 44 20 are
349 5300 61 19 now
423 5290 71 30 fixed
515 5294 28 27 to
563 5291 84 30 Owen
660 5291 65 30 Post

97 5329 82 28 Office
192 5339 30 18 as
236 5329 104 28 follows
352 5330 69 28 from
435 5330 130 36 Lyell:—
576 5331 150 28 outwards:

94 5368 141 36 Tuosdays
247 5368 54 28 and
313 5368 156 36 Thursdays
480 5373 29 24 at
518 5369 61 28 1.30
591 5376 82 28 p.m.;
687 5378 26 19 ar-

94 5407 98 35 riving:
206 5406 116 35 Fridays
332 5406 55 28 and
400 5406 127 36 Sundays
536 5409 27 25 at
581 5408 17 26 9
610 5415 65 19 a.m.

130 5453 57 29 The
217 5453 174 29 Contractors
420 5453 42 29 for
490 5453 107 37 driving
626 5453 29 29 in
677 5453 47 29 the

100 5491 123 29 Larnach
231 5492 154 36 Companys
391 5492 80 29 claim
481 5493 110 33 (Messrs
598 5493 131 28 Fellowes

97 5529 52 29 and
165 5529 141 36 Melville),
316 5529 70 28 have
398 5540 61 18 now
473 5530 94 28 driven
581 5530 45 29 the
635 5529 69 30 level
713 5540 16 18 a

98 5568 119 28 distance
242 5568 29 28 of
281 5569 34 27 70
338 5569 53 28 feet
420 5569 81 33 along
525 5569 45 28 the
600 5568 75 28 track
703 5568 29 28 of

97 5606 45 27 the
157 5606 64 33 reef,
243 5606 83 36 going
344 5606 28 28 in
395 5616 15 18 a
424 5606 139 36 southerly
586 5606 140 28 direction.

99 5644 56 28 The
169 5644 52 29 last
233 5646 34 26 20
280 5644 51 28 feet
344 5644 50 28 has
406 5644 68 28 been
495 5645 28 27 in
543 5644 83 28 much
648 5646 81 27 softer

99 5688 123 31 country,
236 5682 65 28 with
315 5691 75 19 more
403 5691 54 27 pug
480 5681 163 29 intermixed
662 5682 66 27 with

98 5721 67 29 slate
186 5721 53 29 and
261 5727 95 30 quartz
379 5719 112 35 leaders,
504 5719 66 31 with
591 5720 46 29 the
651 5720 65 29 alter-

98 5759 74 28 ation
186 5760 59 28 that
259 5761 26 26 in
301 5759 45 28 the
360 5764 108 30 present
480 5759 57 27 face
557 5759 45 27 the
621 5759 104 28 leaders

99 5806 99 27 appear
210 5801 26 25 to
250 5798 31 28 be
295 5797 93 36 giving
400 5802 47 23 out
459 5796 159 36 altogether.

781 205 73 36 Very
867 216 80 23 grave
961 206 96 28 doubts
1080 215 45 19 are
1146 205 169 29 entertained
1336 206 42 27 for

748 242 44 30 the
826 244 86 35 safety
934 246 26 26 ot
983 253 51 19 one
1049 244 119 28 Edward
1193 242 132 30 Smithera
1350 243 32 28 of

747 282 109 28 Central
880 282 102 28 Buller.
1019 283 28 27 It
1071 284 23 26 is
1115 282 124 36 reported
1261 281 60 29 that
1345 282 34 28 he

747 329 55 19 was
814 329 61 19 seen
889 330 35 18 on
940 320 112 37 Sunday
1064 320 53 29 last
1127 321 27 27 in
1165 329 136 27 company
1313 319 65 29 with

747 367 74 19 some
834 358 91 29 others
938 362 28 24 to
979 359 74 27 leave
1073 359 131 27 Oxnam's
1215 359 141 27 Accommo-

746 396 92 26 dation
852 396 94 27 House
960 397 66 26 with
1041 397 46 28 the
1099 397 134 26 intention
1247 396 30 27 of
1295 405 68 18 cross-

747 433 46 37 ing
807 433 43 29 the
865 433 93 30 Buller
983 435 69 28 river
1065 437 27 26 at
1106 433 113 30 Smith's
1235 437 76 35 punt,
1324 433 52 30 and

746 472 21 27 it
784 473 23 26 is
828 473 55 27 also
909 473 87 27 stated
1018 473 60 28 that
1104 473 34 27 he
1165 472 54 28 had
1237 473 142 35 expressed

747 508 111 30 himself
878 508 59 31 that
962 510 22 28 if
1005 510 35 29 he
1059 519 56 20 was
1134 510 125 29 detained
1281 510 94 34 longer

746 548 66 28 than
836 552 46 24 ten
908 549 119 28 minutes
1052 549 68 29 after
1142 550 99 35 calling
1264 550 42 27 for
1332 552 44 25 the

746 589 67 32 punt
827 586 59 28 that
900 586 32 28 he
946 586 90 28 would
1049 587 77 29 swim
1141 587 45 28 the
1197 588 78 27 river.
1306 586 72 29 How

746 623 42 29 his
800 624 179 36 companions
991 625 93 35 parted
1092 635 134 27 company
1238 625 66 29 with
1320 624 58 29 him

745 662 49 27 has
807 666 48 23 not
868 662 67 27 been
955 663 188 34 satisfactorily
1158 663 150 35 explained.
1346 663 26 26 It

745 699 63 27 does
822 708 73 19 seem
909 703 108 32 strange
1030 700 61 27 that
1104 700 65 35 they
1183 700 97 28 should
1302 700 69 27 have

746 737 45 27 left
821 736 57 28 him
903 741 27 23 to
953 738 118 35 possibly
1094 747 77 27 carry
1193 743 47 23 out
1260 738 55 28 this
1334 738 26 26 in-

745 774 114 28 tention.
908 774 35 28 In
962 774 78 28 order
1059 776 61 28 that
1142 785 97 27 proper
1263 776 114 36 enquiry

744 813 97 28 should
854 813 33 28 be
901 813 79 29 made
993 815 58 27 into
1064 814 46 28 the
1124 821 99 21 matter
1238 813 131 30 Mounted

745 851 145 27 Constable
908 851 122 28 Bowdeu
1049 851 47 28 left
1115 853 78 33 Lyell
1213 860 36 19 on
1273 853 84 26 Thurs-

744 888 53 37 day
811 888 39 29 for
862 889 72 29 Fern
948 888 71 36 Flat,
1033 888 54 30 and
1101 898 35 29 up
1151 893 25 26 to
1191 889 44 30 the
1260 890 68 29 time
1347 889 30 29 of

744 937 49 19 oar
806 929 81 33 going
899 932 28 24 to
940 937 72 27 press
1026 929 54 28 had
1093 932 47 25 not
1152 929 148 35 returned..

779 973 44 28 Mr
830 974 33 27 B.
872 974 116 35 Teagne,
995 974 209 35 photographer,
1212 974 69 27 from
1290 973 68 28 West-

744 1014 69 34 port,
824 1021 61 18 now
898 1011 28 28 in
941 1012 87 35 Lyell,
1039 1013 22 26 is
1073 1011 81 37 doing
1164 1012 69 35 good
1244 1012 130 27 business.

745 1050 78 29 Since
837 1049 41 30 his
892 1054 60 32 stay
965 1049 63 30 here
1043 1050 33 29 he
1089 1050 49 28 has
1159 1051 80 35 given
1262 1049 109 37 general

744 1089 166 27 satisfactian
920 1089 28 26 in
962 1089 45 27 the
1015 1089 73 26 work
1096 1089 96 26 turned
1205 1093 48 22 out
1263 1088 35 35 by
1306 1088 68 32 him,

744 1125 53 28 and
812 1126 45 27 the
871 1126 109 27 various
990 1126 83 26 views
1093 1125 83 27 taken
1202 1126 29 26 of
1250 1125 46 27 the
1317 1134 42 18 sur-

743 1162 136 38 rounding
915 1162 222 38 neighbourhood
1167 1161 70 30 have
1267 1161 107 29 evoked

744 1201 188 30 well-merited
952 1203 97 36 praise,
1071 1201 54 29 and
1148 1201 182 29 commanded
1358 1211 16 19 a

743 1241 83 36 ready
840 1241 63 27 sale.

777 1287 119 28 Services
901 1288 56 27 will
963 1288 32 27 be
1002 1287 150 28 conducted
1158 1288 36 34 by
1202 1287 45 27 the
1254 1287 67 27 Rev.
1330 1286 44 28 Mr

743 1324 182 31 lunes-Jones
938 1326 28 28 in
981 1326 38 28 St.
1035 1325 156 29 Matthew's
1204 1324 109 29 Church
1335 1328 26 26 to-

744 1373 116 21 morrow
871 1364 129 37 morning
1013 1368 28 25 at
1054 1366 46 27 the
1113 1364 79 28 usual
1205 1364 78 28 hour.

777 1411 142 37 Inspector
931 1411 132 37 Hodgson
1075 1411 56 30 will
1153 1411 87 28 arrive
1253 1411 29 28 in
1295 1409 79 37 Lyell

743 1453 155 25 to-morrow
910 1451 28 27 in
951 1451 159 27 connection
1129 1449 65 28 with
1217 1449 42 27 his
1272 1448 102 28 annual

743 1488 150 37 inspection
906 1488 29 31 of
944 1487 47 31 the
1004 1487 80 38 Lyell
1097 1488 75 29 State
1188 1486 107 31 School.

779 1536 44 26 Mr
834 1536 43 28 W.
891 1536 26 28 J.
940 1536 114 32 Pocock,
1076 1536 134 33 lecturing
1231 1538 82 31 agent
1335 1538 40 23 tor

744 1572 46 29 the
805 1572 105 30 Mutual
921 1572 151 29 Assurance
1086 1572 108 35 Society
1205 1571 30 28 of
1244 1571 130 34 Victoria,

743 1609 55 29 will
811 1610 105 35 shortly
928 1611 64 27 visit
1005 1610 78 35 Lyell
1095 1610 71 27 from
1189 1609 111 33 Nelson,
1323 1609 38 28 lec-

743 1648 92 36 turing
855 1651 26 25 at
903 1648 72 29 Fern
996 1648 63 28 Flat
1079 1656 34 19 en
1133 1648 89 27 route.
1258 1646 118 36 Writing

743 1686 69 29 from
825 1686 150 29 Wakefield
987 1686 87 28 under
1086 1686 63 28 date
1161 1685 48 29 sth
1222 1685 104 29 instant
1337 1686 33 27 he

743 1724 129 28 intended
882 1724 108 36 leaving
996 1723 59 30 that
1060 1724 76 36 place
1143 1733 35 19 on
1185 1722 46 30 the
1237 1722 138 37 following

743 1762 143 38 Thursday
898 1771 31 21 or
942 1761 145 38 Saturday.

776 1810 51 31 We
851 1811 70 29 have
945 1810 69 30 been
1037 1809 141 39 requested
1199 1812 28 28 to
1251 1809 124 30 mention

743 1849 61 28 that
816 1852 28 25 at
856 1849 48 28 the
925 1849 53 28 last
999 1849 95 35 sitting
1114 1849 31 27 of
1163 1849 47 28 the
1230 1849 143 27 Warden's

743 1887 84 29 Court
850 1889 29 27 at
903 1886 167 35 Murchison,
1096 1886 44 28 Mr
1168 1886 116 30 Warden
1308 1884 66 30 Bird

743 1935 67 27 gave
823 1926 90 28 notice
926 1926 61 29 that
999 1925 152 38 applicants
1164 1925 40 29 for
1217 1924 71 29 Gold
1302 1924 53 28 Min-

742 1965 54 34 ing.
802 1964 98 28 Leases
912 1967 30 25 at
950 1964 85 28 Owen
1048 1963 41 29 for
1102 1963 45 28 the
1163 1963 90 28 future
1265 1963 55 27 will
1342 1962 32 28 be

742 2002 124 37 required
879 2006 28 24 to
921 2002 104 36 deposit
1037 2001 47 29 the
1097 2010 61 20 sum
1171 2001 31 29 of
1213 2002 54 28 £ls
1281 1999 44 39 15/
1334 2001 26 28 in-

743 2040 77 29 stead
832 2041 30 28 of
874 2041 55 28 £lO
942 2039 45 38 15/
999 2050 30 18 as
1042 2040 160 28 heretofore.

776 2088 50 29 We
839 2097 57 20 owe
909 2097 36 20 an
957 2087 175 38 explanation
1145 2090 28 26 to
1186 2095 50 21 our
1248 2086 123 30 Catholic

742 2126 164 28 subscribers
923 2127 40 27 for
982 2127 47 27 the
1050 2128 114 26 absence
1186 2126 30 26 of
1234 2126 43 27 the
1297 2126 78 27 usual

742 2163 70 28 local
841 2163 170 29 notification
1041 2163 29 28 in
1100 2171 50 19 our
1173 2163 53 28 last
1248 2163 72 27 issue
1349 2161 30 29 of

743 2211 114 19 services
870 2201 65 29 held
947 2202 29 28 in
989 2201 79 36 Lyell
1084 2201 37 36 by
1133 2201 46 29 the
1193 2201 67 29 Eev.
1274 2200 102 30 Father

743 2240 135 34 Kolland;
897 2249 30 19 as
945 2240 56 28 also
1019 2239 30 28 in
1063 2240 100 36 justice
1182 2243 28 24 to
1228 2239 146 28 ourselves.

742 2279 109 36 Among
863 2277 78 30 other
961 2277 156 30 alterations
1137 2278 29 28 in
1188 2277 47 29 the
1258 2276 118 30 conduct

743 2316 30 28 of
782 2316 55 29 this
846 2317 108 35 journal
968 2317 78 27 when
1058 2316 58 27 first
1128 2325 40 19 we
1179 2316 111 27 entered
1300 2324 73 27 upon

742 2354 35 30 its
789 2358 195 34 management
997 2363 40 20 we
1050 2353 100 29 offered
1163 2357 27 26 to
1210 2354 85 29 insert
1317 2352 54 30 this

742 2394 177 30 information
936 2393 190 38 gratuitously,
1148 2392 88 30 which
1258 2402 55 20 was
1333 2401 28 20 ac-

742 2432 104 35 cepted,
860 2432 54 27 and
927 2432 46 28 the
986 2432 61 27 task
1060 2431 30 27 of
1108 2431 155 33 furnishing
1277 2431 45 27 the
1334 2431 28 26 in-

743 2469 147 29 formation
904 2472 28 25 to
941 2478 32 19 us
978 2477 56 20 was
1044 2467 141 30 entrusted
1194 2471 27 25 to
1234 2470 43 25 Mr
1287 2467 88 37 Ryan,

743 2507 178 37 storekeeper,
936 2507 61 28 who
1010 2507 23 28 is
1044 2507 56 28 also
1108 2516 51 19 one
1169 2507 30 27 of
1208 2506 48 29 the
1266 2505 109 33 Qhurch

743 2546 171 32 committee;
933 2545 49 29 but
990 2545 89 35 owing
1088 2547 28 26 to
1128 2554 15 18 a
1153 2544 83 35 slight
1244 2544 117 35 disagree-

743 2586 75 25 ment
848 2583 102 36 having
973 2584 89 27 arisen
1086 2582 122 29 between
1238 2582 137 29 ourselves

743 2621 54 29 and
814 2620 60 30 that
893 2621 165 37 gentleman,
1077 2620 22 30 it
1123 2629 114 29 appears
1258 2620 61 29 that
1342 2620 35 29 he

743 2660 144 37 purposely
933 2659 132 29 withheld
1111 2659 46 28 the
1187 2659 188 34 information,

742 2698 121 37 possibly
876 2697 127 37 thinking
1016 2697 60 29 that
1088 2697 35 29 he
1135 2697 90 36 might
1236 2697 88 36 injure
1346 2706 31 19 us

743 2737 28 28 in
784 2736 46 29 the
844 2745 62 27 eyes
919 2737 30 27 of
958 2736 76 28 those
1044 2736 154 27 interested.
1236 2736 50 28 We
1297 2735 81 29 think

742 2774 60 29 that
822 2773 43 30 Mr
884 2773 96 30 James
1000 2773 80 37 Ryan
1102 2773 50 29 has
1170 2773 69 29 been
1252 2776 45 27 too
1311 2773 67 37 long

743 2813 29 28 in
789 2813 55 28 this
862 2812 114 34 district,
996 2812 54 28 and
1068 2821 30 19 as
1117 2822 16 18 a
1152 2821 185 27 consequence
1354 2813 24 26 is

743 2854 46 25 too
818 2849 174 30 well-known
1023 2853 27 26 to
1075 2849 70 30 have
1175 2849 113 29 effected
1317 2850 61 29 that

743 2888 96 38 object.

777 2937 58 28 The
848 2936 129 30 directors
989 2937 27 28 in
1031 2937 46 29 the
1091 2936 103 30 United
1211 2934 97 39 Alpine
1321 2939 57 25 met

744 2984 36 18 on
809 2975 144 35 Thursday
982 2975 55 28 and
1067 2975 125 27 declared
1217 2975 46 26 the
1299 2974 80 27 usual

744 3011 110 36 shilling
867 3011 128 28 dividend
1008 3012 79 35 equal
1108 3014 27 25 to
1150 3012 99 33 £IOOO,
1263 3010 115 37 payable

743 3057 36 21 on
797 3050 56 28 and
870 3049 69 29 after
956 3050 104 35 to-day.
1096 3050 59 28 The
1173 3048 119 30 retorted
1316 3049 62 36 gold

742 3087 42 27 for
797 3087 46 27 the
856 3088 98 26 month
964 3096 57 18 was
1034 3089 107 25 5590z5.
1154 3087 71 27 from
1243 3088 51 26 792
1316 3090 62 24 tons

743 3125 27 26 of
782 3125 76 26 stone
870 3123 113 28 treated.
1020 3123 37 29 At
1069 3123 46 28 the
1128 3123 75 28 mine
1215 3122 163 36 everything

742 3160 24 29 is
779 3162 83 36 going
874 3171 36 20 on
923 3171 29 19 as
960 3161 87 35 usual,
1058 3161 54 30 and
1126 3161 44 29 the
1181 3170 65 19 men
1257 3161 122 36 engaged

743 3199 94 35 taking
849 3200 29 27 in
896 3199 47 28 the
957 3199 122 35 working
1097 3199 74 27 drive
1190 3203 28 24 to
1231 3199 46 28 the
1297 3199 82 35 lately

742 3236 157 30 discovered
911 3240 78 26 stone
1007 3237 29 29 in
1055 3238 47 28 the
1115 3236 81 29 north
1215 3236 54 28 end
1282 3236 30 28 of
1332 3236 47 29 the

742 3275 136 35 workings
914 3286 45 18 are
997 3275 114 36 making
1147 3275 68 36 good
1255 3284 124 27 progress

742 3313 100 37 having
855 3313 152 37 completed
1020 3314 59 27 half
1094 3313 47 28 the
1160 3314 120 27 distance
1298 3316 28 24 to
1347 3313 32 27 be

743 3351 103 33 driven,
860 3353 111 34 namely
983 3353 35 27 48
1030 3353 62 27 feet.
1129 3352 58 28 The
1211 3354 115 33 country
1349 3351 29 28 in

743 3389 52 27 No.
808 3391 16 26 7
836 3390 70 27 level
919 3390 49 27 has
981 3390 112 27 become
1103 3389 99 28 harder
1210 3389 92 35 lately,
1313 3398 46 18 con-

743 3427 143 38 sequently
908 3437 30 20 as
950 3427 83 30 much
1050 3436 123 29 progress
1186 3426 50 30 has
1250 3431 49 24 not
1312 3426 67 30 been

743 3466 80 29 made
848 3467 40 28 for
912 3467 47 29 the
983 3471 62 33 past
1069 3467 99 28 month
1198 3476 29 19 as
1251 3476 56 20 was
1333 3476 30 19 an-

743 3505 139 35 ticipated.

778 3542 58 28 The
849 3542 166 36 Wellington
1030 3542 86 37 police
1128 3542 162 28 authorities
1310 3542 69 28 have

744 3580 123 31 received
891 3591 17 19 a
933 3582 76 28 cable
1030 3591 122 26 message
1174 3581 71 29 from
1270 3580 109 38 Sydney

745 3620 101 35 stating
876 3621 61 27 that
960 3630 16 18 a
1001 3629 66 18 man
1096 3620 153 35 answering
1277 3623 29 24 to
1333 3620 46 28 the

744 3659 114 36 portrait
882 3658 55 29 and
962 3658 159 36 discription
1145 3658 30 29 of
1193 3658 116 36 Caffrey,
1333 3657 46 29 the

745 3697 84 28 Great
837 3697 108 27 Barrier
954 3696 148 34 murderer,
1113 3697 51 28 has
1170 3696 69 28 been
1251 3695 127 29 arrested.

746 3735 201 35 Subsequently
960 3734 47 29 the
1027 3744 64 19 man
1105 3734 120 29 arrested
1246 3734 133 28 admitted

745 3773 59 30 that
816 3773 35 29 he
862 3782 56 20 was
931 3772 117 38 Caffrey,
1062 3773 54 28 and
1128 3772 89 30 stated
1230 3773 60 30 that
1303 3773 76 28 Penn

745 3812 55 28 and
829 3812 47 28 the
897 3821 110 19 woman
1036 3821 71 19 were
1136 3812 139 28 drowned.
1321 3811 58 27 The

745 3850 122 35 prisoner
902 3858 55 19 was
993 3848 149 29 remanded
1177 3849 121 35 pending
1333 3848 46 28 the

746 3887 98 28 arrival
856 3887 72 29 from
945 3887 143 29 Auckland
1109 3887 29 28 of
1154 3887 80 28 fuller
1255 3887 124 37 personal

746 3925 172 35 desoription.

774 4014 275 41 MINING
1120 4015 219 40 NEWS.

1054 4079 16 23 o

834 4121 111 29 OWEN
965 4121 123 29 REEFS
1106 4122 185 28 DISTRICT.

808 4223 84 35 (from
911 4230 57 21 oue
986 4230 61 21 own
1066 4222 251 36 CORRESPONDENT.)

1050 4270 96 34 Owen,
1159 4270 116 28 October
1285 4270 58 29 7th.

780 4317 57 28 The
851 4317 120 29 weather
983 4317 41 29 for
1036 4317 46 29 the
1094 4321 62 33 past
1166 4317 51 29 few
1238 4318 68 35 days
1327 4317 51 28 has

745 4355 69 28 been
827 4355 65 29 such
910 4365 29 19 as
953 4358 27 27 to
1000 4360 114 32 prevent
1126 4356 106 29 outside
1254 4355 75 30 work
1351 4356 30 29 of

746 4402 54 26 any
824 4393 68 28 kind
916 4393 80 35 being
1018 4394 148 35 proceeded
1190 4395 76 26 with.
1319 4395 59 27 The

746 4431 84 28 Owen
849 4430 83 29 River
956 4430 55 29 and
1034 4430 155 30 tributaries
1213 4431 70 30 have
1307 4430 69 30 been

746 4469 71 29 bank
830 4469 75 36 high,
918 4470 55 28 and
997 4470 232 29 communication
1251 4471 50 28 has
1313 4480 47 19 con-

746 4502 143 41 sequent
896 4508 68 27 been
973 4508 162 35 suspended,
1142 4508 93 36 to-day
1241 4508 81 37 being
1331 4509 46 27 the

746 4545 59 29 first
817 4555 40 18 we
871 4545 70 28 have
953 4545 69 28 been
1035 4545 60 29 able
1108 4549 27 25 to
1148 4551 45 30 get
1205 4546 92 28 about.
1341 4546 37 28 Of

746 4583 46 28 the
816 4583 76 28 three
916 4583 89 28 mines
1030 4583 122 36 working
1179 4584 76 27 there
1280 4584 23 27 is
1329 4588 49 23 not

746 4621 83 30 much
842 4631 60 20 new
914 4625 28 26 to
961 4623 99 36 report,
1074 4622 154 37 operations
1248 4622 110 39 proceed-

747 4661 46 34 ing
805 4671 65 24 very
882 4661 104 33 slowly.

781 4698 122 27 Bulmer
926 4698 98 27 Creek
1047 4698 262 27 Company.—Have
1333 4701 45 25 cut

747 4738 48 26 out
807 4745 16 19 a
836 4734 124 38 paddock
972 4739 28 26 at
1020 4734 46 30 the
1078 4735 98 29 mouth
1188 4735 31 29 of
1228 4736 46 28 the
1288 4735 52 29 No.
1362 4737 16 27 2

748 4774 69 28 level
830 4774 149 28 calculated
991 4777 29 25 to
1040 4774 65 28 hold
1125 4774 82 28 about
1221 4776 33 27 70
1267 4777 60 25 tons
1350 4774 29 28 of

748 4814 104 34 quartz.
889 4812 57 27 The
961 4821 130 27 manager
1103 4812 50 27 has
1165 4812 178 28 commenced
1363 4821 16 19 a

748 4860 16 18 a
777 4853 120 25 crosscut
915 4849 72 29 from
1008 4849 46 30 the
1076 4849 53 28 end
1142 4849 30 30 of
1190 4849 55 29 this
1258 4850 69 28 level
1346 4856 28 22 to

748 4887 46 29 the
807 4891 57 25 east
877 4887 29 28 in
919 4887 78 29 order
1014 4891 29 26 to
1055 4889 127 27 intersect
1204 4888 45 27 the
1263 4887 45 37 big
1320 4887 59 28 reef

749 4926 89 29 which
851 4927 22 28 is
887 4926 150 30 calculated
1050 4931 27 25 to
1088 4927 32 28 be
1134 4926 82 29 about
1227 4928 32 27 25
1273 4926 102 29 distant

750 4965 70 27 from
832 4965 47 27 the
892 4968 77 25 start.
1014 4966 57 27 The
1092 4965 74 27 drive
1179 4966 23 26 is
1223 4973 62 19 now
1297 4966 29 25 in
1348 4966 33 25 22

749 5002 62 35 feet,
825 5002 55 28 and
892 5002 61 28 four
964 5002 104 29 leaders
1082 5002 69 29 have
1164 5002 69 28 been
1245 5005 57 25 met
1312 5002 66 28 with

750 5042 28 25 in
791 5040 46 28 the
850 5049 93 19 course
955 5041 31 27 of
995 5041 45 27 the
1053 5041 105 33 tunnel,
1172 5050 51 18 one
1245 5040 30 28 of
1291 5040 90 28 which

750 5078 124 28 contains
892 5087 16 19 a
920 5077 52 29 fair
983 5078 105 36 sample
1110 5079 28 27 of
1159 5077 72 37 gold.
1277 5077 35 28 In
1336 5077 46 28 the

751 5119 107 33 present
870 5115 57 29 face
941 5115 76 30 there
1030 5115 23 30 is
1066 5115 115 30 another
1192 5115 92 30 leader
1300 5115 83 28 about

751 5163 16 18 a
779 5154 56 27 foot
847 5154 75 27 thick
934 5154 55 27 and
998 5154 47 28 the
1059 5162 130 28 manager
1201 5154 95 28 thinks
1315 5154 35 27 he
1359 5154 24 27 is

751 5201 62 19 now
825 5192 29 28 in
868 5191 46 29 the
927 5192 146 37 proximity
1085 5192 30 29 of
1125 5192 47 29 the
1185 5192 121 37 hanging
1320 5190 61 31 wall

752 5230 29 28 of
790 5230 47 28 the
850 5230 58 28 reef
917 5231 99 34 sought
1028 5231 48 28 for.

786 5267 127 29 Wakatu
936 5268 216 28 United.—The
1174 5268 77 28 main
1266 5271 119 25 crosscut

752 5305 29 28 in
794 5305 52 29 No.
859 5307 17 27 2
888 5306 69 28 level
969 5307 22 27 is
1004 5305 82 38 being
1098 5306 149 38 proceeded
1263 5306 66 30 with
1348 5305 37 37 by

753 5344 40 29 six
823 5353 64 20 men
917 5344 123 36 working
1070 5345 76 29 three
1176 5345 88 29 shifts.
1317 5345 66 28 This

754 5382 96 28 tunnel
862 5383 23 27 is
906 5392 61 19 now
987 5383 30 28 in
1037 5384 48 27 205
1106 5383 53 29 feet
1178 5383 55 29 and
1258 5385 24 26 is
1305 5383 81 35 being

754 5418 95 29 driven
872 5420 29 26 in
928 5420 93 28 brown
1045 5421 68 27 slate
1138 5424 125 32 country.
1317 5421 66 27 Two

755 5456 66 30 reefs
834 5456 70 37 haye
917 5456 69 30 been
1000 5461 46 27 cut
1055 5458 29 29 in
1098 5458 54 30 this
1161 5458 74 30 drive
1246 5467 51 21 one
1308 5457 75 30 three

754 5495 54 28 feet
821 5496 54 27 and
888 5496 46 28 the
953 5496 79 28 other
1045 5496 60 29 four
1117 5497 54 29 feet
1183 5497 83 29 thick.
1315 5497 28 27 It
1363 5497 23 27 is

755 5533 129 37 expected
907 5539 27 23 to
960 5534 78 29 catch
1065 5535 47 28 the
1136 5535 123 28 underlie
1284 5535 29 28 of
1341 5534 45 28 the

755 5572 118 28 Wakatu
887 5572 58 28 reef
953 5573 30 28 in
1005 5573 82 28 about
1113 5575 49 26 180
1183 5573 54 28 feet
1255 5574 70 27 from
1339 5573 47 27 the

755 5613 108 33 present
889 5610 66 27 face.
1009 5610 57 28 The
1096 5611 132 28 northern
1258 5610 75 27 drive
1364 5610 23 27 is

755 5647 160 28 abandoned
927 5648 42 29 for
982 5648 46 29 the
1042 5652 117 33 present,
1173 5648 48 29 but
1233 5648 154 37 operations

755 5686 57 28 will
824 5686 32 27 be
870 5687 125 27 resumed
1008 5687 115 35 shortly.

790 5723 284 30 Enterprise.—The
1099 5729 53 24 two
1176 5733 64 19 men
1266 5722 121 36 engaged

756 5771 35 18 on
805 5762 54 27 this
872 5763 79 26 claim
965 5763 68 27 have
1047 5764 94 26 shown
1156 5767 75 31 great
1244 5771 102 26 energy
1359 5762 28 27 in

756 5801 173 33 prosecuting
942 5800 46 29 the
1001 5800 74 29 work
1086 5800 64 34 they
1161 5809 44 21 are
1216 5799 122 35 engaged
1349 5800 37 27 in.

1406 204 25 27 A
1452 204 95 28 tunnel
1574 213 56 19 was
1656 205 101 27 started
1777 216 36 17 on
1834 207 46 28 the
1901 210 59 27 reef
1979 212 28 25 at
2026 218 16 18 a

1407 240 82 37 depth
1504 241 30 27 of
1551 242 34 26 40
1607 242 54 28 feet
1686 242 71 28 from
1777 244 46 28 the
1844 245 56 37 Cap
1919 247 54 28 and
1992 246 50 28 has

1406 289 62 19 now
1484 280 67 27 been
1565 279 94 28 driven
1675 281 32 27 G3
1720 280 62 34 feet,
1793 291 35 19 on
1849 287 76 25 stone
1938 285 36 28 all
1995 285 46 27 the

1409 326 61 28 way
1495 317 41 28 till
1563 317 124 36 daylight
1713 327 57 19 was
1795 319 115 30 reached
1934 332 35 19 on
1995 322 46 28 the

1407 357 131 28 northern
1551 356 74 36 slope
1645 356 29 28 of
1693 356 47 29 the
1762 367 72 26 spur.
1880 360 25 28 A
1924 364 118 26 crosscut

1409 398 28 23 at
1449 394 73 32 right
1541 394 92 34 angles
1652 397 27 23 to
1698 395 47 26 the
1764 395 57 26 reef
1837 396 23 27 is
1880 406 61 19 now
1962 399 80 33 being

1406 435 50 35 put
1468 431 28 29 in
1510 435 28 24 at
1551 440 15 19 a
1579 430 82 38 depth
1677 431 30 29 of
1719 432 49 29 100
1781 432 52 30 feet
1846 433 69 30 from
1928 435 46 30 the
1983 440 42 25 out-

1406 480 72 26 crop.
1521 470 65 28 This
1599 470 151 36 will,prove
1763 472 45 27 the
1821 473 59 27 reef
1898 483 29 20 so
1940 475 49 27 far.
2026 474 14 27 I

1407 517 64 28 may
1485 508 122 28 mention
1630 506 59 31 that
1710 508 51 28 fair
1781 517 138 29 prospects
1931 513 27 27 ot
1978 511 62 37 gold

1637 546 69 30 from
1727 548 65 27 time
1814 551 28 25 to
1856 549 65 30 time
1943 550 98 36 during

1405 586 46 29 the
1466 594 122 27 progress
1602 585 30 28 of
1643 586 44 27 the
1701 590 45 31 top
1760 585 84 29 drive.

1440 633 58 28 The
1522 642 61 18 new
1604 632 66 28 road
1695 632 23 28 is
1742 633 173 37 progressing
1934 635 105 35 slowly,

1405 670 53 27 like
1482 670 161 35 everything
1663 670 53 26 else
1738 670 29 27 in
1790 670 54 27 this
1865 677 59 30 part
1945 673 29 27 of
1992 672 47 28 the

1405 707 93 28 world.
1537 708 81 28 Some
1640 707 69 27 hard
1728 707 81 28 bluffs
1822 707 30 29 of
1866 709 65 28 rock
1944 720 44 18 are
2011 713 28 24 to

1405 746 31 27 be
1458 745 137 32 removed,
1735 745 46 27 the
1802 750 108 31 present
1931 752 57 23 rate
2013 747 29 28 of

1404 781 151 40 progress'l
1570 782 79 29 think
1660 783 20 28 it
1694 782 53 29 will
1760 782 33 28 bo
1805 792 75 20 some
1905 785 118 29 consider-

1404 822 59 28 able
1478 823 65 27 time
1563 821 89 28 before
1666 831 39 18 we
1726 831 50 18 can
1790 827 113 25 venture
1924 828 27 25 to
1964 825 74 28 drive

1404 868 49 19 our
1465 859 91 35 buggy
1569 863 27 23 to
1611 859 114 27 Buhner
1738 860 93 26 Creek.

1438 906 128 29 Flower's
1588 905 63 30 Flat
1675 905 23 30 is
1720 907 58 36 just
1802 917 62 20 now
1888 907 82 32 about
1991 908 46 31 the

1404 950 71 22 most
1496 945 82 33 lively
1604 945 75 34 place
1700 954 36 17 on
1760 945 46 28 the
1830 947 78 33 river,
1922 950 73 33 quite
2020 958 15 17 a

1403 981 68 28 little
1485 981 136 35 township
1645 981 50 28 has
1714 991 101 27 sprung
1836 992 45 27 up,
1895 984 142 29 inhabited

1404 1020 34 36 by
1452 1028 116 26 sawyers
1582 1019 53 28 and
1655 1020 140 28 roadmen.
1840 1021 65 29 Two
1927 1023 110 35 sawpits

1402 1058 69 28 have
1486 1058 67 28 been
1566 1058 105 28 erected
1685 1058 53 28 and
1752 1068 15 19 a
1778 1060 107 34 regular
1894 1060 139 37 slaughter

1403 1096 48 27 has
1463 1096 80 27 taken
1557 1096 76 35 place
1654 1096 29 27 iu
1705 1097 45 27 the
1772 1098 82 27 white
1874 1100 63 34 pine
1959 1100 76 27 bush.

1402 1133 64 28 Two
1479 1133 88 28 hotels
1581 1141 44 19 are
1639 1133 82 28 about
1736 1133 78 36 being
1828 1135 69 28 built
1908 1135 63 29 here
1981 1136 53 28 and

1402 1170 14 29 I
1431 1169 66 30 hear
1511 1170 103 30 several
1627 1171 114 30 licenses
1753 1180 46 22 are
1816 1173 107 37 applied
1944 1173 42 31 for
2006 1173 29 30 in

1402 1209 54 29 this
1469 1218 62 20 new
1548 1208 115 31 district.

1435 1257 44 27 All
1490 1266 39 19 we
1542 1261 74 24 want
1733 1258 128 36 crushing
1873 1260 159 37 machinery

1401 1297 28 25 to
1452 1295 60 35 give
1533 1303 17 19 a
1567 1304 75 18 more
1666 1301 162 30 permanent
1848 1297 138 29 character
2006 1303 28 23 to

1402 1333 45 29 the
1460 1333 73 29 field.
1570 1333 56 29 The
1640 1336 77 26 stone
1730 1333 23 29 is
1765 1333 74 35 here,
1853 1334 46 29 the
1917 1336 82 28 metal
2013 1336 22 29 is

1401 1371 73 33 here,
1489 1371 54 28 and
1557 1372 35 27 all
1606 1373 59 26 that
1683 1372 23 28 is
1719 1373 125 36 required
1856 1373 23 28 is
1901 1383 16 19 a
1929 1373 106 39 battery

1401 1419 31 19 or
1444 1413 54 25 two
1520 1413 27 26 to
1568 1409 113 38 develop
1706 1411 46 28 the
1774 1410 168 39 undeniably
1961 1418 76 30 great

1401 1456 137 19 resources
1557 1449 30 27 of
1609 1449 53 29 this
1687 1458 91 26 young
1804 1449 55 28 and
1884 1452 149 35 promising

1402 1485 115 31 district.

1435 1539 16 26 I
1475 1539 111 28 observe
1606 1540 59 28 that
1690 1549 16 19 a
1728 1545 159 23 movement
1910 1539 14 37 i
1938 1539 14 37 3
1966 1539 68 37 being

1402 1578 40 26 set
1464 1585 36 20 on
1518 1576 57 30 foot
1595 1576 29 29 in
1638 1576 103 30 Nelson
1762 1580 28 26 to
1812 1576 67 31 float
1902 1587 16 21 a
1942 1579 93 29 Public

1402 1614 136 34 Crushing
1548 1615 143 36 Company
1700 1616 41 27 for
1752 1615 54 28 this
1819 1616 73 27 field.
1928 1617 25 27 A
1967 1617 69 36 good

1400 1651 70 34 idea,
1485 1652 54 28 and
1553 1652 15 28 I
1578 1653 70 36 hope
1661 1653 21 28 it
1696 1652 56 29 will
1765 1653 121 29 succeed.

1438 1699 14 27 I
1466 1709 45 18 am
1524 1709 76 26 sorry
1612 1704 28 24 to
1654 1709 49 27 say
1717 1709 15 19 a
1746 1710 64 25 very
1823 1705 81 31 nasty
1914 1702 122 29 accident

1400 1736 145 37 happened
1576 1738 63 28 here
1666 1738 181 35 our.Monday
1878 1739 60 28 last.
1993 1740 44 28 Mr

1402 1775 89 37 Myles
1505 1776 99 34 Dixon,
1618 1776 46 28 the
1682 1775 172 29 well-known
1863 1775 151 38 bridge-con-

1402 1816 109 32 tractor,
1536 1824 56 20 was
1622 1815 100 37 adzing
1753 1824 16 19 a
1787 1816 74 37 piece
1880 1816 30 28 of
1938 1816 98 30 timber

1400 1853 81 28 when
1494 1853 42 28 his
1559 1854 55 27 foot
1635 1853 106 36 slipped
1765 1854 53 27 and
1832 1855 47 26 the
1902 1855 65 27 adze
1992 1856 29 27 de-

1401 1890 130 37 scending
1544 1893 27 26 at
1585 1891 45 28 the
1642 1900 75 19 same
1726 1891 66 28 time
1801 1895 46 25 cut
1861 1891 116 39 through
1987 1893 47 30 the

1402 1929 61 28 boot
1477 1930 54 27 and
1552 1930 95 36 nearly
1668 1930 111 28 severed
1792 1934 52 25 two
1858 1930 30 28 of
1905 1930 42 29 his
1970 1937 65 29 toes,

1401 1977 51 19 one
1477 1967 64 36 only
1561 1968 123 36 hanging
1708 1968 36 36 by
1769 1978 16 18 a
1809 1969 92 28 sinew.
1950 1970 15 28 I
1991 1980 46 19 am

1401 2005 86 29 afraid
1508 2006 35 28 he
1555 2006 56 28 will
1625 2006 31 28 be
1678 2006 55 29 laid
1757 2016 37 28 up
1807 2006 41 29 for
1870 2017 75 19 some
1962 2009 73 29 time.

1400 2044 25 27 A
1436 2044 44 36 log
1497 2044 86 28 rolled
1600 2054 65 18 over
1683 2054 36 18 on
1737 2046 116 27 another
1870 2049 99 30 man'sj
1979 2048 58 35 legs

1401 2081 55 29 and
1473 2083 35 27 he
1527 2083 23 27 is
1569 2082 94 37 placed
1682 2083 64 28 hors
1766 2083 32 27 de
1826 2083 108 29 combat
1957 2085 41 29 for
2018 2095 16 19 a

1401 2121 164 35 lengthened
1578 2121 102 35 period,
1695 2122 46 29 the
1753 2122 110 29 wonder
1876 2123 82 36 beiug
1973 2124 60 29 that

1402 2157 45 29 the
1473 2158 81 27 limbs
1579 2167 70 20 were
1678 2163 49 24 not
1757 2159 129 28 smashed
1909 2162 123 35 entirely.

1401 2196 122 29 Another
1536 2206 64 19 man
1612 2196 126 38 sprained
1751 2197 42 29 his
1813 2196 66 31 foot.
1927 2199 35 30 So
1982 2208 55 29 you

1402 2244 43 18 see
1458 2244 40 18 we
1511 2235 69 28 have
1604 2236 54 26 had
1776 2244 16 20 a
1811 2236 114 36 chapter
1945 2238 29 27 of-

1402 2272 113 30 cidents.
1564 2272 47 31 We
1630 2272 56 30 will
1707 2283 67 21 soon
1795 2277 75 27 want
1889 2284 17 20 a
1931 2275 105 31 medico

1402 2311 54 27 and
1473 2321 35 17 an
1521 2311 119 36 hospital
1659 2312 21 28 if
1701 2312 163 29 civilisation
1886 2322 152 27 progresses

1402 2349 66 29 with
1482 2349 66 29 such
1561 2349 78 36 rapid
1652 2349 107 29 strides.

1402 2439 133 32 NOTES
1567 2439 113 32 FROM
1703 2441 25 30 A
1748 2441 107 30 BACK
1888 2441 148 30 GULLY.

1596 2556 57 40 [by
1689 2556 162 41 korari.]

1456 2662 80 28 Some
1544 2658 142 40 projected
1699 2662 117 31 jßranch
1833 2662 152 39 Railways.

1438 2714 70 29 Now
1520 2715 61 29 that
1600 2715 45 29 the
1659 2716 126 29 Midland
1798 2716 125 37 Railway
1935 2717 23 28 is
1980 2717 29 28 in
2022 2727 17 18 a

1404 2761 50 29 fair
1463 2770 61 26 way
1537 2762 30 28 of
1576 2763 105 36 getting
1698 2763 46 27 the
1754 2763 60 29 first
1834 2764 48 27 sod
1895 2764 105 33 turned,
2013 2764 22 30 it

1405 2810 54 28 will
1477 2810 111 29 become
1606 2811 48 29 the
1673 2811 127 29 bounden
1819 2811 68 38 duty
1905 2813 30 28 of
1955 2819 81 31 <|*ery

1405 2857 181 36 enterprising
1599 2857 116 30 colonist
1736 2861 28 25 to
1786 2858 35 29 do
1836 2858 44 28 his
1892 2858 70 30 level
1978 2859 61 30 best

1405 2908 28 25 to
1457 2904 80 29 crack
1555 2913 36 28 up
1607 2905 47 28 the
1673 2905 137 37 projected
1833 2906 104 29 branch
1961 2907 77 29 lines.

1405 2950 35 29 Of
1451 2950 76 30 these
1541 2952 47 28 the
1608 2948 315 41 Westport-Inangatiua
1943 2954 24 28 is
1978 2963 60 21 one.

1405 2997 15 27 I
1439 2997 82 27 know
1534 2997 47 28 the
1595 2997 111 37 locality
1719 3001 91 33 pretty
1823 2998 61 29 well
1897 3001 54 27 and
1964 3011 29 18 so
2006 3001 33 28 do

1406 3048 72 26 most
1492 3044 30 30 of
1540 3054 50 20 our
1601 3045 116 29 readers.
1760 3046 89 30 There
1861 3046 56 30 will
1936 3050 47 27 not
2006 3047 33 30 be

1406 3092 83 26 much
1757 3102 30 17 as
1809 3093 46 26 the
1877 3096 161 29 coutractor,

1407 3128 44 28 Mr
1472 3127 150 34 .Robinson,
1644 3128 65 28 calls
1732 3137 35 20 on
1789 3128 55 29 this
1865 3130 110 28 section.
2024 3131 15 27 I

1407 3166 68 28 have
1490 3176 64 26 very
1567 3166 82 37 lively
1662 3166 189 31 recollections
1865 3168 30 29 of
1905 3168 73 30 what
1992 3168 45 30 the

1407 3204 89 28 Ohika
1510 3204 59 27 Hill
1591 3204 54 28 and
1666 3204 104 28 Ha-.ks
1784 3206 70 35 Crag
1866 3206 66 28 used
1955 3210 26 24 to
2004 3208 31 26 be

1406 3243 62 34 like,
1487 3242 56 29 and
1560 3242 113 39 railway
1691 3243 113 35 making
1821 3243 77 29 there
1917 3243 56 29 will
1992 3248 47 25 not

1406 3282 32 27 be
1452 3282 73 36 quite
1539 3291 28 19 so
1581 3291 64 27 easy
1661 3291 35 23 an
1709 3281 180 37 undertaking
1899 3291 30 19 as
1939 3283 21 28 it
1973 3284 67 27 used

1408 3322 26 25 to
1447 3319 33 28 be
1494 3328 34 19 on
1541 3319 47 28 the
1602 3319 171 37 Canterbury
1786 3319 99 37 plains,
1898 3320 90 28 where
2002 3321 36 28 all

1407 3367 39 19 we
1465 3358 55 27 had
1540 3363 26 23 to
1586 3358 34 28 do
1638 3358 42 28 for
1698 3358 78 29 miles
1795 3367 56 20 was
1870 3361 28 26 to
1921 3358 46 38 lay
1990 3359 46 29 the

1407 3396 115 35 sleepers
1550 3396 54 27 and
1628 3396 64 27 rails
1717 3405 35 18 on
1774 3396 47 27 the
1842 3396 123 28 tussocks
1986 3397 54 27 and

1407 3432 98 31 ballast
1518 3433 46 31 the
1578 3433 123 31 line'and
1722 3433 76 31 there
1821 3442 56 22 was
1891 3443 15 21 a
1929 3434 111 39 railway

1407 3476 28 24 at
1447 3483 76 17 once.

1441 3511 145 33 However,
1600 3511 77 28 there
1689 3511 24 28 is
1727 3521 16 18 a
1753 3511 164 37 probability
1927 3512 30 29 of
1966 3522 75 19 some

1406 3549 87 28 traffic
1518 3548 82 36 being
1623 3549 149 37 developed
1797 3558 35 19 on
1858 3550 72 29 that?
1944 3551 63 33 line,
2021 3551 23 26 if

1406 3588 90 29 made.
1533 3588 56 28 But
1599 3598 35 19 on
1643 3588 115 28 another
1767 3588 134 37 proposed
1908 3588 134 30 feeder.—

1406 3626 46 28 the
1494 3627 145 27 Blenheim
1649 3626 48 28 via
1706 3627 51 27 Rai
1764 3627 99 36 Valley
1871 3631 27 25 to

1407 3664 14 28 I
1435 3669 101 24 cannot
1548 3674 68 19 even
1626 3673 42 20 see
1682 3664 46 28 the
1737 3664 164 37 probability
1912 3673 7 27 ;
1938 3675 16 19 a
1966 3666 69 37 good

1407 3703 59 28 deal
1480 3703 30 28 of
1529 3706 97 33 outcry
1638 3712 56 19 was
1706 3703 89 28 raised
1809 3703 90 29 whilst
1921 3704 46 28 the
1988 3704 53 28 last

1407 3741 169 29 Parliament
1597 3746 41 23 sat
1661 3742 30 27 in
1714 3744 105 30 respect
1844 3745 27 25 to
1895 3742 56 29 this
1974 3743 65 28 line.

1407 3780 132 29 Petitions
1551 3788 70 21 were
1630 3783 61 26 sent
1703 3783 27 26 to
1739 3779 176 39 Wellington,
1926 3781 96 38 deputa-

1405 3819 73 27 tions
1490 3819 97 28 waited
1602 3828 35 17 on
1651 3819 46 27 the
1708 3819 195 32 Government,
1915 3829 123 26 pressure

1406 3865 55 20 was
1473 3856 118 36 brought
1604 3860 27 24 to
1645 3856 63 28 bear
1721 3857 28 26 in
1762 3857 108 27 various

1406 3894 55 28 and
1480 3894 45 28 the
1551 3894 161 28 alternative
1736 3896 77 26 route
1832 3894 48 29 via
1899 3894 46 30 the
1970 3895 51 37 Top-

1407 3932 82 28 house
1513 3942 56 19 was
1587 3932 64 28 hold
1668 3942 38 27 up
1731 3935 28 26 to
1776 3933 113 27 ridicule
1913 3938 28 23 to
1965 3934 75 28 show

1405 3971 75 29 what
1492 3980 16 20 a
1521 3970 124 38 splendid
1668 3975 116 33 country
1797 3980 55 20 was
1865 3971 84 37 likely
1968 3975 27 27 to
2009 3972 31 28 be

1405 4009 105 36 opened
1527 4018 38 27 up
1589 4009 23 28 if
1627 4009 57 28 this
1701 4019 67 26 very
1792 4010 132 28 desirable
1951 4011 89 34 public

1405 4046 75 31 work
1492 4056 56 20 was
1560 4046 179 30 undertaken.
1777 4047 43 30 Sir
1839 4047 101 30 Robert
1962 4048 79 29 Stout

1405 4086 55 29 had
1469 4087 69 28 been
1548 4087 118 34 through
1675 4086 55 29 this
1740 4086 176 36 magnificent
1926 4091 115 32 country

1405 4124 101 35 having
1518 4124 96 28 driven
1635 4124 72 28 from
1721 4124 102 27 Nelson
1842 4127 28 25 to
1894 4124 146 28 Blenheim

1404 4162 48 30 via
1466 4161 151 31 Havelock.
1654 4162 54 35 He,
1722 4161 133 39 although
1869 4171 16 21 a
1898 4163 99 37 patriot
2014 4162 30 30 of

1404 4202 226 36 unquestionable
1637 4201 140 29 character
1786 4211 55 18 was
1852 4202 187 28 uncharitable

1405 4239 108 36 enough
1529 4244 28 24 to
1579 4243 70 25 state
1671 4239 61 28 that
1753 4239 35 28 he
1809 4239 88 28 didn't
1919 4249 43 18 see
1986 4248 55 27 any

1405 4278 79 35 thing
1504 4280 29 26 to
1545 4277 81 28 make
1639 4286 16 19 a
1669 4277 113 36 railway
1794 4277 50 28 for.
1880 4277 67 28 This
1960 4280 66 26 state-

1405 4319 77 24 ment
1503 4324 57 19 was
1575 4318 56 25 met
1649 4314 36 36 by
1706 4315 47 27 the
1767 4315 131 28 assertion
1912 4314 60 29 that
1994 4315 45 28 the

1405 4354 65 29 road
1484 4353 46 30 did
1549 4357 49 26 not
1609 4362 52 19 run
1674 4352 119 38 through
1816 4352 47 29 the
1877 4353 51 28 Rai
1952 4353 89 37 valley

1405 4393 73 26 itself
1489 4393 29 26 in
1531 4392 92 27 which
1636 4392 69 33 good
1715 4392 66 27 land
1794 4391 55 28 and
1859 4392 70 33 good
1943 4392 97 27 timber

1405 4429 66 29 both
1485 4428 112 30 existed.
1633 4429 15 28 I
1662 4428 70 29 have
1745 4427 133 31 travelled
1898 4428 55 29 this
1972 4429 67 29 road

1405 4479 75 18 some
1494 4468 61 28 half
1569 4468 87 28 dozen
1678 4468 82 28 times
1782 4467 53 29 and
1858 4468 14 28 I
1894 4471 76 27 must
1991 4477 48 28 say

1405 4507 61 27 that
1479 4507 13 26 I
1513 4506 81 27 failed
1614 4509 28 25 to
1656 4515 43 18 see
1722 4515 16 18 a
1748 4506 85 35 single
1853 4515 60 19 acre
1927 4506 29 28 of
1971 4506 69 35 good

1404 4543 66 29 land
1494 4543 122 29 between
1634 4543 180 37 Wakapuaka
1839 4543 54 28 and
1912 4543 46 29 the
1980 4544 44 28 Pel-

1406 4592 71 18 orus.
1514 4581 119 37 Hungry
1644 4581 78 28 birch
1744 4581 63 28 hills
1819 4582 67 27 with
1897 4582 46 28 the
1954 4582 86 33 rocks,

1405 4620 54 29 and
1484 4619 67 29 such
1576 4618 87 35 rocks,
1689 4620 129 36 grinning
1844 4619 118 38 through
1994 4620 46 29 the

1405 4660 98 27 barren
1516 4659 75 36 clay;
1611 4659 47 28 the
1669 4659 171 35 Wangamoa
1853 4660 53 27 and
1920 4660 46 28 the
1988 4660 52 28 Rai

1405 4697 107 26 saddles
1534 4697 64 26 both
1618 4696 154 35 impossible
1788 4700 30 23 to
1839 4701 145 24 surmount
2004 4697 36 34 by

1405 4734 112 36 railway
1541 4733 104 36 grades,
1665 4737 95 33 except
1778 4733 36 38 by
1831 4733 81 37 being
1934 4734 103 37 pie.ced

1405 4772 68 29 with
1502 4774 144 33 expensive
1681 4772 111 28 tunnels
1822 4772 55 28 and
1912 4776 48 26 not
1989 4773 48 28 the

1407 4810 113 35 slighest
1532 4809 102 29 chance
1647 4809 31 29 of
1696 4819 54 26 any
1772 4810 157 29 settlement
1946 4820 36 19 on
1994 4811 46 28 the

1405 4852 77 24 route
1494 4856 7 25 ;
1520 4847 61 29 that
1593 4847 23 29 is
1628 4847 47 29 the
1688 4852 57 23 sort
1764 4847 29 28 of
1811 4851 116 33 country
1948 4848 89 29 which

1408 4886 45 28 the
1466 4886 143 28 observant
1629 4886 126 28 traveller
1774 4894 64 27 goes
1858 4886 118 34 through
1997 4887 43 27 for

1408 4934 76 19 some
1514 4926 34 27 28
1578 4923 79 30 miles
1692 4923 71 29 after
1792 4924 109 36 leaving
1936 4925 103 37 Happy

1408 4963 106 35 Valley.
1550 4962 25 26 A
1587 4962 51 28 few
1651 4962 115 33 settlers,
1779 4963 61 27 who
1854 4963 69 27 have
1946 4964 73 27 home-

1409 4999 89 29 steads
1528 4999 154 35 elsewhere,
1712 4999 70 29 have
1812 4999 105 29 cleared
1946 5010 16 19 a
1988 5001 51 28 few

1408 5038 126 27 hundred
1557 5047 75 18 acres
1650 5039 29 26 in
1703 5038 47 28 the
1769 5037 155 37 Wanganui
1942 5039 98 35 Valley

1409 5084 36 19 on
1469 5075 91 28 which
1585 5078 27 25 to
1637 5075 69 28 raise
1731 5075 92 33 cattle,
1843 5075 49 28 but
1917 5084 72 21 none
2014 5076 30 28 of

1411 5113 73 28 them
1508 5113 54 28 live
1586 5112 93 29 there:
1705 5112 46 29 the
1775 5113 82 28 cattle
1875 5113 64 29 look
1964 5122 29 21 as
2019 5114 24 28 if

1411 5151 64 36 they
1499 5150 91 29 would
1612 5151 54 28 like
1691 5154 27 25 to
1741 5160 33 26 go
1799 5151 73 34 wild,
1894 5151 49 30 but
1965 5152 76 28 there

1412 5189 63 29 isn't
1487 5188 108 36 enough
1607 5188 61 29 feed
1680 5188 42 30 for
1733 5188 78 29 them
1824 5192 27 26 to
1864 5192 44 32 get
1924 5197 37 30 np
1983 5190 59 28 that

1411 5227 162 30 excitement
1586 5237 77 18 even.
1711 5228 25 27 A
1748 5228 82 28 coach
1851 5237 50 19 ran
1922 5228 118 37 through

1412 5268 28 25 to
1454 5265 103 27 Nelson
1569 5265 53 27 last
1635 5274 122 18 summer
1769 5265 29 27 in
1812 5275 15 18 a
1845 5265 73 28 fitful
1939 5270 56 25 sort
2015 5265 31 29 of

1412 5312 16 20 a
1440 5312 61 28 way
1513 5302 50 29 but
1575 5302 55 29 had
1642 5306 28 26 to
1682 5302 62 36 give
1756 5303 22 29 it
1790 5312 36 28 up
1841 5303 67 30 with
1921 5303 46 30 the
1983 5304 58 29 first

1413 5342 29 27 of
1463 5342 47 27 the
1540 5342 97 27 winter
1666 5342 91 32 rains;
1787 5343 47 27 the
1866 5348 75 30 stage
1971 5343 70 28 from

1416 5379 139 29 Havelock
1574 5383 28 25 to
1616 5379 110 34 Nelson,
1741 5381 33 27 50
1795 5380 88 33 miles,
1897 5380 81 37 being
1998 5385 45 25 too

1414 5417 82 27 much
1509 5417 42 27 for
1563 5426 51 18 one
1635 5417 75 34 relay
1723 5416 30 28 of
1771 5417 102 33 horses,
1887 5418 55 28 and
1963 5420 75 26 there

1413 5463 55 21 was
1481 5463 36 21 no
1531 5454 59 29 half
1600 5463 61 28 way
1674 5454 93 28 house.
1804 5455 58 29 One
1875 5456 23 28 is
1910 5456 29 29 in
1952 5465 92 21 course

1414 5494 30 27 of
1452 5493 119 29 erection
1585 5496 26 25 at
1625 5496 118 33 present,
1756 5493 49 29 but
1824 5494 46 28 the
1893 5496 150 35 proprietor

1414 5531 64 29 does
1490 5535 49 25 not
1560 5531 45 36 lay
1618 5530 113 28 himself
1741 5535 46 24 out
1808 5535 28 24 to
1849 5531 45 37 big
1910 5533 92 36 things
2016 5542 29 19 as

1413 5573 55 33 yet.
1515 5570 81 28 Some
1614 5569 139 28 travellers
1773 5569 62 30 who
1860 5569 71 30 have
1952 5570 94 38 stayed

1414 5608 70 27 their
1497 5611 27 24 to
1538 5608 56 26 bait
1606 5606 70 28 their
1689 5606 93 28 horses
1795 5607 69 29 have
1877 5608 86 28 found
1984 5609 61 28 that

1414 5645 91 29 unless
1518 5645 66 36 they
1596 5644 118 37 brought
1732 5644 72 29 their
1816 5655 62 19 own
1898 5645 61 30 feed
1979 5646 67 30 with

1415 5684 77 27 them
1504 5683 60 27 that
1576 5682 66 35 they
1655 5683 90 35 might
1758 5693 30 17 as
1801 5684 62 27 well
1875 5685 70 34 push
1958 5694 35 19 on
2016 5694 30 18 as

1415 5724 60 34 stay
1499 5721 42 28 for
1564 5721 36 28 all
1619 5720 46 29 the
1684 5720 151 36 provender
1857 5721 72 29 their
1952 5722 94 29 horses

1417 5759 87 28 would
1514 5763 62 29 get;
1599 5768 29 18 a3
1641 5760 41 27 for
1696 5759 45 28 the
1755 5769 83 18 menu
1852 5769 74 20 some
1939 5764 108 32 strange

1415 5797 96 29 stories
1525 5806 46 19 are
1583 5796 57 29 told
1655 5796 29 29 of
1694 5797 46 28 the
1754 5797 66 28 kind
1834 5797 29 28 of
1879 5797 96 31 dinner
1987 5808 45 27 pro-

2070 207 89 28 vided.
2197 208 42 27 On
2253 217 50 18 one
2325 209 126 27 occasion
2473 209 83 27 about
2578 218 16 18 a
2617 210 87 28 dozen

2069 245 101 28 friends
2183 245 32 28 of
2234 245 73 28 mine
2331 246 117 27 coached
2466 247 22 27 it
2508 246 129 37 through,
2651 248 54 28 and

2068 283 90 28 before
2185 283 115 35 starting
2326 283 70 28 from
2422 284 102 28 Nelson
2549 284 15 28 I
2592 285 110 29 advised

2069 321 170 28 sandwiches
2252 321 54 27 and
2320 330 15 19 a
2348 321 69 28 flask
2432 330 29 19 as
2475 322 144 36 travelling
2631 332 54 20 com-

2068 360 126 35 panions.
2232 360 82 28 Some
2328 359 65 29 took
2412 369 48 27 my
2483 360 104 34 advice,
2610 361 92 29 others

2068 397 114 27 scorned
2206 397 47 27 the
2278 396 69 28 idea.
2407 398 63 26 Was
2494 398 77 26 there
2596 401 49 25 not
2670 409 35 17 an

2068 433 237 31 accommodation
2336 434 86 30 house
2452 443 36 20 on
2519 434 45 30 the
2589 435 68 29 road

2067 473 83 28 asked
2175 473 74 35 they.
2304 473 78 35 They
2406 478 83 28 went,
2514 474 56 27 and
2594 474 69 28 after
2685 485 16 19 a

2067 510 75 29 week
2156 519 30 19 or
2199 514 54 24 two
2266 511 137 28 returned.
2441 511 49 36 My
2502 510 61 29 first
2583 512 117 37 enquiry

2067 559 56 18 was
2136 549 75 28 what
2223 549 67 37 they
2303 549 54 29 had
2370 549 41 28 for
2432 549 96 28 dinner
2540 553 28 25 at
2580 549 46 30 the
2637 551 69 28 Half

2067 596 61 27 way
2141 588 105 27 House.
2314 587 112 28 Curried
2449 587 64 28 wild
2533 588 68 36 pork
2613 589 5 27 1
2639 589 66 36 they

2067 626 35 27 all
2117 625 138 29 answered
2270 625 28 28 in
2317 625 108 29 chorus.
2462 624 52 33 Oh,
2528 635 48 26 yes
2589 626 5 28 !
2631 626 72 29 Wild

2066 663 60 35 pigs
2157 672 45 18 are
2227 663 46 27 the
2298 663 66 34 only
2388 663 93 32 things
2506 664 60 26 that
2590 663 112 29 flourish

2066 701 77 27 there
2156 708 6 25 ;
2181 700 65 35 long
2270 699 124 34 snouted,
2418 699 75 28 thick
2514 700 125 34 skinned,
2658 701 46 36 big

2066 737 97 28 tusked
2185 738 110 27 fellows.
2332 738 27 27 It
2382 747 55 18 was
2450 741 48 24 not
2521 747 83 27 many
2625 739 79 28 miles

2069 785 66 18 irom
2161 775 64 28 here
2255 775 61 29 that
2347 775 116 36 Captain
2489 775 75 28 Cook
2589 777 36 26 let
2656 777 46 28 the

2065 814 113 35 original
2194 814 59 37 pigs
2267 814 72 29 loose
2351 814 43 29 for
2408 814 46 29 the
2465 813 99 29 benefit
2573 814 30 28 of
2613 814 89 30 future

2065 854 181 33 generations.
2293 852 83 28 Little
2399 853 47 25 did
2466 852 47 27 the
2526 857 77 27 great
2623 854 60 26 navi-

2065 892 77 35 gater
2154 890 80 29 think
2251 890 81 29 when
2353 890 135 37 releasing
2508 889 46 29 the
2577 894 125 33 grunters

2065 930 70 27 from
2166 930 43 28 his
2239 929 88 29 vessel
2357 930 29 27 in
2417 930 92 33 Queen
2538 929 160 29 Charlottes'

2067 967 93 26 Sound
2178 967 62 27 that
2265 967 66 35 they
2354 967 91 28 would
2469 967 87 27 attain
2583 976 15 17 a
2620 968 67 33 patri-

2065 1003 94 28 archal
2172 1014 48 26 age
2234 1004 54 28 and
2302 1004 31 27 be
2347 1003 96 29 served
2463 1012 37 28 up
2521 1003 105 28 curried
2648 1004 54 27 and

2066 1045 26 25 to
2106 1052 15 17 a
2136 1047 80 33 party
2229 1042 29 29 of
2277 1042 113 36 holiday
2409 1041 108 29 makers
2539 1050 16 20 a
2577 1041 125 29 huudred

2065 1080 54 28 and
2133 1091 72 18 more
2218 1090 79 27 years
2310 1080 167 28 afterwards.

2197 1127 93 27 Model
2301 1127 130 34 Lodging
2443 1127 119 26 Houses.

2100 1172 200 38 Philantrophy
2311 1172 30 29 in
2350 1172 129 37 England
2491 1172 77 29 takes
2577 1170 124 30 different

2063 1212 94 35 forms,
2187 1212 159 29 sometimes
2370 1212 46 28 the
2448 1211 86 29 donor
2563 1210 31 30 of
2621 1220 77 27 spare

2065 1250 150 28 thousands
2237 1250 90 28 builds
2342 1260 14 18 a
2368 1250 127 35 hospital,
2512 1259 31 18 or
2555 1249 110 29 endows
2687 1259 15 19 a

2064 1289 112 32 church,
2191 1298 31 18 or
2233 1293 87 23 erects
2333 1297 15 18 a
2362 1287 100 35 steeple
2476 1287 66 28 with
2556 1296 15 19 a
2584 1287 69 27 view
2674 1287 30 27 of

2064 1325 101 38 paving
2178 1325 43 30 his
2233 1334 62 28 way
2308 1329 28 24 to
2349 1335 15 18 a
2377 1324 87 29 bettor
2474 1323 94 30 world.
2606 1324 73 28 Some-

2063 1365 80 28 times
2156 1365 22 28 it
2190 1364 77 29 takes
2284 1365 46 28 the
2343 1364 71 28 form
2427 1363 30 29 of
2468 1363 122 37 building
2603 1363 92 28 model

2063 1403 112 37 lodging
2192 1403 115 28 houses:
2356 1403 55 27 But
2436 1411 72 20 none
2533 1402 30 28 of
2584 1402 47 28 the
2653 1401 46 29 old

2063 1445 115 33 country
2191 1442 112 36 patriots
2314 1440 69 29 have
2392 1441 47 28 the
2448 1441 71 27 least
2528 1440 61 29 idea
2599 1441 30 27 of
2640 1440 61 28 how

2063 1480 136 28 Colonists
2225 1488 51 20 can
2300 1478 83 38 adapt
2408 1478 165 29 themselves
2597 1480 28 26 to
2651 1478 36 28 cir-

2063 1522 180 26 cumstances.
2280 1518 50 29 We
2343 1517 79 30 could
2436 1521 48 33 put
2497 1517 77 29 them
2587 1527 37 28 up
2646 1520 28 26 to
2687 1527 15 19 a

2063 1557 70 34 good
2146 1565 84 26 many
2251 1555 129 28 wrinkles
2399 1556 14 26 I
2427 1556 99 27 reckon
2538 1563 6 25 ;
2564 1557 87 26 either
2672 1555 29 27 in

2064 1593 123 37 building
2200 1603 15 18 a
2229 1593 84 28 house
2327 1602 30 19 or
2369 1593 120 35 running
2500 1593 22 27 it
2531 1591 167 30 afterwards.

2062 1631 39 28 To
2114 1631 59 35 give
2187 1640 36 18 an
2236 1631 121 27 instance
2370 1630 62 28 how
2445 1633 27 25 to
2485 1630 76 28 build
2583 1639 16 19 a
2613 1630 85 28 house

2063 1678 35 19 on
2112 1669 47 29 the
2169 1669 96 37 cheap,
2279 1668 15 29 I
2308 1677 67 20 once
2385 1667 81 30 knew
2480 1678 16 18 a
2509 1677 61 20 case
2582 1668 90 29 where
2688 1677 15 19 a

2063 1717 66 26 very
2147 1707 129 36 knowing
2292 1711 80 32 party
2397 1707 40 35 (of
2455 1706 47 28 the
2523 1706 99 28 female
2643 1716 45 27 per-

2063 1746 120 34 suasion)
2204 1745 96 28 owned
2321 1754 17 18 a
2359 1744 38 28 bit
2411 1744 30 28 of
2459 1744 65 28 land
2545 1744 91 28 which
2655 1744 48 28 she

2063 1783 159 29 considered
2236 1793 55 19 was
2305 1792 15 20 a
2334 1782 132 30 desirable
2479 1782 132 29 situation
2631 1782 41 29 for
2684 1791 16 20 a

2062 1822 125 30 roadside
2200 1822 63 37 pub.
2302 1822 54 29 She
2378 1821 152 38 persuaded
2551 1831 17 20 a
2585 1821 114 30 relative

2063 1861 30 26 of
2109 1861 62 27 hers
2192 1865 28 24 to
2240 1864 67 25 start
2328 1861 123 35 building
2463 1870 17 18 a
2504 1860 86 27 house
2613 1861 86 31 there,

2063 1897 54 29 and
2141 1898 65 29 used
2225 1907 67 28 very
2310 1898 164 36 convincing
2493 1900 159 34 arguments
2670 1901 29 25 to

2063 1946 82 26 prove
2166 1937 63 30 that
2239 1938 23 28 it
2284 1936 92 29 would
2396 1936 33 29 be
2451 1947 16 18 a
2483 1936 69 36 good
2570 1946 70 27 spec,
2665 1936 39 29 for

2063 1975 103 28 him.as
2179 1975 34 29 he
2225 1975 91 29 would
2328 1974 32 30 be
2374 1974 135 29 landlord.
2546 1974 55 29 Bill
2611 1984 56 19 was
2681 1984 16 18 a

2063 2012 40 30 bit
2121 2013 28 29 of
2168 2023 16 19 a
2202 2023 105 28 sawyer
2324 2012 56 29 and
2398 2013 34 29 he
2451 2017 47 33 got
2516 2022 17 20 a
2550 2016 75 26 mate
2644 2012 55 30 and

2063 2055 80 32 spent
2156 2061 74 18 some
2244 2051 112 29 months
2375 2052 30 27 in
2429 2061 102 26 sawing
2553 2051 101 28 timber
2674 2056 28 24 to

2064 2092 72 27 erect
2150 2089 46 30 the
2217 2089 103 35 Hotel;
2339 2089 48 30 the
2410 2091 177 36 proprietress
2608 2098 75 20 mean-

2066 2127 79 29 while
2176 2129 183 35 undertaking
2388 2132 28 24 to
2446 2128 113 36 provide
2589 2127 111 30 tucker:

2063 2165 72 27 from
2158 2165 67 28 time
2244 2169 28 24 to
2294 2166 66 27 time
2379 2165 79 28 other
2481 2174 65 19 men
2571 2173 78 20 came
2673 2168 29 24 to

2063 2203 85 34 work,
2161 2203 48 29 but
2228 2203 46 30 the
2287 2203 64 30 wild
2370 2204 46 36 pig
2436 2203 123 30 business
2579 2212 56 21 was
2657 2207 45 26 too

2063 2242 84 28 much
2168 2242 41 28 for
2222 2242 36 28 all
2279 2242 28 28 of
2328 2242 85 32 them,
2427 2242 64 33 and,
2509 2242 81 35 being
2601 2242 101 35 mostly

2064 2279 45 29 old
2121 2279 88 30 hands
2221 2279 66 38 they
2298 2279 54 29 had
2364 2279 68 29 been
2445 2279 65 29 used
2524 2283 28 26 to
2568 2279 136 38 roughing

2064 2319 31 31 it,
2106 2327 29 19 so
2149 2319 66 35 they
2228 2318 88 28 didn't
2328 2319 78 27 mind
2419 2327 29 19 so
2463 2318 93 29 much.
2592 2318 112 35 Finally

2065 2365 16 20 a
2098 2355 153 38 bricklayer
2270 2365 57 20 was
2348 2355 126 38 required
2495 2355 54 29 and
2573 2364 52 20 one
2646 2364 57 21 was

2064 2394 122 38 engaged
2200 2401 27 24 to
2241 2405 77 20 come
2331 2395 54 29 and
2399 2395 75 29 build
2488 2395 47 29 the
2549 2395 153 37 chimneys.

2065 2435 45 26 He
2134 2444 56 17 was
2214 2444 16 17 a
2253 2443 61 19 new
2338 2435 94 32 chum,
2457 2434 53 28 and
2540 2433 56 28 had
2620 2443 84 18 never

2065 2470 122 36 roughed
2199 2470 30 29 it.
2266 2471 45 28 He
2323 2480 56 20 was
2392 2479 16 20 a
2428 2470 199 29 conscientious
2647 2475 57 23 sort

2065 2509 30 28 of
2105 2519 15 19 a
2133 2508 85 29 chum
2231 2508 114 36 though,
2357 2509 42 29 for
2409 2508 34 29 he
2456 2508 115 29 finished
2585 2508 45 30 the
2640 2517 45 20 con-

2065 2550 69 25 tract
2147 2547 54 28 and
2215 2555 75 21 more
2305 2547 68 28 than
2383 2547 61 29 that
2457 2547 44 33 he,
2514 2556 36 19 on
2563 2550 120 33 presenta-

2065 2585 58 28 tion
2136 2585 30 28 of
2182 2585 43 28 his
2237 2584 79 29 order
2328 2585 42 28 for
2381 2589 133 32 payment
2534 2588 28 25 to
2576 2584 47 29 the
2643 2593 44 28 pro-

2065 2623 126 37 prietress
2204 2632 56 20 was
2272 2623 57 29 told
2352 2627 28 25 to
2394 2632 32 27 go
2439 2622 42 29 for
2494 2623 43 28 his
2559 2632 100 28 money
2672 2625 29 26 to

2065 2662 47 27 the
2133 2665 79 33 party
2232 2661 61 29 who
2306 2661 55 28 had
2383 2661 146 37 employed
2543 2661 67 28 him.
2656 2661 45 28 He

2065 2700 88 28 didn't
2165 2704 46 32 get
2230 2700 22 28 it
2275 2700 74 29 there
2363 2708 30 21 or
2413 2700 145 36 anywhere
2580 2700 63 32 else,
2657 2699 48 29 but

2065 2738 34 28 he
2112 2741 47 32 got
2171 2738 157 36 something
2339 2738 88 28 worth
2440 2748 16 18 a
2469 2738 69 36 good
2551 2738 62 28 deal
2626 2747 75 19 more

2065 2778 28 27 to
2105 2776 70 28 him-
2212 2776 45 28 He
2267 2781 47 32 got
2326 2785 75 20 more
2415 2776 117 29 colonial
2544 2776 157 37 experience

2065 2816 29 26 in
2106 2818 47 25 ten
2165 2814 69 37 days
2251 2815 69 28 than
2338 2818 73 26 most
2423 2815 98 29 chums
2542 2818 45 33 get
2607 2814 29 28 in
2658 2817 46 25 ten

2065 2861 86 27 years.
2189 2853 53 28 His
2264 2853 159 36 discription
2436 2853 31 28 of
2484 2853 63 28 how
2561 2852 66 35 they
2648 2852 55 27 had

2065 2894 28 25 to
2106 2900 34 27 go
2153 2889 58 30 into
2223 2891 47 28 the
2284 2890 70 29 bush
2366 2890 54 29 and
2435 2890 78 29 catch
2524 2899 16 20 a
2552 2889 55 37 hog
2614 2889 90 29 before

2066 2928 65 36 they
2143 2928 80 29 could
2236 2933 46 31 get
2293 2938 56 27 any
2359 2928 108 34 dinner,
2477 2928 30 29 of
2516 2928 62 28 how
2589 2928 66 36 they
2668 2928 36 28 all

2067 2966 68 28 tried
2147 2966 72 28 their
2230 2966 90 28 hands
2332 2969 29 25 at
2374 2966 114 35 making
2509 2966 123 35 damper,
2647 2965 55 28 and

2067 3003 45 27 the
2134 3006 73 24 most
2228 3004 147 26 successful
2399 3004 30 27 of
2445 3004 78 27 them
2551 3003 66 35 only
2641 3012 45 18 suc-

2066 3039 112 38 ceeding
2189 3040 30 29 in
2231 3040 152 38 producing
2404 3050 17 19 a
2434 3039 157 38 something
2603 3041 29 27 in
2655 3049 30 28 ap-

2066 3088 142 26 pearance,
2230 3084 79 28 taste,
2331 3080 55 27 and
2406 3079 111 35 weight,
2540 3079 54 28 like
2616 3089 16 17 a
2654 3088 52 18 sun

2067 3115 75 26 dried
2166 3115 84 32 brick,
2271 3124 56 18 was
2350 3115 108 34 enough
2481 3120 28 22 to
2531 3115 79 34 bring
2634 3119 72 22 tears

2067 3152 57 28 into
2144 3155 74 27 ones'
2244 3160 82 29 eyes;
2345 3152 55 30 and
2421 3152 43 30 his
2485 3152 165 37 subsequent
2670 3152 34 29 30

2067 3192 78 27 miles
2159 3195 90 32 tramp
2262 3191 116 29 without
2390 3192 44 28 his
2451 3192 113 35 cheque,
2578 3191 67 28 with
2669 3201 34 17 an

2067 3232 95 32 empty
2175 3228 73 36 belly
2257 3228 55 28 and
2324 3237 17 19 a
2351 3228 76 28 stock
2436 3228 31 28 of
2476 3228 91 36 newly
2575 3228 130 35 acquired

2066 3265 159 37 knowledge
2237 3266 30 29 of
2279 3267 68 28 New
2359 3265 122 30 Zealand
2501 3266 55 29 and
2568 3265 36 30 its
2626 3275 57 20 man-

2067 3314 62 18 ners
2157 3305 56 27 and
2242 3309 121 24 customs
2392 3314 71 19 were
2493 3305 156 34 something
2679 3308 27 25 to

2066 3341 161 31 remember.
2275 3342 63 37 Any
2351 3342 62 29 how
2426 3343 60 28 that
2510 3342 85 29 house
2608 3343 96 28 wasn't

2067 3381 118 27 finished
2204 3380 82 28 when
2307 3381 16 27 I
2343 3381 48 28 left
2413 3381 47 28 the
2482 3380 223 35 neighbourhood

2067 3418 55 29 and
2135 3417 13 29 I
2162 3419 125 37 question
2299 3418 23 28 if
2331 3418 21 28 it
2365 3418 24 28 is
2402 3427 69 19 even
2484 3427 71 21 now.

2284 3467 72 29 Gold
2367 3467 122 36 Mining.

2101 3514 58 29 One
2171 3514 30 29 of
2210 3513 46 29 the
2269 3517 72 26 most
2354 3515 126 35 genuine,
2493 3514 32 36 (if
2534 3517 49 26 not
2596 3517 72 25 most
2679 3514 29 28 of

2067 3551 46 29 the
2126 3555 72 25 most
2211 3552 31 27 of
2251 3551 46 36 all)
2312 3552 146 27 industries
2470 3551 28 28 in
2511 3552 46 27 the
2571 3552 104 35 Colony
2682 3552 24 27 is

2067 3590 63 37 gold
2143 3591 123 37 mining;
2285 3595 28 25 at
2336 3600 54 28 any
2401 3595 59 25 rate
2474 3590 15 29 I
2508 3590 70 29 have
2601 3590 104 37 always

2068 3630 118 34 thought
2198 3638 38 19 so.
2273 3629 63 28 And
2349 3630 21 27 it
2382 3631 24 26 is
2419 3638 51 19 one
2479 3629 90 28 which
2580 3629 64 28 does
2654 3633 49 24 not

2067 3667 104 29 receive
2186 3667 135 37 anything
2333 3667 54 29 like
2395 3667 47 29 the
2456 3671 116 25 amount
2583 3667 30 29 of
2622 3675 65 19 coun-

2067 3711 114 23 tenance
2206 3705 55 28 and
2282 3710 113 32 support
2419 3706 71 28 from
2515 3705 47 29 the
2585 3706 102 27 Govern-

2068 3746 77 26 ment
2158 3744 60 28 that
2230 3744 22 28 it
2265 3743 132 29 deserves.
2434 3744 71 27 lam
2515 3744 54 27 free
2579 3747 27 25 to
2616 3743 87 28 admit

2068 3782 60 30 that
2140 3792 16 20 a
2166 3786 76 33 great
2252 3782 60 29 doal
2323 3782 30 29 of
2362 3782 91 37 public
2463 3791 101 27 money
2574 3781 51 30 has
2635 3781 68 29 been

2067 3825 89 32 spent,
2169 3825 73 24 most
2250 3821 30 28 of
2289 3821 22 28 it
2324 3821 127 35 foolishly
2460 3821 29 27 in
2500 3821 203 34 endeavouring

2068 3864 27 23 to
2119 3858 84 29 foster
2221 3858 117 36 mining,
2357 3858 50 28 but
2424 3858 77 28 there
2519 3858 24 27 is
2561 3866 15 19 a
2596 3860 57 25 sort
2678 3858 30 27 of

2067 3896 108 36 fatality
2200 3896 83 28 about
2308 3899 187 25 Government
2520 3904 110 28 money.
2682 3895 24 27 A

2068 3935 61 29 well
2151 3934 136 35 managed
2308 3943 137 26 company
2469 3943 51 19 can
2545 3934 81 27 make
2653 3943 50 19 one

2067 3972 93 39 pound
2184 3981 34 28 go
2242 3982 30 19 as
2295 3971 43 29 far
2350 3981 29 20 as
2392 3972 77 29 three
2480 3971 82 30 when
2574 3972 79 36 spent
2665 3970 36 38 by

2069 4012 195 27 Government.
2311 4011 58 27 The
2392 4011 102 27 Nelson
2516 4011 86 27 Creek
2620 4013 85 25 water

2066 4058 62 20 race
2140 4048 24 29 is
2176 4058 36 19 an
2235 4048 123 37 example
2380 4057 36 19 on
2435 4057 16 20 a
2473 4047 46 37 big
2542 4048 79 27 scale.
2670 4047 35 28 In

2068 4088 80 29 small
2166 4087 92 36 things
2282 4087 139 28 hundreds
2446 4087 80 29 could
2548 4086 33 29 be
2602 4086 100 29 named

2067 4126 48 27 but
2128 4134 52 18 one
2202 4125 56 27 will
2278 4125 101 27 suffice.
2423 4125 74 27 Here
2517 4124 30 27 in
2569 4125 47 27 the
2636 4124 69 27 back

2068 4163 75 38 gully
2156 4162 89 31 where
2258 4162 15 30 I
2293 4172 47 20 am
2352 4171 61 21 now
2435 4162 83 37 doing
2531 4161 40 30 six
2592 4161 113 30 months

2067 4203 70 28 hard
2166 4202 97 28 labour
2285 4202 42 28 for
2351 4212 48 26 my
2425 4202 55 28 sins
2505 4201 22 28 is
2559 4211 15 19 a
2597 4201 107 29 limited

2066 4240 170 37 population.
2284 4240 36 28 At
2345 4249 51 19 one
2421 4239 67 29 time
2514 4238 64 37 they
2602 4239 55 27 had
2684 4248 16 18 a

2066 4279 126 27 minister
2221 4277 31 29 of
2284 4278 47 28 the
2367 4277 97 29 Crown
2501 4286 30 19 as
2560 4277 73 28 their
2661 4286 27 19 re-

2066 4316 184 37 presentative
2274 4316 29 27 in
2327 4315 177 28 Parliament.
2548 4315 77 35 They
2646 4314 55 27 had

2066 4353 81 30 voted
2159 4353 41 30 for
2213 4353 59 29 him
2285 4358 28 25 to
2327 4362 15 20 a
2355 4361 84 27 man;
2458 4352 77 31 there
2554 4361 69 20 were
2644 4352 53 29 less

2068 4393 67 28 than
2159 4394 34 27 30
2218 4396 75 24 votes
2311 4392 50 28 but
2384 4392 62 29 that
2469 4391 88 28 didn't
2582 4394 119 29 matter;

2066 4430 66 37 they
2150 4430 55 28 had
2223 4439 17 19 a
2257 4429 123 29 member
2397 4429 30 29 in
2447 4429 47 29 the
2512 4428 108 29 cabinet
2644 4428 55 28 and

2066 4470 67 36 they
2150 4468 56 30 had
2227 4468 97 37 helped
2348 4472 28 26 to
2398 4470 49 35 put
2472 4467 58 29 him
2549 4467 76 30 there
2645 4467 55 29 and

2067 4508 34 28 ho
2126 4511 76 25 must
2221 4507 35 27 do
2280 4506 157 35 something
2460 4506 42 28 for
2524 4506 86 28 them.
2658 4506 45 27 He

2066 4545 172 36 courteously
2246 4543 83 30 asked
2338 4544 76 29 them
2423 4543 74 30 what
2507 4543 65 36 they
2581 4543 120 33 wanted;

2066 4593 75 18 some
2154 4583 109 28 Wanted
2275 4581 80 30 roads
2369 4582 89 32 made,
2472 4591 74 18 more
2559 4581 107 29 wanted
2686 4590 15 19 a

2067 4621 163 30 convenient
2243 4620 75 38 place
2341 4623 28 26 at
2381 4620 91 29 which
2494 4623 27 26 to
2534 4621 45 35 get
2601 4618 101 29 miners

2066 4661 87 37 rights
2166 4660 184 36 registrations
2364 4660 44 28 &c.
2453 4659 59 29 The
2522 4658 134 29 -minister
2674 4660 28 27 in

2067 4699 45 26 his
2133 4699 156 25 endeavour
2312 4701 28 23 to
2362 4698 91 34 please
2477 4696 154 35 everybody
2657 4696 46 26 did

2066 4735 75 29 what
2153 4734 23 29 is
2190 4734 138 36 generally
2341 4734 47 28 the
2400 4742 61 20 case
2471 4733 29 28 in
2511 4733 66 29 such
2587 4736 114 25 matters

2066 4774 126 28 offended
2211 4773 163 36 everybody.
2420 4773 45 27 He
2486 4772 69 28 built
2579 4781 16 19 a
2619 4771 84 29 Court

2067 4813 94 27 house.
2206 4811 66 28 This
2291 4815 133 25 structure
2446 4811 22 27 is
2490 4809 117 29 situated
2632 4810 29 27 in
2686 4819 15 18 a

2067 4849 196 36 commanding
2287 4848 141 33 situation,
2455 4847 24 29 is
2503 4847 96 36 highly
2623 4856 63 19 orna-

2066 4887 114 34 mental,
2194 4887 47 28 but
2255 4887 102 36 utterly
2369 4886 109 28 useless.
2516 4886 28 28 It
2557 4885 49 29 has
2619 4894 83 19 never

2066 4926 68 28 been
2146 4925 67 29 used
2226 4935 29 19 as
2268 4935 16 19 a
2296 4925 85 29 Court
2394 4924 94 30 house.
2524 4923 16 29 I
2554 4922 80 30 think
2653 4923 46 29 the

2066 4964 124 28 member
2209 4964 50 28 has
2280 4963 146 29 adlressed
2452 4963 44 28 his
2519 4963 183 27 constituents

2067 5006 27 25 to
2113 5002 47 28 the
2181 5001 116 29 number
2317 5001 30 28 of
2363 5009 81 19 seven
2468 5009 68 19 once
2562 4999 53 28 and
2639 5000 64 27 nine

2066 5041 117 27 another
2202 5040 67 28 time
2289 5049 37 18 on
2347 5039 91 36 public
2459 5042 124 29 matters,
2598 5037 49 29 but
2668 5047 35 18 no

2066 5087 62 18 case
2146 5077 51 28 has
2220 5086 63 19 ever
2308 5077 70 27 been
2394 5076 86 27 heard
2504 5076 85 32 there,
2602 5075 56 28 and
2682 5075 22 28 it

2067 5115 95 28 stands
2179 5116 28 27 in
2227 5114 115 37 solitary
2360 5114 136 36 grandeur
2517 5122 30 19 a3
2569 5122 16 19 a
2604 5121 78 20 monu-

2068 5156 75 25 ment
2156 5154 30 27 of
2229 5153 63 28 how
2305 5157 48 24 not
2365 5157 29 23 to
2407 5152 34 28 do

2103 5192 69 29 Now
2184 5191 77 28 there
2274 5191 23 28 is
2311 5200 16 19 a
2339 5190 69 38 good
2422 5189 60 29 deal
2496 5189 29 29 of
2543 5189 67 28 false
2623 5189 67 28 senti-

2068 5235 76 24 ment
2163 5229 55 29 and
2235 5229 85 36 bogus
2339 5228 148 38 sympathy
2505 5227 144 37 expressed
2666 5228 41 27 for

2069 5269 46 27 the
2129 5276 66 28 poor
2212 5268 94 34 digger
2317 5266 37 36 by
2376 5266 155 36 politicians
2544 5266 30 28 of
2593 5266 47 28 the
2663 5266 43 26 Sir

2070 5306 105 36 George
2188 5305 74 37 Grey
2275 5304 55 29 and
2342 5304 119 30 Vincent
2475 5303 74 37 Pyke
2563 5306 56 26 sort
2639 5302 67 30 with

2069 5348 105 33 respect
2186 5347 28 25 to
2226 5344 48 28 the
2286 5347 94 33 export
2393 5343 68 35 duty
2473 5342 30 28 of
2521 5341 28 38 2/
2562 5351 47 26 per
2621 5350 85 20 ounce

2070 5393 36 19 on
2119 5382 72 37 gold.
2236 5382 15 27 I
2265 5381 124 29 consider
2401 5381 22 28 it
2443 5389 51 20 one
2507 5380 29 28 of
2556 5380 46 28 the
2615 5379 93 28 fairest

2071 5421 30 27 of
2111 5425 84 27 taxes,
2208 5419 55 28 and
2275 5419 41 28 for
2329 5428 66 26 very
2408 5418 125 36 palpable
2546 5425 127 25 reasons;
2692 5426 16 18 a

2071 5467 64 20 man
2148 5457 61 29 who
2223 5459 59 35 gets
2294 5465 36 20 on
2343 5455 64 37 gold
2420 5456 23 28 is
2456 5455 61 28 well
2530 5454 61 29 oble
2613 5457 28 26 to
2654 5462 54 30 pay

2072 5498 46 29 the
2132 5496 69 36 duty
2212 5504 7 26 ;
2238 5496 23 29 it
2273 5497 23 26 is
2309 5504 16 19 a
2338 5499 46 25 tax
2396 5494 91 28 which
2500 5497 72 25 costs
2593 5493 117 36 nothing

2071 5537 28 26 to
2130 5534 113 33 collect;
2279 5532 48 30 the
2362 5532 128 37 proceeds
2525 5541 45 19 are
2601 5532 107 35 County

2071 5581 119 26 reyenue
2203 5571 54 29 and
2271 5580 45 20 are
2335 5570 135 30 therefore
2492 5569 109 29 utilised
2615 5570 28 28 in
2663 5570 47 28 the

2073 5610 106 28 district
2191 5610 41 27 for
2244 5609 46 29 the
2308 5608 102 28 benefit
2428 5608 30 28 of
2475 5608 78 28 those
2575 5608 62 28 who
2656 5616 54 27 pay

2073 5649 47 27 the
2144 5647 77 36 duty.
2257 5646 87 29 These
2363 5646 53 29 and
2435 5645 78 29 other
2530 5654 111 19 reasons
2661 5654 45 19 are

2074 5685 134 29 sufficient
2221 5689 28 24 to
2262 5694 49 26 my
2323 5685 79 28 mind
2415 5684 41 28 for
2469 5684 46 29 the
2528 5683 136 29 retention
2684 5683 29 28 of

2073 5725 30 28 it.
2147 5722 87 29 There
2257 5722 24 29 is
2294 5732 36 19 no
2352 5722 124 38 question
2494 5722 83 28 about
2598 5722 47 28 the
2664 5730 30 20 ne-

2075 5763 98 35 cessity
2192 5762 30 27 of
2243 5761 119 36 opening
2380 5770 37 26 up
2436 5770 60 18 new
2515 5760 79 29 roads
2613 5763 27 26 to
2663 5770 30 18 en-

2075 5809 115 26 courage
2214 5800 108 35 miniug
2352 5799 172 36 enterprises,
2550 5807 75 19 more
2650 5807 45 28 par-

2736 215 126 36 ticularly
2875 217 27 26 in
2925 218 46 26 the
2993 217 130 28 direction
3139 219 29 26 of
3187 221 181 31 prospecting.

2734 251 27 28 It
2773 251 22 29 is
2810 262 15 18 a
2839 259 99 23 matter
2950 255 30 27 of
2989 255 78 28 sheer
3080 255 191 37 impossibility
3285 257 27 24 to
3321 257 45 30 get

2733 289 118 35 through
2878 292 45 28 the
2948 293 81 28 dense
3055 292 192 38 undergrowth
3272 293 28 27 in
3323 292 46 28 the

2733 327 67 29 New
2814 329 119 29 Zealaud
2947 331 67 28 bush
3029 332 66 28 with
3110 342 15 18 a
3138 341 74 26 swag
3224 339 144 25 necessary

2732 365 41 28 for
2785 377 16 17 a
2811 377 65 18 man
2891 374 27 22 to
2931 374 140 31 prospect;
3091 381 29 17 as
3133 370 41 28 for
3187 368 68 38 pack
3275 368 94 28 horses

2732 403 82 36 doing
2827 405 45 27 the
2893 407 75 26 work
2990 417 30 17 as
3032 408 66 35 they
3117 417 49 17 can
3178 407 30 26 in
3229 407 47 26 the
3298 415 70 26 open

2731 439 69 30 bush
2823 441 27 29 in
2864 443 137 30 Australia
3022 445 23 29 is
3072 455 30 19 as
3121 445 37 28 all
3182 444 30 29 of
3234 453 31 20 us
3287 443 81 29 know

2732 480 76 28 futile
2833 486 27 23 to
2884 487 126 32 attempt.
3064 485 56 27 But
3147 485 46 26 the
3218 492 148 19 enormous

2731 517 140 31 unknown
2900 523 82 26 tracts
3012 521 31 28 of
3069 521 150 29 auriferous
3250 523 116 33 country

2731 555 100 30 known
2844 561 27 25 to
2884 558 69 30 exist
2974 569 36 19 on
3028 560 46 29 the
3095 560 77 29 West
3184 559 83 29 Coast
3287 558 81 29 could

2732 593 36 36 by
2797 603 96 21 means
2923 597 30 28 of
2985 598 82 37 sheep
3101 598 70 37 pack
3206 596 92 30 tracks
3335 596 32 28 be

2731 631 129 30 rendered
2874 633 144 31 accessible
3031 635 67 29 with
3106 636 47 28 the
3165 635 162 38 probability
3337 634 31 29 of

2731 671 135 28 extensive
2879 681 59 18 new
2951 673 78 28 fields
3039 673 80 35 being
3132 673 106 36 opened
3248 682 46 26 up.

2764 706 123 30 Another
2895 709 76 36 point
2983 710 29 28 in
3024 710 90 29 which
3127 711 15 27 I
3152 709 80 30 think
3238 711 112 26 reforma-

2730 743 57 29 tion
2812 746 79 28 could
2916 746 32 28 be
2972 748 81 27 made
3077 749 23 28 is
3124 749 28 26 in
3172 758 76 18 some
3266 747 31 28 of
3319 748 47 27 the

2731 781 106 37 mining
2849 784 165 33 regulations
3027 795 30 19 as
3069 785 111 37 regards
3189 786 96 28 leases.
3321 785 42 28 On

2730 829 15 19 a
2758 830 59 19 new
2831 821 63 29 field
2905 823 75 29 there
2992 824 86 36 ought
3097 829 28 25 to
3138 824 33 30 be
3192 834 76 19 some
3290 833 76 19 more

2730 857 102 29 lenient
2844 860 112 36 charges
2968 862 66 27 than
3058 862 78 28 those
3156 871 61 19 now
3240 862 125 35 existing.

2730 895 54 29 For
2801 901 123 26 instance
2946 907 17 21 a
2988 899 90 30 miner
3102 900 92 29 whose
3217 899 75 37 right
3316 899 50 29 has

2729 934 110 37 already
2853 941 58 24 cost
2920 937 58 29 him
2992 939 48 33 £l,
3053 938 65 36 will,
3131 939 24 28 if
3172 940 34 27 he
3220 939 100 28 desires
3337 943 29 24 to

2729 972 61 27 take
2803 981 36 26 up
2861 982 15 18 a
2890 974 80 34 lease,
2984 976 70 27 have
3075 981 29 22 to
3117 986 55 26 pay
3184 986 16 17 a
3213 976 105 35 deposit
3339 976 27 26 of

2732 1009 55 27 £l2
2801 1010 43 35 15/
2863 1011 54 28 and
2935 1021 16 19 a
2969 1013 88 29 rental
3079 1013 31 29 of
3128 1015 55 27 ±l6
3204 1013 44 36 10/
3266 1013 42 28 for
3320 1012 45 29 the

2730 1047 127 37 ordinary
2869 1058 61 19 area
2944 1052 29 26 of
2983 1060 16 20 a
3011 1051 82 29 lease-
3130 1052 67 28 This
3210 1055 116 25 amount
3339 1052 22 26 is

2730 1094 15 19 a
2751 1085 69 29 trifle
2830 1087 68 28 after
2904 1089 46 27 the
2957 1090 105 35 ground
3071 1090 48 28 has
3126 1090 68 28 been
3205 1090 157 35 developed,

2730 1132 16 18 a
2769 1133 135 27 company
2928 1126 114 34 formed,
3061 1128 161 35 machinery
3247 1127 116 32 erected,

2730 1160 54 27 and
2809 1160 142 30 dividends
2975 1163 140 30 declared:
3145 1164 50 28 but
3219 1164 76 28 there
3318 1173 45 18 are

2730 1198 135 30 fortunate
2887 1202 191 30 eventualities
3099 1203 90 30 which
3212 1212 45 20 are
3271 1202 36 38 by
3328 1212 37 19 no

2730 1246 96 20 means
2839 1242 154 27 oertainties
3006 1247 28 23 to
3056 1242 46 29 the
3123 1242 153 28 individual
3299 1242 63 28 who

2730 1274 49 28 has
2792 1280 27 23 to
2833 1285 53 26 pay
2900 1279 56 27 ±'29
2970 1279 44 36 10/
3026 1280 42 27 for
3081 1280 47 28 the
3138 1281 60 27 first
3207 1282 88 33 year's
3309 1279 54 29 fees

2730 1315 27 24 to
2770 1312 64 28 hold
2856 1315 46 27 the
2915 1316 112 35 ground.
3065 1317 14 27 I
3099 1317 80 28 think
3200 1318 47 28 the
3259 1318 90 35 regula-

2731 1349 71 30 tions
2815 1357 101 24 cannot
2935 1353 32 28 be
2990 1358 45 26 too
3048 1360 133 32 stringent
3194 1358 28 26 to
3248 1358 114 35 preveut

2730 1387 92 30 blocks
2841 1391 30 28 of
2884 1392 150 29 auriferous
3057 1394 106 34 ground
3187 1394 72 29 from
3285 1394 80 36 being

2730 1426 64 29 held
2818 1428 42 29 for
2884 1439 74 20 mere
2984 1431 200 37 speculations;
3214 1432 49 29 but
3287 1433 76 28 there

2730 1466 85 35 ought
2833 1471 28 24 to
2879 1467 33 28 be
2932 1478 74 19 more
3024 1470 97 28 liberal
3144 1471 153 35 provisions
3323 1472 41 26 for

2730 1503 118 38 genuine
2869 1506 172 38 prospecting
3065 1517 37 20 on
3130 1518 60 21 new
3210 1508 87 31 fields.
3346 1509 15 29 I

2730 1543 98 28 should
2841 1544 55 27 like
2905 1555 75 18 some
2991 1548 29 25 of
3028 1557 69 24 your
3105 1548 69 28 local
3183 1550 109 25 readers
3302 1550 62 26 who

2730 1588 45 19 are
2787 1580 146 31 interested
2946 1583 29 28 in
2988 1583 76 29 these
3079 1588 113 26 matters
3202 1588 28 26 to
3240 1584 123 39 amplyfy

2730 1617 55 28 this
2798 1618 112 36 subject.

2948 1666 25 29 A
2987 1666 73 30 hard
3072 1677 70 20 case.

2764 1712 59 29 The
2836 1713 124 36 diggings
2981 1715 70 28 have
3072 1716 102 36 always
3187 1717 69 28 been
3271 1727 17 18 a
3310 1717 55 28 fine

2730 1750 63 28 field
2809 1751 41 27 for
2863 1752 46 27 the
2921 1751 86 37 shady
3020 1753 56 28 side
3088 1753 30 28 of
3131 1754 106 28 human
3249 1759 98 24 nature
3358 1764 6 19 :

2731 1789 58 29 One
2803 1793 86 25 meets
2902 1789 36 29 all
2949 1795 70 25 sorts
3028 1790 55 30 and
3094 1792 153 30 conditions
3260 1793 30 29 of
3300 1803 63 19 men

2730 1827 86 34 there,
2831 1829 54 29 and
2899 1833 128 33 amongst
3047 1830 78 29 them
3145 1841 46 19 are
3203 1840 76 22 some
3300 1842 66 27 very

2730 1866 69 28 hard
2812 1876 85 18 caseg.
2934 1867 60 27 One
3006 1867 30 28 of
3055 1868 76 28 these
3144 1869 90 36 horny
3255 1870 110 28 handed

2730 1913 64 20 sons
2806 1903 30 30 of
2854 1904 50 30 toil
2921 1905 16 28 I
2958 1904 175 31 interviewed
3153 1907 48 29 the
3214 1907 78 29 other
3312 1908 53 36 day

2730 1943 54 28 and
2798 1943 34 29 he
2853 1944 92 28 struck
2958 1953 45 20 me
3015 1954 31 18 as
3058 1944 81 35 being
3151 1955 17 19 a
3191 1946 68 28 little
3272 1950 48 24 out
3340 1946 29 28 of

2730 1981 47 28 the
2808 1990 138 19 common.
3001 1982 45 27 He
3076 1983 23 28 is
3128 1983 103 28 known
3260 1993 31 19 as
3321 1984 45 28 the

2730 2019 158 30 Honorable
2900 2018 86 34 John,
3000 2020 55 29 and
3065 2021 97 29 claims
3174 2025 29 25 to
3215 2022 32 29 be
3257 2032 15 18 a
3283 2023 85 28 direct

2730 2058 83 27 lineal
2838 2058 167 29 descendant
3029 2059 30 28 of
3081 2059 47 29 the
3151 2063 78 33 great
3252 2061 67 26 Earl
3340 2061 30 27 of

2731 2095 135 30 Warwick
2880 2096 46 29 the
2942 2096 68 38 king
3029 2096 105 30 maker.
3180 2098 58 29 The
3257 2098 90 29 Honor-

2730 2134 59 28 able
2810 2135 74 27 John
2906 2135 88 29 under
3014 2136 118 35 existing
3153 2137 212 28 circumstances

2730 2171 50 28 has
2793 2171 137 36 anything
2940 2172 49 28 but
3011 2181 36 19 an
3067 2173 169 29 aristocratic
3255 2183 96 28 appear-

2730 2219 66 20 ance
2818 2209 82 30 about
2922 2210 68 30 him.
3037 2211 16 29 I
3074 2221 57 19 was
3156 2211 160 31 introduced
3340 2216 28 26 to

2730 2249 58 27 him
2803 2248 71 29 after
2885 2249 48 28 the
2953 2249 79 36 day's
3051 2249 77 28 work
3149 2259 56 19 was
3226 2259 74 23 over,
3313 2252 55 27 and

2730 2286 34 29 he
2778 2286 56 29 had
2846 2296 17 20 a
2878 2286 52 30 few
2952 2287 207 38 pennyweights
3180 2287 32 30 of
3228 2288 65 37 gold
3314 2289 54 29 and

2730 2334 56 19 was
2815 2325 115 35 making
2958 2335 17 18 a
3005 2326 102 36 splash.
3161 2327 55 27 His
3246 2331 122 24 costume

2731 2362 91 30 would
2846 2362 71 31 have
2937 2362 142 39 disgraced
3100 2374 16 19 a
3135 2373 157 27 scarecrow,
3314 2364 52 30 and

2731 2401 151 39 bankrupts
2912 2413 49 27 my
2991 2402 162 38 descriptive
3189 2414 114 27 powers,
3331 2405 24 28 al-

2731 2441 105 35 though
2856 2441 48 28 the
2916 2446 139 31 garments
3070 2451 70 19 were
3152 2442 61 28 faw.
3258 2444 44 26 An
3315 2444 54 27 odd

2731 2477 60 36 pair
2802 2477 30 29 of
2842 2477 78 29 boots
2931 2479 70 28 with
3013 2482 59 25 toes
3084 2482 66 31 out;
3169 2479 44 28 his
3224 2480 145 36 p=ints;had

2730 2515 69 30 been
2821 2515 76 30 what
2918 2526 46 19 are
2985 2516 103 29 known
3109 2520 28 25 to
3154 2517 47 29 the
3215 2519 53 28 soft
3286 2519 84 35 goods

2731 2553 76 29 trade
2820 2563 31 20 as
2870 2553 110 38 printed
2999 2555 97 34 moles,
3108 2554 50 30 but
3180 2556 47 28 the
3249 2557 121 35 printing

2731 2591 55 29 had
2808 2592 70 28 been
2898 2592 164 36 superseded
3083 2593 38 36 by
3142 2593 62 36 clay
3217 2593 56 29 and
3294 2595 76 26 there

2731 2640 70 19 were
2815 2639 76 21 more
2903 2630 78 30 holes
2992 2630 70 30 than
3075 2631 105 36 moles;
3201 2642 16 19 a
3224 2633 146 29 crownless

2732 2668 48 29 hat
2794 2668 54 29 and
2862 2679 15 19 a
2888 2674 61 24 coat
2951 2670 76 29 —Oh
3041 2679 33 28 ye
3085 2670 66 36 gods
3163 2671 6 28 !
3189 2671 75 28 what
3274 2680 16 19 a
3299 2676 69 23 coat.

2732 2707 28 29 It
2776 2707 55 28 had
2855 2707 69 29 been
2937 2717 17 20 a
2967 2708 85 37 Paget
3064 2707 30 29 in
3106 2709 36 28 its
3154 2710 68 28 time
3240 2709 50 29 but
3308 2709 62 28 who

2732 2754 56 19 was
2796 2745 47 28 the
2851 2746 115 36 original
2975 2755 92 20 owner
3075 2756 69 19 even
3156 2747 47 28 the
3211 2747 159 29 Honorable

2731 2783 75 28 John
2819 2783 123 31 could'nt
2961 2793 58 28 say.
3062 2784 29 30 It
3111 2785 54 29 had
3187 2795 16 19 a
3214 2785 105 38 history
3340 2795 30 21 so

2731 2825 41 25 tar
2784 2832 31 19 as
2827 2822 36 28 he
2876 2822 80 30 knew
2968 2823 89 29 which
3069 2823 68 29 with
3149 2833 66 27 very
3227 2825 72 28 little
3311 2834 43 27 per-

2732 2861 110 26 suasion
2855 2860 34 28 he
2902 2860 113 29 retailed
3025 2865 29 24 to
3064 2870 54 19 me.
3154 2862 45 27 He
3208 2862 55 28 had
3273 2863 97 28 visited

2735 2897 100 29 Nelson
2842 2907 76 20 some
2928 2899 112 28 months
3045 2898 91 30 before
3141 2900 55 28 and
3203 2899 55 29 had
3267 2901 103 28 started

2732 2945 36 18 on
2781 2945 16 18 a
2807 2936 62 36 fifty
2881 2936 66 29 mile
2958 2940 93 33 tramp
3066 2937 69 28 dead
3149 2936 91 35 broke,
3253 2940 118 27 without

2733 2983 16 18 a
2762 2976 62 25 coat
2841 2979 28 23 to
2890 2973 43 29 his
2954 2974 78 34 back,
3045 2973 61 39 but'
3113 2974 67 28 with
3202 2985 66 26 very
3286 2976 84 36 lively

2733 3020 136 27 compauy
2880 3011 30 27 in
2922 3011 45 28 the
2978 3012 84 36 shape
3072 3013 30 26 of
3112 3021 16 18 a
3138 3013 32 26 fit
3179 3013 29 26 of
3218 3013 47 28 the
3311 3014 60 27 Jim

2729 3048 49 36 jaw
2865 3048 96 30 Before
2971 3049 35 29 he
3019 3049 114 30 reached
3147 3050 103 28 Nelson
3264 3051 34 28 he
3325 3051 45 28 fell

2732 3089 29 24 in
2773 3087 68 27 with
2854 3097 17 17 a
2883 3093 80 30 party
2982 3088 69 27 with
3072 3098 16 17 a
3109 3089 104 34 cheque
3232 3091 63 26 who
3315 3099 56 17 was

2733 3122 138 37 knocking
2894 3125 22 26 it
2944 3124 80 27 down
3053 3124 55 27 and
3133 3125 45 26 the
3212 3126 158 27 Honorable

2735 3160 74 29 John
2819 3161 93 37 joined
2926 3161 29 29 in
2968 3166 28 24 to
3008 3161 80 29 assist
3109 3162 28 28 in
3151 3162 45 28 the
3217 3163 149 38 operation,

2737 3199 54 28 and
2804 3200 166 35 thoroughly
2982 3201 115 35 enjoyed
3118 3201 112 27 himself
3248 3202 82 28 wlrle
3349 3203 22 26 it

2734 3235 97 28 lasted.
2869 3237 45 28 He
2926 3237 108 28 arrived
3055 3237 30 29 in
3097 3242 73 24 town
3184 3247 51 20 one
3254 3241 117 33 evening

2736 3274 54 28 and
2802 3274 115 38 hearing
2929 3276 87 29 music
3037 3275 30 29 in
3080 3286 17 19 a
3118 3275 125 38 building
3264 3277 106 30 walked

2733 3312 30 28 in
2784 3313 54 27 and
2861 3313 86 28 found
2968 3314 114 28 himself
3102 3314 30 28 in
3155 3315 48 28 the
3230 3315 140 28 Salvation

2734 3359 79 28 army
2825 3350 137 30 barracks.
2999 3351 46 29 He
3057 3357 72 25 went
3141 3352 73 37 right
3227 3362 38 28 up
3276 3355 41 27 to;
3325 3354 46 28 the

2733 3389 73 27 front
2819 3394 72 22 seats
2912 3389 54 28 and
2978 3390 56 27 had
3053 3395 49 24 not
3123 3390 69 28 been
3214 3392 65 34 long
3297 3391 74 27 there

2734 3425 81 30 when
2829 3426 46 29 the
2896 3427 75 37 eagle
2994 3436 50 28 eye
3062 3427 31 29 of
3109 3436 50 21 one
3173 3428 30 29 of
3224 3429 47 29 the
3292 3438 79 28 army

2733 3465 101 37 caught
2846 3465 74 37 sight
2933 3466 30 29 of
2973 3466 68 34 him,
3050 3467 54 29 and
3116 3467 141 38 evidently
3271 3468 99 37 judged

2733 3504 60 29 him
2811 3509 28 24 to
2864 3505 31 28 be
2920 3514 16 19 a
2954 3505 152 37 promising
3125 3510 120 30 convert,
3259 3507 55 28 and
3336 3508 34 27 he

2733 3542 153 36 charitably
2911 3543 123 28 divested
3058 3544 114 27 himself
3191 3545 30 27 of
3241 3545 44 27 his
3309 3554 61 18 own

2733 3582 63 27 coat
2814 3580 56 29 and
2893 3583 49 34 put
2954 3581 23 28 it
2989 3590 36 20 on
3038 3580 47 31 the
3097 3582 162 30 Honorable
3271 3582 99 31 John's

2733 3618 77 29 back.
2847 3619 67 29 This
2932 3630 57 18 was
3001 3630 16 18 a
3030 3620 70 36 good
3122 3625 69 25 start
3211 3622 41 28 for
3268 3622 35 28 he
3316 3622 54 28 had

2733 3656 56 29 had
2801 3666 17 19 a
2831 3657 69 36 good
2913 3667 77 28 spree
3003 3658 54 28 and
3071 3668 56 19 was
3137 3669 62 19 now
3212 3660 30 28 in
3251 3669 104 28 possess-

2733 3695 47 28 ion
2793 3695 31 28 of
2832 3700 27 23 at
2872 3695 70 30 least
2954 3706 52 18 one
3018 3696 99 30 decent
3125 3702 135 31 garment.
3297 3698 74 28 Next

2733 3733 137 37 morning,
2883 3734 102 37 feeling
2996 3735 109 36 thirsty,
3119 3735 35 28 he
3165 3739 57 25 cast
3235 3736 83 28 about
3330 3736 41 28 for

2733 3771 47 29 the
2793 3771 186 31 wherewithal
2999 3776 28 27 to
3048 3773 70 30 raise
3130 3783 17 19 a
3168 3773 80 30 drink
3260 3775 55 28 and
3328 3775 43 29 his

2733 3811 65 36 only
2811 3811 141 29 realisable
2965 3817 72 24 asset
3054 3813 83 35 being
3158 3813 47 29 the
3228 3814 142 29 Salvation

2733 3857 80 27 army
2826 3852 70 31 coat,
2909 3850 55 27 and
2977 3850 76 27 there
3066 3850 79 34 being
3158 3860 37 19 no
3207 3860 81 27 pawn
3302 3852 68 36 shop

2732 3887 29 27 in
2775 3886 46 29 the
2843 3886 75 37 place
2930 3891 73 25 most
3017 3897 64 19 men
3104 3888 92 29 would
3211 3889 69 28 have
3302 3889 68 29 been

2733 3928 28 24 at
2774 3934 16 18 a
2802 3925 54 27 loss
2868 3925 63 28 how
2943 3930 28 24 to
2985 3926 131 36 go-about
3128 3926 46 30 the
3192 3928 178 28 transaction.

2733 3963 56 27 But
2802 3961 35 29 he
2858 3971 58 20 was
2935 3963 80 37 equal
3037 3966 28 26 to
3078 3964 47 29 the
3146 3964 135 30 occasion.
3325 3966 45 29 He

2732 4001 84 28 found
2841 4011 16 18 a
2878 4001 114 36 Johnny
3013 4002 37 28 all
3071 4006 79 30 sorts,
3163 4003 63 29 who
3247 4004 74 29 dealt
3341 4006 29 27 in

2732 4038 170 36 everything,
2916 4039 55 27 and
2984 4039 69 28 after
3065 4049 77 19 some
3154 4042 169 34 negotiation
3333 4043 35 28 he

2732 4076 148 31 succeeded
2892 4077 30 30 in
2934 4077 142 39 swapping
3095 4077 47 32 the
3156 4079 141 30 Salvation
3310 4084 61 27 coat

2732 4115 41 27 for
2785 4116 46 26 the
2843 4125 49 26 rag
2902 4116 35 28 he
2948 4126 63 18 now
3023 4126 85 18 wears
3121 4118 55 26 and
3187 4117 30 37 4/
3229 4123 29 23 to
3270 4119 73 28 boot.

2767 4152 67 29 This
2847 4153 151 29 individual
3018 4153 55 30 like
3090 4163 85 29 many
3196 4164 76 21 more
3295 4158 75 28 ne'er

2731 4192 35 29 do
2779 4192 76 28 wells
2868 4192 29 29 in
2911 4192 45 29 the
2965 4192 106 38 Colony
3081 4203 56 19 was
3145 4204 16 19 a
3207 4196 163 29 remittance

2827 4231 58 27 —is
2898 4239 62 19 now
2973 4231 15 27 I
3000 4231 112 34 believe,
3126 4232 51 28 has
3188 4241 37 19 no
3247 4234 69 28 wish
3341 4238 29 25 to

2732 4267 82 33 work,
2828 4276 37 20 no
2878 4268 133 29 ambition
3024 4268 109 37 beyond
3151 4271 106 36 getting
3278 4272 91 29 drunk

2731 4315 30 18 as
2774 4305 75 28 often
2871 4306 50 27 has
2933 4306 35 28 he
2989 4316 61 24 can,
3062 4316 36 19 no
3116 4308 54 28 self
3189 4313 113 32 respect,
3314 4311 55 27 and

2731 4343 79 28 when
2832 4347 49 26 out
2902 4343 27 29 of
2952 4352 111 29 money,
3085 4347 48 27 out
3156 4345 31 30 of
3206 4347 94 35 credit,
3315 4349 54 28 and

2731 4392 35 18 an
2779 4386 107 25 outcast
2898 4382 72 29 from
2981 4384 173 34 everywhere
3166 4385 36 28 he
3213 4385 112 30 buckles
3338 4391 28 25 to

2730 4419 29 27 in
2772 4429 76 19 some
2861 4420 109 28 worked
2984 4424 48 24 out
3041 4422 77 35 gully
3136 4422 56 28 and
3210 4424 71 28 from
3290 4425 80 28 sheer

2731 4458 172 38 compulsion
2931 4458 113 30 fossicks
3067 4463 49 27 out
3137 4469 17 21 a
3174 4462 196 38 pennyweight

2730 4506 31 19 or
2779 4502 53 24 two
2845 4501 28 25 to
2986 4498 72 36 body
3079 4499 56 28 and
3156 4501 60 27 soul
3236 4502 132 35 together.

2730 4535 45 27 He
2785 4535 50 28 has
2848 4544 76 19 some
2937 4535 57 28 dim
3013 4537 116 36 vestiges
3142 4537 31 29 of
3191 4537 88 31 better
3300 4540 69 37 days

2730 4582 29 18 m
2769 4573 43 28 his
2833 4582 118 19 manner
2971 4574 54 28 and
3045 4575 97 35 speech
3163 4579 29 26 at
3206 4577 91 33 times,
3322 4578 48 28 but

2730 4612 22 26 is
2774 4614 30 25 at
2824 4610 59 29 best
2907 4620 16 19 a
2944 4610 103 30 forlorn
3066 4613 99 28 wreck.
3208 4614 65 29 And
3292 4615 36 30 he
3346 4617 24 28 is

2730 4649 66 37 only
2809 4659 51 20 one
2873 4649 28 30 of
2913 4649 140 31 hundreds
3065 4651 28 29 in
3104 4652 47 30 the
3166 4652 127 31 Colonies
3305 4654 64 31 who

2730 4688 70 27 have
2824 4688 67 28 been
3034 4693 49 26 out
3105 4697 30 21 to
3164 4692 88 27 better
3280 4693 71 28 them-

2749 4800 222 35 (Continuation
2984 4801 35 37 of
3032 4802 91 33 Ncivs,
3136 4812 42 18 see
3190 4804 50 28 4th
3251 4804 100 36 Page.)

1296 65 115 41 THE
1468 69 183 39 LYELL
1705 70 184 49 TIMES,
1945 73 307 46 SATURDAY,
2310 74 263 39 OCTOBER
2625 87 35 35 9,
2710 77 102 39 1886.

257 193 119 31 Public
393 193 150 31 Notices.

81 271 115 39 THE
260 271 220 41 WINTER
534 272 182 42 STOCK

344 344 33 19 AT
396 344 56 20 TIIE

222 381 114 37 NEW
360 382 221 36 ZEALAND

85 433 306 75 Clothing
424 435 295 75 Factory

163 522 272 35 PALMEBSTON
470 524 168 40 STEEET,

300 577 212 36 WESTPORT,

86 624 58 58 IS
158 634 59 19 now
231 624 101 37 replete
342 625 65 29 with
422 636 15 17 a
447 626 84 35 really
541 626 177 37 Magnificent

296 663 172 27 Assortment
482 664 29 26 of

85 698 120 42 Men's,
217 699 140 31 Youths'
370 700 68 30 and
451 700 99 39 Boys'

223 734 313 39 Fashionably-Cut
549 736 169 39 Clothing,

84 772 45 29 Ail
147 772 80 29 made
247 771 70 28 from
339 771 68 29 New
427 772 118 28 Zealand
558 772 87 35 Wool,
660 774 43 27 tho-

245 809 115 37 roughly
374 810 115 33 shrunk,
503 811 54 28 and

83 849 24 28 A
129 849 94 35 Single
235 847 107 28 Article
356 848 67 27 Sold
436 850 30 26 at
478 849 124 36 Factory
614 849 103 28 Prices.

85 927 24 30 A
146 924 141 40 Splendid
321 925 186 32 Assortment
551 926 32 31 of
622 926 96 31 Men's

163 967 125 33 Youths'
318 968 59 31 and
410 968 87 41 Boys'
534 967 186 41 Waterproof

241 1011 149 41 Clothing,
407 1011 40 31 all
457 1011 121 31 marked
589 1011 31 31 in
631 1011 87 31 Plain

320 1056 132 40 Figures,
489 1055 59 32 and
586 1055 71 33 Sold
688 1058 30 30 at

395 1099 127 40 Factory
545 1099 109 30 Prices.

188 1180 235 31 FIRST-CLASS
442 1179 171 30 CUTTERS

85 1220 72 37 Only
170 1230 46 19 are
235 1220 120 37 engaged
376 1220 29 28 in
428 1220 46 28 the
496 1219 85 29 Order
602 1219 97 37 Depart-

312 1261 78 25 ment
402 1260 28 26 at
442 1257 47 29 the

83 1310 89 38 New
191 1308 162 40 Zealand
368 1307 165 54 Clothing
550 1308 163 53 Factory.

84 1411 29 32 A
132 1409 114 41 Single
264 1410 77 33 Suit
357 1410 104 32 Made
485 1411 37 31 to
548 1409 109 33 Older
682 1411 35 31 at

250 1460 146 38 Factory
413 1460 133 31 Prices!

369 1519 55 19 AND

83 1561 167 31 Remember
272 1561 89 31 —All
388 1561 75 31 from
489 1561 50 32 the
561 1561 88 31 finest
674 1570 28 22 se-

82 1604 94 32 lected
191 1605 70 30 New
276 1604 131 31 Zealand
428 1604 95 36 Wool,
539 1604 179 40 thoroughly

83 1647 121 38 shrunk,
221 1647 58 32 and
294 1658 16 21 a
324 1647 114 32 Perfect
453 1647 50 32 Fit
517 1646 199 33 Guaranteed.

153 1730 95 28 Terms
268 1729 110 29 CASH.
414 1730 43 27 No
474 1729 174 28 Abatement.

83 1808 103 36 Agents
216 1807 40 30 for
285 1807 47 30 the
363 1807 160 30 Unrivalled
552 1807 163 31 Wertheim

256 1847 114 27 Sewing
390 1846 153 28 Macaines.

82 1924 81 60 New
194 1923 150 61 Zealand
375 1922 158 77 Clothing
557 1923 156 74 Factory,

118 2008 327 34 PALMERSTON-ST.,
468 2008 212 29 WESTPORT.

172 2084 37 32 T.
228 2083 438 41 BLENNERHASSETT,

281 2126 131 30 Manager
425 2121 138 35 Westport
577 2120 120 28 Branch.

101 2196 356 39 WELCOME
529 2196 167 46 INN,

343 2258 104 31 laell.

195 2354 152 34 ELLEN
376 2353 233 35 WILLIAMS

85 2415 63 28 TN
172 2416 144 34 returning
334 2415 101 29 thanks
452 2415 42 29 for
515 2420 62 32 pact
597 2415 118 32 favours,

85 2461 35 12 -*■
158 2452 64 36 begs
240 2455 27 26 to
288 2452 100 29 inform
405 2453 49 28 her
471 2452 103 29 friends
593 2452 55 28 and
670 2452 46 28 the

85 2490 90 36 public
196 2490 60 29 that
277 2490 48 29 she
349 2491 50 28 has
421 2491 57 37 just
499 2490 154 37 completed
672 2498 29 20 ex-

87 2529 101 27 tensive
207 2528 137 29 additions
367 2530 55 27 and
440 2528 160 29 alterations
620 2532 29 24 to
667 2528 50 28 her

84 2566 142 36 premises,
245 2566 54 29 and
318 2566 47 29 the
387 2568 207 28 accomodation
612 2566 24 29 is
653 2575 63 19 now

301 2605 191 38 unsurpassed.

83 2690 74 35 Ales,
182 2691 103 34 Wines,
308 2692 55 28 and
385 2691 98 37 Spirits
507 2691 30 30 of
559 2690 158 31 First-class

257 2730 113 36 Quality
382 2730 65 35 only
459 2730 73 36 kept.

155 2815 78 28 Good
252 2815 125 35 Stabling
394 2815 253 29 Accommodation.

259 2862 127 29 ELLEN
409 2862 205 34 WILLIAMS,

464 2901 218 27 Proprietress.

2900 4880 137 38 Mining
3054 4880 153 32 Notices.

2735 4962 147 27 UNITED
2895 4962 141 28 ALPINE
3053 4963 149 35 QUARTZ
3223 4965 145 30 MINING

2854 5013 386 39 COMPANY,fiLIMITED.

2735 5115 109 52 rpHE
2875 5116 199 29 ORDINARY
3099 5118 271 31 HALY-YEARLY

2824 5168 179 30 MEETING
3020 5169 31 29 of
3071 5170 198 30 Shareholders
3281 5172 30 29 in
3323 5173 47 29 the

2734 5220 84 29 above
2843 5219 146 39 Company
3019 5221 57 30 will
3106 5222 33 30 he
3168 5223 66 29 held
3264 5228 30 26 at
3322 5225 48 30 the

2734 5271 159 36 Registered
2918 5272 85 29 Office
3027 5273 31 28 of
3079 5274 48 29 the
3157 5275 154 38 Company,
3342 5281 29 25 at

2734 5322 88 37 Lyell,
2835 5332 36 21 on
2890 5323 209 37 SATURDAY,
3113 5326 47 30 the
3180 5327 67 30 30th
3269 5328 55 39 day
3342 5330 32 30 of

2735 5373 312 38 OCTOBER,|IBB6,at
3059 5377 17 28 3
3089 5377 104 31 o'clock
3206 5388 67 28 p.m.

2972 5478 141 32 Business
3121 5489 7 21 :

2805 5529 40 29 To
2867 5531 106 29 receive
3000 5532 149 31 Directors'
3184 5536 104 38 Report
3318 5539 55 28 anl

2874 5583 123 30 Balance
3017 5585 101 36 Sheet;
3137 5588 56 29 and

2806 5634 40 29 To
2859 5634 67 30 elect
2939 5635 139 31 Directors
3090 5638 56 30 and
3163 5640 140 31 Auditors.

3022 5698 123 30 JAMES
3164 5701 142 37 INGLIS,

3199 5755 140 38 Manager.

2775 5798 88 36 Lyell,
2878 5800 64 28 28th
2958 5802 170 36 September,
3142 5807 77 28 1880.

3559 203 136 35 Mining
3722 202 151 29 Notices.

3401 284 146 30 UNITED
3562 281 140 29 ALPINE
3724 281 146 34 QUARTZ
3892 282 140 31 MINING

3520 333 190 31 COMPANY,
3739 333 174 28 LIMITED.

3457 439 21 28 T
3493 449 15 18 a
3532 437 123 37 Meeting
3678 435 29 29 of
3727 435 147 33 Directors,
3890 435 62 29 held
3978 437 54 30 t-bis

3439 474 17 25 L
3492 492 64 34 day,
3576 499 16 19 a
3614 488 194 28 DIVIDEND
3834 489 55 34 (the
3910 490 74 34 27tli)
4005 492 28 27 of

3395 543 76 30 ONE
3504 541 186 30 SHILLING
3713 549 48 28 per
3786 539 80 31 share
3881 540 148 38 (32,000lh)

3394 606 56 19 was
3481 595 80 28 made
3593 594 116 37 payable
3741 597 28 24 at
3795 594 46 27 the
3866 595 165 36 Company's

3395 649 93 32 Office,
3513 646 64 30 Cl'ff
3596 646 96 33 Street,
3712 644 87 38 Lyoll,
3825 655 36 18 on
3885 654 55 20 ana
3964 647 69 28 after

3396 698 211 31 SATURDAY,
3620 697 49 27 9th
3688 696 115 32 instant,
3824 698 46 26 188
3870 698 31 26 G.

3682 752 123 29 JAMES
3825 750 140 36 INGLIS,

3859 804 138 37 Manager.

3429 858 89 30 Lyell,
3533 858 114 26 Octocer
3659 857 59 31 7th,
3732 858 76 26 1886.

3427 941 149 32 VICTOR
3605 940 205 32 EMANUEL
3836 940 161 39 QUARTZ

3413 992 153 32 MINING
3595 992 204 36 COMPANY,
3822 992 188 31 LIMITED.

3413 1107 7 11 1
3441 1099 24 31 T
3481 1110 17 19 a
3523 1098 134 41 Meeting
3678 1098 32 32 of
3728 1098 160 36 Directors,
3904 1098 69 31 held
3994 1109 39 21 on

3427 1148 12 30 L
3483 1149 60 32 this
3558 1150 66 40 day,
3640 1160 18 20 a
3672 1150 106 31 CALL
3794 1149 98 43 (19th)
3907 1150 32 31 of
3951 1150 81 31 ONE

3392 1203 140 32 PENNY
3545 1214 54 31 per
3612 1202 87 33 share
3720 1213 60 22 was
3794 1202 96 37 made,
3906 1202 124 42 payable

3393 1260 31 28 at
3435 1257 50 31 the
3497 1257 160 40 registered
3667 1256 82 33 office
3762 1257 32 32 of
3805 1257 50 31 the
3867 1257 163 40 Company,

3393 1309 72 32 Cliff
3478 1309 107 36 Street,
3596 1309 96 41 Lyell,
3704 1319 38 21 on
3758 1309 271 35 WEDNESDAY,

3392 1362 51 33 the
3460 1362 71 32 13th
3547 1362 57 42 day
3618 1362 32 33 of
3662 1361 199 38 OCTOBER,
3879 1363 86 32 1886.

3643 1415 134 33 JAMES
3794 1416 152 37 INGLIS,

3832 1469 154 40 Manager.

3429 1523 96 42 Lyell,
3543 1523 128 34 October
3685 1523 69 38 2nd,
3772 1525 52 31 188
3824 1525 35 31 G.

3394 1615 80 30 TYR
3490 1613 191 33 CONNELL
3697 1614 163 38 QUARTZ
3878 1614 151 31 MINING

3509 1670 193 33 COMPANY
3721 1670 188 32 LIMITED.

3392 1775 70 83 AT
3484 1786 17 21 a
3516 1775 132 41 Meeting
3662 1776 32 32 of
3714 1776 160 36 Directors,
3891 1776 68 32 Held
3972 1776 59 32 this

3478 1829 64 42 day,
3572 1840 19 22 a
3617 1829 106 33 CALL
3753 1830 103 44 (22ndj
3886 1831 32 32 of
3946 1830 83 33 ONE

3393 1881 262 33 HALF-PENNY
3669 1893 52 30 per
3745 1884 86 30 share
3846 1894 60 20 was
3930 1884 98 35 made,

3392 1933 123 42 payable
3526 1936 31 30 at
3579 1935 50 32 the
3644 1936 159 40 registered
3827 1936 83 33 office
3925 1936 33 33 of
3979 1936 51 32 the

3394 1985 160 43 Company,
3566 1987 70 31 Cliff
3646 1988 106 37 Street,
3765 1989 95 40 Lyell,
3869 2000 40 21 on
3920 1989 82 32 WED-

3393 2038 173 39 NESDAY,
3584 2040 71 32 13th
3670 2042 56 39 day
3741 2042 33 31 of
3785 2043 126 31 October
3923 2043 52 31 188
3975 2043 35 31 G.

3649 2093 133 33 JAMES
3796 2094 154 32 INGLIS.

3837 2147 154 39 Manager.

3432 2194 96 44 Lyell,
3544 2196 126 33 October
3684 2197 63 39 4th,
3765 2199 86 37 1886,

3397 2284 146 30 UNITED
3568 2286 114 29 ITALY
3708 2287 149 36 QUARTZ
3886 2288 142 29 MINING

3516 2338 188 33 COMPANY,
3732 2341 177 27 LIMITED.

3398 2443 109 27 ITIHE
3538 2444 199 28 ORDINARY
3763 2444 269 29 HALF-YEARLY

3488 2493 176 29 MEETING
3678 2495 30 28 of
3727 2494 196 30 Shareholders
3942 2496 28 27 in
3985 2496 48 28 the

3396 2545 85 28 above
3512 2546 145 36 Company
3686 2547 56 28 will
3775 2547 32 28 be
3838 2549 64 26 held
3933 2552 28 24 at
3986 2549 47 26 the

3397 2596 159 37 Registered
3581 2598 84 28 Office
3690 2599 30 28 of
3747 2599 46 28 the
3824 2600 153 36 Company,
4005 2604 28 24 at

3397 2649 87 37 Lyell,
3509 2660 36 18 on
3577 2651 152 34 FRIDAY,
3756 2651 45 29 the
3826 2651 67 30 29th
3920 2652 54 34 day
4007 2656 28 24 of

3397 2702 191 38 OCTOBER,;
3598 2704 76 32 1886,
3693 2707 28 24 at
3740 2705 16 26 8
3775 2704 102 27 o'clock
3897 2714 67 26 p.m.

3634 2806 140 29 Business
3783 2815 6 20 :

3467 2857 39 28 To
3536 2857 104 28 receive
3665 2858 146 28 Directors'
3843 2860 102 35 Report
3975 2860 56 27 and

3537 2895 242 35 Balance-sheet;
3799 2897 55 28 and

3470 2933 39 28 To
3522 2933 69 29 elect
3605 2934 138 28 Directors
3756 2935 54 28 and
3822 2935 138 28 Auditors.

3682 2994 122 30 JAMES
3823 2995 140 28 INGLIS.

3857 3045 139 38 Manager.

3432 3096 89 34 Lyell,
3535 3097 42 26 Ist
3589 3097 125 31 October,
3730 3099 76 25 1886.

3398 3181 74 29 TYR
3499 3182 178 29 CONNELL
3707 3182 148 36 QUARTZ
3886 3183 147 30 MINING

3521 3233 189 35 COMPANY,
3737 3235 176 27 LIMITED.

3400 3336 110 27 mHE
3538 3337 200 28 ORDINARY
3765 3338 269 28 HALF-YEARLY

3490 3389 174 28 MEETING
3687 3389 29 28 of
3737 3390 196 29 Shareholders
3946 3393 27 25 in
3988 3392 46 27 the

3398 3438 85 29 above
3514 3439 144 38 Company
3688 3440 56 29 will
3773 3440 32 30 bo
3836 3441 64 29 held
3930 3445 28 26 at
3987 3443 49 28 the

3399 3492 159 36 Registered
3583 3493 83 28 Office
3692 3494 30 28 of
3752 3494 47 28 the
3823 3495 155 37 Company,
4007 3499 27 25 at

3399 3544 88 35 Lyell,
3512 3553 37 18 on
3575 3545 153 33 FRIDAY,
3752 3546 47 28 the
3831 3547 65 27 29th
3926 3548 54 35 day
4008 3549 30 26 of

3398 3594 182 36 OCTOBER,
3602 3597 77 34 188G,
3693 3600 28 26 at
3733 3598 17 29 7
3763 3598 103 29 o'clock
3879 3608 67 28 p.m.

3636 3702 140 28 Business
3786 3711 6 19 :

3466 3751 41 30 To
3536 3754 105 28 receive
3672 3754 148 29 Directors'
3850 3754 102 39 Report
3979 3757 55 27 and

3537 3792 121 29 Balance
3678 3793 101 34 Sheet;
3798 3794 55 28 and

3467 3830 39 27 To
3516 3831 69 28 elect
3598 3831 139 28 Directors
3750 3833 55 26 and
3817 3833 138 28 Auditors.

3683 3891 123 30 JAMES
3826 3892 139 35 INGLIS,

3860 3944 140 38 Manager.

3431 3991 89 39 Lyell,
3535 3994 42 30 Ist
3591 3994 125 35 October,
3732 3998 75 27 1886.

3398 4075 78 30 THE
3502 4075 140 33 VICTOR
3669 4078 190 33 EMANUEL
3886 4081 148 37 QUARTZ

3441 4128 148 28 MINING
3607 4131 190 34 COMPANY,
3815 4134 177 27 LIMITED.

3398 4233 111 28 mHE
3538 4235 200 29 ORDINARY
3765 4238 269 30 HALF-YEARLY

3488 4284 183 32 MEETING
3683 4288 30 28 of
3734 4289 197 30 Shareholders
3943 4292 29 27 in
3986 4291 47 29 the

3397 4334 86 30 above
3513 4337 145 39 Company
3688 4341 57 28 will
3774 4341 33 28 be
3838 4341 64 29 held
3928 4346 28 24 at
3986 4342 47 29 the

3399 4387 162 37 Registered
3585 4391 85 29 Oilice
3693 4393 30 27 of
3744 4393 47 28 the
3821 4395 154 36 Company,
4006 4399 29 24 at

3396 4438 89 38 Lyell,
3497 4447 36 22 on
3546 4441 218 37 THURSDAY,
3777 4445 47 29 the
3845 4446 64 29 28th
3932 4446 54 37 day
4007 4447 31 28 of

3397 4492 183 36 OCTOBER,
3603 4497 75 33 ISBG,
3697 4501 29 24 at
3744 4499 16 27 7
3779 4498 104 29 o'clock
3901 4509 68 27 p.m.

3634 4599 140 29 Business
3785 4608 7 21 :

3466 4648 41 32 To
3535 4650 104 31 receive
3664 4652 149 31 Directors'
3845 4654 104 40 Report
3979 4655 55 30 and

3536 4690 121 28 Balance
3676 4692 103 33 Sheet;
3799 4695 55 25 and

3466 4725 41 29 To
3519 4725 68 30 elect
3601 4727 140 30 Directors
3754 4730 55 28 and
3827 4730 138 30 Auditors.

3683 4790 123 31 JAMES
3825 4792 142 35 INGLIS,

3859 4844 141 38 Manager.

3434 4889 91 38 Lyell,
3540 4892 41 28 Ist
3594 4892 125 35 October,
3734 4896 45 28 188
3779 4896 31 28 G.

3396 4973 80 29 THE
3507 4976 158 31 CRCESUS
3700 4980 150 34 QUARTZ
3888 4982 145 28 MINING

3522 5043 190 36 COMPANY,
3738 5047 176 29 LIMITED.

3490 5205 179 32 MEETING
3688 5210 30 28 of
3739 5210 196 30 Shareholders
3946 5212 30 28 in
3989 5212 47 28 the

3397 5256 87 30 above
3516 5259 143 38 Company
3689 5263 55 27 will
3775 5263 31 28 be
3837 5264 65 27 held
3933 5268 28 24 at
3990 5264 47 28 the

3398 5307 161 38 Registered
3585 5312 84 29 Office
3694 5313 30 28 of
3751 5314 47 29 the
3824 5315 153 37 Company,
4007 5320 28 23 at

3398 5360 89 38 Lyell,
3511 5372 37 20 on
3573 5365 188 37 TUESDAY,
3782 5369 47 28 the
3855 5369 56 28 2nd
3935 5369 53 37 day
4012 5368 29 30 of

3399 5412 226 39 NOVEMBER,
3639 5419 77 33 1830,
3730 5423 28 24 at
3770 5421 17 26 6
3799 5420 103 29 o'clock
3914 5431 67 25 p.m.

3638 5523 140 29 Business
3789 5534 6 24 ;

3470 5571 41 29 To
3535 5574 104 28 receive
3671 5575 139 30 Directors
3840 5577 103 37 Report
3984 5576 54 30 and

3540 5611 121 30 Balance
3679 5614 101 34 Sheet;
3799 5616 56 27 and

3471 5647 40 30 To
3524 5649 68 30 elect
3606 5651 138 29 Directors
3757 5653 55 29 and
3823 5654 138 29 Auditors.

3681 5714 123 29 JAMES
3831 5715 141 33 INGLIS,

3867 5769 138 36 Manager:

3441 5813 87 33 Lyell,
3545 5818 39 26 Is:
3601 5816 123 30 October,
3741 5820 73 26 1886.
