4120 5920
1320 70 114 42 THE
1489 65 186 43 LYELL
1726 61 184 46 TIMES,
1966 57 308 50 SATURDAY,
2329 60 263 40 OCTOBER
2644 74 33 36 9,
2737 64 102 36 1886.

250 210 119 30 Public
386 210 153 32 Notiaes.

144 292 174 40 FRANK
371 292 277 47 SONTGEN,

262 374 93 38 (From
370 373 157 39 Westport,)

139 440 92 26 TILL
261 440 144 27 ARRIVE
436 440 29 27 in
496 440 123 26 LYELL
649 440 38 26 TO-

134 466 16 19 lf
315 477 74 28 DAY
408 475 67 30 with

162 543 24 26 A
206 543 135 28 LABGE
358 541 266 30 ASSOBTMENT

267 746 162 21 CONSISTING
450 747 68 20 OF

76 795 157 49 Mosgiel,
249 795 125 47 Kaipoi
387 796 27 37 &
431 795 166 46 Oamaru;
626 794 82 46 also,

137 849 122 37 Scotch
273 850 27 36 &
315 848 99 37 West
426 847 38 38 of
480 847 169 47 England.

83 980 180 60 Suits
283 980 17 29 l
300 978 154 68 S
473 978 235 60 £4los

78 1145 45 29 Fit
136 1145 54 28 and
208 1144 215 37 Workmanship
445 1142 182 31 Guaranteed.
664 1142 44 29 All

233 1183 92 28 Goods
344 1183 71 28 Well
434 1183 119 27 Shrunk.

163 1382 138 29 TAILOR
320 1382 78 29 AND
419 1381 202 29 CLOTHIER.

78 1465 149 33 NOTICE
257 1465 51 32 OF
335 1464 268 32 APPLICATION
631 1463 79 31 FOE

127 1510 25 33 A
174 1507 277 36 CONDITIONAL
471 1506 188 34 LICENSE.

78 1710 110 42 hereby
201 1710 63 40 give
279 1709 97 33 notice
390 1709 66 33 that
470 1708 16 32 I
510 1707 92 33 desire
617 1709 30 32 to
662 1707 32 33 ob-

78 1755 73 34 tain,
168 1754 58 31 and
250 1752 59 32 will
334 1755 30 29 at
388 1752 50 31 the
461 1753 71 30 next
557 1751 111 40 Sitting
683 1750 31 33 of

76 1797 51 35 the
142 1797 100 38 Court,
257 1799 31 31 to
302 1796 35 33 be
359 1795 110 34 holden
483 1797 30 31 at
537 1794 173 33 Murchison

79 1853 39 22 on
131 1842 51 32 the
205 1841 60 32 2nd
288 1841 57 41 day
368 1840 175 36 November,
558 1839 87 41 apply
668 1839 44 32 for

77 1897 18 21 a
109 1885 166 34 Certificate
297 1883 184 41 authorising
495 1882 50 34 the
559 1882 78 33 issue
652 1882 31 34 of
695 1892 16 22 a

78 1929 188 32 Conditional
300 1928 262 31 Accommodation
588 1926 123 31 License

76 1973 46 33 for
135 1983 18 22 a
166 1971 91 34 house
282 1971 107 33 situate
409 1972 31 32 at
464 1969 122 33 Buhner
609 1968 101 39 Creek,

78 2018 91 30 Owen
183 2016 97 35 Reefs,
295 2015 172 38 containing
480 2015 57 31 five
551 2023 98 22 rooms
663 2024 32 20 ex-

78 2058 108 34 clusive
202 2058 31 33 of
241 2058 84 33 those
336 2056 136 43 required
485 2056 45 33 for
544 2056 50 32 the
609 2065 51 24 use
684 2056 31 33 of

78 2105 50 31 the
142 2103 112 40 family

170 2145 167 34 THOMAS
360 2143 308 34 TATTEESHALL.

116 2191 98 31 Dated
237 2190 50 32 the
303 2190 73 31 28th
400 2190 57 40 day
476 2189 32 33 of
529 2189 182 40 September,

78 2236 86 31 1886.

77 2321 149 33 NOTICE
256 2320 52 32 OF
335 2318 269 33 APPLICATION
633 2318 79 32 FOR

126 2366 25 31 A
173 2364 277 33 CONDITIONAL
471 2363 188 33 LICENSE.

80 2480 26 21 t
148 2471 139 31 MYLES
302 2470 42 30 M.
368 2470 138 35 DIXON,
528 2469 32 31 of
581 2469 129 31 Flowers

81 2500 22 54 1
167 2514 78 38 Flat,
262 2513 90 33 Owen
367 2512 96 39 Reefs,
477 2512 36 32 do
527 2510 110 43 hereby
647 2511 65 41 give

78 2568 96 31 notice
190 2568 65 31 that
270 2567 15 31 I
299 2566 93 33 desire
407 2568 31 30 to
452 2565 111 37 obtain,
579 2565 60 31 and
652 2564 60 32 will

80 2616 31 28 at
125 2612 49 32 the
193 2613 71 30 next
289 2610 110 41 Sitting
421 2610 31 32 of
476 2609 51 32 the
554 2608 158 40 Licensing

82 2657 90 31 Court
196 2659 30 29 to
240 2655 36 31 be
290 2655 110 31 holden
423 2657 30 29 at
477 2652 174 33 Murchison
675 2663 37 21 on

80 2700 49 32 the
145 2699 59 31 2nd
217 2699 57 41 day
288 2699 32 31 of
331 2697 175 37 November,
522 2697 89 41 apply
633 2696 44 31 for
697 2706 15 20 a

82 2744 165 31 Certificate
267 2742 185 40 authorising
475 2741 51 32 the
541 2741 77 32 issue
644 2740 31 33 of
696 2750 16 21 a

82 2786 187 33 Conditional
280 2786 124 31 License
415 2786 44 31 for
474 2795 17 20 a
501 2785 92 30 house
605 2784 107 31 situate

80 2833 31 29 at
125 2831 128 31 Flowers
268 2830 77 36 Flat,
364 2830 89 32 Owen
468 2829 97 35 Reefs,
578 2826 131 34 contain:

79 2874 52 41 ing
144 2884 87 22 seven
242 2884 108 27 rooms,
365 2872 148 33 exclusive
528 2872 32 33 of
571 2871 84 32 those
666 2881 29 21 re-

77 2918 102 40 quired
189 2918 44 31 for
247 2918 50 31 the
311 2928 52 21 use
378 2917 32 32 of
421 2917 50 31 the
486 2916 113 40 family.

315 2968 139 33 MYLES
470 2968 42 32 M.
528 2967 140 32 DIXON.

117 3022 96 33 Dated
226 3022 51 33 the
292 3022 59 31 2nd
362 3022 57 41 day
428 3020 31 33 of
471 3020 135 37 October,
621 3021 85 31 1886.

80 3110 147 34 NOTICE
261 3109 50 34 OF
332 3108 270 35 APPLICATION
634 3106 78 34 FOR

130 3165 25 31 A
177 3163 277 33 CONDITIONAL
475 3161 188 32 LICENSE.

905 206 118 31 Public
1041 206 151 30 Notices.

736 292 77 28 THE
844 289 192 30 NATIONAL
1066 288 105 29 BANK
1200 288 47 29 OF
1278 287 88 30 NEW

855 341 198 33 ZEALAND/
1068 339 176 29 LIMITED.

736 416 501 54 rjiHISSBANKwiIIbeOPENED
1250 419 29 28 to
1288 416 78 30 BUY

790 482 6 19 t
813 468 3 38 ;
825 468 176 38 GOLD„and
1019 468 192 28 TRANSACT
1230 468 136 27 Genekal

736 522 174 31 BANKING
923 519 204 39 [.BUSINESS
1131 517 56 39 j!;at
1194 519 14 13 r
1220 516 81 39 Lyell
1330 527 36 21 on

736 574 206 34 SATURDAY,
978 573 48 29 9th
1062 572 181 33 OCTOBER,
1279 571 87 29 under

736 628 44 30 the
812 627 98 36 charge
940 625 32 30 of
998 625 48 29 the
1076 623 118 30 Reefton
1225 623 141 38 Manager,

736 680 23 29 I.
778 680 98 30 Lewis.

1029 715 44 29 W.
1093 712 170 36 DYMOCK,

1180 768 152 38 Inspector.

922 851 258 35 NOTICE.

738 984 24 44 1
803 1001 71 31 next
898 997 103 40 sitting
1024 996 32 32 of
1077 995 51 32 the
1142 995 101 32 Waste
1267 993 101 32 Lands

736 1051 107 38 Board,
859 1049 121 38 Nelson,
995 1047 44 34 for
1051 1057 38 23 an
1103 1044 264 45 {OCCUPATION

735 1105 176 32 LICENSE
928 1113 67 22 over

815 1166 48 33 All
877 1166 66 32 that
968 1165 80 41 piece
1062 1174 33 22 or
1108 1161 98 43 parcel
1220 1160 32 35 of
1272 1159 95 38 Land,

853 1215 221 43 consistingrof
1098 1214 90 33 about
1215 1215 38 31 80
1277 1222 91 25 acres,

853 1272 106 32 situate
980 1272 31 31 at
1038 1269 91 34 Owen
1156 1267 98 37 River,
1279 1265 89 33 about

853 1327 58 28 300
943 1324 87 40 yards
1059 1321 76 31 back
1168 1320 31 32 of
1230 1319 139 31 Flower's

854 1374 93 42 Camp
1140 1381 38 23 on
1192 1369 41 33 all
1244 1369 76 33 sides
1330 1367 39 44 by

854 1428 105 30 Crown
988 1426 104 36 lands;
1126 1422 177 40 description
1340 1431 17 21 o

853 1479 71 33 land
936 1489 7 21 :
967 1478 119 40 Swamp
1100 1475 59 33 and
1172 1474 87 33 bush.

925 1538 179 35 EDWARD
1132 1534 197 35 CARROLL.

775 1603 95 43 Lyell,
887 1601 173 43 September
1074 1599 83 37 28th,
1174 1598 86 32 1886.

826 1712 453 79 HOTOGRAPH

887 1885 44 40 E.
976 1882 247 50 TEAGUE,

741 1953 393 53 T)HOTOGEAHHIO
1191 1952 177 38 ARTIST,

926 2044 88 26 From
1035 2042 144 35 Westport,

738 2112 78 39 Begs
830 2112 31 30 to
875 2109 135 32 intimate
1025 2107 66 33 that
1100 2107 38 32 lie
1152 2106 55 33 has
1222 2105 121 42 Opened
1353 2116 18 21 a

797 2152 219 43 Photographic
1035 2150 121 43 Gallery
1169 2150 31 32 in
1214 2149 96 43 Lyell,

739 2214 47 31 On
801 2211 231 36 THURSDAY,
1049 2208 249 34 SEPTEMBER
1320 2209 47 35 28,

857 2263 67 34 And
938 2263 25 33 is
983 2261 141 45 prepared
1138 2262 31 33 to
1185 2260 68 34 take

740 2317 252 54 Photographs,
1014 2316 125 47 Cards,
1157 2315 71 39 and
1259 2314 111 40 Views

894 2382 38 28 Of
946 2390 83 27 every
1047 2379 172 36 description.

741 2429 83 29 Carte
837 2427 32 30 de
885 2427 100 30 Visites
1174 2423 56 39 15j-
1261 2432 49 27 per
1322 2423 50 28 doz

741 2469 116 28 Cabinet
869 2467 142 29 Portraits
1176 2463 62 38 22)6
1308 2484 17 14 „

810 2506 117 35 Groups,
946 2504 171 31 Besidences,
1137 2503 55 31 (Be,
1211 2511 31 18 as
1250 2510 53 27 per

975 2542 164 37 agreement.

911 2619 70 29 Nete
1000 2618 46 30 the
1065 2617 133 30 Address:

739 2672 197 33 OPPOSITE
959 2669 228 33 FENNELL'S
1211 2660 159 40 EMPIRE

983 2713 150 33 HOTEL.

800 2804 124 28 LYELL
938 2804 20 27 &
971 2801 174 30 CENTRAL
1158 2801 155 28 BULLER

941 2947 36 20 TO
991 2947 36 19 BE
1041 2946 79 20 HELD
1134 2946 36 19 ON

756 2987 173 35 MONDAY,
949 2987 223 31 DECEMBEB
1188 2986 77 35 27th,
1277 2986 78 29 1886.

976 3064 160 29 Stewards:

741 3102 101 30 Messrs
854 3102 112 29 Lowick
1084 3101 100 28 Messrs
1194 3100 26 28 J.
1231 3099 141 37 Campbell

794 3163 17 13 „
856 3142 27 28 J.
898 3141 69 29 Reid
1136 3161 18 13 „
1195 3138 180 31 J.M'Dowall

794 3201 17 14 „
856 3181 35 27 I).
907 3181 123 27 Sullivan
1136 3198 18 14 „
1197 3178 27 28 J.
1242 3177 65 28 Rait

794 3240 17 13 „
856 3219 30 28 C.
904 3219 110 28 Trower
1136 3236 18 14 „
1197 3217 33 27 A.
1251 3214 90 31 Smith

887 3257 109 34 Judge:
1019 3256 43 26 Mr
1075 3255 31 27 0.
1120 3254 108 35 Lynch.

856 3294 129 29 Starter:
1007 3293 44 29 Mr
1063 3292 31 29 T.
1108 3291 153 30 O'Rourke.

821 3334 81 28 Clcrli
915 3333 34 37 of
957 3334 119 28 Course:
1098 3332 43 28 Mr
1154 3331 27 29 J.
1195 3330 103 29 James.

756 3372 81 29 Clerk
850 3372 34 36 of
894 3371 93 28 Scales
999 3380 7 18 :
1030 3370 44 28 Mr
1085 3370 38 27 H.
1135 3370 33 27 B.
1182 3368 182 28 Huddleston.

810 3410 76 28 Hon.
904 3410 171 26 Treasurer:
1096 3407 45 28 Mr
1154 3407 31 28 0.
1199 3406 107 37 Lynch.

744 3489 83 28 Hack
845 3487 124 28 Hurdle
988 3485 77 29 Race
1084 3483 31 30 of
1136 3485 34 28 10
1194 3492 70 20 sovs.
1313 3482 47 29 Dis-

812 3529 87 29 tance,
914 3525 31 34 l|
957 3525 88 26 miles.
1082 3523 70 27 Over
1171 3522 41 27 six
1233 3522 94 34 flights
1350 3522 30 26 of

812 3563 118 28 hurdles.
968 3561 149 28 Minimum
1140 3559 111 37 weight,
1265 3561 42 27 9st
1320 3558 55 30 71b.

812 3602 149 33 Entrance,
975 3600 13 28 1
1002 3609 57 19 sov.

743 3641 108 28 Jockey
865 3644 77 24 Ulub
955 3640 150 26 Handicap
1114 3637 30 28 of
1155 3639 32 26 25
1199 3647 70 18 sovs.
1291 3636 86 37 (Open

814 3677 91 35 Race.)
942 3675 139 33 Distance,
1103 3676 33 33 1|
1157 3675 88 27 miles.
1282 3675 76 26 Nomi-

814 3716 120 32 nations,
948 3715 14 28 1
976 3723 56 20 sov.
1068 3713 194 36 Acceptances,
1275 3711 54 38 30/.

745 3753 149 28 Handicap
907 3753 83 27 Hack
1004 3751 77 28 Race
1100 3751 30 28 of
1148 3753 16 25 5
1177 3760 71 18 sovs.
1284 3751 14 33 |
1314 3750 64 27 mile

813 3792 78 28 heats
914 3790 116 29 without
1050 3788 196 36 dismounting.
1283 3788 75 29 Nomi-

814 3831 119 31 nations,
946 3828 36 37 5/.
1018 3828 193 35 Acceptances,
1225 3826 36 37 5/.

745 3868 135 28 District
894 3867 149 27 Handicap
1053 3865 29 28 of
1093 3866 31 26 15
1138 3873 70 19 sovs.
1246 3864 33 35 1£
1290 3864 87 27 miles.

815 3906 202 34 Nominations,
1031 3903 53 38 10/.
1120 3903 192 37 Acceptances,
1331 3901 46 31 £l.

814 3946 79 33 Open
907 3949 27 23 to
947 3944 106 28 district
1065 3943 92 28 horses
1171 3942 73 35 only.

746 3983 149 28 Handicap
915 3981 85 29 Hack
1021 3981 77 28 Race
1120 3979 30 29 of
1168 3981 15 26 5
1206 3988 71 35 soys.
1313 3979 46 27 Dis-

815 4024 89 30 tance,
935 4021 15 28 1
981 4019 74 30 mile.
1103 4017 206 35 Nominations,
1339 4016 36 40 5/.

814 4060 193 36 Acceptances,
1021 4057 37 39 5/.

747 4098 191 30 Consolation
952 4097 150 29 Handicap
1114 4094 29 30 of
1161 4095 33 29 10
1206 4103 71 21 sovs.
1314 4094 46 29 Dis-

816 4141 88 27 tance,
931 4137 14 25 1
970 4136 75 27 mile.
1093 4134 204 33 Nominations,
1325 4133 52 36 10/.

815 4174 193 36 Acceptances,
1024 4171 52 39 10/.

748 4214 114 28 Forced
876 4213 149 27 Handicap
1037 4212 30 28 of
1086 4212 33 27 10
1132 4220 70 19 sovs.
1238 4209 141 32 Distance,

817 4251 33 35 1£
872 4250 89 28 miles.
997 4250 148 32 Entrance,
1167 4249 13 27 1
1204 4257 57 18 sov.
1299 4248 60 27 Com-

817 4289 111 37 pulsory
941 4291 28 26 to
981 4287 127 34 winners,
1118 4286 121 38 optional
1249 4289 27 25 to
1286 4285 93 28 losers.

871 4371 98 28 Rules
981 4378 54 20 anb
1049 4369 209 29 Regulations.

782 4409 180 30 Nomination
988 4409 72 35 day:
1089 4408 135 35 Tuesday,
1246 4405 56 30 2nd
1326 4405 36 29 No-

748 4449 112 29 vember
870 4456 7 26 ;
897 4447 167 28 declaration
1086 4446 29 28 of
1134 4445 133 36 weights:
1287 4445 76 28 Satur-

749 4488 61 37 day,
837 4487 63 30 13th
926 4484 172 35 November;
1117 4484 79 36 night
1221 4484 30 29 of
1272 4482 109 39 general

749 4530 95 32 entry:
864 4525 133 35 Tuesday,
1009 4524 63 27 14th
1084 4523 158 28 December.

783 4563 195 29 Nominations
990 4562 42 28 for
1044 4562 47 27 the
1103 4560 105 37 Jockey
1216 4559 69 29 Club
1300 4559 60 28 Han-

757 4602 75 36 dicap
846 4601 54 29 and
914 4601 113 29 District
1048 4599 146 36 Handicap
1215 4598 55 29 will
1288 4598 33 28 be
1342 4607 26 19 re-

750 4640 92 30 ceived
856 4640 37 36 by
904 4640 47 28 the
964 4639 141 34 Secretary
1119 4647 36 26 up
1169 4641 28 24 to
1209 4638 17 27 8
1239 4645 66 28 p.m.

784 4678 44 30 All
840 4676 188 31 nominations
1041 4680 27 25 to
1089 4675 106 30 enclose
1209 4674 173 37 description,

750 4727 58 27 age.
822 4717 135 36 pedigree,
971 4715 54 28 and
1048 4715 80 28 latest
1146 4713 188 37 performance
1355 4714 31 27 of

750 4756 104 33 horses,
876 4762 82 21 name
983 4753 30 29 of
1034 4761 92 20 owner
1148 4752 55 27 and
1227 4751 106 28 colours
1357 4751 29 28 of

750 4795 94 32 riders,
858 4797 127 25 entrance
1004 4800 111 27 money,
1128 4789 55 30 and
1195 4788 188 38 qualification

750 4832 65 29 fees.

813 4870 114 29 District
940 4868 80 29 horse
1066 4870 28 26 to
1107 4875 82 21 mean
1202 4875 16 20 a
1230 4865 82 29 horse
1322 4864 61 30 that

751 4909 50 28 has
821 4908 70 29 been
912 4906 121 36 running
1053 4906 29 28 in
1104 4905 48 29 the
1169 4905 106 28 district
1297 4905 42 27 for
1355 4908 29 24 at

751 4947 68 29 least
831 4945 76 30 three
920 4943 112 30 months
1044 4943 75 38 prior
1138 4947 27 24 to
1184 4943 46 28 the
1244 4952 70 24 race,
1329 4941 55 29 and

752 4990 28 23 to
792 4985 33 28 be
837 4984 47 27 the
899 4983 72 28 bona
978 4983 58 35 fide
1049 4986 127 32 property
1187 4981 31 28 of
1227 4990 15 19 a
1255 4980 128 29 resident.

752 5022 115 28 District
883 5024 28 25 to
933 5019 107 29 include
1060 5019 146 36 Hampden
1234 5018 101 35 Riding
1359 5018 27 27 of

753 5061 108 34 County
884 5059 30 28 of
952 5058 181 35 Inangahua;
1164 5056 124 37 together
1317 5056 67 29 with

753 5098 79 36 Lyell
847 5097 109 34 Riding,
969 5096 109 34 County
1091 5094 103 28 Buller.

789 5136 41 27 No
850 5143 98 28 person
969 5133 56 28 will
1046 5132 33 28 be
1101 5131 114 29 allowed
1236 5134 28 25 to
1281 5133 77 26 enter
1370 5140 16 19 a

753 5174 80 28 horse
856 5173 42 28 for
921 5181 55 28 any
999 5181 61 19 race
1083 5171 103 36 (except
1208 5169 71 29 hack
1299 5170 85 35 races)

753 5212 93 28 unless
858 5211 35 28 he
905 5211 23 28 is
941 5220 16 19 a
972 5209 151 29 subscriber
1135 5209 30 28 of
1176 5209 37 28 £1
1227 5213 28 24 to
1267 5209 47 27 the
1324 5218 61 18 race

753 5249 77 28 fund.
877 5248 46 28 All
947 5247 71 28 hack
1041 5256 76 18 races
1140 5249 61 33 post
1220 5250 87 32 entry,
1331 5246 55 28 and

755 5287 104 37 subject
871 5289 27 26 to
912 5286 47 30 the
971 5284 130 39 approval
1114 5285 29 28 of
1154 5284 45 29 the
1212 5284 138 29 stewards.

789 5327 58 28 The
869 5326 121 28 decision
1014 5324 31 29 of
1065 5324 46 28 the
1135 5324 130 28 stewards
1289 5333 36 19 on
1350 5324 36 28 all

756 5364 91 38 points
872 5362 149 30 connected
1052 5362 67 29 with
1143 5362 46 28 the
1213 5371 173 28 programme

757 5403 70 27 shall
840 5402 33 28 be
886 5401 76 28 final.

788 5441 115 36 Anyone
927 5437 125 37 entering
1071 5447 16 18 a
1105 5440 103 34 protest
1221 5441 76 25 must
1309 5437 34 28 do
1357 5446 29 19 so

755 5479 28 28 in
805 5478 110 35 writing
935 5475 98 31 within
1054 5475 93 30 fifteen
1169 5477 119 28 minutes
1301 5475 30 30 of
1341 5475 45 30 the

756 5518 70 26 close
839 5516 30 27 of
887 5524 69 23 race,
971 5515 193 35 accompanied
1177 5515 36 35 by
1226 5515 46 27 the
1286 5524 60 17 sum
1361 5515 25 26 of

757 5554 47 34 £l,
826 5552 90 30 which
938 5552 56 29 will
1014 5551 33 29 be
1068 5551 120 29 forftited
1208 5554 29 26 to
1258 5552 47 28 the
1325 5560 61 19 race

755 5592 67 28 fund
839 5591 99 29 should
959 5590 46 29 the
1027 5594 102 32 protest
1148 5599 82 28 prove
1248 5590 138 29 vexatious

755 5639 30 19 or
796 5629 140 28 frivolous.

792 5668 88 28 Three
894 5669 160 34 acceptance
1067 5665 40 29 for
1117 5666 67 28 each
1195 5669 90 32 event,
1298 5675 30 19 or
1341 5664 45 30 the

755 5705 91 36 public
861 5714 100 25 money
974 5705 54 25 will
1046 5703 32 27 be
1091 5704 141 26 withheld.

791 5743 96 29 Stakes
900 5741 62 39 paid
974 5741 51 29 less
1036 5741 52 29 five
1102 5750 47 28 per
1162 5744 69 26 cent.

983 5780 126 28 FRANK
1129 5780 188 31 HODGSON,

1112 5818 74 29 Hon.
1201 5818 151 37 Secretary.

148 3267 179 34 EDWARD
350 3266 196 38 CARROLL,
563 3266 31 32 of
613 3266 99 36 Owen,

83 3310 24 41 1
115 3339 9 26 j
169 3323 36 31 do
219 3321 110 41 hereby
343 3321 64 41 give
421 3320 97 32 notice
538 3320 65 31 that
628 3319 15 32 I
667 3319 31 31 de-

82 3375 56 32 sire
162 3377 31 29 to
215 3373 110 37 obtain,
348 3373 59 32 and
430 3372 61 33 will
515 3374 31 29 at
570 3372 50 31 the
644 3373 71 30 next

82 3427 111 41 Sitting
207 3426 32 33 of
249 3426 50 32 the
315 3426 101 36 Court,
432 3427 30 30 to
486 3424 36 33 be
546 3424 108 33 holdeii
684 3426 29 29 at

82 3481 172 32 Murcliison
270 3490 37 22 on
321 3480 51 31 the
384 3479 60 32 2nd
462 3478 57 41 day
538 3476 176 38 November,

84 3533 87 41 apply
184 3532 44 32 for
243 3542 17 22 a
275 3532 166 32 Certificate
466 3530 185 40 authorising
665 3530 50 31 the

82 3587 77 32 issue
174 3586 32 33 of
218 3596 17 22 a
249 3584 188 34 Conditional
456 3583 124 33 License
595 3582 44 33 for
653 3593 47 31 pre-

80 3640 90 29 mises
185 3638 107 31 situate
308 3640 30 29 at
353 3638 138 31 Flowers'
504 3637 103 39 Camp,
625 3636 90 31 Owen

82 3691 98 37 River,
196 3690 172 40 containing
397 3690 36 31 12
452 3698 100 24 rooms
566 3687 147 33 exclusive

83 3744 31 31 of
126 3743 83 32 those
225 3742 135 41 required
371 3742 45 32 for
429 3752 51 20 use
496 3741 31 31 of
539 3741 49 31 the
604 3741 111 40 family.

124 3796 97 31 Dated
245 3795 51 32 the
322 3794 71 32 18th
407 3794 57 41 day
478 3793 31 33 of
532 3793 181 41 September,

86 3841 51 30 188
137 3841 35 30 G.

277 3880 180 35 EDWARD
479 3878 197 35 CARROLL.

83 3969 150 34 NOTICE
263 3968 51 33 OF
339 3967 270 33 APPLICATION
639 3965 79 33 FOR

134 4024 26 31 A
182 4021 276 34 CONDITIONAL
479 4019 189 33 LICENSE.

86 4137 24 22 t
153 4128 161 33 MICHEL
324 4127 80 31 FAG
407 4127 63 36 AN,
482 4127 31 32 of
524 4127 50 31 the
581 4125 138 42 junction

87 4167 23 45 1
120 4200 7 25 5
181 4182 31 33 of
234 4182 90 33 Owen
352 4180 59 33 and
425 4179 110 33 Nelson
562 4178 95 37 roads,
683 4177 37 34 do

85 4236 110 41 hereby
209 4235 64 41 give
287 4234 97 31 notice
398 4233 66 31 that
486 4233 15 30 I
515 4233 93 30 desire
625 4234 31 29 to
670 4231 33 31 ob-

86 4288 73 38 tain,
182 4287 59 33 and
261 4285 61 34 will
343 4287 30 31 at
394 4284 50 34 the
466 4285 72 31 next
560 4283 111 40 Sitting
692 4282 32 33 of

85 4341 51 33 the
154 4340 159 41 Licensing
334 4339 100 36 Court,
451 4340 30 30 to
501 4337 36 32 be
557 4336 110 33 holden
689 4338 30 29 at

85 4393 173 33 Murchison
270 4403 38 21 on
326 4391 51 33 the
397 4391 59 31 2nd
472 4390 55 41 day
541 4389 178 35 November,

86 4447 89 43 apply
195 4446 44 34 for
254 4456 18 22 a
287 4445 165 33 Certificate
468 4442 185 41 authorising
670 4441 50 32 the

86 4501 79 31 issue
190 4500 31 32 of
243 4510 16 20 a
275 4497 188 33 Conditional
486 4496 125 32 License
635 4496 44 31 for
704 4505 17 21 a

87 4553 92 32 house
195 4551 107 32 situate
317 4552 30 31 at
359 4549 137 42 junction
510 4548 31 33 of
558 4548 91 32 Owen
663 4547 59 31 and

84 4605 111 33 Nelson
219 4603 80 37 road,
325 4601 172 41 containing
524 4600 64 32 four
615 4609 99 23 rooms

87 4657 146 34 exclusive
246 4656 31 33 of
289 4656 83 33 those
386 4652 135 44 required
535 4653 44 32 for
593 4652 51 33 the
670 4663 51 20 use

88 4712 32 31 of
131 4712 51 30 the
197 4710 111 41 family.

127 4772 98 33 Dated
248 4771 50 33 the
314 4770 72 33 25th
411 4769 56 42 day
486 4769 31 33 of
539 4767 182 43 September,

88 4827 51 32 188
139 4827 35 32 G.

326 4875 189 34 MICHAEL
536 4873 148 33 FAGAN.

89 4960 150 34 NOTICE
269 4958 51 34 OF
348 4957 268 34 APPLICATION
645 4955 79 34 FOR

138 5014 25 31 A
185 5010 277 35 CONDITIONAL
478 5008 193 34 LICENSE.

89 5125 26 22 t
158 5115 169 33 GEORGE
360 5113 144 33 HENRY
539 5111 184 37 TROWER,

89 5153 42 59 1)
178 5170 32 33 of
235 5169 90 33 Owen
346 5167 98 37 River,
467 5166 37 33 do
524 5165 109 42 hereby
661 5164 64 42 give

87 5225 98 32 notice
200 5223 66 32 that
280 5222 16 31 I
310 5221 93 31 desire
418 5223 30 29 to
462 5219 111 36 obtain,
590 5218 58 31 and
666 5217 61 32 will

89 5280 31 31 at
141 5277 51 34 the
212 5277 72 33 next
309 5273 111 43 Sitting
442 5272 31 34 of
494 5271 51 34 the
568 5270 159 42 Licensing

88 5334 92 31 Court
204 5334 31 29 to
259 5330 35 32 be
308 5328 110 32 holden
433 5329 30 29 at
487 5325 173 32 Murchison
685 5335 39 22 on

89 5385 51 32 the
155 5383 60 33 2nd
230 5382 56 41 day
300 5380 32 33 of
343 5378 176 37 November,
536 5376 87 42 apply
644 5376 45 33 for
710 5386 16 21 a

90 5436 168 34 Certificate
280 5431 186 41 authorising
486 5430 52 31 the
558 5429 77 31 issue
657 5428 32 33 of
711 5438 16 20 a

91 5487 190 35 Conditional
302 5485 124 32 License
449 5483 44 32 for
513 5481 141 41 premises
677 5480 37 32 sit-

89 5545 69 31 uate
188 5542 30 31 at
248 5539 90 33 Owen
366 5536 89 32 River
478 5533 152 36 Junction,
660 5543 50 20 con-

89 5596 117 38 taining
230 5593 66 32 four
310 5601 98 22 rooms
430 5587 145 34 exclusive
591 5586 31 31 of
643 5585 84 31 those

85 5647 141 43 required
240 5646 45 33 for
299 5644 51 33 the
366 5652 51 23 use
433 5640 31 35 of
476 5640 50 33 the
541 5637 112 43 famiiy.

132 5707 97 34 Dated
250 5706 51 33 the
323 5702 73 34 22rd
416 5703 57 40 day
494 5700 31 31 of
545 5698 181 41 September,

91 5766 52 29 188
143 5766 36 29 G.

370 5809 37 32 G.
432 5808 38 33 H.
502 5804 184 35 TROWER.

1564 197 118 32 Public
1704 196 151 31 Notices.

1464 280 208 32 FENNELL'S
1691 278 113 34 HALL,
1823 273 134 31 LYELL.

1646 387 18 20 A
1682 385 92 22 GRAND

1398 431 226 72 Jimatan:
1657 428 371 59 (Btrterfamnmtf

1576 520 73 21 WILL
1661 519 35 20 BE
1708 517 87 22 GIVNN
1808 516 36 21 ON

1429 559 209 34 SATURDAY,
1653 556 171 31 OCTOBER
1826 581 16 11 tt
1843 554 59 34 9th,
1915 553 77 33 188G,

1696 612 30 20 IN

1394 655 58 28 Aid
1470 654 34 32 of
1519 654 45 28 the
1581 651 140 36 Building
1738 649 87 29 Fund
1843 647 34 38 of
1893 647 41 29 St.
1953 645 55 30 Mat-

1543 692 94 28 thew's
1657 688 121 34 Church,
1798 685 90 39 Lyell.

1585 785 252 33 PROGRAMME.

1397 838 83 37 Song,
1521 837 55 29 I'm
1589 845 16 20 a
1618 835 177 29 Nobleman's
1809 833 54 28 Son

1803 870 45 29 Mr
1861 870 28 27 C.
1904 868 121 29 Bowden

1397 914 84 35 Song,
1541 912 94 29 Won't
1657 911 61 28 You
1740 909 64 36 Buy
1825 908 51 35 My
1898 906 96 36 Pretty

1430 953 121 29 Flowers
1748 946 68 30 Miss
1827 946 33 29 A.
1874 944 151 30 Dollimore

1395 992 155 31 Recitation
1768 987 43 30 Mr
1825 984 103 33 Walter
1940 983 85 31 Atkin

1397 1032 84 34 Song,
1521 1031 55 26 Put
1587 1030 22 27 it
1621 1029 90 27 Down
1724 1030 28 24 to
1766 1026 45 27 Me

1707 1063 45 30 Mr
1763 1063 39 29 H.
1816 1063 33 28 G.
1863 1061 166 36 Youngman

1397 1108 82 36 Song,
1522 1106 153 28 Constance
1753 1124 29 7 ...
1834 1102 59 28 Mrs
1906 1099 122 30 Bowden

1397 1146 73 35 Song
1515 1143 70 30 Jack
1698 1161 29 9 ...
1748 1141 68 28 Rev.
1830 1138 199 29 Inness-Jones

1396 1184 95 32 Duett,
1585 1183 58 27 One
1662 1180 37 36 by
1721 1179 58 29 One
1801 1179 58 28 Our
1880 1176 115 29 Friends

1600 1219 58 27 Mrs
1667 1218 108 28 Waters
1785 1216 55 28 and
1854 1215 44 27 Mr
1910 1214 119 28 Corfield

1397 1259 83 38 Song,
1524 1258 64 28 Kiss
1602 1257 55 34 Me,
1670 1255 56 30 and
1739 1254 46 30 I'll
1798 1263 34 26 go
1844 1256 28 26 to
1886 1252 80 37 Sleep

1790 1292 45 29 Mr
1848 1292 31 29 F.
1893 1291 135 29 Harrison

1397 1336 75 35 Song
1806 1331 58 27 Mrs
1877 1331 33 26 R.
1925 1329 105 28 Carroll

1398 1373 83 36 Song,
1520 1371 95 30 We've
1626 1370 37 29 all
1675 1368 100 30 Joined
1789 1368 46 28 the
1848 1367 69 28 Blue
1931 1366 49 27 Rib-

1431 1412 55 27 bon
1497 1411 88 35 Army
1661 1430 28 6 ...
1762 1407 45 28 Mr
1819 1406 33 28 A.
1866 1405 32 28 A.
1912 1403 120 30 Corfield

1399 1449 82 35 Song,
1522 1447 112 29 Jessie's
1646 1447 102 26 Dream
1798 1464 29 8 ...
1849 1444 58 26 Mrs
1923 1443 109 27 Waters

1398 1487 73 35 Song
1518 1485 58 28 The
1601 1484 100 35 Bridge
1770 1502 29 8 ...
1839 1480 44 29 Mr
1896 1480 27 28 J.
1938 1479 93 29 O'Dea

1398 1524 83 36 Song,
1522 1523 105 29 Driven
1639 1521 73 30 from
1724 1520 93 28 Home

1812 1557 58 29 Mrs
1882 1557 28 29 J.
1924 1555 105 31 Carroll

1399 1600 83 37 Song,
1537 1597 141 38 Good-bye
1704 1595 178 33 Sweetheart,
1908 1594 71 29 Good-

1431 1638 52 38 bye
1818 1633 45 29 Mr
1876 1632 35 29 E.
1928 1631 104 30 Carroll

1399 1678 83 34 Song,
1533 1676 55 29 I'm
1609 1674 132 36 Waiting,
1755 1673 49 36 My
1816 1672 127 34 Darling,
1957 1671 42 27 for

1892 1709 57 28 Mrs
1962 1708 67 28 Best

1449 1791 66 28 Two
1528 1790 100 29 Scenes
1640 1788 71 28 from
1723 1787 111 29 Bulwer
1852 1786 128 36 Lytton's

1676 1835 48 30 OF

1399 1884 113 29 Pauline
1524 1881 198 38 Deschappells
1736 1901 30 8 ...
1788 1879 58 29 Mrs
1860 1879 35 27 E.
1909 1877 121 29 Bowden

1398 1923 103 29 Claude
1515 1922 134 29 Melnotte
1694 1940 30 8 ...
1773 1918 46 30 Mr
1831 1917 105 31 Walter
1948 1915 84 31 Atkin

1581 2015 40 29 To
1635 2013 132 31 conclude
1778 2011 69 31 with

1499 2061 165 30 CHRISTY
1698 2059 217 29 MINSTRELS

1399 2112 141 32 Overture,
1580 2108 137 32 Overland
1730 2107 99 38 Gallop
1892 2105 142 38 Company

1399 2150 126 37 Opening
1538 2148 115 33 Chorus,
1695 2147 102 36 Happy
1818 2154 46 20 are
1885 2145 60 31 We,
1959 2148 26 25 to-

1432 2188 88 38 night,
1888 2183 146 37 Company

1399 2228 83 35 Song,
1527 2227 86 27 Roses
1627 2223 179 30 Underneath
1820 2223 46 28 the
1881 2222 81 28 Snow

1710 2261 45 29 Mr
1765 2261 37 28 H.
1817 2260 34 29 G.
1863 2259 167 38 Youngman

1400 2305 83 35 Song,
1550 2313 43 18 see
1606 2303 61 28 Her
1679 2305 29 26 at
1720 2301 48 29 the
1780 2300 127 29 Window

1811 2338 45 26 Mr
1869 2337 29 27 C.
1912 2335 123 29 Bowden

1399 2380 82 35 Song,
1546 2379 89 30 Sweet
1648 2376 132 37 Chiming
1792 2374 76 31 Bells

1766 2415 45 27 Mr
1823 2415 32 26 A.
1869 2414 33 27 A.
1917 2413 118 27 Corfield

1400 2456 82 38 Song,
1524 2454 57 32 Ten
1591 2453 84 31 Little
1841 2451 45 30 Mr
1895 2450 44 31 W.
1950 2449 85 31 Atkin

1401 2497 84 32 Song,
1526 2496 78 26 Gone
1612 2504 44 17 are
1663 2493 47 28 the
1839 2491 44 28 Mr
1895 2491 27 28 J.
1936 2491 99 28 Brown

1399 2533 105 33 Finale,
1548 2531 122 37 Nursery
1682 2530 124 37 Rhymes
1849 2548 29 7 ...
1891 2528 144 35 Company

1468 2581 183 28 Interlocutor
1682 2599 30 7 ...
1745 2577 45 31 Mr
1801 2576 33 28 A.
1848 2575 119 29 Corfield

1468 2619 120 29 Pianiste
1787 2615 58 28 Mrs
1858 2614 109 30 Waters

1400 2715 88 29 Doors
1496 2722 70 28 open
1573 2715 29 27 at
1607 2713 71 33 7.30,
1684 2719 158 21 commence
1853 2712 29 25 at
1894 2710 16 26 8
1921 2707 113 29 o'clock.

1468 2750 158 32 Admission
1658 2771 28 8 ...
1720 2748 88 30 Three
1823 2747 140 36 Shillings.

1634 2802 34 28 A.
1682 2801 33 29 A.
1729 2799 202 32 CORFIELD,

1758 2839 76 28 Hon.
1849 2837 150 35 Secretary.

1548 2921 340 33 NOTICE.

1433 2996 3 35 '
1456 3002 77 29 BEG
1554 3004 28 26 to
1594 3000 101 29 inform
1713 2999 47 29 the
1782 2997 95 30 Public
1898 2996 31 30 of
1946 2996 69 30 West-

1433 3034 4 44 ■
1473 3043 70 35 port,
1557 3039 80 37 Lyell
1650 3038 54 29 and
1724 3037 46 29 the
1784 3035 183 36 surrounding
1979 3034 41 28 dis-

1401 3079 77 27 tricts
1491 3079 61 28 that
1567 3078 15 27 I
1602 3078 70 26 have
1694 3074 169 30 determined
1876 3083 74 26 npon
1971 3081 47 20 con-

1401 3116 109 37 tinuing
1531 3114 48 30 the
1602 3114 125 28 business
1751 3111 105 30 carried
1874 3120 36 19 on
1929 3110 35 36 by
1986 3118 48 26 my

1401 3156 54 28 late
1479 3153 136 34 husband,
1634 3152 55 30 and
1712 3154 71 27 trust
1808 3149 61 30 that
1894 3158 36 21 an
1954 3147 80 38 equal

1402 3202 126 20 measure
1541 3193 30 28 of
1589 3192 46 28 the
1649 3191 95 28 liberal
1757 3195 148 31 patronage
1918 3186 116 38 enjoyed

1402 3232 37 36 by
1460 3231 59 28 him
1540 3231 42 28 for
1594 3239 29 19 so
1640 3238 86 26 many
1747 3236 80 28 years
1848 3235 66 27 may
1937 3225 33 28 be
1992 3229 28 23 ex-

1402 3269 100 28 tended
1515 3273 28 23 to
1555 3276 55 18 me.
1646 3267 58 26 The
1717 3266 124 27 business
1853 3264 57 27 will
1924 3263 33 27 be
1971 3271 48 19 con-

1402 3306 99 30 ducted
1519 3304 87 31 under
1624 3303 47 31 the
1689 3312 76 21 same
1784 3302 69 37 style
1872 3310 31 20 or
1922 3300 60 29 title
2008 3308 27 20 a&

1402 3346 131 29 hitherto.

1670 3380 108 29 MARY
1795 3379 78 29 ANN
1894 3377 107 30 CORK.

1437 3421 148 35 Westport,
1598 3419 65 29 28th
1676 3419 76 35 July,
1766 3419 76 27 1886.

1404 3504 70 60 The
1486 3503 83 61 New
1584 3501 168 74 Saddlery
1764 3497 274 63 Establishment

1617 3584 212 32 WESTPORT.

1511 3663 126 29 ASMUS
1662 3663 64 33 begs
1751 3665 29 25 to
1803 3660 101 28 inform
1928 3659 48 29 the
1997 3658 26 28 in-

1482 3712 8 11 •
1530 3701 139 29 habitants
1682 3699 30 29 of
1730 3698 80 38 Lyell
1823 3697 55 29 and
1891 3695 129 30 surround-

1404 3741 49 34 ing
1463 3740 121 28 districts
1596 3739 60 28 that
1669 3738 34 28 he
1714 3738 52 27 has
1787 3735 106 37 opened
1913 3735 125 28 business

1405 3788 30 19 as
1448 3787 15 20 a
1477 3778 115 29 Saddler
1604 3776 54 30 and
1676 3776 123 28 Harness
1823 3773 96 28 Maker
1940 3773 30 27 in
1991 3771 47 28 the

1404 3827 61 18 new
1486 3817 56 27 and
1563 3815 132 36 centrally
1717 3812 118 30 situated
1857 3810 132 38 premises
2008 3810 29 27 in

1406 3855 169 28 Palmerston
1585 3857 92 27 street,
1688 3855 64 24 nezt
1764 3851 67 28 door
1842 3853 29 25 to
1885 3850 45 26 Mr
1938 3848 82 28 Hasel-

1405 3891 62 35 den,
1492 3891 135 30 Solicitor.
1664 3890 45 28 He
1729 3890 51 28 has
1801 3898 16 18 a
1841 3885 194 31 well-assorted

1406 3931 85 34 stock,
1505 3930 54 29 and
1572 3930 84 36 hopes
1670 3928 37 38 by
1719 3928 81 36 using
1812 3926 48 30 the

1406 3978 95 28 BEST
1521 3976 205 33 MATERIAL,

1475 4016 100 29 GOOD
1594 4011 299 35 WORKMANSHIP,

1587 4053 63 28 And
1664 4051 207 30 MODERATE
1891 4048 147 33 PRICES,

1474 4093 40 28 To
1526 4092 81 30 merit
1620 4100 16 21 a
1647 4091 51 29 fair
1711 4091 79 28 share
1803 4090 30 28 of
1848 4090 119 35 support.

1441 4169 123 36 Country
1577 4167 92 29 orders
1688 4166 57 29 will
1763 4165 104 29 receive
1886 4163 101 38 speciai
2000 4165 26 25 at-

1406 4208 115 33 tention,
1547 4206 54 29 and
1625 4205 136 37 anything
1785 4205 28 27 in
1838 4203 47 29 the
1909 4202 54 29 line
1988 4201 38 28 for-

1407 4246 108 28 warded
1528 4246 42 27 for
1581 4245 89 35 repair
1683 4244 55 27 will
1757 4243 33 28 be
1811 4241 127 28 returned
1959 4239 64 28 with-

1408 4290 47 22 out
1467 4283 89 36 delay.
1593 4281 98 29 Orders
1703 4281 81 35 given
1794 4282 29 26 to
1832 4279 35 28 D.
1878 4278 160 31 Robertson,

1408 4322 161 34 coachman,
1582 4320 57 29 wili
1651 4319 104 29 receive
1768 4317 144 30 attention.

1487 4370 94 36 Every
1599 4367 107 29 Article
1723 4366 75 37 Kept
1815 4366 32 27 in
1867 4363 92 30 Stock.

1540 4445 49 36 H.
1640 4441 268 44 ASMUSS,

1410 4498 191 35 SADDLER
1623 4499 21 31 &
1665 4493 192 36 HARNESS
1884 4490 154 39 MAKER,

1502 4543 170 27 Palmerston
1688 4543 97 30 Street,
1798 4540 147 33 Westport.

2241 2423 120 29 Public
2379 2423 151 28 Notices.

2111 2625 167 35 BULLEK
2300 2624 162 34 COUNTY
2484 2622 187 34 COUNCIL.

2252 2712 273 34 NOTICE.

2074 2803 285 31 ttNLICENSED
2399 2798 207 35 HAWKERS
2647 2797 56 32 and

2081 2832 32 54 tl
2163 2858 189 34 PEDLARS
2381 2869 49 21 are
2457 2856 111 41 hereby
2583 2832 4 65 r
2595 2855 87 32 NOTI-

2071 2903 100 33 FIED
2199 2904 67 32 that
2300 2903 72 40 they
2401 2898 61 36 will
2495 2901 37 31 be
2559 2899 120 32 PROSE-

2072 2949 137 32 CUTED
2224 2949 24 30 if
2260 2947 92 32 found
2366 2945 136 42 carrying
2518 2956 38 22 on
2570 2943 133 33 business

2072 3003 39 22 on
2125 2992 59 32 and
2198 2992 74 31 after
2286 2990 60 32 this
2361 2990 77 30 date.

2242 3034 118 33 ROBT.
2384 3032 34 33 F.
2441 3030 183 37 MULLAN,

2436 3076 118 40 County
2569 3074 96 32 Cierk.

2229 3119 125 35 Council
2366 3119 173 35 Chambers,

2110 3168 161 39 Westport,
2289 3164 175 42 September
2478 3162 83 38 25th,
2579 3161 86 33 1886.

2191 3248 170 33 MISSING
2396 3245 190 34 FRIENDS.

2074 3419 95 32 North
2189 3418 113 37 Island,
2318 3417 96 32 where
2428 3416 38 31 he
2490 3425 60 22 was
2576 3414 130 39 engaged

2074 3462 184 41 butchering.
2302 3459 223 34 Communicate
2549 3457 71 33 with
2635 3466 72 31 your

2074 3507 129 37 brother,
2219 3506 123 32 Alfonso
2366 3503 126 38 Jecklin,
2508 3503 73 32 Post
2605 3500 99 37 Office,

2074 3550 95 41 Lyell.
2211 3551 169 38 Important
2393 3558 81 21 news
2488 3547 76 30 from
2579 3546 108 30 Home.

2113 3594 67 41 Any
2194 3603 106 31 person
2310 3592 100 41 giving
2424 3589 192 33 information
2631 3598 31 21 as
2676 3589 31 30 to

2074 3638 204 33 whereabouts
2292 3636 61 33 will
2367 3635 95 41 oblige

2273 3680 184 30 ALFONSO
2483 3676 185 33 JECKLIN.

2075 3767 207 37 BUOWN'S
2303 3765 119 38 BOOT
2450 3762 259 40 EMPOEIUM

2324 3822 134 30 LYELL.

2154 3900 139 29 BROWN
2308 3900 30 28 in
2350 3898 136 36 thanking
2498 3897 44 28 his
2560 3904 150 20 numerous

2124 3950 8 12 ■
2172 3943 149 26 customers
2351 3938 41 29 for
2422 3941 62 34 past
2512 3936 120 29 favours,
2656 3933 54 29 and

2076 3979 105 35 hoping
2206 3977 42 28 for
2269 3987 16 18 a
2308 3978 181 27 continuance
2510 3975 30 27 of
2557 3974 47 28 the
2624 3983 85 22 same,

2076 4017 98 28 wishes
2187 4019 45 26 too
2246 4015 51 29 call
2310 4015 72 29 their
2401 4013 135 29 attention
2550 4014 28 26 to
2592 4010 45 29 his
2649 4019 61 20 new

2077 4056 76 28 stock
2174 4056 31 27 of
2227 4055 108 28 Ladies'
2361 4053 97 28 Maids'
2482 4051 56 29 and
2556 4050 154 29 Children's

2077 4095 84 27 Boots
2182 4094 29 26 in
2234 4096 76 33 great
2332 4092 114 36 variety.
2482 4090 77 31 Also,
2573 4089 43 27 his
2634 4089 75 35 large

2078 4133 54 28 and
2144 4132 97 29 varied
2254 4131 77 29 stock
2344 4130 31 29 of

2077 4183 119 40 Men.s,
2209 4181 141 33 Youths'
2364 4181 28 31 &
2404 4179 100 40 Boys'
2522 4179 107 31 Boots
2642 4178 68 31 and

2335 4217 117 33 Shoes.

2080 4292 86 28 Fresh
2180 4291 92 29 Goods
2285 4291 119 34 arriving
2425 4289 134 36 monthly,
2573 4287 90 29 which
2677 4287 33 28 he

2113 4330 22 28 is
2149 4330 116 35 offering
2277 4333 29 26 at
2318 4329 88 38 prices
2419 4331 28 26 to
2458 4328 53 27 suit
2524 4327 47 28 the
2585 4327 90 28 times.

2081 4370 43 27 All
2148 4369 139 37 imported
2320 4368 84 36 goods
2434 4366 116 29 marked
2579 4366 30 27 in
2636 4365 76 36 plain

2339 4407 110 30 figures.

2114 4483 130 30 N.B.—A
2256 4482 100 38 supply
2369 4482 30 29 of
2420 4481 88 29 North
2521 4480 104 29 British
2640 4480 72 28 Gum

2080 4524 84 27 Boots
2190 4522 55 29 and
2270 4523 70 27 Own
2365 4521 83 29 Make
2468 4520 181 36 Watertights
2674 4519 24 29 al-

2080 4571 73 26 ways
2166 4570 36 18 on
2215 4560 84 28 hand.

2115 4598 115 36 Repairs
2242 4597 142 37 promptly
2394 4595 131 31 executed
2538 4595 54 29 and
2606 4595 106 28 elastics

2082 4637 129 28 inserted.

2108 4714 69 28 Note
2191 4713 47 29 the
2249 4711 119 30 Address
2378 4710 142 31 :-JOHN
2541 4709 148 35 BROWN,

2082 4760 87 31 Boot
2193 4760 27 31 &
2247 4758 210 33 Shoemaker
2478 4758 27 31 &
2535 4759 177 38 Importer,

2145 4805 140 35 (Opposite
2299 4802 81 29 Bank
2392 4803 31 28 of
2432 4803 68 28 New
2514 4802 140 36 Zealand.)

1458 4623 44 40 A.
1559 4622 47 41 G.
1667 4620 122 40 FEN
1807 4616 185 48 WICK,

1540 4715 128 31 Princes
1691 4712 60 37 St.,
1766 4711 149 36 Dunedin,

1458 4796 139 28 FINING
1615 4795 79 28 AND
1711 4792 180 30 GENERAL
1907 4790 113 31 SHARE-

1646 4869 165 32 BROKER.

1460 4950 158 36 Telegrams
1637 4946 145 38 promptly
1807 4945 131 28 attended
1964 4946 35 25 to.

1550 5061 176 37 Telegraphic
1738 5060 134 29 Address:
1874 5075 35 4 —

1475 5101 164 35 -Fenwick,
1662 5100 132 34 Broker,
1817 5099 176 29 Dunedin.—

1538 5184 122 34 JOHN
1693 5181 226 40 FENNSLL,

1485 5254 92 27 ENE
1587 5252 59 28 RA
1653 5252 24 27 L
1734 5251 39 28 O
1781 5247 261 31 TOREKEEPER,

1498 5332 85 29 Wine
1601 5338 57 20 and
1677 5329 96 29 Spirit
1796 5327 170 29 Merchant.

1449 5461 103 37 Money
1571 5459 103 37 alway3
1694 5459 30 28 in
1745 5458 77 28 hand
1841 5458 42 28 for
1901 5456 113 36 cashing

1667 5498 127 36 cheques.

1450 5628 109 29 Liberal
1572 5626 135 29 advances
1719 5626 82 27 made
1817 5634 36 19 on
1865 5625 107 36 parcels
1985 5623 30 29 of

1628 5664 119 30 retorted
1761 5663 72 39 gold.

1559 5795 80 38 Cliff
1656 5794 121 46 Street,
1801 5793 107 45 Lyell

2561 188 117 31 Public
2708 188 150 30 Notices.

2070 427 103 59 m
2198 418 158 64 'B6-,

3043 407 251 89 '-'86.1

2328 568 245 61 JOHN
2635 563 451 62 FENNELL

2063 679 61 28 Has
2136 679 84 29 much
2238 679 125 38 pleasure
2382 681 29 27 in
2433 679 176 36 announcing
2627 682 28 25 to
2675 679 47 28 the
2744 677 171 30 inhabitants
2936 677 30 28 of
2987 675 80 37 Lyell
3091 674 55 29 and
3172 673 164 29 Burroundin

2437 718 119 29 districts
2578 718 47 29 the
2648 717 101 29 arrival
2773 717 30 28 of
2818 726 16 19 a
2853 714 125 30 LARGE

2575 962 271 31 COMPRISING—

2099 1041 95 38 The
2216 1041 158 40 Latest
2397 1039 225 40 Novelties
2641 1039 85 38 and
2751 1035 213 41 Fashions
2985 1033 39 37 in
3048 1030 165 40 Ladies'
3235 1030 85 39 and

2406 1093 153 43 Gents'
2589 1091 207 51 Wearing
2815 1086 199 54 Apparel,

2065 1184 68 32 And
2156 1184 106 32 invites
2286 1195 38 21 an
2348 1183 164 41 inspection
2537 1182 31 33 of
2589 1182 51 32 the
2664 1192 90 26 same,
2780 1179 108 41 feeling
2912 1189 67 21 sure
3003 1177 67 33 that
3093 1177 45 33 for
3166 1175 190 38 VARIETY,

2213 1227 190 40 QUALITY,
2420 1227 58 31 and
2492 1226 139 33 VALUE
2647 1225 70 40 they
2733 1224 159 31 CANNOT
2907 1223 36 32 be
2959 1221 249 34 SURPASSED.

2067 1408 141 41 Ladies'
2245 1409 72 41 and
2352 1408 198 42 Children's
2599 1404 214 44 WINTER
2857 1401 144 42 HATS
3039 1399 37 41 in
3117 1400 52 39 all
3212 1399 142 52 Shapes.

2104 1600 108 28 Ladies'
2229 1599 154 30 WINTER
2396 1598 164 30 JACKETS
2574 1597 55 30 and
2641 1597 116 28 CAPES
2770 1597 29 27 in
2812 1596 36 28 all
2860 1596 47 29 the
2919 1596 108 28 Newest
3042 1596 103 36 Shapes
3159 1596 54 28 and
3228 1596 97 36 Styles.

2215 1675 86 37 New
2322 1675 166 37 Feathers
2504 1675 8 36 !
2553 1673 87 38 New
2661 1672 174 38 Flowers!
2876 1672 87 39 New
2985 1672 206 47 Trimmings
3206 1673 7 36 !

2068 1757 75 41 @g°
2166 1755 49 32 AU
2241 1755 52 32 the
2319 1754 96 34 NEW
2443 1754 59 31 and
2529 1751 289 35 FASHIONABLE
2847 1751 166 34 WINTER
3041 1750 132 34 DRESS
3196 1749 162 37 STUFFS,

2371 1827 68 34 And
2459 1827 235 33 TRIMMINGS
2716 1827 31 33 of
2765 1837 86 32 every
2871 1824 188 42 description.

2123 2008 86 74 fS,
2246 2008 117 64 BOYS'
2400 2010 71 61 and
2505 2008 178 64 YOUTHS'
2721 2006 214 65 CLOTHING
2969 2006 38 62 in
3036 2006 146 62 Endless
3208 2005 150 76 Variety.

2479 2299 119 36 CLIFF
2621 2299 170 40 STEEET,
2813 2300 147 36 LYELL.

2902 2420 118 30 Public
3044 2421 150 29 Notices.

2735 2498 161 39 FERN
2944 2498 155 41 FLIAT
3144 2497 217 48 HOTEL,

2891 2559 125 30 UPPER
3046 2559 164 30 BULLEE.

2733 2636 108 59 THE
2856 2636 85 29 above
2954 2637 176 29 well-known
3146 2637 74 28 hotel
3239 2637 23 28 is
3284 2637 81 35 again

2821 2676 88 28 under
2918 2675 46 29 the
2975 2681 193 31 management
3177 2676 29 28 of
3216 2676 44 28 Mr
3272 2674 93 31 Alfred

2734 2712 100 35 Smith,
2845 2714 46 28 the
2904 2714 100 28 former
3016 2716 157 34 proprietor.

2766 2790 93 37 Every
2871 2791 238 29 accommodation
3117 2791 55 28 and
3185 2791 180 28 convenience

2733 2827 39 28 for
2786 2828 140 29 travellers
2938 2828 119 29 between
3071 2829 47 28 the
3130 2830 78 28 West
3220 2829 82 28 Coast
3313 2829 53 27 and

2735 2866 110 34 Nelson,
2866 2867 151 36 Hampden
3040 2865 172 35 Matakitaki,
3236 2867 129 36 Glenroy,

2733 2904 116 34 Maruia,
2863 2905 54 28 and
2929 2905 46 28 the
2989 2905 84 28 Owen
3086 2906 89 27 Reefs.

2734 2982 159 28 Newman's
2906 2982 90 35 Royal
3019 2982 68 28 Mail
3107 2982 70 28 Line
3198 2982 30 28 of
3245 2982 121 28 Coaches

2767 3019 81 29 make
2872 3020 56 28 this
2949 3018 137 39 hostelory
3106 3020 48 28 the
3174 3020 60 28 first
3256 3020 76 35 day's

2802 3061 76 34 stage
2890 3059 71 27 from
2972 3058 75 29 West
3055 3059 83 29 Coast
3147 3061 28 25 to
3186 3059 111 28 Kelson.

2767 3133 104 28 Horses
2885 3133 54 29 and
2957 3134 146 36 equipages
3116 3143 16 19 a
3146 3133 151 37 speciality.

2915 3182 189 37 ALFRED
3127 3182 162 46 SMITH,

3167 3226 165 36 Proprietor.

3190 3309 36 41 &
3270 3309 96 47 CO.,

3051 3411 170 20 WHOLESALE
3251 3410 56 20 AND

3125 3449 101 20 RETAIL

2771 3501 595 46 BUTCHERS.

2838 3596 114 29 Dealers
2965 3595 30 28 in
3008 3596 37 27 all
3058 3595 179 36 descriptions
3250 3594 30 28 of

2752 3644 106 30 FARM
2893 3644 79 29 AND
3009 3643 120 29 DAIRY
3164 3641 190 30 PRODUCE.

2736 3720 100 30 Hotels
2844 3719 56 30 and
2912 3719 131 29 Families
3051 3717 99 30 waited
3163 3727 37 19 on
3211 3717 42 28 for
3262 3716 107 29 Orders.

2771 3797 100 30 Orders
2891 3796 138 29 delivered
3047 3798 29 26 to
3098 3794 37 29 all
3155 3797 76 35 parts
3243 3803 17 19 o
3290 3793 47 29 the

2995 3834 124 28 District.

2910 3911 73 27 Note
2997 3909 48 31 the
3058 3909 123 28 Address

2757 3959 113 33 |S»W
2889 3959 65 29 0L
2973 3959 23 28 F
3067 3957 148 29 AND.
3262 3955 91 34 CO.,

2790 3999 73 28 Next
2886 3998 47 27 the
2958 3997 190 27 Government
3166 3994 154 36 Buildiugs,

2885 4036 85 28 Cliff
2990 4034 119 32 Street,
3128 4033 104 28 Lyell.

2739 4129 114 41 THE
2911 4126 203 42 EMPIRE
3172 4125 198 48 HOTEL,

2835 4195 111 30 CLIFF
2966 4193 154 34 STREET,
3140 4192 133 28 LYELL.

2740 4307 51 28 HI
2795 4306 53 28 HE
2864 4305 84 28 above
2961 4304 75 28 hotel
3055 4303 48 27 has
3116 4302 69 28 been
3206 4300 78 30 fitted
3305 4301 67 28 with

2748 4349 36 17 -*-
2824 4344 36 30 all
2872 4344 113 28 modern
2994 4342 216 37 improvements
3222 4339 151 35 regardless

2739 4384 29 29 of
2778 4387 66 28 cost,
2859 4382 55 29 and
2935 4380 196 37 consequently
3151 4379 80 27 oilers
3253 4380 120 35 superior

2740 4421 245 31 accommodation.

2890 4519 210 31 FENNELL'S
3121 4518 103 29 HALL

2740 4563 30 27 Is
2794 4570 16 19 a
2831 4560 154 28 well-fitted
3006 4566 86 23 room,
3118 4558 67 28 with
3206 4556 70 36 good
3298 4560 75 29 sta^c

2775 4597 246 33 accommodation,
3035 4595 55 29 and
3103 4594 132 29 excellent
3248 4596 91 35 piano.

2744 4693 109 39 Sample
2865 4701 100 20 rooms.
3002 4690 128 36 Booking
3145 4690 80 36 Office
3232 4689 51 36 for
3295 4689 62 27 Neiv-

2844 4735 89 26 mans'
2947 4730 92 38 Royal
3056 4729 73 29 Mail
3144 4728 126 30 Coaehcs.

2809 4792 106 34 JOHN
2938 4788 205 37 FENNELL,
3156 4787 177 41 Proprietor.

2660 4964 128 40 TRY

2083 5131 36 49 3
2162 5131 77 43 iirv

2084 5181 35 24 Ha

2549 5114 233 57 PAI

2327 5282 202 42 *?r^**
2530 5302 17 22 A
2550 5287 35 26 *i

2502 5701 71 39 IS
2651 5698 93 40 TH
2770 5698 31 38 E
2878 5696 88 40 BE
2997 5696 24 40 S
3049 5694 76 40 T.-

3566 180 117 31 Public
3709 180 149 30 Notices.

3575 274 275 42 y-SfiaHH

3766 374 146 32 LYELL.

3488 514 204 39 JAMES
3743 512 183 45 EDGE,

3488 587 119 26 HOLE
3617 585 109 28 SALE
3763 585 79 26 AND
3887 583 142 29 RETAIL

3541 660 338 33 BUTCHER.

3394 771 99 28 Hotels
3506 771 53 27 and
3573 771 132 27 Families
3724 769 100 28 waited
3846 779 36 18 ou
3896 769 82 35 Daily
3990 769 42 28 for

3658 807 110 29 Orders.

3446 903 76 30 Meat
3535 903 146 28 Delivered
3699 906 27 25 to
3740 902 37 28 all
3797 905 75 34 parts
3885 902 26 27 of
3933 902 46 27 the

3652 941 125 28 District.

3395 1036 121 31 NEW
3559 1035 155 32 CHUM
3752 1032 279 38 BUTCHERY,

3463 1093 129 36 Opposite
3602 1089 152 32 Alhambra
3765 1090 93 32 Hotel,
3874 1089 86 37 Lyell.

3398 1181 111 54 ALL
3530 1180 241 54 NATIONS
3801 1180 231 54 BAKERY

3536 1328 170 39 HENRY
3737 1328 165 38 YOUNG

3400 1399 157 31 -nAKER
3589 1399 82 31 AND
3707 1398 326 35 CONFECTIONER,

3399 1441 44 39 -D
3577 1465 82 31 Cliff
3679 1466 56 38 St.,
3754 1465 103 37 Lyell.

3399 1571 149 35 Pic-Nics,'
3559 1571 89 32 Balls,
3668 1570 58 29 and
3727 1597 15 10 a
3745 1570 122 37 Suppers
3897 1568 139 37 supplied.

3399 1679 200 37 Christening,
3627 1679 157 37 Wedding,
3807 1679 58 32 and
3890 1677 146 34 Birthdav

3399 1724 92 31 Cakes
3513 1724 85 31 made
3624 1734 38 20 on
3686 1724 50 30 the
3758 1724 128 30 shortest
3907 1723 126 40 possible

3664 1768 106 31 notice.

3472 1833 39 32 H.
3536 1834 150 36 YOUNG,
3704 1832 71 32 Cliff
3798 1834 55 31 St..
3870 1832 94 41 Lyell.

3509 1921 177 42 JAMES
3735 1921 188 47 INGLIS,

3403 2034 43 61 S
3451 2035 42 29 Ei

3451 2035 263 30 HAREBROKER
3746 2037 20 27 &
3796 2035 236 30 COMMISSION

3791 2168 32 31 T,

3478 2276 116 28 Cliff
3632 2276 158 31 Street,
3828 2276 139 26 Lyell.

3421 2366 127 36 POST
3592 2366 193 36 OFFICE
3828 2365 189 41 HOTEL,

3608 2424 220 27 LYELL.

3452 2521 224 37 PETER
3706 2520 281 38 MANGOS

3405 2582 140 69 BEGS
3566 2586 27 25 to
3606 2582 103 29 inform
3728 2581 44 29 his
3790 2581 102 29 mends
3914 2580 55 30 and
3990 2580 46 30 the

3507 2621 91 36 public
3620 2622 63 27 that
3707 2620 42 28 his
3769 2630 61 19 new
3850 2620 187 28 commodious

3575 2660 85 28 Hotel
3672 2660 23 27 is
3709 2668 62 19 now
3784 2668 80 27 open.

3402 2697 152 29 Travellers
3573 2699 55 27 and
3646 2699 110 27 visitors
3775 2701 28 25 to
3822 2698 55 28 this
3895 2697 131 29 establish

3436 2740 78 24 nient
3525 2737 56 26 will
3594 2736 58 27 find
3664 2736 72 27 their
3746 2736 116 27 comfort
3872 2735 54 28 and
3939 2745 47 18 con-

3470 2774 131 29 venience
3612 2773 167 38 thoroughly
3789 2773 129 29 attended
3932 2777 37 26 to.

3403 2814 57 27 The
3473 2814 148 27 bedrooms
3643 2823 46 17 are
3699 2814 78 34 lofty,
3791 2814 55 26 and
3859 2813 64 27 well
3935 2812 104 36 lighted

3605 2852 56 28 and
3681 2851 158 28 ventilated.

3438 2928 205 29 Comfortable
3673 2928 129 28 Parlors
3829 2936 55 19 and
3904 2928 87 28 First-

3621 2975 82 20 class
3721 2967 105 27 Table.

3421 3006 58 27 One
3503 3005 30 28 of
3552 3005 128 28 Aicock's
3693 3005 80 27 Prize
3785 3005 118 28 Billiard
3916 3004 107 28 Tables.

3404 3082 58 28 The
3476 3082 56 28 Bar
3544 3082 23 27 is
3581 3081 112 29 stocked
3704 3080 66 30 with
3784 3081 75 33 Ales,
3868 3080 105 33 Wines,
3987 3080 52 28 and

3457 3120 98 35 Spirits
3568 3122 30 24 of
3613 3120 169 34 guaranteed
3799 3119 102 28 brands
3914 3120 74 34 only.

3438 3158 24 28 A
3480 3158 143 28 first-class
3645 3156 184 30 sixteen-stall
3841 3156 87 29 stable
3941 3157 74 28 iscon-

3404 3198 98 28 nected
3514 3198 69 27 with
3597 3197 56 28 this
3667 3197 86 27 hotel.

3655 3235 127 28 PETER
3806 3235 166 29 MANGOS,

3840 3273 154 35 Proprieor.

3438 3363 264 33 FREDERICK
3719 3363 144 32 JONES
3881 3362 28 31 &
3929 3362 78 38 CO.,

3438 3414 168 28 CABINET
3620 3414 155 27 MAKERS
3787 3413 78 27 AND
3877 3411 161 29 UPHOLS-

3438 3446 19 28 J
3647 3449 158 34 TERERS,

3505 3504 185 29 Palmerston
3710 3502 55 35 St.,
3777 3502 165 32 Westport,

3408 3554 66 27 New
3488 3552 147 28 Furniture
3649 3551 54 28 and
3723 3551 126 33 Bedding
3861 3549 177 32 Warehouse,

3477 3589 121 37 opposite
3613 3589 122 35 Hughe's
3748 3588 112 35 Empire
3876 3588 91 27 Hotel.

3407 3636 316 39 Worshop:—Opposite
3737 3635 87 29 Bailie
3836 3635 21 28 &
3870 3634 72 29 Co.'s
3953 3634 85 29 Store.

3408 3714 116 28 JONES
3545 3715 20 26 &
3587 3713 56 27 CO.
3657 3713 70 26 have
3747 3713 30 26 in
3797 3711 77 28 stock
3885 3720 16 17 a
3914 3711 69 34 good
3997 3720 27 17 as-

3409 3751 89 30 sorted
3518 3751 40 28 lot
3578 3750 30 29 of
3627 3749 106 29 Double
3754 3749 55 28 and
3832 3748 91 36 Single
3940 3748 99 36 Spring

3411 3790 167 31 Mattrasses,
3592 3788 107 28 Double
3712 3788 54 28 and
3785 3788 92 34 Single
3897 3787 66 27 Iron
3984 3787 55 26 and

3410 3827 88 30 Wood
3510 3826 160 33 Bedsteads,
3677 3826 47 28 the
3735 3824 139 37 Longford
3883 3824 75 29 Wire
3966 3824 73 28 Beds

3410 3866 145 28 Palliasses
3577 3865 68 27 Flax
3667 3864 167 30 Mattrasses,
3850 3863 109 27 Pillows
3985 3862 54 28 and

3410 3904 132 32 Bolsters,
3567 3901 191 33 Washstands,
3782 3901 131 34 Dressing
3934 3899 105 33 Tables,

3410 3941 88 30 Toilet
3512 3941 61 29 Sets
3586 3939 54 30 and
3662 3939 110 29 Glasses
3787 3938 45 37 (all
3846 3939 89 31 sizes),
3949 3937 90 28 Towel

3410 3981 86 31 Kails,
3510 3981 112 26 Cornice
3636 3979 85 32 Poles,
3830 3977 55 28 and
3897 3976 142 33 Brackets,

3409 4019 129 28 x\ustrian
3553 4017 55 28 ami
3621 4016 119 28 Kitchen
3754 4016 97 27 Chairs
3865 4015 53 27 and
3932 4014 107 30 Tables,

3409 4057 132 33 Couches,
3565 4056 87 33 Sofas,
3674 4055 96 28 Chests
3789 4054 30 28 of
3836 4054 127 28 Drawers
3984 4052 55 28 and

3410 4096 185 29 Chefnoniers,
3791 4093 45 34 (all
3860 4093 91 32 sizes),
3976 4091 63 27 Side

3410 4133 54 29 and
3478 4133 87 38 Gipsy
3577 4132 97 29 Tables
3686 4132 29 28 in
3728 4131 78 29 black
3826 4130 53 28 and
3900 4129 72 36 gold,
3985 4129 54 28 and

3410 4173 71 34 gold,
3496 4172 53 27 and
3563 4172 36 27 all
3612 4172 80 26 kinds
3706 4171 29 26 of
3754 4171 92 33 Fancy
3867 4169 96 27 Tables
3986 4168 53 27 and

3410 4209 139 29 Brackets.
3580 4209 146 28 American
3737 4206 228 32 Perambulators,
3972 4205 50 28 Bas-

3409 4249 44 28 ket
3456 4258 81 24 ware,
3551 4248 43 28 (fee.

3446 4287 70 29 23T
3529 4287 45 26 Ail
3591 4285 92 28 orders
3704 4283 140 29 entrusted
3857 4286 27 24 to
3897 4291 31 19 us
3941 4282 55 27 will
4008 4281 31 28 be

3411 4324 161 38 punctually
3584 4322 128 29 attended
3730 4325 36 24 to.

3446 4362 150 29 N.B.—All
3608 4362 80 28 kinds
3702 4360 29 28 of
3748 4360 119 29 Turnery
3883 4357 73 29 work
3970 4357 69 28 done

3411 4411 35 19 on
3457 4401 45 29 the
3512 4401 140 36 premises.
3689 4398 113 28 Billiard
3814 4398 76 27 Balls
3900 4395 139 30 re-turned

3411 4440 54 28 and
3479 4439 134 32 coloured,
3628 4437 80 36 equal
3721 4440 28 25 to
3759 4445 68 23 new,
3841 4435 44 36 15/
3897 4444 48 27 per
3957 4440 48 21 set.

3412 4531 42 31 To
3488 4541 56 21 our
3579 4528 172 32 Customers
3783 4537 30 20 in
3843 4536 56 21 tiie
3930 4524 108 33 Lyell.

3588 4634 271 34 NOTICE.
3907 4656 7 5 •

3490 4745 139 38 tttITII
3644 4756 16 21 a
3677 4745 72 31 view
3772 4746 30 30 to
3824 4741 140 42 reducing

3500 4778 42 49 W
3596 4799 53 21 our
3683 4788 79 40 large
3810 4786 82 32 stock
3936 4786 31 32 of

3489 4832 192 32 DRAPERY
3701 4832 22 31 &
3747 4829 215 36 CLOTHING,

3489 4887 42 21 we
3559 4886 49 22 are
3632 4875 123 40 holding
3782 4884 17 21 a
3827 4873 138 39 Clearing

3491 4920 77 37 Sale,
3591 4919 57 32 and
3672 4919 59 31 will
3754 4918 36 32 be
3812 4917 98 42 happy
3933 4919 31 30 to

3490 4966 36 29 do
3555 4974 17 20 a
3598 4964 60 29 line
3683 4973 32 20 or
3739 4964 57 29 two
3820 4962 72 30 with
3913 4960 50 32 the

3490 5007 75 41 good
3578 5006 102 41 people
3695 5006 31 32 of
3743 5004 49 33 the
3807 5004 85 42 Lyell
3907 5004 58 31 and

3491 5051 124 31 district.

3530 5141 54 31 We
3593 5141 75 30 have
3677 5140 126 31 reduced
3812 5150 52 19 our
3871 5139 93 39 prices

3490 5184 38 43 by
3543 5195 54 21 one
3609 5183 89 37 third,
3712 5183 58 31 and
3782 5193 31 20 as
3825 5192 85 31 every
3921 5185 28 27 at-

3491 5230 115 31 tention
3621 5228 24 32 is
3661 5228 85 40 given
3761 5232 30 27 to
3806 5227 99 32 orders
3926 5226 38 40 by

3491 5276 67 37 post
3573 5284 30 20 or
3618 5271 163 36 otherwise,
3797 5271 23 30 it
3845 5270 60 30 will
3928 5270 35 30 be

3491 5321 31 28 to
3531 5327 72 30 your
3612 5316 121 31 interest
3745 5317 30 30 to
3787 5314 71 31 send
3869 5323 17 21 a
3897 5312 68 33 trial

3491 5362 93 32 order.

3533 5452 61 30 The
3617 5451 162 39 advantage
3805 5449 30 32 of
3857 5448 109 41 buying

3493 5501 30 26 at
3538 5496 49 31 the
3602 5496 117 40 present
3734 5494 70 31 time
3826 5493 24 30 is
3874 5492 92 40 really

3493 5539 59 32 this
3566 5551 47 19 :
3628 5539 65 31 You
3728 5541 48 37 get
3805 5538 40 31 to
3873 5536 92 32 worth

3468 5674 44 39 E.
3542 5675 33 38 J.
3605 5672 213 40 WARNER
3846 5672 31 38 &
3904 5672 84 45 CO.,

3415 5739 68 44 Thp
3510 5738 75 45 Hall
3613 5737 37 46 of
3671 5737 191 46 fianiTnpw
3906 5735 123 48 Nftkrrn
