3270 4250
204 77 396 84 Hot
732 77 661 84 Lakes
1525 77 1321 84 Chronicle.

442 379 213 38 -A-lETID
709 381 507 39 TOURISTS'

2091 388 466 42 croxri^isr^Xj

459 493 451 87 Circulating
932 494 454 85 throughout
1409 493 127 69 the
1560 493 289 71 Tourist
1894 496 304 72 Resorts
2246 503 81 66 of
2362 504 125 69 the
2533 504 266 72 World.

80 646 55 20 VOL.
150 647 19 16 4.
198 646 40 18 No.
256 647 43 16 193.

1264 644 140 22 ROTOKUA,
1421 644 57 21 IN.Z.,
1496 644 186 22 WEDNESDAY,
1699 645 115 20 AUGUST
1828 647 30 21 12,
1877 647 47 18 1896

2855 661 255 27 PJJICE—'TI-IKEEPEN
3115 669 31 19 CE

80 728 23 25 BY
116 727 86 25 SPECIAL
228 722 74 48 ggg
314 728 150 25 APPOINTMENT

109 776 58 26 ASK
192 776 145 26 GROCERS
364 776 55 26 FOR

162 943 156 63 MOATE
333 944 39 62 &
389 943 88 63 Go's

109 1042 161 27 CEYLON
317 1061 78 13 sssss
409 1065 18 13 H

110 1078 133 26 INDIAN
276 1066 199 50 &TFAS

109 1113 184 26 BLENDED
331 1103 13 21 8

188 1153 152 19 AWARDED

85 1180 69 23 GOLD
165 1180 55 24 AND
231 1181 97 23 SILVER
339 1181 110 24 MEDALS

98 1221 59 25 Why
172 1221 45 26 buy
233 1221 96 21 Inferior
343 1221 56 21 Teas
414 1223 63 19 when

56 1254 39 20 you
108 1253 43 14 can
165 1249 37 24 get
217 1248 24 20 N.
258 1248 27 20 M.
301 1248 17 20 &
334 1248 55 20 Co.'s
403 1249 23 19 at
441 1249 36 20 the

56 1279 55 15 same
125 1274 67 25 price.
226 1273 36 21 All
276 1274 78 20 others
372 1280 39 14 are
426 1275 51 25 only

56 1301 67 24 copies
142 1301 23 19 in
185 1306 72 18 name,
272 1301 45 19 and
339 1306 39 14 ars
393 1301 84 25 pushed

56 1327 30 20 for
99 1327 63 20 extra
177 1327 73 25 profit.

99 1361 12 12 A
121 1360 44 16 proof
177 1360 16 13 of
204 1360 27 14 the
243 1361 94 16 superiority
350 1360 16 13 of
374 1360 19 14 N.
405 1361 21 13 M.
435 1361 12 13 &

83 1377 40 13 Co.'b
132 1377 38 13 Teas
177 1377 13 13 is
200 1377 26 13 tbo
236 1377 32 13 fact
277 1378 34 12 that
320 1376 76 16 although
403 1377 43 13 there

83 1397 25 9 are
116 1393 79 14 hundreds
207 1393 15 14 of
233 1394 55 16 packet
298 1395 32 11 teas
342 1397 20 9 011
374 1393 26 13 the
410 1397 28 9 mar-

83 1410 30 15 ket,
132 1410 19 13 N.
163 1410 22 13 M.
198 1410 11 13 &
224 1410 41 13 Co.'s
280 1410 38 13 Teas
333 1413 27 10 are
376 1409 15 14 in
410 1411 37 12 such

84 1426 63 13 demand
157 1426 34 13 that
204 1426 36 16 they
253 1426 28 13 sell
293 1426 53 16 nearly
358 1426 88 13 one-fourth

83 1443 16 12 of
115 1442 26 13 the
160 1442 48 14 whole
225 1443 16 13 of
258 1443 27 13 the
304 1444 24 12 tea
345 1442 87 14 consumed.

56 1463 97 24 SOLD

50 1623 32 34 m\

139 1577 49 25 Do
200 1578 57 25 not
270 1577 119 31 Forget

139 1624 253 46 CRAIG'S

103 1690 165 18 CURIOSITY
288 1689 81 18 SHOP
388 1688 45 19 and

195 1716 142 22 MUSEUM,

126 1757 112 23 Opposite
246 1757 79 18 Grand
332 1756 77 22 Hotel,

89 1798 125 25 PRINCES
226 1798 44 26 ST,
281 1796 170 26 AUCKLAND.

138 1921 142 16 JNSURG
306 1921 92 15 AnilTH

53 1955 49 16 THE
107 1954 80 17 SOUTH
197 1954 96 16 HRTTISH
303 1954 77 16 FUtEfc
389 1953 98 17 MARINE

125 1977 42 15 Cov.
179 1976 30 16 OF
219 1975 56 16 NEW
284 1975 121 16 ZEALAND.

51 1998 74 16 Capital
382 1998 103 17 £1,900,000

96 2018 93 17 LTiilin.ilfed
205 2018 74 21 liability
289 2018 17 16 of
313 2018 11 16 S
334 2018 108 16 mietnildeiH.

52 2041 54 17 Beius;
115 2046 8 9 Ji
134 2040 12 16 C
155 2040 55 16 'lonial
225 2040 102 15 Im-titution
341 2039 63 16 Profits
418 2045 28 10 ure
459 2039 17 16 in-

200 2062 58 14 vested
266 2061 68 20 locally.

54 2083 45 15 Head
116 2083 53 15 Office
395 2082 90 15 Auckland

51 2104 50 17 1.0c.al
110 2111 16 12 a;
134 2107 28 12 cut
341 2104 12 14 J
372 2103 26 17 W.
407 2103 78 21 Wtiiiley

56 2166 209 45 Hotorua
289 2163 194 48 Sawmill

139 2222 249 55 Company.

60 2310 48 23 \\J
114 2310 64 17 HfTE
190 2310 54 17 AXD
263 2309 52 17 RED
334 2309 65 16 PIXE
418 2309 19 16 of
454 2308 32 17 the

64 2326 32 25 VV
137 2333 56 17 finest
201 2333 74 22 quality
284 2332 39 17 and
338 2332 92 22 carefully
447 2333 38 16 cut.

235 2356 65 17 ALSO

51 2384 88 24 Matai,
172 2384 127 26 Pukatea,
329 2383 51 22 and
407 2382 79 23 Tawa

90 2414 129 29 Shingles,
232 2413 116 29 Palings,
363 2413 96 22 Slocks

194 2445 51 22 and
253 2444 77 22 Posts

75 2477 19 18 A
107 2476 53 26 good
172 2476 40 18 and
223 2475 91 19 assorted
324 2474 75 26 supply
409 2474 78 25 always

50 2509 25 12 on
85 2502 54 19 Land
150 2505 21 16 at
181 2502 34 19 the
225 2501 83 20 Timber
318 2501 64 23 Yard,

174 2534 184 17 ROTORUH.

51 2564 161 25 N.B.—Special
221 2570 46 12 care
277 2563 64 19 taken
352 2563 20 18 in
390 2562 35 19 tlio
442 2569 34 12 sea-

226 2590 79 24 soning.

51 2626 158 20 PRICES'AT
223 2626 145 19 CURRENT
381 2626 105 19 RATES.

90 2659 37 19 W.
143 2658 168 22 HEN3HAW,
322 2658 120 22 Manager.

111 2692 93 57 IT
218 2706 175 47 GOODSOM,

195 2760 151 31 SiOTORUA

52 2805 83 32 COAL
153 2805 26 31 &
200 2803 169 33 FIREWOOD
389 2801 98 37 YARD,

137 2849 145 19 PUKUATUA
295 2848 103 21 STREET,

75 2932 63 18 Goods
147 2930 95 19 delivered
249 2931 51 16 after
313 2929 71 18 arrival
397 2929 21 17 of
430 2928 60 18 trains

51 2958 20 15 to
80 2956 24 17 all
113 2956 54 23 parts
176 2955 19 17 of
204 2954 33 18 tlie
245 2955 53 16 town
307 2953 46 17 with
362 2953 126 22 promptness.

52 2992 61 23 Large
122 2991 58 18 Stack
193 2991 20 17 of
230 2989 46 19 Coal
293 2989 38 18 and
348 2988 99 19 Firewood
461 2988 19 17 al-

122 3020 52 17 ways
183 3020 25 11 on
216 3013 50 18 hand
277 3012 40 18 and
325 3012 96 18 delivered

177 3038 20 16 at
205 3037 33 17 the
251 3036 83 18 shortest
345 3036 20 17 at

54 3077 155 24 GREATLY
214 3076 66 23 iIED
287 3075 82 23 (7CEB
374 3075 21 22 E
403 3075 15 22 4
423 3074 59 23 TES

215 3128 35 17 F'-"
266 3127 7 13 3
317 3127 8 18 8

160 3127 210 54 BE.L.L,

54 3204 376 36 CiRPENTS
449 3204 40 36 H,

159 3247 106 18 FENTON
282 3246 103 20 STREET,

148 3281 100 18 Opposite

77 3311 68 17 Sashes
153 3309 55 18 made
217 3311 20 16 to
245 3309 63 17 order.

78 3368 67 52 A.
188 3364 280 61 BRADY,

54 3429 115 21 BAKBER
191 3429 60 19 AND
281 3426 210 24 HAIRDRESSER,

53 3462 93 44 I)EGS
156 3464 21 16 to
189 3466 105 14 announce
305 3459 45 19 tliat
358 3459 26 19 ho
395 3459 84 19 hascom-

79 3484 14 21 )
122 3495 26 12 mi
155 3488 50 19 nced
217 3487 94 19 business
321 3486 20 18 in
354 3485 34 19 the
405 3485 52 25 shop
472 3485 20 17 in

54 3518 35 18 the
105 3515 32 19 old
153 3518 61 18 town,
235 3512 97 25 formerly
352 3511 96 25 occupied
466 3510 28 25 by

55 3544 33 18 Mr
98 3541 123 23 McFadyen,
231 3539 87 22 saddler,
336 3537 42 19 and
394 3537 64 25 hopes
472 3539 21 16 to

55 3569 58 19 merit
124 3574 12 12 a
146 3569 59 16 share
217 3566 21 18 of
248 3565 35 19 the
294 3564 70 25 public
374 3565 91 23 support.

138 3599 160 20 RAZORS
327 3597 78 19 SET.

78 3669 23 19 A
109 3667 84 20 Choice
204 3664 154 21 Assortment
372 3663 27 19 of
409 3663 71 19 Tobac-

55 3698 46 17 cos,
112 3692 86 22 Cigars,
210 3689 131 23 Cigarettes
349 3687 20 19 &
377 3686 117 19 Smoker's

56 3707 139 32 Requisites.

102 3758 159 21 UCKLAND
274 3755 221 19 ADVERTISING

214 3781 113 20 AGENCY,

79 3817 100 17 Victoria
191 3814 90 19 Arcade,
296 3812 73 19 Queen
387 3809 84 19 Street.

110 3845 123 23 Advertising
240 3845 18 16 in
269 3843 25 18 idl
307 3843 25 17 its
341 3841 98 18 branches.

56 3872 52 20 New,
124 3870 75 22 Unique
216 3868 38 17 and
268 3865 87 19 Tasteful
371 3864 125 22 Advertising

229 3890 93 18 Medium.

79 3917 69 19 Orders
157 3916 50 17 from
216 3914 25 17 all
249 3915 54 21 parts
313 3910 92 20 attended
414 3911 20 16 to
449 3910 47 17 with

56 3948 42 11 care
107 3939 38 19 and
153 3938 116 23 expedition.

130 3977 38 39 t
169 3997 9 19 »
179 3976 14 38 :
211 3994 52 46 M
278 3994 16 19 c
303 3994 47 43 A
361 3990 105 19 oley
468 3976 4 68 '

58 4070 123 24 Plumber
198 4067 21 22 &
230 4062 115 27 General
358 4059 138 25 Mechanic

149 4126 133 19 Tutanekai
302 4121 95 20 Street,

118 4177 31 22 R
166 4175 29 23 O
211 4176 28 21 T
256 4172 29 23 O
305 4171 31 22 F?

503 733 165 132 THE
706 733 541 130 GOVERNMENT
1296 733 551 109 SANATORIUM.

797 905 281 49 ROTORUJL
1123 905 126 45 .NEW
1287 903 274 47 ZEJIULND.

549 993 180 18 OTORITA.—This
737 995 107 16 wonderful
851 995 73 17 district
932 995 16 16 is
957 994 129 22 unparalleled
1094 994 19 17 in
1122 995 32 16 the
1163 994 69 17 known
1242 994 60 17 world
1312 994 29 17 for
1349 994 32 17 the
1390 994 80 17 number
1478 994 37 17 and
1524 994 73 22 variety
1607 995 20 16 of
1635 995 25 16 its
1668 994 89 17 Thermal
1766 994 85 26 Springs.

525 1014 22 21 \i
572 1017 25 17 As
606 1023 11 11 a
626 1016 65 18 health
700 1019 61 15 resort
769 1018 25 17 its
802 1018 109 22 popularity
919 1018 16 17 is
944 1018 75 22 rapidly
1026 1018 113 23 increasing,
1148 1017 39 17 and
1200 1017 43 17 that
1258 1017 80 23 entirely
1355 1023 24 11 on
1393 1018 25 16 its
1435 1023 42 12 own
1494 1018 70 19 merits,
1583 1023 20 12 as
1619 1017 85 18 hitherto
1720 1018 82 22 nothing
1818 1018 34 17 has

503 1040 48 17 been
559 1039 48 18 done
616 1040 19 16 in
645 1041 32 16 the
685 1046 44 16 way
737 1041 21 17 of
765 1041 122 22 advertising.

527 1063 84 17 Patients
621 1063 91 22 suffering
720 1063 49 18 from
779 1064 86 20 Chronic,
875 1063 101 20 Articular,
986 1063 38 18 and
1032 1063 99 18 Muscular
1138 1063 129 20 rheumatism,
1277 1063 57 21 Gout,
1345 1063 102 18 Rhumatic
1454 1063 56 21 Gout,
1524 1063 45 18 Skin
1579 1063 92 21 Diseases,
1689 1063 86 21 Sciatica,
1792 1064 45 17 Lum-

503 1086 55 22 bago,
579 1086 110 22 Neuralgia,
707 1086 87 17 Nervous
811 1087 125 20 Exhaustion,
954 1087 77 16 Uterine
1049 1087 97 20 Ailments,
1165 1086 38 17 and
1219 1086 56 22 tardy
1292 1087 141 17 convalescense
1451 1087 48 17 from
1515 1088 56 16 acute
1587 1087 81 17 diseases
1685 1093 43 16 may
1745 1087 40 22 rely
1801 1093 52 16 upon

503 1109 100 22 obtaining
610 1109 92 17 immense
711 1110 59 20 relief,
781 1110 38 17 and
827 1111 20 16 in
854 1110 31 17 the
895 1110 89 23 majority
994 1110 20 17 of
1022 1115 51 12 cases
1082 1116 11 11 a
1101 1110 92 22 complete
1203 1115 49 11 cure.

527 1169 52 18 THE
593 1169 112 18 PRIEST'S
715 1170 146 17 BATH.—This
870 1171 15 17 is
894 1170 87 24 strongly
990 1170 47 18 acid,
1052 1171 112 20 aluminous,
1181 1170 80 22 sulphur
1277 1171 64 19 water,
1360 1171 65 22 acting
1442 1176 19 12 as
1478 1176 11 11 a
1505 1171 94 22 powerful
1615 1171 43 16 skin
1675 1171 104 17 stimulant.
1812 1171 42 17 Hot

504 1193 37 16 and
551 1192 42 18 cold
602 1193 87 20 showers,
699 1193 38 16 and
746 1194 82 17 douches
837 1200 31 11 are
877 1194 90 22 provided
975 1194 39 16 and
1022 1194 126 21 comfortably
1157 1194 87 16 enclosed
1252 1193 87 23 dressing
1348 1199 62 12 rooms

528 1216 114 17 MADAME
663 1216 126 18 RACHEL'S
810 1216 145 18 BATH.—This
964 1216 106 18 celebrated
1079 1216 69 23 Spring
1156 1216 16 17 is
1181 1222 11 11 a
1207 1216 63 18 Saline
1285 1218 60 16 water
1357 1216 47 18 with
1421 1216 90 21 Silicates,
1526 1216 37 18 and
1576 1217 35 17 has
1628 1223 24 11 an
1666 1217 82 17 alkaline
1764 1217 89 17 reaction.

504 1239 39 17 The
553 1241 57 15 water
619 1239 15 16 is
643 1239 40 17 also
692 1245 22 11 us
721 1239 17 17 id
746 1240 103 22 internally
857 1241 30 16 for
896 1241 24 16 its
928 1240 98 17 beneficial
1034 1241 64 16 action
1106 1246 25 11 on
1139 1240 33 17 the
1179 1239 86 22 kidneys.

528 1262 52 17 THE
601 1262 70 17 BLUE
691 1263 146 17 BATH.—This
854 1263 14 18 is
885 1263 32 17 the
933 1263 72 23 largest
1021 1263 77 17 natural
1115 1263 108 22 swimming
1238 1263 47 16 bath
1299 1263 21 16 in
1335 1263 32 17 the
1384 1263 94 17 Southern
1486 1263 132 23 Hemisphere.
1644 1263 20 17 It
1672 1263 69 17 affords
1749 1263 105 18 rheumatic

504 1285 80 18 invalids
593 1291 9 11 a
613 1291 64 11 means
686 1286 20 16 of
715 1286 69 22 taking
791 1286 82 22 painless
881 1286 86 20 exorcise,
978 1286 62 17 which
1049 1286 46 22 they
1103 1286 68 22 highly
1179 1286 114 22 appreciate.

529 1308 51 17 THE
590 1308 123 18 SULPHUR
722 1309 106 17 VAPOUR
837 1310 75 16 BATH.
915 1310 67 16 —This
990 1309 15 17 is
1011 1315 10 11 a
1027 1308 78 18 natural
1110 1310 34 16 hot
1148 1314 79 17 vapour,
1233 1308 70 23 highly
1309 1309 83 22 charged
1397 1309 46 17 with
1449 1309 80 23 sulphur
1538 1315 59 17 gases,
1610 1309 107 17 conducted
1729 1309 41 17 into
1784 1315 12 11 a
1809 1315 33 16 pro-

504 1332 54 22 perly
567 1331 120 18 constructed
696 1332 58 19 chest,
765 1333 19 16 in
793 1333 61 17 which
860 1333 32 16 the
899 1333 33 16 the
936 1333 76 21 patient
1019 1332 40 20 sits,
1070 1333 55 16 while
1134 1338 11 11 a
1151 1333 70 17 stream
1226 1332 21 17 of
1251 1332 89 22 palpable
1349 1332 80 22 sulphur
1434 1332 15 18 is
1455 1333 57 22 being
1518 1333 108 21 constantly
1632 1333 97 22 deposited
1735 1338 24 12 on
1767 1333 32 16 the
1806 1333 47 16 skin.

529 1355 52 16 THE
601 1354 60 18 NEW
682 1355 124 18 SULPHUR
827 1355 145 18 BATH.—This
984 1356 16 17 is
1013 1362 11 10 a
1036 1361 46 17 very
1094 1357 66 21 streng
1172 1355 60 18 acidic
1244 1356 59 17 water
1315 1355 20 17 of
1347 1355 48 21 high
1407 1357 132 21 temiiorature,
1553 1355 38 18 and
1607 1355 87 23 strongly
1712 1355 143 18 recommouded

505 1378 20 17 in
541 1383 50 12 cases
608 1378 20 17 of
644 1378 125 18 rheumatism
777 1379 39 16 and
824 1379 56 16 allied
889 1378 85 18 diseases.
1000 1379 39 16 The
1047 1378 48 17 bath
1109 1379 59 17 house
1184 1379 15 16 is
1217 1378 75 17 divided
1309 1378 40 17 into
1365 1378 69 18 Ladies
1450 1379 37 16 and
1504 1379 122 17 Gentlemens
1642 1379 130 22 departments
1785 1378 38 18 and
1839 1379 15 17 is

505 1401 78 22 capable
591 1401 19 16 of
619 1401 165 22 accommodating
792 1403 34 15 400
835 1402 76 17 bathers
920 1402 57 22 daily.

530 1425 52 16 THE
591 1424 164 18 ELECTRICAL
764 1425 254 17 DEPARTMENT.—This
1026 1425 120 23 department
1162 1425 15 17 is
1194 1425 72 23 replete
1282 1425 46 17 with
1343 1425 32 17 the
1392 1426 49 16 most
1455 1425 77 17 modern
1549 1425 108 23 appliances
1674 1426 29 16 for
1720 1425 88 23 carrying
1822 1427 34 15 out

505 1448 76 17 various
590 1448 59 16 forms
657 1448 21 17 of
685 1448 81 17 medical
774 1448 94 18 electrical
876 1449 102 16 treatment
986 1449 20 16 in
1015 1449 50 17 their
1076 1449 87 21 entirety.

531 1470 52 18 TIIE
589 1470 192 19 HYDROPATHIC
788 1472 116 17 PACKING
910 1472 54 16 AND
971 1472 120 17 MASSAGE
1096 1472 226 17 DEPARTMENT.—-A
1329 1472 55 17 series
1390 1472 20 17 of
1416 1477 61 12 rooms
1484 1478 31 11 are
1524 1472 99 17 furnished
1632 1472 38 17 and
1679 1474 27 15 set
1713 1474 55 20 apart
1774 1472 30 17 for
1810 1472 46 17 each

506 1500 38 14 sex,
553 1494 18 16 in
577 1493 56 18 order
638 1495 19 16 to
667 1500 55 17 carry
727 1496 35 16 out
770 1495 37 17 this
814 1495 103 22 important
923 1495 79 22 adjunct
1007 1496 20 16 to
1034 1496 108 16 treatment.
1148 1495 40 17 The
1193 1495 79 17 services
1279 1495 20 17 of
1304 1501 11 11 a
1320 1495 89 22 qualified
1416 1495 95 17 Masseuse
1516 1495 38 17 and
1559 1496 86 17 Masseur
1653 1501 33 11 are
1693 1495 114 17 obtainable.

507 1550 90 18 Resident
605 1550 109 21 Engineer:

577 1573 117 17 CAMILLE
707 1574 133 20 MALFROY,
851 1575 45 17 Esq.

1402 1551 90 17 Resident
1500 1552 83 16 Medical
1592 1551 169 22 Superintendent:

1479 1575 104 17 ALFRED
1596 1575 121 19 GINDERS,
1731 1575 54 17 M.D.

729 1718 910 71 WHAKAREWAREWA.

717 1862 58 24 Two
788 1862 70 23 miles
872 1862 75 31 from
966 1862 123 28 Rotorua,
1111 1861 134 31 adjoining
1259 1861 151 31 interesting
1420 1862 81 23 native
1513 1862 145 23 settlement.

688 1917 367 54 GEYSER
1111 1895 175 98 jj||
1341 1917 338 54 HOTEL.

1032 2019 69 23 PA
1126 2018 24 23 T
1165 2019 24 22 R
1209 2018 21 23 0
1249 2018 33 23 N
1299 2018 21 23 S
1330 2027 10 16 ;

651 2059 54 18 Earl
730 2059 27 18 of
779 2059 106 22 Kintore,
912 2059 55 18 Earl
992 2058 26 19 of
1040 2058 101 22 Onslow,
1164 2058 104 23 Marquis
1289 2058 27 18 of
1334 2058 129 23 Drogheda,
1487 2058 61 18 Lord
1569 2058 148 22 Carrington.

510 2094 22 24 rj
537 2091 30 18 Yn
572 2091 26 19 IS
612 2091 94 19 HOTEL
717 2091 36 18 has
764 2091 88 23 recently
864 2091 51 18 been
925 2091 143 23 considerahlj*
1078 2090 102 23 enlarged,
1192 2090 116 23 renovated,
1321 2090 40 18 and
1372 2090 129 19 refurnished
1512 2090 114 25 regardless
1635 2090 21 18 of
1672 2096 94 18 expanse,
1785 2089 40 19 and
1842 2090 16 18 is

515 2115 24 21 .1
577 2117 72 24 widely
659 2117 75 19 known
745 2117 32 19 for
788 2117 26 18 its
824 2117 99 18 excellent
933 2117 179 21 accommodation.
1124 2116 87 22 Cuisine,
1225 2117 33 18 &e.

885 2151 76 23 Here
973 2160 45 14 are
1030 2151 42 23 the
1086 2151 80 31 Chief
1174 2151 89 30 Sights
1274 2151 32 30 of
1314 2152 41 22 the
1367 2150 118 24 District.

638 2194 48 17 The
695 2192 141 19 Wonderful
846 2193 81 18 Steam
936 2192 45 19 and
991 2193 49 18 Hot
1049 2192 83 19 Water
1141 2192 130 24 Petrifying
1280 2192 100 23 Geysers
1395 2193 79 22 playing
1486 2192 67 22 nearly
1571 2193 32 16 100
1621 2192 38 17 foot
1675 2192 52 22 high.

510 2216 132 24 Petrifying
651 2217 107 23 Geysers,
769 2216 129 19 Cauldrons
908 2216 26 18 of
940 2216 91 23 Boiling
1040 2216 57 18 Mud
1106 2216 46 18 and
1162 2216 41 18 Oil.
1230 2216 76 23 Spout
1315 2216 66 22 Bath,
1393 2215 36 19 Oil
1438 2215 65 22 Bath,
1513 2215 72 18 Alum
1594 2215 60 18 Bath
1664 2214 20 18 &
1698 2214 80 19 Jack's
1790 2215 67 19 Bath.

510 2240 79 19 Known
600 2241 33 18 for
640 2240 35 19 the
682 2240 155 23 extraordinary
846 2246 57 12 cures
910 2240 22 18 of
942 2239 149 24 Rheumatism,
1103 2239 118 24 IS'eunilyin,
1232 2239 114 25 Lumbago,
1355 2240 91 22 Sciatica,
1456 2239 87 24 Kidney,
1557 2239 61 18 Liver
1626 2238 40 19 and
1673 2238 58 19 other
1739 2239 119 24 complaints

626 2274 43 47 C.
696 2275 41 44 E.
760 2274 237 49 ,NELSO«N,
1111 2300 16 5 -
1216 2300 17 5 -
1322 2300 17 5 -
1461 2272 280 56 Proprietor.

922 2331 103 27 Guide
1131 2345 9 5 -
1209 2345 12 5 -
1324 2331 125 31 Sophia.

664 2422 203 53 OECOR
887 2422 37 53 0
943 2422 127 53 IRE
1129 2422 97 53 HO
1242 2422 42 53 T
1347 2422 85 52 SP
1454 2422 194 52 RING
1665 2422 52 62 S,

932 2488 39 24 On
995 2488 40 23 the
1060 2488 90 23 Direct
1174 2489 80 22 Route
1275 2491 23 20 to
1318 2488 119 23 Rotorua-

746 2529 47 18 For
809 2529 107 23 Scenery,
932 2529 110 18 Curative
1054 2528 132 23 Properties
1195 2529 26 17 of
1228 2528 40 19 the
1277 2528 74 18 Baths
1360 2528 46 18 and
1415 2528 207 21 accommodation,

654 2561 123 25 EXCEL
809 2560 70 25 ALL
912 2560 141 25 PLACES
1085 2560 47 25 OF
1161 2561 74 24 THE
1270 2560 87 25 KIND
1392 2561 31 24 IN
1456 2560 73 24 THE
1562 2560 161 25 COLONY.

536 2627 66 18 Tliese
614 2626 93 25 '•"prings,
719 2625 65 19 which
795 2625 32 19 for
838 2625 53 18 their
910 2625 95 19 Curative
1016 2624 118 25 Properties
1143 2624 39 18 mid
1193 2623 139 20 Comfortable
1343 2623 96 26 Fittings,
1450 2623 51 19 have
1513 2623 49 19 been
1581 2624 131 24 pronounced
1727 2624 26 24 by
1771 2625 26 18 all
1814 2625 45 18 who

510 2653 52 19 have
582 2652 74 20 visited
677 2652 55 18 them
749 2657 77 13 second
843 2656 24 13 to
884 2656 55 14 none
955 2656 23 14 ix
994 2651 53 18 New
1063 2651 106 18 Zealand.
1197 2650 43 19 The
1254 2656 110 13 numerous
1375 2650 134 19 testimonials
1519 2650 92 19 received
1621 2656 23 13 as
1656 2653 20 16 to
1687 2650 53 19 their
1750 2657 57 12 cures
1818 2651 41 18 and

510 2679 85 19 comfort
607 2678 76 19 should
702 2678 26 18 be
745 2677 100 19 sufficient
862 2679 20 16 to
899 2677 73 18 induce
987 2677 93 18 Tourists
1096 2676 40 19 aud
1149 2678 68 17 others
1234 2679 20 16 to
1265 2676 47 19 visit
1324 2676 61 19 them.
1414 2676 33 18 No
1458 2679 57 16 extra
1525 2675 75 26 charge
1610 2676 18 19 is
1638 2676 59 19 made
1707 2677 32 18 for
1748 2677 35 18 the
1793 2683 35 13 use
1839 2677 21 18 of

510 2705 34 19 the
557 2705 60 18 baths
627 2707 21 16 to
657 2710 85 19 persons
752 2703 82 25 staying
844 2705 21 17 at
875 2703 34 19 the
918 2703 62 18 hotel.

831 2750 82 25 THE
941 2734 531 41 OKOROIRIT'STNATORIUM

537 2793 22 18 Is
569 2793 110 18 connected
689 2792 50 19 with
750 2792 34 19 the
795 2791 135 25 Telegraphic
940 2794 75 22 system
1025 2792 21 17 of
1056 2791 35 18 the
1101 2790 82 25 Colony,
1194 2790 34 19 the
1236 2790 116 26 Telegraph
1364 2790 61 19 Office
1435 2790 108 25 adjoining
1553 2790 35 19 the
1599 2790 70 19 Hotel.
1698 2790 35 19 All
1741 2790 119 26 Telegrams

511 2819 102 25 promptly
624 2819 78 24 replied
712 2822 27 15 to.

539 2845 95 23 Coaches,
647 2845 98 25 Buggies,
758 2844 40 18 and
809 2843 142 24 Conveyances
960 2843 20 19 of
991 2843 27 19 all
1028 2843 61 19 kinds
1108 2843 57 19 leave
1182 2843 41 18 this
1241 2842 63 19 Hotel
1321 2849 25 11 on
1366 2842 109 25 Tuesdays,
1496 2842 125 25 Thursdays,
1640 2843 41 18 and
1700 2843 119 24 Saturdays,
1839 2849 21 13 or

511 2871 56 24 daily
577 2871 16 18 if
604 2871 103 24 required.
750 2870 88 19 Persons
856 2876 24 12 en
901 2872 57 16 route
977 2869 31 19 for
1026 2869 92 19 Eotoruu
1134 2876 33 12 are
1186 2869 103 18 therefore
1309 2869 87 18 enabled
1417 2872 18 15 lo
1456 2869 46 18 visit
1512 2869 35 18 the
1563 2869 92 18 wonders
1665 2869 22 18 of
1700 2869 104 24 Okoroire,
1820 2870 40 18 and

512 2897 61 26 enjoy
584 2897 35 19 the
630 2896 89 20 Natural
729 2896 44 20 Hot
783 2896 66 18 Baths
858 2895 40 19 and
906 2902 11 12 a
928 2895 56 25 day's
995 2898 40 16 rest
1045 2895 95 25 previous
1150 2898 20 16 to
1181 2894 140 25 undertaking
1331 2901 12 12 a
1352 2894 88 26 journey
1451 2897 18 16 to
1480 2895 35 18 the
1527 2894 73 20 Lakes.

1074 2943 82 16 THIS
1182 2943 120 16 HOTEL

685 2973 46 19 Has
739 2973 89 23 recently
840 2972 49 18 been
901 2971 84 23 erected,
996 2971 39 19 and
1049 2972 17 18 is
1077 2971 76 25 replete
1164 2971 49 19 with
1230 2978 60 16 every
1299 2972 87 18 comfort
1397 2971 31 19 for
1438 2971 91 18 Tourists
1539 2971 40 18 and
1590 2971 99 19 Invalids.

541 2999 188 19 Note.—Tourists
737 3001 22 17 to
769 2997 103 25 liotorua!
901 2997 30 19 Be
941 3004 45 12 sure
1000 3000 21 16 to
1037 2997 48 19 take
1103 3004 51 18 your
1172 2998 30 18 rai
1212 3004 46 18 way
1276 2997 74 19 tickets
1368 2997 32 19 for
1416 2997 114 19 Oicouoiue.
1567 2997 144 25 Conveyances
1726 2999 53 17 meet
1797 2998 63 18 trains

513 3026 104 23 Okoroire,
629 3025 96 25 carrying
734 3030 122 20 passengers
866 3026 19 17 to
897 3023 64 19 Hotel
971 3024 42 18 free
1029 3024 21 18 of
1059 3023 82 25 charge.

691 3058 48 46 L.
778 3057 381 50 CALLAGHAN,
1257 3083 18 7 -
1374 3083 18 7 -
1487 3057 255 55 Manager.

639 3337 61 52 E.
771 3335 477 55 ROBERTSON
1317 3336 162 52 AND
1528 3335 208 55 CO.'S

776 3406 246 42 EXPRESS
1058 3406 136 39 LINE
1229 3406 70 42 OF
1336 3406 267 40 COACHES.

515 3459 232 57 Carrying
766 3458 96 46 Her
888 3457 254 57 .Majesty's
1177 3457 137 47 JWails
1347 3469 51 36 as
1437 3469 82 43 per
1549 3457 313 57 Time-tables,

681 3529 274 20 TAURANGA-EOTOIt.UA
968 3529 69 17 line.

672 3563 68 22 depart
787 3561 87 22 Tuesday
882 3560 37 17 and
929 3560 94 22 Saturday

784 3653 85 22 Monday
885 3652 38 18 and
940 3652 71 22 Friday

1369 3530 217 17 ROTORUA-TAUPO
1604 3530 70 16 LINE.

686 3779 127 34 Special
825 3778 230 32 Conveyances
1069 3777 158 31 arranged
1239 3776 49 26 lor
1301 3777 33 25 at
1347 3777 54 24 the
1415 3776 146 27 Shortest
1573 3777 122 24 Notice.

844 3814 200 27 STABLES:
1062 3813 169 26 Tutanekai
1261 3813 112 30 Street,
1397 3814 141 25 Rotorua.

682 3858 114 33 Buggies,
815 3856 118 32 ©oacf?e§
950 3855 51 32 ar?d
1018 3855 96 28 r§addle
1133 3855 94 33 gorges
1242 3863 31 23 ei?
1291 3854 51 32 tyre
1360 3863 31 19 ei?
1410 3854 44 32 tfye
1610 3853 95 33 %>tiee.

1004 3896 131 16 TERMS
1162 3895 218 17 MODERHTe.

869 3927 145 31 Telegrams
1025 3926 55 23 and
1089 3926 100 23 Letters
1196 3925 151 31 punctually
1361 3924 116 23 attended
1486 3928 29 20 to.

519 4000 76 32 N.B.
632 3997 115 27 Please
761 3996 73 24 note
848 3993 132 26 address

639 4014 62 89 d
752 4032 461 70 ROBERTSON
1260 4032 48 63 &
1343 4031 126 66 CO..
1509 4038 235 46 Rotorua.

851 4112 306 46 contractors
1181 4104 77 46 for
1272 4104 183 47 Messrs
1476 4104 44 46 T.
1543 4103 127 47 Cook.
1691 4103 47 47 &
1759 4102 103 48 Son.

1876 753 437 62 GEYSER
2389 759 371 61 HOUSE

1907 868 337 56 Hydropathic
2267 871 160 56 Hotel,
2463 874 267 48 Wairakei.

2070 950 36 19 Six
2117 951 58 19 miles
2183 952 53 19 from
2247 952 57 19 Lake
2314 953 70 25 Taupo
2395 954 101 25 (Rotorua
2505 955 60 25 side.)

2051 1015 181 26 SUPERIOR
2253 1016 335 29 ACCOMMODATION.

2076 1071 50 17 ALL
2138 1072 52 16 THE
2204 1072 134 18 COMFORTS
2352 1074 32 16 OF
2396 1074 17 17 A
2425 1074 77 18 HOME
2514 1075 51 18 FOR

2123 1106 146 20 TOURISTS
2286 1108 66 18 AND
2365 1109 154 20 INVALIDS.

1877 1177 65 25 Hot
1966 1177 190 32 Swimming
2178 1179 110 31 Baths,
2314 1180 185 27 Kiri-o-Kai
2520 1189 36 19 or
2582 1183 79 26 New
2686 1183 80 26 Skin

1952 1219 94 31 Bath,
2059 1219 65 25 Hot
2137 1219 130 26 Douche
2281 1221 111 31 Ba,ths,
2414 1222 110 26 Grand
2545 1223 146 28 Climate.

1995 1260 172 26 Elevation
2188 1261 91 32 1,350
2299 1262 64 26 feet
2375 1263 101 26 above
2490 1270 54 20 sea
2556 1265 92 26 level.

1879 1309 197 22 COMPETENT
2093 1309 120 24 GUIDES
2229 1317 123 19 accompany
2366 1313 84 18 tourists
2466 1316 20 15 to
2503 1314 35 19 the
2559 1315 81 18 various
2662 1315 67 25 places
2747 1316 21 18 of

2010 1336 20 18 in
2033 1340 67 17 ten-st,
2110 1336 66 19 which
2187 1336 59 20 baflle
2257 1337 36 19 the
2304 1341 50 16 most
2364 1338 59 19 facile
2434 1345 45 19 pen,
2491 1341 40 18 and
2548 1346 38 13 ci-.n
2605 1341 47 25 only
2673 1341 23 19 bo
2715 1342 53 18 real-'

2010 1362 43 18 ized
2065 1362 57 18 when
2131 1368 54 13 seen.

1881 1427 414 24 GeVSGRVHLLGV
2311 1430 90 18 contains
2417 1430 35 19 the
2471 1430 104 26 following
2593 1432 123 24 unequalled
2726 1432 29 19 Na-

1959 1454 54 17 tural
2034 1453 91 19 wonders
2147 1453 3 29 :
2154 1454 151 21 —Tuhuatahi,
2326 1462 21 12 or
2371 1455 63 19 Great
2457 1456 133 26 Champagne
2607 1458 114 24 Cauldron;
2735 1458 35 19 the

1959 1478 63 19 Great
2033 1479 105 19 Wairakei
2147 1478 90 30 Geyser;
2251 1481 35 18 the
2297 1481 85 24 Donkey
2392 1481 92 26 Engine;
2498 1483 35 19 the
2544 1483 54 19 Bath
2609 1484 20 18 of
2639 1484 35 18 the
2685 1484 84 24 Fairies;

1957 1505 36 18 the
2013 1505 114 24 Lightning'
2143 1505 63 29 Pool;
2221 1507 34 18 the
2272 1507 89 19 Cascade
2377 1507 82 24 Gevser,
2478 1515 22 12 or
2518 1509 102 24 Dragon's
2638 1505 84 29 Mouth;
2736 1510 34 19 the

1958 1530 65 20 Black
2033 1531 76 24 Geyser
2117 1538 5 17 ;
2137 1531 36 19 the
2185 1531 51 19 Mud
2248 1533 77 24 Geyser
2333 1530 3 29 ;
2352 1534 34 18 the
2405 1533 52 19 Blue
2474 1534 57 20 Lake
2539 1542 5 16 ;
2554 1535 36 19 the
2606 1535 32 19 Oil
2657 1536 53 18 Bath
2719 1530 4 29 ;
2736 1536 34 19 the

1958 1557 65 25 Eagle
2032 1564 9 11 s
2051 1557 61 23 Nest;
2126 1557 34 19 the
2168 1558 77 18 Devil's
2253 1559 71 19 Punch
2334 1557 69 28 Bowl;
2418 1560 35 18 the
2462 1560 72 20 Prince
2542 1561 21 19 of
2572 1561 77 19 Wales'
2657 1561 99 20 Feathers
2766 1557 4 28 ;

1958 1583 36 18 the
2013 1583 86 23 Mirror;
2115 1583 34 19 the
2168 1584 57 19 Twin
2246 1585 89 25 Geyser:
2350 1586 35 18 the
2402 1585 60 20 Coral
2479 1587 88 24 Geyser;
2583 1587 34 19 the
2628 1587 65 19 Green
2709 1588 61 23 Pool;

1961 1608 129 20 Terekerehe
2100 1616 23 12 or
2141 1610 48 18 Hell
2210 1610 88 25 Geyser;
2321 1611 35 19 the
2374 1611 69 19 Steam
2464 1612 105 20 Hammer.
2598 1613 84 19 Guide's
2700 1615 32 18 fee
2751 1618 20 15 to

1959 1635 78 25 Geyser
2046 1635 79 25 Valley,
2137 1643 22 12 ns
2168 1635 3 27 ;
2187 1636 90 20 distance
2288 1637 51 19 from
2348 1637 34 19 the
2397 1638 61 24 hotel,
2473 1641 5 15 1
2492 1639 52 19 mile.

1883 1695 99 22 TH6
2003 1696 336 23 HRSHTGHTSH
2352 1703 21 12 or
2391 1697 81 19 Lndder
2490 1697 85 26 Uapids.
2612 1698 43 19 The
2672 1698 99 20 Grandest

1959 1721 79 25 Kapids
2050 1722 20 18 in
2081 1721 35 19 the
2126 1723 101 18 Southern
2239 1721 146 27 Hemisphere;
2401 1723 75 25 falling
2491 1724 20 18 in
2529 1724 30 19 six
2579 1724 82 19 distinct
2680 1725 91 19 cascades

1961 1751 94 22 amongst
2066 1747 62 19 weird
2139 1749 39 17 and
2189 1749 79 24 rugged
2286 1755 82 18 scenery
2396 1749 96 19 Distance
2510 1751 52 18 from
2582 1750 34 19 tho
2633 1750 62 24 hotel,
2715 1751 56 19 three

1960 1773 65 19 miles.
2053 1773 75 19 Saddle
2138 1774 69 18 horses
2218 1778 20 15 to
2247 1775 48 18 visit
2309 1775 35 19 the
2359 1775 78 24 .Rapids
2451 1777 23 17 7s
2484 1776 25 19 Gd
2520 1777 55 19 each.

1885 1833 231 22 K6RHPITI
2134 1840 23 11 or
2166 1833 35 18 the
2211 1833 79 19 Devil's
2300 1834 97 25 Trumpet
2415 1835 17 18 is
2451 1835 43 18 soid
2514 1837 21 16 to
2553 1836 50 18 omit,
2622 1843 10 11 a
2649 1842 93 19 pressure
2752 1836 19 19 of

1964 1859 70 19 ISOlbs
2044 1861 21 17 of
2075 1863 63 15 steam
2152 1862 20 15 to
2182 1860 35 18 the
2227 1860 52 23 inch,
2293 1860 51 19 from
2356 1867 25 12 an
2398 1865 94 20 aperture
2502 1862 21 17 of
2542 1861 63 19 about
2623 1862 71 19 twelve
2704 1862 67 19 inches

1961 1886 22 18 in
1994 1885 104 19 diameter.
2128 1885 96 20 Distance
2243 1886 20 18 fr
2277 1893 20 11 m
2318 1886 53 19 hotel
2391 1886 57 19 three
2467 1887 40 19 and
2528 1893 11 12 a
2559 1888 44 18 half
2620 1888 68 23 miles;
2703 1888 68 19 saddle

1960 1912 71 18 horses
2041 1915 20 15 to
2069 1912 48 18 visit
2127 1912 34 18 the
2171 1911 71 22 above,
2253 1914 23 17 2s
2286 1912 26 18 Gd
2323 1912 55 19 each.

1885 1971 102 23 THO
2006 1972 142 22 HUKH
2166 1971 165 26 FHLLS,
2348 1971 35 19 the
2401 1971 101 20 Grandest
2519 1972 56 19 Falls
2585 1973 20 18 in
2624 1973 34 18 the
2676 1973 95 19 southern

1964 1997 136 25 hemisphere.
2129 1997 44 19 The
2183 1997 56 19 Falls
2248 2004 46 16 may
2309 1999 22 18 be
2341 1997 72 19 visited
2423 2004 26 12 on
2459 1998 34 19 the
2505 2004 55 13 same
2579 1999 116 25 expedition
2705 2006 23 12 as
2738 1999 33 19 tho

1964 2023 79 19 Devil's
2053 2024 105 24 Trumpet.
2187 2023 97 19 Distance
2295 2025 52 17 from
2358 2024 54 18 hotel
2422 2024 57 19 three
2491 2025 38 18 and
2540 2032 12 11 a
2568 2024 45 19 half
2622 2025 67 24 miles;
2704 2025 67 19 saddle

1961 2050 59 18 horse
2030 2056 22 11 or
2063 2049 70 25 buggy
2145 2051 21 17 2s
2178 2049 25 19 Gd
2218 2050 56 18 each.

1885 2109 128 52 MRS
2040 2109 47 52 R.
2111 2109 296 62 GRAHAM,
2443 2111 327 54 Proprietress.

2784 725 216 48 IMPERIAL
3056 734 145 51 HOTEL,

2826 783 123 24 PORT
2972 787 194 27 STREET,

2918 823 159 23 AUCKLAND.

2811 887 96 25 Splendid
2922 893 165 19 accommodation
3100 895 30 18 for
3143 896 51 19 Tour-

2785 913 36 19 ists
2831 915 38 18 and
2879 915 116 21 Travellers.

2802 953 181 31 High-class
3001 957 109 26 Wines
3131 960 62 25 and

2896 987 113 32 Spirits
3022 990 82 32 kept.

2831 1065 40 26 W.
2906 1068 30 24 H.
2966 1068 49 25 PE
3030 1070 20 24 A
3067 1071 18 24 R
3100 1072 21 24 C
3140 1072 26 30 E,

2912 1106 175 32 Proprietor.

2868 1161 15 16 L
2910 1162 16 16 E
2952 1162 18 16 N
3002 1164 14 16 A.
3047 1164 15 16 L
3092 1165 17 16 V
3142 1166 14 15 O
3188 1167 23 19 K,

2891 1204 110 17 SYMONDS
3016 1206 93 21 STREET,

2790 1232 93 21 (Formerly
2892 1234 27 15 Sir
2930 1234 48 16 Fred.
2992 1235 103 18 Whitakor's
3107 1237 105 20 Residence,)

2931 1263 95 19 Telephone
3039 1265 37 16 sli.

2812 1291 14 15 A
2834 1290 41 17 Few
2883 1291 62 16 Ladies
2952 1293 33 15 and
2994 1293 99 17 Gentlemen
3106 1300 31 10 can
3150 1295 21 15 be
3185 1300 19 12 ac-

2790 1312 115 16 commodated
2911 1314 39 15 with
2954 1314 76 20 superior
3034 1315 53 16 Board
3095 1316 12 15 &
3114 1315 99 18 Residence.

2811 1341 36 16 The
2916 1343 14 15 is
2937 1343 73 16 situated
3018 1345 17 14 in
3041 1344 46 16 liiro'e
3093 1345 80 17 ground*'.
3181 1346 34 15 and

2791 1363 97 16 commands
2895 1364 108 18 magnificent
3012 1366 51 15 views
3071 1366 17 15 of
3098 1366 28 16 the
3134 1366 81 17 harbour.

2812 1392 64 16 Tennis
2884 1392 60 17 Lawn.

2813 1421 34 16 Ten
2857 1422 80 16 minutes'
2947 1423 43 16 walk
2999 1424 44 16 from
3051 1425 28 16 the
3087 1425 41 16 Post
3136 1425 57 16 Office.

2813 1451 40 15 Car*
2864 1452 32 15 and
2905 1452 61 16 Buises
2974 1458 37 15 pnsa
3021 1454 29 15 the
3055 1455 80 15 entrance

2793 1495 47 26 W-
2853 1495 38 26 H.
2911 1496 27 26 &
2957 1498 37 24 H.
3022 1499 31 25 C.

2865 1545 130 20 BURGEON
3008 1547 137 21 DENTISTS.

2838 1615 121 24 (Successors
2970 1618 19 16 to
3000 1616 24 18 A.
3036 1616 22 19 L.
3074 1616 101 27 Wriglit.)

2820 1648 73 23 Notify
2900 1648 45 19 tliat
2955 1649 46 22 they
3011 1656 34 13 are
3054 1651 119 26 continuing
3183 1652 36 20 the

2795 1673 95 20 Business
2900 1677 21 16 at
2928 1675 35 18 the
2973 1675 98 21 Premises
3081 1680 33 22 top
3121 1678 21 18 of
3149 1679 59 18 Short-

2794 1699 127 20 land-street.
2949 1701 40 18 The
2999 1702 110 24 high-class
3126 1704 55 18 work
3198 1705 21 18 of

2795 1726 34 17 the
2839 1725 40 19 late
2891 1726 30 19 Mr
2931 1726 23 19 A.
2965 1727 21 18 L.
2998 1728 83 25 Wright
3092 1729 40 18 will
3142 1729 24 19 be
3183 1731 25 18 ad-

2795 1751 60 18 hered
2867 1755 24 18 to,
2904 1752 39 19 and
2952 1759 39 18 any
3006 1753 37 20 left
3060 1755 115 19 unfinished
3192 1756 28 24 by

2795 1780 44 16 tiiat
2849 1778 114 24 gentleman
2975 1779 39 18 will
3025 1780 25 18 bo
3064 1782 111 24 completed
3192 1782 28 24 by

2888 1804 33 19 the
2929 1811 42 12 new
2980 1809 146 21 management.

2794 1837 115 26 Telephone
2919 1839 43 18 657.

2830 1892 22 24 J.
2874 1892 30 24 H.
2926 1893 260 33 BUCHANAN,

2869 1942 94 25 Stone
2976 1943 171 26 Merchant.

2886 1988 175 19 ESTABLISHED
3079 1991 49 17 1892.

2818 2037 117 23 Statuary,
2963 2037 158 21 Monumental
3152 2041 46 18 and

2911 2061 96 18 General
3017 2062 87 19 Mason.

2795 2095 107 18 MARBLE
2911 2097 14 16 &
2931 2096 148 19 FREESTONE
3087 2098 135 19 CHIMNEYS

2818 2119 96 20 PIECES,
2931 2119 126 22 MANTELS,
3072 2121 82 21 VASES,
3165 2123 31 17 Ac.

2822 2152 139 27 VICTORIA
2977 2154 117 26 STREET
3111 2155 81 29 EAST,

2798 2190 421 40 HUCKLHND,

2822 2253 89 26 Designs
2929 2254 39 19 and
2984 2255 67 19 Prices
3068 2256 112 20 forwarded
3199 2260 20 16 to,

2796 2286 40 18 any
2844 2283 47 22 part
2900 2281 21 17 of
2931 2281 33 18 the
2973 2281 96 19 Province
3079 2288 21 12 or
3108 2282 76 25 Coluny
3194 2290 26 12 on

2796 2305 128 26 application.

2846 2362 160 46 Steele
3029 2364 135 46 Bros.

2811 2462 184 41 MARAEROA
3041 2462 167 43 SAWMILL,

2799 2545 131 43 DESIRE
2938 2547 25 17 to
2971 2547 74 17 thank
3053 2547 39 17 the
3102 2547 76 23 public
3187 2548 35 18 for

2864 2570 54 22 past
2932 2569 76 18 favors
3023 2570 45 18 and
3083 2570 43 23 beg
3145 2571 24 18 to
3184 2577 26 12 an-

2797 2597 89 13 nounce
2895 2592 52 18 that
2955 2592 86 23 having
3048 2599 14 12 a,
3076 2593 62 24 large
3152 2595 69 17 stock

2797 2615 27 18 of
2832 2615 171 19 well-seasoned
3011 2616 120 19 first-class
3140 2617 83 19 timber

2797 2644 30 13 on
2836 2638 61 19 hand
2906 2639 55 23 they
2969 2644 37 13 are
3016 2640 109 22 prepared
3133 2641 24 17 to
3165 2640 57 18 fulfil

2797 2662 79 18 orders
2884 2663 25 16 at
2918 2662 97 18 reduced
3024 2664 67 17 ?.-ates.

2799 2729 50 43 T.
2888 2729 64 43 M.
2991 2729 46 43 II
3039 2730 16 17 4
3055 2730 100 21 *™

2832 2792 141 18 BARRISTER
2986 2792 53 18 AND
3049 2792 137 22 SOLICITOR,

2811 2832 38 21 lis,
2870 2832 97 18 Victoria
2985 2832 88 21 Arcade,
3094 2833 118 17 Auckland.

2975 2871 64 18 ALSO

2798 2912 92 17 Barrister
2902 2911 37 17 and
2953 2911 85 18 Solicitor
3051 2912 20 16 of
3086 2912 32 17 the
3135 2912 89 23 Supremo

2891 2935 62 20 Court,
2961 2934 82 20 Ontario,
3050 2935 80 17 Canada.

2799 3166 73 18 Losses
2881 3166 51 17 Paid
3104 3166 36 18 £2O
3149 3167 76 19 '>oo,ooo

2800 3198 50 17 Fire
2862 3197 98 17 Premium
2977 3198 111 16 Exceeds..
3108 3196 117 22 .£1,500,000

2802 3229 140 16 Aocu.Mci.atki
2947 3228 74 20 iFuxds
3027 3228 80 17 Exceed
3116 3228 14 17 £
3135 3229 90 19 I,OC\OOO

2869 3267 37 19 W.
2930 3267 92 18 WARD
3041 3267 108 23 BAKER,

2834 3306 95 19 District
2937 3307 115 23 Manager,
3062 3307 127 19 Auckland.

2886 3347 37 18 W.
2937 3347 27 18 A.
2978 3346 162 22 WILLIAMS,

2859 3386 69 19 Local
2948 3386 82 22 Agent,
3058 3386 107 19 Rotorua.

2854 3466 107 39 DAVID
2991 3464 181 47 SHERRIFF,

2886 3539 110 19 FAMILY
3014 3539 133 24 IiUTCHER,

2853 3589 15 18 A
2875 3594 58 14 rawa
2956 3589 90 22 Street,
3069 3588 104 20 Boto!;ua.

2826 3638 21 19 Is
2867 3644 44 12 now
2929 3637 93 24 carrying
3041 3643 24 12 on
3084 3638 33 18 the
3133 3637 92 19 business

2801 3672 61 24 lately
2882 3671 110 19 conducted
3011 3671 27 24 by
3054 3671 74 19 Messrs
3146 3671 77 19 Jecklin

2801 3706 39 19 and
2850 3705 74 23 Cotter,
2937 3705 38 19 and
2986 3706 17 17 is
3013 3705 96 25 prepared
3119 3709 20 14 to
3152 3705 72 24 supply

2801 3741 34 18 the
2845 3739 69 26 public
2924 3740 46 19 with
2981 3739 64 25 prime
3052 3739 77 25 quality
3139 3739 20 19 of
3172 3741 52 17 meat

2801 3774 39 19 and
2849 3774 58 19 small
2918 3774 61 25 goods

2873 3818 36 18 AT
2923 3817 115 19 LOWEST
3052 3816 100 20 PRICES.

2828 3897 171 24 WYNYARD
3013 3897 21 23 &
3041 3895 155 27 PUKCHAS,

2862 3949 127 19 Barristers
2996 3953 41 13 axd
3047 3947 117 21 Solicitors,

2802 4003 79 19 B.N.Z.
2889 4002 116 24 Chambers,
3013 4001 98 23 QueenSt,
3119 4000 106 19 Auckland

2815 4115 34 23 vv
2891 4128 53 19 gage
2952 4122 21 19 of
2987 4120 96 19 Freehold
3098 4120 40 19 and
3152 4120 61 21 Lease-

2800 4148 48 20 hold
2858 4152 94 21 property
2962 4149 20 16 at
2992 4150 78 15 current
3079 4149 58 16 rates.

2085 2255 58 25 Hot
2171 2255 96 26 Lakes
2287 2256 33 25 of
2337 2255 71 25 New
2426 2255 144 25 Zealand.

1884 2417 264 53 BKEiT'S
2175 2418 348 54 BATHGATE
2552 2418 219 54 HOUSE.

2022 2522 27 18 IS
2063 2522 22 18 A
2098 2522 193 19 FIRST-CLASS
2305 2522 205 18 TEMPERANCE
2524 2522 108 19 HOTEL.

1972 2590 237 23 HINGMOH
2227 2591 198 24 STREET,
2446 2590 239 24 ROTORUR.

1882 2655 85 29 rpHIS
1980 2656 60 17 NEW
2053 2656 53 16 AND
2121 2655 189 18 COMFORTABLE
2324 2655 216 18 ESTABLISHMENT
2548 2655 16 17 is
2573 2655 82 17 situated
2663 2655 20 17 in
2691 2655 33 17 tlic
2732 2658 42 13 new

1890 2676 20 22 JL
1945 2679 96 23 township
2050 2679 20 17 of
2078 2679 90 20 Rotorua,
2179 2679 48 17 close
2236 2679 20 17 to
2265 2679 33 16 the
2307 2679 127 17 Government
2449 2679 120 17 Sanatorium
2582 2679 38 17 and
2632 2678 73 21 Baths,,
2712 2676 62 19 which

2205 2702 91 22 comprise
2305 2702 31 16 the
2345 2702 106 17 celebrated

1882 2730 93 19 Priest's
1985 2731 65 21 Bath,
2063 2730 107 19 Madame
2180 2730 86 18 Rachel
2275 2730 79 22 Baths,
2365 2730 140 18 Chameleon
2514 2730 95 19 Douche
2619 2730 65 21 Bath,
2700 2729 74 22 Large

1953 2754 57 18 Blue
2020 2754 137 22 Swimming
2166 2754 66 21 Bath,
2249 2753 103 23 Sulphur
2364 2753 96 23 Vapour
2469 2753 60 19 Bath
2538 2754 46 17 and
2594 2752 111 19 Galvanic

2241 2776 97 23 Battery
2347 2776 66 21 Bath,

1882 2801 70 17 OVER
1964 2801 92 17 WHICH
2073 2800 85 17 LARGE
2176 2800 119 17 BATHING
2312 2800 139 17 PAVILIONS
2472 2800 72 17 HAVE
2565 2800 70 17 BEEN
2655 2798 119 19 ERECTED

1988 2824 46 17 with
2044 2829 101 12 numerous
2153 2823 92 22 Dressing
2261 2823 75 20 Rooms,
2347 2825 35 15 etc.
2407 2823 76 17 Besides
2492 2823 52 18 these
2552 2823 53 17 Ihorc
2613 2823 16 17 is
2637 2823 33 17 the

1883 2846 135 19 Pain-killer
2030 2846 66 23 Bath,
2112 2846 133 23 Coffee-pot,
2262 2846 131 18 Cameron's
2406 2846 46 17 and
2468 2846 128 18 Hinemaru
2610 2846 73 18 Baths
2696 2845 24 18 in
2735 2845 40 18 the

2189 2869 150 19 Sanatorium
2356 2869 114 19 Grounds.

1883 2915 115 19 Batiigate
2017 2915 74 19 House
2107 2914 38 19 lias
2161 2914 52 19 been
2233 2914 79 24 greatly
2330 2914 96 24 enlarged
2442 2914 32 19 for
2490 2914 92 19 Tourists
2599 2921 22 12 as
2640 2913 46 20 well
2703 2919 22 13 as
2744 2914 9 17 f
2766 2920 10 11 r

2121 2941 71 25 people
2206 2940 73 24 taking
2289 2947 13 12 a
2312 2946 68 13 course
2390 2940 22 19 of
2421 2940 34 19 the
2467 2940 71 19 Baths.

2140 2975 133 18 TERMS
2295 2975 229 20 MODERATE.

2061 3037 53 35 S.
2162 3037 53 35 T.
2269 3038 43 33 B
2339 3038 180 34 ReN
2543 3039 53 36 T,

2209 3082 244 17 PROPRIETOR.

1884 3109 49 17 N.B.
1959 3110 52 17 Most
2019 3111 21 17 of
2048 3111 54 17 those
2110 3111 43 17 who
2162 3111 44 17 visit
2215 3112 75 18 Brent's
2299 3112 24 18 do
2332 3119 20 11 so
2361 3113 84 24 through
2454 3114 32 17 the
2501 3114 46 18 kind
2561 3116 179 17 recommendations
2757 3117 19 16 of

2225 3136 88 21 previous
2322 3138 107 16 customers.

1978 3244 231 49 ROBERT
2241 3247 255 50 FDRkNESS
2528 3250 47 47 &
2607 3250 83 50 Co..

1922 3346 383 29 MANUFACTURERS
2340 3350 113 25 AND
2493 3351 251 32 IMPORTERS,

2080 3439 183 35 FORT
2298 3441 291 37 STRS6T.

2024 3562 161 24 ROTORUA.

2075 3647 58 19 THE

1888 3689 428 87 Langliam.

1910 3793 48 23 (One
1965 3794 89 18 minute's
2062 3795 50 16 walk
2121 3795 49 17 from
2177 3795 32 17 the
2215 3796 73 18 Govern-

2039 3819 53 15 ment
2100 3818 75 22 Batlis.)

2008 3919 189 24 T€rR7VYS:

1914 3961 45 22 35s
1967 3968 46 23 per
2032 3962 89 28 week;
2140 3963 29 23 6s
2183 3970 47 23 per
2237 3965 59 29 day.

1915 3999 61 23 Two
1988 4000 90 23 weeks
2088 4007 27 16 or
2126 4001 99 29 longer,
2242 4003 54 23 30s.

1923 4081 28 30 C.
1985 4081 136 32 HAWKER
2149 4083 141 39 WBLSON,

2015 4134 187 21 PROPRIETOR.

2372 3565 114 22 Visitors
2498 3566 26 21 to
2538 3566 45 22 the
2598 3566 53 23 Hot
2659 3566 90 23 Lakes.

2377 3667 174 45 Palace
2587 3668 158 56 Hotel,

2347 3732 68 19 Situat
2428 3732 12 19 d
2464 3732 20 19 in
2509 3732 34 20 the
2567 3733 49 19 New
2640 3734 136 19 G-overmnent

2347 3758 106 24 Township
2469 3765 19 12 in
2505 3766 54 12 ooae
2576 3759 108 25 proximity
2703 3763 21 16 to
2744 3761 32 18 the

2347 3784 70 22 ISaths,
2435 3784 63 19 Sannt
2507 3785 62 19 nium.
2589 3786 49 19 Post
2660 3786 60 19 Office
2738 3793 11 12 a
2765 3787 11 18 <1

2346 3810 92 24 liai.wiij'
2446 3811 87 18 Statu.r.

2372 3862 42 18 The
2424 3862 62 19 Hotel
2498 3862 16 19 is
2530 3863 126 26 luxuriously
2674 3864 102 19 furmMied

2347 3888 38 19 and
2396 3888 78 21 restate
2484 3889 47 18 with
2538 3896 58 18 every
2606 3891 134 18 convenience
2747 3891 29 18 for

2348 3914 84 19 tourists
2443 3914 38 19 and
2491 3914 75 20 others.
2597 3916 19 18 It
2637 3923 10 12 c
2662 3917 90 18 mmands
2768 3923 8 12 a

2347 3940 92 25 splendid
2449 3941 48 18 view
2508 3942 21 17 of
2540 3941 35 19 the
2583 3940 55 20 Lake
2649 3942 37 19 and
2696 3942 16 19 is
2722 3942 44 19 with-

2347 3966 20 20 in
2377 3973 45 18 easy
2435 3973 66 13 access
2513 3967 22 19 of
2552 3967 33 19 the
2602 3968 78 25 Geyser
2695 3969 81 24 Springs

2347 3993 22 18 of
2379 3992 187 21 Whakarewarewa
2576 3994 40 19 and
2626 3995 26 18 all
2664 3994 33 19 the
2716 3994 60 25 sights

2348 4018 21 19 of
2379 4018 35 19 the
2423 4019 86 19 district.

2361 4045 33 18 All
2404 4045 106 25 telegrams
2521 4045 103 26 promptly
2634 4046 95 20 attended
2738 4050 26 16 to.

2423 4114 148 32 iUiikViU
2600 4119 95 27 kKlfiJi

2481 4159 168 18 PROPRIETOR.
