3237 4277
615 3599 122 19 VISITORS'
751 3599 68 19 LIST.

629 3645 82 18 Geyser
728 3647 77 17 Hotel.

523 3676 107 17 Mesdarnes
643 3676 105 23 Casement,
767 3678 75 18 Ireland
852 3676 4 23 :
866 3679 57 17 Ather-

501 3700 38 18 ton,
548 3699 64 23 Kelly,
622 3699 112 19 Melbourne
741 3699 4 26 ;
753 3701 83 21 Ilewett,-

501 3723 32 16 ton
542 3723 4 21 :
559 3723 100 19 ArbuckJe,
673 3723 59 21 Buck,
742 3724 100 18 Auckland
850 3723 3 21 :
867 3725 69 17 Messrs

501 3744 82 21 Salmon,
601 3746 100 17 Auckland
712 3744 3 24 :
735 3748 69 17 Albert
805 3753 30 15 on,
854 3748 80 20 Walker,

501 3768 111 18 Melbourne
620 3768 3 25 :
638 3769 111 24 McGregor,
760 3768 118 25 Wanganui:
894 3771 41 17 Mc-

501 3791 80 18 Donald.
609 3791 106 24 Turakina:
740 3794 96 21 Andrews,
859 3795 75 20 Bolk-n,

501 3814 64 21 Collie,
580 3816 100 17 VVoodville
688 3814 4 26 :
706 3816 93 23 Simpson,
809 3817 96 23 England.

633 3866 43 17 The
689 3867 111 18 Langjtam.

524 3896 105 18 Mesdarnes
638 3897 78 19 Wilson,
730 3899 110 21 .Auckland;
859 3900 75 21 Parata,

501 3920 100 22 Tauranga
609 3920 4 26 :
627 3920 69 21 Yellet,
711 3922 121 22 Wabarapa;
852 3923 82 23 McKay,

502 3942 61 17 Christ
566 3943 75 17 church.
667 3944 68 18 blisses
744 3945 127 20 Wliiteliouse,
883 3946 39 17 Wai-

501 3971 67 16 rarapa
576 3967 4 24 ;
595 3967 64 21 Batty,
673 3967 83 19 Pokeno.
782 3969 63 22 Judge
857 3969 76 21 Wilson,

502 3988 110 21 Auckland;
638 3990 70 18 Messrs
724 3991 76 21 Parata,
823 3988 110 28 Tauranga;

502 4011 127 22 Wl'itehcusc,
637 4012 71 22 Yellet,
718 4014 119 23 Wairarapa;
852 4015 81 21 Simcox,

501 4034 116 22 Wel'"igton
624 4034 4 25 ;
642 4036 100 21 Milbuore,
750 4038 82 17 Hawora
840 4034 3 25 ;
858 4038 74 21 Dunne,

502 4057 103 26 Taranaki;
620 4059 108 19 Tarawbiti,
735 4057 86 26 Huntly;
835 4061 97 22 Lichfield,

502 4079 83 19 Lismore
592 4079 4 26 ;
610 4082 87 23 Standly,
711 4083 145 22 Christchurch;
875 4084 47 19 Jack-

502 4108 39 14 son,
550 4103 95 19 Mamaku.

1016 88 88 17 Brent's
1116 88 112 17 Bathgate
1240 87 71 18 House.

972 127 33 17 Mr
1014 127 37 18 and
1059 127 41 18 Mrs
1116 127 114 23 McGregor,
1246 126 124 19 Coromandel
1379 126 4 24 :

950 150 29 17 Dr
987 150 22 17 B.
1016 150 20 17 T.
1045 150 80 20 Bussell,
1134 150 87 21 Ireland:
1234 150 69 17 Messrs
1310 150 76 21 Beaney

950 173 118 23 Wellington
1075 173 3 23 :
1089 173 93 22 Pinkney,
1192 173 83 20 Bobson,
1285 173 89 22 England
1381 173 4 23 :

951 196 76 20 Powell,
1057 197 93 19 Johnson,
1177 195 86 23 Sydney:
1285 196 46 17 Bev.
1348 195 38 18 and

950 220 41 16 Mrs
1007 220 111 22 Dewsbury,
1137 219 111 23 Auckland:
1261 219 32 17 Mr
1310 219 74 20 Mason,

951 242 115 22 Devonport.

952 320 56 20 THE
1027 320 56 20 HOT
1102 320 94 20 LAKES
1215 320 170 20 CHRONICLE

1138 373 57 12 AND

952 411 217 20 Tourists'
1193 411 192 20 Journal.

974 487 171 20 WEDNESDAY,
1156 487 101 18 AUGUST
1268 488 26 19 12,
1310 487 51 18 1896.

986 562 33 18 DR
1033 561 184 19 MacGREGOR'S
1234 560 115 20 REPORT.

951 614 26 19 Ix
987 614 44 19 that.
1043 614 79 25 portion
1134 614 21 18 of
1164 613 30 19 Dr
1204 613 142 24 MncGregor's
1354 620 21 12 re-

952 643 44 22 port
1007 641 64 18 which
1082 641 64 17 refers
1155 644 20 14 to
1181 639 35 19 the
1224 639 91 19 Eotorua
1321 639 52 19 Sana-

951 667 73 19 torium
1035 667 40 19 and
1086 667 26 17 its
1123 668 143 22 management
1284 665 57 19 there
1351 672 34 12 are

951 700 37 11 one
998 699 23 12 or
1031 696 39 15 two
1080 693 69 24 points
1163 691 67 19 \vhich
1244 690 53 19 seeiii
1316 694 20 16 to
1353 698 22 12 re-

951 719 58 24 quire
1019 721 106 16 conmieut.
1155 717 24 19 in
1190 717 31 18 his
1235 717 104 24 preamble
1356 717 30 19 Dr

951 744 127 25 MacGregor
1090 747 63 15 states
1160 743 4 26 :
1240 743 45 19 deal
1301 744 21 18 of
1337 751 36 13 con-

951 771 67 18 fusion
1029 770 63 19 exists
1108 770 21 18 in
1146 769 35 19 the
1196 769 70 25 public
1282 769 55 21 mind
1353 778 21 12 re-

951 796 88 25 garding
1049 797 41 18 this
1099 795 128 23 Institution,
1243 795 68 25 owing
1320 799 20 16 to
1350 798 35 18 the

951 823 40 18 fact
1002 822 45 19 that
1059 822 35 19 the
1109 821 129 20 Sanatorium
1256 828 79 19 proper,
1353 823 33 19 for

951 848 63 19 which
1026 849 58 18 alone
1094 848 42 18 this
1146 848 127 24 department
1280 848 94 26 isrespon-

951 874 56 22 siblo,
1019 875 18 18 is
1044 874 102 24 equipped
1154 874 47 24 only
1209 874 31 17 for
1249 880 83 18 persons
1341 876 44 19 who

950 907 34 12 are
994 900 75 19 unable
1080 903 20 16 to
1111 900 3 21 t
1123 900 52 18 fiord
1186 900 35 18 the
1231 900 105 21 abundant
1344 902 40 19 and

949 926 133 19 comfortable
1098 925 171 19 accommodation
1287 928 97 23 provided

950 952 27 24 by
987 952 78 25 private
1075 952 112 24 enterprise
1197 952 33 18 for
1239 952 34 18 the
1289 954 95 19 ordinarv

951 979 78 18 tourist.
1058 978 43 19 The
1113 978 89 24 existing
1212 977 61 19 baths
1282 978 52 21 have
1350 983 35 16 not

951 1004 99 19 sufficient
1062 1004 176 23 accommodation,
1250 1006 134 20 liorarothev

951 1030 56 19 fitted
1019 1037 27 18 up
1056 1034 20 15 to
1088 1033 54 16 meet
1152 1030 34 19 the
1199 1030 147 25 requirements
1364 1034 21 18 of

951 1059 89 16 tourists.
1070 1056 55 25 Only
1141 1056 35 19 the
1196 1056 48 19 bare
1263 1060 122 19 necessaries

950 1089 34 12 are
994 1082 97 25 provided
1103 1083 32 18 for
1151 1082 34 19 the
1202 1088 35 12 use
1255 1083 20 18 of
1290 1084 34 19 the
1337 1086 36 19 hos-

950 1109 50 25 pital
1010 1109 89 24 patients
1109 1109 21 18 in
1144 1108 35 19 the
1186 1109 44 18 first
1238 1109 96 25 instance,
1344 1112 39 19 and

950 1135 112 19 thereafter
1071 1135 32 18 for
1120 1135 50 19 such
1188 1135 89 18 resident
1296 1136 88 21 invalids

949 1168 22 11 as
996 1167 36 13 can
1057 1161 25 18 lie
1107 1161 98 24 provided
1319 1164 65 19 There

949 1187 72 19 should
1033 1187 24 18 bo
1070 1193 26 12 no
1106 1187 106 19 confusion
1223 1187 19 18 in
1253 1188 34 19 tho
1297 1190 56 19 niind
1363 1192 21 17 of

950 1220 79 17 anyone
1038 1213 112 25 regarding
1160 1214 34 18 the
1203 1219 98 19 purposes
1311 1216 21 18 of
1350 1217 34 19 the

951 1239 136 23 Sanatorium,
1097 1240 37 18 but
1144 1239 58 19 there
1212 1245 63 14 seems
1294 1243 21 17 to
1330 1242 27 20 be
1372 1251 12 11 a

950 1265 139 19 considerable
1107 1268 84 16 amount
1204 1265 21 18 of
1242 1267 106 21 confusion
1363 1270 20 18 in

950 1291 34 19 tho
994 1291 57 19 mind
1060 1292 22 18 of
1092 1291 30 19 Dr
1140 1291 126 25 MacGregor
1284 1295 59 19 when
1358 1296 26 19 he

950 1320 62 16 states
1022 1318 45 18 that
1075 1317 34 19 tho
1120 1317 89 25 existing
1220 1317 59 21 baths
1286 1320 53 20 liavo
1349 1325 35 16 not

949 1343 100 20 sufficient
1058 1343 172 20 accommodation
1243 1344 32 20 for
1292 1348 91 20 tourists.

949 1370 40 19 We
1014 1376 94 19 presume
1129 1369 45 19 that
1196 1370 35 18 tho
1250 1371 134 27 Department

951 1396 65 19 which
1031 1396 29 19 Dr
1077 1396 127 25 MacGregor
1222 1397 129 22 administers
1367 1401 17 19 is

950 1423 20 18 in
981 1422 114 25 possession
1106 1423 22 18 of
1137 1422 130 21 information
1278 1425 78 20 similar
1364 1429 20 17 to

950 1448 45 19 that
1004 1448 66 19 which
1082 1449 16 18 is
1109 1448 101 19 available
1230 1451 47 18 here
1294 1452 27 23 by
1337 1459 35 17 any-

950 1481 38 12 one
998 1481 12 12 v
1018 1476 25 17 ho
1053 1481 56 12 cares
1120 1478 21 15 to
1148 1474 86 25 inquire.
1263 1477 50 20 This
1322 1474 54 24 beiiio-

951 1501 33 18 the
993 1507 44 12 case
1047 1501 57 19 there
1115 1501 17 18 is
1142 1507 26 12 no
1179 1508 71 14 excuse
1260 1504 31 19 for
1299 1505 85 22 making

949 1534 26 11 an
990 1533 109 13 erroneous
1118 1530 109 16 statement
1245 1530 20 19 in
1284 1538 13 11 a
1315 1531 69 25 public

950 1554 113 18 document.
1092 1554 28 18 At
1130 1553 35 20 the
1181 1561 49 19 very
1249 1556 69 20 lowest
1337 1559 37 18 esti-

951 1582 58 20 mate,
1022 1579 41 19 ami
1073 1579 97 26 allowing
1180 1586 37 14 one
1227 1582 51 20 hour
1288 1583 32 19 for
1336 1584 47 19 each

950 1605 55 22 bath,
1017 1605 58 19 there
1094 1606 16 18 is
1127 1606 67 25 aiuplo
1214 1611 170 18 accommodation

950 1632 31 18 for
991 1631 68 26 11,-500
1076 1632 83 19 bathers
1165 1631 2 26 ■
1176 1632 61 25 daily,
1249 1635 31 19 for
1299 1636 34 19 tho
1350 1639 33 17 ten

951 1658 61 18 hours
1022 1664 25 12 on
1068 1658 65 19 which
1149 1659 34 19 the
1202 1660 59 20 baths
1280 1670 33 11 fro
1333 1670 50 18 open

950 1683 74 26 during
1035 1684 34 18 tho
1079 1691 78 13 season.
1185 1686 25 19 In
1220 1694 11 11 a
1242 1690 69 17 month
1322 1690 21 17 of
1360 1691 24 16 30

950 1709 48 25 day.
1010 1710 40 19 this
1064 1710 58 25 gives
1139 1717 11 13 a
1166 1714 91 24 capacity
1272 1716 21 17 of
1311 1717 9 17 4
1327 1717 56 18 5.009

949 1736 67 19 baths.
1055 1737 115 26 According
1195 1742 21 15 to
1238 1740 34 19 tho
1295 1745 86 19 returns,

951 1763 62 18 which
1026 1769 33 13 are
1069 1763 108 24 published
1188 1765 20 19 i»
1223 1766 55 20 these
1294 1768 77 19 column-

949 1789 138 24 -periodically,
1098 1789 34 19 tho
1151 1797 87 18 average
1256 1794 86 19 number
1363 1794 21 19 of

951 1815 82 18 bathers
1050 1822 37 18 per
1106 1818 69 17 month
1193 1818 75 25 during
1285 1820 35 19 the
1338 1824 46 21 past

949 1847 49 18 year
1008 1841 16 18 is
1036 1843 58 17 2.408
1105 1842 39 18 and
1155 1843 35 18 the
1200 1848 89 19 greatest
1298 1846 87 19 number

949 1867 32 18 for
991 1874 40 17 any
1041 1874 37 12 one
1089 1869 71 18 month
1172 1877 40 12 was
1228 1872 66 22 4,(i'2G.
1331 1872 53 19 That

950 1893 17 18 is
977 1896 19 16 to
1007 1900 42 18 say,
1070 1894 46 18 that
1131 1895 35 19 the
1179 1897 60 19 baths
1256 1905 51 13 were
1323 1905 61 13 never

951 1919 59 19 taxed
1021 1923 20 15 to
1052 1921 59 18 much
1121 1927 56 14 more
1188 1923 48 19 than
1248 1924 105 20 one-tenth
1363 1926 21 18 of

951 1945 52 19 their
1013 1946 98 25 capacity.
1139 1947 25 19 In
1174 1949 34 18 the
1218 1951 43 18 face
1272 1951 21 19 of
1304 1952 40 18 this
1355 1958 29 12 wo

950 1971 76 20 submit,
1038 1973 42 18 that
1094 1973 15 18 it
1120 1973 17 19 is
1147 1973 110 21 ridiculous
1266 1980 20 15 to
1296 1984 35 18 say
1341 1978 43 18 that

951 1998 33 18 the
996 1998 13 19 b
1023 1998 32 19 tils
1066 1999 52 19 liavo
1125 2002 36 16 not
1169 2002 98 19 sufficient,
1274 2010 97 13 accommo-

950 2024 69 19 dation
1029 2025 32 18 for
1079 2025 84 20 tourists
1181 2034 22 12 as
1221 2029 43 18 we'll
1282 2036 22 12 as
1320 2030 52 19 Sana-

951 2050 72 19 torium
1149 2053 100 20 Likewise
1259 2056 15 18 it,
1284 2056 17 18 is
1309 2056 75 19 absurd

950 2078 20 16 to
981 2076 63 26 imply
1055 2078 45 18 that
1110 2078 34 19 tho
1156 2083 64 16 wants
1230 2081 21 19 of
1270 2082 35 18 the
1322 2082 49 19 Sana-

951 2102 73 19 torium
1034 2104 89 24 patients
1134 2106 51 19 have
1196 2107 50 19 been
1264 2110 58 16 nlono
1338 2115 36 12 con-

950 2128 79 19 sidered
1039 2130 20 17 in
1071 2130 68 25 fitting
1149 2138 28 19 up
1188 2133 34 18 tho
1240 2134 67 18 baths.
1342 2135 43 18 The

950 2156 85 18 comfort
1056 2156 39 19 and
1113 2159 147 24 requirements
1275 2160 21 18 of
1312 2161 73 19 tourist

950 2180 40 19 and
1000 2182 77 19 invalid
1087 2184 80 19 visitors
1178 2185 51 20 have
1243 2186 75 25 always
1333 2187 51 19 been

951 2206 48 26 kept
1009 2208 19 17 in
1039 2208 51 19 view
1101 2217 22 12 as
1138 2211 60 19 much
1216 2219 20 12 as
1252 2212 89 26 possible
1358 2213 27 24 by

951 2233 34 19 the
1006 2234 121 21 authorities
1146 2238 47 19 here
1213 2239 45 21 and,
1270 2245 22 12 ai
1312 2239 32 19 far
1363 2246 22 12 as

951 2259 62 19 funds
1032 2262 67 19 would
1109 2264 80 24 permit,
1206 2265 128 23 satisfactory
1352 2272 22 11 ar-

951 2290 131 21 rangements
1090 2289 66 20 made.
1185 2290 20 19 If
1216 2294 33 15 not
1257 2291 128 22 luxuriously

951 2313 108 24 appointed
1071 2315 49 25 they
1130 2322 34 13 aro
1174 2317 45 18 well
1228 2317 108 19 ventilated
1345 2318 39 18 and

951 2339 83 24 capable
1051 2342 21 17 of
1095 2341 63 25 being
1176 2342 50 25 kept
1244 2343 140 25 scrupulously

951 2364 63 19 clean.
1043 2367 65 19 These
1119 2375 34 11 are
1160 2368 35 19 the
1206 2369 53 19 main
1270 2369 115 20 desiderata

951 2398 21 11 or
982 2398 11 11 a
1003 2392 88 25 bathing
1106 2394 160 20 establishment.
1295 2396 20 19 It
1330 2399 55 16 must

952 2419 25 18 be
987 2420 139 19 remembered
1141 2421 44 18 that,
1201 2422 34 17 tho
1250 2422 86 18 demand
1353 2422 33 19 for

951 2445 105 20 luxurious
1065 2447 147 23 surroundings
1223 2448 20 18 in
1260 2448 34 18 the
1311 2451 75 16 matter

951 2474 21 17 of
982 2472 61 20 baths
1053 2474 16 18 is
1080 2479 11 12 a
1104 2473 61 25 tiling
1181 2474 21 18 of
1219 2476 68 17 recent
1306 2474 78 23 growth

951 2500 19 18 in
982 2499 96 19 Eotorua.
1108 2499 20 19 It
1137 2506 56 12 came
1203 2500 20 18 in
1234 2500 47 18 with
1293 2500 34 19 the
1342 2500 44 19 first

951 2526 88 23 through
1052 2526 59 21 train,
1122 2526 36 18 and
1169 2525 38 19 has
1215 2526 49 18 been
1276 2527 108 24 pampered

952 2553 26 21 by
989 2553 34 18 the
1033 2552 88 19 erection
1132 2552 21 18 of
1163 2552 83 24 palatial
1263 2553 65 19 hotels
1345 2554 39 18 and

951 2585 46 13 cosv
1016 2577 192 25 boarding-houses.
1242 2579 64 18 There
1326 2579 17 19 is
1359 2586 26 12 no

952 2605 64 18 doubt,
1034 2605 45 17 that
1094 2604 16 18 it
1127 2604 40 18 will
1187 2605 94 18 continue
1292 2607 19 17 to
1329 2612 55 17 grow

952 2631 39 18 and
1002 2631 19 18 in
1032 2631 79 18 fulness
1122 2631 20 17 of
1155 2630 48 19 time
1219 2631 34 18 tho
1272 2631 114 19 demand—

952 2657 41 18 like
1003 2657 26 18 all
1040 2657 59 17 other
1108 2656 97 19 demands
1216 2657 20 18 of
1246 2657 33 18 the
1290 2657 94 24 public—

952 2683 40 18 will
1003 2683 25 17 be
1036 2683 113 23 responded
1164 2685 20 15 to
1194 2683 4 24 ;
1212 2683 89 24 mayhap
1313 2688 35 14 out
1365 2685 21 18 of

952 2709 44 18 lint.
1007 2710 93 18 £50.000
1110 2711 52 21 vote,
1172 2715 22 12 or
1210 2709 28 23 by
1254 2709 79 24 private
1351 2716 24 12 en-

953 2736 90 24 terprise.
1072 2735 18 18 A
1101 2737 99 21 stranper,
1212 2735 96 23 glancing
1319 2738 20 16 at
1357 2736 29 19 Dr

951 2761 144 23 MncGregor's
1104 2763 69 23 report
1183 2761 38 18 and
1239 2761 86 22 reading
1341 2762 45 19 that

977 2788 34 18 the
1022 2787 44 19 first
1076 2787 58 18 thine-
1146 2789 19 16 to
1174 2787 25 18 be
1209 2787 50 18 done
1272 2787 47 19 here
1330 2789 17 17 is
1365 2791 20 16 to

952 2813 84 25 develop
1055 2813 35 18 the
1106 2813 89 23 bathing

953 2840 66 18 would
1035 2839 128 24 irresistably
1177 2845 56 12 come
1250 2841 21 17 to
1288 2840 34 22 f,he
1341 2847 33 12 eon-

952 2866 76 18 elusion
1040 2866 44 17 that,
1094 2872 36 12 our
1142 2865 47 18 bath
1202 2867 73 22 system
1283 2872 40 12 was
1332 2866 18 19 in
1360 2873 24 12 an

953 2892 115 24 embryonic
1078 2891 100 19 condition
1191 2892 78 18 instead
1287 2892 21 18 of
1323 2892 63 25 being

953 2918 33 18 the
996 2920 53 16 most
1058 2918 78 24 perfect
1144 2918 21 18 of
1175 2918 34 18 the
1224 2918 56 18 throa
1297 2918 89 26 existing

953 2944 164 19 establishments
1127 2944 20 17 in
1156 2943 35 18 tho
1201 2943 82 25 Colony.
1343 2944 43 19 The

952 2970 55 19 roofs
1017 2970 21 18 of
1048 2970 35 18 the
1092 2969 85 19 Priest's
1188 2969 39 18 and
1237 2969 76 20 Eachel
1322 2970 64 19 Baths

952 3000 54 14 must
1024 2996 26 18 bo
1200 2995 67 19 writes
1283 2996 29 18 Dr
1330 2997 56 19 Mac-

953 3022 83 23 Gregor.
1134 3025 62 15 water
1205 3024 53 16 must
1269 3022 24 18 bo
1302 3022 42 19 laid
1361 3029 24 12 on

953 3050 19 16 at
983 3048 34 19 the
1028 3047 142 20 Postmaster's
1178 3047 59 22 Bath,
1247 3048 40 18 and
1294 3055 11 12 a
1312 3048 74 19 female

953 3074 106 18 attendant
1069 3076 55 16 must
1135 3073 25 19 be
1170 3074 96 24 provided
1275 3081 5 16 ;
1293 3074 35 19 the
1342 3081 32 13 con-

953 3104 53 14 crete
1021 3102 64 17 wants
1103 3100 103 24 repairing
1225 3100 20 18 ia
1264 3100 34 18 tho
1315 3101 70 19 ladies'

953 3126 60 18 baths
1024 3126 40 18 and
1074 3127 35 17 tho
1118 3125 91 25 lighting
1219 3127 20 17 at
1246 3126 60 24 night
1313 3127 73 19 should

953 3152 25 18 bo
1168 3152 33 18 All
1223 3152 57 18 those
1303 3155 83 17 matters

955 3178 50 18 have
1016 3178 52 18 been
1078 3177 102 19 discussed
1196 3177 29 25 by
1240 3178 34 18 the
1290 3179 86 19 adminis-

954 3205 67 22 tering
1042 3203 55 24 body
1116 3208 21 14 at
1157 3204 58 18 their,
1228 3205 100 23 meetings
1348 3205 38 18 and

953 3229 52 19 have
1014 3229 50 19 been
1073 3229 35 19 the
1118 3229 80 26 subject
1208 3230 21 18 of
1245 3231 95 23 repeated
1356 3238 20 12 re-

954 3256 149 22 presentations
1135 3258 21 16 to
1183 3256 34 18 the
1243 3255 143 20 Government.

954 3282 43 19 Tho
1007 3281 96 23 slightest
1111 3281 82 25 inquiry
1203 3281 67 19 would
1287 3282 51 19 have
1355 3290 22 12 re-

955 3308 67 18 solved
1033 3308 35 18 the
1078 3308 221 24 Inspector-General's
1314 3309 74 18 doubts

955 3340 24 12 on
991 3337 51 15 most
1053 3334 21 18 of
1088 3334 57 19 these
1163 3334 73 24 points,
1256 3335 40 18 and
1315 3335 73 18 should

955 3360 51 18 have
1018 3359 105 25 prompted
1134 3360 43 18 him
1184 3362 19 16 to
1214 3360 56 19 write
1278 3360 111 19 somewhat

955 3386 53 18 after
1028 3386 41 18 this
1087 3386 76 18 strain:
1270 3386 118 24 chemically

955 3412 87 24 charged
1054 3411 98 25 atmosph-
1160 3418 21 11 re
1200 3412 36 18 has
1256 3412 80 19 worked
1353 3413 35 18 sid

955 3438 64 18 havoc
1028 3438 20 17 in
1058 3438 34 17 the
1102 3438 55 18 roofs
1167 3438 21 17 of
1197 3438 34 18 tho
1248 3437 85 20 Priest's
1350 3440 38 17 and

958 3462 77 20 Encliel
1045 3463 70 20 Baths,
1127 3463 37 19 but
1174 3470 12 12 a
1196 3464 94 24 quantity
1303 3465 21 17 of
1332 3465 46 18 alka-

958 3489 40 19 line
1009 3489 39 19 and
1068 3489 43 19 acid
1130 3489 96 25 resisting
1240 3490 93 19 material
1353 3491 37 18 has

958 3515 51 19 hepn
1019 3515 98 25 proc-uied
1129 3516 38 18 and
1179 3516 16 18 is
1205 3522 45 12 now
1260 3516 20 18 in
1292 3516 34 19 the
1336 3520 54 15 store

958 3544 20 16 at
988 3541 92 19 Eotorua
1090 3541 32 19 for
1132 3541 34 19 the
1176 3548 86 18 purpose,
1272 3542 21 18 of
1303 3543 77 19 re-roof-

957 3567 36 24 ing
1003 3567 34 19 tho
1047 3567 62 19 baths
1123 3568 21 18 in
1165 3567 104 25 question;
1291 3574 12 12 a
1323 3569 52 19 swim-

956 3594 58 23 ming
1024 3593 49 19 bath
1084 3594 31 17 for
1126 3599 76 13 women
1213 3593 48 19 with
1273 3600 10 12 a
1299 3595 90 24 capacity

957 3619 31 18 for
999 3621 37 16 200
1056 3619 84 18 bathers
1156 3619 54 24 daily
1226 3619 35 19 has
1278 3619 43 25 just
1338 3620 50 19 been

957 3645 111 24 completed
1078 3645 4 25 ;
1096 3645 55 18 fresh
1162 3647 62 16 water
1242 3645 16 18 is
1275 3646 20 18 in
1310 3652 80 18 process

958 3671 20 18 of
988 3670 64 25 being
1059 3670 42 19 laid
1118 3678 26 11 on
1161 3673 21 16 at
1198 3671 35 18 the
1247 3671 144 20 Postmaster's

957 3695 60 22 Bath,
1029 3696 39 19 and
1079 3703 11 12 a
1100 3696 74 19 female
1184 3697 105 18 attendant
1308 3697 42 19 will
1365 3699 26 18 be

958 3722 101 19 stationed
1069 3722 58 19 there
1137 3725 21 16 at
1169 3722 33 19 the
1212 3722 89 25 opening
1311 3723 21 19 of
1341 3726 49 17 next

958 3753 70 14 season
1038 3748 4 21 :
1064 3748 36 19 the
1118 3751 91 16 coccrete
1228 3749 20 18 in
1267 3748 35 19 the
1320 3749 70 20 ladies'

958 3773 59 19 baths
1038 3774 37 19 has
1092 3774 52 19 been
1158 3774 65 18 relaid
1240 3774 39 19 nnd
1294 3781 85 19 arrange-

959 3802 63 16 ments
1035 3800 52 18 have
1097 3799 51 19 been
1158 3800 59 18 made
1227 3800 31 18 for
1276 3800 34 19 the
1326 3801 67 20 better

957 3825 91 26 lighting
1064 3826 23 18 of
1102 3825 35 19 the
1153 3826 66 19 whole
1237 3826 73 19 establi
1322 3827 69 20 hment

957 3851 19 18 in
1107 3851 53 19 That
1170 3852 17 17 is
1203 3851 62 19 about
1285 3852 33 19 the
1337 3853 44 25 posi-

958 3878 41 18 tion
1010 3880 20 16 at
1041 3880 81 22 present
1155 3877 83 20 Instead
1247 3878 22 18 of
1278 3879 50 22 that,
1337 3879 42 19 how-

958 3909 52 17 ev-r,
1031 3899 30 23 Dr
1079 3903 124 25 MacGregor
1226 3904 25 25 by
1271 3904 32 19 his
1321 3908 68 19 report

958 3928 71 20 lowers
1042 3929 35 19 the
1087 3932 64 16 status
1162 3930 22 18 of
1200 3930 34 19 the
1249 3930 57 25 place
1322 3931 20 19 in
1358 3932 35 18 the

958 3955 67 19 minds
1036 3955 21 19 of
1067 3956 34 18 the
1112 3955 69 25 public
1189 3956 39 18 and
1237 3956 67 21 sfiows
1313 3956 45 20 that
1368 3957 25 19 ho

958 3981 16 17 is
985 3981 86 24 entirely
1082 3982 95 21 ignorant
1188 3982 21 18 of
1222 3981 54 19 what,
1294 3983 36 18 has
1341 3983 51 19 been

958 4007 64 24 going
1032 4014 25 11 on
1069 4008 53 18 since
1134 4007 31 19 his
1175 4007 39 19 hist
1231 4008 48 19 visit
1294 4011 20 15 to
1333 4009 48 19 kofo-

958 4038 44 13 ruu.
1031 4033 43 18 The
1084 4033 65 19 whole
1160 4033 106 19 document
1276 4034 16 19 is
1303 4034 20 19 in
1329 4034 52 25 keep-

958 4057 37 26 ing
1005 4058 50 19 with
1066 4059 45 19 that
1122 4060 21 17 of
1152 4059 39 19 last
1204 4066 48 17 ye;>r
1261 4060 19 18 in
1292 4060 66 19 which
1369 4061 25 18 lie

958 4085 154 18 recommended
1136 4085 45 18 that
1200 4092 11 11 a
1230 4086 163 24 comprehensive

958 4110 80 19 scheme
1046 4110 74 19 should
1125 4110 26 19 bo
1159 4111 86 19 formula
1248 4111 32 19 ted
1285 4112 109 24 providing

1409 87 32 18 for
1450 87 35 19 the
1496 86 88 19 erection
1593 87 21 18 of
1624 86 73 19 tourist
1706 85 126 20 accommoda-

1409 114 41 17 tion
1462 115 21 16 at
1493 112 118 24 Waiotapu,
1621 112 100 19 Tokaanu
1733 112 40 19 and
1791 112 40 18 Ora-

1409 138 121 19 kei-korako
1565 138 29 18 As
1608 145 29 12 we
1647 138 49 19 then
1705 137 109 20 remarked
1829 138 16 18 it

1409 164 67 19 would
1486 165 25 17 be
1521 164 35 18 the
1566 170 54 12 more
1635 164 89 19 sensible
1739 169 70 13 course
1824 166 20 16 to

1410 190 75 24 perfect
1495 190 35 18 the
1540 189 88 25 existing
1628 189 2 25 1
1644 193 75 21 system
1736 190 52 18 than
1804 195 26 12 em-

1408 216 58 23 bark,
1478 216 20 18 in
1510 215 49 19 such
1575 222 12 12 a
1604 216 107 19 wholesale
1732 215 112 25 enterprise

1409 248 22 13 as
1441 242 30 19 L>r
1480 242 129 24 MacGregor
1618 242 50 18 then
1677 241 110 20 indicated.

1434 303 26 19 In
1471 302 93 24 alluding
1572 305 19 16 to
1600 302 33 19 the
1642 303 90 23 3anitary
1741 303 103 19 condition

1408 329 21 19 of
1437 329 34 19 the
1482 333 53 14 town
1548 323 31 24 Dr
1588 328 125 25 MucGrcgor
1729 330 21 18 in
1765 328 33 19 liis
1813 335 21 12 re-

1409 358 45 22 port
1477 357 62 16 states
1562 354 45 18 that
1635 361 13 12 a
1678 355 166 25 comprehensive

1408 381 98 22 drainage
1516 380 80 19 scheme
1611 380 17 19 is
1646 381 95 24 required
1758 383 21 16 to
1798 387 35 18 pre-

1408 410 48 16 vent
1475 407 91 18 Kotorua
1586 406 106 25 becoming
1711 413 13 12 a
1743 407 57 18 focus
1824 407 21 18 of

1409 432 83 25 typhoid
1503 432 63 19 fever.
1594 432 21 19 It
1624 432 18 19 is
1652 439 44 12 now
1707 439 54 12 seme
1778 432 65 19 weeks

1409 465 38 18 ago
1457 458 55 19 since
1521 458 35 18 tho
1565 458 96 19 Mini-ter
1670 459 21 18 of
1700 458 71 19 Lands
1778 458 66 19 stated

1408 486 20 17 in
1440 485 33 18 the
1488 484 71 19 House
1577 484 46 18 that
1643 491 25 12 an
1688 485 97 24 engineer
1804 491 40 12 was

1408 510 4 25 t
1418 511 38 18 hen
1466 514 21 15 at
1497 510 91 18 Kotorua
1598 510 111 25 preparing
1725 510 59 25 plans
1804 510 40 19 and

1407 536 148 25 specifications
1572 536 41 18 and
1633 543 12 11 a
1663 536 80 19 scheme
1762 536 31 19 for
1810 536 34 19 the

1407 569 88 19 purpose
1506 562 21 18 of
1537 561 103 21 drainage.
1669 562 20 19 It
1704 562 18 19 is
1738 564 45 17 true
1799 562 45 19 that

1408 589 41 18 this
1468 588 131 18 information
1619 594 40 12 was
1678 588 124 19 vouchs:fed
1823 589 21 18 in

1409 615 56 24 reply
1475 618 20 14 to
1506 622 10 10 a
1527 614 99 24 question,
1638 614 40 18 and
1697 621 63 17 usage
1774 615 69 18 i<llowr

1408 641 35 19 the
1464 645 75 13 utmost
1557 639 86 19 latitude
1661 644 21 14 to
1700 640 104 20 Ministers
1823 641 20 18 in

1407 668 50 17 such
1464 672 62 13 cases.
1671 666 108 25 speaking,
1788 667 42 18 how-

1408 699 52 15 ever,
1482 692 57 18 there
1558 691 18 19 is
1584 698 12 12 a
1616 698 87 18 soupg-ui
1722 693 22 18 of
1763 695 41 16 fact
1823 693 20 18 in

1408 718 122 19 Ministerial
1541 721 120 19 utterances,
1675 718 40 19 and
1726 724 29 13 we
1770 719 74 18 looked

1407 745 32 18 for
1449 744 34 19 the
1494 743 74 25 speedy
1579 743 74 19 arrival
1664 745 21 17 of
1696 744 35 19 the
1744 745 98 24 engineer

1407 770 77 25 spoken
1493 771 21 18 of
1524 773 20 16 to
1556 772 37 22 put
1607 769 98 26 drainage
1720 773 85 16 matters
1822 771 20 18 in

1407 797 97 23 training.
1534 795 26 20 So
1569 796 31 18 far
1610 802 30 13 we
1650 795 51 20 have
1712 796 52 19 been
1774 794 58 28 disap-

1407 822 90 26 pointed,
1508 822 42 19 and
1560 829 21 12 as
1594 822 57 19 there
1661 822 17 19 is
1696 829 59 18 every
1766 822 66 19 indica-

1408 848 41 19 tion
1463 849 20 18 of
1492 849 35 18 the
1560 854 71 12 season
1664 848 89 26 opening
1771 849 72 18 earlier

1407 874 50 19 than
1539 874 33 19 tho
1591 874 87 24 position
1698 874 17 19 is
1736 874 106 26 becoming

1407 900 82 19 critical.
1518 900 75 24 Money
1604 900 36 18 has
1650 900 51 19 been
1710 900 59 19 made
1778 901 54 18 avnil-

1407 926 235 24 ableforthelayingout
1649 926 22 19 of
1679 927 34 18 the
1718 933 73 18 geyser
1795 933 47 12 area

1407 956 21 15 at
1438 952 232 19 Whakarewarewa—a
1683 959 49 17 very
1745 952 97 19 laudable

1407 978 202 25 undertaking—but
1619 978 16 19 it
1645 978 18 18 is
1673 978 98 26 perfectly
1786 979 56 24 plain

1407 1004 45 19 that
1471 1005 91 24 sanitary
1579 1011 101 12 measure-
1698 1004 73 19 should
1791 1005 51 18 have

1407 1031 127 25 precedence.
1562 1030 26 19 In
1604 1030 47 25 May
1668 1030 47 19 last'
1726 1031 35 18 the
1780 1031 61 18 Town

1407 1057 66 20 Board
1490 1056 63 20 asked
1569 1056 31 19 for
1616 1063 12 12 a
1644 1063 46 13 sum
1707 1058 21 18 of
1744 1059 58 17 £950
1821 1064 20 12 in

1407 1084 58 19 order
1476 1087 20 15 to
1506 1083 84 25 procued
1602 1083 45 19 with
1659 1090 12 11 a
1678 1086 75 21 system
1763 1084 21 18 of
1790 1090 50 18 open

1407 1110 99 24 drainage
1517 1109 38 19 and
1567 1109 71 19 tacked
1649 1116 25 12 011
1686 1112 21 16 to
1718 1110 33 18 the
1760 1114 82 21 request

1407 1143 10 11 a
1430 1135 54 19 rider
1494 1140 20 14 to
1525 1135 33 19 tho
1578 1135 59 19 effect
1656 1135 45 19 that
1720 1136 68 18 unless
1809 1136 33 19 the

1407 1168 44 12 sum
1461 1168 52 12 were
1527 1161 87 24 granted
1635 1161 33 19 tho
1689 1162 66 19 Board
1776 1162 66 19 would

1407 1191 35 16 not
1452 1188 3 25 ;
1464 1190 56 20 ccept
1530 1194 40 17 any
1580 1188 68 18 future
1659 1188 153 25 responsibility
1822 1189 18 18 in

1407 1214 117 19 connection
1536 1213 47 19 with
1594 1215 34 17 tho
1640 1215 91 24 sanitary
1750 1218 52 15 state
1821 1215 21 18 of

1407 1241 34 17 the
1451 1243 60 15 town.
1541 1239 30 24 By
1581 1239 103 26 declining
1698 1244 20 14 to
1729 1244 61 21 grant
1808 1241 34 18 tho

1406 1273 45 11 sum
1470 1265 64 20 asked
1551 1267 32 17 for
1600 1267 34 17 the
1656 1267 137 18 Government
1810 1274 21 10 as-

1406 1293 71 18 sumed
1487 1293 35 17 the
1537 1292 152 25 responsibility
1706 1293 40 18 and
1764 1300 10 11 a
1793 1299 47 18 very

1406 1319 77 18 serious
1493 1318 75 24 charge
1578 1318 41 19 will
1630 1318 51 19 have
1690 1322 20 15 to
1722 1319 24 18 be
1755 1325 78 12 answer

1407 1345 24 18 ed
1449 1345 15 18 if
1480 1344 35 19 the
1532 1344 104 25 initiatory
1654 1349 56 21 steps
1729 1351 33 13 aro
1781 1345 61 18 much

1406 1370 71 26 longer
1487 1370 91 25 delayed.

1432 1397 65 19 There
1508 1397 5 18 i
1541 1403 37 12 one
1588 1396 76 19 branch
1675 1397 21 18 of
1707 1397 34 18 the
1752 1397 89 25 sauitiry

1407 1427 159 21 arrangements,
1578 1422 99 24 however,
1692 1424 21 17 in
1725 1423 65 19 which
1807 1424 33 18 the

1406 1449 61 19 Town
1477 1448 66 19 Board
1553 1455 37 12 can
1599 1449 47 18 take
1664 1449 88 19 decisive
1768 1450 72 18 action.

1407 1476 39 18 Wo
1456 1476 54 18 refer
1520 1478 20 15 to
1550 1475 34 18 the
1594 1475 115 18 institution
1721 1476 20 17 of
1751 1481 12 12 a
1770 1482 72 18 proper

1407 1502 59 24 night
1477 1501 81 19 service.
1586 1501 59 19 Some
1657 1502 47 17 time
1715 1507 38 19 ago
1764 1508 12 12 a
1794 1508 48 18 very

1407 1528 120 18 exhaustive
1538 1530 67 22 report
1622 1533 41 13 was
1680 1527 92 19 received
1790 1528 51 18 from

1407 1554 33 18 Mr
1450 1553 118 24 McArthur,
1581 1553 96 25 engineer
1687 1557 20 16 to
1720 1554 35 18 tho
1767 1554 63 19 Ohine-

1407 1580 52 18 rnuri
1483 1580 85 23 County,
1587 1580 113 24 indicating
1719 1581 35 18 tlio
1772 1586 70 13 course

1407 1606 65 19 which
1482 1606 34 18 the
1527 1605 65 19 Board
1604 1606 73 19 should
1688 1606 48 19 take
1746 1606 21 18 in
1776 1608 55 17 estab-

1407 1632 77 25 lishing
1491 1632 48 18 Mich
1548 1638 11 12 a
1567 1632 81 23 service,
1658 1632 40 19 and
1706 1632 56 19 there
1771 1632 71 18 should

1408 1658 24 19 be
1443 1665 26 12 no
1480 1658 70 23 longer
1569 1664 40 19 any
1625 1658 59 25 delay
1700 1658 21 19 in
1737 1658 26 18 its
1781 1658 51 19 intro-

1407 1684 88 20 duction.
1530 1684 42 19 The
1588 1684 67 19 Board
1673 1684 73 19 should
1764 1688 34 14 not
1819 1684 23 19 bo

1407 1710 92 20 deterred
1510 1711 51 18 from
1571 1711 123 25 proceeding
1710 1711 19 19 in
1741 1711 34 18 tho
1791 1715 39 14 mat-

1407 1739 31 16 ter
1449 1737 88 24 through
1548 1744 38 16 any
1597 1737 44 18 fear
1652 1737 46 19 tlint
1708 1737 53 19 their
1778 1741 64 14 action

1407 1770 45 17 may
1463 1763 55 19 clash
1530 1763 47 18 with
1589 1763 34 18 the
1642 1769 55 13 more
1714 1763 116 19 comprehen-

1407 1789 42 19 sive
1459 1789 79 19 scheme
1548 1795 21 12 oi.
1584 1789 97 25 drainage
1698 1789 102 24 promised
1816 1789 26 24 by

1407 1815 34 19 the
1452 1815 143 19 Government,
1624 1815 20 18 if
1659 1815 53 19 their
1729 1815 115 19 reluctance

1407 1841 17 18 is
1434 1848 24 12 011
1472 1841 43 19 that
1527 1844 82 15 account
1627 1841 34 19 the
1680 1841 126 19 notification
1823 1842 21 18 of

1407 1867 52 19 their
1470 1867 101 19 intention
1581 1871 19 15 to
1618 1874 57 12 move
1694 1868 66 18 would
1779 1867 52 25 prob-

1407 1894 48 24 ably
1466 1899 59 13 rouse
1543 1894 33 17 tiie
1592 1893 137 19 Government
1748 1894 52 19 from
1818 1894 26 18 its

1407 1923 51 15 state
1469 1921 20 17 of
1499 1919 99 25 lethargy.

1407 1996 100 17 Tueauri
1515 1999 62 13 sacra
1583 1996 122 17 fames—the
1715 1995 66 18 cursed
1787 1995 57 18 thirst

1407 2020 30 16 for
1447 2019 103 22 gold—has
1560 2018 81 23 parched
1651 2019 31 17 the
1691 2019 74 17 throats
1774 2019 20 17 of
1807 2019 37 17 this

1407 2043 56 16 small
1472 2043 118 21 community
1598 2041 36 18 and
1644 2042 26 17 all
1679 2042 32 17 the
1720 2042 42 17 talk
1778 2048 41 11 now
1828 2043 16 16 is

1407 2067 19 16 of
1432 2065 72 18 leaders
1510 2065 37 17 and
1552 2062 104 24 lodes,-and
1662 2065 77 18 mundic
1744 2065 38 17 and
1790 2065 52 18 mica.

1407 2089 63 22 Every
1479 2088 67 18 second
1557 2095 41 11 man
1609 2094 37 16 you
1662 2092 50 14 meet
1720 2089 35 17 has
1769 2095 11 10 a
1797 2095 47 16 yarn

1407 2113 21 17 to
1437 2113 41 21 spin
1488 2112 59 17 about
1555 2118 10 10 a
1581 2112 39 16 reef
1636 2112 19 16 in
1673 2112 32 16 the
1722 2118 74 15 ranges,
1807 2112 37 16 and

1408 2136 110 22 specimens,
1533 2140 44 12 over
1592 2135 61 16 which
1668 2142 10 10 a
1695 2135 99 22 sovereign
1810 2135 34 17 has

1407 2158 45 17 been
1463 2158 114 23 judiciously
1586 2158 83 22 scraped,
1680 2164 31 11 are
1725 2158 72 21 shown,
1807 2158 27 17 cri-

1407 2182 64 22 tically
1481 2181 105 19 examined,
1597 2181 36 17 and
1643 2181 121 22 pronounced
1771 2182 60 16 worth-

1407 2205 35 17 less
1451 2205 26 22 by
1485 2205 33 17 the
1649 2205 42 17 who
1696 2205 48 17 have
1751 2205 93 22 suddenly

1407 2228 75 22 uprisen
1491 2229 88 21 amongst
1589 2234 27 11 us.
1641 2227 77 23 Mining
1730 2233 51 12 news
1795 2228 48 17 from

1406 2251 128 23 neighboring
1557 2251 88 20 districts,
1669 2251 91 22 formerly
1776 2251 68 17 looked

1407 2281 51 16 upon
1467 2281 20 11 as
1496 2274 69 23 insipid
1581 2274 85 23 reading,
1684 2274 34 17 hns
1735 2274 89 23 acquired
1833 2281 11 10 a

1407 2299 51 17 fresh
1467 2298 84 20 interest,
1562 2297 36 17 and
1609 2298 31 16 the
1656 2304 44 16 pros
1715 2298 38 16 and
1762 2304 43 10 cons
1814 2298 29 17 .of

1407 2322 72 22 reefing
1488 2321 107 22 operations
1604 2324 19 13 at
1632 2321 25 17 Te
1673 2321 52 17 Puke
1735 2321 37 16 and
1781 2321 63 17 Wailii

1407 2350 31 11 are
1447 2344 96 18 discussed
1551 2344 45 17 with
1606 2350 20 11 as
1635 2344 56 17 much
1704 2345 80 16 interest
1798 2350 21 11 as
1827 2344 18 17 if

1407 2374 28 11 we
1452 2373 48 12 were
1516 2368 20 16 in
1553 2368 31 16 the
1619 2367 52 19 thick
1687 2368 20 16 of
1722 2367 33 17 tho

1408 2392 32 16 We
1449 2391 48 17 have
1506 2397 24 11 110
1539 2391 52 20 wish,
1602 2391 92 19 however,
1710 2392 19 16 to
1744 2391 100 22 disparage

1407 2415 32 16 the
1448 2414 69 23 doings
1525 2414 20 17 of
1553 2415 32 16 the
1602 2414 62 22 newly
1681 2414 97 23 projected
1797 2414 35 17 Pro-

1407 2438 87 22 specting
1502 2437 123 18 Association.
1652 2438 37 17 Far
1701 2438 49 16 from
1758 2438 16 15 it
1805 2438 39 16 The

1407 2461 31 17 old
1447 2461 52 17 ideas
1508 2461 19 16 in
1536 2460 68 23 regard
1614 2462 18 15 to
1642 2460 31 18 the
1683 2462 60 16 strata
1753 2467 18 10 111
1781 2460 61 18 which

1407 2485 46 21 gold
1462 2490 43 16 may
1514 2484 22 16 he
1546 2484 59 17 found
1624 2484 47 17 have
1689 2483 47 23 long
1751 2484 51 17 since
1810 2490 22 11 ex-

1407 2507 75 23 ploded.
1508 2507 56 20 Here,
1579 2507 19 17 in
1614 2507 31 17 the
1662 2507 56 17 north
1734 2507 67 20 island,
1812 2507 32 17 the

1407 2533 81 20 country
1497 2531 45 17 rock
1552 2530 62 17 where
1630 2530 104 17 auriferous
1751 2530 52 17 lodes
1813 2537 31 10 are

1407 2554 60 18 found
1476 2554 91 22 comprise
1576 2554 89 20 audesite,
1680 2553 104 23 porphyry,
1802 2554 42 16 tufa

1407 2578 38 17 and
1454 2578 92 22 trachyte,
1557 2577 31 17 the
1603 2577 57 17 latter
1673 2577 59 22 being
1741 2584 10 9 a
1760 2577 84 17 volcanic

1407 2601 51 21 rock,
1473 2600 111 22 confusedly
1600 2600 151 23 agglomerated,
1769 2600 45 17 such
1824 2606 20 11 as

1408 2625 15 16 is
1431 2630 43 11 seen
1484 2626 19 15 at
1510 2624 107 17 Ilorolioro.
1650 2624 49 17 Tufa
1707 2624 15 16 is
1732 2624 59 20 al:so,a
1800 2623 44 18 rock

1407 2648 21 17 of
1437 2647 83 18 volcanic
1529 2647 108 17 formation.
1663 2647 20 17 It
1691 2647 15 17 is
1715 2647 43 17 well
1767 2648 21 16 to
1800 2648 44 16 note

1408 2671 42 17 that
1459 2671 52 17 lodes
1520 2670 59 17 found
1589 2671 18 16 in
1616 2670 61 17 either
1687 2670 21 17 of
1716 2670 52 17 these
1777 2669 67 18 classes

1408 2695 20 16 of
1437 2696 80 20 country
1525 2694 44 17 rock
1579 2699 42 16 may
1630 2699 36 12 run
1673 2694 19 16 in
1701 2699 38 16 any
1745 2693 98 17 direction.

1409 2718 22 16 In
1440 2717 56 18 India
1505 2716 137 23 gold-bearing
1650 2716 51 18 lodes
1710 2722 36 11 run
1760 2716 84 23 through

1407 2741 33 17 the
1448 2740 136 22 inetamorpliic
1593 2739 54 18 rocks
1656 2739 38 17 and
1708 2740 39 16 also
1761 2745 56 11 occur
1825 2740 19 16 in

1407 2765 64 21 gneiss
1478 2763 39 18 and
1525 2763 92 23 quartzite
1625 2762 4 24 ;
1644 2763 19 17 in
1671 2762 85 21 Nevada,
1764 2768 19 11 111
1791 2763 43 16 lime-

1408 2789 53 16 stone
1478 2787 62 17 which
1557 2787 33 16 lias
1612 2786 110 22 undergone
1744 2793 11 10 a
1772 2786 73 22 change

1408 2811 49 17 since
1464 2810 25 17 its
1495 2810 81 23 original
1583 2810 105 21 deposition
1696 2809 3 24 ;
1714 2810 19 16 in
1740 2809 103 17 California

1407 2834 19 16 in
1436 2834 82 22 granite,
1536 2833 76 17 flanked
1627 2833 26 22 by
1669 2833 75 17 various
1761 2832 55 18 kinds
1826 2833 19 16 of

1408 2857 72 21 schists;
1492 2857 18 16 in
1517 2856 74 17 Mexico
1600 2855 51 18 lodes
1658 2861 31 12 are
1696 2855 59 18 found
1760 2855 84 18 between

1408 2881 32 16 the
1448 2880 88 23 junction
1544 2880 20 16 of
1573 2880 41 21 clay
1623 2880 48 17 slate
1679 2879 38 17 and
1726 2879 107 22 conglomer-

1408 2906 36 14 ate.
1471 2904 22 16 In
1503 2903 83 17 Victoria
1595 2903 32 17 tho
1644 2902 48 18 reefs
1709 2908 32 11 are
1758 2902 59 17 found
1825 2902 20 16 in

1409 2926 121 23 conjunction
1546 2926 46 16 with
1610 2925 32 17 the
1659 2925 49 17 mica
1724 2925 67 17 schists
1808 2925 37 17 and

1409 2950 61 20 slates,
1479 2949 38 18 and
1522 2949 39 17 also
1567 2949 33 17 the
1606 2949 41 21 clay
1654 2949 61 17 sliit.es.
1731 2949 23 16 In
1760 2949 72 18 Queens-

1408 2974 51 19 land,
1469 2974 15 15 it
1493 2978 44 17 may
1546 2972 23 17 be
1584 2979 20 10 as
1621 2972 42 17 well
1680 2974 21 15 to
1715 2973 50 19 note,
1776 2972 45 22 gold
1830 2972 15 16 is

1409 2996 58 18 found
1475 2997 19 16 at
1503 2996 32 16 tho
1544 2996 54 21 great
1607 2995 70 17 Mount
1689 2995 83 22 Morgan
1789 2995 55 20 mine,

1408 3020 20 16 in
1437 3026 10 10 a
1457 3019 86 17 siliceous
1551 3019 59 17 sinter
1617 3018 114 23 apparently
1748 3018 97 22 deposited

1408 3043 25 22 by
1442 3043 33 16 the
1484 3042 62 17 action
1556 3042 20 17 of
1588 3042 34 17 hot
1638 3042 81 22 springs.
1746 3041 23 17 111
1786 3041 58 20 short,

1408 3066 16 17 it
1431 3066 16 17 is
1456 3064 108 24 impossible
1573 3066 20 16 to
1611 3071 33 15 say
1661 3064 62 17 where
1740 3064 46 23 gold
1802 3070 43 17 may

1409 3090 33 16 not
1450 3089 24 17 be
1491 3088 66 21 found,
1575 3088 37 16 and
1630 3091 29 14 ior
1675 3088 43 16 that
1736 3093 65 11 season
1818 3093 27 11 we

1409 3113 50 17 trust
1475 3113 43 15 that
1534 3111 32 17 the
1586 3111 126 23 Prospecting
1728 3111 118 17 Association

1410 3136 38 17 will
1457 3135 88 18 continue
1553 3135 24 16 its
1586 3134 53 17 work
1648 3134 49 17 until
1710 3134 33 17 the
1752 3134 93 17 existence

1409 3165 21 10 or
1438 3158 144 17 non-existence
1591 3158 20 17 of
1619 3158 80 22 payable
1716 3158 54 16 stone
1780 3157 20 17 in
1809 3157 36 17 this

1409 3182 78 21 locality
1495 3181 16 17 is
1519 3181 66 22 placed
1593 3181 77 21 beyond
1678 3186 12 11 a
1701 3180 66 20 doubt,

1411 3258 43 17 The
1464 3257 82 18 remarks
1555 3257 61 17 ••.vliicli
1630 3263 27 11 we
1674 3256 55 18 made
1745 3256 103 23 regarding

1412 3282 30 16 the
1452 3281 102 17 allocation
1563 3281 20 16 of
1592 3281 41 16 that
1643 3281 82 19 £'oo,ooo
1741 3280 44 16 vote
1786 3279 61 17 —still

1411 3305 19 16 in
1445 3304 33 17 tlie
1493 3303 61 18 womb
1568 3304 20 17 of
1604 3303 33 17 the
1653 3303 71 20 future,
1738 3303 92 16 however-
1831 3312 17 2 —

1411 3328 48 17 have
1467 3328 48 16 been
1522 3326 151 18 misunderstood
1679 3326 26 23 by
1712 3332 35 11 our
1752 3326 26 16 Te
1785 3326 63 16 Arolia

1411 3352 150 20 contemporary.
1586 3350 30 16 He
1626 3355 58 12 seems
1697 3352 20 15 to
1732 3349 56 17 think
1806 3349 42 16 that

1412 3380 27 11 we
1456 3373 72 17 hanker
1545 3373 48 17 after
1609 3374 33 16 the
1680 3372 61 18 whole
1756 3372 38 17 box
1811 3371 36 18 anil

1482 3398 19 15 to
1515 3402 32 11 use
1564 3402 10 10 a
1591 3395 72 18 wicked
1679 3395 114 23 expression,
1811 3394 38 18 and

1412 3420 43 17 that
1463 3425 35 12 our
1506 3419 69 17 bowels
1584 3419 48 17 have
1640 3425 25 11 no
1674 3421 39 15 sort
1722 3420 19 16 of
1747 3418 101 23 sympathy

1412 3443 47 17 with
1479 3442 32 17 the
1528 3444 70 20 urgent
1618 3442 135 23 requirements
1775 3442 20 16 of
1816 3441 32 17 the

1412 3465 95 22 township
1516 3465 61 17 which
1585 3465 69 17 nestles
1663 3466 22 16 at
1692 3465 33 17 the
1734 3465 41 17 foot
1783 3465 21 16 of
1816 3464 32 17 the

1413 3489 85 22 majestic
1508 3489 70 16 mount.
1605 3488 30 17 Ho
1644 3488 52 17 twits
1704 3494 22 11 us
1735 3488 46 16 with-

1413 3512 75 21 coming
1501 3511 101 22 hysterical
1616 3511 38 17 and
1671 3511 56 22 fairly

1413 3537 18 15 at
1440 3536 26 16 To
1475 3534 79 18 Aroha's
1560 3535 64 16 claims
1632 3535 31 17 for
1668 3534 137 18 consideration
1811 3533 38 17 and

1413 3561 42 20 gets
1463 3564 26 16 up
1498 3563 24 12 on
1531 3557 29 17 his
1568 3557 46 17 hind
1623 3557 41 23 legs
1676 3557 37 18 and
1729 3557 87 21 indulges
1829 3557 19 16 in

1413 3588 10 10 a
1431 3582 29 17 lot
1468 3581 20 17 of
1497 3581 126 22 vituperation
1640 3581 59 17 about
1713 3586 35 11 our-

1413 3604 79 22 mailing
1607 3604 84 17 Arabian
1702 3603 95 22 perfumes
1812 3603 36 17 and

1413 3634 20 11 so
1442 3628 58 16 forth.
1525 3627 33 16 Wo
1566 3632 57 12 never
1635 3627 85 22 thought
1736 3632 35 11 our
1786 3625 63 23 placid

1413 3652 112 18 utterances,
1534 3649 102 23 breathing
1648 3650 32 17 the
1697 3649 55 23 spirit
1769 3649 19 16 of
1804 3649 33 16 bro-

1413 3674 62 21 therly
1484 3673 42 17 love
1542 3673 37 17 and
1598 3672 79 18 concord
1694 3673 19 16 in
1731 3677 55 17 every
1802 3672 43 20 line,

1414 3696 64 18 would
1485 3696 23 17 be
1517 3695 57 17 taken
1581 3696 21 16 in
1610 3696 38 17 this
1656 3701 103 12 rancorous
1765 3695 80 20 fashion,

1414 3719 37 17 and
1460 3720 51 16 must
1520 3719 89 17 conclude
1623 3719 43 17 that
1682 3724 34 12 our
1731 3719 107 21 contempor-

1414 3749 33 15 ary
1456 3743 16 17 is
1482 3742 90 22 suffering
1580 3742 49 17 from
1644 3747 50 12 some
1708 3741 97 23 irritating
1820 3742 20 15 af-

1415 3766 69 17 fection
1492 3765 61 17 which
1568 3765 32 17 the
1618 3764 103 18 far-famed
1738 3764 74 23 springs
1829 3764 19 17 of

1414 3790 25 16 Te
1448 3788 63 18 Arolia
1520 3794 31 11 are
1560 3788 98 22 incapable
1667 3789 20 15 of
1698 3787 73 23 curing.
1795 3787 54 17 Must

1416 3818 26 11 wo
1451 3812 87 17 reiterate
1549 3811 43 18 that
1600 3817 28 10 we
1644 3811 95 22 fervently
1755 3811 49 21 liopo
1819 3810 31 17 the

1415 3835 64 17 claims
1488 3835 20 16 of
1516 3835 25 16 Te
1551 3834 63 17 Arolia
1621 3834 38 17 will
1674 3834 49 17 have
1736 3839 56 16 every
1805 3839 34 11 con-

1414 3858 101 17 sideration
1525 3858 20 16 at
1553 3858 32 16 the
1602 3857 61 17 hands
1679 3858 20 16 of
1716 3857 32 17 the
1765 3857 72 17 Govern-

1415 3883 50 15 ment
1474 3881 8 17 ?
1494 3881 57 16 What
1559 3881 79 17 benefits
1647 3881 26 16 Tc
1682 3880 64 17 Arolia
1750 3879 101 23 indirectly

1414 3904 80 18 benefits
1513 3909 28 14 us,
1560 3904 30 17 for
1605 3903 33 18 the
1655 3909 51 12 more
1729 3902 122 17 comfortable

1415 3928 78 16 tourists
1502 3926 37 18 and
1547 3926 81 18 invalids
1637 3932 31 12 are
1683 3926 55 18 made
1752 3926 53 16 there
1819 3926 32 16 the

1415 3952 75 21 greater
1499 3950 31 16 the
1539 3949 116 22 probability
1664 3950 42 16 that
1715 3949 45 22 they
1776 3949 38 17 will
1828 3949 23 17 be

1415 3972 119 23 encouraged
1543 3974 19 15 to
1572 3973 88 17 continue
1666 3973 49 16 their
1722 3976 43 13 tour
1772 3972 28 17 till
1807 3971 44 23 they

1415 4003 31 10 arc
1454 3996 70 17 landed
1533 3996 19 16 in
1561 3996 32 17 the
1605 3996 56 17 heart
1677 3997 19 15 of
1713 3996 32 16 the
1760 3994 78 17 Wonder-

1416 4020 50 19 land,
1477 4019 31 17 the
1517 4019 55 17 home
1581 4019 19 17 of
1610 4019 32 17 the
1651 4018 113 18 marvellous
1770 4018 82 16 curative

1416 4043 75 22 springs
1499 4041 37 17 and
1545 4041 93 23 steaming
1647 4047 82 17 geysers.
1753 4041 35 17 Wo
1800 4040 52 17 don't

1416 4065 72 18 hanker
1496 4065 49 17 after
1553 4065 32 17 the
1614 4065 61 17 whole
1684 4064 52 17 earth
1764 4064 20 17 in
1793 4064 48 17 Koto-

1416 4095 39 14 run,
1466 4094 19 11 as
1494 4088 33 17 the
1536 4088 56 17 News
1600 4093 60 12 seems
1668 4089 21 15 to
1697 4087 62 20 think,
1769 4092 28 12 we
1806 4086 45 22 only

1417 4112 50 17 want
1476 4117 11 11 a
1498 4111 53 17 small
1560 4111 75 20 portion
1644 4111 21 17 of
1673 4111 21 16 it.

1870 85 102 23 LOCAL
1985 84 98 24 NEWS
2106 85 71 23 AND
2192 85 102 23 NOTES.

1889 171 39 17 The
1943 171 76 23 Sydney
2032 171 85 18 Bulletin
2126 177 34 11 can
2176 171 23 17 be
2214 170 89 18 obtained

1866 194 71 22 weekly
1945 196 20 15 at
1973 195 33 17 the
2015 195 119 17 Chronicle
2143 194 75 17 Office.*

1889 225 40 17 The
1938 226 126 22 Prospecting
2079 225 119 18 Association
2212 225 46 17 calls
2275 225 30 17 for

1866 249 124 21 applications
1999 249 49 17 from
2058 250 107 21 competent
2174 249 129 21 prospectors.

1891 286 73 17 Stead's
1972 286 126 22 Masterpiece
2106 286 87 21 Library,
2209 284 95 19 Numbers

1869 308 15 23 1,
1894 309 11 16 2
1913 309 38 17 and
1960 310 39 17 3to
2012 308 58 21 hand,
2089 308 118 23 Threepence
2223 308 45 17 each
2284 311 20 15 at

1866 331 117 18 Chronicle
1992 332 75 17 Office.*

1890 362 30 18 On
1927 364 33 16 the
1968 363 52 17 third
2028 369 51 17 page
2086 363 40 17 will
2134 363 23 17 bo
2166 362 60 18 found
2235 362 31 18 the
2273 369 20 11 re-

1867 386 62 17 marks
1938 386 20 17 of
1965 387 32 16 Mr
2005 387 30 17 W.
2045 387 58 21 Kelly
2111 392 23 12 on
2145 386 31 17 the
2189 386 62 17 Truck
2266 387 37 16 Bill

1866 414 42 12 now
1917 409 64 18 before
1990 410 31 17 the
2031 410 71 17 House.
2128 409 51 22 They
2188 415 32 11 are
2232 409 34 17 full
2284 410 20 16 of

1866 432 83 17 interest.

1890 463 77 17 Guide:
2066 470 40 16 you
2122 465 50 16 must
2186 463 23 18 be
2225 463 76 18 careful.

1866 486 60 22 Many
1934 493 11 10 a
1954 487 69 16 tourist
2037 487 34 16 has
2088 487 71 17 broken
2176 487 28 16 his
2219 487 47 17 neek
2283 488 20 16 at

1866 509 38 17 this
1913 509 2 24 '
2008 509 2 24 ■
2019 510 89 17 Tourist
2117 509 4 24 :
2142 510 27 23 (to
2191 510 30 17 his
2239 509 62 24 wife):

1889 533 67 20 Maria,
1966 538 39 17 you
2013 539 25 16 go

1937 564 80 18 Ancient
2026 564 63 18 Muori
2097 565 54 17 Land
2158 564 4 23 :
2193 565 28 22 By
2230 565 71 17 Elsdon

1866 588 51 16 Best.
1927 587 105 23 Intending
2040 587 112 19 advertisers
2165 594 32 11 are
2204 588 99 22 requested

1866 613 20 15 to
1903 610 45 18 send
1954 611 20 16 in
1991 611 50 17 their
2050 611 63 17 favors
2122 611 80 17 without
2211 611 54 22 delay
2283 613 20 15 to

1866 634 33 17 the
1908 634 120 17 Chronicle
2039 634 75 17 Office.*

1889 665 39 17 The
1935 665 63 17 native
2011 665 46 17 land
2073 667 54 16 court
2145 671 38 11 was
2197 666 105 22 adjourned

1866 688 38 17 this
1913 689 89 22 morning
2009 689 30 17 for
2045 695 12 11 a
2065 689 52 17 week
2131 695 21 11 or
2160 695 26 14 so,
2202 690 21 16 to
2237 689 66 17 enable

1866 711 64 23 Judge
1939 712 72 17 Wilson
2028 714 21 15 to
2063 712 81 22 proceed
2159 713 20 16 to
2200 712 74 17 Mercer
2282 714 20 15 to

1868 735 108 22 adjudicate
1985 741 24 11 on
2018 735 72 17 certain
2096 740 51 13 cases
2156 736 29 16 Bet
2200 735 56 17 down
2273 735 30 17 for

1866 758 105 23 rehearing.

1891 790 26 17 At
1924 789 33 17 the
1965 789 63 22 police
2036 791 55 16 court
2101 796 24 11 on
2140 790 86 21 Monday
2237 790 65 17 before

1866 813 32 16 Mr
1905 813 17 17 S.
1932 812 20 17 T.
1962 813 66 21 Brent,
2037 813 50 21 J.P.,
2098 813 77 17 Patrick
2191 813 67 23 Kieley
2273 814 30 16 for

1866 836 58 22 being
1932 836 63 17 drnnk
2003 836 37 17 and
2051 836 104 22 disorderly
2172 842 24 11 on
2213 836 33 17 the
2258 842 33 16 pre-

1866 859 53 17 vious
1927 858 58 23 night
1993 865 39 11 was
2040 860 51 17 fined
2100 860 32 17 20s
2141 859 46 17 with
2204 860 32 16 the
2244 860 48 18 alter-

1865 882 63 17 native
1936 882 21 18 of
1964 887 56 13 seven
2037 883 52 22 days.

1890 914 39 16 The
1938 914 82 17 transfer
2029 914 20 17 of
2057 914 32 17 the
2098 914 68 17 license
2181 914 20 17 of
2209 914 32 17 the
2251 914 51 17 Lake

1865 936 66 18 House
1946 937 59 17 Hotel
2023 937 49 17 from
2089 937 74 18 Russell
2171 937 22 17 B.
2212 937 89 22 Graham,

1865 961 19 15 to
1894 960 20 16 T.
1924 960 21 17 C.
1955 960 99 22 Urquhart
2070 961 40 17 will
2126 960 22 18 be
2166 960 107 18 considered
2282 963 21 15 at

1866 983 32 17 the
1907 983 91 23 licensing
2007 983 85 23 meeting
2105 985 20 16 to
2134 984 22 17 be
2165 983 44 18 held
2223 985 20 16 at
2251 984 38 17 Tau-

1866 1011 59 18 ranga
1934 1012 24 11 on
1967 1007 112 22 September
2092 1006 44 18 2nd.

1891 1037 61 18 While
1960 1038 32 17 Mr
2000 1038 63 17 Baber
2072 1038 15 17 is
2095 1038 44 17 here
2147 1038 24 17 he
2180 1039 38 16 will
2235 1044 67 18 survey

1868 1062 32 16 the
1909 1061 84 20 recently
2000 1062 77 22 applied
2094 1062 30 17 for
2140 1061 85 18 addition
2241 1064 20 15 to
2270 1063 33 17 the

1867 1084 97 23 Cemetery
1973 1090 79 15 reserve,
2063 1084 38 18 and
2110 1084 39 18 also
2164 1084 33 18 the
2211 1091 42 11 area
2262 1091 26 12 em-

1866 1108 78 22 bracing
1954 1108 32 16 the
2002 1107 96 18 waterfall
2115 1114 24 10 on
2153 1108 33 16 the
2202 1108 101 23 Puarenga

1866 1133 75 18 stream,
1952 1131 87 22 required
2049 1131 30 17 for
2087 1131 63 17 future
2159 1131 75 18 electric
2241 1131 50 23 light-

1865 1154 34 22 ing
1911 1160 96 16 purposes.

1888 1186 38 17 The
1946 1186 81 17 number
2048 1186 20 17 of
2083 1186 57 17 baths
2160 1186 56 17 taken
2233 1188 21 15 at
2270 1187 32 17 the

1867 1210 119 16 Sanatorium
1995 1209 71 23 during
2074 1209 33 18 the
2117 1210 75 16 months
2207 1210 21 16 of
2241 1210 60 22 April,

1866 1232 52 23 May,
1929 1232 50 18 June
1988 1232 44 21 and.
2035 1232 46 23 July
2089 1238 39 12 was
2137 1233 51 18 9,21-1
2203 1234 99 21 compared

1866 1256 46 16 with
1922 1256 51 19 0,791
1984 1257 30 15 for
2023 1256 31 16 the
2064 1262 51 10 same
2123 1255 65 23 period
2201 1256 37 17 last
2251 1262 50 16 year.

1866 1279 39 17 The
1914 1279 79 21 receipts
2002 1279 103 17 amounted
2114 1280 20 16 to
2148 1278 50 18 £l-10
2212 1280 20 15 9s
2246 1279 23 18 (id
2282 1286 21 11 as

1865 1302 74 22 against
1949 1301 49 18 £ll9
2008 1303 20 16 2s
2042 1302 23 17 Od
2080 1302 38 17 last
2134 1308 50 16 year.
2218 1302 38 17 The
2272 1303 20 17 in-

1864 1331 61 11 crease
1932 1325 16 17 is
1957 1327 49 16 most
2015 1325 126 22 satisfactory.

1890 1358 38 17 The
1937 1357 130 18 Government
2075 1357 46 18 ofi'er
2130 1364 10 10 a
2148 1357 62 18 bonus
2219 1358 19 17 of
2252 1357 51 18 £2OO

1866 1381 30 16 for
1905 1381 31 16 the
1945 1380 97 23 discovery
2051 1381 21 16 of
2080 1387 12 10 a
2100 1380 73 23 deposit
2186 1382 20 15 of
2219 1382 71 16 market-

1865 1404 41 17 able
1915 1410 85 11 manure.
2025 1401 40 20 The
2079 1404 124 22 Prospecting
2216 1405 75 17 Associa-

1866 1428 40 16 tion
1915 1427 68 17 should
1992 1427 55 17 make
2056 1434 11 10 a
2076 1429 44 15 note
2129 1428 20 16 of
2158 1428 43 16 this.
2218 1429 21 15 In
2248 1427 43 18 look-

1865 1451 35 20 ing
1908 1451 29 16 for
1946 1450 46 23 gold
2000 1451 47 22 they
2055 1451 64 21 might
2132 1450 57 17 strike
2203 1451 32 16 the
2249 1451 54 17 other

1865 1474 61 22 thing.
1963 1474 121 23 Apparently
2104 1474 69 17 there's
2194 1479 68 17 money
2282 1475 19 16 in

1864 1497 52 17 both.

1889 1529 33 17 We
1939 1528 117 18 understand
2073 1529 43 16 that
2132 1535 24 10 an
2173 1534 43 12 area
2233 1529 20 16 of
2267 1529 36 17 five

1865 1557 50 13 acres
1927 1554 19 15 at
1963 1552 108 22 Waiotapu,
2089 1552 87 22 disposed
2193 1552 20 16 of
2228 1552 26 22 by
2271 1553 32 17 the

1865 1576 128 16 Government
2002 1578 20 14 to
2032 1576 69 16 Messrs
2110 1575 22 17 L-.
2141 1575 24 17 D.
2176 1575 78 17 Nathan
2266 1576 37 16 and

1866 1599 32 17 Co.
1908 1604 20 12 as
1938 1605 10 10 a
1957 1599 52 16 hotel
2020 1599 34 16 site
2064 1599 16 16 is
2088 1599 19 16 in
2124 1604 74 16 process
2212 1599 20 16 of
2246 1599 58 22 being

1865 1622 39 17 laid
1913 1622 30 17 off.
1969 1622 29 17 On
2016 1622 43 17 that
2076 1622 58 22 being
2151 1621 48 18 done
2216 1622 87 22 building

1866 1644 106 23 operations
1982 1645 37 17 will
2037 1645 24 16 he
2078 1647 20 15 at
2114 1651 45 11 once
2177 1643 125 19 commenced.

1866 1669 58 17 Local
1932 1674 43 11 men
1990 1669 39 16 will
2042 1669 49 16 have
2104 1674 24 11 an
2143 1669 124 22 opportunity
2284 1669 20 17 of

1865 1691 100 23 tendering
1974 1692 30 17 for
2014 1691 30 18 the
2054 1691 58 18 work.

1910 1723 53 17 Since
1979 1723 33 17 the
2036 1723 128 17 Government,
2185 1723 119 17 commenced

1866 1747 84 21 running
1968 1747 32 16 the
2016 1747 85 16 Rotorua
2111 1746 2 22 •
2273 1752 20 11 re-

1866 1770 63 17 marks
1938 1770 25 17 Te
1979 1770 66 17 Aroha
2061 1770 63 20 News,
2163 1769 105 18 thousands
2285 1771 20 16 of

1866 1792 73 23 pounds
1948 1793 48 17 have
2004 1792 48 18 been
2061 1792 98 23 expended
2165 1793 19 16 in
2192 1793 111 17 connection

1866 1817 45 16 with
1921 1816 32 17 the
1961 1816 57 17 baths
2035 1816 38 16 and
2091 1816 40 17 also
2148 1816 17 16 in
2183 1815 122 23 beautifying

1866 1839 37 18 and
1910 1839 94 22 adorning
2012 1839 32 17 the
2053 1839 85 23 grounds
2147 1840 20 15 to
2182 1839 54 17 make
2251 1839 51 17 them

1866 1862 86 23 pleasing
1961 1864 19 15 to
1990 1863 32 16 the
2115 1862 42 17 And
2172 1862 25 17 all
2212 1862 44 21 this,
2272 1869 21 10 ac-

1866 1886 79 21 cording
1953 1888 19 14 to
1982 1886 29 16 Dr
2019 1886 123 22 MacGregor,
2151 1885 14 17 is
2172 1886 30 16 for
2207 1886 32 17 the
2246 1886 46 17 bene-

1866 1910 22 16 fit
1896 1910 21 16 of
1924 1909 33 17 the
1966 1909 120 17 Sanatorium
2096 1909 89 22 patients.

1889 1941 39 17 The
1937 1940 82 18 demand
2032 1940 29 18 for
2075 1940 89 23 premises
2178 1940 81 18 suitable
2275 1941 30 17 for

1866 1964 54 17 retail
1929 1965 59 16 stores
1997 1964 19 16 in
2033 1964 40 19 the.,
2080 1969 41 12 new
2135 1965 51 15 town
2204 1963 38 17 still
2259 1969 33 12 con-

1866 1987 67 21 tinues,
1943 1987 24 17 all
1979 1987 33 17 the
2018 1987 64 22 places
2089 1986 83 23 recently
2181 1989 70 15 vacant
2257 1987 36 17 hav-

1866 2012 34 21 ing
1908 2011 46 16 been
1964 2010 77 22 quickly
2051 2010 84 22 snapped
2144 2015 32 17 up.
2187 2010 41 17 Mrs
2233 2010 72 23 Young

1866 2034 20 17 of
1900 2034 77 17 Molcoia
1993 2034 53 17 View
2064 2039 107 11 announces
2187 2033 20 17 in
2223 2034 81 16 another

1866 2057 75 17 column
1958 2057 43 17 that
2018 2057 33 17 the
2068 2057 97 22 frontage's
2182 2057 20 16 of
2218 2056 34 17 her
2266 2059 38 15 two

1866 2081 80 16 sections
1962 2080 20 17 in
1997 2081 69 16 Arawa
2084 2080 66 19 Street,
2169 2079 87 23 opposite
2272 2080 33 17 the

1866 2104 47 17 Post
1921 2103 64 20 Office,
1995 2109 33 11 are
2036 2105 20 15 to
2065 2103 26 17 let
2100 2104 30 15 for
2138 2109 11 10 a
2159 2104 76 15 term.of
2249 2109 54 16 years

1866 2132 23 12 on
1899 2126 88 23 building
1995 2126 66 18 leases.

1891 2159 16 16 A
1917 2158 62 17 choice
1988 2158 89 17 selection
2091 2157 22 19 of.
2125 2157 25 17 oil
2165 2157 98 22 paintings
2279 2158 26 22 by

1867 2182 32 16 Mr
1908 2182 19 17 C.
1938 2180 101 18 Blomfiekl
2048 2187 44 16 may
2101 2186 42 11 now
2152 2180 23 18 be
2184 2186 43 12 seen
2236 2182 20 15 at
2273 2181 32 17 the

1868 2203 117 19 Chronicle
1994 2204 65 17 Office.
2084 2204 52 22 They
2145 2203 92 23 comprise
2247 2204 58 17 views

1867 2229 18 16 in
1897 2227 37 18 this
1943 2227 151 23 neighborhood,
2106 2226 99 21 Wairakei,
2221 2227 72 18 Wliaka-

1866 2257 107 14 rewarewa,
1983 2251 40 20 &c.,
2037 2250 38 17 and
2092 2251 49 16 from
2154 2250 50 17 their
2216 2250 78 17 faithful-

1866 2280 43 12 ness
1929 2274 38 17 and
1986 2274 95 17 attention
2098 2275 20 15 to
2139 2273 58 17 detail
2217 2279 32 11 are
2261 2274 44 17 well

1867 2297 60 18 worth
1941 2297 33 17 the
1983 2297 96 17 attention
2087 2297 21 17 of
2117 2297 59 16 lovers
2190 2297 20 16 of
2218 2298 36 15 art.
2280 2297 23 16 In

1866 2321 85 17 addition
1962 2322 20 16 to
1991 2321 53 16 these
2053 2320 53 17 there
2120 2326 30 11 are
2167 2326 11 10 a
2192 2319 80 18 number
2284 2321 21 16 of

1866 2346 59 15 water
1932 2344 51 17 color
1992 2344 87 17 sketches
2087 2343 80 17 suitable
2177 2343 30 17 for
2214 2343 90 23 birthday

1866 2373 21 11 or
1894 2367 68 18 Easter
1967 2366 76 19 Cards.*

1889 2399 38 16 The
1936 2398 84 18 weather
2028 2399 20 16 of
2056 2398 38 17 late
2105 2398 33 17 has
2143 2398 47 17 been
2197 2398 96 17 character-

1866 2422 38 17 ised
1922 2422 25 21 by
1964 2421 73 18 sudden
2054 2421 89 23 changes,
2153 2427 24 11 on
2193 2421 33 17 the
2242 2422 61 16 whole

1865 2445 79 22 bearing
1958 2445 105 22 testimony
2080 2446 19 16 to
2117 2450 24 11 an
2158 2444 51 22 early
2226 2445 76 22 Spring.

1866 2470 28 15 On
1905 2468 69 22 Friday
1984 2468 81 22 evening
2075 2467 61 23 heavy
2150 2467 42 17 rain
2201 2469 28 16 set
2237 2468 20 16 in
2266 2467 37 18 and

1866 2487 101 22 continued
1984 2492 26 16 all
2026 2492 63 22 night,
2108 2491 32 16 the
2155 2497 63 16 gauge
2234 2492 21 15 at
2271 2492 32 16 the

1866 2514 120 18 Sanatorium
1998 2514 101 23 recording
2117 2514 37 17 1.43
2154 2514 29 17 in.
2217 2514 29 17 On
2259 2514 33 18 Sat-

1866 2538 59 22 urday
1934 2544 12 10 a
1956 2538 71 22 heavey
2037 2538 43 22 gale
2089 2539 47 15 from
2151 2537 32 17 the
2192 2538 55 16 south
2256 2537 35 17 low-

1867 2561 43 18 ered
1927 2561 32 17 the
1976 2562 128 21 temperature
2120 2560 128 22 considerably
2266 2561 37 17 and

1866 2584 57 18 drove
1931 2590 55 17 away
1995 2584 33 17 the
2044 2584 124 17 rain-clouds.
2194 2584 54 17 Since
2256 2584 46 17 then

1866 2608 61 21 frosty
1943 2608 99 21 mornings
2059 2607 38 17 and
2122 2607 71 22 balmy,
2211 2607 92 17 cloudless

1866 2631 46 23 days
1921 2631 48 17 have
1978 2631 107 17 continued.

1889 2663 80 17 Various
1988 2663 104 22 specimens
2109 2663 20 17 of
2154 2662 46 23 gold
2224 2662 79 23 bearing

1866 2688 53 15 stone
1928 2687 48 16 have
1984 2686 48 17 been
2045 2687 65 16 shown
2127 2686 45 16 here
2188 2685 20 17 of
2224 2685 38 17 late
2278 2687 26 15 all

1867 2710 42 17 well
1916 2709 143 18 authenticated
2068 2715 19 11 as
2096 2709 71 22 having
2172 2708 47 17 been
2228 2709 65 16 obtain-

1866 2733 23 16 ed
1898 2734 48 16 from
1956 2733 75 16 various
2039 2732 64 22 points
2113 2733 21 16 of
2142 2732 32 17 the
2183 2732 73 17 district
2266 2732 37 17 and

1868 2756 80 23 proving
1957 2755 135 22 incontestibly
2105 2756 42 16 that
2157 2757 11 7 •'
2178 2755 32 17 the
2219 2755 64 17 colouf

1866 2781 18 15 at
1894 2779 47 17 least
1950 2779 15 17 is
1975 2781 20 15 to
2003 2779 23 17 be
2035 2780 35 21 got
2079 2779 19 16 in
2112 2779 31 16 the
2153 2777 149 23 neighborhood.

1867 2802 55 18 Some
1930 2808 54 16 years
1993 2808 36 16 ago
2038 2802 33 17 Mr
2079 2801 53 18 Firth
2142 2801 55 18 made
2210 2808 11 9 a
2235 2802 57 17 micro-

1867 2826 80 22 scopical
1956 2826 128 16 examination
2094 2826 20 15 of
2122 2825 32 16 the
2162 2824 85 17 volcanic
2260 2825 44 16 dust

1867 2850 48 16 from
1932 2848 70 18 Mount
2019 2848 120 18 Kakaramea
2160 2847 38 17 and
2214 2848 90 17 observed

1867 2873 60 16 traces
1935 2873 20 16 of
1965 2872 51 22 gold,
2025 2872 36 17 but
2069 2873 34 15 not
2112 2871 86 17 sufficent
2206 2872 19 16 to
2234 2871 68 17 induce

1867 2895 109 23 systematic
1985 2895 95 22 working.

1891 2927 38 16 The
1937 2926 46 18 offer
1989 2926 20 17 of
2017 2926 33 16 the
2059 2926 58 16 Town
2126 2925 64 17 Board
2199 2926 19 16 to
2235 2925 68 23 supply

1867 2956 65 16 young
1940 2951 49 16 trees
1998 2949 39 17 and
2045 2949 68 17 shrubs
2122 2949 30 16 for
2158 2949 89 22 planting
2255 2955 35 16 pur-

1868 2979 53 16 poses
1935 2974 19 15 in
1964 2972 167 18 commemoration
2148 2972 20 16 of
2183 2972 63 17 Arbor
2261 2972 44 22 Day

1867 3001 38 12 was
1918 2996 75 22 largely
2000 2995 74 17 availed
2091 2996 25 16 of.
2141 2995 45 17 Fort
2188 2996 61 21 3-two
2259 2996 36 16 resi-

1868 3019 54 17 dents
1931 3021 41 15 sent
1983 3019 20 16 in
2012 3019 126 22 applications
2152 3019 20 16 in
2182 3024 88 16 response
2285 3020 19 16 to

1868 3043 32 16 the
1908 3042 79 17 Board's
1995 3041 147 18 advertisement
2158 3041 38 17 and
2203 3042 32 16 the
2244 3041 50 18 avail-

1868 3066 42 17 able
1927 3065 52 17 stock
1989 3071 38 10 was
2044 3065 75 16 divided
2128 3071 20 10 as
2156 3064 114 23 judiciously
2285 3071 20 11 as

1868 3088 87 23 possible.
1986 3088 39 17 The
2034 3088 49 17 total
2098 3088 80 17 number
2192 3087 114 18 distributed

1868 3118 38 11 was
1916 3112 44 16 1313
1969 3117 21 11 or
1995 3117 25 11 an
2035 3117 81 17 average
2125 3111 20 17 of
2150 3117 11 10 a
2172 3111 49 16 little
2230 3116 45 12 over
2284 3112 19 16 31

1868 3141 33 16 per
1909 3135 103 21 applicant.
2033 3135 33 16 Mr
2073 3134 77 22 Dansey
2155 3134 58 17 heads
2221 3134 33 17 the
2271 3134 31 17 list

1869 3158 46 17 with
1925 3158 31 16 111
1967 3157 70 23 closely
2046 3158 88 17 followed
2143 3158 24 21 by
2177 3157 31 17 Mr
2219 3158 82 16 Boultou

1869 3181 46 17 with
1924 3182 34 20 103,
1966 3181 56 17 while
2030 3181 47 17 Miss
2086 3181 71 21 Gladys
2165 3181 47 21 Atty
2221 3181 72 17 modest-

1869 3205 20 21 ly
1896 3205 35 21 put
1938 3205 20 16 in
1967 3210 11 11 a
1986 3205 77 21 request
2072 3204 30 17 for
2113 3209 41 12 one.
2188 3203 44 17 The'
2243 3204 63 22 plants

1869 3226 114 18 distributed
1998 3226 107 23 comprised
2115 3227 39 20 ash,
2171 3226 59 21 larch,
2240 3227 52 17 chest-

1869 3252 40 18 nut,
1934 3250 58 22 plane
2016 3255 102 18 sycamore,
2141 3250 69 22 golden
2240 3249 68 18 basket

1870 3273 73 20 willow,
1976 3273 43 21 oak,
2053 3274 66 20 laurel,
2150 3273 151 21 rhododendron,

1869 3297 108 20 laurestina,
1987 3297 69 19 azalea,
2066 3297 38 16 and
2112 3296 79 22 guelder
2196 3302 46 11 rose.

1892 3328 39 17 The
1939 3329 86 16 Rotorua
2033 3328 99 17 Dramatic
2140 3327 48 17 Club
2197 3327 15 17 is
2220 3332 44 12 now
2282 3334 24 10 an

1870 3351 138 22 accomplished
2017 3352 40 16 fact
2065 3351 38 16 and
2119 3350 103 17 rehearsals
2240 3356 32 11 are
2288 3351 20 16 in

1870 3374 35 17 full
1912 3374 62 23 swing
1979 3376 39 15 two
2027 3374 66 22 nights
2102 3374 20 16 in
2131 3374 45 16 each
2186 3374 56 16 week.
2268 3374 39 17 The

1870 3397 61 17 initial
1940 3398 45 21 play
1994 3399 20 15 to
2022 3397 24 17 be
2054 3396 99 23 presented
2161 3396 16 18 is
2192 3396 49 17 Dion
2255 3397 39 17 Bou-

1870 3421 83 17 eicault's
1997 3421 60 18 Conn,
2082 3420 32 16 the
2288 3420 19 16 in

1870 3443 61 18 which
1940 3444 31 17 Mr
1980 3443 53 22 Toby
2046 3443 67 23 Mayes
2132 3443 37 16 will
2186 3449 73 10 assume
2275 3443 33 17 the

1870 3468 115 21 name-part.
2010 3468 39 15 The
2058 3468 38 15 rest
2104 3467 20 16 of
2132 3466 32 17 the
2174 3468 39 14 cast
2219 3466 34 17 has
2260 3466 48 17 been

1869 3490 114 22 judiciously
2000 3489 85 20 allotted,
2103 3489 37 17 and
2156 3489 33 17 tho
2206 3489 102 17 rehearsals

1870 3519 57 16 prove
1935 3513 76 22 beyond
2024 3513 75 21 dispute
2115 3512 43 17 that
2174 3512 57 17 much
2247 3513 61 16 latent

1870 3536 92 17 dramatic
1982 3536 62 17 talent
2059 3536 34 16 has
2113 3535 83 17 hitherto
2213 3536 95 16 remained

1871 3559 134 17 undiscovered
2014 3559 19 17 in
2046 3559 90 17 Botorua.
2168 3558 32 17 Mr
2212 3558 67 23 Mayes
2292 3558 16 18 is

1871 3583 92 22 coaching
1972 3583 33 16 tho
2014 3586 60 13 coin's
2082 3580 135 20 d'ramatique
2225 3582 38 16 and
2276 3583 32 15 the

1870 3605 47 18 bulk
1925 3605 20 18 of
1959 3605 33 17 the
2009 3610 82 17 scenery,
2110 3610 20 11 as
2146 3605 30 16 far
2192 3610 20 11 as
2228 3604 33 18 the
2278 3610 20 11 re-

1871 3628 76 18 stricted
1970 3630 54 20 stage
2049 3627 162 18 accommodation
2233 3628 19 16 of
2276 3628 32 17 the

1871 3651 86 17 Pukeroa
1965 3650 47 18 Hall
2021 3651 39 17 will
2068 3650 62 21 allow,
2141 3650 38 18 will
2187 3650 24 17 be
2223 3650 84 23 brought

1871 3676 49 16 from
1928 3675 73 17 Hamilt
2005 3680 30 11 on.
2061 3675 39 15 The
2108 3679 77 17 scenery
2194 3673 20 17 in
2220 3675 88 21 question

1871 3698 15 17 is
1896 3698 47 17 from
1954 3697 32 18 the
1995 3697 59 17 brush
2063 3697 20 17 of
2100 3697 32 16 Mr
2145 3696 74 18 Neville
2234 3697 62 16 Thorn-

1871 3722 39 15 ton.
1936 3721 40 16 Tho
1991 3720 60 17 club's
2066 3720 42 17 first
2124 3720 129 22 performance
2270 3720 38 17 will

1871 3744 44 17 take
1924 3744 54 22 place
1987 3749 51 12 some
2047 3744 45 16 time
2100 3743 20 17 in
2130 3743 87 17 October.

1895 3783 69 20 Music,
1974 3783 68 20 Music,
2049 3783 62 17 Music
2119 3783 3 20 :
2124 3783 40 16 —A
2174 3783 63 16 choice
2251 3783 48 16 selec-

1872 3807 40 17 tion
1922 3807 20 17 of
1957 3806 32 17 the
2004 3806 57 17 latest
2075 3811 63 17 songs,
2152 3805 27 23 by
2195 3805 45 18 such
2258 3811 38 11 com-

1872 3835 64 17 posers
1959 3835 20 11 as
1999 3829 81 20 Pinsuti,
2099 3828 92 17 Bortbold
2205 3829 66 20 Tours,
2287 3829 20 17 C.

1873 3853 90 22 Godfrey,
1974 3848 91 27 Sherwin,
2075 3851 64 18 Banks
2147 3852 79 20 Winter,
2242 3852 67 22 Henry

1873 3876 63 20 Klein,
1946 3875 90 18 Juncker.
2045 3875 107 20 Caraccioli,
2162 3875 90 19 Braham,
2261 3875 47 16 Ivan

1873 3899 69 22 Caryll,
1952 3898 74 22 Angela
2040 3898 115 20 ltawlinson,
2165 3897 65 23 Gatty,
2244 3897 63 21 Birch,

1873 3923 85 20 Bamett,
1976 3922 117 19 Desonimes,
2112 3920 110 21 Offenbach,
2240 3922 27 15 &e
2276 3923 32 14 iScc.

1873 3945 45 17 Also
1927 3944 87 20 Waltzes,
2025 3944 93 20 Marches,
2129 3944 96 20 Gavottes,
2242 3944 55 17 Seren-

1873 3968 49 20 ades,
1942 3967 108 20 Bondeaus,
2060 3967 39 17 and
2117 3966 101 18 Overtures
2232 3967 29 17 for
2277 3967 32 17 the

1873 3991 110 17 Pianoforte
1990 3991 26 21 by
2026 3990 76 22 Gung'l,
2113 3990 98 20 D'Albert,
2227 3990 81 20 Rossini,

1874 4014 83 22 Stephen
1986 4014 75 20 Glover,
2087 4014 77 19 Kettcn,
2176 4012 1 24 .
2193 4012 115 21 Beethoven,

1873 4036 83 18 Lai'dell''
1981 4037 123 17 Heunerbein
2129 4036 94 17 Harrison
2239 4036 63 17 White

1874 4060 111 20 Pecliotseh,
1997 4060 76 20 Bonser,
2085 4059 26 17 &c
2120 4059 32 17 &c.
2178 4059 76 17 Francis
2272 4058 37 17 and

1874 4083 52 21 Days
1946 4083 43 16 lltli
2009 4082 64 17 Comic
2087 4082 81 19 Annual,
2186 4081 62 18 words
2272 4082 37 16 and

1875 4106 60 15 music
1950 4106 19 15 at
1978 4106 119 15 CmiONICLE
2105 4104 75 17 Office.*

2351 89 40 17 The
2415 89 173 17 Whakarewarewa
2608 89 78 20 natives,
2705 89 60 17 under

2326 112 33 18 the
2370 112 84 22 auspices
2463 112 20 17 of
2491 113 32 16 Mr
2539 112 37 17 and
2592 112 42 18 Mrs
2649 111 78 21 Nelson,
2746 112 19 17 of

2327 135 33 18 the
2371 136 70 21 Geyser
2450 135 64 19 Hotel,
2527 135 46 22 kept
2589 135 111 22 Arbor-day
2717 141 21 10 as
2755 141 10 10 a

2326 158 79 23 holiday
2412 157 39 19 and
2460 158 77 22 planted
2546 164 12 11 a
2566 158 79 18 number
2653 160 22 15 of
2683 160 49 15 trees
2746 158 19 16 in

2327 181 32 17 the
2368 181 79 22 vicinity
2456 181 20 17 of
2484 181 32 17 the
2524 187 30 16 pa.
2580 182 26 16 At
2613 182 33 16 the
2653 181 112 23 suggestion

2327 205 20 16 of
2355 205 41 16 Mrs
2405 205 83 18 Hewett,
2499 204 159 23 Superintendent
2671 205 21 17 of
2707 203 58 18 Work

2326 233 71 17 among
2405 227 78 20 Maoris,
2494 228 70 17 several
2573 234 65 17 games
2646 233 49 12 were
2704 228 50 16 after-

2327 251 60 17 wards
2403 249 94 24 indulged
2504 250 26 18 in.
2555 251 23 17 In
2589 251 52 17 these
2650 251 33 17 the
2692 250 72 18 Maoris

2326 273 46 17 took
2380 274 33 16 the
2432 275 83 20 greatest
2531 274 79 17 interest
2625 274 38 17 and
2679 274 85 22 judging

2326 296 50 18 from
2392 297 49 16 their
2457 296 52 22 peals
2526 297 20 17 of
2562 297 94 21 laughter,
2674 297 39 17 and
2731 297 32 17 the

2326 319 75 18 evident
2409 321 118 16 amusement
2535 320 21 17 of
2571 320 98 17 onlookers
2685 327 10 10 a
2708 320 44 17 thor-

2326 343 73 22 oughly
2407 343 101 22 enjoyable
2517 343 99 17 afternoon
2625 349 38 11 was
2673 346 55 19 spent
2737 343 26 18 bv

2327 365 32 18 all.

2351 398 38 16 The
2398 397 63 17 Waihi
2470 398 145 21 correspondent
2624 397 20 17 of
2652 398 33 16 the
2691 395 59 20 Ohine-

2327 421 48 16 muri
2396 421 78 16 Gazette
2491 422 58 16 states
2565 421 43 17 that
2624 420 31 17 Mr
2671 421 54 21 Atty,
2743 421 20 17 of

2326 443 91 20 lioforua,
2426 443 35 18 has
2469 443 47 18 been
2525 443 87 23 engaged
2620 449 20 12 as
2650 443 85 18 foreman
2744 444 19 17 of

2326 466 32 16 Mr
2366 466 94 17 Cannell's
2469 466 165 23 wheelwrighting
2642 465 38 18 and
2693 467 57 16 coach-

2326 489 87 21 building
2421 490 143 17 establishment
2572 492 17 15 at
2601 489 68 17 Waihi.
2695 489 23 17 In
2733 496 19 11 se-

2326 512 68 22 curing
2402 513 32 16 Mr
2442 513 64 21 Afty's
2514 513 78 17 services
2607 513 32 17 Mr
2651 512 80 18 Cannell
2747 513 15 17 is

2325 534 68 18 indeed
2401 536 103 19 fortunate,
2515 543 20 10 as
2544 536 32 17 the
2584 534 52 19 work
2645 536 69 17 turned
2729 537 34 16 out

2326 558 44 18 here
2377 559 26 21 by
2412 559 33 17 the
2453 559 69 17 former
2530 560 16 16 is
2555 558 91 23 certainly
2653 559 108 17 first-class,

2326 581 32 17 ill*
2374 581 47 23 Atty
2438 585 39 16 lias,
2495 583 92 19 however,
2605 588 12 11 a
2633 582 130 18 considerable

2326 606 78 16 amount
2413 605 20 17 of
2441 605 52 17 work
2501 606 19 17 in
2533 605 51 18 hand
2598 605 37 18 and
2648 605 30 18 his
2693 605 57 22 depar-

2326 628 42 16 ture
2377 628 29 17 for
2413 628 30 17 liis
2455 634 42 11 new
2506 628 66 23 sphere
2580 629 20 17 of
2608 628 68 17 labour
2682 628 39 17 will
2728 630 34 16 not

2326 650 44 18 take
2379 650 53 23 place
2441 651 30 17 for
2479 657 50 12 some
2537 652 45 17 time
2592 653 20 16 to
2620 657 59 12 come.

2349 682 17 17 A
2374 682 85 22 meeting
2472 683 21 16 of
2506 683 33 17 the
2551 683 82 22 Library
2648 683 114 18 Committee

2325 705 45 17 took
2379 705 53 22 place
2441 706 20 16 in
2469 705 33 17 the
2510 706 87 23 Reading
2610 706 61 18 Room
2681 712 25 12 on
2719 706 32 18 Fri-

2325 728 38 22 day
2382 729 63 21 night.
2482 729 76 17 Present
2592 730 70 17 Messrs
2679 730 81 20 Purcell,

2326 750 73 24 (chair).
2410 751 68 21 Boord,
2494 752 54 20 Kirk,
2566 752 85 21 Samson,
2669 751 93 19 Williams

2325 774 38 17 and
2382 772 59 20 Watt.
2474 775 26 17 As
2522 776 70 17 several
2606 776 101 17 donations
2723 776 39 17 had

2325 797 48 18 been
2381 798 84 17 received
2473 798 19 16 in
2502 798 30 17 aid
2541 799 19 17 of
2568 799 33 17 the
2608 799 90 22 building
2714 799 47 17 fund

2325 821 14 17 it
2349 826 38 12 was
2396 821 85 17 resolved
2490 822 19 16 to
2518 821 73 22 deposit
2599 822 33 17 the
2641 828 51 11 same
2700 823 19 15 in
2729 823 33 17 the

2325 844 47 17 Post
2380 844 58 17 Office
2447 844 79 20 Savings
2535 844 54 18 Bank
2597 845 20 17 in
2631 845 33 18 the
2678 851 56 12 name
2743 846 20 17 of

2325 868 33 16 the
2371 867 101 22 president,
2490 867 32 17 Mr
2536 868 89 18 Malfrov.
2656 869 40 16 The
2711 870 40 15 trea-

2325 896 53 12 surer
2387 890 88 23 reported
2490 891 42 16 that
2546 891 31 17 the
2591 892 78 21 receipts
2683 892 30 17 for
2730 892 32 17 the

2325 913 66 18 month
2401 913 103 18 amounted
2512 915 20 16 to
2546 914 36 17 £l2
2599 916 18 16 Is
2634 915 24 17 8d
2674 915 39 17 and
2730 915 32 17 the

2325 936 125 22 expenditure
2459 938 19 15 to
2485 936 26 18 £6
2518 938 19 15 Is
2546 938 5 15 1
2557 938 22 17 Id
2586 938 76 22 leaving
2667 945 11 10 a
2683 938 79 17 balance

2325 960 19 17 in
2354 960 52 17 hand
2415 960 21 17 of
2445 959 25 18 £5
2488 960 29 17 19s
2535 960 29 18 9d.
2598 961 43 17 This
2659 961 63 18 would
2739 961 23 17 be

2326 983 74 17 further
2408 983 96 17 increased
2515 982 25 23 by
2557 984 32 17 the
2605 985 71 22 receipt
2693 985 20 16 of
2730 985 32 17 the

2325 1006 71 17 annual
2413 1005 91 18 donation
2517 1007 20 17 of
2552 1007 25 18 £5
2592 1007 49 18 from
2655 1008 33 17 the
2702 1007 59 18 Town

2326 1030 63 16 Board
2401 1030 62 16 which
2478 1035 38 12 was
2532 1035 42 12 now
2591 1031 98 17 available.
2723 1032 39 16 The

2325 1058 111 17 newspaper
2444 1052 37 18 and
2490 1053 101 22 periodical
2599 1056 80 16 account
2691 1055 30 16 for
2730 1055 32 17 the

2325 1076 41 17 half
2374 1082 45 16 year
2425 1082 39 10 was
2472 1075 67 23 passed
2553 1077 29 17 for
2595 1078 91 21 payment
2699 1077 38 17 and
2751 1084 11 10 a

2325 1099 31 17 list
2366 1099 19 17 of
2394 1098 59 18 books
2462 1100 20 15 to
2490 1099 24 18 bo
2522 1099 61 18 added
2596 1103 20 14 to
2631 1101 33 17 the
2680 1100 82 24 Library

2325 1128 39 11 was
2373 1122 104 17 submitted
2485 1122 37 17 and
2530 1123 69 23 agreed
2608 1125 26 16 to.

2349 1159 31 16 Mr
2398 1158 18 17 S.
2427 1158 20 16 T.
2458 1158 58 17 Brent
2524 1158 15 17 is
2548 1160 21 16 at
2577 1160 76 21 present,
2671 1160 79 21 proceed-

2325 1182 34 21 ing
2368 1181 46 17 with
2431 1181 71 18 certain
2518 1183 94 16 extensive
2629 1183 96 17 additions
2742 1184 20 16 to

2325 1205 96 21 Bathgate
2430 1204 65 17 House
2508 1205 48 17 from
2573 1205 61 18 which
2651 1206 16 17 it
2684 1206 16 17 is
2716 1212 47 16 very

2325 1228 71 22 clearly
2405 1228 141 17 demonstrated
2554 1228 43 17 that
2606 1229 95 17 whatever
2719 1233 32 18 pes-

2326 1251 79 18 simistic
2420 1251 114 17 individuals
2551 1258 43 16 may
2611 1258 32 16 say
2660 1252 20 17 in
2693 1252 69 21 regard

2325 1277 20 15 to
2355 1275 32 17 (lie
2404 1275 63 16 future
2480 1275 20 16 of
2516 1274 83 18 Rotorua
2608 1275 34 17 has
2657 1281 24 11 no
2691 1275 71 23 weight

2326 1298 46 17 with
2389 1297 46 18 him.
2469 1298 39 17 The
2529 1298 50 17 little
2595 1298 59 17 forest
2671 1299 21 17 of
2709 1304 53 17 spars

2325 1327 43 11 now
2385 1320 61 21 rising
2454 1326 25 16 up
2488 1322 20 16 at
2517 1321 32 17 the
2562 1324 41 14 reat
2610 1322 21 17 of
2638 1322 34 17 the
2686 1323 76 21 present

2325 1344 89 22 building
2429 1343 91 18 indicates
2537 1350 45 16 very
2598 1345 71 22 clearly
2678 1345 54 17 v/liat
2747 1346 15 16 is

2325 1367 140 23 contemplated
2488 1367 37 17 and
2550 1374 11 11 a
2574 1367 59 18 closer
2657 1369 106 21 inspection

2325 1391 39 17 will
2381 1391 53 16 show
2451 1390 90 23 precisely
2557 1390 40 23 the.
2606 1392 67 16 extent
2689 1392 20 17 of
2730 1392 33 17 the

2325 1414 52 17 work
2394 1413 61 22 going
2463 1419 30 11 on.
2526 1411 39 20 The
2581 1414 95 18 additions
2693 1415 70 17 extend

2325 1444 12 10 a
2353 1437 66 21 length
2430 1437 20 17 of
2465 1437 32 18 137
2515 1438 37 16 fecit
2565 1438 26 21 by
2608 1444 11 10 a
2627 1437 58 22 depth
2704 1439 20 16 of
2740 1439 23 16 30

2325 1461 40 16 feet
2378 1460 38 17 and
2433 1460 39 17 will
2496 1461 90 21 comprise
2603 1461 21 17 16
2641 1461 61 23 single
2725 1461 37 18 and

2326 1484 69 17 double
2403 1483 105 19 bedrooms,
2519 1484 42 17 four
2570 1484 141 20 sitting-rooms
2725 1484 38 17 nnd

2325 1513 12 11 a
2345 1507 53 22 large
2406 1506 124 21 dining-liall.
2540 1508 22 16 20
2572 1508 24 21 by
2612 1508 22 16 30
2648 1508 45 18 feet.
2718 1508 45 17 This

2326 1530 39 17 will
2373 1530 44 23 give
2422 1530 96 22 Bathgate
2526 1530 65 18 House
2599 1531 163 17 accommodation

2326 1554 30 17 for
2380 1559 45 12 over
2440 1554 32 15 100
2495 1555 70 20 guests.
2590 1554 51 17 Next
2666 1559 46 18 year
2732 1555 32 16 Mr

2326 1578 59 15 Brent
2394 1577 58 22 hopes
2462 1576 38 17 still
2516 1577 73 16 further
2597 1580 20 13 to
2634 1583 54 17 carry
2695 1583 24 11 on
2734 1578 29 17 his

2325 1600 147 22 improvements
2481 1600 25 22 by
2515 1599 32 17 the
2558 1600 80 18 erection
2648 1601 20 17 of
2685 1607 11 11 a
2710 1600 53 23 large

2326 1625 139 15 concert-room
2482 1623 29 17 for
2523 1623 32 17 the
2563 1629 33 11 use
2605 1624 19 17 of
2633 1624 76 17 visitors
2726 1624 37 17 and

2326 1653 12 10 a
2354 1647 56 21 great
2427 1646 117 22 dining-liall
2568 1647 105 23 extending
2689 1649 21 15 to
2731 1647 32 18 the

2326 1670 100 21 boundary
2436 1670 20 16 of
2464 1669 29 18 his
2502 1671 89 21 property
2600 1670 19 17 in
2626 1670 75 17 Eruera
2711 1670 27 18 St.

2350 1707 31 17 Mr
2398 1707 18 17 J.
2434 1706 68 20 Buber,
2520 1707 49 17 chief
2586 1712 90 17 surveyor
2690 1708 21 17 of
2732 1708 31 17 the

2326 1731 102 21 Tauranga
2438 1729 78 20 district,
2531 1730 72 17 arrived
2612 1731 19 16 in
2640 1731 85 17 B.otorna
2739 1737 24 11 on

2327 1753 76 21 Friday,
2414 1753 38 17 and
2460 1753 46 17 took
2516 1759 24 15 up
2549 1753 29 17 his
2586 1755 87 21 quarters
2679 1755 21 16 at
2705 1755 47 16 Tara-

2327 1782 50 12 wera
2385 1776 73 18 House.
2483 1776 31 17 Mr
2523 1776 61 18 Ruber
2597 1783 62 12 comes
2675 1777 45 17 here
2735 1778 30 16 for

2327 1799 32 18 the
2368 1805 81 16 purpose
2459 1799 19 17 of
2486 1799 66 23 laying
2560 1801 32 15 out
2602 1800 99 22 pathsand
2708 1800 56 18 roads

2327 1823 83 23 through
2422 1823 31 17 the
2464 1828 66 16 geyser
2539 1828 43 12 area
2594 1825 21 15 at
2629 1824 121 17 Whakarewa-

2327 1852 50 11 rewa
2386 1846 38 17 and
2434 1852 44 11 even
2491 1846 17 17 in
2519 1846 32 17 the
2559 1845 48 18 brief
2623 1847 81 17 inteival
2721 1847 44 18 that

2327 1870 34 16 has
2370 1870 73 21 elapsed
2454 1869 49 17 since
2512 1869 28 17 his
2550 1870 67 17 arrival
2626 1870 24 17 he
2659 1870 34 17 has
2710 1870 54 17 made

2327 1899 11 11 a
2347 1893 96 21 thorough
2450 1891 102 24 inspection
2562 1893 20 16 of
2591 1893 31 17 the
2637 1893 76 23 ground
2726 1894 38 16 and

2328 1915 98 18 consulted
2443 1916 45 17 with
2506 1916 31 17 Mr
2552 1916 84 22 Malfroy
2653 1922 20 12 as
2690 1918 21 15 to
2732 1917 32 17 the

2328 1939 54 17 mode
2391 1940 21 16 of
2420 1940 117 21 operation?-.
2558 1940 39 17 The
2609 1940 99 22 boundary
2726 1940 39 18 line

2327 1962 84 18 between
2422 1962 31 18 the
2462 1964 31 15 nat
2498 1962 27 17 ive
2534 1962 45 18 land
2587 1963 37 17 and
2630 1963 134 21 that-recently

2327 1985 88 22 acquired
2425 1985 25 22 by
2459 1985 33 17 the
2501 1985 67 18 Crown
2577 1986 39 17 will
2626 1986 23 17 be
2658 1987 67 17 fenced
2732 1987 31 17 oft',

2328 2009 37 17 and
2374 2009 33 17 the
2422 2010 75 21 present
2514 2009 106 21 precarious
2635 2009 69 23 bridge
2721 2016 44 11 over

2328 2032 32 17 the
2369 2032 102 21 Puarenga
2479 2034 68 15 stream
2557 2032 37 17 will
2611 2033 23 16 be
2652 2033 61 17 either
2728 2034 24 16 im-

2328 2055 70 22 proved
2407 2061 22 11 or
2437 2055 145 17 reconstructed.
2608 2056 26 16 At
2644 2056 26 17 all
2679 2057 65 17 events
2753 2063 11 10 a

2328 2084 68 17 proper
2405 2079 94 21 approach
2509 2079 38 16 will
2556 2079 23 17 be
2595 2079 54 17 made
2664 2086 24 10 on
2705 2079 60 18 either

2328 2101 44 18 side.
2410 2098 61 23 Trees,
2490 2101 68 22 mostly
2577 2102 20 17 of
2613 2102 33 17 the
2663 2102 102 18 deciduous

2328 2125 69 20 orders,
2408 2125 38 17 will
2456 2125 23 16 bo
2487 2125 86 22 planted,
2581 2125 37 16 and
2625 2126 32 16 the
2664 2126 101 22 pathways

2328 2148 38 17 will
2375 2148 89 17 meander
2476 2148 17 16 in
2511 2148 37 17 and
2565 2148 59 17 about
2640 2148 33 18 the
2689 2148 76 18 various

2328 2171 63 21 points
2408 2171 20 16 of
2444 2171 77 17 interest
2538 2173 20 15 to
2579 2171 118 23 siglit-seers.
2734 2172 31 16 Mr

2328 2194 62 17 Baber
2406 2194 38 17 will
2459 2194 23 17 be
2497 2194 94 17 stationed
2607 2195 45 18 here
2668 2195 31 17 for
2715 2201 50 12 some

2328 2216 45 18 tinie
2382 2219 20 15 to
2412 2223 57 14 come,
2480 2223 20 11 as
2508 2217 29 17 his
2551 2218 118 17 commission
2686 2218 79 17 extends

2328 2242 20 16 to
2357 2241 32 17 (he
2398 2246 69 17 proper
2476 2241 83 22 opening
2567 2241 57 22 up'by
2633 2241 98 22 footpaths
2746 2242 19 17 of

2327 2264 32 17 the
2370 2264 100 22 Waiotapu
2479 2263 73 23 Valley.

2351 2296 17 17 A
2389 2296 86 20 meeting
2491 2296 20 16 of
2527 2296 32 18 the
2584 2296 93 18 members
2693 2298 21 16 of
2732 2298 33 16 the

2329 2319 86 17 Rotorua.
2439 2319 125 23 Prospecting
2587 2320 117 17 Association
2721 2319 44 18 took

2328 2342 53 22 place
2396 2348 23 11 on
2437 2342 94 22 Saturday
2547 2343 56 21 night
2612 2344 20 15 at
2651 2343 31 17 the
2701 2343 64 18 Grand

2328 2366 59 17 Hotel
2397 2366 31 16 Mr
2438 2366 17 17 S.
2465 2366 21 16 T.
2496 2366 58 17 Brent
2561 2366 18 17 in
2589 2366 32 17 the
2630 2366 63 18 Chair.
2727 2367 38 17 The

2328 2390 99 18 treasurer,
2438 2389 31 17 Mr
2477 2388 81 23 Dnnsey,
2569 2389 60 17 stated
2639 2390 44 16 that
2695 2390 24 16 he
2728 2390 37 17 had

2327 2412 76 22 applied
2413 2418 23 11 on
2445 2412 66 17 behalf
2519 2413 20 16 of
2544 2413 31 16 the
2584 2413 116 19 Association
2711 2414 30 16 for
2755 2420 10 10 a

2326 2435 122 23 prospecting
2453 2435 68 17 license
2529 2436 29 16 for
2567 2435 32 18 the
2608 2435 66 18 Clown
2684 2437 37 16 and
2732 2442 22 11 na-

2326 2459 38 16 tive
2380 2458 55 17 lands
2452 2458 66 17 within
2527 2459 32 16 the
2573 2459 79 17 district.
2678 2459 31 17 Ho
2728 2458 37 19 had

2326 2481 79 22 pointed
2420 2483 32 15 out
2462 2482 19 17 to
2497 2481 31 17 the
2537 2482 88 17 Minsiter
2634 2482 40 17 that
2685 2482 33 18 the
2731 2489 23 11 na-

2326 2505 38 17 tive
2378 2510 72 12 owners
2467 2510 47 12 were
2531 2507 34 15 not
2575 2505 45 23 only
2638 2505 73 23 willing
2727 2506 35 17 but

2326 2528 80 17 anxious
2414 2528 41 17 that
2463 2528 31 17 the
2507 2528 68 17 license
2583 2529 177 21 shouldbegrarited

2326 2550 37 18 and
2372 2552 44 16 that
2424 2552 69 17 several
2503 2552 20 16 of
2534 2552 32 17 the
2575 2551 77 20 loading
2668 2557 43 12 men
2728 2552 37 17 had

2326 2575 64 21 joined
2421 2575 31 17 the
2485 2575 123 17 Association.
2634 2576 63 21 Every
2724 2582 41 10 care

2327 2598 62 17 would
2398 2597 85 18 betaken
2492 2598 41 17 that
2543 2598 62 17 native
2612 2598 62 17 burial
2681 2599 84 20 grounds

2327 2622 32 16 &c.
2377 2621 67 17 should
2460 2622 33 15 not
2502 2621 23 16 be
2537 2622 101 17 interfered
2655 2622 53 17 with.
2733 2622 31 17 He

2326 2644 38 17 had
2373 2644 40 17 also
2422 2644 104 18 forwarded
2537 2644 31 18 the
2575 2645 75 17 written
2659 2646 78 16 consent,
2746 2646 19 16 of

2326 2668 33 16 the
2375 2668 80 16 natives.
2488 2668 30 16 I:Ie
2535 2668 37 16 had
2586 2668 78 17 notified
2673 2668 33 16 the
2722 2668 32 18 des-

2328 2691 57 22 patch
2395 2691 20 16 of
2425 2691 28 16 his
2462 2690 56 18 letter
2526 2691 25 22 by
2560 2691 90 21 telegram
2659 2691 37 17 and
2705 2692 19 17 in
2731 2697 20 12 re-

2328 2714 54 22 reply
2391 2714 74 17 thereto
2477 2714 83 17 received
2569 2720 23 11 an
2601 2714 109 17 intimation
2722 2715 42 16 that

2328 2737 16 17 it
2354 2737 63 17 would
2425 2737 24 17 be
2459 2742 97 17 necessary
2565 2738 19 16 to
2593 2738 81 16 forward
2684 2744 11 10 a
2705 2738 28 16 fee
2744 2738 21 17 of

2329 2761 31 16 20s
2378 2761 37 16 and
2432 2766 11 10 a
2460 2761 75 22 tracing
2551 2761 20 16 of
2587 2761 32 17 the
2635 2761 64 16 native
2716 2761 46 17 land

2328 2783 70 23 sought
2407 2785 20 15 to
2436 2783 23 17 be
2472 2783 116 23 prospected.
2620 2784 40 17 The
2681 2784 29 17 fee
2726 2784 38 17 bad

2327 2807 46 17 been
2387 2808 42 15 sent
2437 2807 37 16 and
2483 2808 33 15 the
2532 2807 74 23 tracing
2619 2808 20 16 of
2655 2807 31 16 the
2700 2808 53 16 Iloro-

2327 2830 46 18 lioro
2382 2830 56 17 block
2448 2829 62 19 would
2522 2830 39 17 also
2569 2829 23 18 be
2608 2830 123 18 transmitsed
2744 2837 20 10 as

2328 2859 44 11 soon
2386 2859 20 11 as
2413 2853 16 17 it
2438 2853 142 23 was-prepared.
2591 2854 19 16 It
2616 2859 39 11 was
2663 2853 100 17 intimated

2327 2876 43 18 that
2379 2877 32 16 the
2420 2876 32 17 list
2469 2877 19 16 of
2505 2876 125 22 membership
2646 2876 39 17 had
2702 2877 61 17 closed

2327 2900 46 16 with
2384 2900 21 16 07
2415 2899 72 23 paying
2503 2900 119 17 subscribers.
2653 2900 17 16 A
2687 2900 76 22 general

2328 2922 102 18 discussion
2438 2922 69 18 ensued
2523 2923 19 17 in
2559 2923 67 22 regard
2643 2924 20 16 to
2677 2923 87 22 securing

2327 2947 32 16 the
2368 2946 79 17 services
2455 2946 21 17 of
2483 2946 88 22 properly
2579 2946 88 22 qualified
2674 2952 77 16 prospec-

2327 2970 39 17 tors
2379 2969 38 17 and
2430 2969 16 16 it
2463 2975 37 11 was
2517 2970 108 20 eventually
2641 2969 85 18 resolved
2743 2971 20 16 to

2328 2992 92 18 advertise
2429 2992 30 17 for
2467 2997 56 13 same.

2352 3032 34 18 We
2394 3037 32 13 arc
2441 3032 19 16 in
2469 3032 70 22 receipt
2547 3032 21 17 of
2583 3032 32 17 the
2620 3032 48 22 July
2684 3032 80 17 number

2327 3056 22 16 of
2386 3055 78 17 Cosmos
2497 3061 24 10 an
2536 3055 108 17 Australian
2657 3054 107 18 illustrated

2328 3078 106 23 Magazine,
2452 3078 36 17 and
2498 3079 51 16 must
2563 3078 131 22 congratulate
2711 3079 53 16 those

2328 3101 116 23 responsible
2453 3101 30 17 for
2490 3102 25 15 its
2523 3101 113 22 production
2645 3107 22 11 on
2679 3102 32 16 the
2718 3107 33 11 con-

2328 3124 66 18 tinued
2409 3124 135 22 improvement
2559 3124 109 18 observable
2682 3124 49 18 from
2753 3131 11 10 a

2329 3149 78 21 literary
2417 3154 19 10 as
2450 3148 39 16 well
2506 3154 21 10 as
2544 3154 24 10 an
2586 3148 71 17 artistic
2672 3148 55 22 point
2744 3148 19 16 of

2329 3171 54 18 view.
2410 3171 59 21 Many
2484 3171 91 22 attempts
2589 3171 48 16 have
2645 3171 47 16 been
2709 3170 54 17 made

2330 3196 19 15 to
2359 3194 89 17 establish
2455 3199 23 11 an
2488 3194 108 17 Australian
2605 3194 101 21 Magazine
2718 3194 46 17 v.'itb

2330 3224 51 10 more
2392 3223 21 11 or
2419 3217 36 17 less
2464 3217 192 22 success—generally
2669 3217 96 17 less—but

2330 3247 28 11 we
2366 3246 32 11 are
2406 3239 82 18 inclined
2498 3241 18 16 to
2531 3240 54 17 think
2593 3240 43 17 that

2330 3264 33 17 has
2373 3269 51 12 come
2437 3264 20 16 to
2472 3265 48 19 stay.
2546 3264 19 16 If
2579 3264 15 16 it
2603 3263 43 18 does
2664 3264 33 16 not
2711 3269 39 11 com-

2330 3287 57 17 mand
2399 3291 72 13 success
2479 3286 16 17 it
2508 3288 50 16 most
2566 3286 97 22 decidedly
2679 3286 85 18 deserves

2330 3311 21 19 it,
2362 3309 62 17 which
2440 3309 15 17 is
2472 3310 55 16 much
2544 3316 49 10 more
2601 3309 47 17 than
2666 3309 55 17 could
2737 3309 24 17 be

2330 3333 40 17 said
2387 3333 20 16 of
2422 3338 58 17 many
2497 3333 20 16 of
2532 3333 25 16 its
2579 3333 127 22 predecessors
2723 3332 42 17 that

2330 3356 38 17 had
2376 3356 36 17 but
2420 3362 25 10 an
2453 3356 106 22 ephemeral
2568 3356 99 17 existence.
2693 3356 24 16 In
2730 3356 33 16 the

2330 3379 80 17 number
2418 3378 60 18 under
2493 3379 62 17 notice
2561 3379 33 17 the
2606 3379 62 17 initial
2677 3378 88 18 article—

2330 3403 39 16 The
2386 3402 39 16 Bar
2441 3402 20 16 of
2477 3401 47 18 New
2537 3402 58 17 South
2605 3402 62 17 Wales
2669 3402 38 16 —is
2721 3407 33 11 con-

2331 3425 84 17 tributed
2424 3425 25 21 by
2457 3425 32 17 Mr
2502 3425 23 17 D.
2535 3425 19 17 J.
2572 3425 70 19 Quinn.
2667 3425 34 17 Wo
2718 3425 47 16 have

2332 3448 77 22 already
2419 3448 55 22 given
2481 3454 35 11 our
2523 3448 74 17 readers
2606 3454 10 11 r.
2626 3448 72 21 sample
2707 3448 20 16 of
2735 3448 30 16 Mr

2332 3472 79 18 Quinn's
2420 3471 110 22 descriptive
2543 3477 76 16 powers-
2620 3471 51 17 —the
2679 3473 86 15 outcome

2332 3495 19 17 of
2359 3501 11 11 a
2379 3495 53 17 short
2441 3495 44 16 visit
2489 3494 54 17 made
2560 3495 19 16 to
2588 3494 38 17 this
2639 3494 74 17 district
2729 3493 36 18 last

2332 3517 107 23 year—and
2453 3518 54 17 when
2514 3523 28 11 we
2551 3523 33 16 say
2596 3518 43 16 that
2650 3517 24 16 he
2683 3516 82 22 displays

2331 3547 24 11 an
2364 3541 76 22 equally
2449 3540 92 18 felicitous
2558 3540 61 18 knack
2635 3540 20 17 in
2669 3540 52 16 these
2730 3545 35 16 pen

2332 3564 37 17 and
2377 3564 34 16 ink
2419 3564 123 22 portraitures
2551 3564 19 16 of
2575 3564 32 16 the
2615 3563 78 22 leading
2707 3562 47 18 advo-

2332 3589 50 16 cates
2399 3588 20 16 of
2429 3586 33 18 the
2478 3586 47 18 New
2540 3586 59 17 South
2608 3586 64 17 Welsh
2689 3587 43 19 Bar,
2749 3586 16 17 it

2332 3616 43 16 may
2389 3610 24 17 bo
2429 3609 73 23 judged
2518 3610 41 16 that
2574 3609 128 17 considerable
2711 3609 45 17 satis-

2332 3633 70 17 faction
2416 3632 72 18 follows
2506 3632 48 17 their
2562 3632 81 22 perusal.
2672 3631 56 17 Their
2737 3632 19 16 in-

2332 3657 56 17 terest
2410 3657 15 16 is
2438 3655 96 17 enhanced
2550 3655 25 22 by
2591 3655 91 22 portraits
2700 3655 19 17 of
2733 3655 32 17 the

2332 3679 50 18 Hon.
2420 3679 49 17 Jack
2498 3678 62 20 Want,
2579 3678 29 17 Sir
2625 3678 23 17 E.
2667 3678 98 17 Salomons

2332 3702 37 17 and
2380 3702 33 17 Mr
2428 3702 23 17 E.
2464 3702 76 17 Barton.
2566 3701 39 17 The
2619 3701 66 20 editor,
2695 3702 32 16 Mr
2740 3702 23 16 A.

2331 3726 141 22 Montgomery,
2490 3724 36 17 fills
2534 3730 11 11 a
2561 3724 37 17 few
2622 3730 45 17 very
2679 3724 86 18 readable

2331 3754 58 17 pages
2404 3748 46 17 with
2485 3748 16 16 A
2510 3747 49 18 Chat
2570 3747 47 17 with
2631 3747 50 18 Dion
2693 3748 59 17 Bouci-

2412 3777 12 11 a
2432 3776 68 17 propos
2509 3771 19 16 of
2545 3770 60 17 which
2621 3777 11 10 a
2646 3772 82 20 portrait
2743 3771 20 16 of

2332 3794 32 18 the
2373 3795 54 17 other
2436 3793 82 18 member
2526 3794 20 16 of
2554 3794 32 17 the
2601 3793 120 18 duumvirate
2735 3794 30 16 Mr

2331 3818 72 17 Robert
2411 3817 84 22 Brougb,
2503 3817 15 16 is
2524 3817 62 22 given.
2611 3817 40 17 The
2659 3817 55 17 other
2721 3822 33 12 con-

2331 3842 51 16 tents
2387 3839 2 23 1
2399 3840 89 22 comprise
2502 3846 10 11 a
2524 3845 34 12 one
2583 3841 31 16 act
2631 3840 45 22 play
2692 3840 26 21 by
2734 3839 31 17 the

2332 3862 160 19 Consul-General
2502 3863 28 16 for
2539 3863 77 21 Franco,
2631 3864 33 16 the
2679 3862 76 18 continu-

2332 3886 52 18 ation
2404 3887 20 17 of
2442 3886 32 17 the
2497 3886 54 17 serial
2572 3888 53 20 story
2648 3886 26 21 by
2699 3886 66 16 Louise

2332 3910 57 17 Mack
2481 3914 25 11 an
2523 3909 108 17 Australian
2728 3910 37 15 two

2331 3933 84 17 fictional
2432 3932 91 21 sketches,
2647 3932 60 17 Notes
2739 3932 26 22 by

2332 3956 26 17 H.
2368 3955 96 18 Kowalski
2472 3955 37 17 and
2526 3956 73 16 various
2613 3954 81 23 fugitive
2704 3959 61 13 verses

2332 3980 20 16 of
2365 3985 50 11 more
2424 3979 47 16 tlian
2479 3978 89 23 ordinary
2578 3979 61 17 merit.

2412 4015 60 28 £SO,
2490 4015 60 27 £lO,
2565 4015 58 28 £lO,
2641 4014 44 26 £5.

2333 4054 65 19 Given
2408 4059 56 19 away
2474 4053 32 18 for
2517 4060 11 11 a
2539 4053 65 25 single
2613 4059 66 18 gne.-s.
2713 4052 52 20 Send

2332 4083 66 21 stamp
2408 4080 32 18 for
2450 4079 118 24 particulars
2579 4080 41 18 and'
2634 4079 96 18 circulars
2746 4082 19 16 to

2332 4106 43 18 Box
2389 4106 42 22 17G,
2443 4104 22 23 P.
2465 4104 34 23 0.,
2512 4104 131 24 Wellington.

2811 89 19 16 It
2847 94 38 10 was
2898 89 20 15 at
2927 94 11 10 a
2954 88 62 17 M.tori
3033 88 106 19 settlement
3146 90 61 23 (writer

2787 111 33 17 the
2837 110 98 23 Observer)
2949 112 34 16 not
3007 116 35 12 one
3066 111 83 19 hundred
3164 116 37 18 :.iilp
3201 125 7 11 s

2787 135 49 16 from
2850 134 90 17 Rotorua.
2973 134 30 17 An
3019 134 31 17 old
3066 136 61 17 native
3134 142 17 11 01
3159 138 42 19 ii.iFu-

2787 163 44 11 ence
2848 156 43 18 who
2904 156 67 18 owned
2987 157 126 18 considerable
3129 164 79 17 proncrtv

2787 186 39 11 was
2841 181 56 15 taken
2911 179 90 23 seriously
3017 180 28 20 ill,
3062 181 37 16 and
3114 188 20 10 as
3149 183 23 17 sli

2786 203 66 22 people
2862 202 83 23 thought
2958 203 23 16 he
2990 209 38 10 was
3036 203 59 17 about
3102 205 20 16 to
3131 205 46 23 wing
3184 209 16 17 },i
3201 216 6 10 s

2786 226 56 23 flight
2850 228 21 15 to
2887 226 33 17 the
2933 226 80 23 Iteinga,
3022 226 25 17 he
3063 231 43 16 was,
3118 230 90 19 ttccordic.*

2786 250 20 16 to
2815 250 77 17 custom,
2902 250 35 21 put
2946 249 19 16 in
2981 255 12 10 a
3000 249 50 17 little
3061 250 62 17 whare
3134 251 18 17 in
3165 259 9 10 a
3184 249 16 22 re-

2786 276 50 13 mote
2850 276 42 18 part
2911 273 19 16 of
2939 272 33 17 the
2988 272 107 17 settlement
3103 273 24 22 by
3143 274 65 21 himself

2785 297 20 16 to
2815 296 35 16 die.
2881 296 39 16 The
2928 295 32 17 old
2965 301 50 14 man,
3026 295 90 19 however,
3132 299 48 16 acted
3191 301 5 16 j
3198 307 10 11 n

2785 325 11 11 a
2808 320 50 16 most
2863 318 97 23 annoying
2969 323 83 16 manner,
3062 318 29 17 for
3100 319 21 17 he
3128 322 80 19 persisted

2784 343 19 15 in
2819 342 60 21 living
2895 347 30 13 on,
2943 341 55 17 when
3010 341 24 17 he
3051 341 59 23 ought
3134 344 19 16 to
3167 344 40 19 have

2784 365 47 17 been
2840 365 48 17 dead
2896 364 37 17 and
2942 364 72 17 buried.
3027 365 27 16 At
3066 365 37 16 last
3110 365 29 18 his
3146 366 61 21 dutiful

2784 388 85 22 nephew,
2879 388 42 17 who
2930 387 63 17 would
3001 387 68 17 inherit
3083 388 28 17 his
3128 394 79 18 property

2784 412 38 16 and
2838 416 75 17 money,
2929 412 35 21 got
2979 410 48 18 tired
3038 410 19 17 of
3067 411 63 22 seeing
3138 412 29 18 the
3181 415 26 18 old

2784 435 63 17 fellow
2864 434 48 17 alive
2928 434 39 16 and
2982 433 84 23 kicking,
3076 434 37 16 and
3129 434 22 17 he
3167 442 40 17 gave

2784 458 39 17 him
2839 463 12 12 a
2859 457 50 21 good
2917 457 76 21 talking
3000 457 20 17 to
3029 457 31 16 for
3067 456 56 22 being
3132 458 41 17 such
3187 467 20 11 an

2784 480 135 18 inconsiderate
2935 480 32 17 old
2975 480 39 17 fool
3029 485 20 12 as
3057 481 21 15 to
3094 480 45 17 slick
3148 483 18 15 to
3181 483 26 18 lifa

2784 510 19 10 so
2820 504 46 21 long
2876 504 54 16 when
2944 503 24 17 he
2977 503 62 22 ought
3054 503 20 16 to
3082 503 23 17 l;e
3113 503 73 25 making
3199 513 8 11 a

2784 527 37 17 fine
2830 527 72 22 subject
2912 527 30 16 for
2951 533 10 10 u
2969 526 33 22 big
3014 526 59 22 tangi,
3083 526 38 17 and
3128 527 38 17 told
3175 529 32 18 liini

2784 550 23 17 he
2825 556 37 11 was
2880 550 81 22 nothing
2977 554 52 12 more
3043 554 21 11 or
3079 549 35 17 less
3130 550 44 17 than
3188 558 19 12 un

2846 573 93 22 humbug.
2963 572 54 18 Then
3033 572 23 16 lie
3073 572 43 17 rode
3130 572 37 18 into
3181 576 26 17 the

2783 597 75 17 nearest
2873 596 95 21 township
2994 595 39 17 ami
3049 595 41 17 told
3114 595 32 17 the
3166 597 42 20 local

2784 619 113 17 undertaker
2913 620 20 16 to
2942 624 25 16 go
2984 619 33 16 out
3035 618 36 17 and
3087 624 80 12 measure
3182 621 26 18 old

2784 642 167 17 Kikowliakariri's
2959 641 51 23 body
3022 641 30 17 for
3060 647 11 10 a
3087 642 60 17 coffin.
3159 642 49 24 Chips

2784 666 38 16 and
2830 665 60 22 Crape
2899 666 49 16 went
2958 666 31 16 out
3000 663 126 23 accordingly,
3135 664 33 18 but
3177 672 30 13 wag

2784 688 107 18 astonished
2899 689 21 15 to
2928 688 40 16 find
2976 687 32 17 the
3017 687 72 17 ancienl
3099 693 42 11 man
3150 689 58 24 silling

2784 718 26 16 up
2819 711 126 22 comfortably
2954 711 36 16 and
3001 710 68 22 taking
3076 716 12 11 a
3094 710 46 22 swig
3148 711 43 19 from
3199 720 9 11 a

2784 734 60 18 bottle
2857 735 19 16 of
2886 734 82 23 waipiro.
2994 734 25 17 So
3036 734 24 16 he
3074 735 51 15 went
3132 734 44 17 back
3192 737 15 16 to

2784 758 32 17 the
2840 758 100 21 toy-hasty
2962 757 80 22 nephew
3066 756 37 17 and
3120 757 88 22 explained

2784 781 43 17 that
2834 781 24 17 he
2869 780 88 19 couldn't,
2967 784 85 13 measure
3061 779 33 18 the
3100 779 58 21 uncle,
3167 787 18 11 as
3190 782 18 18 lie

2786 805 68 16 was'nt
2863 804 48 17 dead
2920 805 37 21 yet,
2967 803 34 17 but
3017 809 38 10 was
3064 802 67 22 sitting
3141 807 22 18 up
3171 810 37 17 very

2784 828 56 16 much
2865 827 54 17 alive.
3014 826 59 22 golly,
3092 826 23 16 lie
3129 825 44 19 dead
3187 828 20 17 all

2784 851 57 22 right,
2856 851 27 16 lie'
2894 850 46 21 only
2956 854 90 18 gammon
3084 854 38 12 was
3135 849 30 17 the
3178 856 20 12 un-

2784 871 103 20 concerned
2895 873 54 22 reply
2958 873 20 16 of
2986 873 33 16 the
3028 877 66 17 young
3101 872 60 19 blood,
3178 875 29 17 and

2784 898 15 16 it
2815 903 38 10 was
2864 896 45 17 with
2918 896 93 22 difficulty
3027 896 24 16 he
3060 901 38 10 was
3115 896 93 21 persuaded

2784 920 43 17 that
2843 920 16 17 it
2869 925 39 11 was
2916 921 34 15 not
2959 925 11 11 a
2986 918 19 18 la
3014 918 55 18 mode
3081 919 19 16 to
3110 920 45 15 stow
3163 925 45 18 away

2784 949 24 11 an
2817 942 118 18 undesirable
2944 943 77 16 relative
3030 942 20 16 in
3067 948 11 10 a
3094 941 53 17 coffin
3162 943 46 18 while

2784 967 38 17 still
2834 966 55 17 alive.

2843 993 213 19 XYLOTECHNOGR
3059 992 101 20 APHICA.

2784 1049 19 17 Is
2813 1049 32 16 the
2853 1054 55 11 name
2917 1048 20 17 of
2946 1054 10 11 a
2961 1053 75 17 process
3041 1047 30 18 for
3076 1047 82 23 staining
3163 1047 44 20 wood

2784 1072 75 17 various
2867 1072 66 17 colors.
2958 1072 17 15 A
2984 1071 57 16 much
3054 1070 57 17 easier
3127 1075 51 13 name
3193 1073 15 17 to

2783 1094 104 18 remember
2900 1095 15 16 is
3048 1094 32 16 the
3095 1094 85 17 inventor
3193 1096 15 17 of

2783 1117 78 19 Wolfe's
2871 1117 104 23 Schnapps.

2784 1178 52 20 THE
2857 1180 85 17 MAORI
2965 1178 176 19 TEMPERANCE
3161 1179 36 18 MIS-

2967 1202 67 18 SION.

2907 1248 51 24 [COM
2961 1254 15 13 II
2978 1253 36 14 UNI
3016 1254 10 12 C
3028 1246 68 25 ATED.]

2808 1282 40 17 Mrs
2856 1281 79 18 Hewett
2942 1281 35 17 has
2984 1281 48 17 been
3041 1279 80 23 holding
3127 1280 83 22 meetings

2785 1311 70 17 among
2875 1305 32 17 the
2924 1304 71 17 Maoris
3012 1305 21 16 at
3050 1303 113 18 Ohinemutu
3178 1304 32 17 and

2784 1326 174 19 Wliakarewarewa
2967 1327 61 17 wliicli
3037 1332 31 11 are
3077 1326 88 17 attended
3171 1327 39 17 with

2785 1352 96 17 unabated
2898 1352 84 19 interest,
2996 1350 38 17 and
3048 1350 19 16 in
3083 1350 47 21 spite
3144 1350 20 16 of
3178 1350 24 18 dis-

2785 1375 105 22 couraging
2898 1373 172 24 prognostications
3079 1379 19 11 as
3107 1374 20 15 to
3142 1373 30 16 the
3186 1373 16 17 in-

2785 1398 84 22 stability
2879 1399 20 16 of
2907 1398 32 17 the
2948 1397 71 17 Maoris
3027 1397 19 16 in
3055 1396 38 17 this
3102 1397 70 21 respect
3177 1396 33 18 Mrs

2785 1421 78 18 Hewett
2871 1421 33 17 has
2913 1427 52 15 ever}
2966 1419 3 23 -
2977 1425 67 12 reason
3053 1421 19 16 to
3086 1419 71 17 believe
3172 1420 38 22 tliey

2785 1445 39 16 will
2833 1444 88 18 continue
2930 1444 19 16 in
2958 1444 32 16 the
3006 1442 49 23 good
3072 1440 50 20 work
3137 1442 19 17 of
3169 1444 31 16 tem-

2785 1474 80 17 perance
2873 1467 72 18 started
2955 1467 20 17 13
2984 1472 55 17 years
3046 1471 37 17 ago
3088 1465 27 23 by
3120 1465 31 17 Mr
3156 1465 53 21 Snow,

2785 1491 33 17 the
2827 1491 45 17 Rev.
2882 1491 23 16 E.
2914 1489 82 21 Walker,
3007 1490 20 17 of
3036 1489 31 17 the
3077 1489 46 16 New
3137 1488 74 19 Zealand

2784 1515 125 21 Temperance
2919 1514 90 19 Alliance,
3020 1512 37 17 and
3066 1512 32 17 the
3107 1512 44 17 Rev.
3159 1512 41 17 Fred-

2785 1538 50 17 erick
2844 1537 86 22 Spencer.
2956 1536 40 18 Mrs
3011 1535 93 17 Hewett's
3119 1535 50 17 work
3183 1535 28 17 lias

2784 1561 83 17 resulted
2875 1561 19 16 in
2903 1561 32 16 the
2949 1559 101 18 formation
3065 1559 21 17 of
3099 1558 36 17 five
3147 1558 65 18 branch

2784 1584 68 17 unions
2869 1584 19 17 of
2904 1584 33 16 the
2953 1583 46 17 New
3021 1582 83 17 Zealand
3126 1581 86 18 Women's

2786 1607 94 18 Christian
2890 1607 125 21 Temperance
3024 1606 69 17 Union.
3124 1604 37 18 The
3177 1605 35 17 first

2785 1630 37 18 and
2843 1630 71 23 largest
2931 1630 16 16 is
2963 1630 21 16 at
3001 1628 117 18 Ohinemutu
3135 1628 43 16 with
3193 1629 19 16 32

2785 1654 97 19 members,
2893 1653 46 17 with
2948 1653 70 17 Emare
3031 1651 114 20 Poraumati,
3159 1651 45 22 presi-

2783 1677 47 17 .dent
2839 1674 2 22 ;
2856 1676 77 18 Tuhana
2949 1676 99 20 Rcmuera,
3062 1674 150 22 vice-president;

2785 1701 40 16 Mrs
2834 1700 64 22 Foley,
2909 1701 93 20 secretary
3009 1698 3 24 ;
3032 1698 37 17 and
3082 1698 63 17 Terita
3161 1698 41 16 Hate-

2785 1730 36 13 ma,
2832 1725 99 15 treasurer.
2956 1722 45 18 This
3010 1721 64 19 Union
3083 1721 33 17 has
3125 1721 54 17 taken
3191 1726 22 17 up

2785 1747 52 17 work
2854 1747 18 16 in
2890 1746 33 17 the
2939 1745 100 23 following
3055 1745 127 21 departments

2785 1771 131 21 Temperance,
2932 1769 56 18 social
2994 1769 71 21 purity,
3071 1767 75 22 Sunday
3150 1767 64 20 school,

2785 1794 55 16 Band
2849 1794 20 16 of
2881 1792 63 23 Hope,
2960 1792 72 23 sewing
3046 1792 54 17 class,
3116 1790 37 18 and
3166 1790 48 18 Bible

2787 1817 53 17 class.
2866 1816 23 17 In
2898 1815 112 18 connection
3020 1815 45 16 with
3075 1814 38 17 this
3128 1813 60 18 Union
3201 1813 12 17 is

2786 1846 11 10 a.
2806 1839 106 18 committee
2921 1840 20 16 of
2956 1839 21 16 13
2994 1838 49 17 male
3059 1837 97 18 member?,
3173 1836 42 17 with

2786 1863 53 17 three
2847 1862 64 19 chiefs,
2919 1862 84 20 Taikata,
3014 1861 78 18 Tokoihi
3099 1860 37 17 and
3142 1860 17 16 W
3166 1860 4 22 .
3179 1860 36 17 Tai.

2786 1886 100 17 Retimana
2905 1885 68 18 Piwiki
2994 1886 16 16 is
3033 1885 93 20 secretary
3142 1883 35 17 and
3192 1883 23 17 Tc

2786 1910 98 19 Remuera,
2905 1910 100 16 treasurer.
3035 1907 39 17 The
3091 1905 14 18 \\
3112 1903 91 20 hakarewa-

2786 1938 48 12 rewa
2851 1933 63 17 Union
2932 1932 15 17 is
2971 1931 80 22 steadily
3072 1930 104 22 increasing
3194 1931 21 15 its

2786 1956 97 20 members,
2893 1955 46 17 with
2947 1954 77 22 Sophia,
3042 1954 40 22 (the
3098 1953 117 17 well-known

2786 1977 71 25 guide),
2867 1985 20 11 as
2896 1978 24 18 its
2929 1978 107 20 president;
3057 1977 76 18 Hernia
3146 1976 13 16 T
3174 1982 15 15 n]
3198 1983 11 7 li-

2786 2003 50 22 poid,
2857 2001 157 23 vice-president;
3037 2000 81 17 Isabella
3134 1999 81 21 Tu.ina.-,

2787 2027 92 21 secretary
2890 2024 3 24 ;
2920 2025 62 17 Annie
3010 2024 82 20 Walker,
3123 2024 91 16 treasurer.

2786 2050 59 16 There
2855 2054 31 12 arcs
2895 2049 22 16 30
2926 2048 98 17 members.
3055 2047 52 22 They
3121 2046 38 17 also
3173 2046 42 16 have

2787 2072 57 18 taken
2853 2078 25 16 up
2888 2072 31 16 the
2929 2077 51 12 sumo
2988 2070 130 23 departments
3134 2070 20 16 of
3170 2069 45 17 work

2787 2102 19 10 as
2822 2097 20 15 at
2857 2095 121 17 Ohinemutu.
3005 2095 17 15 A
3038 2093 71 17 branch
3126 2093 33 16 has
3174 2092 41 17 been

2787 2118 72 18 formed
2869 2120 20 15 at
2897 2118 26 17 To
2931 2118 54 22 Ngae
2994 2117 47 17 with
3050 2117 22 16 27
3085 2116 90 17 members
3183 2115 32 17 and

2787 2142 63 17 others
2858 2143 20 15 at
2887 2141 85 17 Awahou
2982 2140 38 17 and
3034 2139 86 18 Maketu.
3153 2138 62 18 AMiilst

2787 2164 110 23 addressing
2909 2164 33 17 the
2955 2164 72 17 Maoris
3042 2170 11 10 a
3068 2163 36 17 few
3121 2162 45 22 days
3177 2168 37 15 ago.

2787 2188 40 17 Mrs
2837 2188 83 20 Ilewett,
2931 2187 18 17 in
2959 2187 72 22 urging
3039 2186 52 17 them
3100 2187 20 16 to
3128 2185 23 17 be
3163 2185 43 17 faith-

2787 2211 28 17 ful
2824 2211 36 17 and
2870 2211 79 20 earnest,
2965 2210 40 17 said
3018 2210 44 17 that
3075 2210 32 16 she
3121 2208 37 17 had
3174 2208 41 17 been

2787 2234 41 17 told
2837 2234 31 17 the
2877 2234 71 17 Maoris
2957 2233 37 17 had
3004 2233 44 22 only
3057 2232 57 18 taken
3126 2237 26 16 up
3166 2232 36 16 Tem-

2787 2263 78 17 perance
2874 2263 21 11 as
2903 2257 109 22 something
3020 2262 42 11 new
3071 2255 37 17 and
3122 2255 41 17 that
3176 2255 39 21 they

2789 2281 62 17 would
2859 2286 45 16 very
2913 2286 45 11 soon
2968 2280 37 17 tire
3014 2279 20 18 of
3042 2279 15 17 it
3066 2279 37 17 and
3113 2279 42 20 give
3168 2278 14 16 it
3194 2275 21 19 all

2787 2310 31 16 up.
2845 2304 42 18 She,
2897 2304 92 17 however,
2999 2302 62 22 hoped
3071 2302 36 17 and
3116 2298 80 21 believed
3205 2301 12 16 it

2788 2327 63 18 would
2859 2328 34 16 not
2901 2327 23 17 be
2933 2333 20 11 so
2962 2328 20 16 at
2991 2326 90 17 Rotorua.
3107 2325 23 17 In
3137 2324 57 23 reply,
3207 2330 8 10 a

2788 2351 49 17 chief
2846 2350 39 18 said
2893 2348 4 20 :
2938 2350 51 17 Dear
3005 2349 69 17 Friend
3091 2348 42 19 and,
3152 2348 9 16 1
3178 2352 37 16 may

2787 2380 39 16 say,
2836 2373 132 21 benefactress,
2978 2373 23 17 be
3016 2375 34 14 not
3064 2370 121 24 discouraged
3199 2376 17 11 or

2787 2396 131 18 disheartened
2934 2396 25 22 by
2973 2396 33 17 the
3021 2395 61 18 words
3099 2395 20 16 of
3131 2394 86 17 outsiders

2787 2420 44 17 that
2838 2420 32 17 the
2879 2420 70 17 Maoris
2959 2419 39 17 will
3006 2419 23 17 be
3038 2417 104 19 unfaithful
3158 2420 18 14 to
3188 2417 28 17 the

2787 2444 125 22 Temperance
2928 2448 61 12 cause.
3015 2443 35 16 Let
3060 2447 28 11 me
3097 2441 57 22 speak
3159 2443 19 14 to
3184 2445 33 17 you

2787 2467 21 17 of
2815 2467 33 17 the
2857 2467 44 17 time
2911 2467 54 16 when
2978 2465 32 18 the
3024 2465 76 17 Pakeha
3114 2464 40 17 first
3170 2469 47 11 came

2787 2491 20 16 to
2816 2490 46 17 New
2871 2490 89 20 Zealand,
2970 2489 55 16 when
3034 2489 32 16 the
3075 2487 51 22 early
3136 2487 70 17 mission-

2787 2513 47 17 aries
2843 2513 85 23 brought
2937 2515 19 15 to
2965 2518 22 11 us
2996 2511 124 22 Christianity
3126 2510 59 18 which
3192 2516 23 10 we

2787 2536 94 23 accepted.
2911 2536 52 17 Then
2977 2535 55 17 much
3046 2534 75 18 trouble
3134 2539 50 12 came
3200 2535 17 14 1o

2787 2560 32 17 the.
2835 2559 61 18 Maori
2914 2559 47 17 from
2988 2559 32 16 the
3037 2556 179 22 Pakeha—through

2787 2583 91 22 bringing
2884 2583 32 16 the
2923 2582 78 22 waipiro
3006 2582 38 16 and
3053 2581 54 17 other
3113 2580 45 18 evils
3161 2580 56 16 —also

2787 2606 73 18 trouble
2869 2606 59 18 about
2937 2611 34 12 our
2980 2604 51 18 land.
3056 2604 51 17 Then
3121 2609 51 11 came
3187 2603 29 17 the

2787 2629 61 18 Maori
2857 2635 54 11 wars.
2937 2629 30 17 All
2980 2628 52 17 these
3047 2627 83 18 troubles
3147 2632 69 12 came—

2787 2653 37 17 loss
2832 2653 21 16 of
2860 2653 51 19 land,
2922 2653 36 16 loss
2968 2652 20 17 of
2996 2651 33 18 life
3031 2657 42 11 —so
3083 2651 42 16 that
3133 2656 35 11 our
3179 2655 37 11 race

2787 2676 73 17 seemed
2868 2677 20 16 to
2900 2676 24 17 bo
2940 2675 61 22 dying
3018 2676 39 19 out,
3072 2674 37 17 but
3123 2679 33 11 our
3173 2672 42 18 faith

2787 2700 33 16 has
2829 2698 95 18 remained
2932 2698 42 18 firm
2984 2698 18 16 in
3012 2698 42 16 God
3065 2697 37 17 and
3117 2703 34 11 our
3167 2696 38 17 Savi-

2787 2729 34 10 our
2828 2722 55 18 Jesus
2892 2722 64 17 Christ
2964 2721 62 17 whom
3033 2726 27 11 we
3066 2720 81 22 worship
3154 2722 19 15 to
3182 2719 33 17 tliiw

2787 2746 36 22 day
2830 2743 3 25 ;
2848 2751 28 11 we
2885 2747 48 15 have
2941 2744 55 18 stood
3005 2744 47 21 firm,
3062 2744 83 22 through
3154 2743 25 17 all
3185 2748 31 11 our

2785 2768 90 21 troubles,
2885 2770 20 15 to
2920 2769 32 16 the
2968 2767 124 22 Christianity
3100 2765 84 24 brought
3199 2767 16 15 to

2785 2798 22 11 us
2817 2798 19 12 so
2845 2798 57 15 many
2911 2798 54 15 years
2973 2797 44 15 ago,
3031 2790 37 18 and
3081 2789 48 19 shall
3145 2795 28 11 we
3185 2791 30 15 not

2785 2815 40 17 also
2833 2815 23 17 be
2864 2815 43 17 firm
2916 2817 19 15 to
2944 2815 33 17 the
2985 2815 126 21 Temperance
3122 2818 54 12 cause
3182 2812 33 17 and

2785 2839 33 16 the
2826 2838 51 22 good
2884 2838 62 17 works
2954 2843 38 17 you
3001 2843 31 11 are
3041 2837 89 21 teaching
3142 2843 27 10 us.
3194 2836 23 17 lie

2786 2863 34 16 not
2828 2861 137 18 disheartened.
2981 2861 34 17 We
3024 2866 46 16 pray
3079 2860 42 17 that
3126 2865 42 17 -you
3177 2865 38 16 may

2785 2885 23 17 be
2817 2885 135 22 strengthened
2961 2890 21 12 as
2987 2890 38 17 you
3031 2883 47 17 have
3086 2883 130 22 strengthened

2785 2914 21 11 us
2815 2907 38 18 and
2861 2913 55 17 carry
2924 2914 25 11 on
2958 2908 32 17 the
2999 2907 50 23 good
3064 2906 52 17 work
3130 2907 21 16 of
3165 2907 37 16 Tem-

2910 2932 16 15 A
2935 2937 41 10 new
2986 2929 83 18 member
3078 2935 38 12 was
3121 2930 93 17 admitted.

2785 2955 16 16 A
2807 2954 41 20 tall,
2855 2954 111 19 handsome,
2973 2953 85 22 graceful
3064 2952 139 18 woman—Tlori-

2785 2983 36 11 ana
2829 2977 106 17 Tewatena.
2962 2977 37 17 She
3008 2976 57 22 spoke
3077 2976 19 16 in
3111 2977 59 16 sweet
3185 2976 30 16 but

2785 3006 45 16 very
2839 3000 72 18 solemn
2919 3002 53 15 tones
2982 3001 20 16 of
3010 3001 33 16 her
3058 2999 105 18 conviction
3177 2999 39 17 that

2785 3024 37 16 this
2831 3025 119 21 temperance
2958 3025 107 16 movement
3074 3022 63 17 would
3151 3023 22 16 be
3187 3022 28 17 the

2785 3046 67 23 saving
2860 3047 21 17 of
2888 3047 33 17 the
2930 3047 62 17 Maori
3001 3052 47 12 race.
3076 3046 36 18 She
3118 3048 87 20 congratu-

2785 3070 51 17 lated
2844 3070 27 16 all
2881 3070 31 16 the
2921 3071 71 16 officers
3001 3069 37 18 and
3047 3069 92 17 members
3154 3070 19 16 of
3188 3069 28 17 the

2785 3093 117 17 Ohinemutu
2910 3093 71 18 branch
2991 3093 20 18 of
3019 3093 62 17 which
3090 3093 31 16 she
3130 3092 38 17 had
3180 3092 37 22 just

2784 3116 77 18 become
2870 3122 11 11 a
2890 3116 83 17 member
2982 3116 30 17 for
3020 3116 72 21 having
3099 3115 76 18 entered
3184 3121 21 16 up-

2786 3145 24 11 on
2826 3139 45 17 such
2888 3146 11 10 a
2917 3139 50 23 good
2984 3139 52 17 work
3057 3139 45 17 with
3121 3144 21 12 so
3164 3139 52 17 much

2786 3163 122 17 earnestness.
2942 3162 36 18 She
2996 3163 46 16 then
3058 3161 68 18 turned
3144 3163 19 16 to
3180 3161 36 18 Mrs

2785 3186 77 16 Ilewett
2871 3185 38 17 and
2918 3186 57 22 spoke
2990 3187 49 16 most
3055 3185 92 23 touching
3159 3184 58 18 words

2787 3209 19 17 of
2814 3208 89 18 welcome
2918 3208 37 18 and
2971 3208 103 23 gratitude.
3108 3208 38 17 The
3163 3208 45 22 presi-

2787 3231 50 19 dent,
2844 3232 69 16 Emare
2920 3232 116 20 Poraumati,
3046 3232 37 16 and
3093 3231 26 17 Mi
3125 3238 8 9 s
3142 3228 75 20 Ratcnna

2787 3255 90 22 cordially
2893 3255 103 18 welcomed
3005 3255 31 17 the
3051 3261 42 11 new
3106 3254 83 18 member
3197 3260 21 11 on

2787 3278 64 17 behalf
2859 3278 20 17 of
2888 3278 33 17 the
2927 3278 117 17 Ohinemutu
3057 3278 69 17 Union.

2873 3330 81 24 What
2969 3331 95 28 People
3083 3331 57 28 Say.

2787 3382 23 17 A.
2827 3382 18 18 J.
2867 3382 81 21 SCOTT,
2966 3383 54 20 Esq.,
3043 3382 174 21 LAUNCESTOX,

2932 3406 141 17 TASMANIA.

2787 3437 68 17 Writes
2862 3438 49 16 from
2940 3437 58 22 Daily
3015 3437 105 22 Telegraph
3154 3437 40 17 Offi<
3200 3437 19 22 e:

2787 3460 47 16 —ln
2843 3460 74 22 justice,
2928 3461 38 16 and
2975 3461 19 16 in
3002 3461 32 17 the
3043 3461 88 17 interests
3143 3461 20 17 of
3171 3461 39 16 simi-

2787 3483 29 17 lar
2833 3483 92 21 sufferers,
2943 3483 10 17 I
2967 3484 54 17 write
3037 3483 39 18 this
3089 3483 19 17 in
3126 3483 32 17 the
3174 3483 45 23 liopo

2787 3506 43 17 that
2838 3512 58 16 many
2904 3506 20 17 in
2936 3507 76 17 trouble
3026 3513 43 15 may
3078 3506 23 17 he
3109 3507 80 16 induced
3201 3508 18 15 to

2788 3530 30 21 try
2826 3529 94 18 Clements
2928 3530 59 17 Tonic
2996 3530 39 17 also
3048 3530 42 17 that
3107 3530 32 16 the
3149 3530 38 17 sale
3201 3529 18 17 of

2788 3553 45 16 such
2845 3559 12 11 u
2872 3553 81 22 genuine
2962 3553 66 17 article
3037 3558 44 17 may
3089 3553 23 16 he
3127 3552 92 18 increased

2787 3575 35 23 My
2836 3576 43 17 wife
2895 3582 38 11 was
2950 3582 12 11 a
2970 3576 87 17 dreadful
3074 3575 76 18 sufferer
3174 3577 45 16 from

2787 3599 99 22 neuralgia
2904 3600 29 16 for
2946 3605 45 11 over
3006 3599 68 17 twelve
3090 3599 82 20 months,
3190 3599 29 16 sh#

2789 3622 38 17 had
2844 3622 26 17 all
2882 3622 55 18 kinds
2944 3623 21 16 of
2980 3622 91 18 remedies
3088 3622 81 17 without
3189 3622 29 16 the

2789 3645 88 23 slightest
2891 3645 76 20 benefit,
2977 3645 34 17 hut
3021 3646 49 16 after
3087 3645 64 23 seeing
3160 3645 47 17 Clem-

2789 3672 41 13 ents
2846 3668 58 18 Tonic
2912 3668 106 18 advertised
3026 3669 21 16 in
3055 3668 32 17 the
3094 3668 48 17 local
3156 3673 63 17 papers

2785 3690 1 24 .
2788 3692 30 16 for
2833 3697 50 11 some
2899 3692 52 19 time,
2963 3692 10 16 I
2982 3691 92 23 procured
3090 3697 12 11 a
3110 3691 65 19 bottle,
3186 3690 33 18 and

2788 3715 32 16 she
2837 3714 60 17 found
2919 3715 128 17 considerable
3064 3714 70 17 benefit
3149 3715 18 16 in
3185 3716 34 14 two

2788 3737 52 23 days,
2851 3738 20 16 in
2880 3738 39 17 fact
2928 3737 35 18 felt
2971 3737 63 18 better
3042 3738 49 17 after
3099 3737 32 18 the
3140 3737 42 18 first
3187 3737 32 18 few

2788 3760 53 17 doses
2851 3760 4 21 ;
2874 3761 33 17 she
2923 3761 103 17 continued
3050 3761 95 17 Clements
3165 3761 54 16 Tonic

2788 3783 48 17 until
2846 3789 35 11 one
2890 3784 38 17 and
2937 3790 10 10 a
2956 3782 41 19 half
3012 3784 71 17 bottles
3095 3789 48 12 were
3158 3784 59 17 taken,

2788 3806 38 17 and
2843 3812 43 11 now
2903 3807 10 17 I
2925 3813 31 11 am
2974 3807 90 17 thankful
3073 3808 20 15 to
3102 3812 38 17 say,
3158 3807 32 17 she
3205 3807 14 15 is

2788 3829 92 22 perfectly
2889 3830 43 17 well
2941 3830 38 17 and
2995 3831 39 16 lias'
3043 3830 38 17 had
3089 3835 24 11 no
3122 3832 64 15 return
3203 3833 16 13 ot

2787 3850 33 19 tho
2834 3853 51 22 pain,
2897 3854 36 16 and
2943 3859 28 11 we
2988 3854 48 16 have
3045 3854 55 21 great
3107 3853 58 22 hopes
3180 3852 39 17 that

2788 3875 32 17 the
2844 3881 43 12 cure
2905 3876 39 17 will
2963 3882 57 16 prove
3036 3878 118 20 permanent.
3179 3876 40 17 Yon

2787 3904 44 16 may
2837 3904 32 12 use
2875 3899 38 17 this
2920 3899 111 17 unsolicited
3040 3899 120 20 testimonial,
3168 3899 51 17 fuller

2787 3922 113 21 particulais
2916 3924 21 16 at
2944 3923 33 17 the
2990 3922 60 18 above
3066 3922 108 17 mentioned
3188 3922 31 18 adt

2787 3944 58 18 dress.

3069 3969 23 16 A.
3101 3968 19 17 J.
3130 3969 66 17 Scott.

2812 3991 48 18 Such
2873 3991 107 18 influential
3003 3991 37 18 and
3056 3991 105 18 conclusive
3182 3991 27 18 evi-

2787 4014 68 21 dence,'
2862 4018 30 14 as'
2897 4015 39 17 this
2942 4015 77 17 reaches
3027 4014 32 18 the
3074 4012 115 25 proprietors
3201 4013 18 18 of

2788 4038 38 16 this
2841 4038 106 18 wonderful
2963 4038 77 22 remedy
3055 4038 27 22 by
3099 4043 55 17 every
3169 4038 48 16 mail.

2787 4061 60 17 When
2872 4062 128 21 spontaneous
3017 4061 61 22 praise
3092 4061 36 17 liice
3145 4061 37 17 this
3205 4061 14 15 is

2787 4083 72 23 heaped
2883 4090 52 13 upon
2951 4090 25 11 an
3000 4084 65 17 article
3085 4084 14 17 it
3116 4083 103 21 absolutely

2787 4113 67 16 proves
2863 4107 87 21 its-BON-iV
2960 4111 65 13 I'ldes.
3128 4123 9 6 n

1264 21 58 22 THE
1350 23 58 21 HOT
1435 22 94 21 LAKES
1557 22 172 24 CHRONICLE,
1757 21 191 24 WEDNESDAY,
1976 23 115 20 AUGUST
2121 24 31 21 12,
2170 23 49 17 1896

69 192 23 21 [>
93 190 3 23 T
98 192 42 16 ION
154 191 140 16 STEAMSHIP
309 191 116 16 COMPANY
443 190 30 16 OF

69 207 1 22 1
123 213 57 16 NEW
193 212 115 17 ZEALAND
316 212 59 16 Limit,
382 213 16 15 d.

35 314 122 16 'J'AR.vWEr.A,
170 310 93 22 Tuesday,
279 310 76 22 August
365 308 26 19 19,
405 308 10 15 5
424 312 47 17 p.m.

107 347 272 29 la|l||Kn|lU!ll|^|j|^

36 388 99 16 Takapuka
142 393 51 16 every
204 388 75 19 Monday

34 409 133 18 Maiiixapua
175 415 56 12 overv
238 407 102 22 Thursday.

33 448 94 16 Auckland
134 447 68 17 Bnmch

256 446 104 15 PiilmerM'm
373 444 98 18 Btrildinvs.

36 582 47 43 IT
87 582 54 18 UDD
143 581 55 21 ART,
224 579 111 19 PARKER,
357 578 54 17 AKD
432 577 32 17 CO

64 605 21 19 J_
200 602 107 24 (limited),

59 646 95 27 Splendid,
245 648 83 23 ipoiutcd
334 647 92 18 Steamers
432 646 39 17 will

34 675 25 17 lie
67 673 114 23 despatched
189 674 51 17 from
248 673 119 16 Auckland,
377 676 20 11 as
411 670 61 17 under

33 697 92 23 (voatiior
141 696 38 17 aud
198 696 55 17 other
268 695 144 17 circumstances
427 699 33 16 per-

34 719 87 22 mitting)
128 724 29 12 :

34 744 12 16 1
52 746 25 14 ou
83 741 136 20 GISBORNE,
226 741 104 19 NAPIER,-

57 766 56 20 TON,
125 764 158 20 LYTTELTON,
294 765 15 16 &
318 762 128 21 DUNEDIN,

36 790 116 17 Tasmania.
160 786 125 23 ...Tuesday,
292 788 50 21 Aug-.
349 786 58 20 11,12
414 792 56 10 noon.

38 813 101 20 Anglian,
149 812 102 18 Tuesday,
258 811 50 22 Aug.
319 811 28 17 25,
358 811 21 15 12
390 814 57 12 noon.

163 858 51 17 FOR
229 856 112 20 SYDNEY,

81 882 115 23 (Returning
208 883 21 15 to
237 879 99 19 Auckland
344 878 80 23 Direct.)

34 905 95 22 Carrying
149 905 114 22 Passengers
283 903 30 17 for
334 902 135 20 Melbourne,

46 928 55 17 other
106 929 133 16 Australian
245 927 72 19 Ports,
324 925 37 18 and
366 925 92 20 Hohaiit,

39 955 101 21 Anglian,
147 953 26 23 ...
182 955 105 17 .Moxday.
298 953 49 23 Aug.
367 953 27 19 10,
405 954 9 15 4
423 958 46 16 p.m.

36 979 117 17 Tasmania.
161 976 15 23 ..
184 978 106 19 .Monday,
300 978 49 21 Aug.
363 976 29 20 24,
401 978 11 15 4
423 981 46 16 p.m.

60 1006 32 17 All
100 1005 75 18 Tickets
182 1011 31 12 are
222 1004 92 18 available
323 1004 38 17 also
375 1004 30 15 for
413 1002 46 23 Stop-

37 1035 44 11 over
90 1035 21 11 or
119 1028 72 18 Return
205 1029 26 22 by
242 1028 55 17 ANY
313 1026 85 18 UNION
412 1025 59 19 CO.'S

39 1051 140 21 STEAMERS,
189 1052 38 16 end
233 1051 75 17 holders
317 1051 19 17 of
344 1049 66 18 U.S.S.
428 1049 43 17 Co's

37 1075 75 17 Tickets
132 1081 45 16 may
193 1075 61 17 travel
269 1074 25 22 by
316 1072 117 18 ANGLIAN
450 1078 21 11 or

36 1098 140 18 TASMANIA.

133 1127 23 18 L.
170 1127 24 17 D.
203 1126 110 18 NATHAN
325 1126 16 17 &
353 1125 46 19 CO.,

365 1148 81 23 Agents.

292 1196 69 18 cook
381 1197 15 16 &
421 1195 50 18 son

179 1206 24 34 1

171 1244 88 17 Tourist
263 1244 15 16 &
283 1242 188 21 GeneralPassen:

229 1271 40 13 ger
275 1267 87 19 Agents,
368 1270 42 13 etc.

69 1301 50 17 BooV.
129 1301 93 21 Passages
231 1298 37 18 and
276 1303 63 12 secure
347 1297 55 18 berth
413 1297 26 22 by

39 1333 38 17 All
83 1332 77 18 Lines.
174 1330 139 19 AllKcutes.
327 1328 39 19 All
370 1328 98 18 Classes.

106 1363 40 18 AT
160 1361 122 20 LOWEST
294 1360 104 19 EATFS.

36 1410 91 22 Through
136 1409 75 18 Tickets
219 1407 62 19 issued
294 1409 19 16 to
327 1407 68 18 South
407 1407 52 16 Arill-

60 1438 38 13 can
106 1433 135 20 Goldeields,
252 1430 152 23 Johannesburg,
410 1432 35 15 etc.

59 1480 38 18 For
106 1479 25 17 all
140 1479 122 17 information
271 1477 57 23 apply
337 1477 20 17 to

83 1507 90 18 COOK'S
185 1505 126 19 SHIPPING
323 1504 99 21 OFFICE,

81 1538 28 19 SO,
124 1536 164 19 Queen-street,
302 1534 120 17 Auckland.

35 1564 86 18 Rotorua
129 1564 90 22 Agency:

182 1667 144 23 BREWEKS,

118 1701 108 20 ALBERT
241 1699 148 23 BjiEWEBY,

60 1732 218 23 QUEEN-STIvEET,
293 1731 157 20 AUCKLAND

60 1785 68 18 V.'JNE
140 1785 50 16 AND
203 1784 80 17 SPIRIT
291 1783 156 20 MERCHANTS,

78 1813 124 17 BOTTLERS
214 1812 50 16 AND
280 1811 145 19 IMPORTERS,

121 1836 27 18 ■l3,
164 1838 133 13 WJEEN-tTKELT
313 1837 69 12 YIIAIiF.

128 1887 52 11 FRIZK
191 1886 20 12 3u}
217 1886 33 11 JUL
308 1884 71 12 AWATtPS

35 1909 24 16 At
69 1909 28 16 tl«o
112 1908 91 20 following
219 1907 111 15 Exhibitions
346 1905 27 16 for
381 1911 32 10 our
421 1906 38 15 well-

131 1931 62 14 liiiown
208 1928 45 17 Bulk
304 1927 68 16 Bottled

148 1950 48 17 ALK
208 1950 51 16 AND
269 1948 87 16 STOUT:

35 1978 70 21 Sydney
114 1978 127 17 International
248 1976 107 17 Exhibition,

35 2000 103 16 Melbourne
146 1999 127 16 Internalional
280 1997 108 18 Exhibition,
398 1997 69 15 1880-81

36 2021 43 17 New
87 2021 74 16 Zealand
170 2018 205 19 liidustiialExbibition,
381 2018 77 21 Welling-

79 2046 36 16 ton,
127 2043 47 16 1885.

35 2063 45 18 Kew
99 2063 74 18 Zealand
189 2063 31 16 and
236 2063 54 15 South
303 2062 41 15 Seas
359 2062 109 15 Exhibition.

80 2085 86 16 Dunedin.
179 2086 78 14 18Si*-90.

36 2107 21 16 In
67 2107 76 16 Addition
153 2108 17 14 to
180 2107 53 14 above
242 2106 43 15 liavo
302 2105 42 15 been
359 2104 80 15 awarded
452 2106 18 13 at

79 2128 105 15 Tasmarian
217 2126 108 19 Exhibition,
352 2125 117 19 Lauuoeston,

80 2150 79 16 1391-92.

122 2180 58 16 FIVE
192 2180 70 16 FIRST
279 2178 105 17 AWARDS

236 2205 33 12 roil

47 2223 68 18 lIIIv
126 2222 111 18 BOTTLED
250 2222 59 16 ALES
326 2220 51 17 AND
394 2221 77 16 STOUT

123 2265 252 34 CHAMPIONSHIP

67 2308 65 24 Gold
144 2308 89 23 Medal
241 2307 28 24 of
280 2305 165 24 Australasia

142 2348 73 12 AGAINST
226 2347 97 12 ALLCOMERS
335 2347 31 12 FOJ!

40 2380 90 22 EUIK
144 2379 70 23 AND
233 2378 145 23 BOTTLED
393 2378 65 23 ALE

130 2432 54 16 ITavii
193 2436 11 15 fr
212 2437 10 10 a
231 2430 58 17 Lnr<rc
297 2430 52 16 Stock
357 2430 18 16 of

150 2463 49 16 ALE
211 2462 50 17 AKD
274 2461 82 20 STOUT,

42 2497 69 17 Bottled
120 2498 16 14 in
146 2499 51 18 quart
206 2496 33 16 and
254 2496 39 20 pint
306 2495 67 17 bottle,
389 2495 81 22 speeinlly

40 2520 27 15 lire
71 2519 36 15 ved
116 2519 27 15 for
151 2519 29 15 tlie
189 2523 73 10 summer
271 2517 53 16 tindp.
335 2517 54 16 uliieli
397 2523 29 10 are
433 2523 37 9 now

40 2540 106 20 tlioroajilily
154 2540 85 17 nintuied,
251 2544 31 10 enn
296 2538 41 16 -vvitli
353 2543 50 16 every
417 2538 44 16 eonfi-

39 2563 53 14 doice
103 2561 107 16 recommend
226 2566 45 9 sumo
287 2564 18 11 to
318 2564 119 12 tonuoi«seur»
454 2566 17 9 us

39 2582 61 16 Moonil
110 2585 17 13 to
135 2587 45 11 none
190 2583 16 14 in
216 2582 29 15 tlie
253 2581 71 20 Colony.

195 2829 62 24 ask;
266 2828 53 19 eor

166 2952 181 21 CELEBRATED

221 3006 18 12 *,<*
243 3006 7 9 j
254 3006 6 7 a
266 3005 18 9 -3.7
288 3005 18 9 tr

220 3008 41 29 XX
264 3014 20 23 A
287 3018 20 19 A

151 3084 39 23 /V
208 3084 38 23 ±j
260 3084 38 22 Ij

170 3135 59 13 made
237 3135 55 13 from
301 3134 42 13 tiie

46 3173 115 20 CfMECT
188 3173 56 23 Mll
257 3173 17 23 T

46 3194 7 11 ii
189 3188 80 17 B»iKL.3
296 3188 64 15 L'lß\Ls

81 3262 53 14 FItEE
146 3261 55 14 FROM
214 3262 39 12 ALL
266 3260 128 14 ANTISEPTICS
407 3261 26 13 Oil

46 3353 140 32 CAPTAIN
207 3352 83 32 COCK
307 3351 168 38 BREWERY,

147 3394 192 21 NEWMARKET.

327 3446 148 53 Dutei}

180 3503 159 47 Coeoa.

45 3599 138 33 Highest
191 3606 17 20 a
214 3600 102 26 wards
330 3601 33 24 at
376 3606 101 26 every

167 3640 194 27 Exhibition.

80 3681 64 26 Tlie
157 3682 96 25 latest
266 3682 28 25 is
306 3681 54 26 the
381 3682 96 26 Cross

47 3714 56 26 of'
103 3714 95 26 Honor
212 3716 31 24 at
263 3715 50 25 i;he
334 3716 124 24 Amster-

46 3749 74 24 dam
130 3747 185 26 Exhibition
324 3748 90 28 18S5,
423 3748 54 25 the

44 3781 131 31 highest
182 3780 136 32 possible
327 3781 117 25 award.

153 3837 221 22 MASSAGE.

48 3885 92 21 \7ISS
160 3884 116 19 EBASLK.
286 3885 96 24 xptaliikd
398 3886 80 18 Anu-rN

46 3904 51 24 A.tjL
126 3917 37 13 can
183 3911 18 18 M
208 3916 86 17 agf-puse,
314 3911 16 17 is
339 3913 139 24 pthiiaiifiitly

46 3937 79 20 k-eutccl
141 3937 21 19 in
179 3936 98 19 Botoiua.
314 3937 39 17 Shu
379 3937 36 19 lias
438 3939 39 17 hud

45 3963 140 19 (.•om-ideratile
200 3961 116 25 experience
327 3961 19 21 ii)
364 3964 34 17 Iho
416 3967 24 14 tr-.
448 3968 30 14 at.-

46 3994 56 14 im-nt
122 3991 20 17 ol'
160 3988 64 19 Jadiet-
234 3988 39 17 and
284 3987 113 25 gentlemen
408 3989 60 19 suffer-

46 4017 36 23 ing
92 4017 52 17 from
164 4014 90 22 Sciatica,
273 4013 109 19 lihciiinati
394 4021 25 13 ni,
433 4015 46 18 trtilf

46 4042 8 18 J
60 4043 58 21 i.'iuts,
141 4040 116 26 Dyspepsia
276 4039 39 18 and
334 4040 27 17 till
378 4040 63 19 forms
459 4042 20 17 of

45 4067 40 20 Ki.i
91 4074 48 13 voxts
156 4067 58 19 Ditoi
219 4066 51 18 tiers.

93 4102 96 17 Aidless
200 4098 3 21 :
220 4098 98 21 UKAND
332 4099 99 19 JJG'JEL.

537 92 60 33 MI
600 91 52 34 SB
682 91 212 36 FBENCH,

510 153 117 26 ANGLO-
638 152 139 26 PARISIAN
809 151 90 27 DRESS-

655 194 114 27 MAKER.

596 252 65 22 (Late
671 252 26 18 of
703 252 125 22 Dunedin.)

494 301 93 44 BEGS
600 304 21 14 to
632 300 92 18 intimate
736 303 21 16 to
777 300 35 19 the
826 299 64 19 ladies
908 299 21 18 of

561 327 92 18 iiotoruu
678 326 46 19 that
743 327 36 18 she
797 327 38 18 baa
853 324 77 20 started

496 353 92 19 business
610 353 21 18 in
654 352 159 22 Fenton-street,
838 352 91 24 opposite

495 379 33 19 the
539 379 69 19 Grand
622 379 69 18 Hotel.

582 445 36 39 3.

495 518 194 19 COMMISSION
694 519 105 18 AGENT
806 519 65 18 AND
881 518 32 18 AC-

623 550 172 19 COUNTANT.

525 598 68 21 Office:
606 598 78 18 Arawa
696 598 84 21 Street,
794 599 103 17 Rotorua.

544 644 102 42 MEN'S
677 645 201 42 TAILORING,

494 722 40 44 J(
548 722 17 19 B
587 721 111 20 CORBAN
715 722 78 25 having
814 723 83 18 secured
917 730 12 12 a

553 749 56 23 large
620 749 79 24 portion
710 749 21 17 of
741 749 33 24 tho
785 749 56 18 stock
856 750 21 17 of
894 750 35 18 the

494 774 40 19 lat6
547 774 27 19 11.
585 773 33 20 W.
627 774 122 25 Neighbour
760 775 25 18 lie
795 776 18 17 is
831 776 97 25 prepared

495 804 19 15 to
525 800 46 25 give
582 801 31 18 his
623 805 110 15 customers
743 802 35 19 the
794 802 39 19 full
854 802 75 19 benefit

494 827 21 18 of
524 827 35 18 the
569 827 37 19 low
615 827 53 25 price
680 831 21 15 at
711 828 65 19 which
783 828 25 19 be
817 828 112 26 purchased

494 853 34 18 the
538 860 61 13 same.

566 879 71 19 CALL
651 879 59 19 AND
729 880 125 20 INSPECT.

520 905 117 19 First-class
653 906 151 25 workmanship
823 907 40 19 and
882 912 35 19 per-

493 932 41 18 fect
543 932 23 18 lit
576 932 131 25 guaranteed.

684 959 54 17 Also

494 983 131 23 Selling-off
635 983 53 19 Sale
698 984 26 18 of
728 984 106 23 Drapery
842 983 84 19 Goods.

526 1007 66 18 Prior
599 1007 25 18 to
633 1007 98 23 visiting
740 1007 126 19 Auckland
874 1008 26 17 to

577 1035 98 18 procure
685 1030 64 19 fresh
764 1031 80 18 Stock.

517 1062 146 23 Everything
672 1063 99 17 lowered
780 1063 26 17 to

569 1086 155 17 BED-ROCK
743 1086 113 19 PRICES.

560 1141 77 26 JOB
677 1141 183 31 CGRBAN,

610 1173 207 19 OIIINEMUTU.

605 1222 213 27 RGTGRUA.

494 1282 240 46 Tarawera
759 1284 167 49 .House,

550 1347 183 19 TUTANEKAI
747 1348 121 19 STREET.

624 1387 45 17 easy
697 1388 65 11 access
788 1381 22 18 of
826 1381 34 18 the
879 1380 50 19 Post

493 1406 66 23 Office,
568 1406 71 22 Paths,
649 1406 38 18 and
696 1407 129 18 Sanatorium
834 1406 94 19 Grounds

493 1432 40 19 and
543 1432 141 24 commanding
699 1439 12 12 a
728 1433 132 25 magnificent
877 1433 51 18 view

493 1458 20 19 of
523 1458 34 19 tho
567 1458 63 19 Lake.

520 1488 87 20 Visitors
630 1489 40 18 will
690 1489 42 19 find
752 1496 61 16 every
828 1489 99 19 attention

493 1514 48 25 paid
551 1519 21 14 to
582 1515 53 18 their
644 1515 85 19 comfort
740 1516 38 19 and
794 1518 34 17 the
838 1516 79 24 require-

493 1546 65 13 ments
569 1541 20 18 of
599 1541 76 19 invalid
686 1543 70 23 guests
767 1542 41 19 will
820 1542 23 19 he
861 1542 51 19 ard-

494 1568 72 24 uously
577 1567 95 19 attended
682 1571 26 15 to.

607 1606 71 19 Terms
689 1606 124 21 Moderate.

543 1642 37 32 C.
599 1642 278 38 WILLMOTY,

590 1686 244 17 PROPRISTOR,

519 1720 80 19 Letters
618 1721 41 19 and
684 1721 119 26 Telegrams
826 1721 102 25 promptly

493 1747 111 24 responded
610 1749 27 17 to.

600 1804 81 23 FOE,
704 1804 93 24 SALE-

495 1856 115 44 PLANT
624 1857 21 18 in
655 1856 94 26 working
755 1858 59 18 order
822 1857 19 19 in
851 1858 75 24 Taupo,

561 1883 123 25 comprising
693 1890 33 11 :

494 1919 10 16 2
515 1917 113 23 Launches,
639 1924 38 12 one
686 1918 63 25 large,
760 1925 37 12 one
806 1918 64 24 small,
880 1919 48 18 with

520 1943 48 23 fuel,
583 1945 23 17 30
616 1943 48 20 cord
673 1945 21 18 of
704 1945 63 21 wood,
781 1951 25 12 011
814 1945 61 19 hand.

494 1971 11 16 3
514 1969 79 25 Sailing
604 1969 68 23 Boats,
684 1973 39 16 two
734 1973 33 16 ton
778 1971 56 19 each.

493 1998 8 15 »1
517 1995 85 25 Pulling
611 1996 62 19 Boats
684 1996 38 19 and
734 2003 56 18 gear.

494 2022 71 19 House
588 2022 41 18 and
654 2022 84 25 garden,
765 2023 42 18 also
827 2023 101 25 goodwill.

520 2047 93 25 Leaving
623 2055 23 11 011
658 2053 80 14 account
750 2050 21 17 of
782 2049 76 19 health.

618 2074 85 17 TEEMS
717 2074 87 19 CASH.

493 2123 74 24 Apply,

520 2149 89 19 L'ickjtt
619 2150 16 19 &
642 2149 81 24 Adams,
732 2150 84 25 Agents,
825 2151 76 26 Taupo.

534 2182 27 16 or,
574 2175 84 19 George
668 2176 96 23 Harper,
774 2177 115 20 Auckland.

556 2235 176 21 OIIINEMUTU
743 2237 122 21 AGENCY.

496 2312 36 30 Hp
536 2312 36 17 HE
604 2312 53 18 HOT
666 2313 84 18 LAKES
759 2315 151 18 CHRONICLE

501 2337 21 18 Ji.
559 2342 34 10 can
602 2336 23 17 be
634 2337 89 17 obtained
732 2340 22 15 at

572 2380 27 26 J.
619 2381 39 25 H.
677 2382 52 25 LA
736 2382 109 27 KIN'S

542 2432 70 18 FERN
625 2433 53 17 AND
691 2434 81 19 CURIO
791 2435 90 18 DEPOT.

591 2474 136 27 [Telegraph
745 2477 92 27 Office.]

568 2519 55 19 Near
633 2519 56 19 Lake
700 2520 72 20 House
787 2521 68 19 Hotel.

503 2578 83 29 JOHN
610 2579 17 17 I.
658 2579 106 19 PHILIPS
797 2582 54 16 AND
884 2581 44 21 CO.,

497 2601 22 19 ?_!>
565 2606 129 14 AUTHORISED
704 2607 77 14 MINING
790 2609 42 13 AND
839 2608 56 14 LAND-

612 2630 105 13 TRANSFER
730 2631 124 14 SURVEYORS.

496 2671 133 18 HeadOffiee:
653 2672 106 23 Halyday's
776 2674 106 23 Buildings,
901 2676 28 19 20,

566 2695 177 23 Shortland-street,
753 2697 105 18 Auckland.

495 2718 76 17 Branch
588 2718 66 18 Offices
662 2718 4 24 :
684 2719 143 22 Wliarf-street,
846 2721 71 17 Pacroa
925 2718 3 24 ;

507 2741 111 20 Brown-st.,
625 2742 88 22 Thames;
773 2741 3 23 ,
788 2744 129 18 Coromandel.

495 2764 46 18 P.O.
552 2765 41 17 Box
603 2766 39 16 .'332.
774 2767 107 22 Telephone
889 2769 40 16 98G.

497 2813 121 18 ROTORUA
635 2813 179 20 PROSPECTING
832 2816 84 17 ASSOCI-

667 2838 86 17 ATION.

764 2885 72 17 invited
841 2885 48 18 from
897 2892 32 10 ex-

499 2907 12 23 V
523 2907 12 23 7
547 2907 109 23 perienced
670 2909 119 21 prospectors
802 2908 31 18 for
846 2909 85 17 Rotorua

496 2930 82 22 County.
604 2930 52 17 State
665 2932 58 16 terms
732 2931 37 17 and
779 2932 60 17 share.
864 2933 55 16 Refer-

496 2958 54 11 ences
561 2953 92 22 required.
686 2954 132 22 Applications
834 2955 26 23 by
867 2956 62 19 letter,

496 2975 100 18 addressed
611 2977 28 16 W.
654 2977 23 17 A.
827 2979 102 21 Secretary,

496 2999 78 20 R.P.A.,
584 2999 91 18 Rotorua.

497 3046 76 22 T)AY
599 3047 31 17 OF
655 3047 105 19 PLENTY
790 3050 141 17 LICENSING

498 3068 38 21 JL>
562 3070 245 20 DISTRICT.—NOTICE
834 3072 32 18 OF
887 3074 28 16 AP-

497 3093 7 17 ]
508 3093 129 18 'LIGATION
661 3094 51 17 FOR
740 3095 134 18 TRANSFER
899 3097 32 17 OF

496 3116 158 21 LICENSE.—I,
665 3118 116 17 RUSSELL
787 3119 21 17 B.
820 3119 111 18 GRAHAM

497 3140 20 16 of
525 3140 90 20 Rotorua,
625 3140 65 23 being.
695 3141 33 17 the
744 3142 67 17 holder
827 3143 20 16 of
858 3149 11 10 a
877 3143 39 18 Pub-

496 3163 66 17 lican's
571 3163 77 17 License
663 3164 19 16 in
700 3166 74 21 respect
790 3165 19 17 of
825 3166 33 16 the
874 3166 58 18 bouse

498 3186 36 15 nn.l
552 3186 88 22 premises
664 3187 69 17 situate
750 3189 21 16 at
787 3189 90 17 Rotorua.
895 3189 37 17 and

498 3208 68 18 known
575 3209 26 22 by
610 3209 32 17 the
658 3210 43 23 sign
719 3212 21 15 of
750 3211 33 17 the
799 3212 52 17 Lake
867 3212 66 18 House

498 3232 64 21 Hotel,
572 3232 24 17 do
605 3233 70 22 hereby
691 3234 43 22 give
750 3235 63 17 notice
829 3235 62 21 that.l
900 3235 21 18 de-

498 3255 35 17 sire
542 3257 20 15 to
571 3255 70 21 obtain,
656 3256 38 17 and
710 3257 45 20 will,
771 3259 20 15 at
806 3258 33 17 tho
854 3260 47 15 next
909 3259 16 17 li-

499 3278 76 22 censing
592 3279 83 22 meeting
700 3281 20 16 to
736 3281 23 16 be
776 3281 69 18 holden
867 3283 20 16 at
901 3282 32 17 the

499 3301 123 21 Courthouse,
632 3302 107 23 Taurauga,
762 3310 25 10 011
795 3304 33 17 the
842 3304 37 17 2nd
896 3304 37 23 day

499 3325 20 16 of
527 3325 115 22 September,
654 3326 50 20 189(5,
714 3327 59 22 apply
788 3328 29 16 for
825 3334 11 10 a
852 3328 82 18 transfer

499 3347 20 17 of
527 3347 32 18 the
568 3348 40 17 said
618 3348 68 17 license
694 3349 49 17 from
759 3351 69 21 myself
835 3353 20 15 to
870 3351 47 17 THO-

499 3371 52 16 MAS
567 3372 21 16 C.
606 3371 149 22 URQUHART,
779 3379 32 16 my
828 3374 104 22 appointee.

500 3394 61 16 Dated
578 3394 33 17 the
628 3396 28 15 Ist
673 3394 37 23 day
727 3396 20 17 of
760 3396 82 22 August,
858 3398 76 16 1896.

499 3417 115 17 RUSSELL
627 3418 20 16 B.
662 3418 118 18 GRAHAM.

501 3464 55 20 TO
569 3465 49 17 LET
627 3471 23 11 011
660 3466 88 23 building
752 3467 50 18 lease
807 3467 32 18 th*
846 3468 88 23 frontage

507 3490 24 17 JL
564 3488 19 16 of
595 3490 38 16 two
651 3489 80 18 sections
745 3490 21 17 in
782 3491 67 17 Arawa
867 3492 66 17 Street.

500 3511 85 17 Suitable
593 3512 30 16 for
632 3512 33 16 the
674 3513 81 17 erection
762 3514 20 16 of
787 3515 64 16 stores.
870 3515 64 22 Apply

500 3533 47 18 Mrs
556 3534 80 19 Young,
649 3535 78 18 Mokoia
734 3536 60 17 View.

984 4192 1450 49 fdeswaf
