3149 4250
139 78 57 19 THE
211 77 97 19 TRUCK
323 78 52 19 ACT.

79 138 21 19 In
117 134 128 24 introducing
262 133 30 20 his
309 133 65 20 Truck
392 134 41 19 Bill
453 136 20 17 to

58 167 26 19 the
93 162 67 19 House
172 160 32 18 Mr
214 159 75 22 Pirani,
301 159 35 19 the
345 160 91 19 member
444 161 32 18 for

58 190 113 22 Paltnerston
190 185 70 23 North,
275 191 9 12 s
290 185 28 19 tid
327 186 44 18 that
381 186 35 18 the
425 193 37 12 mea-

57 221 35 16 sure
102 219 39 12 was
152 219 10 11 a
172 211 72 24 simple
254 217 37 13 one
308 211 40 19 and
363 212 26 18 he
399 212 63 19 under-

56 240 46 22 stood
117 238 44 19 that
178 238 15 18 it
203 237 40 19 had
253 237 34 18 the
300 237 123 19 unanimous
440 245 24 18 op-

56 266 73 28 position
139 264 21 18 of
169 264 35 18 the
215 263 100 24 Ministry.
344 263 42 18 The
406 263 69 25 object

56 294 14 19 of
82 292 31 18 the
122 289 40 19 Bill
172 289 18 19 is
199 292 20 16 to
238 288 60 25 bring
309 289 34 18 the
353 289 67 18 Truck
436 290 39 18 Act

54 318 52 21 under
115 316 33 18 the
159 315 70 25 equity
239 314 40 18 and
294 314 181 25 good-conscience

52 346 56 19 clause
117 341 21 19 of
147 341 34 18 the
192 339 129 26 Stipendiary
337 340 133 25 Magistrates

56 372 36 19 4ct;
106 368 25 18 be
145 366 58 19 could
221 365 63 25 spend
294 366 35 18 the
348 367 87 24 evening
453 368 21 18 in

52 394 81 29 pointing
148 397 36 14 out
193 392 34 19 the
246 394 73 22 urgent
336 393 99 23 necessity
453 397 20 15 to

52 419 75 30 provide,
144 421 36 16 not
195 418 22 19 in
233 417 34 19 the
286 418 95 18 interests
398 419 21 18 of
439 419 34 19 the

51 445 95 26 employer,
164 444 37 18 but
215 444 22 18 in
246 443 34 18 tiae
296 444 94 18 interests
401 444 22 19 of
439 445 34 19 the

25 464 9 25 I
52 471 96 22 workman,
172 470 81 24 against
272 470 35 17 the
325 475 48 18 very
399 470 74 21 drastic

51 496 100 29 provisions
175 496 21 18 of
219 495 34 18 the
277 494 67 19 Truck
367 494 45 21 Act.
452 497 21 18 It

52 522 53 22 irould
115 522 24 18 be
149 527 48 13 seen
212 527 27 12 on
248 520 81 26 perusal
339 520 21 19 of
371 522 35 18 the
418 529 42 12 mea-

51 555 35 15 sure
95 548 44 19 that
148 550 40 16 two
197 547 70 25 things
284 553 35 12 are
327 553 106 19 necessary
451 552 21 15 to

50 574 60 22 enable
127 579 12 13 a
148 579 45 13 case
210 576 21 16 to
246 572 83 19 succeed
346 573 64 19 under
428 574 42 19 this

49 598 91 27 measure:
160 605 38 13 one
217 599 17 18 is
251 598 45 19 that
315 598 33 19 the
367 599 104 26 employer

49 631 42 17 must
101 625 51 19 have
162 625 57 19 acted
230 624 150 25 unconsciously
392 625 21 19 in
422 632 36 13 con-

49 651 103 22 travention
171 651 21 19 of
209 651 35 18 the
264 650 50 23 Act;
329 650 42 23 but,
391 651 79 19 besides

49 680 39 20 that,
99 677 16 18 it
125 680 53 16 must
193 677 43 18 also
246 676 25 18 be
290 676 75 25 proved
381 677 45 19 that
436 679 34 19 the

49 707 61 18 matter
120 710 40 11 was
171 709 12 13 a
192 705 74 16 matter
276 704 21 16 of
305 703 76 19 mutual
398 710 60 19 agree-

48 733 44 19 ment
110 729 90 18 between
211 729 33 18 the
260 729 102 24 employer
372 730 40 18 and
429 738 28 12 em-

48 755 67 28 ployed,
136 755 85 18 without
238 755 91 18 coercion
345 755 21 19 of
375 755 36 19 the
427 763 29 13 em-

48 783 65 26 ployer,
140 780 41 19 and
200 781 32 18 for
248 779 35 20 the
303 780 73 20 benefit
395 783 21 17 of
435 783 34 19 the

48 807 99 20 workman.
176 806 19 19 If
204 807 40 18 this
253 806 17 18 is
280 807 73 23 proved
368 807 20 19 in
399 808 68 25 Court,

47 835 38 19 then
101 833 34 18 tho
150 832 129 25 Stipendiary
299 832 120 26 Magistrate
432 835 37 19 has

47 866 56 20 power
121 861 21 16 to
155 858 71 19 decide
241 859 34 18 the
290 865 44 12 case
351 859 65 20 under
433 862 35 18 the

46 886 59 24 tquity
117 884 40 19 aud
171 885 177 25 good-conscience
365 886 67 19 elau.se
447 887 22 19 of

45 913 25 18 tho
80 911 44 18 Act.

65 938 22 17 In
98 936 34 19 the
148 943 71 13 course
229 938 20 17 of
259 937 34 18 the
310 936 73 20 debate
401 938 65 20 which

44 962 65 21 ensued
125 963 34 18 the
172 963 91 19 member
277 964 32 17 for
324 964 42 17 this
381 964 84 25 district,

45 990 23 19 Mr
79 988 31 19 W.
123 989 62 25 Kelly
195 989 64 25 spoke
269 995 21 12 as
300 989 77 19 follows
385 991 47 18 :—I
439 992 26 19 in.

44 1014 38 21 tend
92 1018 20 15 to
122 1019 85 21 support
219 1016 33 17 the
268 1015 125 19 houourab'e
403 1023 48 13 mem-

44 1042 27 18 ber
85 1040 32 19 for
134 1041 128 19 Palnn*rstoii
299 1042 21 18 in
339 1042 34 19 the
393 1044 73 18 second

42 1066 75 25 reading;
127 1068 21 18 of
158 1067 41 19 this
216 1066 46 20 Bill.
299 1067 11 19 I
320 1073 47 18 may
385 1071 81 17 remark

42 1094 35 18 that
95 1093 11 18 I
124 1096 104 22 represent
244 1100 12 12 a
272 1093 76 19 district
363 1094 21 19 in
400 1095 65 19 which

43 1119 46 19 there
105 1126 34 12 are
150 1119 78 19 several
245 1119 96 20 sawmills
350 1120 41 18 and
407 1121 59 19 other

41 1144 55 19 works
106 1145 22 18 of
144 1145 57 25 large
217 1146 122 23 importance
353 1146 64 25 going
432 1153 31 17 on,

41 1171 31 19 and
89 1171 12 18 I
111 1171 60 19 know
183 1172 43 18 that
244 1172 34 18 the
287 1171 67 19 Truck
371 1173 37 18 Act
419 1173 16 18 is
454 1181 12 11 a

40 1202 40 19 very
92 1201 60 20 great
172 1197 131 26 impediment
322 1197 49 19 both
388 1200 21 17 to
430 1200 35 19 the

40 1223 103 19 work-man
153 1223 41 19 and
204 1228 21 14 to
244 1223 31 19 his
285 1224 108 24 employer.
422 1225 43 19 The

39 1248 45 20 mills
94 1256 34 12 are
136 1249 89 19 situated
233 1256 12 12 a
256 1249 48 25 long
314 1251 89 18 distance
413 1251 52 19 from

39 1281 31 18 any
80 1278 67 16 centre
166 1275 52 19 from
235 1275 65 19 which
319 1276 90 25 supplies
428 1284 35 12 cap

40 1301 18 18 be
66 1301 102 23 obtained,
186 1301 41 19 and
235 1301 16 19 it
261 1302 16 17 is
292 1308 47 18 very
350 1301 85 21 difficult
444 1307 21 15 at

38 1327 49 18 times
98 1330 20 15 to
134 1334 84 19 procure
228 1327 90 26 supplies
333 1328 68 19 unless
413 1329 49 23 they

38 1359 26 12 are
72 1353 93 25 supplied
176 1354 26 24 by
210 1354 34 19 the
254 1360 67 13 owner
331 1354 21 19 of
362 1354 33 19 the
414 1356 48 18 mill.

37 1379 7 18 I
57 1385 44 19 may
112 1381 52 18 state
178 1381 44 18 that
237 1380 10 18 I
259 1380 40 19 had
308 1387 11 12 a
330 1380 43 19 mill
390 1382 74 24 myself

36 1407 16 16 at
58 1406 52 17 work
122 1406 21 19 in
153 1406 45 19 that
206 1406 83 23 district,
301 1407 40 18 and
351 1407 11 18 I
373 1410 35 21 got
419 1407 42 20 into

36 1437 8 12 a
59 1430 97 26 difficulty
175 1433 20 18 in
212 1432 117 19 connection
351 1432 49 19 with
421 1434 42 19 this

35 1456 58 19 Truck
119 1458 45 19 Act.
192 1458 12 19 I
232 1458 37 19 left
287 1465 12 12 a
327 1465 98 19 manager
442 1460 20 19 in

34 1482 67 26 charge
112 1484 20 18 of
142 1484 35 19 the
196 1484 43 19 mill
251 1484 57 19 when
319 1484 10 19 I
341 1491 39 13 was
400 1486 63 24 cioing

35 1515 25 18 my
80 1509 49 25 duty
145 1510 59 19 down
214 1511 55 19 here.
292 1510 12 19 1
312 1510 36 19 left
359 1511 42 19 him
421 1512 40 19 full

33 1536 69 18 control
113 1536 21 19 of
150 1536 122 25 everything
288 1537 121 24 concerned;
422 1539 39 18 and

34 1561 6 18 1
50 1561 37 19 had
98 1569 25 11 on
131 1569 38 12 one
180 1562 90 19 occasion
279 1563 57 18 when
344 1562 10 19 I
366 1564 95 19 returned

33 1590 16 15 to
65 1588 47 19 deal
125 1588 49 20 with
185 1595 12 12 a
212 1589 46 19 dem
265 1589 33 19 md
313 1589 32 19 for
353 1589 42 19 £9O
414 1590 46 23 odd,

33 1612 94 27 although
145 1615 26 18 he
189 1615 41 19 had
244 1615 90 19 received
353 1615 26 24 by
392 1616 69 19 orders

33 1641 53 22 given
97 1647 25 12 on
140 1641 140 25 storekeepers
294 1642 32 18 for
341 1641 68 24 goods,
421 1643 39 18 and

33 1667 35 19 als<o
79 1667 31 18 for
121 1667 49 19 cash
179 1667 100 25 supplied,
294 1674 13 12 a
317 1667 59 19 much
394 1668 67 25 larger

33 1697 89 20 amount;
140 1693 41 19 and
190 1693 12 19 I
214 1700 39 12 was
263 1693 111 24 compelled
384 1696 21 16 to
420 1698 31 15 set-

33 1719 22 18 tle
74 1719 34 18 the
129 1726 50 15 ciise,
198 1726 23 12 or
239 1719 106 19 otherwise
355 1719 11 19 1
385 1720 75 20 should

33 1745 46 19 have
89 1745 40 19 had
141 1749 19 15 to
171 1752 26 18 go
207 1749 20 15 to
237 1745 62 19 Court
308 1745 62 19 about
380 1746 23 18 it.
433 1748 28 18 Uf

31 1778 70 16 course,
122 1771 45 19 that
184 1771 115 25 gentleman
315 1771 39 19 lost
369 1772 32 19 his
418 1779 28 13 em-

31 1797 103 26 ployment.
171 1797 59 19 With
246 1797 73 25 regard
341 1800 20 16 to
376 1804 38 13 one
428 1806 22 12 re-

31 1824 51 18 mark
91 1823 66 19 which
165 1823 37 19 has
212 1823 62 19 fallen
283 1825 50 18 from
344 1825 34 17 the
389 1824 58 20 Minis-

30 1854 26 14 ter
65 1851 31 17 for
106 1849 74 19 Public
197 1849 81 19 Works.
308 1850 11 18 I
329 1850 59 19 think
406 1851 54 19 what

30 1877 13 18 is
61 1882 59 13 sauce
131 1877 31 17 for
172 1877 34 18 the
218 1882 60 18 gouge
286 1877 15 18 is
310 1882 57 13 sauce
383 1877 32 18 for
425 1878 34 18 the

29 1903 79 23 gander.
137 1902 46 19 Ido
202 1906 35 14 not
247 1902 59 19 know
319 1903 88 18 whether
425 1904 35 18 the

30 1928 61 19 Truck
108 1928 39 19 Act
158 1935 37 12 can
206 1928 26 19 be
242 1928 89 26 brought
342 1928 42 19 into
400 1936 48 18 oper-

29 1955 51 18 ation
90 1954 83 26 against
183 1954 35 19 the
228 1954 143 19 Government.
388 1954 25 20 In
425 1962 34 18 my

28 1981 104 19 electorate
139 1980 150 25 theyhavehad
298 1980 75 25 during
381 1981 35 19 the
421 1981 39 19 last

28 2007 67 20 twelve
114 2007 82 18 months
207 2014 11 12 a
230 2006 85 19 number
324 2007 21 18 of
355 2013 45 12 men
417 2014 29 12 em-

28 2033 69 25 ployed
115 2039 26 12 on
149 2032 123 23 roadworks,
284 2033 40 18 ond
339 2033 48 24 they
407 2034 52 18 have

28 2059 121 19 established
166 2062 64 16 stores
244 2059 21 18 in
282 2059 94 19 different
392 2059 67 25 places

28 2086 35 19 and
80 2085 52 19 have
148 2085 77 18 carried
243 2092 26 11 on
286 2085 34 18 the
336 2085 92 19 business
439 2086 21 19 of

30 2112 78 23 genprul
129 2111 138 25 storekeepers
284 2111 21 18 in
323 2112 34 18 the
373 2111 85 20 distaict.

28 2138 40 19 The
86 2143 46 13 men
151 2143 26 13 on
197 2143 61 19 many
282 2138 101 18 occasions
407 2138 53 18 have

28 2163 111 26 grumbled,
149 2163 39 19 and
195 2163 126 25 complained
326 2169 48 19 very
380 2170 69 13 severe-

28 2190 24 25 ly,
72 2193 20 15 at
109 2190 34 18 the
160 2189 65 26 prices
235 2189 4 26 I
246 2189 48 25 they
319 2196 50 12 were
388 2190 59 25 charg-

30 2216 28 18 ed.
87 2215 56 25 They
153 2216 66 18 stated
228 2215 44 19 that
282 2216 48 24 they
339 2216 60 19 could
409 2216 51 20 have

30 2247 30 21 got
91 2243 80 24 upplies
186 2242 51 18 from
246 2241 59 19 other
321 2242 139 25 storekeepers

30 2270 17 17 in
59 2269 33 18 the
110 2269 37 18 dint
152 2269 36 17 riot
199 2271 21 15 at
228 2275 11 11 a
249 2267 85 19 reduced
345 2273 48 15 rate,
407 2275 40 12 com-

29 2295 59 25 pared
99 2297 19 16 to
134 2295 55 18 what
205 2294 48 24 they-
269 2300 50 13 were
334 2295 77 24 paying
425 2295 35 18 the

28 2323 142 17 Government.
199 2320 11 18 I
221 2320 122 19 understand
360 2321 52 19 from
426 2321 34 18 tho

28 2347 93 19 Minister
136 2347 32 18 for
184 2346 74 19 Public
273 2346 73 19 WorkN
366 2347 45 19 that
426 2347 34 19 the

29 2380 43 12 men
84 2379 51 12 were
146 2372 94 25 supplied
258 2372 48 19 with
318 2372 55 24 tools,
387 2374 34 18 &c.
450 2373 10 19 I

28 2399 83 23 believe,
129 2399 100 23 however,
242 2399 47 23 they
299 2405 51 12 were
367 2399 94 25 supplied

30 2425 47 19 with
91 2425 58 23 flour,
166 2431 67 19 sugar,
252 2428 97 22 potatoes,
361 2426 97 25 clothing,

29 2453 32 18 &c.

54 2479 31 17 An
98 2477 54 19 Hen.
164 2476 221 21 Member.—Where?

54 2503 33 19 Mr
96 2503 35 19 W.
145 2503 76 25 Kelly-
239 2502 25 19 In
283 2503 34 18 the
336 2503 86 20 interior
438 2505 21 18 of

29 2537 31 17 my
77 2530 155 19 electorate—in
242 2529 35 18 the
287 2529 96 20 Urewera
399 2537 49 12 coun-

28 2561 36 20 try.
101 2556 65 19 There
183 2562 33 12 are
237 2555 59 23 mills,
316 2555 98 24 however,
439 2564 21 11 as

28 2583 30 18 far
66 2589 58 17 away
134 2583 51 18 from
195 2581 120 19 civilisation
326 2589 22 11 as
363 2582 34 19 the
415 2589 45 12 men

28 2609 44 18 who
82 2615 34 12 arc
127 2608 92 25 working
235 2613 24 12 on
270 2607 56 19 those
337 2608 65 22 roads,
421 2609 39 18 and

28 2635 10 18 I
56 2641 36 13 can
103 2641 36 17 sny
159 2634 45 19 that
214 2634 34 18 the
268 2634 129 25 storekeeper
416 2636 44 17 who

27 2663 75 16 started
119 2660 27 19 bu
160 2660 53 19 iness
230 2660 20 19 in
270 2660 34 18 the
314 2660 88 23 interior,
420 2661 40 18 and

27 2687 45 18 who
83 2686 39 19 had
133 2686 52 19 been
197 2686 56 19 there
261 2686 31 18 for
299 2693 64 18 years,
375 2693 40 12 was
426 2691 35 15 not

26 2712 107 26 permitted
138 2716 21 15 to
167 2712 45 19 deal
218 2712 46 19 with
273 2712 34 19 the
314 2719 45 12 men
368 2714 93 24 working

26 2745 25 12 on
68 2738 35 19 the
130 2738 66 19 roads.
225 2738 10 19 1
256 2738 50 19 have
326 2738 63 19 heard
407 2740 53 18 from

27 2766 55 18 these
91 2771 47 13 men
150 2764 44 20 th«t
213 2765 48 24 they
280 2764 50 19 have
341 2764 40 20 had
390 2768 21 16 to
420 2772 40 18 pay

26 2792 89 18 farmore
124 2793 19 17 to
148 2791 35 19 the
191 2791 136 19 Government
332 2791 129 26 storekeeper

26 2818 49 18 than
85 2817 50 24 they
145 2817 67 19 would
223 2817 51 19 have
291 2817 40 19 had
350 2819 21 16 to
380 2824 40 18 pay
441 2820 20 16 to

26 2843 78 26 private
127 2844 145 24 storekeepers.
300 2843 59 19 With
385 2844 76 25 regard

26 2874 20 14 to
57 2869 150 26 gum-digpjers,
219 2869 34 19 the
264 2869 125 19 honourable
400 2876 45 12 mem-

26 2895 35 19 ber
79 2895 139 26 forjMarsden
235 2902 46 17 says
291 2895 35 19 the
336 2895 66 19 Truck
423 2896 38 19 Act

25 2921 48 19 dons
89 2925 36 15 not
140 2922 62 25 apply
225 2925 20 15 to
256 2921 61 19 them.
345 2921 65 19 There
426 2928 35 12 are

26 2954 54 12 some
97 2947 144 26 gum-diggers
259 2947 20 18 in
296 2954 32 17 my
346 2947 114 24 electorate,

26 2973 40 19 aud
76 2973 10 19 I
97 2974 59 18 know
167 2974 17 18 it
194 2973 47 19 does
251 2973 62 25 apply
324 2977 19 15 to
353 2974 63 18 them.
451 2975 10 18 I

27 2999 72 19 should
117 2999 41 19 like
167 3003 21 15 to
206 3006 33 12 eee
256 3000 40 18 this
316 2999 39 19 Bill
366 2999 21 19 in
406 3006 55 13 some

26 3025 58 20 other
103 3025 69 26 shape.
201 3025 92 25 Perhaps
319 3025 16 19 it
359 3025 59 20 could
436 3027 25 18 be

28 3052 77 19 altered
112 3054 21 16 to
143 3059 12 12 a
165 3052 67 19 better
250 3052 63 25 shape
322 3052 49 19 than
382 3052 17 18 it
407 3053 16 18 ie
441 3053 21 18 in

32 3084 50 13 now.
98 3078 12 19 I
130 3078 53 25 hope
192 3078 34 19 the
243 3078 126 19 honourable
383 3078 68 24 gentle-

28 3110 46 12 man
85 3104 41 19 will
136 3107 35 22 get
181 3104 35 19 the
225 3104 41 18 Bili
276 3104 42 19 into
335 3104 125 24 Committee,

30 3130 38 18 and
80 3130 54 22 then,
154 3130 58 19 wheu
225 3131 41 17 ilia
276 3130 26 18 in.
326 3136 27 13 no
366 3130 52 19 shall
437 3131 25 18 be

28 3156 47 18 able
85 3159 21 16 to
121 3156 91 24 improve
227 3156 16 19 it
259 3162 22 12 so
298 3156 45 19 that
357 3157 15 18 it
381 3156 40 19 will
439 3158 24 17 be

29 3182 40 19 fair
86 3185 20 16 to
116 3182 51 19 both
178 3182 102 25 employer
289 3182 41 19 and
348 3182 113 25 employed.

54 3208 42 18 The
107 3208 41 18 Bili
159 3215 40 11 was
209 3208 122 18 committed.

119 3280 108 19 NATIVE
241 3280 122 19 SCHOOLS.

55 3332 115 25 Accosding
180 3335 20 16 to
212 3332 32 20 the
252 3335 68 23 report
327 3333 21 18 of
357 3332 34 19 Mr
400 3333 63 24 Popo,

30 3358 106 26 Inspector
144 3359 21 18 of
176 3359 76 19 Native
262 3358 88 23 Schools,
363 3360 34 18 the
405 3366 45 12 num-

30 3384 36 19 ber
80 3386 20 17 of
116 3384 93 19 children
224 3385 107 25 ptt.endizjg
346 3385 33 18 tho
396 3386 69 19 native

30 3410 76 26 village
115 3411 79 18 schools
204 3411 100 18 increases
314 3411 85 25 rapidly.
421 3411 44 19 The

30 3443 87 19 average
131 3437 78 24 weekly
227 3436 135 20 roll-number
375 3438 22 17 in
416 3440 49 16 1893

30 3469 41 12 was
81 3464 70 23 2,220;
167 3470 21 12 tn
200 3464 48 17 1894
259 3462 16 19 it
292 3469 40 12 was
351 3466 57 15 2.4-'4
418 3471 5 16 ;
444 3464 21 19 in

33 3490 49 17 1895
92 3489 16 18 it
117 3495 40 12 was
168 3490 66 21 2,655.
263 3488 42 19 The
317 3488 3 26 .
326 3489 45 18 trict
379 3496 86 18 average

30 3515 121 19 nttendanee
161 3516 32 18 for
209 3515 57 19 these
282 3515 57 19 thvce
353 3521 59 18 j-ears
429 3516 37 18 has

31 3541 51 18 been
108 3547 22 13 as
151 3541 182 22 follows:—l,sßs
357 3541 20 19 in
404 3543 61 22 1893;

33 3567 56 19 1,775
106 3567 21 19 in
146 3568 62 23 1894;
232 3567 40 19 and
290 3569 56 17 2.084
368 3574 20 12 in
411 3570 54 17 1895.

31 3592 43 19 The
84 3593 163 25 prepondtrance
257 3593 21 19 of
295 3593 65 21 Maori
374 3593 92 20 chiidreu

31 3625 75 19 among
116 3619 34 19 the
160 3620 69 25 pupils
243 3619 18 19 is
275 3626 25 12 on
320 3620 33 18 the
369 3620 96 18 increase.

34 3644 26 20 In
74 3647 48 16 18'J4
130 3645 48 24 they
189 3645 122 19 constituted
322 3646 34 22 73J[
369 3652 36 18 per
413 3651 52 19 cent;

33 3671 37 19 but
81 3671 20 19 in
113 3673 49 17 1895
174 3671 47 25 they
235 3678 50 12 were
296 3673 24 17 76
330 3674 93 23 percent,
432 3676 34 15 tlie

32 3697 116 26 remaining
156 3699 27 17 ,24
193 3704 37 18 per
239 3700 45 16 cent
295 3697 62 25 being
367 3699 58 17 made
440 3705 27 18 up

32 3723 22 19 of
64 3723 80 19 balf-ca.
151 3727 21 15 te
185 3723 90 19 children
287 3725 23 23 (9
320 3729 36 19 per
365 3725 54 24 cent)
427 3725 39 18 and

33 3749 108 25 European
148 3756 23 12 or
177 3749 101 26 inclining
286 3753 20 15 lo
314 3749 107 26 European
433 3753 33 21 (15

31 3782 37 19 per
78 3775 61 25 cent).
167 3775 107 25 Forty-i-ix
287 3782 36 19 per
332 3781 45 13 cent
395 3777 22 18 of
433 3777 34 18 the

33 3800 68 26 pupils
111 3807 35 14 are
157 3808 47 12 over
214 3801 34 20 the
258 3808 39 18 age
313 3803 21 18 of
349 3805 33 15 ten
401 3808 65 18 years.

33 3827 84 19 Besides
127 3828 35 19 the
171 3827 92 20 childien
273 3828 48 19 here
329 3828 137 24 enumerated,

33 3853 57 18 there
111 3860 53 13 were
189 3854 21 19 in
228 3854 118 22 December,
370 3855 55 21 1896,
447 3861 21 12 as

33 3885 61 18 mnny
105 3887 21 12 as
139 3882 56 20 1,894
216 3880 64 19 Maori
299 3880 40 19 and
359 3880 69 19 half-c.
438 3884 30 15 ate

32 3905 92 19 children
136 3907 48 20 <BO7
199 3906 73 22 Maori,
294 3908 36 17 103
348 3906 120 20 half-castea

31 3931 66 25 Jiving
107 3938 23 12 as
140 3932 72 23 Maori,
233 3932 40 19 and
292 3934 37 16 984
349 3932 119 19 half-castes

31 3957 66 25 living
120 3964 76 19 among
214 3958 128 25 Europeans)
361 3958 107 26 attending

32 3983 34 19 the
77 3984 95 25 oidinary
184 3984 68 26 public
261 3984 90 23 schools;
364 3984 40 19 and
411 3986 57 17 there

32 4015 13 13 v.
51 4015 33 13 ere
94 4011 24 17 75
130 4010 138 19 Government
277 4010 89 19 scholars
375 4010 41 19 and
432 4012 36 17 143

32 4035 69 19 others
122 4040 21 15 at
165 4037 35 18 the
226 4038 47 17 iour
296 4036 172 19 denominational

33 4061 191 26 bomdiug-echools
234 4063 32 18 for
285 4062 86 19 natives.
404 4062 64 20 There

33 4093 51 13 were
94 4088 43 20 also
149 4090 23 18 12
186 4088 65 20 Maori
273 4088 50 25 boys
339 4088 129 25 apprenticed

501 80 19 17 to
531 78 68 19 trades
609 78 23 25 (4
642 79 49 19 with
704 78 140 25 blacksmiths,
856 82 12 17 3
884 80 49 19 with

501 104 96 23 saddlers,
609 106 11 17 2
631 104 49 20 with
689 104 94 25 printers,
795 107 12 17 2
825 106 49 19 with
890 112 33 13 car-

500 134 87 20 penters,
598 131 40 18 and
651 132 7 18 L
671 131 48 19 with
729 137 12 13 a
748 131 94 25 farmer),
853 132 80 19 instead

500 156 21 18 of
530 155 84 24 holding
629 156 135 25 scholarships
781 160 22 16 at
822 158 111 23 boarding-

482 1953 126 26 neighbours
641 1952 40 19 and
718 1953 77 20 friends
830 1955 21 18 of
884 1955 32 19 his

482 1979 126 26 throughout
618 1978 35 19 the
668 1978 89 26 vicinity.

564 2005 35 20 the
619 2004 55 26 early
691 2009 45 21 part
746 2006 22 19 of
780 2007 68 21 169.:,''
869 2013 45 19 siys

482 2033 33 19 Mr
525 2032 96 21 Jackson,
661 2032 11 18 I
688 2031 66 25 began
763 2035 21 16 to
803 2033 39 18 feel
860 2034 56 18 weak

482 2059 40 19 and
531 2058 71 24 ailing,
630 2057 11 19 I
653 2064 39 12 was
710 2058 36 18 low
757 2058 21 19 in
789 2058 75 26 spirits,
875 2059 41 19 and

482 2092 32 18 my
522 2084 70 24 bodily
596 2085 93 23 utrength
695 2084 80 19 seemed
779 2089 20 14 to
808 2084 22 26 to
835 2085 81 25 leaving

482 2118 39 13 me.
549 2110 66 19 There
625 2116 40 12 was
678 2116 12 12 a
700 2110 40 19 bad
756 2111 40 18 and
815 2118 101 12 nauseous

482 2141 52 15 taste
558 2136 20 18 in
597 2142 35 18 my
656 2136 84 23 mouth;
766 2143 33 18 my
818 2138 96 24 appetite,

483 2163 65 19 which
564 2162 40 19 had
619 2162 75 24 always
712 2162 51 19 been
778 2163 60 25 good,
853 2163 63 19 failed

482 2189 53 19 until
554 2188 11 19 I
585 2188 40 19 had
646 2195 24 12 no
691 2188 41 19 real
743 2188 65 19 desire
823 2190 32 17 for
869 2189 47 18 food

483 2216 108 21 whatever,
615 2214 40 19 and
676 2214 53 18 after
753 2212 70 28 eating
842 2215 11 18 I
875 2215 41 19 had

482 2242 59 19 much
554 2240 45 26 [lain
611 2244 21 15 at
642 2240 34 18 the
693 2240 57 19 chest
761 2241 38 18 and
811 2248 11 11 a
838 2241 78 19 fulness

482 2268 79 18 around
580 2266 35 19 the
633 2266 58 19 Hides.
730 2266 36 25 My
778 2268 90 18 stomach
886 2268 20 18 al-

484 2300 53 18 ways
550 2293 37 19 felt
603 2298 90 14 BUitNiXG
705 2298 45 17 nor,
769 2293 40 19 and
826 2293 9 19 1
855 2294 40 18 had
905 2300 12 12 a

483 2320 97 25 gnawing
590 2319 46 25 pain
648 2322 20 15 at
679 2319 34 17 the
722 2319 29 24 pit
761 2320 21 18 of
792 2320 22 18 it.

533 2346 9 18 I
560 2345 103 19 remained
679 2345 20 17 in
717 2345 40 18 this
769 2346 81 23 general
869 2352 36 13 con-

483 2372 64 19 dition
559 2371 52 19 until
620 2371 81 24 August
713 2371 21 18 of
751 2371 34 19 the
804 2378 55 12 same
869 2378 48 19 year

483 2398 58 19 when
559 2398 10 18 I
587 2404 40 12 was
644 2397 60 19 taken
722 2404 68 12 worse.
821 2399 34 24 My
873 2398 44 25 legs

484 2425 66 24 began
560 2427 21 15 to
597 2423 61 23 swell,
679 2423 40 19 and
735 2423 133 19 rheumatism
888 2427 29 16 set

483 2451 20 18 in
514 2450 27 19 ali
561 2456 47 12 over
616 2456 38 16 me,
675 2456 54 12 more
745 2450 132 25 particularly
896 2451 20 18 in

484 2477 33 18 the
533 2476 46 25 hips
599 2475 41 19 and
651 2475 56 19 back.
743 2476 92 19 Noloc.l
855 2479 62 16 treats

484 2505 54 16 ment
549 2501 40 20 had
600 2508 39 18 any
647 2502 59 18 effect
714 2508 52 19 upon
778 2503 21 17 it.
825 2503 21 18 It
862 2508 55 19 grew

484 2535 62 12 worse
569 2528 40 18 and
637 2534 67 16 worse,
726 2528 52 18 until
797 2528 11 18 I
832 2536 40 11 was
891 2534 26 13 no

484 2555 70 23 longer
581 2553 46 20 able
639 2556 21 16 to
686 2554 40 18 rise
740 2555 52 18 from
809 2560 33 19 my
862 2554 56 19 chair

484 2581 85 18 without
587 2581 114 18 assistance.
729 2580 25 19 In
774 2581 61 21 truth,
856 2580 11 19 I
877 2580 40 19 had

483 2614 26 11 no
519 2613 68 19 power
599 2613 48 12 over
654 2606 78 24 myself,
745 2606 39 19 and
795 2612 65 13 could
879 2613 38 12 not

483 2639 57 12 MOVE
550 2639 11 12 A
573 2638 57 13 YAIID
640 2638 95 13 WITHOUT
746 2638 60 13 HELP.

541 2660 11 17 1
565 2658 89 19 suffered
674 2665 21 11 so
714 2658 59 19 much
793 2658 48 19 with
862 2664 56 13 meke

483 2691 48 13 paix
542 2686 45 17 that
597 2686 10 17 I
617 2684 59 19 could
694 2687 35 16 not
739 2684 26 18 lie
784 2684 20 19 in
816 2684 45 23 bod,
879 2684 38 19 and

483 2717 38 13 FOll
541 2717 54 13 OVER
615 2716 83 13 TWELVE
718 2715 83 14 MONTHS
819 2710 11 19 I
850 2717 68 12 NEYEII

484 2743 42 13 HAD
535 2743 31 13 MY
576 2742 87 13 CLOTnES
676 2742 43 13 OFF.

533 2763 81 24 During
624 2762 41 19 this
674 2762 48 19 time
733 2762 12 19 I
765 2769 40 12 was
822 2762 95 19 attended

483 2790 39 24 day
533 2789 40 19 and
583 2788 66 25 night,
660 2788 63 25 being
733 2788 90 25 literally
842 2788 76 19 unable

483 2819 20 15 to
513 2816 26 18 do
550 2815 101 24 anything
661 2815 21 19 of
691 2814 125 23 importance
825 2815 33 19 for
875 2821 29 18 my-

483 2842 45 18 self.
556 2841 34 19 All
606 2840 35 20 the
655 2841 55 24 sleep
721 2840 10 19 I
747 2843 36 22 got
799 2847 40 13 was
858 2840 60 19 taken

483 2868 21 18 in
525 2874 51 18 naps
593 2867 40 19 and
651 2867 92 19 snatches
768 2867 59 19 while
849 2867 13 18 I
877 2873 41 12 was

486 2893 101 19 bolstered
597 2899 28 19 up
641 2893 20 18 in
671 2899 34 18 my
722 2893 60 19 usual
797 2893 57 24 place
865 2893 21 18 in
893 2899 24 12 an

484 2926 47 18 easy
542 2919 62 19 chair.
634 2919 71 19 Under
715 2919 33 19 the
761 2919 81 19 terrible
855 2919 63 18 strain

484 2946 21 18 of
514 2946 35 18 the
559 2945 47 26 pain
617 2945 41 19 and
665 2945 40 18 loss
715 2945 21 18 of
746 2951 72 19 proper
830 2948 41 16 rest
886 2951 33 18 my

484 2978 71 12 nerves
570 2971 63 19 broke
646 2971 57 18 down
721 2977 21 13 so
761 2971 45 18 that
822 2978 40 17 any
881 2977 26 12 un-

484 3004 91 12 common
595 2999 60 17 event
664 2997 21 19 in
702 2997 34 18 the
747 2997 64 19 house
821 3004 22 12 or
863 3004 12 12 n
891 2997 28 18 ise

485 3030 40 12 was
538 3030 55 12 more
613 3023 50 19 than
682 3023 11 18 I
714 3023 60 19 could
793 3023 55 19 bear.
883 3023 34 24 My

484 3050 60 18 heart
554 3056 40 12 was
604 3056 49 18 very
663 3049 47 20 bad,
722 3049 40 19 and
773 3049 99 25 thumped
882 3056 25 12 un-

485 3076 24 18 til
519 3076 11 18 I
540 3075 59 19 could
610 3075 88 25 scarcely
717 3079 48 21 atay
775 3076 20 18 in
811 3075 35 19 the
864 3075 56 19 chair

486 3102 40 19 and
537 3101 76 20 endure
622 3102 24 18 it.
756 3112 7 6 -

535 3128 43 19 The
589 3127 69 20 doctor
667 3127 44 19 who
722 3127 40 19 had
772 3127 75 25 charge
855 3128 22 18 of
886 3134 34 18 rny

484 3161 46 12 case
551 3154 43 18 said
604 3160 34 18 my
655 3153 102 19 condition
777 3160 41 12 was
835 3154 84 18 critical.

486 3180 33 19 He
529 3180 44 19 said
584 3180 44 18 that
639 3186 33 17 my
682 3179 60 25 lurigs
753 3180 40 18 and
804 3179 51 18 liver
869 3186 51 12 were

487 3206 61 24 badly
557 3205 92 22 affected,
658 3204 40 19 and
708 3206 44 18 that
759 3206 11 18 I
781 3205 41 19 had
828 3205 93 25 Bright,s

486 3232 78 19 disease
590 3232 21 18 of
636 3231 35 18 the
692 3231 92 25 kidneys.
813 3232 47 18 Still
888 3231 33 19 his

486 3258 108 19 medicines
603 3257 36 19 did
657 3263 32 13 me
698 3264 27 12 no
738 3257 59 25 good,
809 3257 40 19 and
869 3258 52 18 after

486 3284 108 24 attending
610 3289 32 13 me
655 3286 34 16 ten
700 3283 80 19 months
797 3283 25 19 he
833 3283 44 19 said
895 3283 26 19 he

486 3310 60 19 could
554 3310 26 18 do
590 3316 25 12 no
625 3315 56 13 more
690 3309 32 19 for
735 3315 38 13 me.

536 3336 11 18 I
560 3336 49 18 then
624 3338 36 22 got
670 3343 10 10 a
699 3335 70 19 doctor
781 3336 52 18 from
848 3335 73 19 Bolton

487 3366 20 15 to
518 3368 33 12 see
560 3368 38 16 me,
608 3361 40 19 and
656 3361 25 19 he
691 3361 48 19 held
748 3366 36 14 out
796 3362 35 18 but
841 3361 81 19 slender

488 3389 62 24 hopes
560 3388 21 18 of
589 3394 33 17 my
629 3393 47 13 ever
692 3387 82 25 getting
789 3394 40 18 any
848 3387 73 19 better.

488 3415 10 18 I
512 3413 87 25 thought
620 3413 35 19 the
670 3420 61 16 sume,
741 3414 39 18 and
804 3420 22 12 so
842 3413 35 19 did
895 3413 26 18 all

488 3441 45 18 who
543 3446 41 12 saw
594 3445 37 13 me.

535 3466 26 19 In
573 3465 91 23 October,
686 3466 56 21 1893,
762 3472 35 17 my
812 3464 108 26 daughter,

488 3492 43 19 Mrs
547 3491 118 21 Dickinson,
687 3492 21 18 of
724 3491 80 23 Bolton,
830 3487 43 23 told
890 3497 31 13 me

489 3518 44 18 how
543 3517 36 19 she
590 3517 40 19 had
637 3517 51 19 been
699 3517 101 19 benefited
809 3517 26 25 by
849 3516 72 25 taking

489 3543 82 20 Mother
585 3543 85 25 Seigle's
682 3542 95 20 Curative
794 3543 73 25 Syrup,
882 3543 39 18 aud

489 3569 89 26 thought
585 3569 15 19 it
608 3569 67 24 might
684 3569 92 25 possibly
785 3569 49 25 help
844 3575 37 12 me.
910 3568 11 19 I

489 3596 40 19 had
545 3595 58 20 small
613 3595 59 23 faith,
693 3595 37 19 but
747 3596 57 18 there
819 3594 60 20 could
896 3594 26 19 be

489 3629 26 11 no
531 3622 58 19 harm
608 3621 21 19 in
646 3622 76 24 trying.
752 3621 26 18 So
795 3628 29 11 we
839 3623 45 16 sent
898 3623 21 16 at

489 3654 49 13 once
547 3651 21 15 to
579 3648 34 19 Mr
623 3647 58 23 Pare,
689 3648 35 18 the
735 3647 91 22 chemist,
837 3647 21 18 in
869 3646 53 19 Ford

489 3674 65 22 Koad,
573 3673 81 23 Bolton,
674 3674 31 18 for
722 3673 83 25 enough
816 3677 20 14 to
853 3672 69 19 decide

490 3700 91 18 whether
591 3700 15 17 it
617 3699 67 19 would
694 3700 26 18 do
729 3705 32 13 me
771 3698 52 26 good
839 3705 23 12 or
880 3702 41 15 not.

489 3726 60 18 After
557 3725 73 24 taking
640 3725 16 18 it
665 3732 12 11 a
687 3725 56 18 short
753 3726 48 18 time
811 3725 11 18 I
832 3724 38 19 felt
877 3724 34 19 bet-

490 3754 36 16 ter.
555 3751 11 19 I
583 3751 59 19 could
657 3751 55 25 sleep
730 3750 72 23 better,
823 3751 41 19 and
882 3750 40 19 had

490 3784 55 12 some
562 3777 91 25 appetite
668 3778 32 18 for
715 3777 54 22 food,
786 3777 40 19 and
843 3776 54 19 what
912 3776 10 18 I

490 3808 32 14 ate
533 3804 75 25 agreed
625 3803 48 18 with
684 3809 38 13 me.
750 3803 49 19 This
809 3809 41 13 was
860 3803 51 24 hope-

490 3829 29 19 ful
530 3829 40 19 and
578 3829 96 24 cheering
684 3828 80 19 indeed.

517 3857 12 9 ''
538 3855 12 19 I
559 3855 49 25 kept
618 3861 25 12 on
655 3854 47 19 with
714 3855 33 18 the
756 3855 34 18 the
806 3854 67 25 Syrup
883 3853 40 19 and

489 3881 16 19 it
519 3881 58 19 acted
595 3880 135 24 wonderfully
745 3881 49 18 with
815 3887 37 12 me.
881 3880 42 18 The

491 3910 59 16 worst
559 3909 112 22 symptoms
680 3906 81 24 abated,
776 3907 40 18 and
822 3906 12 18 I
849 3905 73 25 gained

490 3933 100 24 strength.
618 3932 53 18 Soon
684 3932 28 18 all
722 3932 35 19 the
774 3935 62 16 water
851 3932 21 18 in
889 3938 34 18 my

490 3959 44 24 legs
541 3958 74 27 passed
630 3957 33 23 off,
684 3957 40 19 and
742 3958 34 19 the
791 3957 132 20 rheumatism

491 3985 94 19 troubled
603 3991 32 12 me
654 3983 37 20 but
710 3983 58 20 little.
803 3983 46 20 Still
864 3983 60 25 using

490 4011 36 19 the
536 4012 73 24 Syrup,
620 4017 34 17 my
663 4010 103 19 condition
779 4010 109 19 continued
904 4012 20 16 to

491 4037 91 25 improve
592 4037 19 18 iu
621 4043 61 18 every
691 4039 85 22 respect,
787 4036 52 19 until
849 4036 12 18 I
875 4042 49 12 once

491 4069 56 12 more
557 4062 58 20 stood
625 4068 26 13 on
668 4069 33 18 my
721 4063 47 22 feet,
780 4062 40 19 and
829 4062 38 18 felt
882 4062 42 18 like

492 4095 11 12 a
522 4095 48 14 man
589 4090 21 18 of
627 4088 40 20 this
693 4088 69 20 world.
790 4088 12 19 I
818 4093 38 14 can
879 4093 45 14 now

956 88 59 13 walk
1034 89 38 14 fob
1090 90 61 13 miles
1171 85 40 18 and
1228 85 50 18 have
1293 91 27 12 no
1335 87 55 24 pain.

957 108 33 18 All
1008 115 34 19 my
1054 110 77 19 friends
1145 110 61 19 think
1223 117 21 12 as
1262 110 12 19 I
1292 110 100 22 do—that

956 133 64 20 under
1036 135 35 19 the
1085 136 153 19 circumstances
1248 142 34 17 my
1296 143 95 20 recovery

955 165 40 12 was
1004 161 88 21 notliine
1101 162 56 19 short
1167 162 21 19 of
1195 162 120 19 marvelous.
1343 163 47 20 You

1260 19 59 20 THE
1346 22 58 21 HOT
1431 23 93 20 LAKES
1552 23 171 28 CHRONICLE,
1752 29 189 23 WEDNESDAY,
1969 32 114 21 AUGUST
2112 36 31 21 12,
2160 36 51 17 1596

941 2072 79 20 'FEE
1045 2073 209 20 UNDERSIGNED
1283 2074 51 25 begs
1353 2078 20 16 to

951 2094 13 23 1
1006 2099 51 19 offer
1068 2099 101 20 Nuuseky
1181 2100 65 19 Stock
1256 2101 20 19 of
1286 2101 28 19 all
1328 2101 34 19 des-

938 2124 102 26 criptions,
1061 2126 58 18 seeds
1139 2126 41 19 and
1200 2127 55 25 appli
1269 2127 91 19 uces—in-

938 2150 83 25 cluding
1032 2151 50 19 New
1093 2152 91 19 Zealand
1199 2153 66 23 Trees,
1286 2153 85 23 shrubs,

938 2176 78 23 Plants,
1036 2177 130 23 Tree-Ferns,
1184 2178 70 24 Ferns,
1274 2179 40 23 &c.,
1331 2181 41 21 <Vc.,

940 2202 76 25 packed
1026 2203 21 18 in
1058 2204 57 19 wood
1128 2204 40 19 nnd
1183 2211 73 12 canvas
1271 2211 55 13 cases
1343 2205 31 19 for

939 2228 33 19 the
981 2228 98 24 Colonies,
1092 2230 39 19 and
1144 2230 19 18 in

939 2254 31 19 for
994 2254 76 19 distant
1092 2256 108 20 countries.
1242 2257 68 18 Medal
1333 2258 40 18 and

943 2280 93 25 Diploma
1046 2282 90 18 received
1148 2283 31 17 for
1191 2282 72 24 plants,
1275 2284 40 22 &c.,
1326 2286 48 16 tlius

939 2309 44 16 sent
993 2309 20 16 to
1025 2307 34 19 the
1187 2308 124 23 Exhibition,
1322 2309 39 19 Lon-

940 2332 45 23 don,
1240 2335 21 18 in
1267 2335 107 19 Auckland

939 2360 24 17 35
974 2365 65 18 years.

1017 2393 277 38 C.T.WREN,

939 2443 39 17 Mt.
988 2443 105 18 hobson
1100 2444 129 21 nursery,
1238 2445 135 21 remuera,

1064 2476 122 21 Auckland,
1198 2475 51 20 N.Z.

1410 503 208 42 SOMETHING
1651 506 45 40 TO
1731 506 112 40 READ!

1414 667 241 57 Supplied
1679 670 131 57 Regu-

1489 813 128 56 larly
1637 814 131 46 from

1484 1137 278 38 GFFICe.

1455 1238 194 33 Canterbury
1680 1240 110 30 Times,

1448 1285 222 27 Christchurch
1699 1287 95 31 Press,

1463 1337 70 25 New
1547 1337 135 26 Zealand
1706 1338 75 31 Mail,

1495 1393 110 32 Family
1621 1393 126 31 Reader,

1419 1439 106 33 Young
1548 1439 116 26 Ladies'
1685 1440 136 31 Journal,

1470 1486 90 26 Black
1585 1487 60 25 and
1663 1486 107 31 White,

1404 1536 171 25 Illustrated
1598 1536 124 26 London
1741 1537 95 30 News,
1842 1536 1 31 !

1404 1585 60 26 The
1484 1585 116 31 Album,
1634 1586 64 25 The
1712 1586 123 30 Sketch,

1478 1635 122 32 Sydney
1620 1635 135 30 Bulletin,

1533 1701 13 11 „
1651 1682 73 30 Mail,

1454 1729 91 25 Town
1558 1729 60 25 and
1635 1729 143 33 Country,

1508 1774 217 31 Australasian,

1555 1822 132 30 Referee,

1404 1872 225 31 Cosmopolitan
1668 1872 165 31 Magazine,

1499 1921 112 26 Strand
1719 1941 13 11 „

1475 1968 141 25 Windsor
1719 1988 12 11 „

1478 2014 138 32 Ludgate
1718 2034 13 11 „

1454 2061 117 25 Review
1591 2061 32 25 of
1643 2061 140 30 Reviews,

1464 2112 126 25 Woman
1611 2114 32 24 at
1661 2112 104 30 Home,

1397 2161 151 26 Weldon's
1560 2161 128 26 Fashion
1705 2161 125 26 Journal

1431 2211 128 26 Schild's
1575 2211 128 26 Fashion
1753 2232 12 10 „

1444 2261 180 31 Something
1645 2263 33 23 to
1694 2261 94 31 Read,

1398 2310 183 33 Snapshots,
1604 2310 147 31 Answers,
1772 2310 45 26 Tit-

1478 2361 67 29 bits,
1559 2361 123 31 Scraps,
1703 2361 53 24 Ac.

1398 2411 65 25 And
1479 2410 36 26 all
1534 2410 95 25 Home
1647 2411 60 24 and
1724 2411 90 24 Colon-

1416 2460 35 26 ial
1468 2460 113 31 Papers
1594 2460 23 24 &
1631 2460 183 31 Magazines.

962 2535 52 45 G.
1056 2535 297 48 BURTON'S

943 2618 221 23 PIONEER
1208 2621 167 25 STORE,

1020 2665 103 24 Opposite
1139 2666 72 19 Pa'aeu
1229 2667 67 19 Hotel.

941 2716 139 25 GROCERY,

982 2748 139 20 OILMKX'S
1135 2749 111 24 STORIS,

1024 2778 219 24 IRONMONGERY,

1074 2809 156 21 CROCKERY
1236 2810 91 24 WARE,

1131 2845 37 18 liR
1179 2848 6 15 \
1192 2845 80 25 PERT,
1288 2848 43 19 Ac..
1341 2848 34 19 Ac-

971 2879 14 13 A
1003 2874 149 21 wtl'-»Bs<tried
1171 2881 18 14 «t
1203 2876 24 19 ck
1245 2878 20 18 in
1282 2877 26 19 aII
1326 2877 51 20 liik-b

942 2901 21 18 of
973 2901 35 19 the
1015 2902 64 19 above
1090 2907 17 13 »i
1120 2902 68 19 l.jwexi
1204 2909 70 16 puce*.

944 2936 47 20 New
1003 2936 86 19 Zealand
1102 2938 62 19 liuirv
1173 2937 147 20 AsHoeiiition'n
1330 2939 34 19 Fac-

978 2964 45 21 tory
1036 2961 74 21 Butter
1121 2964 54 19 fresh
1187 2964 56 19 twice
1255 2965 81 19 weekly.

1018 3006 50 19 New
1081 3007 48 18 Laid
1213 3009 42 21 &c.,
1267 3010 34 17 Ac.

945 3069 218 45 Rotorua
1205 3070 169 47 Tours.

944 3150 189 44 PASSENGERS
1142 3154 19 16 to
1171 3153 84 17 Rotorua
1264 3159 31 11 aire
1302 3154 76 17 advised

1008 3175 43 16 that
1059 3181 11 11 a
1084 3175 76 23 regular
1171 3175 52 22 daily
1236 3177 57 17 coach
1310 3178 68 16 servica

943 3197 84 18 between
1037 3197 91 18 Okoroire
1136 3199 39 16 and
1185 3199 84 17 Rotorua
1284 3200 39 17 and
1339 3201 39 17 vica

943 3226 53 12 versa
1004 3222 15 15 is
1029 3227 42 11 now
1080 3222 90 22 running.

966 3244 39 16 The
1013 3244 118 23 advantages
1137 3251 11 11 o
1164 3244 37 18 this
1206 3246 54 16 route
1265 3251 31 11 are
1302 3252 64 12 numer-

943 3272 40 15 ous,
993 3273 11 10 a
1013 3268 104 16 somewhat
1130 3268 74 17 tedious
1212 3268 78 23 railway
1298 3269 80 23 journey

943 3290 15 17 is
966 3290 78 20 broken,
1054 3294 37 13 and
1100 3291 33 16 the
1150 3293 54 16 route
1221 3293 90 16 traverses
1328 3298 51 12 soma

943 3314 21 16 of
982 3313 32 17 the
1030 3313 86 18 loveliest
1132 3314 53 17 Bush
1202 3314 80 23 Scenery
1298 3315 20 17 in
1331 3316 47 17 New-

944 3336 88 17 Zealand.

983 3367 105 23 FARES,
1105 3369 42 18 103
1156 3368 83 19 BACH
1251 3368 83 20 WAY.

944 3395 92 23 Special
1052 3396 168 23 Conveyances
1236 3402 43 13 can
1299 3397 29 18 be
1345 3403 23 13 ar-

1091 3419 88 24 ranged
1188 3419 42 20 for.

945 3465 213 19 Leave—Okoroire
1167 3465 36 19 for
1216 3466 105 18 Rotorua
1333 3467 47 19 and

1015 3488 221 19 Whakarewarewa
1264 3489 63 24 daily
1355 3492 25 17 at

1016 3512 30 18 10
1055 3517 52 13 a.m.

945 3534 206 19 Leave—Rotorua
1159 3535 45 19 and
1215 3535 149 20 Whakarewa-

1014 3563 63 14 rewa
1093 3559 36 18 tor
1143 3558 117 24 Okoroire,
1276 3559 63 23 daily
1356 3561 24 17 at

1017 3581 29 18 10
1055 3587 51 13 a.m.

968 3605 31 17 All
1019 3610 107 18 passenger-
1152 3611 30 11 are
1199 3605 77 18 advised
1296 3607 20 16 to
1331 3607 49 17 avail

945 3627 111 18 themselves
1065 3629 20 16 ui
1095 3627 25 20 Mii
1128 3627 2 20 -
1150 3629 60 17 Route
1226 3635 18 11 ;t,s
1260 3629 90 17 Okoroire
1364 3630 16 17 is

945 3657 35 11 one
995 3651 20 16 of
1025 3651 33 17 the
1067 3651 48 18 show
1128 3651 62 23 placet;
1208 3653 21 16 of
1244 3651 32 18 the
1293 3652 87 18 Thermal

945 3674 84 19 District,
1051 3674 38 17 sm<l
1104 3680 24 11 vo
1147 3675 43 16 visit
1205 3680 19 7 •••
1241 3674 32 17 the
1288 3675 61 17 Lakes
1365 3676 15 17 is

945 3697 92 22 complete
1046 3697 78 17 withoxi:
1134 3698 23 16 :ts
1163 3698 17 16 i;-
1210 3697 3 22 i
1222 3704 40 11 .ion.

969 3720 73 22 Special
1051 3721 92 17 attention
1159 3728 10 9 e
1211 3721 35 17 -led
1259 3723 20 15 to
1292 3721 33 17 the
1342 3721 38 18 fact

945 3744 43 16 that
997 3749 11 11 a
1016 3743 57 17 coach
1082 3743 61 18 leave,-;
1160 3743 3 18 .
1189 3743 2 18 •
1204 3750 39 11 ura.
1251 3744 37 16 and
1297 3744 70 17 Whaka-

945 3772 100 12 rewarewa
1054 3772 24 12 on
1088 3766 73 23 Suuda;,
1205 3768 21 16 10
1235 3773 42 11 a.m.

1082 3814 149 16 mCEMTS
1240 3814 4 16 :

945 3833 73 18 THOS.
1032 3833 69 18 COOK
1119 3836 15 14 .t
1153 3834 55 19 PON,
1229 3834 96 17 Auckland
1343 3835 37 17 and

1117 3857 92 18 Ritorua.

954 3912 157 28 SOVERNMENT
1133 3914 59 27 LIFE

1069 3949 121 16 EBTABXjZBHED
1199 3952 37 13 1870.

953 3981 82 15 Growth
1042 3982 23 15 of
1072 3975 93 22 r£ndai—

985 4003 45 14 -1875
1062 4013 17 6 ...
1154 4005 161 17 £IIO,OOO

985 4023 44 14 1885
1062 4033 17 6 m
1117 4025 197 18 £1,109,000

985 4043 44 16 1809
1062 4053 16 7 „
1096 4045 218 19 «a,300,000

1092 4076 17 16 3.
1116 4067 165 26 H.IUCHABDBON.

951 4092 17 17 gj
1216 4094 129 17 ConunlMtenor.

1566 2631 99 22 TH6

1400 2711 246 42 MASTERPIECE
1666 2711 162 41 LIBRARY,

1399 2814 143 33 Popular
1554 2814 129 31 Novels,

1433 2900 65 26 The
1512 2900 115 33 Penny
1640 2900 105 31 Poets,

1467 2990 109 26 Books
1588 2990 109 26 forthe
1707 2991 126 26 Bairns,

1400 3161 206 47 .Newnes'
1638 3161 196 45 Famous

1541 3247 163 46 Books.

1441 3440 164 42 BROADER
1643 3440 155 42 BRITAIN.

1403 3542 29 25 A
1463 3541 176 27 Collection
1663 3542 36 26 of
1720 3542 99 26 Photo-

1469 3610 133 33 graphic
1618 3610 109 26 Views
1740 3610 34 26 of

1520 3678 54 25 the

1874 373 80 42 'JPHE
1966 377 52 16 mo6t
2028 375 88 25 elegant,
2127 376 132 19 comfortable
2267 376 40 19 and

1898 425 58 19 THE
1968 425 93 20 HOTEL
2079 427 17 19 is
2115 428 21 18 in
2154 427 35 20 the
2208 428 111 19 immediate

1870 451 91 18 curative
1969 453 114 24 properties
2092 453 22 19 of
2123 454 66 18 which
2203 460 35 12 are
2254 454 65 18 world,

1871 476 52 19 from
1933 477 34 18 the
1976 477 82 19 various
2070 478 141 20 bath-houses.
2239 479 42 19 The
2292 480 25 18 be

1871 505 65 15 ments
1945 503 22 17 of
1975 506 71 21 guests
2056 503 20 19 in
2087 505 69 18 search
2166 505 21 19 of
2196 506 91 18 renewed
2298 508 21 16 st:

1896 527 44 20 The
1952 528 63 19 Baths
2024 531 22 16 at
2056 529 35 19 the
2099 529 129 20 Sanatorium
2241 531 50 19 have
2302 535 17 15 a(

1871 552 32 19 bei
1912 554 35 18 the
1956 554 146 24 convalescent,
2114 562 90 17 nervous,
2216 556 102 20 rheumati

1897 578 91 20 Rotorua
1997 580 18 19 is
2024 580 35 19 the
2077 585 67 15 centre
2163 582 52 18 from
2234 583 64 18 which

1870 605 73 24 speeial
1954 606 95 19 facilities
2059 613 34 12 are
2102 607 96 24 provided
2209 608 32 19 for
2248 608 57 19 those
2312 609 5 18 i

1963 637 182 18 MAGNIFICENT
2157 639 161 18 APARTMENT!

2014 661 25 18 In
2050 661 57 18 short
2116 668 13 12 a
2139 667 124 14 first-class
2277 663 40 18 Est

2109 713 87 23 Suites
2213 714 29 22 of
2252 714 67 29 Apai

1869 745 97 25 Spacious
1978 746 127 19 Promenade
2116 747 111 23 Balconies,
2238 748 57 25 Snug
2308 748 12 18 A

2159 807 117 19 SPECIAL
2290 808 30 19 A3

1896 838 33 18 All
1940 839 180 19 communications
2132 839 26 24 by
2168 838 59 19 letter
2237 846 23 12 or
2271 839 49 24 telef

1925 889 78 44 W.
2030 891 58 42 A.
2116 890 204 45 BOULT

2082 1169 65 46 IN
2178 1169 116 46 THE

1862 1524 352 54 ANCIENT
2256 1524 55 53 M

2120 1633 51 31 By
2189 1631 125 26 ELSDC

1857 1815 107 64 THE
1984 1815 123 31 Papers
2123 1820 72 19 now
2209 1818 104 27 appea:

1907 1847 244 26 CHRONICLE
2165 1846 101 26 under
2278 1845 35 25 th

1857 1889 38 25 be
1907 1889 170 32 published
2091 1888 34 26 in
2138 1887 163 33 pamphlet

2062 1987 129 45 Price
2217 1985 94 47 One

1890 2174 189 32 Advertising
2091 2173 106 26 Terms
2211 2179 38 19 on
2265 2179 54 25 apf

1857 2206 103 26 Office.

1949 2472 82 26 THE
2053 2472 137 26 MAILS.

1887 2540 147 19 ROTORUA
2047 2540 75 18 POST
2141 2539 117 19 OFFICE.

1925 2590 68 18 Mails
2002 2590 63 18 close
2074 2594 26 13 as
2109 2589 74 18 vinder

2026 2619 99 17 Monday.

1856 2651 46 18 For
1910 2650 123 24 Tauranga
2042 2651 25 17 at
2076 2650 55 18 6.30
2139 2654 51 14 a.m.

1879 2688 12 8 „
1917 2674 125 18 Auckland
2064 2672 46 19 and
2128 2671 163 20 intermediate

1914 2697 84 22 offices,
2009 2697 55 19 7.30
2073 2701 52 13 a.m.

2022 2729 104 16 Tuesday.

1856 2760 46 19 For
1919 2759 125 19 Auckland
2061 2759 46 18 and
2129 2758 161 19 intermediate

1919 2783 83 22 offices,
2011 2782 55 19 7.30
2074 2787 53 14 a.m.

1879 2821 12 8 „
1917 2805 170 20 Rotomaßoad
2093 2805 78 23 Camp,
2179 2805 55 18 9.30
2239 2810 51 12 a.m.

1879 2845 12 7 ~
1917 2830 98 18 Galatea
2023 2829 47 19 and
2084 2828 136 23 Waiotapu,
2239 2827 53 19 7.30

1919 2859 52 17 p.m.

1879 2891 12 8 ~
1917 2876 85 23 Taupo,
2021 2874 124 23 Atiamuri,
2164 2873 126 23 Wairakei,

1919 2900 46 18 and
1974 2899 92 23 Napier,
2077 2898 56 19 7.30
2143 2902 53 19 p.m.

2002 2932 141 16 Wednesday.

1856 2963 46 19 For
1912 2962 126 19 Auckland
2060 2961 46 19 and
2129 2960 162 20 intermediate

1920 2986 84 22 offices,
2015 2986 55 18 7.30
2079 2990 52 13 a.m.

2013 3015 120 17 Thursday.

1858 3048 45 18 For
1919 3046 126 19 Auckland
2062 3045 46 19 and
2130 3044 162 19 intermediate

1921 3070 83 21 offices,
2015 3069 55 19 7.30
2079 3074 52 12 a.m.

1881 3108 11 8 ~
1918 3093 97 22 Matata,
2031 3092 155 23 Pongakawa,
2205 3090 85 23 Ohiwa,

1920 3116 157 21 Whakatane,
2086 3114 101 23 Opotiki,
2194 3114 99 18 Maketu

1920 3140 46 18 and
1975 3140 30 18 Te
2015 3139 71 21 Puke,
2097 3138 54 18 7.30
2160 3142 53 18 p.m.

2032 3171 89 17 Fhiday.

1860 3203 44 19 For
1913 3203 128 22 Tauranga,
2052 3201 55 19 6.30
2116 3206 50 13 a.m.

1881 3241 12 7 ~
1919 3226 125 18 Auckland
2065 3224 47 19 and
2133 3222 160 20 intermediate

1920 3249 84 22 offices,
2015 3248 54 19 7.30
2077 3253 52 13 a.m.

1882 3287 11 7 ~
1920 3273 84 22 Taupo,
2025 3270 124 22 Atiamuri,
2167 3269 46 19 and-

1921 3295 70 23 rakei,
2002 3295 55 19 7.30
2065 3299 55 18 p.m.

2018 3327 117 17 Saturday.

1860 3359 45 18 For
1919 3359 97 21 Matata,
2032 3357 155 23 Pongakawa,
2206 3355 86 22 Ohiwa,

1854 3380 6 8 '
1921 3381 158 22 Whakatano,
2087 3379 100 24 Opotiki,
2196 3379 98 18 Maketu

1922 3405 46 18 and
1977 3405 31 18 Te
2017 3405 71 21 Puke,
2099 3403 55 19 7.30
2162 3407 53 19 p.m.

1860 3466 52 17 THE
1924 3464 117 19 ENGLISH
2054 3463 67 18 MAIL
2136 3467 35 13 via
2189 3461 102 18 'FEISCO.

1884 3518 79 19 Closes
1973 3518 111 21 Rotonia,
2093 3515 91 23 Friday,
2199 3514 61 23 Aug.
2274 3513 19 22 7,

1861 3542 25 18 at
1895 3541 54 19 7.30
1957 3546 60 17 a.m.,
2028 3541 46 18 due
2088 3540 24 18 in
2124 3535 96 22 London
2230 3537 63 23 Sept.

1860 3565 49 18 9th.

1893 3626 61 17 POST
1966 3625 94 18 OFFICE
2076 3622 187 19 REGULATIONS.

1884 3675 47 19 The
1941 3674 72 19 Office
2021 3673 20 19 is
2051 3678 60 18 open
2121 3673 35 17 for
2164 3672 40 18 the
2215 3671 48 18 sale
2272 3671 25 18 of

1862 3700 96 21 stamps,
1968 3697 104 23 delivery
2086 3695 47 19 and
2145 3694 150 24 registration

1863 3722 26 18 of
1894 3721 88 22 letters,
1992 3720 89 22 receipt
2095 3719 27 18 of
2133 3718 95 24 parcels,
2247 3717 46 22 &c.,

1862 3745 60 18 from
1930 3744 16 18 9
1954 3749 52 13 a.m.
2016 3744 26 17 to
2051 3743 15 18 5
2076 3747 55 18 p.m.

1886 3768 45 18 For
1949 3772 85 17 money
2051 3766 68 18 order
2135 3765 46 17 and
2199 3763 96 23 savings

1862 3791 63 18 bank
1938 3790 113 21 business,
2068 3789 15 18 9
2098 3793 51 14 a.m.
2167 3788 25 17 to
2209 3788 15 17 4
2241 3792 53 18 p.m.

1863 3814 134 21 Saturdays,
2009 3813 14 18 9
2032 3817 53 14 a.m.
2095 3812 25 18 to
2129 3811 16 18 5
2152 3815 54 19 p.m.

1886 3837 45 18 For
1939 3835 122 24 telegraph
2077 3834 114 20 business,
2206 3833 60 18 from
2281 3833 15 17 9

1862 3865 52 13 a.m.
1924 3860 26 18 to
1958 3859 15 18 5
1983 3864 54 18 p.m.

1888 3883 99 21 Letters,
1997 3881 75 19 books
2089 3880 47 19 and
2146 3883 149 19 newspapers

1863 3911 44 13 can
1910 3906 28 17 be
1945 3904 128 24 registered
2079 3904 26 18 to
2112 3908 47 18 any
2166 3904 54 21 part
2225 3903 26 17 of
2256 3902 40 18 the

1863 3928 72 19 world
1945 3934 30 12 on
1983 3927 113 24 payment
2105 3930 24 14 oi
2145 3932 15 12 a
2173 3925 35 19 fee
2225 3925 27 19 of
2265 3925 31 18 3d

1863 3952 23 18 in
1893 3951 104 19 addition
2004 3952 25 17 to
2032 3950 42 19 the
2079 3949 216 24 ordinarypostage.

1886 3975 47 18 The
1942 3974 72 19 Office
2022 3973 48 19 will
2076 3977 95 19 re-open
2177 3977 31 12 on
2217 3972 66 17 Satur-

1863 3998 58 24 days
1930 3997 56 24 only
1995 3997 36 18 for
2044 3996 28 19 15
2086 3996 103 18 minutes
2204 3995 37 17 for
2256 3994 40 18 the

1863 4021 102 23 delivery
1978 4021 27 17 of
2018 4020 83 18 letters
2114 4019 61 18 after
2188 4017 41 19 the
2242 4016 54 19 mail

1863 4045 102 19 arriving
1974 4044 26 18 at
2008 4042 55 20 7.40
2071 4047 53 17 p.m.
2135 4042 19 17 is
2163 4040 86 19 sorted.

2010 4066 26 19 R.
2051 4066 26 18 D.
2096 4063 129 22 DANSEY,

2122 4087 150 18 Postmaster.

986 4178 223 47 d
1431 4178 890 47 vxcz

1981 97 224 201 f
2429 97 671 201 vxc
