2550 4029
644 101 887 147 ZEALAND
1635 83 861 162 Gf!ZETTE

1238 268 102 31 AND

609 490 221 37 PUBLISHED
876 490 133 38 EVERY
1052 490 262 39 WEDNESDAY
1355 490 89 39 AND
1491 492 230 39 SATURDAY
1768 495 203 39 MORNING.

546 604 131 31 PORT
708 605 287 39 NICHOLSON,
1019 607 309 32 WEDNESDAY
1335 602 255 47 fMORNING,
1612 613 263 32 DECEMBER
1901 618 49 34 15,
1976 619 89 29 1841.

2312 619 98 41 [Vol.
2432 621 48 31 11.

96 605 64 32 No.
182 605 65 40 98.]

103 150 3 6 <

2025 707 157 27 Wanganui
2196 711 78 20 Land
2288 713 122 26 Agency.

1926 739 43 22 HP
1976 738 48 23 HE
2048 741 150 35 undersigned
2227 744 83 28 having
2336 747 86 22 resided
2450 755 60 16 some

1933 767 28 20 _L
1992 767 90 21 months
2098 772 22 18 at
2136 767 132 30 Wanganui,
2288 772 38 21 has
2342 774 56 21 been
2416 776 95 22 enabled

1925 795 22 18 to
1958 794 64 20 make
2033 794 91 22 himself
2136 798 134 26 acquainted
2282 799 50 22 with
2347 800 36 22 the
2401 802 48 21 best
2458 803 52 21 sites

1924 821 33 19 for
1968 821 35 20 the
2013 821 106 22 selection
2131 823 25 21 of
2163 828 93 23 country
2267 825 69 28 lands,
2348 828 44 21 and
2402 828 110 23 therefore

1924 847 51 21 with
1990 847 131 23 confidence
2132 851 88 21 tenders
2231 852 34 21 his
2274 854 94 21 services
2380 858 23 18 to
2413 857 98 26 proprie-

1924 876 50 22 tors,
1992 882 23 13 as
2032 882 29 14 an
2078 876 76 26 Agent
2168 877 33 22 for
2218 878 37 22 the
2272 880 112 28 selection,
2396 882 51 27 sale,
2460 891 50 19 pur-

1923 901 72 26 chase,
2007 901 46 22 and
2062 901 85 29 leasing
2157 910 104 22 property
2271 906 23 21 in
2305 906 47 23 that
2362 908 91 23 district.

1951 934 85 22 Letters
2045 935 35 22 for
2090 936 36 22 the
2137 938 124 22 subscriber
2274 943 22 17 to
2311 940 25 22 be
2352 941 118 24 addressed
2485 947 23 18 to

1923 960 36 22 the
1970 969 50 14 care
2030 963 27 20 of
2068 963 91 23 Messrs.
2171 964 77 28 Wade,
2260 966 144 29 Wellington.

2167 998 29 21 H.
2216 999 118 29 Churton,
2349 1002 131 27 Wanganui.

2135 1044 163 27 Wanganui.

1921 1073 87 48 FOR
2023 1075 86 23 SALE.
2110 1088 28 4 —
2139 1077 64 22 Land
2222 1078 99 23 between
2340 1089 43 14 one
2402 1082 44 22 and
2463 1086 44 19 two

1992 1102 64 22 miles
2074 1103 26 21 of
2111 1104 36 21 the
2163 1106 110 28 township
2291 1112 23 16 at
2333 1108 125 28 Wanganui
2472 1110 37 22 for

1920 1128 51 25 sale,
1983 1135 22 15 m
2017 1129 77 22 blocks
2104 1131 25 21 of
2140 1131 42 21 five
2192 1139 63 15 acres
2269 1134 42 21 and
2327 1136 106 26 upwards,
2446 1145 24 13 or
2484 1141 23 17 to

1919 1155 31 20 let
1960 1162 28 14 on
2002 1163 54 20 very
2069 1157 76 22 liberal
2157 1162 75 23 terms,
2243 1160 51 21 with
2306 1161 36 22 the
2357 1163 58 26 right
2424 1164 26 21 of
2457 1172 51 17 pur-

1920 1181 72 23 chase.
2022 1184 76 27 Apply
2109 1189 21 17 to
2140 1186 27 21 R.
2180 1186 64 28 Park,
2256 1188 61 27 Esq.,
2327 1196 25 14 or
2361 1193 22 18 to

1919 1245 8 4 .
2258 1221 23 21 J.
2296 1223 43 21 and
2356 1223 27 21 G.
2399 1223 80 24 Wade.

2105 1264 75 21 Land
2194 1266 122 27 Agency.

1920 1295 80 48 DR.
2027 1296 83 28 REES,
2132 1298 82 28 having
2232 1300 80 22 settled
2331 1305 23 18 at
2372 1301 133 30 Wanganui,

2001 1324 44 21 will
2075 1324 26 21 be
2125 1324 73 29 happy
2223 1330 23 18 to
2275 1331 35 18 act
2336 1336 24 14 as
2389 1334 66 23 agent
2481 1332 23 20 in

1919 1349 106 28 selecting
2048 1350 61 28 land,
2129 1359 25 14 or
2176 1357 23 17 to
2222 1353 51 27 give
2294 1362 44 20 any
2361 1355 144 24 information

1918 1377 94 27 relating
2022 1377 93 29 thereto,
2127 1382 22 18 to
2159 1380 82 27 parties
2251 1381 128 23 interested.

1949 1409 132 28 Wanganui.

1919 1454 34 47 I
1968 1454 68 22 AND
2057 1456 39 21 TO
2121 1457 94 22 LET.—
2216 1458 69 23 Town
2310 1467 60 15 acres
2394 1461 43 22 No.
2458 1464 46 25 168,

1920 1508 4 4 .
1953 1483 12 19 A
1996 1483 45 25 156,
2053 1484 49 26 423,
2118 1486 34 25 47,
2163 1487 47 25 661,
2223 1487 49 25 559,
2290 1487 45 21 and
2348 1495 67 21 many
2430 1490 75 21 othecs

1919 1515 22 14 in
1953 1509 36 20 the
2000 1513 58 18 most
2067 1510 107 23 desirable
2189 1513 124 22 situations.
2342 1515 55 21 Also
2410 1522 95 22 country

1919 1534 52 22 land
1979 1543 28 14 on
2017 1536 39 22 the
2066 1537 70 22 banks
2147 1539 25 20 of
2179 1539 37 22 the
2227 1540 69 22 River
2309 1541 55 22 Hutt
2374 1543 44 21 and
2428 1550 28 15 on
2467 1543 37 23 the

1920 1562 91 22 Porirua
2022 1564 61 21 road.
2112 1566 75 27 Apply
2197 1570 23 18 to

2307 1595 20 21 J.
2344 1596 34 21 W.
2395 1597 79 22 Child.

2131 1638 38 20 To
2184 1639 33 21 be
2232 1640 58 25 Let,

1919 1668 163 49 SEVERAL
2097 1670 91 23 TOWN
2199 1673 106 27 ACRES,
2314 1674 21 22 in
2347 1675 87 23 various
2443 1680 60 23 parts

1983 1696 21 21 of
2022 1696 142 28 Wellington.
2194 1699 43 21 For
2248 1701 135 28 particulars,
2399 1704 61 27 applj
2479 1708 25 18 to

2096 1732 23 21 E.
2136 1733 143 27 Catchpool,
2291 1736 99 22 Dickson
2403 1741 73 19 street.

1918 1775 65 22 MHO
2000 1776 37 21 BE
2054 1777 64 27 LET,
2135 1779 36 21 the
2189 1783 58 18 town
2266 1788 50 15 acre
2332 1783 43 21 No.
2385 1785 47 25 210,
2444 1792 28 14 on
2487 1793 14 14 a

1924 1802 30 21 -L
1991 1803 103 29 building
2103 1805 66 28 lease,
2180 1807 35 21 for
2223 1809 102 21 fourteen
2336 1817 70 19 years.

1943 1835 32 22 To
1986 1837 25 21 be
2024 1837 31 21 let
2063 1846 25 13 or
2098 1839 53 27 sold,
2164 1840 35 21 the
2212 1845 58 17 town
2281 1849 48 15 acre
2339 1843 43 22 No.
2394 1846 45 21 642.

1943 1863 32 21 To
1987 1864 25 21 be
2030 1865 55 25 sold,
2098 1866 35 21 the
2150 1868 143 28 preliminary
2305 1870 112 28 (country)
2438 1872 64 23 Land

1917 1891 70 21 Order
2008 1891 43 21 No.
2070 1894 46 25 153,
2138 1894 70 22 which
2229 1896 76 22 stands
2325 1900 82 19 seventh
2423 1900 22 21 in
2464 1901 38 21 the

1916 1918 63 20 order
1989 1919 26 20 of
2020 1919 76 22 choice
2107 1925 22 16 at
2139 1921 36 22 the
2186 1927 56 17 next
2252 1924 106 23 selection
2369 1926 26 21 of
2408 1933 94 19 country

1917 1945 102 21 sections.
2049 1947 75 27 Apply
2136 1952 21 17 to

1899 1983 1 29 j
2187 1976 22 22 J.
2225 1976 26 22 T.
2267 1977 144 30 Wicksteed,

2251 2004 222 30 Hawkstone-street,

1989 2044 133 28 Building-
2136 2048 171 22 Allotments
2321 2053 29 18 to
2364 2053 59 22 Let.

1915 2074 89 23 HPHE
2023 2077 200 24 ADVERTISER
2239 2082 66 22 offers
2319 2091 60 20 upon
2396 2086 109 26 Building

1921 2103 29 19 J.
1990 2103 87 27 Leases,
2089 2112 13 14 a
2112 2107 94 21 number
2216 2109 26 20 of
2253 2109 69 22 Town
2331 2112 135 24 Allotments
2475 2116 25 20 in

1914 2131 36 18 the
1960 2135 57 16 most
2028 2131 107 23 desirable
2145 2140 60 21 parts
2216 2136 25 20 of
2253 2136 43 22 this
2307 2140 131 22 Settlement

1942 2158 44 20 Ihe
2005 2162 110 18 attention
2133 2162 25 19 of
2175 2161 38 22 the
2230 2164 76 26 public
2322 2166 18 20 is
2357 2168 143 26 particularly

1912 2183 70 22 called
2002 2188 22 17 to
2045 2187 37 20 the
2101 2187 123 29 advantage
2244 2191 26 20 of
2287 2192 106 29 Building
2410 2182 88 41 Lease/,

1912 2210 70 22 which
1993 2211 37 22 the
2041 2213 149 28 undersigned
2200 2224 18 13 is
2230 2218 94 22 enabled
2335 2224 22 17 to
2366 2227 72 20 grant,
2448 2224 34 20 viz

1910 2238 56 21 from
1977 2246 68 14 seven
2057 2244 22 17 to
2096 2246 138 24 twenty-one
2251 2252 72 21 years,
2340 2249 120 27 according
2476 2255 22 17 to

1910 2265 37 20 the
1966 2266 65 21 value
2051 2268 23 20 of
2097 2268 37 21 the
2158 2269 113 29 buildings
2293 2276 109 25 proposed
2423 2280 23 18 to
2470 2277 28 23 be

1911 2293 95 21 erected.
2036 2294 75 28 Apply
2123 2300 21 17 to

2074 2322 21 20 J.
2111 2322 25 21 T.
2153 2322 145 30 Wicksteed,
2311 2335 24 13 or

2075 2348 32 22 W.
2125 2350 25 21 V.
2167 2351 107 29 Brewer,
2291 2355 192 26 Manners-street.

1910 2391 120 27 Country
2045 2394 124 23 Sections
2189 2397 43 21 for
2252 2399 60 21 Sale
2333 2406 35 15 on
2387 2402 107 23 Liberal

2153 2424 102 22 Terms.

1910 2451 164 49 SEVERAL
2109 2456 100 24 Sections
2237 2460 27 21 of
2295 2462 99 27 Country
2422 2463 71 26 Land,

1973 2482 90 26 already
2075 2482 79 23 chosen
2166 2486 22 20 in
2200 2486 37 22 the
2251 2488 92 22 Porirua
2358 2490 90 26 district,
2460 2493 35 21 for

1908 2510 56 23 bale,
1976 2514 75 15 terms,
2062 2517 103 16 liberal.
2196 2514 75 27 Apply
2283 2518 21 18 to

2001 2541 28 39 Z'r
2088 2544 168 28 MousswoßTii,
2275 2549 182 31 Murphy-street,
2469 2561 24 15 or

2004 2573 32 17 W-
2056 2573 24 19 V.
2096 2573 105 27 Brewer,
2214 2575 194 25 Manners-street.

2096 2617 76 21 Land
2183 2618 42 21 for
2236 2621 66 21 sale.

1907 2646 90 38 rpHE
2016 2648 92 35 TOWN;
2125 2651 81 22 ACRE
2223 2654 122 23 numbered
2363 2657 26 20 93
2406 2665 28 14 on
2453 2658 38 23 the

1913 2675 29 19 -L
1966 2676 239 26 Surveyor-General's
2220 2687 58 20 map,
2290 2682 44 21 and
2346 2683 36 22 the
2398 2691 93 18 country

1905 2706 82 16 section
1999 2704 122 21 numbered
2131 2706 33 25 27,
2174 2713 27 14 on
2211 2707 37 21 the
2259 2709 91 22 Porirua
2357 2711 63 22 Road
2428 2720 4 13 :
2444 2713 46 22 also

1905 2729 37 19 the
1954 2732 55 18 town
2022 2737 50 15 acre
2089 2733 122 21 numbered
2222 2736 40 20 383
2281 2743 28 14 on
2320 2736 36 23 the
2367 2745 58 19 map,
2437 2740 53 21 with

1905 2756 37 19 tiie
1953 2761 92 22 country
2056 2763 84 17 section
2150 2760 23 21 in
2185 2762 37 20 the
2233 2762 64 21 order
2307 2764 25 20 of
2344 2764 76 23 choice
2430 2769 47 20 434.

2226 2795 86 23 Henry
2323 2797 31 22 St.
2365 2799 69 22 Hill.

1984 2834 132 29 Building
2124 2839 169 23 Allotments
2305 2844 26 19 to
2349 2844 57 21 Let.

1903 2868 50 48 A
1981 2869 133 23 NUMBER
2128 2873 25 20 of
2164 2874 68 21 Town
2253 2876 68 21 Acres
2341 2877 23 21 in
2383 2878 36 22 the
2430 2883 58 19 most

1982 2897 46 20 desi
2037 2898 61 21 rable
2109 2899 116 23 situations
2236 2902 168 29 inWellington,
2423 2910 21 17 to
2462 2907 26 22 be

1902 2924 30 19 let
1943 2930 27 13 on
1981 2924 59 21 lease
2053 2932 24 14 or
2087 2926 121 28 otherwise,
2218 2930 44 20 and
2272 2931 42 20 will
2324 2931 25 21 be
2356 2932 130 24 subdivided

1903 2952 20 18 to
1935 2954 42 17 suit
1988 2955 96 18 tenants.
2114 2954 64 21 Plans
2192 2956 45 21 and
2253 2957 129 26 particulars
2397 2966 52 19 may
2460 2961 26 22 be

1900 2978 73 20 learnt
1983 2985 28 14 on
2022 2979 134 27 application
2165 2985 22 18 to

2236 3010 86 22 Henry
2336 3012 36 22 St.
2389 3013 68 23 Hill.

1919 3048 84 21 Town
2019 3051 56 19 and
2089 3052 122 27 Country
2225 3056 78 20 Land
2317 3058 28 19 to
2361 3058 33 20 be
2410 3060 56 20 Let.
2474 3060 10 27 3

1899 3081 169 49 SECTIONS
2084 3085 45 21 and
2145 3088 99 25 portions
2262 3089 25 21 of
2300 3090 99 22 Sections
2416 3093 23 21 in
2454 3093 30 21 all

1968 3114 60 22 parts
2046 3111 26 20 of
2088 3112 36 21 the
2143 3114 67 21 Town
2230 3116 26 20 of
2276 3116 140 29 Wellington,
2437 3120 46 21 also

1898 3138 96 25 Country
2006 3139 102 20 Sections
2122 3146 22 15 in
2156 3140 36 22 the
2209 3142 97 22 districts
2323 3145 26 19 of
2362 3146 36 21 the
2415 3146 59 22 Hutt

1897 3164 37 19 the
1949 3164 83 26 Kaion,
2044 3165 38 21 the
2093 3166 75 27 Ohiro,
2181 3168 44 21 and
2239 3170 37 20 the
2291 3171 98 22 Porirua.
2418 3173 65 26 Long

1896 3190 69 21 leases
1976 3192 21 19 of
2008 3192 37 21 the
2063 3198 94 23 country
2168 3194 53 23 laitd
2238 3196 45 21 will
2301 3198 25 21 be
2340 3201 94 24 granted
2453 3209 29 13 on

1896 3218 129 21 reasonable
2037 3224 73 17 terms.
2140 3221 43 22 For
2194 3224 130 25 particulars
2333 3227 66 26 apply
2410 3232 22 16 to

2087 3253 96 23 Hanson
2196 3257 45 21 and
2256 3258 106 23 Alzdoim

2119 3281 122 24 Thorndon
2253 3285 64 27 Quay
2336 3286 144 28 Wellington.

2032 3326 40 20 To
2088 3327 248 26 Agriculturalists.

1892 3357 88 48 FOR
1990 3358 86 27 SALE,
2085 3367 13 13 a
2106 3361 62 21 small
2178 3363 103 28 quantity
2288 3364 26 21 of
2321 3372 52 21 very
2381 3368 99 26 superior

1964 3387 51 19 seed
2029 3386 77 27 wheat,
2117 3388 46 21 also
2174 3396 13 14 a
2197 3391 65 20 small
2277 3397 102 23 quantity
2391 3396 26 19 of
2427 3396 52 21 seed

1892 3413 72 26 barley
1977 3413 93 21 without
2080 3413 62 27 husk,
2157 3415 50 21 both
2218 3424 77 19 grown
2312 3426 23 15 in
2354 3424 36 18 the
2406 3422 71 26 valley

1891 3443 21 15 oi
1928 3439 36 21 the
1974 3439 65 27 Hutt,
2053 3441 44 21 and
2109 3446 121 19 warranted
2241 3446 26 19 of
2279 3445 37 22 the
2326 3446 47 23 first
2385 3449 84 23 quality

1890 3471 44 15 -'or
1944 3469 138 25 particulars,
2095 3469 65 27 apply
2171 3474 22 17 to

1884 3513 4 5 .
2053 3495 23 20 C.
2088 3495 25 21 E.
2126 3495 48 23 Yon
2187 3497 118 29 Alzdorf,
2321 3500 87 23 Petoni.

1949 3538 77 23 OUSE
2042 3540 40 22 TO
2098 3541 64 27 LET,
2180 3543 88 23 WELL
2283 3545 189 31 FURnISHED,

1974 3573 22 14 in
2016 3574 45 15 one
2077 3568 26 21 of
2123 3569 37 22 the
2178 3577 58 15 most
2255 3571 101 28 pleasant
2373 3579 60 20 parts
2451 3576 26 22 of

1889 3593 143 27 Wellington.
2065 3596 75 27 Apply
2152 3601 21 17 to

2032 3627 123 31 Wallace,
2168 3631 90 29 White,
2270 3633 45 22 and
2325 3634 123 24 Wallace.

1916 3660 57 23 Nov.
1984 3662 34 26 SO,
2033 3664 59 21 1841.

1884 3704 80 23 PORT
1986 3706 180 24 NICHOLSON
2198 3710 69 22 AND
2292 3711 180 26 WANGANUI.
2502 3718 15 7 -

1995 3742 94 21 Lands
2100 3744 27 19 to
2138 3744 33 20 be
2182 3744 50 21 Let
2243 3751 29 14 or
2283 3745 72 22 Sold.

1884 3773 164 49 SEVERAL
2070 3775 68 23 Town
2157 3777 44 21 and
2217 3778 99 28 Country
2335 3780 95 23 sections
2450 3782 21 22 in

1949 3800 36 22 the
1999 3802 52 22 Port
2063 3802 121 23 Nicholson
2202 3803 91 29 district,
2310 3806 44 21 and
2374 3808 98 28 Country

1882 3827 96 23 sections
1985 3829 21 21 in
2013 3829 43 22 .the
2069 3829 123 28 Wanganui
2202 3831 91 28 district,
2307 3834 50 21 with
2368 3834 36 22 the
2414 3836 58 26 right

1882 3854 25 21 of
1928 3856 59 26 early
2008 3855 88 23 choices
2116 3857 80 26 (under
2215 3860 33 25 14)
2267 3860 24 20 of
2313 3859 36 23 the
2365 3862 107 23 intended

1882 3881 108 28 township
1999 3883 68 26 there,
2077 3888 22 16 to
2107 3883 25 22 be
2138 3884 47 22 sold
2194 3892 25 14 or
2225 3885 38 22 let.
2293 3886 43 22 For
2344 3889 128 26 particulars

1881 3908 45 22 and
1936 3914 73 22 terms,
2022 3910 66 27 apply
2100 3914 21 18 to

2066 3938 94 21 JioDERT
2176 3937 20 22 R
2197 3954 6 5 *
2219 3938 29 23 St
2251 3946 68 22 Rano,
2335 3941 109 25 Solicitor.

1908 3961 145 29 Wellington,
2065 3963 57 23 Nov.
2133 3966 33 27 25,
2178 3966 51 21 1841

91 699 147 23 Auckland
253 699 53 21 and
322 698 174 27 Wellington
515 698 112 21 Packet.

222 733 91 22 HHHE
324 732 121 23 Auckland
463 732 44 22 and
516 732 137 27 Wellington

87 760 97 25 ~J»S1
228 755 30 26 JL
296 760 83 22 Packet
395 761 150 20 Abercrombie
560 758 42 23 will
619 766 35 15 re-

63 781 152 40 >jKlrlP^
221 791 50 19 turn
289 787 27 22 w^
318 792 23 16 tn
345 795 5 14 '
352 794 14 15 n
386 795 67 14 seven
472 788 53 27 days
542 786 55 23 after
614 786 40 21 her

221 814 80 23 arrival
308 818 24 17 at
342 814 48 21 that
399 818 50 24 port
456 823 6 18 ;
478 814 45 22 and
534 814 42 21 will
587 813 66 27 again

61 836 187 39 JJgj^SSpbe
258 840 135 29 despatched
404 842 57 21 from
473 841 179 22 PortNichoison

221 868 75 23 within
305 875 68 15 seven
381 868 56 27 days
447 868 57 22 after
513 869 41 21 her
564 867 88 22 arrival.

88 899 45 22 For
142 899 81 28 freight
234 905 24 15 or
267 903 99 21 passage,
378 896 67 26 apply
456 899 22 18 to

304 932 76 26 Hort,
393 931 122 26 Mocatta,
531 929 44 22 and
585 929 40 22 Co.

173 985 53 21 For
240 985 112 19 Akaroa
366 983 56 21 and
437 983 99 26 Otago,

233 1021 89 33 np^HE
338 1021 45 22 fine
400 1021 110 23 schooner
529 1022 60 20 Anne
607 1021 44 22 will

57 1065 6 4 *
93 1043 112 38 \Wrlj^s
244 1057 22 11 ■*■
321 1056 11 14 c
343 1049 46 21 laid,
405 1056 28 14 on
452 1049 35 21 for
497 1049 92 22 Akaroa
606 1049 45 21 and

61 1097 2 5 ,
83 1070 141 39 iXjJraPSK
279 1076 80 26 Otago,
371 1076 45 21 and
426 1076 145 26 intervening
581 1079 68 22 ports,

59 1098 169 39 .jggW^
249 1102 19 21 if
281 1103 83 26 freight
374 1103 72 21 offers.
477 1103 43 21 For
529 1102 82 27 freight
626 1110 25 14 or

66 1124 162 34 *HrtT%my
247 1136 98 21 passage,
364 1129 67 28 apply
442 1132 23 19 to
482 1129 94 27 Captain
590 1129 57 27 Joss,

59 1164 26 14 or
95 1163 23 15 to

340 1183 45 21 Mr.
401 1183 24 21 C.
442 1182 35 22 W.
494 1183 127 22 Schultze.

61 1210 146 27 Wellington,
218 1210 66 22 Deer.
296 1211 33 25 10,
341 1211 61 21 1841.

212 1256 52 20 For
278 1256 109 26 Sydney
402 1256 96 25 direct,

169 1292 27 20 To
209 1291 41 19 sail
261 1291 23 19 in
299 1290 62 20 about
369 1291 103 24 fourteen
486 1291 59 26 days,

84 1324 74 38 jSwSL
183 1329 89 33 npHE
287 1329 45 22 fine
349 1330 43 22 fast
404 1331 81 27 sailing
502 1331 83 28 barque
599 1332 50 20 Ma-

56 1364 4 5 1
78 1353 97 31 fl^fcfr
193 1359 23 17 ■*•
255 1357 53 19 tilda
310 1373 4 10 >
336 1357 94 27 Captain
456 1359 102 21 Roberts.
595 1359 54 21 This

57 1381 120 30 <fl9p=jfe
254 1384 73 22 vessel
336 1384 39 22 has
385 1388 60 18 most
454 1385 100 27 superior
561 1393 88 14 accom-

197 1410 125 22 modations
340 1412 34 20 for
393 1419 139 20 passengers,
557 1412 18 22 is
599 1414 50 21 well

56 1435 78 27 found,
147 1436 44 22 and
205 1437 73 21 famed
289 1438 34 21 for
332 1438 93 27 making
435 1439 68 27 quick
515 1439 59 28 trips.
604 1440 44 22 For

55 1462 84 27 freight
160 1470 25 14 or
202 1471 99 20 passage,
319 1465 67 28 apply
406 1470 23 17 to
449 1466 38 21 the
508 1466 92 28 Captain
618 1475 29 14 on

55 1489 78 28 board,
146 1498 25 13 or
181 1493 22 19 to

377 1519 84 22 Waitt
477 1520 43 21 and
535 1520 84 23 Tyser.

349 1571 213 28 HOLDERNFSS,
578 1573 25 21 of
611 1573 36 22 the

70 1594 95 39 Vvglj^
203 1602 9 14 /
238 1599 31 19 El
269 1604 62 14 eanor
332 1613 5 9 >
349 1599 44 21 will
410 1603 39 17 not
464 1599 27 21 be
502 1600 145 21 accountable

57 1628 110 23 iviftrxffg
183 1625 34 21 for
226 1625 37 22 the
275 1625 62 22 debts
348 1625 25 21 of
380 1626 34 21 his
426 1633 65 14 crew.

84 1660 144 26 Wellington,
240 1660 58 20 Nov.
308 1661 33 25 20,
354 1661 61 20 1841.

85 1707 84 40 I$K
197 1712 40 35 C<
241 1712 58 21 APT
301 1727 5 6 -
330 1712 185 22 ROBERTSON
539 1713 44 22 will
606 1718 41 18 not

197 1735 40 25 V>
261 1738 27 22 be
308 1740 137 22 answerable
465 1740 34 22 for
518 1748 44 19 any
582 1741 63 21 debts

50 1764 141 26 'vssSsaßW
221 1767 128 21 contracted
370 1767 28 27 by
418 1767 37 21 the
480 1775 58 14 crew
562 1769 25 20 of
608 1769 37 21 the

58 1792 63 26 Tyne.

195 1843 185 36 pAPTAIN
397 1845 157 27 SALMON,
571 1847 24 21 of
607 1847 37 21 the

195 1873 41 19 V^
251 1870 123 28 Middlesex,
387 1872 44 21 will
443 1877 39 16 not
494 1873 52 21 hold
557 1873 92 23 himself

56 1894 134 30 wKOw
204 1899 134 25 responsible
349 1900 34 20 for
390 1907 45 19 any
444 1899 63 23 debts
515 1901 128 22 contracted

52 1924 31 27 by
94 1928 33 17 Ins
138 1932 64 14 crew.

54 1969 160 49 MESSRS.
230 1970 109 22 WILLIS
354 1971 44 21 and
410 1972 54 26 CO.,
476 1971 56 22 have
551 1980 27 14 on
597 1973 45 21 sale

128 2004 29 14 ex
168 1998 62 25 Tyne,
242 1997 36 21 the
287 1998 115 27 following
414 1999 71 26 goods
496 2002 22 18 at
528 2000 114 21 moderate

49 2023 81 26 prices.

80 2047 125 23 Newcastle
215 2047 66 27 coals,

80 2075 64 22 Ditto
155 2075 146 27 grindstones,
312 2075 59 22 from
382 2077 9 20 1
405 2075 48 21 foot
463 2078 22 18 to
496 2076 26 25 4J
534 2075 51 27 feet,

80 2103 45 21 Bar
135 2102 44 21 and
189 2101 46 22 bolt
244 2102 57 27 iron,

79 2129 64 28 Rope
155 2129 24 21 of
191 2129 87 21 various
288 2130 63 25 sizes,

80 2156 104 22 Anchors
192 2156 57 22 from
259 2158 12 19 8
282 2161 49 17 cwt.
342 2161 22 17 to
375 2158 10 20 1
398 2159 49 19 cwt.
460 2155 43 22 and
512 2156 77 27 under,

79 2184 71 21 Chain
162 2183 72 21 cables
244 2183 57 22 from
311 2185 11 24 I
333 2183 53 22 inch
397 2189 23 16 to
431 2185 11 20 1
452 2183 54 22 inch
517 2183 72 27 chain,

80 2211 93 21 Geneva
184 2211 22 20 in
216 2210 48 21 half
271 2211 68 27 pipes,

78 2238 65 22 Ditto
153 2237 22 21 in
186 2244 61 14 ca--es
258 2239 14 20 4
281 2238 72 27 galls.,

79 2265 60 21 Rum
150 2265 22 21 in
184 2264 70 27 hrgsh
269 2265 44 26 ads,

78 2293 84 26 Sherry
172 2291 21 21 in
205 2291 75 27 bocile,

79 2319 95 28 Spanish
184 2320 56 20 wine
251 2319 22 21 in
284 2319 62 28 pipes
357 2319 44 22 and
411 2317 134 28 hogsheads,

80 2346 43 22 Ale
133 2347 24 21 in
166 2346 76 27 bottle,

78 2373 70 22 Table
158 2380 25 14 ra
191 2373 45 21 sins
246 2373 22 21 in
279 2373 57 22 28lb.
348 2381 69 17 cases,

78 2401 105 25 Pudding
191 2400 79 21 raisins
280 2401 21 21 in
311 2401 68 21 28lbs.
391 2400 46 22 and
445 2400 70 22 56lbs.
526 2407 68 20 cases,

78 2427 109 22 Carotells
198 2427 25 21 of
234 2432 108 23 currants,

78 2455 86 22 Biscuit
173 2454 20 21 in
205 2455 90 26 barrels,

78 2482 76 21 Dutch
165 2481 85 27 cheese,

78 2509 75 21 Prime
165 2508 64 21 India
239 2508 44 22 and
293 2517 58 14 mess
361 2509 58 26 beef,

77 2536 105 26 Tongues
191 2535 23 21 in
224 2535 53 27 kegs
287 2536 45 21 and
343 2538 12 24 \
367 2536 90 26 barrels,

78 2562 97 23 Linseed
185 2562 29 21 oil
223 2562 24 21 in
257 2563 63 21 casks
329 2564 36 25 (50
374 2564 83 26 galls.,)

78 2590 65 22 Ditto
223 2590 23 21 in
258 2597 52 14 cans
322 2592 22 24 (5
355 2591 82 26 galls.,)

78 2616 138 28 Turpentine
225 2616 22 21 in
259 2624 52 14 cans
324 2618 21 25 (5
355 2618 83 26 galls.,)

76 2644 59 26 Soap
145 2644 23 21 in
178 2643 75 27 281b5,,
264 2644 77 27 561b5.,
353 2644 45 22 and
410 2644 81 22 112lbs.
501 2644 77 27 boxes,

78 2670 75 23 White
165 2671 60 27 paint
235 2672 22 20 in
269 2671 49 26 tins,
330 2672 68 21 281bs.
410 2672 45 21 and
464 2671 77 26 561b5.,

78 2699 75 21 Green
165 2698 61 27 paint
235 2698 23 21 in
269 2698 60 28 kegs,

77 2726 68 21 Sheet
154 2725 57 27 lead,

76 2753 75 21 Boxes
161 2752 24 21 of
195 2752 58 27 glass
263 2752 26 22 of
300 2752 64 28 sizes,

77 2779 61 22 Flint
147 2779 58 26 glass
214 2780 23 20 in
247 2780 110 27 packages
367 2780 107 27 assorted,

78 2806 139 21 Lambswool
227 2806 94 28 hosiery,
332 2807 74 27 white,
419 2808 58 25 blue,
490 2807 44 22 and
544 2814 61 20 grey,

47 2836 2 3 1
79 2832 74 22 White
165 2832 99 28 flannels,
276 2835 27 20 29
313 2834 61 25 inch,
385 2836 24 19 31
423 2834 61 26 inch,

77 2860 135 26 Stationery,
223 2859 86 27 ledgers
320 2861 81 22 double
412 2860 46 22 and
468 2860 78 28 single,

76 2887 62 22 Fine'
153 2887 98 27 printing
270 2887 73 27 demy,
362 2891 56 24 post,
437 2888 107 26 foolscap,
562 2886 77 23 white-

47 2922 50 20 cap,
108 2914 45 22 and
164 2914 99 27 imperial
273 2914 84 26 brown,

75 2941 83 22 School
168 2940 64 28 quills
242 2941 44 21 and
297 2941 64 22 office
371 2940 74 28 quills,

75 2968 70 22 Black
157 2968 49 22 lead
216 2968 90 28 pencils,
325 2968 41 22 red
382 2968 48 26 ink,
449 2967 65 22 office
531 2967 47 27 ink,
593 2968 46 22 and

45 2996 53 22 blue
111 2995 63 27 fluid,

76 3023 88 21 Pickles
174 3022 21 22 in
206 3022 59 27 pints
277 3022 106 27 assorted,

78 3050 103 21 Vustard
191 3050 43 26 Jib.
245 3050 43 21 and
301 3051 7 20 1
322 3050 30 21 lb.
364 3049 89 27 bottles,

75 3077 116 27 Congreve
203 3076 157 22 candle-sticks
370 3077 46 21 and
426 3076 108 22 matches.

153 3122 129 27 Whaling
296 3123 123 20 Stations
435 3123 29 19 to
480 3122 56 20 Let.

49 3155 97 28 rjlWO
158 3156 96 21 Stations
263 3155 69 28 lately
343 3155 87 22 whaled
441 3159 23 18 at
473 3156 30 26 by
510 3156 89 21 Messrs.
609 3156 28 22 G.

55 3178 30 26 ±
124 3183 44 21 and
183 3183 24 21 E.
219 3183 89 21 Weller.

74 3210 49 21 The
134 3210 154 27 undersigned,
301 3210 83 26 having
393 3209 57 22 been
468 3209 124 22 instructed
608 3210 30 27 by

47 3236 38 22 the
100 3237 104 21 Trustees
214 3241 23 17 to
247 3237 30 21 let
293 3237 38 21 the
342 3237 79 27 above,
433 3236 45 22 will
493 3237 27 21 be
531 3237 73 27 happy
616 3241 21 17 to

45 3264 52 27 give
117 3271 67 20 every
202 3264 144 22 information
365 3267 23 18 to
405 3264 83 26 parties
505 3264 94 27 wishing
616 3269 22 17 to

45 3295 66 18 inter
120 3291 49 21 into
179 3291 37 21 the
226 3291 97 26 whaling
336 3291 109 22 business,

389 3318 25 21 C.
431 3317 34 23 W.
482 3318 126 22 Schultze.

75 3345 54 21 Port
141 3345 130 27 Nicholson,
282 3345 57 22 Dec.
350 3346 33 26 14,
397 3346 61 20 1841.

200 3390 135 21 Premises
345 3392 29 19 at
383 3391 99 26 Otago.

47 3423 130 34 rpHOSE
205 3424 152 22 PREMISES
380 3423 69 28 lately
475 3424 108 27 occupied
604 3423 31 28 by

54 3446 30 26 JL
109 3451 90 21 Messrs.
211 3451 27 21 G.
250 3451 44 22 and
311 3451 25 22 E.
350 3451 90 27 Weller,
451 3453 24 19 at
492 3451 79 27 Otago,
583 3458 54 15 con-

46 3478 79 26 sisting
136 3478 26 20 of
173 3485 13 13 a
201 3478 46 20 dwe
257 3479 47 26 ling
321 3479 77 26 house,
411 3483 43 17 two
472 3483 58 17 store
548 3478 87 27 houses,

44 3512 14 14 a
69 3504 60 27 large
140 3505 133 26 carpenter's
281 3505 135 28 work-shop,
425 3505 45 22 and
480 3505 81 27 capital
567 3512 69 20 range

46 3532 23 21 of
84 3530 136 28 out-houses,
231 3531 53 21 with
299 3532 61 27 large
375 3532 70 28 garde
449 3540 14 15 a
479 3532 48 22 well
544 3532 92 22 stocked

44 3558 55 22 with
108 3558 55 21 fruit
173 3561 56 18 trees
239 3558 22 21 in
272 3559 99 26 bearing.

72 3585 64 27 Also,
148 3592 14 14 a
171 3584 60 28 large
242 3585 151 23 blacksmith's
403 3587 64 27 shop.

73 3613 63 25 Also,
156 3619 13 14 a
187 3612 56 27 yard
261 3612 33 21 for
311 3612 170 29 ship-building,
501 3613 54 23 with
572 3614 63 27 large

44 3639 134 26 work-shed,
204 3646 43 14 saw
252 3639 44 26 -pit,
317 3639 84 27 blocks,
421 3640 125 28 launching
568 3649 65 20 ways,

44 3670 71 18 steam
131 3666 50 27 box,
193 3667 40 21 &c.
261 3665 72 22 There
348 3666 19 22 is
383 3674 14 14 a
413 3667 62 26 large
492 3668 101 28 quantity
611 3669 26 22 of

44 3693 109 21 seasoned
163 3693 79 21 timber
251 3693 76 27 laying
338 3693 22 21 in
372 3693 44 21 and
426 3700 55 15 near
491 3698 37 18 the
539 3696 61 26 yard.

70 3719 48 22 The
128 3720 70 21 above
208 3720 18 21 is
236 3728 13 14 a
259 3719 80 28 capital
355 3721 143 27 opportunity
508 3721 35 22 for
553 3723 80 26 parties

44 3746 94 27 wishing
148 3752 22 16 to
181 3747 104 21 establish
302 3747 135 21 themselves
453 3754 29 15 on
499 3748 36 22 the
546 3749 86 22 Middle

43 3772 84 23 Island.
183 3787 3 4 ■

70 3800 44 21 For
130 3800 85 23 further
230 3800 138 29 particulars,
386 3800 136 29 application
538 3809 51 20 may
604 3803 28 21 be

42 3827 66 21 made
119 3831 22 18 to

329 3854 49 22 Mr.
391 3855 25 21 C.
430 3853 33 23 W.
476 3855 126 23 Schultze.

249 3900 54 21 Bill
317 3900 103 22 Books.

42 3924 73 49 ON
129 3925 85 28 SALE,
228 3929 23 18 at
261 3926 43 22 this
315 3926 72 28 office,
399 3926 70 22 blank
478 3926 57 23 Bill
546 3927 83 23 Books.

120 3952 14 11 11
142 3952 93 23 Gazette
271 3953 71 27 office,
354 3953 56 22 Dec.
421 3954 21 21 4.

1360 701 39 20 To
1414 701 33 21 be
1463 701 63 21 sold
1541 702 37 26 by
1592 702 104 26 private
1715 703 124 27 bargain,

1307 733 68 49 AT
1399 734 59 22 KAI
1479 734 120 23 WARRA
1621 735 123 27 WARRA,
1768 738 26 20 13
1813 737 80 22 heifers

1369 768 51 14 now
1442 762 68 20 about
1528 765 43 18 two
1588 762 91 22 months
1698 764 22 20 in
1744 762 38 22 the
1801 764 90 27 Colony,

1307 794 53 15 were
1371 788 110 27 regularly
1493 788 83 22 herded
1587 790 45 21 and
1649 790 75 21 folded
1735 794 22 17 at
1769 791 68 26 night,
1849 792 44 21 and

1305 821 35 14 are
1349 815 24 21 in
1384 815 69 22 calf—
1457 814 72 23 either
1539 816 22 21 in
1573 823 42 15 one
1625 816 39 27 lot,
1676 824 24 14 or
1717 817 22 21 in
1758 817 43 22 lots
1818 822 22 17 to
1850 819 43 21 suit

1305 841 128 28 applicants.
1463 842 76 28 A^ply
1550 846 24 18 ta

1663 870 48 22 Mr.
1723 871 140 22 M'Donald.

1331 894 42 23 Kai
1383 903 71 14 warra
1463 903 77 19 warra,
1554 896 54 22 Dec.
1620 898 31 24 13,
1665 899 60 21 1841.

1258 940 137 48 JM.
1413 941 134 26 TAYLOR,
1563 941 32 21 Te
1614 943 53 25 Aro,
1688 942 38 22 has
1744 950 28 14 on
1790 943 54 26 sale,
1863 951 27 14 ex

1341 978 10 10 •
1383 969 59 24 Lucy
1454 969 89 26 S/iarpe,
1557 969 111 26 Clydeside,
1681 969 43 22 and
1734 971 93 20 Matilda
1835 979 7 11 :—:
1843 981 28 5 —

1330 1000 105 23 Gunter's
1446 1002 93 27 pickles,
1549 1010 85 20 sauces,
1645 1003 85 27 cheese,
1743 1004 40 22 &c.

1329 1028 112 28 Blankets,
1454 1029 89 27 printed
1554 1030 112 26 druggets,
1677 1030 89 26 tweeds,

1329 1055 51 28 Slop
1399 1056 106 27 clothing,
1527 1056 88 28 printed
1635 1058 100 26 muslins,
1762 1058 63 22 boots
1845 1058 43 22 and

1304 1081 70 27 shoes,

1329 1109 52 27 Ship
1392 1109 131 28 chandlery,
1533 1110 85 27 blocks,
1630 1110 88 28 oakum,
1731 1112 40 21 &c.

1329 1136 108 28 Tobacco,
1450 1137 93 21 tobacco
1554 1138 69 26 pipes,

1329 1163 83 26 Paints,
1424 1164 135 27 turpentine,
1568 1164 73 22 boiled
1652 1165 36 27 oil,

1329 1190 127 22 Stockholm
1468 1196 40 21 tar,
1521 1192 67 26 pitch,
1601 1195 39 23 tar,
1652 1192 98 26 brushes,

1328 1218 133 27 Stationery,
1471 1218 144 27 gunpowder,
1626 1219 105 27 muskets,
1743 1220 40 22 &c.

1329 1244 136 28 Perfumery,
1477 1252 61 20 soap,
1547 1245 121 28 jewellery,

1327 1272 65 21 Some
1402 1272 45 22 fine
1457 1272 54 21 East
1522 1272 65 22 India
1597 1273 107 26 Madeira,
1714 1273 54 23 L.P.
1779 1273 109 23 Teneriffe

1303 1298 63 21 Sherr
1376 1305 16 15 *.

1301 1343 290 48 GRIMSTONE'S
1610 1345 202 22 CELEBRATED
1828 1346 60 21 EYE

1380 1370 106 27 SNUFF,
1503 1378 28 14 on
1543 1371 45 21 sale
1599 1375 22 18 at

1544 1399 20 20 J.
1581 1399 34 21 M.
1630 1399 115 21 Taylor's
1762 1400 68 26 Store,

1762 1426 31 22 Te
1804 1428 55 20 Aro.

1300 1468 165 49 STORAGE
1480 1470 41 21 TO
1536 1470 38 21 BE
1590 1470 77 26 HAD,
1684 1471 66 27 apply
1762 1475 22 17 to

1661 1498 27 21 T.
1700 1499 33 21 M.
1745 1499 141 22 Partridge.

1324 1522 31 22 Te
1366 1523 46 22 Aro
1424 1523 81 22 Beach.

1336 1569 38 19 To
1391 1569 131 26 Captains
1534 1571 53 19 and
1602 1571 89 20 Mates
1707 1571 30 21 of
1750 1572 110 20 vessels.

1298 1602 91 49 LOG
1409 1603 73 22 Books
1501 1603 35 22 for
1552 1604 50 21 Sale
1619 1609 22 16 at
1660 1604 38 21 the
1714 1604 70 22 Office
1803 1605 26 21 of
1844 1605 42 22 this

1372 1637 74 19 paper.

1327 1664 84 20 Gazette
1427 1663 78 24 Office,
1517 1664 57 22 Nov.
1586 1666 34 25 26,
1632 1666 59 21 184h

1474 1709 128 21 Juvenile
1613 1710 100 21 Books.

1305 1741 84 22 TUST
1399 1742 132 27 OPENED,
1545 1743 43 21 and
1600 1750 28 14 on
1639 1744 45 21 sale
1694 1748 22 17 at
1732 1744 37 22 the
1788 1744 63 22 office
1862 1745 21 21 of

1297 1775 25 15 v
1356 1769 43 21 this
1418 1777 74 20 paper,
1514 1777 12 13 a
1545 1770 61 27 large
1623 1771 116 21 collection
1767 1772 25 20 of
1818 1772 68 21 books

1297 1796 70 22 suited
1383 1797 33 20 for
1435 1797 37 21 the
1487 1797 101 26 juvenile
1608 1797 109 22 branches
1734 1800 22 20 of
1771 1806 14 14 a
1800 1799 84 27 family,

1299 1823 121 28 consisting
1435 1824 26 20 of
1461 1835 25 4 —

1323 1850 109 22 Coloured
1444 1850 141 27 battledores,
1596 1851 37 21 3d.
1644 1851 61 28 each,

1324 1877 19 21 A
1355 1879 101 26 quantity
1473 1879 23 20 of
1510 1882 38 23 toy
1566 1879 75 26 books,
1655 1880 33 20 Id.
1707 1879 61 27 each,
1787 1880 43 21 and
1847 1879 37 22 the

1295 1903 112 28 following
1418 1905 78 25 works,
1507 1909 40 22 got
1557 1913 28 20 up
1596 1906 22 21 in
1630 1913 13 13 a
1653 1914 52 19 very
1716 1911 53 16 neat
1779 1908 55 26 style
1842 1915 4 13 :—:
1848 1919 27 4 —

1463 1940 44 14 ONE
1524 1940 108 14 SHILLING
1647 1940 66 15 EACH.

1322 1964 103 23 Children
1442 1966 26 21 of
1485 1966 38 21 the
1541 1966 93 28 Abbey;
1656 1974 14 14 a
1687 1967 51 27 tale,
1756 1967 30 28 by
1797 1967 87 28 Regina

1296 1992 70 21 Maria
1376 1992 85 26 Roche,

1425 2019 26 18 of
1462 2018 63 23 Lacy
1536 2016 71 26 Clare,

1303 2039 3 5 '
1314 2039 98 28 history
1423 2041 26 20 of
1461 2041 39 20 the
1511 2041 82 26 Faries,

1322 2065 105 22 Russell's
1435 2075 68 14 seven
1515 2075 106 21 sermons,
1634 2069 48 22 fifth
1694 2070 92 28 edition,

1319 2092 87 27 iEsop's
1417 2094 86 27 Fables,

1321 2119 55 22 Irish
1388 2121 61 23 tales,
1460 2122 85 25 stories,
1558 2122 44 21 and
1612 2124 126 27 anecdotes,

1320 2147 124 27 Elizabeth,
1456 2156 25 13 or
1493 2148 36 21 the
1541 2150 68 21 exiles
1620 2152 25 19 of
1657 2152 93 26 Siberia,

1320 2173 54 22 Paul
1387 2175 43 21 and
1443 2175 109 27 Virginia,

1319 2201 46 20 The
1377 2201 51 22 Post
1438 2202 93 28 Captain
1540 2211 5 19 ;
1557 2211 24 14 or
1592 2203 36 22 the
1640 2204 100 23 Wooden
1751 2206 70 22 Walls
1831 2208 49 22 well

1293 2228 102 27 manned,

1319 2255 45 21 The
1374 2256 55 21 lives
1439 2256 45 22 and
1499 2256 86 23 actions
1603 2258 25 21 of
1641 2258 36 22 the
1693 2263 58 18 most
1767 2261 112 23 notorious

1294 2281 167 29 Highwaymen,

1318 2309 46 22 The
1383 2310 105 22 Patriotic
1507 2310 77 28 Sailor,
1603 2319 24 14 or
1648 2312 102 24 sketches
1768 2314 25 22 of
1813 2317 64 21 naval

1291 2335 45 27 life,

1319 2363 48 22 Life
1381 2364 25 21 of
1418 2364 133 28 Bonaparte,

1319 2390 90 28 History
1420 2392 26 21 of
1460 2392 71 21 Baron
1545 2392 162 30 Afunchausen,

1317 2417 46 22 The
1374 2418 61 21 Book
1447 2421 26 18 of
1485 2419 145 28 Knowledge,

1319 2444 104 23 Memoirs
1448 2446 26 21 of
1493 2447 144 27 Amoranda;
1663 2456 25 14 or
1707 2449 38 22 the
1766 2451 111 23 reformed

1274 2476 2 13 i
1293 2477 85 21 coquet,

1274 2495 2 24 I
1317 2498 57 22 Lord
1386 2499 164 23 Chesterfield's
1560 2500 86 24 Letters
1656 2506 22 20 to
1689 2502 33 24 his
1733 2512 48 19 son,

1316 2526 95 26 Elegant
1422 2527 85 27 Poems,

1317 2552 47 22 Life
1376 2554 25 21 of
1412 2555 93 26 Captain
1518 2555 67 21 Cook.

1489 2589 109 15 SIXPENCE
1610 2590 65 16 EACH.

1314 2606 51 22 Two
1374 2608 74 21 sisters
1458 2608 44 22 and
1513 2608 126 28 fisherman,

1314 2634 103 22 Soloman
1434 2636 136 21 Sobersides
1581 2637 119 23 Christmas
1711 2639 55 22 tales
1776 2640 33 22 for
1820 2641 54 26 boys

1286 2660 43 21 and
1338 2663 59 25 girls,

1313 2688 89 22 Mother
1412 2689 98 22 Bunch's
1521 2689 56 28 fairy
1587 2690 62 28 tales,

1313 2715 84 28 Beauty
1409 2717 45 21 and
1466 2717 37 21 the
1515 2717 72 27 Beast,

1315 2742 90 29 History
1417 2745 25 20 of
1454 2744 56 21 little
1522 2745 64 26 Jack,

1312 2768 92 29 History
1414 2771 26 21 of
1453 2771 114 22 Robinson
1578 2772 90 29 Crusoe,

1312 2796 45 22 The
1369 2798 132 22 valentine's
1512 2799 48 26 gift,

1312 2823 90 28 History
1427 2825 26 21 of
1477 2825 96 28 Tommy
1598 2827 107 28 Playlove
1728 2829 46 22 and
1800 2830 72 27 Jacky

1284 2850 125 28 Lovebook,

1309 2877 46 22 The
1366 2879 97 28 triumph
1475 2879 25 21 of
1511 2880 58 25 good
1580 2884 85 25 nature,

1310 2905 63 27 Story
1384 2907 25 20 of
1421 2907 56 21 little
1489 2907 58 21 Dick
1558 2908 44 22 and
1613 2909 32 21 his
1656 2909 134 29 playthings,

1308 2931 46 22 The
1364 2934 134 20 adventures
1508 2934 26 21 of
1547 2935 94 27 Finetta,

1308 2958 92 29 History
1410 2962 25 20 of
1444 2961 108 21 Graciosa
1559 2963 45 21 and
1613 2963 108 28 Percinet,
1730 2971 13 15 a
1753 2964 56 29 fairy
1818 2965 50 28 tale,

1267 2984 9 36 J
1308 2986 82 22 Sinbad
1401 2987 35 21 the
1447 2987 74 25 sailor,

1307 3013 100 28 Tragedy
1418 3015 27 21 of
1455 3015 110 26 Douglas.

1267 3052 5 18 \
1458 3056 150 16 THREEPENCE
1618 3058 68 15 EACH.

1269 3102 2 2 .
1306 3081 41 21 Obi
1354 3090 5 18 ;
1376 3090 25 14 or
1409 3083 174 27 three-fingered
1594 3084 64 26 Jack,

1269 3102 2 23 I
1305 3108 54 22 Blue
1369 3110 78 27 Beard,

1269 3142 1 17 I
1304 3135 53 22 Puss
1367 3137 22 21 in
1402 3137 73 27 Boots,

1268 3168 2 19 ;
1303 3163 89 22 Mother
1403 3164 116 26 Hubbard,
1531 3164 44 23 and
1584 3164 41 23 her
1634 3166 123 24 wonderful
1768 3171 41 24 cat,

1267 3202 2 22 I
1304 3190 104 28 Aladdin,
1420 3199 24 14 or
1455 3192 38 21 the
1504 3192 123 23 wonderful
1637 3194 66 28 lamp,

1303 3217 103 22 Children
1417 3218 23 21 in
1451 3218 38 22 the
1501 3218 70 27 wood,

1303 3244 55 21 Jack
1369 3245 44 21 and
1424 3246 36 21 the
1471 3246 57 21 be<in
1541 3246 65 27 stalk,

1265 3287 3 13 ,
1303 3271 118 23 Gulliver's
1432 3272 89 26 travels,

1301 3298 37 21 AH
1350 3299 59 21 Baba
1417 3307 5 19 ;
1439 3306 25 15 or
1474 3300 36 21 the
1522 3299 59 28 forty
1591 3299 92 29 thieves,

1300 3326 83 21 Sinbad
1394 3327 36 20 the
1441 3326 73 26 sailor,

1264 3353 1 13 1
1301 3352 91 28 History
1402 3353 26 21 of
1439 3354 35 21 Sir
1486 3352 95 23 William
1594 3354 104 28 Wallace,

1263 3383 2 21 !
1299 3379 142 23 Adventures
1451 3380 26 21 of
1488 3380 57 21 Tom
1555 3380 96 24 Thumb.

1263 3411 2 6 '
1533 3415 63 20 also,

1262 3451 2 2 .
1298 3432 80 28 Gray's
1389 3434 140 26 Arithmetic,

1298 3460 76 27 Ready
1386 3460 136 28 Reckoners,

1296 3486 118 23 Johnson's
1425 3488 139 28 Dictionary,

1295 3513 81 22 Pocket
1388 3515 94 27 Reciter,

1294 3541 115 22 Anecdote
1427 3542 26 21 of
1464 3542 48 26 wit;
1533 3542 57 22 Irish
1606 3543 43 27 wit,
1667 3544 85 29 budget
1768 3546 26 22 of
1811 3547 44 28 wit,

1265 3568 45 21 and
1320 3571 55 24 sohg
1385 3568 68 22 books
1462 3569 24 21 in
1496 3574 63 21 great
1569 3571 92 27 variety.

1294 3601 126 23 November
1429 3604 33 23 29,
1477 3604 59 20 184.1.

1324 3646 83 21 AND
1432 3647 259 24 AGENCIES.—
1691 3650 39 22 TO
1755 3652 97 22 LAND-

1341 3672 182 23 HOLDERS.—
1524 3674 47 22 The
1591 3675 154 29 Undersigned
1765 3678 43 27 beg
1831 3683 22 17 to

1264 3700 54 20 oiier
1328 3699 133 23 themselves
1471 3704 23 18 to
1503 3700 58 23 their
1571 3702 84 23 friends
1665 3704 45 21 and
1725 3704 37 22 the
1778 3705 74 28 public

1264 3733 23 14 as
1298 3726 85 26 Agents
1393 3727 34 22 for
1437 3727 37 22 the
1484 3727 96 28 disposal
1589 3730 26 21 of
1621 3730 69 22 Town
1700 3731 45 21 and
1753 3732 98 28 Country

1264 3752 81 28 Lands,
1356 3754 45 21 and
1411 3758 57 17 trust
1478 3754 58 22 their
1546 3756 95 21 colonial
1653 3758 132 23 experience
1799 3766 52 21 may

1263 3780 77 21 entitle
1350 3779 60 22 them
1421 3784 23 18 to
1454 3789 13 13 a
1479 3780 65 23 share
1555 3782 25 21 of
1590 3782 38 22 the
1638 3784 74 26 public
1721 3788 128 25 patronage.

1289 3812 62 28 They
1362 3814 42 21 will
1415 3815 28 21 be
1452 3813 76 29 happy
1538 3818 22 18 to
1569 3823 94 20 arrange
1676 3818 36 21 for
1721 3819 44 21 and
1776 3827 75 21 super-

1262 3839 78 22 intend
1349 3840 38 22 the
1395 3848 94 21 surveys
1496 3841 45 22 and
1548 3843 159 23 sub-divisions
1715 3846 25 20 of
1747 3846 36 21 the
1789 3846 60 23 land.

1265 3867 85 21 Liberal
1361 3867 111 23 advances
1482 3869 46 21 will
1541 3869 27 22 be
1583 3870 65 22 made
1659 3878 29 15 on
1698 3871 64 23 lands
1773 3873 76 27 placed

1261 3900 23 15 in
1296 3893 55 22 their
1361 3893 71 23 hands
1439 3895 35 22 for
1481 3895 54 23 sale.
1563 3896 63 29 They
1635 3897 42 22 will
1686 3898 46 22 also
1741 3899 27 22 be
1776 3901 70 28 happy

1263 3925 21 17 to
1295 3920 63 22 assist
1367 3922 136 27 proprietors
1512 3923 24 21 in
1545 3922 88 29 leasing
1643 3924 57 23 their
1708 3925 73 24 lands.

1542 3956 63 23 John
1615 3958 45 22 and
1670 3958 59 24 Gso.
1740 3959 81 25 Wadb.

713 699 171 21 Unreserved
898 700 61 20 Sale
980 700 43 20 for
1042 699 45 22 the
1102 699 101 21 benefit
1218 699 31 21 of

807 727 92 20 whom
915 727 23 20 it
951 733 64 20 may
1030 732 125 16 concern.

686 759 159 49 MESSRS.
857 760 85 21 JOHN
953 760 67 22 AND
1036 760 129 22 GEORGE
1179 759 94 26 WA.DE

763 793 37 15 are
816 786 124 22 instructed
958 788 28 26 by
1004 788 92 26 Captain
1116 786 118 23 Merrihew
1251 791 21 17 to

684 814 40 21 sell
738 814 29 27 by
776 814 74 28 public
865 814 97 27 auction,
974 814 91 22 without
1079 821 95 19 reserve,
1187 814 34 21 for
1235 813 37 22 the

682 840 85 23 benefit
776 841 26 22 of
808 841 72 22 whom
891 842 18 21 it
920 849 50 20 may
980 849 102 19 concern,
1094 845 23 18 at
1127 841 57 22 their
1193 845 77 23 stores,

682 875 146 19 to-morrow,
839 868 125 28 Thursday,
974 868 38 22 the
1029 868 50 22 16th
1094 869 91 25 instant,
1197 871 23 18 at
1229 875 43 14 one

683 894 86 22 o'clock
786 894 115 28 precisely,
914 895 37 22 the
969 895 70 22 wreck
1056 896 25 21 of
1094 896 37 21 the
1147 893 47 29 ship
1211 896 59 25 Elbe,

682 921 26 22 of
726 922 55 21 New
799 922 67 24 York,
885 924 39 19 341
936 927 49 17 tons
997 930 24 14 or
1037 922 150 26 thereabouts,
1199 929 23 15 as
1232 924 40 20 she

682 955 50 14 now
752 949 39 22 lies
809 949 23 22 in
853 950 93 21 Palliser
963 950 53 26 Bay,
1037 950 101 26 together
1157 949 51 22 with
1232 950 40 21 her

681 976 70 26 boats,
759 980 74 22 stores,
846 976 117 26 furniture,
974 977 72 21 tackle
1056 976 45 21 and
1113 976 99 28 apparel;
1225 977 46 22 also

681 1002 69 23 about
760 1005 51 20 1450
823 1004 82 21 barrels
914 1004 65 21 black
990 1004 69 21 whale
1070 1004 37 25 oil,
1118 1011 61 14 more
1188 1011 23 14 or
1220 1004 50 27 less,

680 1030 26 21 80
720 1030 82 22 barrels
818 1037 73 20 sperm
908 1030 38 26 oil,
959 1038 60 13 more
1037 1037 24 14 or
1077 1030 52 27 less,
1140 1031 43 21 and
1199 1033 12 19 8
1221 1035 50 18 tons

680 1056 136 28 whalebone,
829 1065 61 13 more
907 1065 26 13 or
949 1056 50 26 less,
1011 1065 23 13 as
1049 1058 18 20 it
1082 1065 51 13 now
1152 1058 38 21 lies
1207 1059 22 21 in
1247 1066 25 14 or

682 1084 69 21 about
762 1084 37 21 the
809 1084 73 21 wreck
893 1084 27 21 of
930 1084 37 21 the
978 1084 49 28 ship
1147 1089 22 18 at
1180 1086 92 22 Palliser

680 1110 57 28 Bay.

891 1146 75 14 TERMS
967 1150 27 5 —
996 1146 62 15 CASH.

890 1192 163 26 Wanganui.

680 1224 160 48 MESSRS.
865 1225 95 22 WADE
988 1225 57 22 have
1070 1225 37 22 the
1131 1225 87 22 honour
1246 1229 23 18 to

772 1259 119 15 announce
908 1252 49 21 that
972 1252 53 27 they
1039 1252 57 21 have
1113 1253 103 21 received
1235 1253 35 22 in-

679 1279 119 21 structions
814 1283 23 17 to
852 1280 84 21 submit
946 1284 21 17 to
983 1279 73 27 public
1072 1280 151 26 competition,
1239 1288 29 14 on

679 1305 109 27 Monday,
800 1306 38 21 the
854 1306 52 22 27th
924 1307 130 26 December,
1067 1308 61 24 1841,
1140 1310 22 17 at
1173 1306 36 22 the
1225 1308 44 21 Ex-

679 1332 86 27 change
783 1333 78 26 Room,
873 1333 32 22 Te
923 1334 53 25 Aro,
988 1337 23 17 at
1022 1336 9 18 1
1048 1334 88 21 o'clock
1152 1334 115 27 precisely,

679 1359 54 22 Nos.
744 1360 26 21 45
789 1360 45 22 and
850 1362 27 20 39
894 1367 30 14 on
942 1360 36 21 the
992 1360 52 22 Plan
1055 1360 26 21 of
1094 1361 133 27 Wanganui,
1244 1362 23 22 in

678 1386 43 21 lots
731 1387 26 20 of
771 1388 12 20 5
802 1395 62 14 acres
879 1387 62 22 each.
970 1387 53 22 This
1039 1392 111 23 property,
1169 1388 55 21 from
1240 1389 28 22 its

679 1414 122 27 contiguity
811 1418 22 17 to
849 1414 37 22 the
897 1414 110 27 proposed
1018 1418 65 23 town,
1098 1416 76 26 (being
1191 1416 74 22 within

677 1441 45 21 five
739 1441 103 22 minutes'
853 1441 57 22 walk
927 1441 26 21 of
965 1441 37 22 the
1011 1442 49 26 site)
1073 1442 47 23 and
1129 1442 94 22 situated
1238 1451 28 14 on

678 1468 37 21 the
727 1468 60 26 High
799 1468 64 21 Road
873 1472 23 17 to
908 1468 120 26 Taranaki,
1038 1469 18 21 is
1067 1469 50 22 well
1134 1469 84 28 worthy
1230 1470 37 23 the

677 1496 108 21 attention
798 1496 25 21 of
830 1503 92 19 persons
933 1496 25 21 of
964 1496 29 21 all
1005 1496 87 26 classes,
1105 1503 23 15 as
1146 1497 47 21 well
1204 1497 63 23 those

677 1522 118 28 intending
804 1526 22 18 to
837 1522 70 22 reside
919 1527 22 17 at
950 1522 44 21 this
1008 1523 122 27 promising
1140 1524 128 22 settlement

677 1557 24 14 as
727 1549 61 22 those
814 1550 99 26 desiring
941 1550 115 26 profitable
1083 1550 137 23 investment
1244 1553 24 21 of

677 1576 89 28 capital.

705 1611 57 21 Both
772 1611 37 21 the
819 1611 54 21 land
884 1611 45 21 and
938 1611 91 28 locality
1037 1619 37 14 are
1080 1611 83 22 second
1174 1616 21 18 to
1206 1620 59 15 none

677 1637 23 21 in
712 1637 126 28 Wanganui
847 1646 5 19 ;
872 1638 36 21 the
920 1639 138 21 auctioneers
1069 1639 52 26 only
1136 1640 38 21 ask
1186 1641 80 26 parties

678 1669 21 17 to
709 1665 87 26 inspect
806 1665 37 21 the
855 1665 54 21 Plan
922 1669 21 18 to
960 1664 62 23 learn
1039 1666 38 21 the
1094 1666 112 27 situation,
1221 1668 44 21 and

677 1691 71 22 either
759 1696 19 17 to
788 1693 92 26 enquire
891 1700 24 13 or
926 1693 102 20 examine
1039 1693 36 21 the
1084 1693 62 26 land,
1158 1694 42 21 and
1210 1694 53 28 they

677 1726 36 14 are
724 1719 123 27 persuaded
858 1719 38 21 the
906 1720 80 21 results
997 1719 42 22 will
1049 1720 28 21 be
1086 1720 150 28 satisfactory.

943 1753 63 27 Also,

785 1787 87 21 LAND
889 1787 34 21 IN
939 1787 219 22 WELLINGTON.

675 1820 49 22 The
734 1821 138 22 auctioneers
883 1821 44 22 will
943 1821 82 22 submit
1039 1822 69 22 Town
1127 1823 65 27 Acre,
1204 1823 61 23 Wel-

677 1848 95 27 lington,
784 1849 42 21 No.
837 1850 42 20 658
895 1856 30 14 on
943 1849 37 21 the
998 1849 60 26 Plan,
1066 1850 138 28 judiciously
1220 1851 45 22 laid

934 1880 39 18 out
986 1877 23 21 in

801 1908 61 23 TEN
879 1909 156 22 BUILDING
1051 1910 82 23 LOTS.

673 1943 55 21 This
741 1943 53 22 land
806 1944 18 20 is
839 1943 97 22 situated
953 1947 22 18 at
993 1944 36 21 the
1044 1947 100 19 extreme
1160 1945 66 22 north
1241 1947 23 20 of

674 1971 142 26 Wellington,
828 1978 29 14 on
876 1971 37 21 the
931 1971 52 27 only
995 1971 56 21 main
1063 1971 56 22 road
1136 1973 22 20 of
1173 1973 90 27 import-

673 2005 56 15 ance
744 2001 37 23 yet
793 1998 70 26 going
880 2001 39 17 out
936 1999 25 19 of
977 1998 143 27 Wellington,
1132 1999 44 20 and
1192 2000 17 20 is
1225 2001 38 19 de-

673 2024 88 22 cidedly
779 2027 43 14 one
842 2025 26 15 or
887 2024 38 15 tlic
943 2025 49 15 best
1010 2019 110 23 sheltered
1140 2025 43 14 aim
1204 2027 59 17 mo?t

672 2045 108 23 beautiful
790 2049 50 24 spot
848 2046 24 21 in
883 2044 29 22 all
924 2044 36 22 the
972 2046 49 26 City
1031 2046 24 20 of
1061 2044 145 28 Wellington.

938 2078 64 27 Also,

727 2112 234 23 LEASEHOLD
992 2112 213 27 PROPERTY;

672 2147 38 22 the
720 2147 58 21 lease
797 2147 43 21 and
856 2146 113 27 buildings
980 2147 26 21 of
1020 2147 47 20 half
1075 2154 28 14 an
1115 2154 49 14 acre
1176 2147 24 20 of
1207 2147 54 22 land

672 2174 116 27 adjoining
799 2174 36 21 the
846 2174 71 21 above
928 2174 67 21 Town
1007 2174 56 21 Acre
1075 2174 54 26 (No.
1140 2175 57 25 658),
1210 2174 51 22 with

672 2209 13 13 a
696 2201 152 21 considerable
866 2201 103 26 frontage
985 2201 52 21 both
1054 2205 23 16 to
1094 2201 36 20 the
1145 2201 116 21 Tinakori-

672 2228 54 21 road
737 2228 44 21 and
792 2228 46 21 also
856 2231 23 17 to
889 2227 38 22 the
944 2228 76 25 beach,
1036 2227 52 22 with
1107 2235 12 14 a
1135 2228 58 27 large
1211 2228 50 22 sub-

672 2255 90 22 stantial
778 2255 49 27 clay
845 2255 70 21 house
933 2255 87 21 erected
1035 2262 27 13 on
1080 2255 25 26 it,
1124 2255 44 21 and
1185 2263 12 14 a
1213 2256 48 21 well

672 2282 80 22 fenced
769 2282 82 26 garden
871 2282 93 21 stocked
978 2282 52 21 with
1047 2282 134 26 vegetables.
1211 2283 49 21 One

672 2309 65 22 small
753 2310 60 26 piece
832 2308 26 22 of
871 2308 44 22 this
929 2310 18 20 is
962 2309 82 21 sub-let
1063 2309 36 20 for
1113 2308 61 22 three
1189 2317 71 19 years,

673 2336 70 22 which
760 2336 73 21 leaves
850 2335 37 22 the
905 2340 78 17 tenant
1000 2336 25 21 of
1037 2335 37 22 the
1091 2336 50 21 half
1153 2343 49 14 acre
1217 2342 23 15 at
1249 2344 11 14 a

672 2363 72 22 rental
762 2364 24 20 of
800 2363 52 27 only
868 2364 34 21 jC4
919 2371 40 19 per
973 2370 60 20 year.
1061 2362 45 22 For
1119 2362 84 23 further
1214 2371 46 19 par-

672 2390 97 27 ticulars,
780 2391 66 27 apply
858 2394 22 17 to
892 2390 42 21 Mr.
948 2390 102 28 Heaphy,
1061 2397 30 14 on
1101 2389 37 22 the
1149 2392 110 26 premises,

936 2425 62 26 Also,

672 2459 22 21 A
705 2458 97 23 LEASE
816 2459 40 22 OF
872 2458 87 22 LAND
974 2458 66 22 AND
1056 2458 156 23 BUILDING
1227 2459 31 22 IN

844 2486 110 21 WILLIS
970 2486 121 22 STREET.

672 2519 48 23 The
730 2520 96 22 erection
837 2520 18 21 is
866 2528 14 13 a
890 2519 131 22 substantial
1033 2520 179 27 wooden-house,
1224 2519 34 23 the

672 2551 51 17 rent
742 2554 52 19 very
811 2547 123 21 moderate.
964 2547 43 21 For
1023 2547 85 22 further
1124 2548 134 27 particulars)

672 2574 67 27 apply
757 2575 66 21 toMr.
834 2574 95 27 Branks,
941 2582 28 13 on
981 2574 37 22 the
1028 2575 113 26 premises.

698 2608 76 21 Terms
785 2608 85 27 liberal,
879 2608 22 21 in
912 2608 74 22 future
997 2608 182 22 advertisement.

914 2663 106 25 Bricks,

671 2698 89 49 FOR
775 2698 84 23 SALE,
872 2701 23 18 at
910 2698 46 21 60s.
975 2705 40 20 per
1033 2698 119 22 thousand.
1187 2697 69 28 Apph

731 2729 22 17 to
770 2725 21 22 J.
811 2724 92 27 Pimble,
917 2729 22 17 at
953 2724 37 23 the
1009 2726 169 27 Sydney-street
1193 2724 63 23 Brick

670 2752 45 21 and
725 2752 47 22 Tile
791 2752 86 26 Works,
890 2756 22 17 at
922 2752 38 21 the
976 2760 50 14 rear
1036 2753 24 21 of
1074 2752 92 23 Colonel
1181 2752 74 22 Wake-

862 2779 71 22 field's
948 2779 122 22 residence.

738 2812 77 22 Terms
818 2824 26 4 —
845 2813 52 21 cash
908 2821 28 13 on
950 2813 97 28 delivery
1058 2817 24 19 at
1093 2814 36 21 the
1140 2814 54 22 kiln.

915 2858 103 21 Bricks.

670 2891 140 49 BRICKS
822 2899 28 14 on
862 2892 45 22 sale
919 2893 28 26 by
959 2893 36 21 the
1006 2893 156 26 undersigned,
1178 2896 22 20 at
1214 2895 38 21 60s

748 2926 38 19 per
799 2920 59 20 1000.

697 2946 77 21 Terms
776 2957 26 4 —
805 2946 58 21 Cash
873 2953 28 14 on
913 2945 99 29 delivery
1023 2950 21 18 at
1054 2947 38 22 the
1102 2947 55 22 kiln.

1078 2975 30 21 A.
1127 2975 105 22 Ludlam.

699 2999 155 27 Willis-street,
866 2999 52 22 29th
930 3000 104 22 October.
1244 3015 3 6 ,

880 3045 82 20 Cloth
973 3046 76 26 Caps.

672 3078 72 49 ON
760 3079 77 21 SALE
852 3082 23 18 at
886 3078 37 22 the
934 3082 70 18 stores
1014 3079 25 21 of
1051 3079 37 22 the
1098 3080 152 27 undersigned

736 3113 13 14 a
759 3105 59 28 large
830 3109 135 19 assortment
974 3106 26 21 of
1011 3106 61 27 boys'
1082 3107 46 21 and
1139 3107 112 23 childrens

670 3133 52 21 blue
733 3132 59 22 cloth
803 3133 44 21 and
863 3133 64 21 other
943 3132 66 28 fancy
1021 3140 58 21 caps,
1091 3135 95 26 varying
1200 3135 51 21 frou

669 3161 32 20 ss.
712 3159 36 22 6d.
760 3164 21 17 to
793 3161 44 21 10s.
848 3159 62 22 each.

698 3187 50 21 One
759 3194 47 15 case
824 3187 77 21 ladies'
919 3186 63 22 boots
993 3186 43 22 and
1052 3186 72 29 shoes,
1136 3188 115 28 consisting

670 3214 36 21 of:
709 3225 28 4 —

698 3241 91 27 Lasting
797 3241 71 26 boots,
880 3242 32 21 Bs.
922 3248 40 20 per
972 3241 54 27 pair,

697 3268 93 27 Lasting
800 3268 99 28 slippers,
910 3269 33 21 ss.
955 3268 61 27 ditto,

698 3295 92 27 Lasting
805 3295 65 22 shoes
886 3295 43 22 silk
946 3295 84 28 bound,
1046 3296 53 21 with
1116 3296 49 27 ties,
1176 3298 31 20 6s.
1218 3304 31 20 pe:

668 3322 56 27 pair,

696 3349 96 22 Leather
808 3349 72 26 shoes,
892 3348 42 22 silk
951 3349 82 27 bound,
1044 3350 54 22 with
1114 3350 48 27 ties,
1173 3352 31 20 6s.
1218 3358 31 20 pe:

668 3376 56 27 pair.

926 3403 124 22 Anderson
1061 3404 46 21 and
1118 3404 110 23 Rowand.

694 3437 75 21 Thorn
772 3437 42 21 don
826 3438 73 26 Quay,
912 3437 58 21 Nov.
980 3439 33 24 26,
1026 3439 59 21 1841.

827 3483 53 21 For
891 3482 99 21 Native
1001 3483 95 21 Trade.

666 3516 95 49 JUST
775 3516 133 26 OPENED,
920 3523 14 14 a
943 3516 62 27 large
1022 3520 134 19 assortment
1172 3518 25 21 of
1207 3525 39 15 rea

719 3542 106 28 Whitney
834 3543 110 27 blankets,
956 3544 86 26 napped
1052 3551 28 14 on
1093 3544 51 21 both
1155 3544 63 27 sides,

694 3571 51 21 10-4
764 3577 51 20 rugs
834 3570 45 22 and
899 3573 168 25 counterpanes,
1087 3571 69 27 fancy
1175 3573 69 26 prints

667 3601 76 18 cotton
754 3596 179 28 handkerchiefs,
945 3597 99 27 calicoes,
1056 3599 41 21 &c.

694 3625 82 26 Square
800 3624 30 27 fig
854 3624 126 21 Cavendish
1004 3625 97 27 tobacco,
1124 3625 44 21 and
1192 3625 54 28 large

665 3651 87 22 bowled
772 3651 61 28 pipes
851 3650 162 28 uncommonly
1028 3651 77 28 cheap,
1120 3652 44 21 and
1182 3652 62 22 whicl

666 3678 52 28 they
729 3685 41 15 can
781 3678 52 22 with
849 3678 131 21 confidence
996 3679 144 21 recommend
1157 3679 33 21 for
1206 3679 40 22 Na-

665 3706 44 21 tive
721 3705 69 22 trade.

692 3733 82 21 Orders
784 3733 56 21 from
851 3739 45 20 any
907 3731 27 21 of
945 3731 36 22 the
994 3731 62 22 other
1070 3732 139 22 settlements
1220 3737 25 17 at

665 3760 80 22 tenced
755 3764 20 17 to
788 3759 51 22 with
851 3758 137 29 punctuality
1000 3758 43 22 and
1053 3759 111 28 dispatch,

738 3792 3 10 '
939 3792 125 23 Anderson
1080 3793 46 22 and
1141 3793 101 22 Rowand

689 3827 120 23 Thorndon
822 3828 72 26 Quay,
906 3827 59 22 Nov.
975 3829 34 25 26,
1023 3828 57 20 1841.

663 3872 161 48 BARLEY,
842 3872 45 21 and
901 3871 75 29 barley
988 3872 45 21 and
1048 3872 74 21 wheat
1138 3876 64 17 straw
1217 3872 27 22 foi

739 3899 53 22 sale.

1051 3925 77 23 James
1143 3925 79 23 Watt.

689 3951 150 28 Berhampore
851 3952 74 26 Farm,
937 3952 49 22 Oct.
1042 3953 61 21 1841.
