2550 4029
1608 1415 119 20 Sunderland,
1744 1417 27 16 W.
1783 1417 110 21 Thompson,

1632 1437 22 16 D.
1662 1436 76 22 Barclay
1746 1443 8 11 s

1608 1457 71 21 Surrey,
1696 1459 65 19 (west,)
1780 1459 79 17 Denison
1878 1464 15 15 a,

1630 1479 72 16 Trotter

1608 1499 73 20 Sussex,
1687 1500 64 20 (west,)
1756 1500 41 17 Earl
1801 1500 20 17 of
1824 1501 69 19 March,

1630 1520 72 17 Colonel
1710 1521 102 21 Wyndham

1608 1541 89 20 Swansea,
1709 1542 15 16 J.
1734 1542 24 17 H.
1766 1543 64 16 Vivian
1839 1547 8 12 s

1608 1563 107 19 Tamworth,
1724 1563 29 17 Sir
1761 1564 21 16 R.
1788 1563 48 20 Peel,
1844 1564 50 20 Capt.

1627 1584 78 16 A'Court

1608 1605 90 19 Taunton,
1742 1605 114 17 Labouchere
1879 1610 15 15 s,

1630 1625 108 22 Bambridge
1747 1631 8 11 s

1609 1647 102 20 Tavistock,
1719 1647 47 17 Lord
1773 1648 23 16 Ej
1799 1647 73 17 Russell
1879 1652 14 15 s,

1630 1667 17 17 J.
1656 1667 72 18 Rundle
1737 1673 8 12 s

1610 1688 125 21 Tewkesbury,
1772 1690 122 19 Dowdeswell,

1630 1709 68 17 Martin
1707 1715 7 12 s

1610 1730 85 17 Thetford
1701 1732 15 17 +,
1731 1732 49 16 Hon.
1791 1731 22 17 B.
1821 1732 73 20 Baring,

1631 1751 47 16 Lord
1687 1753 74 19 Euston,
1771 1753 27 17 Sir
1805 1753 17 16 J.
1827 1753 69 16 Flower

1611 1772 72 19 Tlnrsk,
1692 1773 17 16 J.
1717 1773 41 17 Bell
1767 1778 8 11 s

1611 1793 90 19 Tiverton,
1707 1794 47 17 Lord
1761 1794 80 18 Palmers
1844 1796 29 16 ton
1880 1800 15 15 s,

1634 1814 101 17 Heathcoat

1611 1835 63 17 Tower
1679 1836 89 19 Hamlets,
1774 1837 42 21 Clay
1823 1842 13 14 s,
1842 1838 38 16 Fox
1887 1842 8 12 s

1611 1855 83 20 Totn&ss,
1709 1857 47 17 Lord
1776 1857 86 22 Seymour
1880 1863 15 15 s,

1633 1876 83 18 Baldwin

1611 1897 63 19 Truro,
1683 1899 69 16 Turner
1761 1904 14 15 s,
1784 1900 66 16 Vivian
1857 1905 8 11 s

1611 1918 120 21 Tynemouth,
1740 1920 84 17 Metcalfe
1832 1926 8 11 s

1613 1939 101 21 Wakefleld,
1724 1941 129 17 Houldsworth
1860 1947 8 11 s

1612 1960 121 21 Wallingford,
1742 1962 109 17 Blackstone

1612 1981 78 20 Walsall,
1699 1982 50 16 S^ott
1756 1988 9 12 s

1613 2001 99 20 Wareham,
1720 2003 51 16 Drax
1778 2008 8 12 s

1611 2022 120 21 Warriiigton,
1740 2024 117 17 Blackburne

1611 2042 94 21 Warwick,
1712 2045 75 20 (south,)
1793 2046 103 19 Mordaunt,

1632 2063 71 22 Shirley

1611 2085 93 20 Warwick,
1714 2087 83 21 Douglas,
1806 2087 67 17 Collins

1612 2106 143 21 Warwickshire,
1764 2108 75 20 (north,)
1848 2109 48 21 Dug-

1630 2127 47 20 dale,
1688 2128 71 17 Uilmot

1611 2148 61 20 Wells,
1681 2149 110 21 Blakemore,
1801 2151 70 20 Haytcr
1878 2156 8 11 s

1612 2168 92 21 Wenlock,
1713 2171 97 20 Forrester,
1824 2172 72 16 Gaikell

1612 2189 100 22 Westbury,
1720 2192 58 20 Lopes

1612 2210 132 21 Westminster,
1751 2214 55 18 Rous,
1813 2214 67 16 Leader
1888 2219 8 11 s

1613 2231 111 21 Weyniouth,
1730 2234 166 21 Ld.Vilhers.Hope

1613 2252 77 22 Whitby,
1698 2254 91 21 Chapman

1612 2273 126 21 Whitehaven,
1747 2276 82 17 Attwood

1613 2294 68 21 Wigan,
1691 2296 89 19 Greenall,
1788 2297 63 18 Crosse

1611 2315 67 20 Wight,
1688 2317 35 16 Isle
1732 2317 24 19 of,
1765 2318 74 17 Holmes

1612 2336 72 20 Wilton,
1692 2337 97 18 Fitzharris

1611 2356 117 21 Winchester,
1738 2360 48 18 East,
1792 2360 63 17 Escott

1613 2378 87 20 Windsor,
1715 2380 132 21 Ramsbuttom,
1860 2382 36 16 Ne-

1632 2399 44 16 ville

1611 2419 164 23 Wolverhampton,
1784 2423 90 19 Thornely
1881 2429 15 13 s,

1632 2441 89 18 Villwrss

1611 2461 112 22 Woodstock,
1732 2464 87 21 Thesiger

1611 2482 104 21 Worcester,
1723 2485 80 17 T.Wilde
1811 2490 14 15 s,
1830 2486 66 17 .Baillie

1611 2504 153 21 Worcestershire,
1778 2508 65 19 (west,)
1851 2508 44 16 Gen.

1630 2525 67 21 Lygon,
1707 2527 52 16 Winn
1769 2527 70 21 Knight

1610 2545 102 21 Wycombe,
1747 2548 101 18 Dashwood
1879 2555 16 15 s,

1631 2567 67 17 iJernal
1708 2572 8 12 s

1611 2588 106 20 Yarmouth,
1726 2589 91 18 Rumbold
1825 2595 15 15 s,
1848 2591 43 18 Wil-

1631 2609 52 16 shere
1691 2614 8 12 s

1611 2629 54 20 York,
1676 2630 88 17 Lowther.
1773 2632 58 17 Yorks
1839 2638 9 11 s

1611 2650 104 21 Yorkshire,
1749 2652 42 17 East
1821 2654 73 21 Riding,

1630 2671 96 22 Uroadley,
1734 2673 47 17 Lord
1791 2674 83 18 Hotham

1611 2692 103 21 Yorkshire,
1738 2694 64 17 North-

1632 2713 65 21 Cayley
1709 2719 14 15 s,
1739 2715 50 18 Hon.
1804 2715 29 18 W.
1846 2717 50 17 Dun-

1631 2735 63 15 combe

1598 2788 19 12 ire
1624 2784 15 16 is
1647 2788 11 12 a
1669 2784 65 18 double
1741 2787 68 16 return.

1598 2816 53 14 .AND.

1609 2838 126 25 Duncahnon,
1744 2841 35 18 Ld.
1786 2842 109 19 Northland

1609 2861 143 22 Downpatrick,
1761 2863 49 18 Kerr

1609 2882 97 22 Dunuafk,
1712 2883 122 24 Keudington
1842 2890 9 13 s

1609 2903 123 22 Dungarvon,
1741 2905 50 18 SheU
1799 2911 9 12 s

1608 2924 128 22 Ennis>killen,
1741 2925 43 18 hon.
1789 2929 24 15 A.
1818 2927 26 18 H.
1850 2928 45 18 Cole

1609 2946 103 22 Kilkenny,
1720 2947 20 17 J.
1749 2948 121 19 O'Connells

1608 2966 90 22 Lisburn,
1707 2968 82 21 Meynell

1608 2988 47 17 New
1662 2988 55 20 Koss,
1727 2989 40 18 Col.
1777 2990 48 18 Gore

1706 3010 44 18 hon.
1757 3010 21 18 C.
1785 3011 109 19 Cavendish

1598 3041 59 14 LAND.

1608 3065 124 19 Kilmarnock
1742 3066 82 23 district,
1832 3068 61 18 John-

1629 3089 45 15 ston
1686 3092 9 12 s

1608 3107 90 23 Kilkaldy
1715 3108 84 23 district,
1815 3110 78 19 Colonel

1628 3129 96 22 Ferguson
1737 3134 10 13 s

1607 3150 55 17 Leith
1678 3151 116 18 Rutherford
1804 3157 11 12 s

1606 3171 99 17 Montrose
1709 3171 183 23 ditrict,Chalmers

1606 3191 82 23 Paisley,
1696 3192 68 19 Hattie
1776 3198 9 13 s

1606 3213 65 22 Perth,
1679 3214 64 17 iMaule
1754 3219 10 12 a

1606 3233 81 24 Stirling
1694 3235 84 23 Barghs,
1785 3236 51 18 Lord
1848 3237 43 18 Dal-

1627 3259 75 18 meney.

1598 3288 10 16 i,
1616 3284 51 18 St.
1669 3284 83 22 Courier,
1761 3285 43 18 10th
1817 3287 52 21 July.

1305 1412 73 20 Oxford,
1383 1413 108 21 University,
1497 1413 88 20 Estcourt,

1326 1434 58 20 Inglis
1439 1443 3 7 i

1305 1454 73 20 Oxford,
1387 1455 43 21 City,
1436 1455 88 20 Maclean,
1530 1455 57 21 Lang-

1309 1488 5 5 ,
1326 1478 41 14 bton
1376 1481 7 11 s

1305 1496 103 20 Pembroke,
1417 1497 27 16 Sir
1451 1497 17 16 J.
1474 1498 54 16 Owen
1536 1502 9 12 s

1305 1517 136 21 Peterborough,
1450 1518 27 17 Sir
1481 1519 22 16 B-.
1509 1519 61 16 Heron
1579 1524 8 11 s

1327 1538 110 17 Fitzwilliam
1446 1544 8 11 s

1306 1559 108 19 Petersfield,
1422 1560 28 15 Sir
1462 1560 17 16 J.
1487 1560 27 17 W.
1522 1560 65 17 Jolliffe

1306 1579 100 21 Plymouth,
1413 1580 35 16 Gill
1453 1586 14 14 s,
1473 1581 98 21 Kbrington
1580 1586 7 12 s

1306 1600 59 20 Poole,
1376 1601 96 21 Ponsonby,
1481 1602 76 20 Phillips
1564 1607 9 12 s

1307 1621 134 21 Portarlington,
1456 1622 20 16 G.
1488 1622 20 17 L.
1516 1623 73 17 Dalmer

1307 1643 118 19 Portsmouth,
1435 1643 49 17 Hon.
1489 1643 20 17 T.
1517 1643 20 17 F.
1546 1644 43 17 Bar-

1327 1664 32 20 ing
1366 1668 14 15 s,
1389 1664 52 16 SirG.
1450 1664 88 17 Staunton
1545 1669 9 12 s

1307 1684 106 20 Pontefract,
1423 1685 46 16 Lord
1481 1685 107 21 Pollington,

1328 1705 26 16 M.
1363 1705 64 16 Millies

1307 1726 80 19 Preston,
1396 1727 98 16 Fleetwood
1501 1732 15 14 s,
1524 1728 67 16 Strick-

1328 1747 44 16 land
1379 1752 8 11 s

1307 1768 78 19 Radnor,
1394 1768 22 16 R.
1423 1768 50 17 Price

1308 1789 87 21 Reading,
1400 1789 77 19 Russell,
1481 1790 31 17 Ld.
1517 1791 74 16 Chelsea

1309 1810 80 20 Riegate,
1397 1810 44 16 Lord
1451 1810 77 17 Eastrior

1309 1831 79 19 Reilbrd,
1404 1832 58 19 (east,)
1477 1832 21 16 G.
1512 1833 27 16 H.
1549 1832 41 16 Ver-

1329 1856 42 15 non,
1380 1852 73 20 Captain
1461 1853 104 16 Duncombe

1309 1872 106 20 Richmond,
1434 1873 75 17 Dundas
1526 1878 14 15 s,
1550 1874 42 20 ,Col-

1331 1894 52 19 burn,
1394 1898 7 11 s

1309 1914 65 21 Ripon,
1383 1914 27 16 Sir
1417 1914 19 18 E.
1444 1915 72 20 Sugden

1310 1935 101 19 Rochester,
1425 1937 83 19 Douglas,
1518 1936 72 17 Bodkin

1310 1956 94 19 Rochdale,
1413 1957 88 17 Crawtord
1508 1962 9 12 s

1309 1976 44 20 Rye,
1362 1977 68 16 Curteis
1437 1982 9 11 s

1306 1997 77 18 t>alford,
1392 1997 106 17 lirotb.er.ton
1505 2003 9 11 s

1309 2017 24 16 St.
1356 2017 72 20 Albans,
1448 2018 77 21 Repton,
1544 2019 46 17 Lord

1329 2037 89 17 Listowell
1425 2043 9 12 s

1309 2058 24 16 St.
1342 2059 47 19 Ives,
1397 2059 26 17 W.
1431 2060 56 16 Praed

1309 2079 95 22 Salisbury,
1423 2081 105 21 Wyndham,
1547 2081 44 18 Bro-

1329 2101 30 15 die
1368 2105 8 12 s

1309 2121 98 20 Sandwich,
1416 2122 27 17 Sir
1453 2123 20 17 T.
1481 2124 109 21 Troubridge

1329 2146 15 15 s,
1354 2142 76 22 Lindsay

1309 2163 125 21 Scarborough,
1448 2165 27 16 Sir
1489 2166 20 16 F.
1522 2166 68 16 Trench

1329 2184 28 16 Sir
1364 2185 17 16 J.
1388 2185 99 18 Johnstone

1309 2205 88 20 Sheffield,
1406 2206 66 17 Parker
1479 2212 14 14 s,
1502 2207 54 17 Ward
1563 2213 8 11 s

1309 2226 76 19 Shields,
1394 2228 72 19 (south,)
1472 2228 62 17 Wawn
1542 2234 7 11 s

1310 2247 119 21 Shaftesbury,
1437 2248 47 17 Lord
1496 2249 79 18 Howard
1582 2255 8 12 s

1310 2268 103 20 Shoreham,
1424 2269 27 16 Sir
1462 2270 18 16 C.
1488 2269 76 21 Burrell,
1574 2271 18 17 C.

1333 2289 68 21 Goring

1310 2309 127 22 Shreswslmry,
1503 2313 88 20 Tomlinc,

1331 2330 87 18 D'lsraeli

1310 2351 110 21 Shropshire,
1435 2354 74 20 (south,)
1521 2355 42 16 Earl
1574 2356 19 16 of

1330 2373 112 21 Darlington,
1453 2375 48 16 Hon.
1510 2376 24 16 H.
1543 2376 47 17 Clive

1309 2394 134 21 Southampton,
1449 2396 77 20 Martyn,
1533 2396 57 18 Bruce

1309 2415 110 20 Southwark,
1444 2417 108 20 Humphrey
1576 2424 14 13 s,

1330 2436 71 16 Woods

1309 2456 127 22 Staffordshire,
1442 2459 75 20 (south,)
1524 2460 68 17 Ld.-In-

1329 2478 70 20 gestrie,
1408 2480 47 16 Hon.
1461 2480 21 17 G.
1486 2481 62 16 Ans.on

1308 2498 128 22 Staffordshire,
1447 2502 76 19 (north,)
1534 2502 56 17 Watts

1328 2519 78 21 Russell,
1415 2522 88 21 Adderley

1309 2540 79 21 Stafford,
1397 2542 90 21 Carnegie,
1498 2543 62 17 Buller
1568 2549 8 12 s

1308 2562 93 20 Stamford,
1415 2563 80 21 Marquis
1505 2565 20 16 of
1535 2565 56 18 Gran-

1328 2583 28 19 by,
1365 2583 28 17 Sir
1400 2584 20 16 G.
1427 2584 52 18 Cleik

1307 2603 99 21 Stockport,
1418 2605 92 18 Marsland
1522 2612 13 15 s,
1549 2608 42 16 Cob-

1329 2624 35 16 den
1373 2629 8 12 s

1307 2645 179 23 Stoke-upon-Trent,
1493 2649 75 17 Ricardo
1576 2654 14 15 t,

1329 2666 89 21 Copeland

1308 2687 71 21 Stroud,
1388 2689 63 21 Scrope
1458 2695 14 15 s,
1485 2690 88 18 Staunton
1582 2697 8 11 s

1309 2708 87 22 Sudbury,
1404 2710 70 17 Villiers
1483 2716 14 15 s,
1503 2713 72 16 Sombre
1582 2718 8 11 s

1308 2729 73 21 Suffolk,
1388 2732 62 19 (west,)
1455 2732 71 17 Colonel
1531 2733 59 17 Rush-

1329 2750 60 21 brook,
1398 2752 22 17 H.
1429 2753 16 16 S.
1455 2753 120 21 Waddington

1393 2780 8 18 -t
1409 2780 22 16 In
1437 2781 37 16 this
1481 2782 79 20 borough
1568 2784 29 16 tliei

1549 2815 48 13 IREL.

1306 2835 91 23 Armagh,
1408 2837 40 17 Col.
1456 2837 84 19 Ilawdon
1548 2843 9 13 s

1307 2856 86 22 Bandon,
1401 2857 46 23 Serj.
1456 2859 85 18 Jackson

1307 2877 79 22 Carlow,
1395 2878 53 23 Capt.
1456 2880 74 21 Layard
1537 2885 10 13 s

1307 2898 120 23 Carrickferg
1429 2905 31 16 us,-
1467 2901 49 18 Kirk

1308 2919 75 22 Cashel,
1391 2922 63 21 Stock,
1463 2927 9 12 s

1307 2941 96 22 Clonmel,
1413 2942 53 23 Pigot
1473 2948 10 13 a

1306 2962 103 22 Coleraioe,
1418 2964 65 18 Litton

1305 2983 73 18 Dublin
1394 2984 123 23 .University,
1537 2986 52 21 right

1326 3004 47 19 hon.
1378 3005 19 18 F.
1403 3006 60 22 Shaw,
1470 3007 35 17 Dr.
1513 3007 69 23 Lefroy

1543 3040 48 13 SCOT]

1305 3060 86 23 Dundee,
1399 3062 78 18 Dancan
1486 3068 11 12 s

1305 3082 105 19 Dumfries.
1418 3084 63 17 Ewart
1488 3089 11 13 s

1305 3103 118 24 Edinburgh,
1449 3105 100 23 Macaulay
1577 3111 10 14 s

1328 3125 57 22 Craig

1305 3145 78 19 Falkirk
1390 3147 82 22 JBvrghs,
1481 3148 59 18 Baird

1305 3166 94 24 Glasgow,
1427 3169 82 22 Oswald,
1538 3169 49 18 Den-

1326 3188 66 18 niaton

1304 3209 125 24 Haddington
1449 3211 82 23 Barghs,
1545 3212 42 18 Bal-

1323 3231 46 20 Jour
1490 3244 3 7 i

1303 3251 110 23 Inverness,
1420 3253 96 18 Morrison
1527 3258 10 13 a

1324 3280 90 22 Majority
1425 3281 23 17 of
1457 3281 133 19 Conservativei

1300 3597 150 23 Hertfordshire,
1457 3599 50 18 Lord
1520 3599 61 19 Grim-

1391 3340 108 17 ENGLISH
1510 3340 53 17 AND
1574 3341 87 16 WELSH
1675 3341 127 16 COUNTIES.

1303 3369 71 18 Bucks,
1397 3369 73 20 Young,
1488 3369 31 16 Dv
1542 3369 40 21 Pre,
1627 3371 52 19 ston,
1700 3369 70 22 Smith,
1791 3371 53 17 Hon.
1865 3371 22 18 G.

1323 3387 78 22 Murray
1627 3390 64 22 Ryder
1697 3388 3 6 '
1737 3395 7 14 \

1303 3407 150 23 Cardiganshire,
1461 3409 68 18 Powell
1604 3411 201 22 Northamptonshire,
1823 3413 64 18 ..Carl-

1303 3429 96 22 Che.lnre,
1411 3430 71 21 (north)
1494 3430 89 23 Egerton,
1625 3432 76 23 wright,
1710 3433 106 23 Knightley

1303 3470 14 3 _
1327 3451 15 16 L
1343 3451 37 22 egh
1604 3452 78 23 Sussex,
1698 3455 56 20 (east)
1769 3455 65 22 Darby
1847 3455 40 18 Ful-

1303 3471 97 21 Cornwall,
1413 3472 113 22 Fendarves,
1534 3473 49 18 Lord
1625 3475 30 17 ler
1730 3477 4 3 '
1838 3480 5 10 v

1322 3492 102 18 Boscawen
1432 3494 49 17 Kose
1782 3496 40 19 Col.
1837 3497 50 18 tow-

1303 3513 66 21 Eijex,
1397 3514 114 22 Bramstom,
1543 3515 40 18 Pal-
1626 3517 50 21 ther,
1684 3517 51 18 Lord
1742 3518 87 18 Lowther
1850 3518 4 18 1

1322 3539 42 13 mer
1604 3537 65 22 Wilts,
1699 3539 72 20 (north)
1799 3539 88 22 Burdett,

1303 3556 171 23 Glamorganshire,
1486 3556 52 18 Lord
1557 3558 25 17 A-
1625 3559 55 22 Long

1322 3577 52 22 dare,
1383 3578 63 17 lalbot
1458 3582 11 13 s
1551 3587 5 7 .
1603 3579 115 23 Yorkihire,-
1730 3581 61 23 (west)
1804 3581 51 18 Hon.
1868 3582 19 18 S.

1303 3598 147 22 Hertfordshire,
1457 3599 50 18 Lord
1520 3599 62 19 Grim-
1608 3600 3 4 '
1626 3601 91 19 Wortley,
1725 3602 99 18 Dennison

97 1288 25 25 A
140 1289 78 32 public
236 1292 101 30 meeting
355 1299 47 15 was
421 1292 53 23 held
496 1293 25 23 in
542 1293 38 27 tlje
602 1294 52 24 Ex-

64 1328 89 38 change
153 1337 4 4 1
164 1330 45 24 last
220 1330 75 31 night,
315 1331 157 32 W.Guyton,
492 1333 69 32 Esq.,
581 1335 25 23 in
619 1335 36 24 the

63 1370 75 29 'chair,
151 1372 45 22 and
207 1379 47 16 was
265 1379 55 25 very
333 1373 146 32 numerously
491 1375 54 29 and,
555 1381 100 26 respect-

66 1411 53 31 ably
131 1412 115 24 attended.
282 1413 41 23 All
336 1413 37 24 the
385 1414 136 24 resolutions
540 1413 67 33 (with
617 1417 37 23 the

65 1452 121 31 exception
208 1452 25 23 of
256 1452 38 24 the
313 1452 53 33 6th)
385 1460 57 17 were
464 1455 88 23 carried
572 1457 83 23 unani-

65 1491 99 31 mously.
180 1512 4 4 .
210 1492 36 24 To
267 1492 40 24 the
325 1493 49 29 6th,
395 1501 30 16 an
444 1495 148 24 amendment
610 1504 45 16 was

164 1532 31 31 by
216 1532 49 24 Mr.
290 1532 109 30 Hanson,
427 1534 45 24 and
498 1542 14 16 a
533 1535 55 31 long
612 1537 43 23 and

61 1572 117 23 animated
189 1572 128 24 discussion
337 1573 92 30 ensued,
451 1575 73 23 which
547 1576 73 24 ended
632 1577 22 24 in

64 1611 40 24 the
115 1612 109 31 rejection
235 1613 25 23 of
284 1613 39 24 the
344 1614 145 24 amendment
508 1615 32 32 by
561 1624 12 16 a
594 1617 61 31 large

65 1652 116 31 majority.

100 1692 52 24 The
171 1693 117 32 following
307 1701 37 17 are
363 1694 39 25 the
420 1696 137 25 resolutions
574 1698 82 30 agreed

68 1737 39 20 to:

63 1774 3 6 1
99 1772 87 24 Moved
204 1774 32 31 by
260 1774 48 25 Mr.
328 1775 142 32 Wicksteed,
494 1778 114 25 seconded
626 1779 30 31 by

65 1805 50 25 Mr.
129 1807 23 24 J.
166 1807 76 24 Smith
255 1806 92 33 (Union
360 1810 80 31 Bank)
449 1819 6 15 :

91 1845 130 28 Resolved,
251 1846 59 22 That
325 1848 103 31 previous
438 1850 133 26 experience
581 1850 27 22 of
620 1850 36 23 the

49 1889 3 6 ,
59 1872 135 22 (excellence
206 1873 25 21 of
239 1873 52 22 Port
301 1874 123 23 Nicholson
435 1883 24 14 as
469 1884 13 14 a
495 1877 110 27 Harbour,
618 1878 38 22 has

63 1899 59 21 been
140 1899 124 23 confirmed
282 1901 30 27 by
328 1901 38 22 the
380 1902 52 26 fact,
454 1903 47 22 that
519 1904 82 27 during
620 1904 36 23 the

64 1925 87 22 violent
167 1926 50 27 gale
232 1927 27 22 of
274 1927 38 22 the
330 1928 51 22 11th
395 1929 45 22 and
453 1930 49 24 12th
513 1931 103 27 instants,
627 1939 29 14 no

64 1953 74 24 vessel
153 1953 110 24 received,
273 1954 39 22 the
326 1955 105 27 slightest
453 1956 82 29 injury,
557 1965 24 15 or
601 1966 54 15 even

53 2003 4 5 t
66 1979 150 28 dr.aggedjier
225 1981 94 22 anchor.
527 2003 4 2 .
557 1999 4 2 .

90 2037 3 4 ,
100 2014 88 24 Moved
199 2014 31 31 by
242 2015 47 23 Mr.
300 2015 22 24 3.
338 2015 33 25 H.
385 2015 109 32 Wallace,
503 2019 113 24 seconded
626 2019 30 32 by

68 2047 40 24 the
120 2047 60 24 Rev.
195 2047 136 26 MTarlane
341 2057 5 16 ::

95 2086 130 27 Resolved,
256 2087 59 21 That
331 2087 37 22 the
393 2088 75 28 injury
486 2090 115 22 sustained
626 2090 29 28 by

66 2113 84 22 vessels
161 2113 75 22 bound
247 2114 33 21 for
291 2114 43 21 this
343 2118 57 23 port,
410 2123 63 14 arose
482 2116 59 22 from
551 2116 37 23 the
598 2122 57 18 want

65 2140 29 21 of
105 2148 13 13 a
128 2140 148 27 Light-house
287 2148 25 14 or
322 2141 77 27 Signal
413 2143 94 27 Station,
518 2144 46 21 and
580 2144 74 28 Pilots,

66 2170 24 18 to
100 2167 59 22 show
169 2167 37 23 the
221 2168 47 21 safe
286 2168 45 21 and
345 2176 59 20 open
413 2170 136 27 approaches
567 2175 21 18 to
604 2172 51 21 Port

66 2194 132 22 Nicholson.

101 2230 91 24 Moved-
197 2230 31 32 by
240 2230 48 25 Mr.
302 2231 79 30 Wade,
395 2233 112 24 seconded
519 2234 31 31 by
560 2235 95 32 Captain

61 2262 103 25 Rhodes
172 2268 42 19 i-^

96 2302 126 28 Resolved,
253 2302 58 23 That
328 2304 18 21 it
363 2304 19 22 is
398 2304 37 23 the
445 2305 55 29 duty
516 2307 27 21 of
557 2306 36 23 the
611 2308 44 22 Go-

67 2334 125 20 vernment,
202 2334 24 18 to
235 2331 93 27 appoint
337 2339 12 13 a
360 2332 207 30 Harbour-Master,
579 2335 45 22 and
634 2340 21 17 to

66 2356 52 22 take
128 2356 65 23 other
199 2365 114 15 measures
330 2361 21 18 to
362 2363 94 23 prevent
469 2360 37 22 the
521 2361 46 21 loss
581 2363 27 20 of
618 2362 37 22 life

66 2384 47 23 and
121 2388 112 24 property,
244 2384 30 28 by
282 2385 113 22 accidents
406 2386 33 22 off
444 2386 37 23 the
491 2387 83 23 Heads.

104 2419 86 24 Moved
200 2420 30 32 by
244 2421 48 24 Mr.
305 2421 79 29 Waitt,
398 2422 112 25 seconded
519 2424 32 31 by
562 2424 49 25 Mr.
623 2424 31 26 A.

70 2452 100 25 Ludlam
182 2462 6 15 ::

94 2491 128 29 Resolved,
253 2492 59 23 That
327 2494 23 21 in
367 2494 37 22 the
419 2494 113 24 estimates
547 2498 108 26 prepared

68 2518 31 28 by
110 2519 37 22 the
165 2519 155 23 Government
334 2521 35 21 for
376 2537 3 3 .
386 2522 37 20 the
440 2527 91 17 current
546 2532 61 19 year,
619 2525 36 22 the

66 2552 53 15 aum
136 2546 26 22 of
171 2546 86 24 .lOl6
275 2547 19 22 is
313 2548 108 27 proposed
440 2549 36 21 for
494 2549 38 23 the
552 2551 103 23 Harbour

66 2572 105 22 Master's
181 2573 142 27 department
338 2579 22 17 at
374 2576 128 27 Auckland,
514 2577 45 22 and
575 2579 48 22 60
632 2587 23 14 as

64 2599 77 28 salary
150 2600 35 21 for
193 2600 38 22 the
248 2602 123 21 conductor
387 2602 31 22 of.
424 2610 20 14 a.
454 2603 72 27 signal
541 2605 81 23 station
634 2610 21 18 at

65 2627 43 23 the,
115 2627 47 27 Bay
173 2627 25 21 of
209 2627 89 22 Islands
305 2636 6 19 ;
327 2629 73 21 whilst
414 2636 30 15 no
462 2631 112 27 provision
586 2633 69 23 what-

64 2661 53 15 ever
125 2654 19 21 is
155 2654 64 22 made
229 2655 35 21 for
273 2655 38 22 the
320 2656 128 22 necessities
458 2657 26 22 of
494 2658 44 22 this
548 2663 58 23 port.

98 2689 87 24 Moved
203 2690 32 31 by
258 2690 49 25 Mr.
334 2692 124 30 Crawford,
482 2694 113 25 seconded
624 2696 29 33 by

65 2722 52 24 Mr.
127 2723 30 24 F.
170 2723 32 24 A.
214 2724 76 24 Moles
293 2725 85 23 worth:

93 2762 127 28 Resolved,
345 2764 38 22 the
406 2773 126 16 commerce
556 2767 26 22 of
602 2769 52 22 Port

65 2788 126 23 Nicholson
205 2791 105 21 exceeds-
319 2791 48 22 that
383 2792 26 21 of
424 2793 121 23 Auckland
558 2795 44 21 and
619 2795 35 23 the

64 2815 49 28 Bay
120 2816 27 21 of
154 2816 88 22 Islands
251 2817 91 27 united.;
353 2818 49 22 that
407 2819 18 21 it
434 2819 19 21 is
461 2820 87 27 rapidly
558 2821 96 22 increas-

63 2842 52 28 ing,:
132 2842 54 24 that,
196 2843 38 22 the
251 2845 102 21 Customs
365 2845 107 23 Revenue
488 2847 26 21 of
525 2849 56 21 New
599 2849 55 21 Zea-

62 2866 55 25 land
131 2870 21 21 is
168 2870 134 28 principally
312 2871 108 22 collected
434 2876 24 18 at
475 2873 43 21 this
528 2873 53 23 Port
588 2882 7 19 ;
611 2877 43 21 and

62 2896 50 22 that
120 2896 40 22 the
167 2897 106 22 omission
285 2898 27 21 of
318 2897 29 23 all
357 2899 101 22 mention
467 2900 26 21 of
500 2900 53 22 Port
564 2901 90 23 Nichol-

61 2930 43 15 son
120 2923 110 23 indicates
247 2925 146 22 indifference
413 2933 25 14 or
456 2926 101 29 hostility
568 2927 29 23 Vo
618 2929 36 23 the

61 2950 91 23 welfare
159 2951 27 23 of
192 2951 40 22 her
242 2952 118 27 Majesty's
371 2953 98 26 subjects
475 2954 81 22 settled
566 2955 60 24 here.

94 2987 119 31 Proposed
232 2988 31 31 by
289 2988 49 24 Mr.
364 2988 101 30 Brewer,
487 2990 114 25 seconded
623 2992 30 29 by

63 3019 45 25 Dr.
122 3019 80 25 Evans
211 3030 6 14 :

89 3058 132 28 Resolved,
251 3059 60 23 That
329 3060 141 28 considering
487 3061 18 23 it
523 3062 85 29 useless
630 3066 22 21 to

53 3085 75 28 .apply
133 3085 39 24 (for
180 3087 89 21 redress
278 3091 23 17 to
315 3087 44 22 .the
374 3087 156 24 Government
540 3090 26 21 of
577 3091 76 22 Auck-

60 3111 61 27 land,
130 3111 18 22 it
158 3120 18 14 is
186 3113 122 27 expedient
315 3118 23 18 to
347 3117 59 19 state
415 3122 41 15 our
466 3123 50 14 case
524 3119 24 19 to
559 3117 37 22 the
608 3118 45 21 Go-

59 3143 124 19 vernment
195 3139 25 22 in
238 3141 121 28 England.;,
369 3141 46 23 and
432 3142 49 22 that
496 3150 13 15 a
525 3145 127 22 committee

60 3165 125 28 composed,
199 3167 27 21 of
237 3167 38 23 the
291 3168 116 28 following
423 3169 135 27 gentlemen,
569 3171 28 22 be
615 3179 37 21 ap-

60 3193 93 26 pointed
164 3197 22 17 to
194 3193 60 23 draw
263 3202 30 20 up
303 3202 13 14 a
331 3199 120 19 statement
467 3197 56 22 and,
525 3197 105 25 forward-
635 3199 26 22 it

62 3223 24 18 to
153 3219 63 28 HoUj
232 3221 92 23 Francis
340 3222 90 28 Baring,
445 3223 68 28 M.P.,
524 3224 9 9 r
528 3224 46 22 and

61 3246 92 28 Temple
162 3247 93 28 Leider,
268 3249 59 28 Esq.,
340 3249 68 26 M.P.,
418 3251 130 27 requesting
557 3251 63 24 them
625 3259 36 16 w

59 3273 66 28 bring
135 3273 38 23 the
184 3275 86 27 subject
280 3275 72 23 under
362 3276 37 23 the
409 3281 75 18 notice
493 3277 25 22 of
525 3278 39 22 the
574 3279 77 23 House

59 3301 27 21 of
92 3301 131 28 Commons,
234 3301 46 23 and
289 3303 30 21 of.
327 3302 46 23 the.
376 3303 99 25 Queen's
486 3304 125 24 Ministers.

87 3327 83 23 Names
179 3348 4 3 .
193 3329 27 21 of
240 3329 38 22 the
289 3344 3 4 .
298 3330 132 23 Committee
439 3339 5 14 :
477 3331 44 22 Mr.
543 3332 105 27 Hanson,

58 3353 40 23 Dr.
114 3355 82 28 Evans,
213 3356 46 22 Mr.
272 3356 75 28 Wade,
363 3357 44 22 Mr.
420 3358 76 28 Waitt,
514 3358 45 23 Mr.
577 3360 74 23 Wick-

58 3381 68 24 steed.

92 3417 51 24 The
155 3422 120 21 statement
288 3425 22 19 to
322 3420 37 24 the
371 3420 110 33 Imperial
494 3422 155 31 Parliament,

143 3451 38 24 the
193 3452 136 25 Committee
345 3463 38 15 are
395 3456 142 31 empowered
549 3461 28 19 to'

58 3491 39 24 up,
110 3484 45 24 will
172 3485 30 23 lie
223 3490 24 19 at
265 3486 39 24 the
322 3487 127 33 Exchange
465 3489 35 24 for
512 3503 2 7 .
521 3491 127 31 signature.

58 3516 97 25 Thanks
167 3525 58 17 were
245 3518 56 25 then
312 3521 67 24 voted
392 3527 23 18 to
436 3522 48 25 Mr.
498 3523 104 32 Guyton,
615 3524 34 24 for

57 3549 37 24 his
106 3551 51 23 able
169 3552 97 24 conduct
277 3553 25 23 in
310 3553 37 24 the
360 3554 70 30 chair,
439 3556 45 24 and
496 3557 39 24 the
547 3558 101 32 meeting

58 3583 73 26 broke
142 3592 39 24 up.
327 3593 6 6 '
478 3586 3 7 '
517 3588 4 7 '
537 3593 29 12 >(--

93 3624 97 33 Captain
202 3626 96 25 Rhodes
307 3635 44 16 was
365 3628 54 24 then
431 3630 72 24 called
515 3635 23 21 to
536 3631 5 6 v
548 3633 98 31 preside,

56 3658 45 23 and
108 3658 38 24 the
153 3659 116 33 following
279 3662 140 30 proposition
427 3670 45 16 was
481 3666 83 29 agreed
574 3671 23 18 to
606 3675 7 16 :

91 3698 84 25 Moved
195 3699 32 32 by
247 3701 48 25 Mr.
317 3701 77 30 Wade,
416 3704 113 24 seconded
547 3705 30 32 by
595 3707 49 24 Mr.

54 3731 159 30 greenwood:

87 3769 126 25 Resolved.
242 3772 59 22 That
316 3781 24 14 as
362 3781 14 15 a
390 3774 135 28 provisional
543 3783 103 22 arrange-

58 3800 69 25 ment,
145 3798 159 28 subscriptions
319 3800 26 22 be
361 3802 92 21 entered
473 3802 48 22 into
531 3806 23 19 to
565 3809 59 17 erect
633 3812 13 15 a

60 3826 127 26 temporary
197 3825 146 28 Light-house
352 3828 161 28 immediately,
524 3830 45 22 and
579 3832 67 27 apply

58 3849 35 23 for
101 3858 74 19 power
185 3853 85 27 to,levy.
276 3853 57 27 light
341 3854 54 23 dues
406 3862 29 15 on
454 3856 108 30 shipping
569 3863 75 17 enter-

57 3883 41 20 ing
106 3877 39 21 the
155 3878 56 27 port;
221 3879 37 24 for
273 3880 51 23 the,
329 3888 93 21 purpose
437 3882 26 21 of
477 3882 118 29 defraying
608 3884 36 23 the

59 3910 114 19 expenses.
192 3905 59 22 That
259 3906 38 22 the
306 3907 116 29 Company
432 3908 44 23 will
486 3910 51 26 give
547 3916 31 22 up
587 3911 57 23 their

55 3929 68 28 Tight,
140 3931 62 22 when
217 3933 103 28 required
336 3935 26 21 of
372 3934 62 23 them
451 3936 26 21 of
488 3936 38 23 the
541 3938 102 23 Govern-

58 3960 71 23 ment,
138 3964 24 15 or
171 3958 144 28 Corporation
327 3961 25 22 of
362 3960 145 30 Wellington.

788 1415 4 9 '
808 1408 152 23 MEMKMIS
975 1408 177 23 RETURNED.

711 1442 48 23 The
769 1442 113 27 following
889 1443 2 12 !
893 1442 42 22 is'a
943 1461 3 7 t
950 1441 37 23 list
1000 1441 26 22 of
1039 1442 111 22 members
1165 1444 105 22 returned

684 1471 36 21 for
726 1471 38 20 the
775 1476 48 15 new
834 1469 136 21 Parliament
976 1476 5 19 ;
998 1469 62 21 those
1070 1469 164 28 distinguished
1245 1471 25 28 by

685 1505 29 14 an
724 1497 14 21 S
749 1504 38 14 are
797 1496 82 27 Whigs.

684 1531 101 20 Abingdon,
794 1530 78 16 Duffield

684 1552 90 18 Andover,
789 1551 46 17 Lord
848 1551 26 16 W.
886 1551 56 21 Pagot
952 1554 15 16 I,

706 1572 65 18 Etwall
778 1577 9 12 s

684 1593 87 19 Arundel,
780 1593 47 17 Lord
834 1592 80 17 Fitzalan
922 1596 9 12 a

684 1615 110 18 Ashburton,
802 1614 75 16 Jardine
884 1618 9 12 s

684 1637 25 16 As
712 1638 10 14 I)
724 1637 36 17 ton,
769 1634 80 20 Hindley
856 1639 9 11 s

685 1657 104 20 Aylesbury,
827 1655 94 17 Ham.lton
952 1660 15 14 s,

706 1678 74 19 Clayton
790 1681 8 12 s

685 1699 90 19 Banbury,
784 1697 81 17 Tancred
872 1702 7 12 s

685 1719 111 20 Buritstaple,
805 1718 92 21 Hodgson,
910 1719 45 16 Gore

685 1740 52 19 Bath,
750 1740 76 16 Duncan
840 1744 15 14 s,
863 1739 86 17 Roebuck
960 1744 9 12 s

686 1761 110 18 Beaumaris,
804 1760 71 17 Colonel
888 1760 55 20 Paget
950 1765 8 12 s

686 1782 83 19 Bedford,
778 1782 49 20 Capt.
834 1780 65 18 Polhill
909 1782 60 16 Btuart

686 1803 131 18 Bedfordshire,
836 1802 46 17 Lord
900 1802 69 19 Alford,

707 1824 57 17 Astell

686 1845 102 18 Berkshire,
806 1843 75 21 Palmer,
905 1845 64 19 Pusey,

706 1866 47 17 Lord
760 1866 108 19 Barrington

686 1887 87 19 Berwick,
785 1887 61 15 Foster
858 1890 15 15 s,
885 1886 85 20 Hodgson

686 1907 92 21 Beverley,
787 1907 83 20 Townley
877 1912 15 14 s,
901 1907 53 21 Hogg

686 1928 90 21 BoAVdley,
785 1928 118 20 Winnington
911 1933 8 11 s

686 1949 130 21 Birmingham,
854 1949 64 16 Muntz
955 1954 14 14 s,

707 1970 105 18 Sdioleheld

686 1991 109 18 Blackburn,
803 1991 88 18 Fielding,
896 1990 74 20 Hornby

683 2010 86 19 -Bodmiii,
792 2010 56 20 Major
870 2010 66 16 Vivian
955 2014 14 15 s,

707 2031 47 17 Lord
762 2031 91 16 Liecster

685 2054 71 19 Bolton,
771 2052 103 17 Ainsworth
888 2056 15 15 s,
920 2052 51 16 Bow-

706 2078 41 17 nug
755 2078 8 12 s

686 2096 73 19 Boston,
768 2094 53 17 Duke
833 2098 13 15 s,
855 2094 105 21 Brownrigg

686 2116 92 18 Bradford,
787 2115 67 20 Hardy,
863 2115 58 16 Lister
928 2120 8 11 s

686 2138 76 18 Brecon/
768 2137 74 19 Morgan

686 2158 124 18 Breconshire,
819 2156 72 18 Colonel
899 2156 56 17 Wood

686 2179 125 21 Bridgenorth,
824 2177 105 20 Whitmore,
942 2177 29 17 Sir

707 2201 22 16 B.
740 2200 52 21 Pigot

686 2221 127 22 Bridgewater,
855 2219 114 20 Broadwood,

707 2244 83 18 Forman,

685 2264 90 20 Bridport,
811 2262 109 18 Warburton
955 2268 14 15 s,

707 2285 82 17 Mitchell
797 2289 7 12 s

686 2306 93 21 Brighton,
795 2304 72 18 Pechell
879 2309 16 16 s,
910 2306 61 21 Whig-

707 2332 35 16 iiey
749 2332 9 12 s

685 2348 72 20 Bristol,
767 2348 58 19 Miles,
834 2348 90 21 Burkeley
931 2353 9 11 s

685 2370 132 20 Buckingham,
840 2369 28 15 Sir
881 2369 21 16 T.
918 2369 53 16 Free-

705 2391 74 19 mantle,
788 2391 28 16 Sir
823 2389 16 16 J.
848 2389 105 17 Chetwoode

684 2413 56 20 Bury,
749 2412 72 16 Walker
829 2415 8 11 s

684 2435 49 19 Bury
755 2434 28 16 St.
800 2432 100 20 Edmunds,
923 2433 47 16 Lord

705 2455 81 20 Jermyn,
799 2454 45 16 Lord
857 2454 18 15 C.
882 2454 72 21 Fitzroy
961 2458 8 12 s

685 2476 61 18 Calne,
754 2475 47 17 Lord
808 2475 100 16 Shelburne

685 2496 159 20 Cambridgeshire,
871 2496 48 16 Hon.
948 2497 21 16 E.

707 2517 66 20 Yorke;
781 2518 63 18 Eaton,
855 2516 51 17 Allix

685 2539 110 20 Cambridge,
816 2539 70 18 Sutton,
904 2539 28 16 Sir
947 2539 22 17 A.

707 2562 57 15 Grant

684 2581 105 21 Cambridge
797 2580 110 22 University,
915 2581 55 17 Goul-

706 2603 67 16 bourne
781 2602 42 16 Law

684 2624 115 19 Canterbury,
865 2623 103 20 Bradshaw,

705 2644 75 20 Sraythe

684 2665 70 19 Cardiff,
763 2665 72 17 Nicholl

684 2686 93 21 Cardigan.
786 2686 78 17 Harford

684 2707 70 20 Carlile,
762 2707 101 20 Howard's;
872 2708 88 17 Marshall

684 2729 123 19 Carmarthen,
816 2729 65 17 Morris
889 2734 9 12 s

684 2750 108 19 Carnarvon,
800 2750 75 20 Hughes

684 2770 94 20 Chatham,
787 2770 52 21 Byng
845 2775 9 12 g
863 2777 3 3 -

683 2791 123 19 Cheltenham,
815 2791 89 22 Berkeley
912 2797 8 12 t

683 2813 79 18 Chester,
768 2812 45 16 Lord
821 2812 22 17 H.
849 2814 119 19 Grosvenori,

704 2833 59 17 Jervis
771 2837 9 12 s

684 2854 109 20 Chichester,
802 2854 48 17 Lord
857 2854 22 18 A.
886 2855 82 21 Lennox,

705 2877 17 16 J,
729 2875 23 17 A.
760 2875 59 17 Smith
827 2880 8 12 s

683 2896 130 22 Chippenham;
849 2896 19 17 J.
903 2897 65 21 Neeld,

705 2918 78 18 Boldero

683 2938 133 20 Christchurch,
830 2938 65 22 Hants,
908 2940 28 17 Sir
947 2941 21 17 G.

704 2960 24 18 H.
736 2960 49 16 Rose

683 2983 116 17 Cirencester,
808 2981 74 20 Master,
891 2983 63 21 Crippg

674 3003 102 17 iClitheroe.
787 3000 66 19 Wilson
862 3007 9 12 a

673 3023 4 4 '
682 3023 138 20 Cockermouth,
842 3023 89 22 Aglionby
952 3030 15 14 s,

703 3045 92 17 Horsman

681 3065 108 20 Colchester,
811 3065 29 17 Sir
862 3066 20 16 G.
897 3066 69 21 Smyth,

703 3087 99 17 Sanderson

681 3109 94 19 Coventry,
784 3107 57 17 Ellice
853 3112 14 15 s,
877 3108 90 17 'Williams

681 3128 100 19 Cricklade,
805 3128 65 20 Neeld,
892 3129 75 21 Captain

703 3150 78 18 Howard
788 3153 9 12 s

681 3167 115 24 Dartmouth,
804 3171 29 17 Sir
839 3171 17 16 J.
865 3171 50 17 Scale

681 3191 114 21 Derbyshire,
823 3192 69 20 (north)
917 3193 49 17 Hon.

672 3216 2 3 1
702 3212 100 18 Cavendish
810 3217 15 15 s,
834 3213 61 17 Evans

672 3234 74 20 ;Derby,
755 3231 63 21 Sthitt,
827 3233 96 23 Ponsonby
929 3239 9 12 s

671 3255 92 20 Devizes,
778 3255 93 18 Sotheron,
879 3256 87 21 Heneage

680 3277 110 19 Devonport,
799 3275 75 17 Tufnell
886 3280 14 16 s,
909 3277 28 17 Sir
945 3278 21 16 G.

702 3298 50 19 Grey,
760 3301 9 12 s
776 3312 3 5 ,
826 3298 2 3 '
906 3306 15 15 L

679 3319 70 18 Devon,
766 3317 75 21 (north,)
856 3318 27 17 Sir
905 3318 22 18 T.
942 3319 22 17 D.

701 3338 75 19 Acland,
786 3339 62 16 Bucke

679 3360 119 19 Devonshire,
806 3360 75 20 (south,)
888 3360 28 17 Sir
923 3361 36 17 J.Y

700 3378 68 24 Buller/
775 3380 46 17 Lord
829 3381 100 21 Courtenay

679 3402 114 19 Doroh.es'tar.,
807 3402 28 16 Sir
849 3402 18 16 J.
879 3402 84 21 Graham,

700 3425 50 17 Hon.
758 3423 28 21 H;,
791 3421 67 22 Ashley

679 3444 120 19 Dorsetshire,
801 3452 5 7 v
821 3444 47 17 Lo.d
889 3445 73 21 Ashley,

700 3465 134 19 Sturtrankes
851 3476 8 5 -
863 3478 3 7 ,
869 3476 4 2 -

678 3504 89 25 Diflbijn,
776 3506 49 17 Maid
827 3507 68 21 waring

677 3526 221 23 Droltwich.'Packington

676 3550 78 21 Dudley,
762 3548 44 17 Haw
809 3549 33 16 kes

675 3570 89 20 Durham,
774 3570 87 20 Grainger
868 3575 13 14 s,
891 3571 71 22 Fitzroy

676 3593 64 19 Essex,
762 3591 75 21 (north,)
858 3591 28 17 Sir
914 3593 48 16 John

698 3612 68 23 Tyrrel,
773 3612 67 16 Round

675 3633 98 20 Evesham,
795 3633 47 17 Lord
868 3633 25 18 M.
915 3634 46 21 Hill,

696 3654 104 19 Borthwick

675 3677 73 19 Exeter,
756 3675 71 20 Follett,
835 3675 63 17 Divett

675 3698 44 21 Eye,
726 3698 29 15 Sir
762 3697 22 16 E.
793 3696 85 17 Kerrison
887 3702 8 11 s

675 3718 102 19 Falmouth,
794 3718 75 20 Captain
887 3718 72 21 Vivian,

696 3739 75 21 Captain
780 3738 103 21 Plumridge
891 3743 8 13 s

674 3760 95 20 Finsbury,
799 3759 78 22 Wakley,
909 3760 52 18 Dun-

696 3781 51 18 comb

673 3802 54 19 Flint,
735 3801 29 17 Sir
771 3801 24 17 R.
802 3802 28 16 W.
837 3802 90 21 Bulkeley

673 3820 170 23 Frome,'Sh,eppard

673 3842 107 20 Gateihead,
789 3844 46 16 Hun
842 3848 9 11 s

672 3865 111 18 Gloucester,
802 3880 4 3 .
826 3864 88 21 Berkeley
942 3870 15 15 i,

693 3884 97 21 Phillpotti
800 3889 8 12 i
815 3899 1 3 ,

672 3905 110 19 Gloucester,
797 3905 61 21 (east,)
873 3906 81 22 Codring-

693 3928 35 17 ton,
741 3926 48 16 Hon.
799 3926 17 16 F.
825 3927 89 18 Charteris

671 3946 159 20 Gloiiceiterihire,
838 3946 69 22 (west,)'
914 3949 44 17 hon.

691 3969 22 16 G.
722 3966 86 22 Berkeley
817 3973 15 15 s,
841 3969 47 17 Hale

989 1532 105 17 Grantham,
1107 1532 79 19 Whelby,
1199 1532 42 16 hon.
1253 1532 19 16 F.

1009 1550 115 17 Tollemache

989 1570 111 21 Greenwich,
1112 1572 76 17 JDundas
1201 1578 15 15 s,
1230 1573 44 17 Bar-

1010 1593 45 15 nard
1063 1597 7 11 s

990 1612 88 21 Grimsby,
1087 1613 85 22 Heneage
1178 1620 9 11 s

990 1633 99 20 Guildford,
1098 1635 81 21 Mangles
1187 1641 14 15 s,
1213 1636 44 16 Wall
1265 1641 9 11 s

989 1654 80 20 Halifax,
1077 1655 97 18 Protheroe
1181 1662 15 14 s,
1204 1657 53 16 Wood
1265 1662 9 11 s

990 1676 115 20 Hampshire,
1111 1678 74 19 (north,)
1193 1678 81 19 Lefevre,

1011 1697 100 17 Heathcote

990 1716 152 23 Haverfordwest,
1164 1719 29 17 Sir
1211 1720 23 17 R.
1253 1720 22 16 B.

1011 1738 78 21 Phillips
1096 1744 8 11 s

990 1759 91 20 Harwich,
1104 1760 88 22 Attwood,
1218 1762 58 20 Major

1012 1780 104 18 Berresford

991 1801 93 21 Hastings,
1098 1803 69 19 Planta,
1179 1804 79 16 Hollond
1266 1808 8 12 s

992 1822 82 19 Helston,
1083 1824 27 16 Sir
1120 1824 22 16 R.
1151 1824 65 17 Vivian

992 1843 94 20 Hereford,
1098 1845 96 17 Hobhouse
1202 1851 15 14 s,
1223 1845 53 17 'Clive

992 1864 143 21 Herefordshire,
1150 1866 68 21 Bailey,
1233 1867 44 16 Bas-

1012 1885 81 21 kerville,
1102 1887 80 16 Hoskms

992 1906 90 20 Hertford,
1095 1907 46 17 Lord
1153 1908 73 20 Mahon,
1234 1909 43 16 hon.

1014 1927 27 16 W.
1049 1927 72 21 Cowper

992 1947 93 21 Honitoi),.
1088 1949 73 17 Colonel
1173 1950 24 17 H.
1206 1950 70 20 Baillie,

1014 1968 99 23 Al'Geachy

992 1989 97 19 Horshani,
1100 1991 75 16 Scarlett
1277 1994 2 14 :

992 2008 133 21 Hudderslield,
1135 2011 96 17 Stansfield
1239 2016 9 12 s

991 2029 51 19 Hull,
1051 2030 93 20 Hammer,
1154 2032 61 16 James

991 2050 126 21 Huntingdon,
1124 2052 37 17 Col.
1168 2053 47 20 Peel,
1225 2054 52 16 SirF.

1013 2071 73 17 Pollock

992 2092 67 20 Hythe,
1069 2094 121 20 Majoribanks

990 2113 84 21 Ipswich,
1089 2115 65 17 Wason
1169 2120 13 15 s,
1196 2116 80 21 Runnie,

1009 2134 41 20 jun.
1058 2140 9 11 s

992 2155 76 20 Kendal,
1077 2157 56 17 Wood
1140 2162 9 12 s

992 2175 54 21 Kent,
1055 2178 59 20 (east,)
1125 2179 28 16 Sir
1164 2179 20 17 E.
1197 2179 80 17 Knatch-

1013 2198 43 19 bull,
1065 2199 93 21 Plutnptre

992 2218 54 20 Kent,
1062 2221 64 19 (west,)
1137 2221 29 16 Sir
1175 2222 21 16 E.
1204 2222 72 20 Filmer,

1012 2240 48 17 -Lord
1067 2242 93 16 Marsnam

992 2260 150 22 Kidderminster,
1151 2263 72 17 Godson

992 2282 156 22 Knaresborough,
1195 2285 81 21 lawson,

1013 2303 80 17 Ferrand

990 2323 94 22 Lambeth,
1100 2325 65 17 Hawes
1179 2332 15 14 s,
1206 2327 17 17 D
1230 2332 48 16 _yn-

1013 2349 51 13 cuurt
1070 2351 9 12 s

991 2365 114 23 Lancashire,
1133 2369 76 20 (north,)
1231 2370 47 17 Lord

1013 2388 80 21 Stanley,
1101 2389 16 17 J.
1126 2389 28 18 W.
1162 2390 65 17 Patten

991 2408 104 21 Lancaster,
1104 2412 73 18 Greene,
1186 2412 71 17 Marton

991 2430 119 20 Launceston,
1120 2433 27 16 Sir
1155 2433 121 21 H.Hardinge

992 2450 61 21 Leeds,
1063 2452 72 21 Becket,
1145 2454 64 16 Aldam
1216 2459 9 11 s

992 2472 94 20 Leicester,
1095 2475 88 20 iiastliope
1191 2480 15 15 s,
1215 2476 43 16 Ellis
1267 2480 9 12 s

991 2494 96 19 Leicester,
1096 2496 73 19 (north,)
1182 2497 29 16 Ld
1224 2497 53 17 Man-

1013 2519 48 15 ners,
1070 2516 91 17 Farnham

991 2535 118 21 Leominster,
1129 2537 110 23 Greenaway
1260 2545 14 15 s,

1015 2556 78 21 Wigram

991 2577 67 21 Lewes,
1074 2579 78 17 Harford
1170 2586 13 14 s,
1201 2583 75 20 Elphin-

1013 2602 52 14 stone
1072 2604 9 12 s

990 2620 92 20 Lichfield,
1091 2621 55 22 Paget
1153 2627 15 16 s,
1175 2626 63 16 Anson
1246 2631 8 11 i

990 2642 81 19 Lincoln,
1091 2643 72 17 Colonel
1182 2647 94 17 Sibthoroe

1013 2662 64 17 Collett

990 2683 92 21 Liskeard,
1092 2685 17 17 C.
1119 2685 62 19 Buller
1188 2692 10 12 s

990 2704 99 21 Liverpool,
1098 2707 78 21 Sandon,
1184 2710 93 19 Cresswell

990 2725 80 21 London,
1078 2728 44 20 (city
1126 2729 32 20 of,)
1164 2730 56 20 Lyall,
1229 2732 48 17 Mas-

1012 2749 77 18 terman,
1101 2748 46 18 Lord
1158 2751 17 17 J.
1186 2752 90 20 Russels,

1012 2769 29 15 Sir
1048 2769 26 17 M.
1083 2770 54 17 Wood
1145 2776 8 12 s

990 2789 80 20 Ludlow,
1079 2791 82 21 Botfield,
1169 2793 60 19 Acker

991 2810 62 21 Lyme,
1063 2812 69 21 Pinney
1139 2818 9 12 s

990 2831 115 21 Lymington,
1158 2835 116 23 Mackinnon,

1013 2852 76 18 Stewart

990 2873 58 21 Lynn,
1056 2874 46 18 Lord
1115 2877 21 17 G.
1143 2878 96 22 Bentinck,
1248 2881 28 16 Sir

1011 2894 18 16 S.
1037 2894 83 24 Canning

990 2915 126 22 MacclesneJd,
1124 2920 129 19 Brocklehurst
1259 2927 15 14 s,

1012 2936 110 21 Grimsditch

989 2957 109 22 Maidstone,
1106 2961 58 22 Hope,
1173 2964 52 17 Dodd

989 2981 159 19 JllaJdon.Quintin
1154 2985 121 19 Dick.Round

989 3000 127 23 Malmesbury,
1124 3005 79 18 Howard
1210 3011 9 12 s

989 3020 76 20 Malton,
1080 3022 81 21 Childers
1174 3031 14 16 s,
1206 3028 69 17 Denni-

1009 3045 33 12 son
1052 3047 10 12 s

989 3063 120 22 Manchester,
1128 3067 81 22 Phillips,
1232 3070 43 17 Gib-

1009 3088 33 13 son
1052 3090 10 12 s

989 3104 132 25 Marlborough,
1139 3110 46 17 Lord
1208 3112 64 20 Bruce,

1009 3126 25 17 H.
1042 3127 21 17 B.
1070 3129 69 22 Baring

988 3146 79 22 Marlow,
1088 3150 92 22 Williams,
1201 3154 28 17 Sir
1246 3154 28 17 W.

1008 3169 74 21 Clayton
1090 3176 9 12 i

986 3188 122 25 Marylebone,
1124 3195 28 16 Sir
1166 3196 21 16 B.
1200 3195 44 18 Hall
1257 3202 15 14 s,

1008 3211 116 20 Commodore
1132 3216 67 21 Napier
1206 3221 9 12 s

987 3231 156 25 Merionethshire,
1152 3237 90 18 Richarda

986 3251 160 26 Menhyr-Tydvil,
1155 3258 57 17 Guest
1218 3264 9 11 s
1253 3272 3 7 ,

986 3273 108 23 Middlesex,
1110 3278 53 21 Byng
1174 3284 13 15 ,
1201 3280 37 18 Col.
1251 3281 20 17 T.

1009 3297 54 14 Wood

985 3314 99 24 Midhurst,
1093 3320 28 16 Sir
1128 3320 22 17 R.
1156 3320 21 18 B.
1183 3322 88 19 Seymour

985 3336 114 24 Monmouth,
1107 3341 73 17 Blcwitt
1187 3347 10 12 s

985 3357 164 24 Monmouthshire,
1171 3363 47 18 Lord
1240 3365 31 16 So-

1007 3383 70 18 merset,
1088 3383 74 17 Mordan

985 3400 129 25 Montgomery,
1130 3404 139 24 Cholmondeley

985 3423 179 22 Montgomeryshire,
1173 3426 71 19 Wynne

985 3441 88 23 Morpeth,
1082 3445 78 18 Howard
1168 3452 8 12 s

984 3463 85 22 Newark,
1083 3466 46 17 Lord
1145 3468 17 16 J.
1176 3468 92 22 Mannen,

1006 3485 97 19 Gladstone

984 3506 195 25 Newcastle-on-Tyne,
1199 3511 37 17 Ord
1253 3517 17 15 s,

1005 3528 62 18 Hinde

983 3549 101 18 Newcastle
1119 3552 57 17 under
1213 3553 54 21 Lyne,

1004 3570 87 22 Buckley,
1099 3572 63 17 Harris
1169 3578 9 12 s

983 3591 90 21 Newport,
1085 3593 36 16 Isle
1128 3594 21 15 of
1157 3593 66 23 Wight,
1231 3595 38 17 Ha-

1004 3612 70 20 milton,
1082 3614 68 16 Martin

982 3633 82 20 Norfolk,
1072 3635 65 20 (west,)
1147 3635 59 22 Bagge

983 3654 140 21 Nortliallerton,
1133 3656 103 21 Wrightson

982 3675 139 22 Northampton,
1147 3678 59 17 Smith
1251 3684 14 15 s,

1003 3697 62 17 Currie
1072 3703 9 11 s

981 3717 171 22 Northumberland,
1190 3721 77 19 (south,)

1002 3738 46 21 Bell,
1054 3739 60 21 Ogles
1259 3731 8 10 '

980 3760 90 19 Norwich,
1083 3761 68 21 Marqis
1166 3762 20 17 of
1199 3762 65 21 Douio,

1002 3781 58 17 Smith
1067 3786 9 13 s
1251 3792 10 11 ;,

980 3801 124 22 Nottingham,
1126 3804 99 19 Hobhouse
1243 3809 20 16 ,i,
1266 3802 4 7 ;

1001 3823 78 21 Larjk-nt
1086 3829 9 11 s
1107 3826 3 3 '

979 3844 168 21 Nottinghamshire
1153 3846 74 20 (south),
1232 3846 32 17 Ld.

1001 3865 80 19 Lincoln,
1089 3865 73 17 Colonel
1169 3866 95 18 Rolleston

979 3885 174 21 .Nottinghamshire,
1189 3888 76 20 (north,)

1000 3906 76 21 Knight,
1085 3906 115 19 Holdtworth

979 3926 83 20 Oldham,
1070 3927 74 18 Fielden
1153 3933 8 12 b

979 3947 122 21 Oxfordshire,
1108 3949 82 18 Johnson
1198 3955 14 14 i,
1218 3950 46 19 Lord

990 3969 82 20 Norrey*,
1080 3969 95 21 Harcourt,
1180 3971 84 21 Hcndley
1265 3981 2 5 ,

2024 135 173 17 LITERARY
2223 137 179 17 EXTRACTS.

1950 156 107 20 Private
2067 163 49 13 and
2133 157 86 21 Public
2229 159 122 20 Buldinqs
2363 166 25 13 in
2398 160 109 22 Chusan,

1921 183 73 20 The
2003 184 98 20 interiors
2111 184 26 20 of
2144 190 57 15 some
2210 186 25 20 of
2247 187 36 19 the
2294 187 76 20 houses
2380 193 52 14 were
2441 187 68 20 found

1921 210 124 26 beautifully
2055 211 108 21 furnished
2173 213 41 19 anal
2224 213 75 21 carved
2306 221 5 12 :
2327 220 41 13 one
2377 215 47 19 that
2432 215 19 19 is
2460 220 49 14 now

1922 237 100 27 occupied
2030 239 27 25 by
2061 240 35 18 the
2101 238 116 25 Governor,
2225 240 41 20 and
2271 241 92 19 believed
2370 243 21 18 to
2396 241 53 21 ha?e
2455 241 54 21 been

1921 265 36 19 the
1964 269 99 22 property
2069 266 23 19 of
2100 273 11 13 a
2118 267 87 26 literary
2210 267 115 25 character,
2336 274 47 19 was,
2393 269 60 19 when
2460 269 48 19 first

1922 292 88 25 opened,
2026 293 36 19 the
2072 293 84 21 wonder
2168 294 42 20 and
2227 295 124 20 admiration
2361 295 25 20 of
2399 295 36 20 all.
2462 296 47 20 Tho

1922 319 96 20 different
2024 322 127 23 apartments
2157 322 81 25 opened
2244 323 69 19 round
2319 323 35 19 the
2362 325 70 17 centre
2439 326 68 21 court,

1922 346 67 20 which
1998 347 18 19 is
2032 347 70 26 neatly
2111 348 52 20 tiled
2172 356 5 16 ;
2195 349 34 20 the
2239 349 72 24 doors,
2325 349 181 24 window-frames,

1922 373 41 19 and
1973 373 72 26 pillars
2056 375 44 19 that
2112 379 89 25 support
2211 376 35 20 the
2257 377 116 25 pent-roof,
2389 383 35 13 are
2434 383 75 14 carve-

1921 400 22 19 in
1954 401 36 19 the
1999 404 56 17 most
2070 401 72 21 chaste
2151 403 42 19 and
2208 403 89 20 delicate
2307 404 60 25 style,
2378 404 41 19 and
2429 404 35 20 the
2474 405 33 18 in-

1922 427 65 20 terior
1996 428 24 19 of
2035 429 35 19 the
2085 429 76 26 ceiling
2170 430 42 20 and
2224 431 101 20 wainscot
2335 437 35 14 are
2386 430 57 21 lined
2457 432 52 19 with

1921 454 117 25 fret-work,
2046 455 66 21 which
2118 457 18 19 it
2145 459 57 17 must
2211 457 51 20 have
2272 457 96 27 required
2376 458 34 20 the
2416 462 94 21 greatest

1922 483 70 25 nicety
2000 483 43 19 and
2053 489 45 13 care
2107 485 24 18 to
2147 484 52 20 have
2213 486 108 19 executed.
2350 485 44 20 The
2404 486 104 20 furniture

1922 515 41 14 was
1978 510 23 19 in
2017 510 36 20 the
2067 516 57 14 same
2138 509 97 28 keeping,
2253 512 101 26 denoting
2369 519 13 13 a
2396 512 73 26 degree
2487 514 25 19 of

1922 538 55 18 taste
1994 537 36 20 the
2041 537 89 20 Chinese
2146 538 51 19 have
2212 541 39 17 not
2265 539 23 20 in
2299 540 83 25 general
2396 540 66 20 credit
2476 540 35 21 for

1921 563 52 21 with
1988 570 33 14 us.
2049 564 43 21 The
2107 564 122 27 bed-places
2243 566 24 19 in
2285 567 34 19 the
2335 567 174 26 sleeping-apart-

1922 593 69 18 ments
1998 591 24 20 of
2029 592 35 19 the
2074 592 64 20 ladies
2147 599 52 14 were
2208 594 57 24 large
2271 594 139 24 dormitories,
2417 595 35 19 for
2459 595 51 26 they

1923 624 38 13 can
1978 618 75 26 hardly
2062 619 24 20 be
2097 620 66 19 called
2177 620 50 20 beds
2236 629 5 11 :
2259 624 23 17 at
2299 627 40 14 one
2352 628 74 13 corner
2435 622 24 19 of
2472 623 37 19 the

1923 651 59 14 room
1989 646 18 19 is
2015 652 12 13 a
2034 650 93 22 separate
2136 647 103 25 chamber,
2248 648 172 26 abouteightfeet
2427 655 76 20 square

1922 672 41 20 and
1982 673 35 20 the
2034 679 55 14 same
2102 674 23 19 in
2142 675 72 25 height
2224 683 4 15 ;
2247 676 36 19 the
2300 676 89 20 exterior
2398 676 25 20 of
2433 677 43 20 this
2489 677 20 20 in

1922 698 83 28 usually
2013 701 84 25 painted
2107 701 44 24 red,
2162 702 74 20 carved
2245 704 42 19 and
2297 704 38 25 gilt
2343 711 5 16 ;
2361 704 36 19 the
2410 707 99 17 entrance

1922 727 18 20 is
1952 728 91 25 through
2050 735 12 13 a
2069 729 89 20 circular
2167 732 104 23 aperture,
2283 731 59 20 three
2347 731 41 20 feet
2398 730 22 21 in
2431 731 79 20 diame-

1922 756 39 22 ter,
1972 755 50 19 with
2034 755 77 25 sliding
2119 757 87 25 pannels
2212 764 5 16 ;
2228 758 22 19 in
2258 758 36 19 the
2302 758 86 20 interior
2394 758 18 20 is
2420 765 13 13 a
2442 756 69 22 couch

1923 782 23 19 of
1961 782 56 25 large
2027 784 141 24 proportions,
2185 785 88 19 covered
2283 785 49 19 with
2342 792 12 13 a
2365 785 41 20 soft
2416 789 42 16 mat
2467 786 44 20 and

1922 809 59 20 thick
1992 810 91 19 curtains
2093 810 23 19 of
2130 811 108 20 mandarin
2249 812 42 20 silk
2299 820 5 16 ;
2320 813 36 19 the
2366 813 66 19 inside
2443 813 24 20 of
2472 813 37 20 the

1971 837 18 19 is
1999 837 94 26 polished
2104 838 41 19 and
2155 839 91 25 painted,
2262 840 42 19 and
2313 846 12 13 a
2335 840 54 21 little
2399 840 58 20 chair
2466 840 43 20 and

1922 864 56 19 table
1994 870 35 14 are
2045 865 34 20 the
2097 866 116 25 remaining
2229 866 105 20 furniture
2344 867 24 20 of
2382 867 42 20 this
2440 871 69 17 extra-

1922 891 98 27 ordinary
2026 891 123 27 dormitory.
2178 888 66 31 lilany
2252 894 25 20 of
2284 894 35 20 the
2326 895 70 25 public
2403 895 106 25 buildings

1922 919 81 19 excited
2025 922 58 22 great
2104 921 155 20 astonishment
2285 928 76 19 among
2379 923 60 19 those
2461 923 48 19 who

1922 945 83 21 fancied
2022 948 50 25 they
2090 953 52 14 were
2157 948 24 20 in
2197 954 12 14 a
2225 949 47 19 half
2274 949 119 20 -barbarous
2410 952 98 23 country.

1921 973 64 19 Their
2003 974 70 25 public
2091 975 92 20 arsenals
2200 982 53 14 were
2267 977 68 19 found
2354 977 87 20 stocked
2457 977 52 20 with

1921 1006 96 20 weapons
2035 1001 34 24 of.
2076 1008 62 20 every
2156 1003 136 26 description,
2312 1005 73 25 placed
2404 1005 49 19 with
2472 1005 37 20 the

1921 1031 91 22 greatest
2022 1031 95 19 neatness
2130 1031 47 21 .and
2193 1031 114 26 regularity
2315 1032 23 19 in
2345 1032 54 20 their
2412 1032 99 20 different

1922 1058 161 23 compartments
2091 1064 7 17 ;
2114 1057 37 21 the
2163 1058 80 20 clothes
2257 1059 36 20 for
2309 1060 35 19 the
2353 1059 87 20 soldiers
2456 1065 54 14 were

1921 1083 92 19 likewise
2029 1084 99 24 ticketed,
2145 1085 94 24 labelled,
2261 1086 42 19 and
2320 1086 79 26 packed
2414 1087 22 20 in
2453 1086 56 26 large

1921 1111 92 25 presses';
2025 1111 40 19 and
2076 1112 35 19 the
2116 1119 83 19 arrows,
2210 1114 69 19 which
2290 1114 54 20 from
2355 1114 55 20 their
2419 1114 41 20 size
2468 1114 42 20 and

1921 1139 96 24 strength
2027 1138 54 20 drew
2088 1140 115 25 particular
2218 1141 111 25 attention,
2346 1148 52 14 were
2408 1142 102 26 carefully

1921 1165 42 19 and
1979 1166 115 26 separately
2104 1167 108 25 arranged.
2241 1168 32 20 To
2290 1169 51 20 each
2357 1170 81 19 arsenal
2447 1170 17 19 is
2474 1172 34 17 at-

1921 1192 75 20 tached
2005 1199 12 13 a
2025 1194 125 25 fire-engine
2166 1195 79 20 similar
2261 1198 23 17 to
2295 1196 59 20 those
2370 1197 52 19 used
2435 1197 74 20 in'our

1922 1226 46 13 own
1988 1223 96 24 country.
2127 1222 46 20 The
2193 1222 142 21 Government
2353 1224 157 26 pawnbrokers

1923 1248 52 25 shop
1982 1254 41 13 was
2033 1248 44 20 also
2085 1249 13 19 a'
2105 1255 75 14 source
2186 1250 24 20 of
2217 1250 89 21 interest
2312 1259 4 12 :
2327 1251 23 20 in
2359 1252 18 19 it
2386 1258 52 13 were
2443 1252 67 20 found

1922 1274 80 21 dresses
2010 1276 42 19 and
2061 1276 83 21 articles
2154 1278 24 19 of
2186 1284 62 20 every
2255 1278 59 24 kind,
2325 1279 105 25 evidently
2438 1279 72 26 thingg

1921 1302 113 26 belonging
2050 1305 21 18 to
2088 1304 37 20 the
2140 1311 66 19 upper
2220 1312 21 13 as
2255 1306 48 20 well
2316 1312 23 14 as
2356 1311 22 15 to
2392 1307 37 19 the
2446 1307 64 19 lower

1922 1330 83 24 classes,
2018 1330 34 20 for
2062 1337 61 20 many
2133 1332 24 19 of
2172 1333 36 19 the
2224 1333 44 20 furs
2286 1333 48 21 here
2351 1333 62 21 taken
2423 1340 53 14 were
2486 1334 25 20 of

1923 1357 94 20 valuable
2025 1358 148 27 descriptions:
2185 1360 51 22 each
2243 1361 73 19 article
2326 1361 41 19 had
2375 1361 35 20 the
2420 1362 89 20 owner's

1923 1391 60 14 name
1993 1386 102 26 attached,
2112 1387 42 19 and
2163 1387 35 21 the
2208 1388 48 19 date
2265 1388 25 20 of
2302 1389 28 19 its
2340 1389 61 26 being
2414 1389 94 26 pawned.

1921 1412 51 19 Thii
1988 1412 18 20 is
2016 1413 88 20 another
2114 1414 25 20 of
2153 1415 36 19 the
2198 1415 60 26 plans
2269 1415 24 20 of
2306 1416 36 19 the
2351 1416 54 20 local
2419 1422 90 19 govern-

1922 1442 58 17 ment
1989 1439 33 20 for
2038 1440 76 27 raising
2129 1442 56 20 their
2200 1443 101 26 supplies.
2330 1443 58 20 Lord
2403 1443 106 26 Jocelyn's

1924 1467 40 19 Six
1975 1468 86 19 Months
2070 1469 51 19 with
2132 1469 34 20 the
2178 1470 84 20 Chinese
2269 1471 132 25 Expedition.

1951 1494 19 20 A
1982 1494 104 21 Chinese
2104 1496 81 21 Opium
2202 1499 112 19 Smoking
2325 1499 68 20 Shop.
2424 1499 54 21 One:
2486 1499 25 20 Of

1923 1521 35 21 the
1968 1522 80 25 objects
2060 1523 23 20 of
2095 1525 42 19 this
2151 1525 65 26 place,
2228 1526 47 19 that
2285 1525 11 21 I
2305 1526 41 20 had
2356 1526 35 20 the
2407 1526 102 27 curiosity

1923 1552 21 17 to
1956 1549 55 24 visit,
2021 1557 40 13 was
2069 1551 35 21 the
2114 1552 72 25 opium
2189 1553 94 20 -smoker
2288 1553 22 20 in
2321 1554 33 19 his
2365 1554 77 19 heaven
2450 1561 5 12 :
2467 1554 42 21 and

1923 1577 100 26 certainly
2030 1578 18 19 it
2054 1579 17 19 is
2079 1585 11 13 a
2098 1582 55 17 moit
2159 1580 74 20 tearful
2239 1580 66 26 sight,
2312 1581 99 26 although
2419 1582 90 26 perhaps

1923 1608 38 16 not
1971 1610 23 14 so
2005 1606 113 26 degrading
2128 1610 22 16 to
2160 1608 36 19 the
2206 1614 37 19 eye
2253 1615 23 13 as
2288 1609 34 19 the
2337 1609 106 20 drunkard
2453 1610 56 19 from

1923 1632 79 25 spirits,
2013 1633 89 20 lowered
2112 1638 23 16 to
2146 1634 35 20 the
2191 1635 52 20 level
2254 1636 25 19 of
2292 1636 35 19 the
2338 1636 59 20 brute
2407 1636 42 20 and
2457 1636 50 21 wal-

1923 1659 76 26 lowing
2009 1660 22 20 in
2038 1660 31 20 his
2079 1662 55 19 filth.
2163 1662 45 20 The
2216 1663 53 20 idiot
2277 1664 60 19 smile
2391 1664 116 21 death-like

1923 1689 80 24 stupor,
2022 1688 101 25 however,
2142 1690 23 19 of
2182 1690 34 20 the
2235 1691 79 26 opium'
2326 1691 124 24 debauchee,
2462 1692 46 20 'has

1923 1714 120 27 something
2057 1716 30 20 far
2101 1723 58 14 more
2174 1718 62 19 awful
2250 1721 23 17 to
2288 1719 35 20 the
2340 1725 49 19 gaze
2403 1720 52 19 than
2471 1720 37 19 the

1924 1742 104 26 bestiality
2044 1744 23 19 of
2079 1744 35 20 the
2128 1745 71 20 latter.
2231 1746 54 26 Pity,
2305 1746 19 20 if
2336 1746 97 26 possible,
2450 1746 59 21 takes

1924 1770 35 19 the
1969 1770 58 25 place
2038 1771 24 20 of
2073 1772 60 20 other
2142 1772 95 27 feelings,
2248 1780 23 13 as
2287 1780 30 13 we
2328 1774 64 20 watch
2403 1774 35 20 the
2448 1774 63 20 faded

1924 1797 66 20 cheek
1998 1798 40 19 and
2047 1799 90 26 haggard
2145 1800 51 20 look
2207 1801 24 19 of
2243 1801 36 20 the
2288 1801 62 26 being
2358 1799 121 23 abandoned
2486 1805 23 17 to

1924 1825 35 19 the
1967 1831 69 19 power
2043 1826 23 20 of
2079 1827 34 20 the
2122 1827 53 27 drug
2199 1829 69 19 whilst
2275 1828 81 26 disgust
2363 1829 17 19 is
2387 1833 123 22 uppermost

1924 1855 21 16 at
1956 1853 35 19 the
2001 1853 56 25 sight
2066 1854 24 19 of
2102 1855 36 19 the
2149 1855 76 20 human
2236 1859 96 17 creature
2345 1857 85 19 levelled
2441 1860 21 17 to
2473 1857 37 19 the

1925 1880 58 19 beast
1994 1880 26 26 by
2031 1881 145 21 intoxication.
2206 1883 47 20 One
2263 1884 25 20 of
2300 1884 35 20 the
2351 1887 75 17 streets
2436 1885 21 19 in
2474 1885 36 19 the

1924 1909 71 18 centre
2005 1909 25 19 of
2041 1909 36 19 the
2086 1913 56 16 town
2152 1911 18 19 is
2180 1911 77 26 wholly
2267 1911 87 21 devoted
2365 1914 21 17 to
2396 1912 37 20 the
2446 1913 64 25 shop
2515 1909 5 29 3

1924 1935 34 19 for
1966 1935 34 20 the
2006 1936 44 20 sale
2057 1937 24 19 of
2091 1937 44 20 this
2141 1939 74 24 poison
2224 1946 5 16 ;
2239 1939 43 19 and
2292 1939 49 20 here
2348 1940 22 19 in
2379 1940 34 19 the
2422 1940 90 26 evening

1925 1968 47 20 may
1980 1963 25 19 be
2012 1970 56 18 seen,
2079 1965 53 19 after
2138 1966 37 20 the
2184 1967 85 19 labours
2278 1967 24 19 of
2314 1967 35 19 the
2359 1967 40 26 day
2408 1974 36 13 are
2452 1974 57 17 over,

1925 1992 78 17 crowds
2012 1991 24 19 of
2050 1991 96 25 Chinese,
2153 1994 46 19 who
2206 1994 49 20 seek
2265 1994 60 20 these
2331 1994 68 25 places
2407 1997 22 17 to
2436 1994 76 27 satisfy

1926 2016 54 20 their
1991 2017 100 26 depraved
2102 2021 110 24 appetites.
2241 2021 46 19 The
2297 2027 70 14 rooms
2377 2022 68 19 where
2456 2022 55 26 ,they

1925 2044 29 19 sit
1963 2045 41 19 and
2014 2046 72 20 smoke
2095 2053 37 13 are
2142 2048 130 20 surrounded
2283 2048 27 26 by
2319 2048 86 21 wooden
2412 2049 98 25 couches,

1924 2071 51 20 with
1985 2073 69 25 places
2064 2074 31 20 for
2105 2075 36 19 the
2152 2075 53 20 head
2219 2078 22 17 to
2253 2079 44 16 rest
2312 2082 65 20 upon,
2389 2076 42 21 and
2448 2083 63 19 gene-

1925 2099 52 26 rally
1993 2106 12 13 a
2021 2101 114 20 side-room
2151 2102 18 21 is
2180 2103 89 20 devoted
2286 2106 23 17 to
2323 2104 113 25 gambling.
2464 2104 47 21 The

1924 2127 49 25 pipe
1987 2127 18 21 is
2016 2135 13 13 a
2038 2129 48 20 reed
2100 2130 25 19 of
2137 2130 64 20 about
2215 2137 26 13 an
2252 2131 50 20 inch
2314 2131 21 20 in
2351 2131 106 25 diameter,
2469 2132 43 20 and

1925 2155 36 19 the
1970 2159 96 22 aperture
2077 2157 21 19 in
2109 2158 35 19 the
2154 2158 54 20 bowl
2218 2158 33 20 for
2261 2159 36 19 the
2307 2159 113 20 admission
2438 2160 24 19 of
2474 2160 37 20 the

1925 2182 71 26 opium
2006 2184 19 19 is
2036 2186 37 18 not
2086 2184 68 26 larger
2163 2186 50 19 than
2224 2193 12 12 a
2245 2186 58 26 pin's
2312 2186 60 21 head.
2399 2187 46 20 The
2457 2187 56 27 drug

1924 2209 18 20 is
1953 2212 101 24 prepared
2061 2212 48 19 with
2119 2219 58 14 some
2183 2214 51 19 kind
2243 2214 24 19 of
2276 2220 105 18 conserve,
2391 2214 43 20 and
2443 2221 12 13 a
2460 2221 53 20 very

1925 2237 60 20 small
1996 2240 83 24 portion
2089 2240 18 19 is
2118 2241 106 20 sufficient
2231 2243 21 18 to
2264 2242 76 25 charge
2349 2242 28 24 it;
2387 2240 45 22 one'
2438 2248 24 14 or
2469 2244 42 19 two

1924 2264 68 21 whiffs
2001 2266 62 26 being
2072 2268 35 19 the
2118 2270 80 18 utmost
2207 2269 46 19 that
2263 2276 39 13 can
2313 2269 27 20 he
2346 2269 84 20 inhaled
2436 2269 56 21 from
2499 2277 13 13 a

1925 2292 67 26 single
2001 2294 49 26 pipe
2058 2302 4 16 j
2074 2295 40 20 and
2121 2295 37 20 the
2168 2297 71 19 smoke
2250 2296 18 20 is
2278 2297 64 19 taken
2351 2297 45 20 into
2406 2297 35 20 the
2449 2297 62 26 lungs

1925 2326 22 13 as
1958 2321 53 20 from
2022 2322 35 20 the
2066 2322 85 20 hookah
2160 2324 23 19 in
2194 2323 67 21 India.
2292 2324 33 20 On
2333 2331 12 13 a
2355 2325 107 25 beginner,
2470 2332 42 14 one

1925 2353 24 14 or
1958 2351 40 17 two
2008 2349 58 26 pipes
2077 2350 41 20 will
2128 2351 52 20 have
2191 2358 26 13 an
2227 2352 62 20 effect
2295 2360 6 16 ;
2311 2352 38 20 but
2359 2358 27 14 an
2396 2352 35 20 old
2441 2355 70 23 stager

1925 2375 41 20 will
1974 2377 99 20 continue
2082 2378 110 27 smoaking
2200 2379 32 20 for
2240 2379 73 20 hours.
2342 2381 30 18 At
2381 2380 35 20 the
2427 2380 52 20 head
2488 2380 25 20 of

1925 2404 50 19 each
1986 2405 67 19 couch
2060 2405 18 19 is
2088 2405 73 26 placed
2172 2414 12 12 a
2194 2407 59 19 small
2263 2407 63 26 lamp,
2339 2414 21 13 as
2371 2408 36 19 fire
2417 2410 56 18 must
2486 2408 26 20 be

1924 2430 49 22 held
2016 2433 35 19 the
2067 2433 52 26 drug
2133 2434 76 26 during
2219 2435 35 19 the
2271 2442 84 19 process
2365 2435 23 20 of
2401 2434 96 27 inhaling
2504 2443 6 16 ;

1924 2459 42 19 and
1982 2459 55 20 from
2057 2461 34 19 the
2111 2461 103 26 difficulty
2229 2462 25 20 of
2271 2462 68 26 filling
2354 2462 40 20 and
2411 2463 101 28 properly

1924 2485 117 28 lightening
2057 2489 34 19 the
2105 2489 56 26 pipe,
2180 2490 58 19 there
2255 2490 19 19 is
2284 2490 105 25 generally
2404 2497 13 12 a
2432 2497 78 19 person

1923 2514 47 20 who
1987 2515 59 19 waits
2062 2522 57 19 upon
2138 2517 37 20 the
2194 2517 107 20 smockers
2321 2520 23 17 to
2363 2518 91 26 perform
2474 2518 37 21 the

1924 2541 68 21 oflice.
2019 2543 19 19 A
2052 2543 38 20 few
2102 2544 50 26 days
2168 2544 24 20 of
2207 2545 41 19 this
2265 2545 77 20 fearful
2352 2545 83 26 luxury,
2450 2546 61 20 when

1924 2569 65 20 taken
1999 2572 21 17 to
2031 2576 77 15 excess,
2118 2572 43 19 will
2172 2572 46 26 give
2227 2579 12 13 a
2249 2573 48 25 pale
2306 2573 41 19 and
2358 2573 90 25 haggard
2457 2573 53 20 look

1924 2600 21 16 to
1956 2597 36 20 the
2001 2597 45 20 face
2055 2605 5 17 ;
2071 2599 40 19 and
2121 2605 13 13 a
2139 2599 40 20 few
2189 2600 92 24 months,
2293 2607 24 13 or
2323 2606 51 14 even
2381 2601 74 23 weeks,
2466 2600 44 21 will

1924 2624 79 26 change
2022 2626 36 19 the
2075 2629 75 23 strong
2168 2627 42 20 and
2226 2628 85 26 healthy
2327 2634 48 13 man
2390 2628 48 20 into
2454 2628 56 21 little

1924 2651 68 20 better
1998 2652 50 20 than
2058 2659 26 14 an
2091 2654 54 19 idiot
2152 2654 103 21 skeleton.
2281 2655 44 20 The
2335 2656 49 25 pain
2389 2656 51 25 they
2447 2656 64 20 suffer

1923 2679 60 20 when
2000 2680 98 26 deprived
2107 2682 25 19 of
2147 2682 35 20 the
2193 2682 59 26 drug,
2269 2683 54 20 after
2340 2683 49 25 long
2399 2683 65 25 habit,
2480 2690 29 14 no

1925 2706 102 27 language
2043 2715 38 13 can
2098 2710 94 25 explain;
2218 2711 41 19 and
2276 2711 17 19 it
2308 2711 19 19 is
2344 2711 49 26 only
2411 2711 60 19 when
2488 2715 23 16 to

1923 2740 13 13 a
1952 2736 80 19 certain
2050 2736 72 26 degree
2138 2737 68 21 under
2222 2738 29 20 its
2267 2738 104 20 influence
2390 2738 46 20 that
2455 2739 57 20 their

1923 2762 97 21 faculties
2029 2769 34 14 are
2073 2764 60 20 alive.
2165 2765 24 19 In
2197 2765 34 19 the
2241 2765 77 22 houses
2326 2765 88 21 devoted
2425 2768 22 18 to
2455 2766 56 21 their

1923 2790 55 24 ruin,
1991 2790 59 20 these
2059 2791 116 21 infatuated
2184 2793 75 26 people
2269 2800 48 19 may
2326 2793 26 20 be
2363 2799 48 15 seen
2421 2796 22 17 at
2459 2794 52 21 nine

1923 2817 82 20 o'clock
2015 2817 23 21 in
2049 2819 34 19 the
2099 2820 90 25 evening
2197 2820 23 20 in
2229 2821 29 19 all
2274 2821 37 19 the
2320 2821 96 20 different
2427 2823 68 24 stages
2503 2830 6 16 ;

1923 2850 57 14 some
1998 2847 95 25 entering
2108 2847 46 20 half
2168 2847 114 21 distracted
2293 2850 21 18 to
2324 2848 47 20 feed
2379 2849 36 19 the
2425 2849 86 27 craving

1923 2873 92 25 appetite
2033 2874 48 26 they
2091 2875 41 20 had
2143 2875 53 20 been
2212 2875 84 26 obliged
2305 2880 22 16 to
2339 2875 77 21 subdue
2434 2877 77 26 during

1923 2900 36 20 the
1969 2901 39 25 day
2017 2908 5 16 ;
2033 2902 70 20 others
2113 2903 100 25 laughing
2223 2904 41 19 and
2273 2903 82 26 talking
2365 2903 68 26 wildly
2443 2904 68 20 under

1922 2927 37 21 the
1980 2930 72 18 ettects
2067 2929 24 20 of
2105 2936 13 14 a
2137 2931 46 19 first
2199 2931 48 26 pipe
2255 2938 5 17 ;
2281 2930 70 21 whilst
2368 2930 35 21 the
2419 2932 90 20 couches

1922 2955 82 20 around
2020 2962 35 14 are
2069 2957 59 20 filled
2137 2958 51 19 with
2204 2958 55 20 their
2274 2958 96 20 different
2386 2962 123 22 occupants,

1921 2983 47 19 who
1984 2983 28 19 lie
2029 2983 85 27 languid
2130 2985 51 20 with
2195 2991 27 14 an
2234 2986 56 19 idiot
2304 2986 60 19 smile
2380 2992 57 20 upon
2455 2987 56 21 their

1921 3012 151 23 countenance,
2088 3015 37 17 too
2135 3013 63 20 much
2208 3013 67 20 under
2283 3014 36 19 the
2328 3013 103 20 influence
2441 3014 24 19 of
2474 3014 36 21 the
2518 3019 2 7 '

1921 3037 53 26 drug
1984 3040 21 17 to
2016 3044 46 15 care
2072 3038 33 21 for
2115 3040 86 26 passing
2210 3043 80 19 events,
2303 3042 16 18 &
2330 3040 41 21 fast
2380 3041 95 26 merging
2486 3044 22 18 to

1921 3065 36 20 the
1963 3065 76 20 wished
2045 3066 33 20 for
2085 3068 175 20 consummation.
2276 3068 44 20 The
2326 3068 41 20 last
2373 3069 86 20 scenein
2465 3070 43 20 this

1921 3092 66 26 tragic
2000 3093 50 26 play
2058 3094 18 19 is
2085 3095 106 26 generally
2201 3102 12 13 a
2222 3102 60 13 room
2293 3096 23 19 in
2326 3096 36 19 the
2376 3103 50 13 rear
2432 3096 28 21 ,of
2472 3097 37 20 the

1921 3120 101 26 building;
2030 3127 12 13 a
2046 3122 79 25 species
2130 3122 24 20 of
2157 3123 136 24 dead-house,
2299 3124 67 19 where
2370 3123 27 20 lie
2402 3124 107 21 stretched

1920 3148 60 19 those
1991 3148 45 20 who
2045 3149 52 20 have
2106 3152 76 24 passed,
2195 3150 45 21 into
2256 3151 47 20 that
2312 3153 54 18 state
2376 3151 23 20 of
2412 3151 49 21 bliss
2471 3152 37 20 the

1921 3175 165 26 opium-smoker
2092 3177 71 27 madly
2168 3178 86 20 seeks
2257 3184 27 14 an
2289 3178 88 20 emblem
2385 3178 24 20 of
2415 3179 36 20 the
2457 3179 52 27 long

1919 3202 56 26 sleep
1985 3206 23 17 to
2018 3204 67 20 which
2099 3205 51 26 they
2159 3212 35 13 are
2203 3205 81 26 blindly
2292 3206 107 26 hurrying.
2429 3207 54 21 Ibid\

1933 3230 103 21 Napier.
2065 3231 80 27 Napier
2153 3239 40 14 was
2199 3239 63 14 never
2267 3240 48 19 very
2321 3233 113 26 particular
2441 3234 68 21 either

1919 3257 22 20 in
1952 3258 33 20 his
1996 3258 57 20 dress
2063 3265 23 14 or
2097 3260 62 24 table,
2170 3261 60 19 when
2241 3266 28 14 on
2286 3261 66 20 board
2361 3261 61 26 ship.'
2446 3261 21 21 It
2484 3268 23 14 so

1919 3285 109 26 happened
2043 3287 45 19 that
2104 3293 41 15 one
2161 3288 44 26 day
2217 3289 26 19 he
2260 3294 59 14 came
2334 3295 29 14 on
2379 3289 59 24 deck,
2457 3289 49 25 and,

1919 3311 117 27 displeased
2045 3315 49 19 with
2111 3321 41 14 one
2161 3315 26 20 of
2198 3316 36 20 the
2250 3315 151 28 Midshipmen,
2419 3317 88 21 ordered

1918 3339 44 20 him
1982 3346 22 14 as
2023 3348 13 12 a
2055 3342 142 25 punishment,
2219 3349 29 20 up
2268 3346 23 18 to
2316 3345 36 19 the
2379 3344 126 21 masthead.

1919 3367 86 27 Shortly
2010 3369 126 24 afterwards,
2144 3371 87 19 another
2238 3371 90 26 Captain
2335 3378 56 13 came
2397 3378 29 13 on
2432 3372 74 25 board,

1918 3395 41 19 and
1970 3395 78 27 Napier
2056 3397 62 20 asked
2126 3398 44 20 him
2178 3400 22 18 to
2210 3402 47 22 stay
2267 3401 24 18 to
2302 3399 82 24 dinner,
2390 3399 69 20 which
2469 3400 37 19 the

1919 3421 89 28 Captain
2033 3425 114 19 consented
2173 3427 23 18 to
2222 3426 34 20 do.
2459 3427 47 20 said

1918 3449 86 27 Napier,
2036 3452 55 20 what
2098 3458 39 14 can
2145 3459 42 19 you
2194 3454 79 25 getfor
2281 3454 75 21 dinner
2440 3454 65 27 Why,

1982 3478 80 27 replied
2069 3480 35 19 the
2113 3481 97 24 steward,
2242 3481 10 20 I
2264 3488 40 13 can
2314 3488 85 20 manage
2407 3487 13 14 a
2430 3481 76 21 dinner

1916 3511 49 20 very
1985 3506 54 23 well,
2057 3506 36 21 but
2113 3506 12 21 I
2145 3508 53 20 have
2216 3515 28 14 no
2265 3509 59 20 clean
2344 3509 54 20 table

1918 3534 13 9 '
1940 3532 62 27 Why,
2013 3534 51 19 then
2075 3540 41 21 you
2123 3538 58 17 must
2192 3536 84 21 borrow
2286 3543 40 14 one
2342 3537 54 20 from
2406 3543 58 14 some
2481 3537 26 20 of

1917 3560 23 19 of
1952 3560 38 21 the
2121 3564 7 5 *
2239 3564 29 20 all
2283 3571 38 19 say
2338 3564 49 26 they
2396 3564 54 20 have
2465 3567 41 18 not

1916 3589 37 23 got
1961 3593 40 14 one
2009 3589 67 25 clean,
2083 3592 75 24 except
2165 3590 43 21 Mr.
2309 3605 5 11 ,
2325 3592 67 19 whom
2400 3597 44 20 you
2452 3592 53 20 have

1916 3618 47 17 sent
1978 3618 23 17 to
2011 3617 36 19 the
2356 3618 45 21 said
2415 3618 88 27 Napier,

1916 3643 134 26 considering
2069 3651 12 14 a
2095 3645 63 25 little,
2210 3652 72 20 young
2299 3652 69 20 scamp
2377 3648 5 18 !
2399 3646 105 25 however,

1916 3676 62 14 never
1989 3671 66 25 mind,
2065 3679 26 19 go
2102 3679 28 20 up
2140 3676 23 18 to
2174 3674 36 20 the
2220 3673 126 24 mast-head,
2356 3673 40 21 and
2405 3673 48 26 give
2466 3680 37 20 my

1916 3698 146 26 compliments
2078 3702 22 18 to
2116 3700 43 22 Mr.
2232 3703 33 23 ',
2276 3701 38 20 tell
2329 3701 48 20 him'
2385 3701 74 22 that/I
2468 3708 36 14 re-

1915 3729 62 23 quest
1987 3726 36 20 the
2032 3727 95 26 pleasure
2137 3728 24 20 of
2172 3729 34 20 his
2217 3734 103 21 company
2336 3731 22 17 to
2368 3728 82 25 dinner,
2460 3729 43 21 and

1914 3752 37 20 tsk
1960 3753 45 21 him
2016 3756 21 18 to
2045 3755 47 19 lend
2102 3761 34 14 me
2146 3755 33 21 his
2187 3756 54 20 table
2385 3755 53 24 Yes,

1914 3780 80 26 replied
2011 3781 35 21 the
2063 3783 95 24 steward,
2173 3783 49 20 wbo.
2234 3783 111 20 forthwith
2354 3783 103 21 skimmed
2472 3783 30 27 iip

1915 3807 36 20 the
1960 3808 82 27 rigging
2051 3812 22 17 to
2086 3810 36 20 the
2132 3812 93 24 topmast
2240 3816 60 15 cross
2308 3812 62 19 trees.
2425 3811 22 22 If
2458 3817 43 21 you

1914 3835 77 26 please,
2006 3837 37 23 sir,
2055 3837 35 19 the
2105 3836 95 27 Captain'
2210 3840 97 25 requests
2324 3839 35 19 the
2368 3833 94 32 ple(3fure
2478 3839 25 20 of

1914 3869 54 20 your
1981 3869 102 21 company
2093 3867 22 18 to
2130 3865 82 25 dinner,
2227 3865 43 21 and
2285 3865 42 21 will
2341 3866 66 20 thank
2421 3872 42 21 you
2477 3868 25 19 to

1914 3891 49 19 lend
1972 3890 44 20 him
2026 3898 13 13 a
2048 3891 55 21 table
2112 3892 59 21 cloth
2234 3893 35 20 No
2281 3893 55 20 table
2349 3893 68 21 cloths
2427 3899 35 16 are
2476 3894 24 21 in

1914 3918 35 20 the
1964 3919 83 19 articles
2062 3919 23 20 of
2097 3926 49 17 war,
2161 3920 91 26 thought
2269 3920 36 21 the
2314 3920 112 27 indignant
2441 3921 59 21 Mid-

1914 3945 104 27 shipman,
2032 3952 25 14 so
2096 3946 100 25 Steward,
2207 3948 47 26 give
2269 3954 35 20 my
2316 3948 146 26 compliments
2477 3951 24 19 to

1915 3973 35 22 the
1961 3972 96 27 Captain,
2068 3974 41 21 and
2118 3975 38 21 tell
2165 3976 44 21 him
2220 3976 37 21 I'll
2265 3982 37 15 ace
2311 3976 43 21 him
2363 3976 40 20 d
2405 3977 12 20 d
2427 3977 63 21 first.'

1378 3653 114 18 EPIGRAM
1503 3654 36 18 ON
1550 3654 58 18 MISS
1620 3655 72 18 ANNE
1703 3656 114 18 BREAD.

1404 3688 57 18 Toast
1469 3692 37 18 any
1512 3689 38 22 girl
1557 3689 34 17 but
1662 3690 45 18 said
1713 3691 50 22 Ned,

1426 3709 51 18 With
1485 3714 57 18 every
1549 3710 53 18 other
1610 3711 88 18 flutter

1363 3733 3 3 '
1384 3730 31 18 I*ll
1422 3730 23 18 be
1453 3732 78 16 content
1539 3731 45 18 with
1591 3732 63 18 Annie
1660 3746 17 3 _
1679 3732 51 18 read.

1404 3752 39 17 But
1450 3752 63 17 won't
1521 3752 47 18 have
1573 3757 38 17 any
1619 3754 32 17 but

1296 3772 101 18 American
1400 3778 70 17 paper.
1478 3772 13 17 .'
1507 3779 2 7 <

1319 3799 65 26 liVas
1392 3806 87 22 reported
1480 3806 26 19 jn
1514 3807 50 18 Chili
1571 3808 42 18 that
1620 3808 33 18 the
1658 3809 66 21 jewels
1736 3810 29 18 of.
1770 3810 33 18 the
1816 3811 71 22 temple

1296 3827 23 18 of
1324 3828 33 18 the
1365 3828 45 21 Sun,
1418 3827 62 19 which
1493 3830 20 16 at
1521 3828 33 18 the
1562 3829 46 18 time
1621 3830 21 17 of
1651 3830 35 18 the
1699 3833 93 20 conquest
1804 3832 28 18 of'
1837 3833 49 18 Pern

1297 3849 41 17 the.
1345 3849 81 17 natives,
1433 3849 39 19 bad
1486 3850 99 18 concealed
1601 3851 50 17 from
1665 3852 34 18 the
1714 3853 110 21 Spaniards,
1839 3853 47 19 have

1296 3870 49 18 been
1352 3870 57 22 lately
1417 3870 111 19 discovered
1534 3876 6 16 ;
1556 3871 33 18 the
1596 3873 54 18 value
1657 3873 22 18 of
1690 3873 53 18 them
1751 3874 34 18 has
1794 3875 47 18 been
1849 3877 37 17 cal-

1296 3891 78 18 culated
1380 3893 20 16 at
1405 3896 35 14 one
1446 3891 89 19 hundred
1542 3893 38 17 and
1658 3894 86 19 million*
1752 3896 21 17 of
1777 3895 77 19 dollars.

1320 3927 17 18 A
1344 3926 45 22 lady
1395 3927 58 18 asked
1460 3927 37 18 Mr.
1505 3927 70 23 Jekyll,
1583 3929 51 17 what
1644 3934 41 14 was
1695 3931 32 17 the
1740 3930 102 19 difference
1855 3931 32 19 be-

1297 3949 62 18 tween
1366 3953 12 13 a
1384 3948 85 18 solicitor
1475 3948 39 18 and
1521 3954 26 13 an
1553 3951 94 22 attorney.
1664 3951 108 23 'Precisely
1780 3952 31 18 the
1818 3957 69 18 arae,,

1297 3970 25 17 be
1329 3969 103 22 answered,
1451 3974 22 13 aa
1481 3969 84 20 beteen
1574 3976 11 13 a
1591 3972 95 19 crocodile
1693 3973 37 18 and
1738 3978 25 14 an
1771 3973 101 23 alligator.'

557 32 99 51 Tlkfi
663 46 138 45 JfMJt.
808 49 233 34 ZEALAND
1093 35 160 48 AitfETtf
1255 49 33 39 ft
1291 34 122 53 jtktt
1421 40 334 48 Wf&tt&J&XQTS
1775 32 293 61 SJ^TaStOR.

691 132 150 24 GENERAL
856 133 166 27 ABSTRACT,
1037 133 101 28 shewing
1154 135 38 21 the
1206 135 119 27 .Average,
1332 135 102 22 Amount
1443 136 27 21 of
1482 136 46 25 the;
1534 135 122 23 Liabilities
1672 137 44 21 and
1727 138 77 21 Assets
1819 135 34 23 of
1857 136 37 23 the

717 159 90 23 Branch
821 160 28 25 pf
861 160 37 22 the
914 160 77 22 Union
1007 157 67 25 Bank
1089 168 27 14 of
1131 161 144 27 Australia,
1286 165 24 18 at
1320 161 54 22 Port
1387 161 130 28 Nicholson,
1528 163 23 22 in
1568 163 55 24 New
1639 163 107 27 Zealand,
1759 163 66 22 taken
1836 163 58 24 from

717 185 38 23 the
765 187 86 22 several
862 187 93 26 Weekly
965 189 137 21 Statements
1110 187 82 28 during
1201 187 39 23 the
1250 189 99 24 Quarter
1356 187 56 23 from
1422 188 38 22 the
1467 189 55 21 30th
1535 189 43 27 day
1588 189 26 22 of
1624 189 67 28 June,
1703 194 23 17 to
1738 190 36 22 the
1787 191 53 21 27th
1850 190 44 27 day

719 213 26 21 of
752 213 139 26 September,
903 215 62 21 1841.
1272 229 3 8 ,

859 265 132 14 LIABILITIES.
1180 266 88 13 AMOUNT.
1503 269 75 12 ASSETS.
1796 269 87 13 AMOUNT.

1230 288 16 12 .
1260 283 27 18 d..
1850 290 14 12 i.
1876 286 17 16 d.

689 314 56 12 Vnte
753 312 18 14 In
780 313 108 13 rircnlAtinn
902 304 12 22 1
922 303 36 16 Not
965 304 74 20 bearing
1046 304 79 17 Interest
1140 315 19 6 ...
1171 304 42 17 5825
1236 305 11 16 0
1267 305 11 16 0
1309 304 66 17 Coined
1390 305 44 16 Gold
1448 305 36 17 and
1498 305 63 20 Silver,
1577 306 35 17 and
1627 306 52 17 other
1697 306 64 17 coined

688 315 57 15 Notea
752 315 19 14 in
780 315 108 15 Circulation
901 315 13 28 J
922 324 79 21 Bearing
1011 315 77 26 rarest
1329 324 67 18 Metals
1557 317 4 26 ;
1697 330 12 13 ;>
1787 328 43 15 3214
1851 328 10 15 4
1884 328 9 15 r

689 354 44 13 Siiln
748 354 18 13 in
781 354 107 13 Pirpniofinn
902 345 12 22 \
922 345 36 16 Not
964 345 75 21 bearing
1046 345 80 17 Interest
1142 356 18 6 ...
1310 345 44 17 Gold
1361 347 36 16 and
1404 347 56 16 Silver
1468 347 18 16 in
1495 347 72 16 Bullion
1575 352 19 12 or
1601 347 44 17 Bars

688 357 45 15 BUU
748 357 19 13 in
781 357 108 14 Circulation
921 365 79 22 Bearing
1007 366 79 17 Interest
1304 366 78 17 'Landed
1389 367 84 20 Property
1798 369 32 16 908
1843 370 19 15 10
1869 382 4 5 .
1884 369 9 16 7

688 386 87 17 Balances
783 385 35 16 due
827 387 17 15 to
852 386 51 17 other
911 386 62 17 Banks
1170 387 42 16 3845
1235 387 11 16 0
1267 386 10 17 1
1309 386 56 17 Notes
1373 388 33 16 and
1414 388 45 16 Bills
1467 388 19 16 of
1491 389 52 15 other
1550 389 61 16 Banks
1670 395 6 10 ;

689 417 73 13 noo4it
776 406 11 21 \
795 407 36 15 Not
837 407 74 20 bearing
918 407 79 16 Intereit
1081 412 7 12 .
1170 408 41 15 9381
1236 408 39 16 711
1309 406 87 19 Balances
1402 408 34 17 due
1443 409 47 16 from
1496 409 52 16 other
1555 409 62 16 Banks

679 430 2 20 \
795 427 78 21 Bearing
879 427 80 17 Interest
1308 429 81 16 Amount
1396 430 19 15 of
1420 429 23 17 all
1451 429 55 17 Debts
1514 429 35 17 due
1557 431 23 17 to,
1583 430 33 16 the
1623 430 58 18 Bank,
1690 430 71 16 includ-

1329 449 32 20 ing
1369 450 60 19 Notes,
1437 450 46 17 Bills
1490 450 20 16 of
1514 450 103 20 Exchange,
1624 451 36 15 and
1670 450 25 17 all
1706 451 55 16 Stock

1328 470 36 16 and
1373 470 72 16 Funded
1453 471 56 16 Debti
1516 469 83 23 o'f,,every
1606 471 115 20 description,
1729 476 32 12 ex-

1328 491 73 20 cepting
1416 491 61 19 Notes,
1493 491 52 19 Bills,
1549 492 45 16 -and
1605 491 88 17 Balances
1700 492 35 17 due
1743 494 18 15 to

720 514 8 16 -;
742 513 3 4 '
759 509 2 4 '
1328 511 31 17 the
1366 512 38 16 said
1410 512 53 16 Bank
1469 512 46 16 from
1522 512 50 16 other
1580 512 60 17 Banks
1771 514 56 18 14,928
1840 514 18 16 13
1883 514 11 16 4

726 532 5 11 *
1051 534 2 5 '
1785 545 53 4 ____

764 557 59 16 Total
830 557 80 17 Amount
918 558 20 16 of
943 557 99 18 Liabilities
1136 558 75 20 19,051
1234 559 11 16 8
1265 559 11 15 6
1389 559 50 16 Total
1449 559 80 16 Amount
1538 559 19 16 of
1563 559 62 16 Assets
1754 559 75 21 19,051
1852 561 10 16 8
1883 562 11 15 6

686 600 81 17 Amount
775 599 20 17 of
800 599 32 17 the
839 599 69 21 Capital
915 600 54 17 Stock
977 601 24 20 by
1004 601 37 16 last
1049 601 73 20 Report,
1128 601 23 20 of,

707 620 91 17 Directors
804 620 44 21 paid
856 625 23 16 up
1133 622 82 19 '.500,000
1237 623 11 16 0
1268 622 51 17 0"'

686 641 46 17 Rate
740 641 21 16 of
767 641 32 16 the
806 642 35 15 last
850 641 90 17 Dividend
954 642 82 16 declared
1048 644 19 14 to
1082 643 64 16 Share-

707 662 79 18 holders,
795 662 37 16 255.
839 666 32 16 per
878 662 58 20 share,
945 667 19 12 or
975 664 19 15 10
1002 667 31 16 per
1041 665 48 14 cent.

686 684 81 16 Amount
774 683 21 16 of
799 683 33 16 the
841 683 35 16 last
883 683 86 17 dividend
978 684 82 16 declared
1155 685 60 19 25,000
1236 685 12 15 0
1266 684 11 16 0

686 705 82 16 Amount
774 704 21 16 of
801 704 92 16 Reserved
901 704 64 17 Profits
973 707 19 14 at
1000 705 30 16 the
1039 705 43 16 time
1090 705 19 16 of
1114 705 31 16 tie-
1540 722 2 4 ,
1547 709 2 5 '

707 724 69 21 daring
781 724 46 17 such
835 724 93 18 Dividend
1153 726 62 19 49,288
1236 726 10 16 0
1267 726 10 16 6

687 785 151 24 GENERAL
855 787 167 26 ABSTRACT,
1038 787 100 26 showing
1149 787 36 21 the
1199 787 105 27 Average
1316 788 99 21 Amount
1424 787 26 22 of
1462 788 122 22 Liabilities
1599 789 45 22 and
1656 790 77 21 Assets
1747 789 25 21 of
1784 789 38 22 the
1836 789 58 22 New

686 830 3 3 .
713 813 112 23 Zealand
839 813 109 23 Banking
964 813 120 27 Company,
1096 813 66 22 taken
1173 814 58 21 from
1243 813 36 23 the
1296 814 86 22 several
1392 814 93 27 Weekly
1500 815 135 23 Statements
1648 816 82 27 during
1744 816 38 22 the
1797 816 98 25 Quarter

712 839 59 23 from
781 839 37 23 the
827 841 35 21 lit
870 840 63 27 July,
936 844 23 18 to
969 840 54 22 30th
1032 841 137 26 September,
1181 842 62 20 1841.

856 895 134 12 LIABILITIES.
1036 900 4 4 -
1077 893 10 9 '
1178 895 87 12 AMOUNT.
1510 895 75 14 ASSETS.
1797 897 86 12 AMOUUT.

1181 911 17 17 &
1229 916 16 12 s.
1257 912 18 16 d.
1849 918 14 12 s.
1876 914 17 16 d.

686 944 56 10 v.
749 942 19 12 in
778 942 19 12 Pi
799 947 17 7 w
818 942 43 12 ,iiti
863 947 21 7 m
900 933 12 21 \
919 932 36 16 Not
961 932 76 20 bearing
1043 932 97 17 Interest..
1170 932 41 17 7779
1223 933 22 16 14
1267 933 7 16 1
1307 931 67 17 Coined
1388 932 43 16 Gold
1439 932 43 17 .and
1497 932 63 20 Silver,
1575 933 36 16 and
1626 933 53 17 other
1697 934 63 17 coined

686 944 55 16 Notes
749 944 19 15 in
778 944 108 15 Circulation
899 944 13 28 J
919 953 78 20 Beating
1004 953 78 16 rnterest
1328 952 65 17 Metals
1772 955 57 19 11,770
1842 956 19 16 10
1874 956 17 16 11

686 985 43 9 ..
743 984 17 10 ,_
776 984 107 10 r>i/.i,itn
899 975 12 19 \
919 973 36 16 Not
962 974 74 20 bearing
1042 973 86 18 Interest.
1135 985 4 5 .
1180 975 31 16 108
1234 975 10 16 3
1265 974 11 16 8
1307 973 45 16 Gold
1360 974 35 16 and
1403 974 56 16 Silver
1466 974 19 16 in
1493 974 44 17 Bars
1545 978 19 13 or
1572 975 72 16 Bullion

686 988 43 13 Jims
743 989 19 11 in
776 988 108 13 circulation
898 989 13 24 /
919 994 79 21 Bearing
1004 994 80 17 Interest
1170 995 3 4 '
1220 1010 5 2 .
1306 994 73 17 Landed
1386 996 81 19 property
1474 995 36 16 and
1517 995 53 16 Bank
1577 997 85 18 premises
1797 997 32 16 573
1842 998 18 15 18
1883 997 10 16 7

686 1017 77 15 Balance
771 1015 35 16 due
815 1017 17 14 to
840 1015 51 16 other
898 1015 62 16 Banks
1306 1015 87 16 Balances
1401 1015 33 16 due
1441 1016 47 16 from
1495 1016 52 16 other
1554 1016 61 16 Banks
1787 1018 42 16 1918
1851 1018 9 16 3
1874 1018 19 16 10

687 1048 14 10 n
747 1046 11 6 ,.
774 1038 6 14 1
792 1036 36 16 Not
834 1035 74 20 bearing
916 1035 79 17 Interest
1305 1036 81 16 Amount
1394 1037 19 15 of
1418 1036 23 16 all
1452 1036 54 17 Debts
1514 1036 35 17 due
1556 1039 18 14 to
1582 1036 7 17 f
1589 1038 28 18 lic,
1620 1037 58 20 Bank,
1691 1038 70 16 includ-

686 1052 26 12 ue
710 1052 71 24 Jf,J
791 1056 77 20 Bearing
875 1056 80 16 Interest
1151 1057 60 20 13,562
1223 1057 21 17 17
1264 1057 11 16 8
1327 1057 32 20 ing
1367 1057 60 19 Notes,
1435 1057 44 16 Bills
1488 1058 19 15 of
1512 1058 103 20 Exchange,
1625 1058 36 16 and
1670 1058 24 17 all
1705 1059 55 16 Stock

1006 1088 3 5 ,
1327 1078 36 15 and
1371 1078 72 15 Funded
1451 1078 56 16 Debts
1516 1078 19 16 of
1540 1083 53 16 every
1604 1079 115 21 description,
1728 1084 33 12 ex-

832 1096 5 8 '
1326 1099 73 20 cepting
1410 1099 60 19 Notes,
1479 1099 51 19 Bills,
1540 1099 35 16 and
1586 1099 94 20 Balances,
1694 1100 35 16 due
1741 1102 19 15 to

1326 1119 31 16 the
1366 1119 38 16 said
1411 1119 52 16 Bank
1470 1119 47 17 from
1524 1120 51 16 other
1582 1120 62 17 Banks
1771 1122 58 18 12,140
1851 1122 10 16 4
1873 1123 20 16 10

769 1166 52 18 Total
831 1166 81 18 Amount
920 1168 20 16 of
947 1167 99 17 Liabilities
1132 1167 77 20 21,450
1223 1169 20 16 15
1263 1169 11 15 5
1390 1166 49 17 Total
1450 1166 79 17 Amount
1537 1167 19 16 of
1562 1167 61 17 Assets
1752 1168 76 20 26,402
1842 1170 18 15 18
1883 1172 10 15 2

1182 1196 91 3 _____
1686 1197 58 4 ___
1880 1198 12 3 _

684 1229 82 17 Amount
773 1228 20 17 of
798 1228 69 20 Capital
880 1229 55 16 Stock
942 1229 41 21 paid
992 1234 24 16 up
1027 1231 19 15 at
1054 1230 31 16 the
1093 1230 47 16 close

684 1248 4 7 '
706 1249 19 18 of
729 1250 32 16 the
769 1249 76 18 Quarter
851 1250 68 20 ending
926 1251 103 19 September
1040 1251 26 18 30,
1077 1252 61 15 1841...
1168 1252 41 16 6378
1231 1253 11 16 0
1262 1252 11 15 0

685 1268 46 20 Rate
745 1271 21 15 of
778 1270 30 16 the
823 1270 35 16 last
872 1271 92 16 Dividend
977 1271 84 16 declared
1075 1273 18 15 to
1107 1272 33 16 the

695 1291 139 18 .Shareholders
1157 1293 22 21 ij
1185 1298 33 16 per
1225 1295 47 15 cent,
1304 1290 28 17 for
1339 1291 34 16 the
1379 1290 39 17 half
1422 1294 47 17 year.

685 1312 81 18 Amount
773 1312 20 16 of
799 1312 30 16 the
836 1312 36 16 last
879 1312 92 16 Dividend
978 1312 83 17 declared
1177 1316 33 15 280
1231 1316 12 15 4
1263 1316 10 14 0
1303 1311 30 17 for
1341 1312 32 16 the
1380 1311 38 17 half
1424 1316 48 16 year.

684 1334 82 17 Amount
773 1332 20 17 of
800 1333 90 16 Reserved
898 1333 64 17 Profits
969 1335 19 14 at
994 1334 31 15 the
1032 1333 44 17 time
1084 1335 20 15 of
1110 1335 31 16 de-

706 1354 68 20 claring
781 1354 45 16 such
832 1354 92 16 Dividend
1178 1357 30 16 lie
1230 1358 11 15 3
1263 1358 11 15 3

70 131 118 32 following
200 131 135 33 paragraph,
347 133 24 23 in
383 131 115 25 reference
512 137 22 19 to
547 133 114 24 accidents

71 169 25 19 at
106 173 40 16 sea
157 165 60 24 from
228 166 42 23 fire
279 174 6 15 :

101 202 99 23 Vbssels
211 203 82 22 Burnt
308 210 28 15 at
346 203 82 22 SeA.
428 202 63 23 With
502 204 80 27 regard
592 207 23 19 to
625 204 36 23 the

70 227 47 23 loss
125 229 31 27 by
170 229 40 22 fire
220 236 33 15 we
268 229 47 22 find
324 229 54 22 nine
387 233 40 19 out
442 230 27 21 of
479 228 38 23 ben
532 237 38 15 are
580 232 81 21 caused

70 255 31 27 by
105 253 106 30 'drawing
217 255 32 23 off
261 256 73 27 spirits
341 256 23 21 in
374 255 38 23 the
421 256 65 27 night
494 264 25 15 or
527 257 24 22 in
561 257 36 22 the
608 258 53 21 dark

71 284 60 19 store
147 289 70 20 room,
228 283 31 26 by
275 282 38 22 the
329 282 57 27 light
403 283 27 22 of
439 290 15 15 a
463 283 86 22 candle.
578 284 29 22 In
623 284 43 24 the,

72 307 67 28 Navy
148 308 39 22 the
200 309 74 26 spirits
284 316 38 15 are
336 312 38 24 got
382 316 29 15 on
427 309 56 22 deck
493 314 23 17 at
530 311 14 22 7
553 310 57 23 bells
627 311 39 26 (or?

72 333 50 23 half
133 338 50 24 past
197 337 24 20 11
233 335 101 27 o'clock)'
345 343 23 14 in
384 336 37 21 the
435 337 116 26 forenoon,
563 337 51 22 and.
623 338 43 24 the;

71 360 56 28 days
148 361 122 22 allowance
289 362 77 22 drawn
385 363 36 27 off,
442 363 38 22 the
499 363 55 22 cask
568 364 26 23 ir>
607 364 51 23 then

73 387 105 28 replaced
188 389 24 21 in
222 388 38 22 the
269 389 137 28 spirit-room
416 389 38 22 the
463 389 93 23 hatches
571 388 95 30 locetf;'

73 413 47 23 and
129 414 38 22 the
174 414 45 28 key
225 415 94 22 secured
331 416 24 21 in
366 415 37 22 the
413 417 101 21 master's
526 417 78 22 .cabin,

73 441 86 21 similar
180 442 142 27 precautions
345 450 59 15 were
425 443 136 22 introduced
578 438 87 34 injjii'

73 467 213 24 merchant-service
296 468 54 23 such
360 469 105 22 disasters
474 477 24 14 as
508 470 38 21 the
564 470 96 28 burning

72 494 26 22 of
110 493 38 23 the
158 494 135 29 Troop-ship
302 497 62 25 Kent,
376 500 24 17 at
408 504 14 13 a
430 497 54 26 long
493 495 164 33 previous-date

71 520 46 22 and
126 520 39 22 the
175 521 111 28 emigrant
295 523 49 27 ship
356 524 62 20 India
435 530 24 14 as
468 523 107 22 recorded
582 523 26 23 in
619 531 39 15 our

70 547 135 28 preceeding
214 549 102 28 number,
327 549 73 22 would
413 550 26 21 be
449 549 100 22 avoided.

106 575 46 24 We
164 577 91 31 subjoin
266 585 13 16 a
289 578 44 23 few
343 582 99 19 extracts
451 586 6 15 :

207 615 28 14 op
253 616 45 14 the
444 609 103 22 Rupert.
594 610 31 22 At
644 617 14 15 a

71 634 76 27 public
154 634 50 23 Sale
212 634 53 22 held
272 642 29 14 on
312 635 36 22 the
355 635 39 22 6th
402 636 96 21 October
505 643 35 17 on,
543 636 37 22 the
587 636 70 23 beach

70 664 25 18 at
105 660 75 22 Green
185 661 78 27 .Point,
273 661 39 22 the
322 662 46 22 hull
380 662 52 22 with
439 662 48 22 that
495 666 50 24 part
554 664 26 21 of
591 671 65 20 cargo

70 686 130 28 remaining,
214 693 30 16 on
262 688 71 22 board
347 688 45 23 and
409 689 68 27 being
495 690 72 22 under
581 695 75 23 water,

71 712 114 28 produced
194 713 38 23 the
249 721 62 20 gross
320 723 49 14 sum
381 716 26 21 of
417 716 72 22 318.
494 718 44 20 1d5.
547 725 7 19 ;
566 718 46 21 and
620 718 36 22 the

72 743 75 23 masts,
154 740 76 27 yards,
241 742 89 27 rigging
338 742 42 22 &c.
390 750 30 14 on
427 743 38 21 the
475 744 78 27 beach,
564 744 54 23 44.
625 745 30 21 95.

101 767 103 25 Shipping
213 769 55 22 List.

97 794 48 21 The
155 795 77 27 public
239 795 45 22 will
292 795 28 22 be
329 796 53 26 glad
391 799 22 18 to
423 796 70 27 learn,
503 796 51 22 that
561 804 40 15 our
609 797 47 22 able

66 820 49 22 and
138 822 165 28 accomplished
333 823 228 28 Surveyor-General,
583 825 74 26 Major

71 846 100 29 Michel],
183 848 46 23 .has
245 850 147 21 xeturned.in
409 850 71 27 safety
497 850 58 22 after
568 858 13 14 a
597 851 60 22 short

71 873 96 23 absence
179 881 28 15 on
217 875 72 26 leave,
301 879 22 18 to
333 883 87 14 resume
425 876 35 22 bis
469 881 58 17 most
536 878 121 27 important

69 900 75 22 duties
154 902 27 24 of
185 901 50 24 .this
250 902 93 29 Colony.
381 902 37 22 He
436 902 40 23 has
492 904 124 22 succeeded
633 905 23 22 in

70 927 135 28 awakening
213 928 38 22 the
261 931 80 25 people
348 929 25 22 in
383 930 274 27 Downing-streetandat

69 954 41 21 the
132 954 89 28 Trinity
228 966 3 11 i
240 952 86 30 House,
346 959 23 19 to
388 956 38 21 the
447 957 162 23 Commercial?
614 959 43 21 and

70 980 74 22 Naval
164 982 137 27 importance
320 983 26 22 of
367 983 67 27 Light
454 984 94 22 Houses'
564 992 30 15 on
620 985 36 22 the

68 1012 64 17 coast
141 1007 26 22 of
179 1008 70 23 South
259 1009 83 27 Africa,
359 1010 46 22 and
414 1010 76 27 brings
500 1012 53 21 with
563 1012 47 22 him
620 1012 36 22 the

68 1038 121 24 apparatus
196 1036 28 22 pf
230 1043 14 14 a
254 1036 98 22 Lantern
363 1045 24 13 or
397 1037 89 21 Beacon
498 1041 21 18 to
531 1039 26 21 be
568 1039 89 22 erected

69 1067 29 18 <jn
111 1061 54 22 ithe<
170 1062 63 28 point
251 1062 73 23 where
336 1064 44 22 .the
395 1065 93 26 Juliana,
514 1065 45 22 and
580 1067 77 19 Princt

67 1088 96 28 Rupert,,
172 1089 70 23 found
259 1090 57 21 their
332 1090 63 24 sand,
411 1091 45 21 and
463 1102 3 8 <
473 1095 87 23 watery:
570 1100 85 19 graves.

68 1115 153 28 Another,.we
229 1116 61 27 hear,
297 1118 19 21 is
322 1117 107 22 intended
435 1118 34 21 for
476 1118 96 22 Simon's
578 1119 76 27 Town,

66 1142 96 22 another
180 1143 50 22 for..
233 1143 59 27 Cape
312 1144 108 26 Agulhas,
440 1144 52 21 and'
504 1145 95 23 another
621 1145 35 23 for

65 1168 59 27 Cape
136 1169 85 23 Receif.
253 1170 110 21 Graham's
374 1172 63 20 Town
446 1172 99 20 Journal.

136 1227 94 25 LAST-
244 1229 141 24 NIGHT'S
406 1231 170 25 MEETING.
