3290 4350
1013 569 56 19 THE
1091 568 55 25 HOT
1164 571 99 22 LAKES
1280 570 165 24 CHRONICLE

1200 607 56 13 AND

1113 635 109 21 Tourists'
1240 635 100 26 Journal.

1035 701 172 23 WEDNESDAY,
1227 701 82 23 AUGUST
1323 701 40 23 28,
1373 703 50 17 1895.

1026 767 102 25 LOCAL
1142 766 96 25 NEWS
1249 766 71 24 AND
1335 766 109 24 NOTES.

1035 827 39 17 The
1090 827 54 17 usual
1169 826 87 25 monthly
1279 826 84 23 meeting
1378 826 20 18 of
1414 826 32 18 the

1012 848 54 20 Band
1075 851 19 16 of
1103 849 55 23 Hope
1167 849 52 18 takes
1233 848 53 24 place
1294 850 20 17 in
1327 850 32 17 the
1373 849 62 18 school-

1013 879 51 12 room
1073 879 24 12 on
1111 872 70 23 Friday
1195 872 87 23 evening.

1035 901 38 18 The
1082 901 126 23 temperature
1219 901 21 18 of
1256 900 33 19 the
1305 907 42 12 new
1364 900 82 25 Sulphur

1013 926 58 16 Baths
1087 923 72 24 ranged
1176 924 48 17 from
1242 926 22 15 98
1282 926 19 16 to
1320 926 33 16 110
1370 924 75 24 degrees

1012 947 69 23 during
1089 947 33 18 the
1130 948 43 22 past
1187 947 58 18 week.

1034 974 39 19 The
1082 974 47 18 local
1139 974 87 18 Football
1236 974 48 19 Cluh
1293 975 48 18 have
1357 974 62 19 issued
1435 982 10 11 a

1012 997 97 24 challenge
1125 999 21 16 to
1163 997 80 19 Maketu
1259 1001 21 15 to
1296 998 45 23 play
1357 998 44 18 here
1421 1006 24 11 on

1012 1022 108 22 September
1130 1021 39 18 7th.
1194 1021 39 18 The
1243 1022 98 24 challenge
1351 1022 34 17 has
1398 1023 46 18 boon

1012 1045 45 22 duly
1069 1045 94 23 accepted.

1035 1077 54 17 Some
1098 1082 62 12 severe
1170 1082 50 12 cases
1230 1077 19 17 of
1259 1077 93 17 influenza
1368 1082 31 13 are
1416 1084 20 11 re-

1011 1101 66 21 ported
1086 1102 20 15 to
1115 1100 47 17 have
1172 1100 88 17 occurred
1267 1102 90 20 amongst
1363 1101 31 17 the
1404 1106 41 13 men

1011 1122 93 19 stationed
1118 1129 46 11 near
1180 1123 111 18 Whirinaki.
1325 1124 38 18 The
1380 1124 65 17 winter

1011 1147 34 17 has
1053 1146 46 18 been
1109 1146 139 24 exceptionally
1257 1152 63 13 severe
1329 1152 25 17 up
1363 1148 58 17 there.

1034 1174 38 18 The
1092 1174 55 18 usual
1167 1174 88 22 monthly
1275 1175 84 22 meeting
1379 1175 19 16 of
1414 1174 31 18 the

1012 1197 67 19 School
1088 1198 112 17 Committee
1208 1198 46 17 took
1263 1197 52 23 place
1324 1204 24 10 on
1362 1197 83 23 Monday

1011 1221 61 23 night,
1082 1220 35 18 but
1125 1227 24 12 no
1166 1221 85 17 business
1263 1221 20 18 of
1295 1221 65 22 public
1375 1220 59 24 impor-

1011 1245 54 18 tance
1073 1250 38 11 was
1120 1244 113 17 transacted.

1034 1272 37 17 The
1081 1272 58 17 Town
1148 1271 62 17 Board
1220 1270 38 18 will
1272 1273 50 15 meet
1334 1272 111 16 to-morrow

1010 1296 99 16 afternoon
1118 1296 19 16 at
1147 1295 41 16 2.30
1193 1300 53 17 p.m.,
1257 1294 20 18 in
1282 1295 33 17 the
1322 1293 122 20 Courthouse.

1010 1319 32 16 Mr
1061 1317 22 18 G.
1101 1317 82 18 Mueller
1195 1317 75 18 arrived
1284 1318 48 17 from
1347 1317 98 18 Auckland

1010 1340 37 18 last
1054 1340 57 23 night
1119 1340 37 17 and
1165 1340 38 17 will
1213 1340 23 19 bo
1250 1340 20 17 in
1287 1341 85 18 Rotorua
1388 1341 31 18 for
1435 1347 10 11 a

1010 1364 37 22 day
1056 1370 20 12 or
1085 1366 44 16 two.

1034 1392 64 19 Guard
1106 1394 78 19 Turner,
1195 1392 42 17 who
1247 1397 38 13 was
1289 1398 21 12 so
1323 1392 83 23 severely
1415 1393 20 16 in-

1010 1415 54 24 jured
1073 1422 45 11 near
1127 1415 97 22 Mamaku,
1235 1416 38 17 last
1282 1416 56 19 week,
1349 1416 21 19 is,
1381 1422 26 11 we
1414 1422 31 11 are

1010 1439 45 23 glad
1063 1441 20 15 to
1092 1446 39 16 say,
1141 1439 123 24 progressing
1276 1440 81 22 steadily
1363 1439 82 17 towards

1010 1468 93 17 recovery,
1113 1464 38 15 and
1160 1460 38 19 will
1207 1462 23 17 be
1239 1462 43 18 able
1290 1463 20 17 to
1327 1468 73 12 resume
1416 1463 29 16 his

1010 1486 60 17 duties
1078 1486 19 17 in
1107 1486 59 17 about
1174 1493 11 9 a.
1195 1486 101 23 fortnight.

1033 1515 38 17 The
1081 1515 54 17 Chief
1144 1515 122 18 Postmaster.
1276 1515 32 17 Mr
1322 1515 19 17 ,S.
1357 1514 20 17 B.
1397 1514 46 21 Biss,

1010 1539 19 16 in
1038 1538 52 23 reply
1099 1540 19 15 to
1128 1539 31 16 Mr
1168 1538 24 17 H.
1203 1537 28 18 W.
1250 1537 117 24 Neighbour,
1385 1544 48 11 secre-

1010 1564 42 19 tary
1061 1562 20 17 at
1089 1562 32 16 the
1130 1561 38 17 late
1184 1562 65 21 public
1266 1561 89 22 meeting,
1373 1562 72 21 regrets

1010 1585 42 17 that,
1060 1585 32 17 the
1106 1585 125 22 Department
1249 1585 69 17 cannot
1334 1586 21 15 at
1370 1585 75 22 present

1010 1608 87 17 establish
1120 1613 11 11 a
1153 1608 56 17 letter
1234 1608 69 17 carrier
1323 1607 82 23 delivery
1425 1609 20 16 at

1010 1630 89 19 Rotorua'.

1033 1660 39 17 The
1078 1662 82 15 contests
1165 1660 85 17 between
1257 1660 32 17 the
1296 1662 38 15 two
1340 1659 47 18 local
1395 1660 40 17 foot-

1009 1682 39 18 hall
1057 1686 65 16 teams,
1132 1683 33 17 the
1174 1682 72 19 Pirates
1255 1683 37 17 and
1299 1682 91 23 Sulphurs
1398 1689 47 12 were

1010 1705 99 19 continued
1119 1706 37 17 last
1165 1706 94 22 Saturday
1270 1707 53 17 when
1340 1707 32 17 the
1389 1707 56 17 latter

1010 1736 41 11 won
1061 1729 29 18 for
1098 1730 32 17 the
1139 1729 42 18 first
1189 1729 46 18 time
1243 1730 25 22 by
1278 1731 10 15 0
1297 1729 63 24 points
1375 1731 20 16 to
1412 1729 32 18 nil.

1010 1753 77 18 Polham
1096 1751 100 25 captained
1206 1753 32 16 the
1247 1752 73 19 Pirates
1324 1752 39 18 and
1368 1751 77 25 Danscy

1010 1777 32 17 the
1050 1776 99 23 Sulphurs,
1158 1776 56 18 while
1221 1776 54 18 Wcra
1283 1776 54 18 acted
1343 1783 19 10 as
1369 1777 75 17 referee.

1033 1806 31 16 Mr
1072 1805 22 17 It.
1113 1805 17 17 J.
1149 1806 44 18 Gill,
1211 1806 45 16 land
1273 1806 90 22 purchase
1381 1807 63 20 agent,

1010 1829 33 17 has
1052 1835 19 11 so
1081 1829 29 17 far
1118 1829 99 17 recovered
1235 1829 47 17 from
1301 1829 28 17 his
1345 1828 64 17 attack
1426 1829 19 16 of

1010 1851 91 18 influenza
1111 1852 41 17 (hat
1161 1852 23 17 ho
1193 1851 16 18 is
1222 1851 42 18 able
1273 1853 20 16 to
1310 1852 89 22 partially
1416 1858 19 11 re-

1010 1881 51 11 sume
1075 1876 29 16 his
1121 1876 51 16 office
1190 1875 67 17 duties.
1291 1876 38 16 The
1345 1874 100 24 purchases

1010 1904 42 12 now
1061 1898 19 17 in
1089 1903 64 12 course
1163 1898 19 17 of
1191 1897 113 24 completion
1315 1897 66 24 chiefly
1391 1897 54 19 affect

1010 1922 31 17 the
1050 1921 272 23 Rotomahana-Parckarangi
1330 1921 36 17 and
1373 1921 57 24 Mung-

1010 1950 60 13 orewa
1086 1943 71 19 blocks,

1033 1973 30 17 Mr
1072 1973 22 16 A.
1104 1972 94 17 Maunder
1206 1971 15 18 is
1230 1972 59 17 about
1303 1974 19 16 to
1336 1973 48 17 erect
1393 1978 11 11 a
1414 1973 30 16 10-

1010 1995 73 19 roomed
1093 1994 163 24 boarding-house
1270 2002 23 11 on
1303 1995 96 22 Wyuyard
1408 1996 37 17 and

1010 2018 87 19 Purchas'
1108 2017 55 19 block
1177 2018 61 18 which
1254 2019 15 17 is
1285 2024 46 17 very
1348 2018 97 23 favorably

1010 2041 80 18 situated
1099 2041 84 19 between
1193 2043 31 16 the
1234 2042 31 17 old
1277 2041 37 18 and
1328 2048 41 10 new
1383 2044 49 15 town-

1010 2065 57 23 ships.
1092 2065 70 17 Messrs
1172 2065 75 18 Kusabs
1256 2065 59 21 Bros.,
1327 2070 30 13 arc
1366 2064 67 24 supply-

1010 2088 33 24 ing
1053 2089 32 17 the
1094 2088 74 19 timber,
1179 2095 11 10 a
1198 2089 76 21 portion
1283 2090 20 15 of
1311 2088 61 17 which
1382 2089 15 16 is
1402 2094 43 11 now

1010 2118 23 12 on
1043 2113 32 17 the
1084 2112 81 23 ground.

1033 2141 38 16 The
1080 2140 69 17 Native
1158 2139 55 18 Land
1223 2141 57 16 Court
1286 2140 105 23 adjourned
1397 2140 48 17 from

1010 2164 77 22 Opotiki
1102 2163 72 21 opened
1186 2163 20 17 in
1224 2163 32 17 the
1273 2163 118 18 Courthouse
1407 2163 38 17 this

1010 2187 93 22 morning,
1113 2186 64 23 Judge
1193 2186 71 18 Wilson
1278 2185 102 25 presiding.
1414 2186 31 17 Mr

1010 2210 75 17 Karaka
1094 2210 102 17 Tarawhiti
1207 2210 15 17 is
1236 2210 33 17 the
1283 2210 63 17 native
1365 2215 80 12 assessor

1010 2234 37 16 and
1055 2234 31 16 Mr
1100 2233 109 17 Hammond
1223 2233 118 23 interpreter.
1367 2233 29 17 On
1413 2239 21 11 ac-

1009 2258 57 16 count
1075 2257 20 17 of
1103 2257 33 17 the.
1144 2256 119 18 non-arrival
1269 2257 20 17 of
1296 2257 31 16 the
1333 2256 57 17 latter
1396 2262 35 16 gen-

1009 2279 76 21 tleman,
1099 2280 32 17 the
1141 2279 58 19 Court
1214 2286 37 11 was
1268 2279 88 23 formally
1373 2279 72 23 opened

1009 2302 38 18 and
1056 2302 104 23 adjourned
1169 2302 30 18 till
1209 2305 117 15 to-morrow.

1032 2331 70 16 Messrs
1124 2330 93 17 Wadham
1242 2330 38 17 and
1305 2330 84 19 Sinclair,
1407 2331 37 16 two

1010 2354 59 17 South
1079 2353 109 18 Australian
1196 2354 70 19 artists,
1278 2359 47 11 were
1341 2353 76 22 staying
1425 2355 19 15 at

1009 2377 32 17 the
1061 2377 101 22 Langham
1183 2377 69 22 dining
1273 2377 32 17 the
1323 2378 44 21 past
1387 2376 57 18 week.

1009 2401 51 21 They
1070 2406 47 11 were
1131 2400 52 22 quite
1199 2399 114 18 enamoured
1327 2400 19 17 of
1360 2399 31 18 the
1407 2399 28 18 dis-

1009 2424 49 20 trict,
1069 2424 48 16 from
1128 2429 23 11 an
1160 2423 73 17 artistic
1244 2424 54 22 point
1312 2424 19 16 of
1344 2423 53 20 view,
1408 2423 36 16 and

1009 2447 47 17 have
1073 2446 57 18 taken
1148 2451 101 13 numerous
1275 2446 84 18 sketches
1376 2446 19 17 in
1412 2446 32 18 the

1009 2470 143 21 neighborhood
1160 2471 21 15 of
1190 2470 32 16 the
1230 2469 64 19 native
1302 2476 30 15 pa,
1350 2471 20 15 at
1386 2469 44 17 Wha-

1009 2492 125 19 karcwarewa
1142 2493 38 17 and
1196 2493 96 22 Wiotapu.

1033 2521 38 19 The
1080 2523 45 15 Rev.
1136 2521 31 17 Mr
1176 2522 59 22 Perry
1244 2521 104 17 conducted
1363 2522 70 22 Presby-

1009 2545 60 18 terian
1077 2545 70 17 service
1155 2545 19 16 in
1184 2545 32 18 the
1224 2545 121 18 schoolhousc
1350 2545 38 18 last
1396 2545 36 16 Sun-

1009 2568 37 23 day
1055 2568 88 21 morning
1152 2568 38 17 and
1207 2568 86 22 evening.
1320 2568 28 17 On
1367 2566 77 25 Sunday

1010 2592 109 23 September
1136 2591 32 17 Bth
1185 2592 32 16 Mr
1233 2589 121 24 Brackenrig,
1377 2592 21 17 of
1413 2592 31 16 the

1010 2615 99 17 Auckland
1125 2615 101 17 Y.M.C.A,
1245 2614 38 18 will
1300 2615 84 21 officiate,
1401 2615 43 19 and,

1010 2640 49 16 most
1067 2638 98 22 probably,
1176 2644 25 11 on
1211 2638 32 17 the
1253 2638 77 22 Sunday
1339 2638 105 22 following.

1010 2662 75 22 During
1091 2661 29 17 his
1129 2662 42 21 stay
1180 2661 32 17 Mr
1224 2662 116 21 Brackenrig
1357 2660 38 18 will
1412 2661 22 18 de-

1010 2684 46 19 liver
1064 2690 11 12 a
1083 2685 70 17 lecture
1167 2685 62 17 which
1244 2685 39 17 will
1299 2685 23 16 bo
1339 2684 105 18 illustrated

1009 2708 26 23 by
1043 2708 105 22 dissolving
1158 2708 64 17 views.

1034 2736 30 17 Mr
1074 2736 22 17 11.
1112 2736 26 17 H.
1156 2735 115 21 McCiillum,
1288 2735 33 19 tho
1338 2736 108 18 contractor

1011 2760 29 17 for
1048 2760 33 16 tho
1090 2759 64 17 Grand
1163 2759 65 21 Hotel,
1239 2758 102 23 proceeded
1350 2761 20 15 to
1382 2759 51 19 Auck-

1010 2782 45 19 land
1064 2782 26 22 by
1098 2782 101 22 Monday's
1208 2782 50 17 train
1267 2789 23 10 on
1302 2788 10 11 a
1328 2782 54 17 short
1395 2783 50 18 -visit.

1010 2806 39 17 The
1057 2805 93 24 building,
1162 2805 62 18 which
1232 2806 16 17 is
1257 2811 11 11 a
1282 2805 59 18 credit
1354 2807 19 16 to
1391 2812 55 17 every

1011 2835 35 11 one
1055 2829 102 17 connected
1166 2828 47 18 with
1222 2829 20 20 it,
1252 2829 16 17 is
1277 2835 42 11 now
1328 2829 72 22 having
1415 2830 31 18 the

1011 2852 90 22 finishing
1109 2852 78 18 touches
1196 2853 20 16 in
1225 2852 32 17 the
1265 2853 69 16 matter
1344 2853 19 16 of
1370 2852 66 18 decora-

1011 2874 40 19 tion
1059 2875 95 18 bestowed
1164 2881 25 11 on
1201 2875 21 20 it,
1239 2875 38 17 and
1290 2875 32 17 the
1338 2875 109 25 furnishing

1011 2898 39 18 will
1058 2899 23 17 be
1091 2898 120 18 commenced
1220 2898 105 18 forthwith.
1357 2899 32 17 Mr
1404 2899 42 18 Mc-

1011 2922 75 18 Calluni
1095 2928 43 16 may
1152 2921 24 18 be
1191 2922 40 17 said
1247 2923 21 16 to
1280 2922 48 17 have
1342 2922 106 23 completed

1012 2945 32 17 the
1053 2945 52 17 work
1114 2951 24 11 on
1147 2945 33 17 the
1189 2944 122 24 anniversary
1319 2945 20 17 of
1345 2944 28 18 his
1388 2945 58 20 birth,

1012 2968 37 17 and
1057 2968 48 17 both
1114 2970 64 15 events
1187 2968 38 17 will
1241 2968 24 17 be
1281 2968 46 22 duly
1343 2968 105 18 celebrated

1011 2990 26 24 by
1046 2992 29 17 his
1084 2992 99 17 Auckland
1192 2990 71 19 friends
1275 2997 24 12 on
1307 2991 104 23 Thursday.

1037 3026 15 16 A
1061 3027 56 20 party
1126 3025 19 16 of
1154 3025 28 17 six
1192 3030 42 12 men
1246 3025 87 22 engaged
1342 3031 24 11 on
1375 3025 32 18 the
1417 3032 20 11 co-

1013 3049 95 22 operative
1117 3048 61 17 works
1191 3054 25 11 on
1232 3048 33 17 the
1281 3048 108 17 Rotoiti-Te
1398 3049 50 17 Teko

1013 3071 45 18 road
1067 3077 52 11 came
1127 3071 41 17 into
1182 3072 51 16 town
1250 3072 38 16 last
1303 3072 56 22 night
1377 3071 72 24 having

1013 3094 85 18 knocked
1107 3094 26 17 off
1140 3093 58 18 work.
1224 3094 52 22 They
1289 3100 31 11 are
1337 3090 112 23 dissatisfied

1013 3117 45 18 with
1068 3118 32 17 the
1109 3117 59 23 prices
1180 3117 51 23 paid.
1264 3117 58 18 These
1339 3118 62 17 works
1417 3125 32 11 are

1013 3141 108 22 essentially
1130 3140 54 17 relief
1192 3140 68 20 works,
1275 3141 38 16 and
1329 3147 20 11 as
1366 3141 46 23 long
1429 3149 19 10 as

1013 3164 32 18 the
1054 3170 43 12 men
1106 3164 24 17 do
1138 3165 35 16 not
1179 3164 45 17 bear
1232 3164 39 17 this
1278 3164 38 17 fact
1321 3164 20 17 in
1349 3164 52 18 mind
1410 3165 29 17 dis-

1014 3187 117 17 satisfaction
1138 3187 16 17 is
1163 3187 64 17 bound
1236 3188 20 16 to
1265 3187 53 17 arise.
1351 3187 20 17 It
1387 3188 15 17 is
1418 3188 20 17 in-

1014 3210 95 21 cumbent,
1126 3216 28 11 we
1171 3210 124 20 understand,
1314 3210 29 17 for
1359 3211 54 17 those
1430 3211 20 18 in

1014 3233 69 23 charge
1091 3234 21 17 to
1121 3239 29 12 see
1159 3234 44 16 that
1210 3234 33 17 the
1257 3239 42 11 men
1314 3233 23 18 do
1354 3235 33 16 not
1404 3240 46 12 earn

1015 3262 50 12 more
1074 3257 47 17 than
1128 3257 19 17 6s
1153 3262 34 17 per
1196 3256 43 23 day,
1245 3257 59 17 hence
1311 3256 67 18 skilled
1386 3257 51 18 work-

1015 3286 41 11 men
1065 3279 48 18 have
1123 3280 19 17 to
1151 3281 35 21 put
1195 3286 25 17 up
1229 3279 45 19 with
1289 3279 36 18 low
1338 3279 68 23 prices.
1431 3281 20 17 It

1015 3303 15 17 is
1039 3303 30 17 for
1075 3303 33 17 the
1114 3303 127 22 Department
1246 3305 21 16 to
1274 3302 85 18 consider
1365 3303 86 18 whether

1015 3326 16 17 it
1039 3326 64 17 would
1112 3328 32 15 not
1154 3326 23 17 be
1186 3326 63 17 better
1257 3328 19 15 to
1286 3326 25 17 fix
1320 3333 12 10 a
1339 3326 66 23 ruling
1410 3329 40 15 rate

1016 3356 33 15 per
1057 3349 38 22 day
1103 3349 37 17 and
1149 3355 29 11 see
1194 3350 42 16 that
1253 3349 44 18 each
1314 3356 44 10 man
1375 3350 76 18 worked

1015 3371 102 25 according
1125 3373 20 17 to
1154 3373 28 17 his
1191 3371 73 25 ability.

1039 3400 81 22 Reports
1132 3400 50 17 from
1196 3400 66 23 Taupo
1276 3399 70 23 during
1360 3400 32 17 the
1409 3402 43 21 past

1017 3422 51 18 week
1076 3423 48 16 have
1131 3423 47 17 been
1189 3425 49 15 most
1246 3423 108 23 reassuring
1359 3424 37 16 and
1400 3424 52 17 show

1017 3450 45 17 very
1071 3446 126 22 conclusively
1206 3446 42 17 that
1257 3446 31 18 the
1294 3448 88 16 accounts
1391 3448 20 16 of
1420 3447 32 17 the

1017 3468 80 23 damage
1106 3469 48 17 done
1163 3469 52 17 there
1224 3475 48 11 were
1279 3469 73 22 grossly
1357 3475 83 17 exagger-

1017 3491 50 18 ated.
1092 3491 30 18 No
1131 3497 42 12 new
1182 3498 67 16 geyser
1257 3492 33 17 has
1298 3491 72 19 broken
1384 3494 35 16 out
1432 3495 21 15 at

1017 3514 33 18 the
1065 3514 49 18 back
1131 3516 20 16 of
1166 3515 93 21 Tauhara,
1277 3515 37 18 and
1331 3515 38 18 lO
1389 3516 64 17 would

1018 3544 55 11 cover
1081 3538 32 17 the
1130 3538 80 22 damage
1224 3538 48 18 done
1286 3540 19 16 to
1319 3538 32 18 the
1364 3539 89 22 crockery

1017 3561 38 17 and
1064 3561 20 17 in
1093 3561 31 17 the
1133 3561 35 17 bar
1175 3563 21 15 at
1205 3561 32 17 the
1249 3562 77 16 Terrace
1339 3561 65 18 Hotel.
1436 3563 17 16 A

1018 3584 59 22 slight
1086 3584 36 22 slip
1130 3584 20 17 in
1164 3585 33 16 the
1213 3585 77 21 cutting
1305 3584 16 17 is
1337 3591 43 10 now
1396 3584 58 24 being

1018 3609 36 21 put
1062 3607 52 22 right
1123 3607 38 17 and
1169 3607 32 17 the
1210 3608 74 22 springs
1300 3607 37 17 and
1351 3607 57 17 baths
1423 3613 31 12 are

1018 3630 112 18 unaffected.
1155 3631 39 16 The
1203 3631 57 17 house
1270 3631 36 16 and
1316 3629 95 23 chimneys
1423 3636 31 11 are

1018 3653 20 17 in
1046 3659 21 12 as
1076 3653 50 23 good
1135 3653 96 18 condition
1240 3660 20 11 as
1269 3659 47 12 ever.
1349 3654 23 17 In
1385 3653 70 23 regard

1019 3678 20 15 to
1053 3676 32 17 the
1100 3676 51 17 Lake
1166 3676 59 17 Hotel
1239 3677 32 16 the
1284 3677 63 21 report
1363 3675 43 18 that
1422 3677 33 16 the

1020 3698 86 23 chimney
1121 3705 51 11 came
1189 3700 56 16 down
1260 3699 41 17 into
1318 3699 32 17 the
1366 3699 34 17 bar
1417 3699 38 17 and

1020 3722 68 22 played
1097 3723 59 17 havoc
1164 3723 53 16 there
1225 3723 54 16 turns
1288 3724 34 15 out
1330 3723 19 16 to
1358 3722 22 17 be
1387 3728 12 11 a
1415 3723 30 21 pic-

1020 3747 87 20 turesque
1117 3745 50 21 piece
1174 3745 20 17 of
1202 3745 70 19 fiction,
1287 3745 33 17 the
1333 3746 86 16 outcome
1436 3745 20 18 of

1020 3774 11 10 a
1040 3769 31 16 too
1083 3766 50 19 vivid
1145 3767 126 23 imagination
1286 3773 25 12 on
1328 3768 32 17 the
1376 3769 44 21 part
1436 3768 20 17 of

1021 3796 87 12 someone
1116 3791 43 17 who
1168 3796 38 12 was
1215 3796 56 16 eager
1279 3792 20 16 to
1307 3791 71 22 impart
1390 3796 53 12 sensa-

1022 3813 59 17 tional
1088 3813 124 18 information
1224 3813 81 18 without
1320 3813 79 23 enquiry
1416 3813 40 18 into

1022 3836 24 17 its
1055 3836 132 22 authenticity.
1211 3836 39 17 The
1259 3836 123 22 expenditure
1391 3836 20 18 of
1418 3836 37 18 less

1022 3859 46 17 than
1077 3858 38 18 .lO
1130 3859 40 17 will
1184 3860 36 21 put
1232 3860 78 16 matters
1326 3859 58 22 right.
1417 3860 40 17 The

1022 3881 54 18 mails
1085 3888 31 11 arc
1124 3883 72 17 carried
1205 3883 48 17 from
1262 3883 64 21 Taupo
1335 3884 20 15 to
1363 3881 91 19 Tokaanu

1022 3912 24 11 on
1055 3905 109 21 horseback,
1174 3905 37 18 and
1226 3906 32 17 the
1272 3905 127 18 Government
1414 3912 43 11 men

1023 3928 37 17 and
1069 3927 26 18 all
1104 3929 54 16 other
1166 3928 92 17 available
1271 3928 53 17 labor
1330 3934 31 11 are
1369 3929 88 22 engaged

1022 3952 20 16 in
1058 3952 96 23 repairing
1170 3952 32 17 the
1218 3951 71 26 Napier
1304 3951 47 17 road
1370 3951 38 17 und
1424 3952 33 17 the

1023 3973 59 19 Huka
1090 3974 51 18 Falls
1153 3975 46 17 road
1213 3977 21 15 to
1250 3970 99 22 \Vairakei.
1382 3974 27 18 At
1424 3975 33 17 the

1023 3997 58 18 latter
1094 3998 53 24 place
1161 3998 33 17 the
1211 3997 90 18 direction
1316 3998 19 17 of
1353 3998 30 17 the
1400 3996 58 19 shock

1023 4026 39 12 was
1070 4021 49 17 from
1128 4022 47 16 west
1184 4022 20 16 to
1212 4022 46 19 cast,
1268 4020 37 18 and
1314 4026 20 12 as
1342 4020 88 18 Tauhara
1442 4021 16 17 is

1024 4043 36 17 due
1069 4045 47 16 west
1124 4045 20 16 of
1152 4043 93 19 Wairakei
1251 4043 16 18 it
1274 4043 16 18 is
1298 4043 49 17 clear
1363 4043 43 18 that
1415 4044 43 18 that

1023 4067 100 17 mountain
1131 4073 39 11 was
1184 4067 33 17 the
1232 4068 62 16 centre
1309 4067 21 17 of
1345 4067 32 17 the
1394 4072 52 12 move-

1024 4090 59 17 ment.
1107 4090 56 17 After
1171 4090 33 17 the
1213 4090 57 17 shock
1278 4090 15 17 it
1309 4090 16 17 is
1338 4090 63 17 stated
1416 4090 43 17 that

1024 4111 33 18 the
1066 4114 58 16 wuter
1133 4113 19 17 in
1161 4119 57 16 many
1233 4112 20 18 of
1265 4113 32 17 the
1314 4112 56 18 baths
1383 4111 76 19 became

1025 4135 42 17 cold
1084 4135 36 17 but
1136 4136 34 17 has
1187 4136 49 17 since
1253 4135 85 18 resumed
1354 4135 33 17 tho
1406 4135 53 18 usual

1025 4159 132 21 temperature.

1491 139 147 23 Tree-planting
1645 139 16 18 is
1670 138 66 23 taking
1745 137 52 24 place
1807 143 25 12 on
1838 144 24 11 an
1869 143 23 12 ex-

1468 163 72 17 tensive
1548 163 49 17 scalo
1606 163 68 17 within
1682 163 32 17 the
1728 161 78 21 railway
1821 161 83 22 grounds

1468 186 61 17 under
1536 186 33 17 the
1578 186 115 23 supervision
1708 185 20 17 of
1744 183 32 18 Mr
1792 183 58 19 Mills.
1881 184 23 18 In

1468 209 33 17 the
1520 208 145 24 neighborhood
1685 209 20 17 of
1724 207 31 18 Mr
1774 207 130 18 Waiuhouse's

1468 230 94 20 residence
1579 232 38 18 and
1633 237 45 12 near
1693 232 33 17 the
1745 229 62 19 offices
1824 237 11 11 a
1851 231 53 23 largo

1468 254 73 23 variety
1548 256 20 16 of
1573 255 98 22 flowering
1677 254 66 18 shrubs
1749 253 39 19 will
1794 253 24 18 bo
1825 255 79 21 planted

1469 278 104 23 consisting
1593 280 20 16 of
1634 278 87 20 fuchsias,
1744 277 83 17 Guelder
1846 284 57 14 roses,

1468 301 120 23 hydrangeas,
1604 302 59 20 lilacs,
1680 298 94 23 lavender,
1795 299 108 24 laurestino,

1469 324 74 23 myrtle,
1561 325 93 20 veronica,
1672 324 37 17 and
1725 321 94 24 Japanese
1835 324 68 22 privet,

1468 347 125 23 interspersed
1602 349 46 16 \\':'h
1664 347 56 17 shade
1733 345 38 18 and
1785 348 118 16 ornamental

1468 373 49 15 trees
1526 371 45 18 such
1581 377 19 12 as
1609 371 32 17 the
1646 371 58 19 larch,
1712 370 42 17 oak,
1761 370 40 19 ash,
1809 376 95 16 sycamore

1468 394 64 22 beech,
1547 396 84 21 cheshut,
1649 396 32 17 &c.
1714 394 83 18 Further
1812 393 54 20 hack,
1884 396 20 15 to

1469 424 51 12 servo
1529 425 20 11 as
1558 425 11 11 a
1578 421 39 15 sort
1625 419 20 17 of
1659 416 114 22 breakwind,
1784 418 58 16 forest
1855 419 49 16 trees

1469 441 38 18 will
1527 441 23 18 be
1567 441 84 23 planted.
1683 441 51 17 Most
1754 441 19 17 of
1790 441 32 17 the
1839 446 65 17 young

1468 465 64 23 plants
1541 470 31 13 are
1581 465 49 18 from
1639 465 32 17 the
1679 470 78 16 nursery
1770 463 105 24 belonging
1884 466 19 15 to

1469 484 31 25 |hc
1510 487 77 23 railway
1596 487 119 23 department
1724 488 19 17 at
1752 484 104 21 Frankton.

1470 521 28 19 IN
1512 523 88 17 ORDER
1613 522 67 18 THAT
1698 521 54 18 ANY
1771 521 132 18 MEDICINE

1470 567 71 18 Should
1556 566 75 19 achieve
1646 567 32 18 the
1698 567 66 17 results
1778 566 61 18 which
1856 566 15 17 it
1889 567 14 16 is

1469 591 57 20 given
1534 593 20 15 to
1563 592 88 22 produce,
1661 592 15 16 it
1684 592 50 16 must
1743 590 23 17 be
1772 589 58 22 easily
1837 590 55 17 assim-

1468 613 57 18 ilable
1534 617 19 15 to
1562 615 32 17 the
1604 613 90 19 stomach.
1719 613 78 18 Wolfe's
1806 613 97 23 Schnapps

1468 637 16 17 is
1493 637 52 18 such.

1500 688 118 18 OPENING
1630 688 35 18 UP
1681 687 53 18 THE
1747 687 124 18 DISTRICT.

1587 734 30 18 By

1492 766 39 18 The
1536 766 65 18 article
1608 766 19 18 in
1634 772 11 12 a
1651 766 37 18 late
1693 766 48 18 issue
1747 766 20 18 of
1774 766 32 17 the
1812 766 91 18 Chhoxi-

1468 793 42 18 CLE,
1520 796 20 12 re
1549 791 31 17 the
1588 796 42 11 new
1639 789 36 18 line
1685 791 19 15 of
1717 789 47 17 road
1778 791 21 16 to
1811 790 33 16 the
1857 790 48 16 East

1469 813 62 19 Coast,
1541 814 31 17 via
1589 812 72 19 Rotoiti
1677 812 37 18 and
1731 813 56 17 other
1800 813 52 17 lakes
1865 818 38 12 was

1468 838 51 15 most,
1526 837 118 21 interesting.
1669 836 62 17 While
1740 836 48 22 fully
1802 834 102 24 endorsing

1468 860 52 17 what
1533 865 48 17 your
1594 860 118 18 contributor
1727 860 59 16 states
1802 865 21 11 as
1836 860 20 16 to
1871 860 33 16 the

1468 882 117 23 importance
1594 884 20 16 of
1623 883 37 17 this
1668 883 55 23 great
1731 882 53 18 work
1793 883 20 17 to
1829 881 25 19 all
1872 883 32 17 the

1468 905 59 24 rising
1536 905 46 19 East
1592 907 57 17 Coast
1660 906 123 20 settlements,
1794 912 19 11 as
1827 905 43 18 well
1884 912 20 11 as

1468 930 19 17 to
1497 929 90 21 Rotorua,
1606 929 9 18 I
1628 929 63 17 would
1708 929 39 17 also
1760 929 39 23 beg
1814 930 21 16 to
1852 928 52 18 draw

1468 952 64 23 public
1538 952 101 21 attention,
1649 952 83 22 through
1748 958 49 17 your
1811 952 91 21 columns,

1468 977 19 15 to
1497 982 50 11 some
1556 977 54 16 other
1619 977 76 16 matters
1708 975 77 23 equally
1793 976 110 22 important.

1468 998 39 19 The
1516 999 41 18 first
1565 999 15 18 is
1594 999 31 17 the
1640 999 91 21 necessity
1745 999 19 16 of
1779 998 83 24 opening
1879 1005 25 16 up

1468 1029 35 10 one
1512 1028 21 11 or
1541 1024 39 16 two
1588 1022 70 17 branch
1667 1021 46 18 lilies
1722 1022 20 17 of
1750 1022 47 17 road
1809 1023 49 16 from
1872 1022 32 17 the

1468 1046 58 18 trunk
1542 1046 90 21 roadway
1648 1044 17 18 in
1684 1043 87 25 question
1787 1051 43 11 now
1846 1045 59 23 being

1468 1069 120 17 constructed
1597 1071 20 15 at
1630 1068 77 18 Kotoiti.
1739 1067 59 19 Those
1812 1068 92 18 branches

1467 1092 69 17 should
1558 1093 49 16 start
1628 1093 49 16 from
1698 1091 31 18 the
1750 1091 96 22 Waitangi
1863 1092 42 17 Hot

1468 1115 80 22 Springs
1556 1114 84 19 between
1656 1114 86 18 Rotoehu
1759 1114 38 18 and
1815 1114 88 20 Rotoma,

1468 1138 37 17 and
1514 1135 48 21 dose
1571 1139 26 21 by
1606 1137 45 18 both
1661 1137 53 18 those
1723 1137 100 24 charming
1828 1137 77 19 lakes

1468 1161 32 17 the
1509 1167 35 12 one
1553 1160 99 22 following
1660 1160 57 22 along
1726 1161 32 17 the
1767 1163 74 16 eastern
1849 1162 55 17 shore

1468 1185 19 16 of
1498 1183 86 19 Rotoehu
1593 1184 37 17 and
1636 1184 55 17 down
1698 1185 83 21 through
1790 1185 31 16 the
1827 1191 64 11 numer-

1468 1213 33 11 ous
1519 1208 83 21 farming
1615 1206 116 18 settlements
1748 1208 21 16 of
1783 1208 121 23 Pongakawa

1468 1229 37 19 and
1522 1229 129 19 Otaruarakau
1668 1231 19 17 to
1703 1231 32 16 the
1750 1231 62 20 Coast,
1825 1231 38 17 and
1872 1231 32 17 the

1468 1254 54 17 other
1531 1253 76 23 leading
1615 1254 59 21 along
1681 1254 32 17 the
1723 1255 79 16 western
1811 1253 38 18 and
1859 1260 33 11 nor-

1467 1277 55 17 thern
1532 1278 63 16 shores
1604 1278 20 16 of
1634 1277 86 19 Rotoma,
1734 1278 31 16 via
1778 1277 125 18 Okaraheato

1468 1299 118 22 Manawahc,
1597 1300 37 17 and
1644 1299 81 22 straight
1733 1307 25 10 on
1773 1300 84 23 through
1872 1300 31 19 the

1467 1324 83 22 pastoral
1559 1330 45 10 runs
1613 1323 37 17 and
1659 1323 58 17 farms
1729 1322 129 25 surrounding
1872 1325 31 16 the'

1467 1347 62 21 newly
1538 1347 102 17 awakened
1654 1347 93 22 township
1762 1347 21 17 of
1797 1347 106 18 Richmond

1467 1371 20 16 at
1496 1370 80 17 Matata.
1590 1370 16 17 A
1614 1370 65 21 bright
1688 1370 36 17 and
1732 1371 113 22 permanent
1848 1376 55 16 pros-:

1467 1393 62 22 perity
1538 1393 14 17 is
1561 1400 12 10 a
1581 1394 92 21 certainty
1682 1394 30 16 for
1720 1394 32 16 the
1762 1396 53 20 great
1828 1393 47 18 bulk
1884 1394 20 17 of

1468 1417 32 16 the
1517 1419 80 19 country
1613 1416 73 23 though
1709 1417 61 17 which
1791 1417 53 17 these
1865 1419 38 15 twi

1467 1439 53 18 short
1529 1439 70 18 branch
1609 1440 45 17 lines
1664 1440 38 17 will
1712 1445 48 17 pass,
1776 1446 20 11 as
1811 1441 32 16 the
1858 1441 45 16 land

1466 1462 16 17 is
1496 1462 106 23 admirably
1619 1462 81 23 adapted
1717 1464 30 16 for
1762 1464 79 21 grazing
1857 1469 34 17 pur-

1466 1492 60 16 poses,
1545 1486 38 17 and
1599 1485 39 19 also
1654 1486 30 18 for
1701 1486 141 24 fruitgrowing,
1861 1487 42 17 vine

1467 1509 78 20 culture,
1556 1510 32 17 &c.
1614 1508 64 19 Under
1691 1510 52 16 these
1759 1509 144 19 circumstances

1466 1533 33 16 the
1508 1533 68 17 Crown
1585 1533 55 17 could
1652 1535 34 15 not
1700 1533 84 23 possibly
1801 1533 24 18 do
1841 1533 62 18 better

1466 1556 47 17 than
1533 1556 75 23 acquire
1630 1556 31 17 the
1677 1556 106 23 remaining
1796 1555 64 19 native
1873 1557 20 16 in-

1466 1580 68 16 terests
1542 1580 19 16 in
1571 1579 53 19 those
1637 1580 88 17 districts.
1752 1580 59 16 There
1824 1586 32 11 are
1869 1586 22 11 ex-

1467 1603 72 16 tensive
1547 1609 52 11 areas
1609 1603 19 17 of
1637 1603 67 17 Crown
1719 1603 38 17 and
1771 1603 63 17 native
1848 1603 55 17 lands

1466 1626 120 22 throughout
1594 1626 33 17 the
1635 1628 80 20 country
1722 1626 60 17 which
1799 1626 31 17 the
1845 1626 58 17 trunk

1467 1649 36 17 and
1513 1648 71 19 branch
1593 1649 54 18 roads
1658 1648 80 19 referred
1748 1652 20 14 to
1781 1649 64 18 would
1860 1655 31 12 ren-

1466 1671 34 19 der
1508 1671 129 24 immediately
1645 1672 98 18 accessible
1754 1674 19 16 to
1782 1672 44 18 that
1832 1673 71 22 always

1466 1701 101 12 numerous
1577 1696 69 17 section
1660 1697 19 16 of
1695 1697 32 16 the
1745 1697 117 21 community
1879 1702 23 11 on

1467 1719 32 16 the
1508 1719 89 17 look-out
1606 1719 29 18 for
1643 1719 87 22 pleasant
1738 1720 38 16 and
1791 1720 112 17 convenient

1466 1741 92 18 locations
1576 1743 28 16 for
1621 1742 88 22 planting
1747 1743 63 17 homes
1845 1748 56 17 upon.

1468 1765 19 17 It
1503 1766 15 16 is
1533 1767 19 15 to
1567 1765 23 17 be
1603 1765 61 23 hoped
1681 1766 41 16 that
1737 1767 32 16 the
1783 1767 50 16 Hon.
1851 1765 50 19 John

1467 1788 104 17 MoKonzie
1580 1788 38 18 will
1627 1795 29 10 see
1665 1791 19 15 to
1694 1789 37 17 this
1741 1796 24 11 on
1774 1789 28 17 his
1809 1789 94 23 promised

1467 1812 42 17 visit
1520 1814 20 14 to
1548 1811 85 18 Rotorua
1641 1814 49 15 after
1700 1812 31 18 the
1740 1813 91 22 present>S
1847 1812 54 17 ssion.

1468 1835 51 17 With
1529 1841 67 17 proper
1606 1835 85 17 facilities
1707 1836 29 16 for
1750 1835 102 24 travelling
1865 1836 37 17 and

1468 1857 105 23 conveying
1581 1858 81 23 produce
1673 1861 19 15 to
1701 1859 79 19 market,
1796 1860 29 16 for
1841 1859 60 18 which

1467 1888 12 10 a
1491 1882 50 21 good
1557 1881 76 23 subsidy
1651 1881 66 18 should
1734 1883 23 16 be
1774 1882 80 17 allowed
1871 1883 32 16 the

1468 1907 95 16 steamers,
1574 1906 53 16 these
1635 1904 42 19 lake
1690 1905 83 18 districts
1790 1906 19 17 of
1823 1906 78 17 Rotoiti.

1468 1928 92 19 Rotoehu,
1571 1928 80 18 Rotoma
1662 1928 38 18 and
1715 1929 32 17 the
1762 1929 63 17 others
1840 1928 63 18 would

1468 1951 82 23 speedily
1560 1952 74 16 become
1644 1952 31 17 the
1681 1951 60 18 abode
1767 1952 68 22 (under
1842 1959 10 9 a
1860 1952 42 17 wise

1468 1977 69 19 system
1548 1975 20 17 of
1576 1974 53 18 small
1644 1975 47 17 farm
1705 1975 38 18 and
1758 1975 145 23 fruit-growing

1467 1996 170 26 settlements)of
1646 2005 34 10 one
1689 1999 21 18 of
1715 1999 33 18 the
1756 2000 49 16 most
1809 1998 94 23 populous

1467 2021 37 17 and
1513 2027 112 16 prosperous
1633 2022 131 17 communities
1773 2022 19 17 in
1801 2021 47 18 New
1855 2022 36 17 Zea-

1467 2043 50 20 land,
1528 2044 15 17 if
1551 2047 34 15 not
1593 2045 20 17 in
1622 2045 31 17 the
1662 2045 65 17 world.
1754 2045 105 20 Therefore,
1872 2045 31 17 Mr

1468 2067 72 22 Editor,
1552 2068 31 17 the
1592 2074 66 11 sooner
1667 2069 31 16 the
1714 2068 51 17 work
1781 2069 18 16 in
1816 2069 42 16 that
1874 2069 18 16 di-

1467 2091 71 17 rection
1547 2092 66 21 begins
1623 2092 30 16 the
1663 2092 67 17 better.
1757 2092 50 17 With
1816 2092 42 17 that
1867 2091 36 17 end

1467 2113 19 18 in
1494 2114 48 18 view
1551 2120 33 15 we,
1594 2114 19 18 in
1623 2115 89 18 Rotorua.
1727 2114 68 19 should
1809 2114 43 18 lend
1869 2121 34 11 our

1468 2139 19 15 at
1496 2139 76 21 present
1580 2138 54 17 small
1644 2138 50 17 voice
1703 2138 38 17 and
1750 2137 31 19 aid
1787 2138 19 17 in
1811 2137 80 18 influenc-

1467 2160 34 22 ing
1510 2161 31 16 the
1550 2167 72 15 powers
1630 2161 43 17 that
1682 2161 22 18 be
1718 2163 20 15 to
1753 2168 51 11 come
1819 2161 37 17 and
1874 2168 29 9 see

1468 2184 28 16 for
1511 2182 110 19 themselves
1636 2184 32 17 the
1681 2191 95 10 resources
1790 2185 19 16 of
1823 2183 80 24 payable

1467 2207 108 17 settlement
1583 2208 83 21 existing
1682 2208 26 17 all
1721 2207 84 22 around,
1825 2209 19 15 to
1860 2207 43 17 look

1467 2235 24 12 on
1501 2230 32 17 the
1541 2230 83 22 glorious
1637 2231 37 17 and
1687 2231 65 17 varied
1765 2231 138 23 opportunities

1467 2253 43 17 that
1519 2260 34 10 our
1562 2254 103 18 wonderful
1675 2254 42 19 lake
1726 2255 73 17 district
1810 2253 55 19 offers
1874 2255 29 16 for

1467 2276 114 24 developing
1590 2277 31 18 the
1630 2278 106 23 prosperity
1745 2278 38 17 and
1797 2277 106 22 increasing

1468 2299 73 24 rapidly
1551 2301 30 16 the
1596 2307 101 16 yeomanry
1712 2300 112 24 population
1838 2301 20 16 of
1871 2301 32 21 th.o

1468 2323 77 21 Colony.
1580 2324 70 17 Rotoiti
1672 2323 69 19 should
1760 2325 24 16 be
1801 2323 102 18 connected

1467 2347 46 16 with
1523 2348 87 16 Rotoehu
1623 2348 38 17 and
1675 2348 45 17 with
1739 2348 87 18 Rotoma,
1844 2347 60 18 either

1467 2368 25 23 by
1501 2370 52 17 short
1564 2370 51 18 canal
1625 2373 41 16 cuts
1675 2372 20 17 of
1704 2372 20 17 in
1738 2371 25 17 all
1778 2371 58 17 about
1851 2371 52 17 three

1467 2393 59 19 miles,
1536 2400 21 10 or
1566 2395 25 22 by
1600 2395 49 21 light
1658 2397 49 15 tram
1716 2401 22 11 or
1747 2395 78 21 railway
1834 2394 69 17 service

1467 2417 45 18 such
1522 2424 20 11 as
1551 2419 15 16 is
1575 2419 57 20 being
1640 2418 82 23 adopted
1732 2419 30 17 for
1766 2416 86 24 sparsely
1858 2422 34 18 peo-

1468 2439 43 23 pled
1520 2444 80 18 country
1609 2442 82 17 districts
1700 2442 55 22 lying
1763 2447 51 10 some
1820 2440 83 17 distance

1468 2463 26 17 off
1501 2465 32 17 the
1543 2468 53 18 great
1606 2465 76 23 railway
1690 2465 46 17 lines
1743 2465 19 17 in
1769 2464 90 22 England
1867 2463 36 17 and

1468 2490 47 16 most
1533 2490 20 16 of
1569 2489 32 17 the
1614 2489 54 18 other
1685 2489 100 21 European
1802 2487 100 18 countries.

1467 2512 59 17 These
1543 2512 49 21 light
1607 2511 47 19 lines
1668 2512 48 17 New
1729 2511 83 18 Zealand
1828 2510 16 19 is
1861 2516 43 12 now

1468 2535 70 20 feeling
1548 2536 30 17 the
1588 2535 91 22 necessity
1688 2536 20 16 of
1717 2542 20 11 as
1750 2536 73 17 feeders
1837 2536 20 15 to
1872 2534 31 17 the

1467 2558 50 18 main
1527 2558 53 18 lines.
1606 2558 148 24 Hydrographic
1762 2564 77 17 surveys
1850 2558 20 17 of
1878 2556 26 19 all

1467 2581 33 18 the
1509 2588 50 12 more
1567 2582 104 22 important
1680 2582 52 17 lakes
1745 2582 67 17 should
1828 2582 39 18 also
1881 2581 23 17 he

1467 2607 36 21 put
1511 2605 18 17 in
1540 2605 50 17 hand
1603 2608 18 14 at
1637 2612 45 10 once
1699 2606 19 16 in
1734 2605 54 17 order
1802 2607 20 15 to
1839 2605 64 17 obtain

1468 2628 32 17 the
1508 2629 89 21 requisite
1611 2629 44 17 data
1671 2629 29 17 for
1715 2628 77 22 dealing
1808 2631 34 15 not
1859 2629 44 21 only

1467 2651 46 18 with
1523 2652 95 22 questions
1627 2652 89 22 affecting
1731 2651 92 19 intcrlakc
1837 2652 65 19 traffic,

1466 2675 36 17 but
1511 2675 39 17 also
1557 2676 95 21 questions
1663 2675 103 22 regarding
1781 2682 68 16 proper
1863 2682 30 16 sys-

1467 2701 48 15 tems
1524 2699 21 17 of
1552 2704 94 18 sewerage
1654 2699 30 17 for
1693 2704 34 12 our
1736 2701 66 17 towns,
1811 2700 32 16 the
1851 2702 54 17 great

1468 2721 80 19 thermal
1565 2723 62 16 action
1640 2723 20 16 of
1677 2722 31 17 the
1722 2722 79 19 district,
1818 2723 38 17 and
1872 2723 32 17 tin;

1468 2746 88 16 constant
1564 2745 68 23 supply
1647 2746 20 16 of
1683 2746 81 17 thermal
1773 2746 38 17 and
1826 2746 77 18 mineral

1468 2769 67 16 waters
1552 2769 29 17 for
1596 2769 31 17 the
1642 2769 74 17 various
1730 2769 95 17 sanatoria
1843 2769 60 18 which

1468 2798 42 11 now
1522 2791 49 18 exist
1580 2792 18 17 in
1607 2792 32 17 the
1647 2791 75 18 district,
1731 2793 36 16 and
1778 2792 61 18 which
1854 2795 51 15 must

1468 2816 23 15 be
1511 2814 74 23 largely
1601 2815 95 17 increased
1714 2815 37 18 and
1768 2816 104 22 developed
1884 2816 20 17 in

1468 2838 87 18 different
1563 2838 90 18 localities
1662 2838 19 18 in
1696 2838 45 18 time
1760 2840 20 16 to
1796 2845 58 11 come.
1888 2840 17 16 A

1468 2860 70 23 partial
1546 2861 140 23 hydrographic
1694 2868 69 15 survey
1771 2863 21 16 of
1801 2862 31 17 the
1840 2862 64 23 Taupo

1468 2885 52 16 Lake
1529 2883 15 18 is
1553 2885 32 16 the
1594 2884 45 23 only
1653 2890 36 12 one
1701 2885 44 17 that
1759 2885 33 17 has
1810 2885 47 18 been
1874 2887 20 16 at-

1468 2906 85 24 tempted
1562 2914 20 11 so
1591 2908 29 17 far
1632 2908 19 17 in
1668 2908 31 17 the
1715 2908 43 17 lake
1771 2908 80 20 district,
1867 2908 38 18 and

1469 2931 41 17 that
1526 2937 56 16 many
1597 2937 52 16 years
1664 2937 42 16 ago,
1722 2931 26 22 by
1764 2932 32 17 Mr
1809 2932 96 18 Laurence

1470 2955 76 17 Cussen.
1571 2955 67 16 Either
1646 2954 24 17 he
1679 2960 21 11 or
1708 2961 51 11 some
1768 2955 76 22 equally
1853 2962 39 10 com-

1469 2979 66 20 petent
1543 2977 82 18 member
1633 2978 20 17 of
1662 2977 32 18 the
1701 2978 72 22 Survey
1780 2979 126 21 Department

1470 3000 67 17 should
1546 3000 23 17 be
1578 3000 90 18 detached
1679 3002 81 17 without
1768 3002 55 21 delay
1837 3003 19 16 to
1871 3001 23 18 ob-

1470 3024 39 16 tain
1527 3024 95 22 thorough
1636 3030 78 14 surveys
1730 3025 20 17 of
1766 3025 33 17 the
1814 3025 89 20 Rotorua,

1470 3047 78 19 Rotoiti,
1575 3047 86 21 Rotoma,
1684 3044 94 24 Rotoehu,
1805 3047 98 22 Okataina,

1470 3071 99 16 Tarawera
1585 3070 36 17 and
1640 3077 37 15 any
1694 3071 20 17 of
1731 3071 32 17 the
1784 3071 55 18 other
1854 3071 52 17 lakes

1470 3093 78 17 deemed
1555 3099 103 17 necessary,
1668 3099 21 12 so
1706 3100 20 11 as
1741 3096 20 15 to
1776 3094 24 17 be
1815 3094 91 23 provided

1471 3117 45 17 with
1527 3117 32 16 the
1567 3117 45 17 data
1624 3117 89 22 requisite
1726 3118 29 16 for
1769 3117 34 17 the
1816 3123 90 17 purposes

1470 3139 101 18 indicated.
1595 3139 40 18 The
1644 3141 38 16 fact
1698 3141 20 16 of
1730 3141 28 16 Dr
1773 3141 85 18 Ginder.s,
1874 3141 33 17 the

1471 3163 79 17 medical
1555 3162 155 23 superintendent
1715 3164 20 17 of
1741 3164 32 16 the
1779 3164 126 20 Sanatorium,

1471 3186 71 22 having
1550 3186 143 18 recommended
1701 3193 12 11 a
1728 3186 106 23 beginning
1849 3186 58 23 being

1472 3209 54 17 made
1534 3209 46 18 with
1590 3216 11 10 a
1609 3208 51 24 light
1667 3209 79 23 railway
1755 3211 21 15 to
1787 3211 80 16 connect
1875 3209 32 18 the

1471 3232 56 17 baths
1536 3233 20 16 of
1565 3233 98 21 Puerenga
1674 3233 48 17 with
1736 3233 116 17 Omawhata
1868 3233 39 17 will

1472 3262 24 11 no
1505 3256 60 17 doubt
1573 3256 69 17 receive
1651 3256 33 17 the
1696 3256 96 17 favorable
1801 3256 95 17 considera-

1472 3278 40 18 tion
1522 3279 19 17 of
1549 3279 32 17 the
1590 3279 134 20 Government,
1736 3278 60 18 which
1807 3278 34 18 has
1850 3278 57 18 taken

1472 3308 11 10 a
1491 3303 61 21 heavy
1562 3301 138 23 responsibility
1709 3308 24 11 on
1741 3302 53 17 itself
1802 3302 59 17 under
1875 3302 32 17 the

1473 3325 87 17 Thermal
1570 3325 78 22 Springs
1657 3325 42 17 Act.
1713 3325 44 17 Had
1763 3325 74 22 private
1846 3327 51 16 enter-

1473 3348 49 22 prise
1531 3348 47 17 been
1590 3346 80 19 allowed
1683 3350 20 15 to
1717 3348 30 17 aid
1762 3348 19 17 in
1797 3348 111 23 developing

1474 3372 32 16 the
1515 3371 80 17 thermal
1610 3370 37 18 and
1660 3371 55 17 other
1727 3377 95 11 resources
1835 3372 20 16 of
1871 3371 37 18 this

1475 3394 47 17 wide
1531 3394 78 20 district,
1616 3394 52 17 there
1675 3394 68 18 woidd.
1754 3395 82 17 without
1842 3395 65 19 doubt,

1473 3418 48 16 have
1537 3417 46 17 been
1600 3423 11 11 a
1630 3416 70 24 widely
1720 3417 87 18 different,
1825 3418 48 17 state
1890 3419 20 16 of

1474 3440 65 22 things
1556 3440 25 17 all
1602 3446 45 12 over
1662 3439 33 19 the
1716 3440 34 18 hot
1767 3440 75 23 springs
1859 3447 49 11 area.

1475 3464 56 16 From
1538 3470 11 10 a
1555 3463 99 22 stagnated
1660 3463 147 22 unsatisfactory
1814 3464 96 18 condition

1475 3492 55 16 every
1538 3486 77 17 interest
1623 3487 16 16 is
1647 3491 44 12 now
1698 3487 90 21 suffering
1793 3487 37 17 and
1837 3487 61 17 Parlia-

1475 3511 52 16 ment
1536 3509 66 17 should
1610 3509 23 16 be
1642 3510 92 22 prepared
1745 3511 20 15 to
1773 3510 55 17 incur
1841 3516 11 11 a
1865 3517 45 16 very

1475 3532 52 22 large
1536 3532 122 22 expenditure
1667 3532 18 17 in
1695 3532 32 18 the
1736 3533 77 22 general
1821 3533 77 23 develop-

1475 3557 52 15 ment
1536 3556 20 16 of
1566 3555 30 17 the
1610 3556 86 22 country,
1714 3562 22 10 or
1752 3555 38 17 else
1806 3556 102 23 relinquish

1475 3579 33 16 the
1522 3579 80 21 attempt
1616 3578 106 21 altogether
1736 3579 37 16 and
1787 3585 48 17 open
1852 3579 58 23 freely

1475 3601 33 17 the
1517 3602 53 20 gates
1578 3602 20 16 to
1606 3600 104 19 individual
1717 3602 75 22 capital,
1802 3604 107 21 enterprise,

1476 3624 43 17 skill
1527 3623 39 17 and
1573 3630 76 15 energy.
1674 3625 40 17 The
1730 3627 76 20 present
1891 3626 20 17 in

1476 3647 33 17 the
1621 3647 63 22 policy
1693 3649 69 16 cannot
1770 3648 24 17 bo
1802 3649 80 17 allowed
1891 3652 19 14 to

1477 3670 148 17 continuethis
1634 3671 73 21 resting
1715 3670 37 18 and
1761 3671 85 23 sleeping
1851 3679 12 10 a
1869 3672 41 22 lazy

1476 3692 33 18 life
1518 3699 53 16 away
1572 3693 38 17 if
1616 3693 162 23 disappointment
1787 3695 36 17 and
1833 3695 78 17 disaster

1476 3716 16 17 is
1506 3717 21 16 to
1542 3716 23 16 be
1578 3716 78 17 avoided
1670 3717 21 17 in
1706 3716 32 18 the
1752 3722 54 17 years
1821 3719 44 16 that
1881 3724 30 11 are

1477 3739 75 22 rapidly
1560 3739 129 23 approaching
1697 3739 38 18 and
1746 3746 20 11 as
1780 3741 74 23 rapidly
1868 3747 33 17 pas-

1477 3762 43 23 sing
1529 3768 59 16 away.

1536 3821 309 32 CORRESPONDENCE.

1573 3879 97 18 CATTLE
1686 3879 133 19 STEALING.

1613 3930 25 13 TO
1650 3930 42 14 THE
1704 3930 80 13 EDITOR.

1502 3953 41 20 Silt,
1545 3954 34 17 I
1588 3954 24 18 do
1620 3956 35 16 not
1663 3955 52 17 often
1732 3954 49 18 have
1795 3954 86 18 occasion
1895 3956 19 16 to

1478 3977 75 17 trouble
1562 3983 39 16 you
1608 3977 47 17 with
1665 3983 38 17 any
1710 3977 72 21 letters,
1796 3977 36 17 but
1840 3978 9 16 I
1865 3980 50 15 must

1479 4000 34 17 toll
1521 4006 38 16 you
1567 4000 20 17 in
1595 4000 38 17 this
1641 4001 45 17 that
1693 4000 67 23 people
1769 4001 20 17 of
1796 4000 69 18 landed
1870 4007 33 16 pro-

1479 4024 55 21 perty
1548 4023 47 17 have
1611 4029 47 17 very
1674 4023 50 18 little
1739 4023 106 22 protection
1866 4024 49 17 from

1479 4045 50 18 their
1538 4047 85 17 enemies.
1649 4046 31 18 On
1693 4045 76 24 Friday,
1785 4046 77 23 August
1875 4047 39 19 9th.

1479 4069 33 16 the
1521 4069 43 17 wire
1574 4069 53 17 fence
1635 4075 39 12 was
1684 4071 31 16 cut
1727 4074 25 13 on
1763 4074 33 18 my
1810 4070 54 20 farm,
1878 4070 38 17 and

1480 4092 54 17 three
1542 4092 20 17 of
1569 4098 33 16 my
1610 4092 43 17 best
1664 4092 63 17 beasts
1740 4097 49 12 were
1802 4091 58 18 taken
1875 4093 40 20 out,

1482 4114 9 17 I
1500 4116 52 16 went
1559 4116 20 16 to
1587 4114 33 18 the
1629 4115 112 17 authorities
1749 4115 38 17 and
1800 4116 34 21 got
1842 4121 11 11 a
1867 4120 36 12 war-

1481 4139 45 15 rant
1534 4137 37 17 and
1580 4144 28 10 we
1616 4138 90 18 searched
1714 4144 11 11 a
1733 4138 35 20 bit,
1778 4138 35 17 but
1822 4138 15 17 it
1844 4144 38 11 was
1897 4139 19 17 of

1481 4166 26 11 no
1515 4166 39 15 use,
1563 4160 95 23 although
1666 4161 16 18 it
1690 4160 15 18 is
1714 4161 65 22 pretty
1790 4160 44 19 Well
1848 4160 68 19 known

1926 135 43 17 that
1977 134 32 18 the
2019 133 56 18 cattle
2084 138 31 12 arc
2122 133 44 22 only
2172 133 44 17 four
2222 133 52 17 miles
2281 134 26 17 off
2314 135 47 16 from

1927 158 32 17 the
1968 158 48 17 farm
2025 157 35 17 but
2068 162 28 11 we
2105 154 50 19 can't
2171 157 32 21 get
2217 156 58 17 them.
2307 157 55 17 Some

1926 181 21 17 of
1954 181 53 16 them
2015 186 31 11 are
2055 179 93 23 supposed
2158 180 19 16 to
2186 179 48 17 have
2242 180 48 17 been
2304 180 56 17 killed

1926 209 24 12 on
1960 203 98 22 Saturday,
2069 203 40 19 but,
2120 203 20 16 of
2153 208 71 14 course,
2240 203 32 17 tho
2285 203 48 17 bush
2347 203 15 17 is

1926 232 45 17 very
1980 225 51 19 thick
2041 226 60 17 where
2108 225 32 18 the
2147 225 80 18 animals
2232 232 31 11 are
2269 227 93 21 Mipposcd

1926 251 20 16 to
1955 250 23 17 be
1987 250 38 17 and
2033 255 20 11 so
2061 254 58 17 many
2128 249 19 16 of
2159 249 32 16 tho
2204 249 74 17 natives
2291 255 24 12 on
2328 250 34 17 the

1926 273 94 19 look-out,
2030 273 44 17 that
2081 272 16 17 it
2105 272 16 17 is
2130 272 108 21 impossible
2248 272 29 17 for
2293 278 34 12 one
2342 278 20 12 or

1926 297 38 16 two
1973 302 42 11 men
2025 297 19 16 to
2053 295 24 17 do
2093 300 37 17 any
2147 294 56 22 good.
2228 295 60 17 There
2305 295 16 17 is
2336 302 25 10 no

1926 319 65 18 doubt,
2007 319 44 17 that
2066 318 15 17 if
2098 319 31 16 the
2147 318 82 22 stealing
2238 324 44 16 goes
2300 324 23 11 on
2342 325 19 11 so

1926 342 45 18 bold
1980 349 19 10 as
2008 343 15 16 it
2031 343 16 16 is
2055 343 21 16 at
2087 342 81 22 present,
2187 342 33 16 the
2237 347 66 12 sooner
2319 342 43 17 that

1927 370 51 12 some
1987 366 19 16 of
2014 365 53 17 them
2076 364 48 18 clear
2133 366 33 15 out
2175 365 15 16 it
2199 364 38 17 will
2246 363 23 18 be
2278 365 32 17 the
2318 365 32 17 bet-

1926 390 29 15 ter
1968 389 29 17 for
2009 388 59 18 them.
2093 387 55 18 Some
2161 388 20 16 of
2194 387 33 17 the
2239 388 73 17 natives
2328 390 33 20 get

1926 412 32 17 the
1967 418 44 16 rope
2021 413 30 16 too
2060 412 47 22 long
2118 411 82 16 without
2214 411 110 21 tightening
2338 412 21 16 it.

1926 436 33 16 I
1969 441 35 14 am,
2016 435 37 20 &c,
2217 433 119 19 McKen'ZlE.

1949 458 91 18 Rotorua,
2049 458 75 21 August
2135 457 27 20 13,
2175 458 50 16 1895.

1950 481 32 23 [ln
1996 481 94 17 reference
2103 482 19 15 to
2136 483 32 15 the
2185 481 59 16 above
2260 480 57 18 hitter
2333 486 27 11 we

1926 505 50 16 learn
1987 505 47 16 from
2044 504 30 17 Mr
2083 504 102 17 MeKonzie
2195 504 42 16 that,
2246 504 24 17 he
2279 504 33 17 has
2321 504 29 16 for-

1926 528 74 17 warded
2018 534 10 10 a
2045 527 79 23 lengthy
2141 528 65 21 report
2225 529 21 15 to
2262 527 99 22 Inspector

1926 550 96 20 Emerson,
2041 549 92 22 detailing
2145 550 33 17 the
2199 549 61 18 whole
2281 550 67 17 circum-

1926 575 72 16 stances
2012 574 19 16 in
2044 574 111 17 connection
2172 572 47 18 with
2236 573 32 17 tho
2285 573 76 19 driving

1926 602 54 17 away
1988 597 20 17 of
2016 597 28 16 his
2054 597 63 20 cattle,
2126 596 45 17 with
2181 603 11 10 a
2208 596 47 17 view
2263 598 19 15 to
2296 596 64 17 obtain

1926 625 50 12 some
1985 620 105 22 protection
2098 619 20 17 in
2127 619 32 18 the
2168 620 70 16 future.
2263 619 31 17 He
2303 621 57 15 stall's

1926 643 43 17 that
1976 643 16 17 it
1999 643 16 17 is
2024 643 42 17 well
2074 643 70 17 known
2153 643 44 17 here
2203 643 43 17 that
2251 643 31 17 the
2288 643 72 17 natives

1926 671 48 12 were,
1982 666 60 22 living
2050 672 24 11 on
2084 666 31 17 the
2124 666 58 17 cattle
2190 665 84 22 running
2282 666 78 22 at,large

1926 695 24 11 on
1964 690 31 17 the
2013 690 63 16 native
2093 689 37 17 and
2149 695 63 11 crown
2228 688 55 18 lands
2300 689 60 17 round

1926 713 84 17 Rotorua
2018 712 38 18 and
2072 719 20 11 as
2109 712 43 18 that
2168 712 70 23 species
2255 712 20 18 of
2291 712 68 18 animal

1926 735 45 17 food
1980 735 14 17 is
2002 741 42 11 now
2055 735 103 18 exhausted
2168 737 45 21 they
2225 742 30 11 arc
2264 736 97 21 assuming

1926 765 11 10 a
1945 759 71 17 similar
2025 759 52 21 right,
2086 764 43 12 over
2138 759 33 17 the
2186 758 53 18 stock
2256 765 24 11 on
2296 758 65 18 fenced

1926 782 50 17 land.
2002 782 30 17 He
2040 781 43 18 asks
2093 783 28 16 for
2129 782 104 17 additional
2243 782 59 22 police
2316 788 33 16 pro-

1926 804 69 18 tection
2004 805 98 17 otherwise
2111 805 32 17 the
2152 805 74 17 settlers
2235 805 38 17 will
2279 805 24 17 be
2309 811 39 12 com-

1926 828 61 22 pelled
1996 830 19 15 to
2025 829 43 16 take
2077 829 32 16 the
2117 829 37 16 law
2162 829 20 17 in
2192 829 49 17 their
2249 835 43 11 own
2301 829 60 17 hands

1926 858 21 11 or
1955 851 52 18 leave
2014 852 33 17 the
2056 851 73 18 district
2137 851 113 22 altogether.
2276 852 30 17 He
2315 858 34 16 sug-

1926 876 51 21 gests
1993 875 42 17 that
2052 875 15 16 if
2083 875 31 17 the
2135 877 128 20 perpetrators
2279 876 21 17 of
2316 876 43 17 such

1926 898 65 17 crimes
2001 899 69 17 cannot
2077 897 24 17 be
2110 898 59 17 found
2183 898 32 18 the
2232 898 92 18 headman
2342 899 19 17 of

1926 921 45 17 each
1984 922 64 16 native
2062 921 109 18 settlement
2185 921 68 17 should
2269 921 24 17 be
2309 928 39 11 com-

1926 945 61 22 pelled
1996 947 19 15 to
2025 944 38 17 find
2072 945 142 21 compensation
2222 951 22 11 or
2251 945 51 17 hand
2317 951 44 11 over

1926 968 33 17 the
1967 968 131 23 wrong-doers
2107 970 19 15 to
2133 968 32 17 the
2170 968 43 17 law.
2239 968 106 17 MrMcKen-

1926 991 27 17 zie
1961 991 93 18 instances
2071 991 53 17 other
2141 998 51 10 eases
2208 991 71 17 similar
2296 992 19 17 to
2331 991 30 18 his

1926 1019 42 13 own
1978 1013 60 19 which
2048 1015 47 16 have;
2104 1013 90 18 occurred
2202 1015 60 23 here.]

1946 1065 129 18 ACCIDENT
2084 1065 28 16 IN
2122 1065 105 17 FENTON
2238 1065 102 18 STREET.

1951 1112 15 17 A
1975 1111 64 20 rather
2055 1110 88 24 thrilling
2159 1111 92 23 spectacle
2266 1118 37 11 was
2318 1118 33 16 pre-

1927 1135 65 17 sented
2008 1135 19 17 in
2045 1134 73 19 Fenton
2138 1134 62 18 Street
2217 1141 22 12 on
2263 1134 99 24 Thursday

1927 1158 80 23 evening
2017 1163 19 13 us
2045 1164 10 11 u
2070 1158 41 22 pair
2125 1158 19 16 of
2161 1158 63 18 horses
2241 1158 37 18 and
2295 1158 67 24 buggy

1928 1187 47 13 were
1984 1188 41 11 seen
2035 1181 76 23 coming
2119 1180 59 24 along
2192 1183 48 16 from
2255 1183 32 16 the
2301 1182 50 17 direc-

1927 1205 39 18 tion
1975 1205 21 17 of
2004 1203 174 20 Whakarowarowa
2186 1207 20 15 at
2212 1212 11 10 a
2229 1205 71 18 furious
2309 1211 51 17 pace,

1926 1230 25 16 its
1967 1228 45 23 only
2028 1230 98 20 occupant,
2145 1235 11 10 a
2173 1233 80 16 woman,
2271 1228 92 23 shouting

1926 1252 38 17 and
1973 1251 134 23 gesticulating
2116 1251 100 23 excitedly.
2227 1252 20 18 It
2252 1257 39 13 was
2295 1258 13 12 a
2313 1252 49 18 clear

1926 1281 42 11 case
1976 1275 20 17 of
2005 1280 106 17 run-away.
2137 1275 31 17 Mr
2177 1275 22 17 E.
2210 1275 110 19 llobertson,
2330 1276 31 16 the

1926 1304 64 12 owner
1998 1299 20 16 of
2025 1299 34 16 the
2067 1299 56 18 team,
2133 1297 100 24 happened
2241 1300 19 15 to
2270 1299 22 16 he
2300 1299 20 16 in
2330 1299 31 17 the

1926 1323 58 17 street
1992 1324 20 15 at
2020 1322 32 17 the
2062 1322 44 16 time
2114 1321 38 17 and
2161 1321 68 18 darted
2233 1322 20 17 to
2260 1321 32 18 the
2296 1322 65 18 horses

1926 1345 58 18 heads
1992 1343 3 23 ;
2010 1345 23 17 Ik;
2043 1347 33 19 got,
2085 1350 10 11 a
2104 1345 50 21 good
2163 1343 46 19 hold
2218 1346 20 16 of
2248 1351 40 13 one,
2298 1345 35 17 but
2341 1346 20 16 in

1926 1368 87 24 relaxing
2020 1367 81 24 his'grip
2109 1374 12 11 a
2128 1366 51 19 little
2192 1369 19 16 in
2226 1369 31 16 the
2271 1367 55 19 effort
2341 1370 20 15 to

1926 1397 63 12 secure
2005 1391 33 18 the
2054 1391 54 18 other
2121 1392 25 16 lie
2159 1392 39 16 lost
2210 1392 29 16 his
2250 1391 45 18 hold
2311 1391 40 18 alto-

1926 1416 72 23 gether.
2024 1415 91 22 Opposite
2124 1414 32 18 the
2165 1414 65 18 Grand
2239 1415 64 18 Hotel,
2311 1421 50 11 some

1926 1440 20 16 of
1954 1439 33 17 the
1995 1439 101 20 workmen,
2106 1437 46 18 with
2166 1438 33 17 the
2213 1437 42 19 host
2268 1439 92 16 intention

1926 1462 19 17 in
1954 1463 32 16 the
1995 1461 65 21 world,
2069 1467 33 11 ran
2111 1463 34 15 out
2153 1461 41 17 into
2211 1461 32 17 the
2257 1462 70 17 middle
2341 1462 20 17 of

1926 1486 32 17 the
1968 1487 56 15 street
2034 1486 20 16 to
2070 1486 42 20 stop
2127 1485 32 16 the
2177 1484 79 18 animals
2273 1484 33 17 hut
2323 1485 38 17 this

1926 1508 44 19 only
1980 1508 66 18 caused
2061 1508 52 18 them
2128 1509 20 16 to
2165 1513 69 13 swerve
2252 1514 24 11 on
2292 1510 19 15 to
2329 1508 32 18 the

1926 1531 94 21 sidewalk,
2033 1531 58 22 along
2099 1530 63 19 which
2168 1530 47 23 they
2219 1531 67 18 rushed
2302 1532 26 16 (ill
2341 1534 19 14 at

1926 1556 32 17 the
1979 1561 64 12 corner
2064 1555 19 16 of
2107 1553 103 19 Pukuatua
2235 1554 62 18 Street
2316 1554 45 23 they

1925 1579 83 21 brought
2027 1579 32 16 the
2075 1578 71 17 vehicle
2163 1578 40 17 into
2218 1578 83 17 collision
2314 1578 46 17 with

1926 1609 34 11 one
1970 1602 19 17 of
1998 1602 32 17 the
2038 1602 52 21 large
2099 1600 45 24 pine
2152 1602 54 16 trees.
2233 1601 38 17 The
2287 1607 73 12 woman

1926 1632 37 11 whs
1973 1626 73 17 thrown
2057 1626 31 16 out
2103 1624 46 17 with
2163 1626 56 19 great
2231 1625 82 17 violence
2328 1624 33 18 her

1926 1649 40 18 face
1986 1649 82 23 striking
2088 1647 32 18 tho
2137 1647 133 23 splash-hoard
2292 1654 20 11 as
2328 1647 33 18 she

1926 1672 55 19 went.
2007 1672 59 17 When
2078 1670 67 24 picked
2154 1675 25 18 up
2188 1671 33 16 sin;
2238 1671 98 22 presented
2350 1679 11 8 a

1926 1696 106 22 horrifying
2041 1695 51 21 sight
2101 1694 32 17 the
2146 1694 45 17 flesh
2206 1694 58 21 being
2277 1694 84 23 stripped

1926 1720 48 16 from
1983 1719 32 18 her
2031 1724 43 12 nose
2089 1717 37 17 and
2142 1717 67 17 cheeks
2226 1718 37 16 and
2279 1717 82 23 literally

1925 1743 86 21 hanging
2026 1748 43 11 over
2084 1741 34 16 her
2133 1740 49 19 chin.
2213 1741 37 17 She
2265 1746 37 11 was
2316 1746 33 12 con-

1926 1766 58 22 veyed
1993 1767 19 16 to
2027 1766 31 17 the
2072 1763 121 20 Sanatorium
2206 1771 20 10 as
2241 1764 85 22 tenderly
2342 1771 19 10 ns

1926 1788 79 23 possible
2022 1794 23 12 on
2057 1795 11 11 a
2083 1788 92 16 stretcher
2189 1787 91 22 procured
2292 1787 25 22 by
2330 1787 32 17 Mr

1926 1813 105 17 llobertson
2040 1811 37 18 and
2085 1811 34 17 her
2127 1811 79 22 injuries
2215 1816 48 11 were
2272 1811 89 17 attended

1926 1838 19 15 to
1954 1836 25 22 by
1988 1836 37 17 Drs
2034 1833 79 20 Grinders
2122 1834 39 17 and
2169 1833 80 18 llussell.
2274 1834 40 17 The
2325 1839 24 12 un-

1926 1859 96 18 fortunate
2031 1863 74 12 woman
2114 1857 15 17 is
2139 1865 10 9 a
2159 1858 39 17 Mis
2208 1857 59 17 Willis
2276 1857 38 17 and
2324 1858 36 16 had

1926 1882 46 18 been
1980 1882 87 23 ongnged
2076 1888 19 10 as
2105 1880 46 18 cook
2161 1882 20 16 at
2186 1881 27 16 AY;
2221 1880 58 17 irakei
2286 1881 75 17 whence

1926 1907 32 16 she
1966 1905 37 18 had
2013 1910 52 13 eome
2074 1907 19 15 to
2105 1905 58 16 town.
2196 1905 25 16 At
2238 1904 33 16 her
2287 1906 74 20 request

1926 1929 30 17 the
1968 1929 66 18 driver.
2046 1926 106 25 (Downey),
2163 1927 38 17 had
2210 1933 49 16 gone
2274 1927 40 17 into
2330 1927 31 17 the

1926 1952 70 23 Gcyacr
2017 1951 57 19 Hotel
2095 1953 20 15 to
2132 1956 79 17 procure
2228 1950 78 24 change,
2329 1953 32 14 not

1926 1975 103 22 hesitating
2050 1977 19 15 to
2086 1974 52 18 leave
2156 1974 33 17 her
2206 1974 19 17 in
2242 1974 32 17 the
2292 1974 69 16 vehicle

1926 1999 54 17 alone
1989 2004 19 12 ns
2019 1998 31 18 she
2059 1998 37 17 had
2106 1997 55 22 given
2172 1996 38 18 him
2220 1999 19 15 to
2246 1997 115 17 understand

1926 2021 41 18 that
1980 2021 33 18 she
2028 2027 38 11 Was
2082 2020 121 19 accustomed
2220 2023 19 15 to
2251 2021 68 16 horses.
2346 2021 15 16 A

1926 2045 67 18 tourist
2002 2051 24 10 on
2038 2045 31 17 the
2077 2042 95 20 verandah
2182 2044 75 17 noticed
2273 2044 33 17 the
2320 2044 31 17 ani-

1926 2068 46 19 mals
1982 2068 84 21 walking
2074 2067 72 24 quietly
2156 2069 34 15 out
2199 2067 20 19 of
2227 2068 32 16 the
2267 2068 44 21 gate
2325 2067 37 17 and

1926 2091 59 19 called
2002 2093 32 16 the
2052 2091 66 17 driver,
2152 2091 40 17 Tho
2206 2096 74 12 woman
2297 2096 52 12 mean-

1927 2114 54 19 while
1991 2115 36 17 had
2037 2114 84 24 dropped
2130 2114 32 17 the
2173 2114 49 17 reins
2236 2114 37 17 and
2286 2114 63 17 becom-

1926 2138 33 22 ing
1975 2144 80 11 nervous
2072 2137 95 17 screamed
2187 2138 30 16 for
2239 2136 50 23 help.
2323 2137 38 17 The

1925 2162 52 16 noise
1986 2163 40 15 sent
2036 2162 31 16 the
2076 2161 64 17 horses
2150 2161 27 17 off
2184 2162 19 15 at
2213 2163 33 19 top
2255 2159 55 24 speed
2324 2161 37 16 and

1926 2184 44 22 they
1984 2190 47 11 were
2045 2183 76 23 already
2136 2188 51 13 some
2204 2182 83 19 distance
2304 2183 57 21 along

1926 2208 32 17 the
1967 2208 44 15 mad
2021 2208 54 16 when
2085 2207 32 18 the
2126 2207 63 17 driver
2198 2212 52 13 came
2259 2208 39 15 out.
2323 2206 38 17 The

1926 2232 37 16 rest
1972 2230 19 18 of
1999 2231 33 17 tho
2041 2236 110 12 occurrence
2160 2230 15 18 is
2181 2236 20 11 as
2210 2229 94 18 narrated.
2323 2230 38 16 Mrs

1926 2253 59 18 Willis
2007 2254 109 18 exonerates
2137 2254 32 16 the
2187 2253 62 17 driver
2269 2254 48 16 from
2337 2253 24 17 all

1925 2277 67 21 blame,
2003 2277 35 18 but
2046 2277 53 17 there
2107 2276 16 18 is
2131 2282 25 12 no
2165 2276 60 18 doubt
2234 2277 16 16 it
2257 2276 39 17 will
2312 2276 23 17 be
2352 2282 10 11 a

1926 2301 80 21 lifelong
2013 2300 61 17 lesson
2089 2302 20 15 to
2123 2300 39 17 him
2175 2301 35 16 not
2226 2302 20 15 to
2262 2300 51 17 hand
2330 2300 32 17 the

1926 2324 49 17 reins
1991 2329 45 12 over
2052 2326 19 15 to
2088 2324 68 16 female
2173 2329 111 16 passengers
2301 2325 20 15 at
2337 2323 24 17 all

1926 2347 63 18 events
1999 2348 86 16 however
2094 2345 120 19 accustomed
2222 2347 45 22 they
2282 2352 44 17 may
2339 2346 24 18 be

1926 2372 19 16 to
1954 2371 70 17 horses.
2050 2370 38 17 The
2097 2370 75 22 patient
2187 2370 14 17 is
2217 2376 42 11 now
2274 2376 77 16 progres-

1926 2394 44 21 sing
1998 2394 133 21 satisfactorily
2158 2393 38 18 and
2229 2392 73 23 though
2331 2394 31 16 the

1926 2416 79 18 wounds
2020 2422 32 12 are
2066 2418 50 16 most
2129 2422 63 12 severe
2210 2416 38 18 and
2264 2416 38 18 will
2320 2416 43 18 take

1926 2446 51 12 some
1985 2441 46 16 time
2041 2442 18 15 to
2067 2439 50 19 heal,
2126 2440 17 16 it
2151 2439 15 17 is
2175 2441 35 16 not
2219 2440 93 22 supposed
2321 2440 42 17 that

1926 2463 55 18 much
1991 2463 142 22 disfigurement
2143 2462 41 19 will
2189 2462 45 19 take
2238 2463 59 23 place,
2323 2463 40 18 Mrs

1926 2486 59 18 Willis
1996 2493 37 10 was
2043 2488 96 15 fortunate
2148 2486 20 17 in
2177 2486 89 24 escaping
2275 2487 44 16 with
2330 2487 33 16 her

1926 2509 38 18 life.
1989 2510 39 17 Tin;
2036 2509 64 18 horses
2109 2515 49 11 were
2166 2509 108 23 uninjured,
2291 2516 20 11 as
2318 2510 45 23 they

1927 2535 50 15 went
1985 2539 35 11 one
2030 2539 23 11 on
2069 2533 60 17 either
2142 2533 39 17 side
2194 2534 21 16 of
2228 2533 32 17 the
2273 2535 45 17 tree,
2328 2534 35 16 but

1926 2556 32 17 the
1968 2562 116 16 conveyance
2093 2562 39 11 was
2143 2558 65 21 pretty
2221 2556 43 18 well
2277 2556 85 18 knocked

1926 2581 20 16 to
1954 2580 67 22 pieces.

1986 2622 62 17 FIRE
2060 2621 72 18 NEAR
2145 2621 157 19 WHIRINAKI.

2455 135 185 18 MAGISTRATE'S
2658 135 89 17 COURT.

1951 2670 15 16 A
1975 2670 63 22 report
2048 2667 78 19 reached
2136 2670 51 16 town
2196 2674 24 12 on
2234 2668 70 23 Friday
2320 2668 44 19 that

1926 2700 11 10 a
1946 2692 32 18 fire
1988 2692 36 18 had
2034 2692 56 17 taken
2099 2692 53 22 place
2161 2698 45 12 near
2215 2692 77 17 Galatea
2301 2693 61 17 which

1926 2715 38 19 had
1973 2715 112 23 completely
2093 2714 100 24 destroyed
2203 2721 10 12 a
2221 2715 64 18 wharc
2297 2715 66 18 rented

1927 2740 47 17 from
1985 2740 32 16 the
2025 2739 73 16 natives
2106 2739 26 22 by
2142 2738 70 19 Messrs
2220 2738 98 19 Orcnstcin
2326 2740 36 16 and

1927 2761 105 25 Rappiport
2041 2762 20 18 of
2069 2762 92 19 Rotorua,
2172 2761 36 18 and
2218 2761 45 17 used
2271 2761 26 24 by
2311 2762 52 18 them

1926 2792 21 12 as
1956 2792 10 12 a
1975 2787 56 16 store.
2057 2785 63 17 Goods
2135 2785 68 17 valued
2218 2786 20 16 at
2254 2790 44 12 over
2314 2784 49 19 2OO

1926 2814 48 13 were
1983 2809 20 17 in
2012 2809 32 16 the
2052 2810 50 16 store
2111 2809 21 17 at
2146 2807 33 19 the
2192 2808 51 21 time,
2259 2808 36 17 and
2311 2809 52 17 there

1926 2839 39 11 was
1973 2838 25 11 no
2012 2838 34 11 one;
2059 2831 61 22 living
2134 2831 20 17 in
2170 2832 21 20 it,
2210 2832 31 17 Mr
2258 2831 105 23 Rappiport

1926 2855 72 22 having
2015 2860 51 13 come
2083 2855 56 17 down
2156 2856 21 16 to
2191 2854 85 18 Rotorua
2290 2856 21 16 to
2319 2855 44 17 look

1927 2879 49 17 after
1983 2878 32 18 the
2023 2878 84 17 business
2116 2878 54 17 there
2179 2878 71 22 during
2259 2877 29 19 Mr
2304 2879 47 17 Oren-

1928 2902 63 17 stcin's
2000 2901 78 18 absence
2086 2901 20 17 in
2116 2900 106 18 Auckland.
2247 2901 38 18 The
2302 2902 60 22 origin

1928 2926 19 16 of
1961 2925 31 17 the
2006 2924 33 18 lire
2052 2924 15 17 is
2085 2924 102 20 unknown,
2205 2924 34 18 but
2256 2924 16 18 it.
2287 2930 45 17 may
2340 2925 23 17 be

1928 2947 61 18 stated
2004 2948 42 16 that
2062 2948 75 21 though
2154 2947 33 18 the
2203 2950 43 15 rent
2262 2947 37 18 had
2316 2948 47 17 been

1928 2971 43 23 paid
1981 2973 18 15 to
2009 2971 32 17 the
2049 2971 64 17 native;
2130 2971 43 18 who
2188 2977 47 15 gave
2252 2971 109 22 possession,

1928 2994 37 17 and
1982 2996 19 15 to
2019 3000 11 11 a
2044 2993 68 18 second
2126 3000 20 12 as
2164 2994 42 17 well
2224 2994 42 17 who
2282 2994 53 17 made
2353 3001 10 10 a

1928 3018 61 19 claim,
1999 3023 11 11 a
2019 3017 51 17 third
2079 3017 81 17 demand
2170 3018 26 22 by
2208 3017 78 17 another
2301 3018 62 16 native

1928 3041 37 17 had
1974 3041 46 16 been
2030 3041 81 17 refused.
2137 3041 19 17 It
2165 3041 15 17 is
2193 3040 119 23 conjectured
2321 3041 42 17 that

1929 3064 36 17 this
1975 3063 68 18 refusal
2052 3070 45 16 may
2105 3064 48 17 have
2162 3063 81 18 induced
2253 3063 32 18 the
2300 3063 52 24 disap-

1928 3086 78 23 pointed
2014 3087 90 17 claimant
2112 3088 21 16 to
2142 3088 29 16 set
2178 3087 34 18 fire
2226 3088 20 16 to
2258 3086 33 19 the
2304 3087 57 23 place.

1929 3110 30 18 Mr
1977 3109 98 19 Orenstein
2092 3110 40 17 also
2149 3111 58 17 states
2228 3110 42 18 that
2290 3110 23 18 he
2329 3110 34 18 has

1929 3133 84 22 grounds
2021 3134 29 16 for
2059 3134 110 22 suspecting
2177 3133 43 17 that
2227 3134 33 17 the
2269 3134 52 22 place
2326 3140 37 10 was

1928 3156 73 17 broken
2008 3156 41 17 into
2057 3157 26 21 by
2092 3157 33 17 the
2133 3157 73 17 natives
2214 3157 64 17 before
2285 3157 31 17 the
2323 3157 40 19 fire,

1929 3179 35 18 but
1972 3179 24 18 he
2005 3180 64 17 thinks
2077 3180 17 17 it
2102 3179 63 18 would
2173 3180 24 17 be
2206 3179 68 19 useless
2283 3182 19 15 to
2309 3180 45 17 insti-

1930 3204 40 16 tute
1979 3203 93 22 enquiries
2081 3209 20 11 as
2110 3203 33 17 the
2152 3208 80 17 expense
2241 3204 20 16 of
2269 3203 59 22 doing
2345 3209 20 11 so

1930 3226 62 17 would
2001 3225 24 19 be
2034 3225 128 19 considerable
2175 3226 38 18 and
2226 3225 32 19 the
2273 3225 92 24 difficulty

1930 3250 20 17 of
1958 3250 74 21 tracing
2040 3250 32 16 the
2086 3250 60 21 goods
2161 3250 59 24 great.
2250 3250 41 17 One
2304 3250 20 17 of
2337 3250 28 17 his

1930 3272 105 23 employees
2043 3272 20 18 in
2072 3272 101 23 returning
2186 3272 48 18 from
2248 3272 117 18 Whakatane

1930 3295 66 24 passed
2005 3295 25 22 by
2038 3295 33 18 the
2079 3296 54 22 place
2147 3302 25 11 on
2189 3296 104 22 Thursday.
2326 3296 39 16 The

1930 3319 72 16 natives
2010 3319 38 17 had
2057 3319 47 18 been
2113 3318 69 24 raking
2190 3325 44 11 over
2248 3318 32 17 the
2293 3319 72 17 embers

1931 3342 37 17 and
1977 3342 24 17 ho
2009 3347 38 12 was
2057 3342 65 17 shown
2132 3342 33 19 the
2173 3342 80 17 remains
2263 3343 19 16 of
2296 3348 34 11 one
2345 3348 20 11 or

1932 3366 38 16 two
1978 3365 82 17 watches
2068 3365 38 17 and
2115 3365 32 18 the
2157 3365 53 17 fused
2222 3364 109 23 mountings
2346 3365 19 17 of

1931 3387 59 24 pipes,
2001 3389 31 16 &c.
2048 3388 39 17 The
2097 3390 50 16 store
2156 3394 37 11 was
2203 3389 71 17 distant
2285 3388 20 22 1|
2313 3388 52 17 miles

1932 3411 48 17 from
1989 3411 32 17 the
2030 3417 55 17 cam])
2093 3413 19 15 at
2121 3411 105 18 Whirinaki
2236 3411 37 18 and
2284 3408 58 21 about
2356 3411 9 18 7

1933 3434 51 17 miles
1994 3435 47 16 from
2050 3434 86 18 Galatea.

2431 182 84 17 August
2528 181 50 18 23rd
2590 185 42 14 and
2646 181 57 21 24th,
2723 181 49 18 1895,

2385 227 75 23 (Before
2476 227 167 19 Lieutenant-Col.
2662 226 85 22 Roberts,
2764 226 55 23 S.M.)

2407 256 45 16 Two
2469 255 62 18 minor
2545 261 56 15 eases,
2618 261 36 11 one
2670 256 30 16 for
2717 254 102 22 disorderly

2384 278 87 22 conduct,
2489 279 39 17 and
2545 279 80 17 another
2641 279 29 17 for
2686 278 57 19 beinir
2759 277 60 18 drunk

2384 301 55 18 while
2448 301 19 18 in
2476 301 70 25 charge
2556 302 19 16 of
2588 308 12 11 a
2616 302 54 17 horse
2688 301 36 17 and
2742 300 76 22 vehicle,

2384 330 47 11 were
2448 321 88 26 disposed
2549 325 20 17 of
2583 324 24 23 by
2625 325 33 16 the
2676 324 107 23 imposition
2801 324 18 17 of

2384 348 54 18 small
2446 348 52 18 fines,
2509 348 47 18 with
2565 350 54 15 costs.

2407 372 62 16 Aneta
2489 371 99 21 Kereama,
2610 376 12 12 a
2648 376 66 16 young
2738 375 80 16 woman,

2384 394 82 22 charged
2474 394 82 24 Ngahoa
2569 393 61 19 Tekiri
2643 393 46 18 with
2705 392 71 24 having
2789 399 20 12 as-

2384 417 74 18 saulted
2465 418 35 17 hor
2506 419 22 16 at
2535 418 26 17 To
2574 417 54 23 Ngae
2640 423 25 11 on
2679 416 47 22 July
2740 417 21 16 10
2776 417 42 20 last,

2383 440 25 23 by
2417 440 82 23 striking
2507 440 34 18 her
2549 446 25 12 on
2588 440 32 18 the
2636 446 39 16 eye,
2690 440 79 21 causing
2783 445 24 11 un-

2384 464 138 18 consciousness
2540 464 36 16 and
2594 463 134 23 necessitating
2742 463 32 17 the
2790 464 20 15 at-

2383 487 73 17 tention
2477 487 19 17 of
2516 487 33 17 the
2569 486 71 18 doctor.
2672 486 38 17 The
2733 486 86 17 evidence

2383 510 76 17 shewed
2468 510 43 17 that
2524 510 33 17 the
2572 510 71 17 assault
2656 509 38 17 had
2707 509 47 17 been
2768 515 39 12 com-

2383 533 73 21 mitted,
2466 534 35 16 but
2510 533 28 18 Dr
2547 533 79 17 Ginders
2635 532 63 18 stated
2707 532 43 18 that
2757 532 16 16 it
2782 538 37 11 was

2383 557 33 16 not
2425 556 19 18 of
2455 562 11 12 a
2475 562 44 17 vory
2529 556 70 18 serious
2610 558 73 15 nature.
2716 556 15 16 A
2747 555 36 18 fine
2800 556 19 17 of

2383 580 31 15 lilts
2424 585 38 11 was
2470 580 84 22 imposed
2564 580 45 16 with
2620 580 49 17 costs
2678 580 31 15 2:is
2719 578 29 17 (id.

2407 602 62 18 Hoani
2486 604 19 16 tu
2524 602 18 18 II
2549 603 30 17 mil
2584 603 5 17 i
2607 601 83 24 charged
2707 601 112 23 Rangiahua

2384 625 76 21 Patcue,
2469 625 212 23 NgakawhePauekoti,
2691 625 117 22 TitipoPane-

2383 647 46 21 koti,
2439 649 38 17 and
2491 649 116 17 T.uiimkauri
2622 648 91 18 Panckoti
2730 649 44 16 with
2789 654 20 11 as-

2383 672 55 17 sault.
2464 672 45 17 This
2518 679 41 10 ease
2568 671 120 19 commenced
2697 674 19 13 at.
2731 677 49 11 noon
2796 677 23 11 on

2384 694 69 23 Friday
2467 694 38 18 and
2518 701 39 11 was
2570 697 34 15 not
2620 694 104 18 concluded
2741 695 27 16 till
2788 696 31 15 the

2384 724 50 10 same
2442 719 49 16 hour
2504 725 24 11 on
2543 719 32 16 the
2589 718 99 23 following
2704 718 43 21 day.
2781 717 38 18 The

2384 741 129 23 complainant
2528 741 16 18 it
2561 741 92 23 appeared
2668 741 37 16 had
2723 739 96 20 discarded

2383 764 29 17 his
2429 765 48 18 wife,
2495 765 121 18 Tuarakauri,
2635 764 37 17 and
2684 764 32 17 she
2733 764 37 16 and
2787 764 32 17 her

2384 788 76 18 friends,
2472 788 31 17 the
2513 788 54 17 other
2575 788 52 17 three
2637 787 117 19 defendants,
2775 787 44 17 took

2383 810 105 24 possession
2497 812 20 16 of
2525 811 29 17 his
2563 811 57 17 house
2629 811 19 17 in
2658 811 28 16 his
2695 811 78 16 absence
2782 811 37 17 ami

2383 839 25 12 on
2413 834 29 17 his
2447 835 64 17 return
2517 834 94 18 assaulted
2616 834 39 17 and
2662 834 78 22 forcibly
2747 834 72 22 ejected

2383 858 46 16 him.
2455 858 55 17 Their
2519 857 76 18 defence
2606 863 37 11 was
2651 858 43 16 that
2707 858 44 21 they
2765 857 54 17 acted

2383 881 61 17 under
2452 881 50 23 legal
2511 881 70 17 advice.
2611 881 38 17 The
2664 880 63 17 Bench
2742 880 77 18 decided

2383 905 43 16 that
2442 904 53 18 there
2512 910 37 11 was
2569 905 35 16 not
2623 903 94 18 sufficient
2733 903 86 18 evidence

2383 928 75 22 against
2476 928 32 16 the
2522 928 47 16 male
2579 926 109 21 defendant,
2699 926 119 24 Rangialiua,

2383 951 34 16 but
2427 950 49 18 fined
2486 951 31 16 the
2532 951 67 17 female
2613 950 112 17 defendants
2742 952 16 14 Is
2774 950 45 17 eaeii

2383 974 46 16 with
2448 975 104 22 aggregate
2566 975 49 16 costs
2629 973 114 24 amounting
2756 975 20 15 to
2793 974 26 16 3

2383 998 26 17 9s.
2420 997 31 17 Mr
2461 997 58 17 Yates
2529 997 53 17 acted
2590 1004 20 10 as
2620 997 118 22 interpreter.

2406 1025 18 17 J.
2436 1026 107 17 Fali.ooxa
2554 1030 17 13 v,
2589 1026 82 17 Gkoi:i;k
2685 1025 132 18 Cox.Claim

2383 1049 30 16 for
2422 1048 25 18 2
2458 1050 21 16 12
2496 1049 30 18 (id,
2542 1049 57 17 meals
2616 1049 93 22 supplied.
2743 1049 74 17 Verdict

2383 1072 30 17 for
2421 1072 84 21 plaintiff
2513 1072 44 17 with
2568 1074 54 15 costs.

2406 1095 137 17 TUAJIAKAUIU
2557 1095 105 17 PaXEKOTI
2672 1098 19 14 V.
2707 1095 75 17 HoAXE
2795 1100 23 12 TE

2383 1117 98 18 llalti'l.-
2489 1118 65 18 -Claim
2563 1119 29 17 for
2601 1119 38 17 lO
2648 1124 21 12 or
2679 1119 64 16 return
2752 1118 22 18 of
2782 1119 36 16 two

2383 1141 70 17 horses.
2467 1140 69 19 Messrs
2547 1140 57 19 Yates
2613 1142 38 17 and
2660 1141 90 18 Cameron
2760 1142 58 17 intca--

2383 1163 72 24 pretcd.
2480 1164 39 18 The
2528 1165 96 17 discarded
2634 1164 43 18 wife
2686 1164 19 18 in
2714 1171 11 11 a
2733 1164 85 23 previous

2383 1194 41 11 case
2433 1188 46 17 sued
2487 1188 34 17 her
2529 1188 122 18 ex-husband
2660 1189 30 15 for
2704 1189 38 16 two
2756 1189 62 16 horses

2383 1210 61 19 which
2462 1211 33 18 she.
2510 1211 39 18 had
2565 1210 88 24 acquired
2669 1210 19 19 in
2705 1217 11 12 a
2733 1211 85 22 previous

2383 1234 127 17 matrimonial
2520 1237 132 20 arrangement
2669 1234 36 17 and
2722 1234 60 18 which
2797 1235 21 16 lie

2383 1258 74 16 refused
2467 1258 19 18 to
2496 1258 43 21 give
2549 1263 30 18 up.
2594 1258 38 17 The
2641 1258 80 21 hearing
2730 1258 88 23 occupied

2383 1281 32 17 the
2424 1282 76 20 greater
2507 1283 44 20 part
2559 1281 20 18 of
2587 1282 32 16 the
2629 1281 36 22 day
2682 1281 37 17 and
2734 1282 32 16 the
2780 1282 29 16 evi-

2383 1303 57 18 dence
2455 1310 38 11 was
2508 1305 20 17 of
2541 1310 11 12 a
2566 1307 49 15 most
2630 1304 101 17 discursive
2745 1305 73 17 nature.

2383 1328 75 22 Finally
2467 1328 33 17 the
2514 1334 40 11 case
2568 1334 38 11 was
2620 1327 106 23 adjourned
2740 1328 30 17 till
2787 1328 31 17 the

2383 1351 44 16 :20th
2438 1350 115 23 September.

2406 1375 39 17 The
2463 1376 38 16 two
2518 1375 106 22 remaining
2645 1380 50 11 eases
2716 1380 48 10 were
2785 1375 22 17 ad-

2383 1396 80 23 journed
2472 1398 30 17 till
2511 1398 32 17 the
2552 1400 46 15 next
2612 1397 108 23 Court-day
2735 1397 37 18 and
2787 1398 30 17 the

2383 1420 59 18 Court
2449 1427 47 11 rose.

2394 1471 33 17 AT
2439 1471 54 17 THE
2505 1470 91 17 MERCY
2612 1470 32 17 OF
2657 1471 17 16 A
2687 1469 111 19 LUNATIC.

2406 1519 10 16 I
2422 1524 38 11 was
2467 1517 54 18 tired,
2529 1517 87 19 footsore,
2624 1516 76 22 hungry
2706 1516 37 17 and
2749 1515 69 23 sleepy,

2382 1548 20 10 as
2411 1541 10 17 I
2430 1540 65 18 halted
2503 1542 21 15 at
2529 1541 32 16 the
2567 1540 46 17 door
2618 1540 21 17 of
2644 1546 11 10 a
2665 1539 81 22 wayside
2755 1539 64 17 house.

2382 1564 40 18 The
2436 1565 96 17 tenement
2545 1569 38 11 was
2599 1564 35 16 not
2647 1563 171 22 over-promising;

2382 1588 35 17 but
2427 1588 31 17 the
2467 1587 57 22 night
2533 1592 37 11 was
2580 1586 41 17 eold
2630 1586 38 17 and
2676 1587 43 20 wet,
2730 1585 37 18 and
2774 1586 46 17 with

2382 1617 25 11 no
2416 1611 55 17 other
2480 1610 69 19 shelter
2559 1610 17 17 in
2587 1610 52 17 view,
2650 1610 10 16 I
2670 1609 116 17 determined
2801 1611 19 15 to

2382 1633 62 19 knock
2454 1634 38 17 and
2501 1633 33 17 ask
2543 1634 29 16 for
2582 1633 95 21 lodgings.

2406 1658 10 17 I
2425 1657 86 17 knocked
2521 1657 57 22 softly
2587 1656 37 17 and
2635 1655 72 19 waited,
2717 1656 35 16 but
2768 1656 52 17 then?

2383 1686 39 12 was
2430 1687 25 11 no
2464 1686 93 16 response,
2584 1682 9 15 i
2602 1679 86 18 knocked
2694 1679 57 21 again
2759 1684 48 13 some-

2383 1703 52 19 what
2443 1703 72 21 balder,
2526 1703 34 17 hut
2568 1702 26 18 all
2603 1709 38 10 was
2656 1702 38 17 still
2706 1702 38 17 and
2757 1703 62 16 silent.

2383 1728 62 21 Again
2455 1728 9 16 I
2474 1726 61 18 raised
2543 1731 32 18 my
2587 1726 57 19 hand,
2660 1726 35 17 but
2708 1726 65 16 before
2789 1731 31 15 iny

2383 1750 90 18 knuckles
2482 1750 79 17 reached
2571 1750 32 16 the
2612 1749 55 22 panel
2677 1750 9 16 I
2693 1755 38 11 was
2738 1749 82 22 roughly

2383 1773 124 23 precipitated
2526 1773 83 23 through
2623 1772 33 17 the
2669 1772 52 20 door,
2736 1773 38 16 and
2788 1773 22 16 de-

2383 1797 74 22 posited
2466 1803 23 10 on
2500 1802 32 16 my
2541 1792 48 21 back
2597 1796 19 17 in
2631 1796 32 17 the
2677 1797 63 16 centre
2754 1796 20 17 of
2788 1796 32 17 the

2383 1827 58 10 room.
2469 1821 8 16 I
2493 1819 66 18 looked
2573 1819 61 17 round
2647 1820 20 16 to
2681 1818 92 19 ascertain
2789 1820 31 16 the

2383 1844 90 22 meaning
2482 1844 20 16 of
2510 1843 32 17 the
2551 1842 143 23 extraordinary
2710 1842 108 20 behaviour,

2384 1866 36 18 and
2430 1867 32 17 the
2472 1866 51 22 sifiht
2533 1867 42 16 that
2589 1868 40 15 met
2641 1871 32 17 my
2688 1872 45 16 gaze
2749 1866 8 16 I
2773 1865 46 18 shall

2383 1896 58 13 never
2449 1891 69 20 forget.

2407 1916 58 16 There
2476 1914 62 16 before
2547 1919 29 11 me
2583 1912 53 18 stood
2646 1919 11 10 a,
2665 1912 91 21 grinning
2765 1912 44 17 luna-

2384 1938 31 19 tic,
2425 1938 47 18 with
2481 1942 50 12 cross
2540 1942 48 16 eyes,
2597 1935 68 23 bristly
2674 1935 46 21 hair,
2736 1935 37 17 and
2789 1936 31 16 the

2384 1964 72 15 stature
2465 1962 20 16 of
2494 1967 11 10 a
2514 1959 59 22 giant.
2596 1959 38 18 The
2644 1959 42 22 grin
2696 1965 38 10 was
2743 1959 77 17 hideous

2385 1984 37 19 and
2430 1984 108 22 terrifying,
2548 1982 38 18 and
2595 1982 34 18 the
2635 1982 52 21 huge
2702 1982 67 17 mouth
2784 1982 36 17 and

2384 2009 53 22 large
2446 2008 57 17 white
2513 2006 50 18 teeth
2573 2005 103 22 suggested
2684 2011 12 11 a
2710 2005 110 22 deputation

2385 2033 19 16 of
2413 2032 108 17 milestones
2529 2029 108 21 conferring
2646 2029 18 17 in
2674 2035 11 11 a
2694 2029 72 17 tunnel.
2786 2029 34 17 His

2384 2055 47 17 nails
2449 2060 48 13 were
2510 2053 46 21 long
2570 2052 37 17 and
2623 2051 101 21 elaw-like,
2742 2052 35 17 and
2793 2052 27 17 his

2384 2078 55 19 black
2448 2079 62 21 bushy
2519 2076 41 18 hair
2568 2076 55 17 stood
2631 2077 57 16 erect.

2506 2100 39 18 said
2554 2100 29 19 he,
2663 2104 30 12 see
2707 2098 33 18 the
2754 2104 55 12 uncer-

2384 2125 62 22 tainty
2455 2126 21 17 of
2484 2126 33 17 life
2524 2123 4 24 !
2542 2124 15 16 A
2566 2124 85 16 moment
2662 2128 43 16 ago,
2721 2128 38 16 you
2774 2128 46 11 were

2383 2149 74 17 outside
2464 2145 3 25 ;
2482 2154 43 12 now
2533 2152 38 17 you
2579 2152 31 11 are
2620 2145 66 18 inside.
2711 2145 17 16 A
2737 2147 83 16 moment

2383 2178 37 16 ago
2429 2178 38 16 you
2476 2178 48 10 were
2532 2175 24 12 on
2566 2175 49 16 your
2623 2170 44 19 feet,
2681 2174 43 20 noiy
2738 2173 38 16 you
2790 2174 30 11 are

2383 2201 25 11 on
2416 2201 49 16 your
2473 2194 54 17 back.
2552 2192 48 19 Now
2609 2198 39 16 you
2655 2197 31 11 are
2697 2191 48 17 alive
2752 2191 4 26 ;
2777 2191 19 17 in
2810 2198 10 10 a.

2383 2218 73 19 minu+G
2465 2224 37 16 you
2512 2223 43 15 may
2563 2217 24 17 be
2596 2215 53 19 dead.
2675 2214 42 18 Life
2726 2213 15 18 is
2754 2220 55 11 uncer-

2470 2241 9 17 I
2489 2241 33 17 felt
2532 2240 32 17 the
2575 2240 34 17 full
2619 2241 50 16 force
2685 2239 20 17 of
2719 2238 30 18 the
2765 2238 55 18 latter

2384 2264 81 20 remark,
2479 2271 20 10 as
2514 2264 8 17 I
2537 2265 38 16 met
2589 2264 32 17 the
2637 2262 45 17 mad
2699 2267 43 18 eyes
2757 2262 20 16 of
2790 2266 30 18 my

2384 2288 93 18 ferocious
2488 2287 50 17 host.

2510 2311 56 17 What
2579 2310 66 21 brings
2658 2315 38 16 you
2797 2310 24 17 he

2383 2336 64 18 asked.
2473 2335 10 18 I
2492 2333 100 24 explained
2600 2333 43 19 that
2652 2334 10 16 I
2670 2338 39 12 was
2714 2339 12 11 a
2735 2333 86 23 stranger

2383 2360 19 18 in
2412 2362 52 15 want
2472 2361 20 17 of
2501 2360 68 17 shelter
2578 2360 30 16 for
2616 2358 32 18 the
2652 2358 63 23 night,
2723 2359 31 16 for
2761 2359 60 18 which

2384 2385 10 16 I
2411 2383 63 18 would
2491 2382 94 23 willingly
2601 2387 43 17 pay.
2679 2382 11 19 'i
2698 2382 74 17 You've
2787 2385 34 21 got

2383 2413 68 15 money
2462 2406 47 19 have
2514 2406 50 21 you?
2572 2404 55 23 Well,
2636 2407 43 15 turn
2687 2405 15 17 it
2707 2411 27 16 up
2742 2408 20 15 to

2383 2430 24 18 he
2416 2430 104 18 demanded
2529 2428 4 23 :
2566 2430 9 16 I
2589 2435 29 11 am
2635 2428 101 23 collecting

2384 2453 10 17 T
2403 2460 38 10 saw
2452 2453 46 19 from
2509 2454 31 16 the
2555 2453 41 17 first
2611 2452 42 17 that
2669 2453 10 16 I
2696 2458 39 11 was
2752 2453 21 17 at
2788 2453 33 17 the

2383 2482 65 13 merev
2456 2477 21 17 of
2485 2483 11 11 a
2511 2475 99 21 madman;
2630 2475 37 18 and
2684 2482 19 10 as
2723 2475 32 18 the
2771 2476 50 18 little

2384 2500 41 17 coin
2436 2501 8 16 I
2458 2499 96 24 possessed
2567 2505 39 11 wns
2618 2500 35 16 not
2669 2499 62 16 worth
2748 2500 72 22 risking

2383 2529 33 12 iiiv
2424 2523 33 18 life
2466 2524 35 17 for.
2512 2523 9 17 I
2530 2522 68 19 turned
2608 2522 14 17 it
2636 2523 38 16 out.
2700 2522 55 18 After
2768 2529 41 11 care-

2384 2547 49 22 fully
2442 2546 109 21 examining
2560 2545 32 19 the
2601 2546 51 16 coins
2661 2545 23 17 be
2696 2545 63 18 tossed
2768 2547 52 17 them

2383 2570 41 17 into
2433 2576 11 11 a
2458 2569 27 18 tin
2501 2569 46 18 hard
2560 2569 32 22 by.
2610 2569 38 18 and
2665 2568 78 24 turning
2760 2569 60 18 round

2383 2593 67 18 locked
2459 2593 32 18 the
2501 2593 45 18 door
2554 2592 37 18 and
2606 2594 36 21 put.
2656 2592 32 17 the
2704 2592 36 23 key
2757 2592 19 18 in
2791 2593 29 18 his

2383 2616 75 23 pocket.
2484 2616 85 24 Turning
2578 2615 89 24 abruptly
2676 2622 50 16 upon
2740 2622 30 11 me
2782 2616 38 18 and

2385 2640 92 22 grasping
2485 2646 32 16 my
2526 2646 39 11 arm
2575 2640 45 17 with
2635 2646 23 11 iin
2676 2639 41 17 iron
2731 2639 49 23 grip,
2797 2640 23 17 he

2385 2663 63 19 asked.
2479 2663 38 18 Can
2527 2669 37 14 you
2573 2663 25 18 sit
2606 2669 24 12 on
2639 2663 31 18 the

2408 2687 10 17 I
2427 2686 71 24 replied
2507 2687 42 17 that
2557 2687 9 17 I
2577 2693 36 10 was
2623 2692 58 16 sorry,
2691 2686 35 17 but
2741 2686 10 17 I
2765 2685 54 19 could

2384 2712 40 16 not.
2470 2710 44 18 You
2523 2710 49 18 can't
2613 2710 23 17 be
2651 2710 66 16 roared
2730 2709 20 17 in
2765 2710 45 17 terri-

2385 2734 55 22 fying
2449 2736 58 16 tones.
2553 2733 55 23 Why,
2618 2733 44 17 look
2667 2735 20 15 at
2694 2738 37 17 yon
2738 2732 32 23 fly,
2777 2733 42 17 how

2385 2757 68 23 calmly
2502 2756 43 24 sits;
2566 2756 62 22 surely
2639 2762 39 16 you
2691 2762 35 11 can
2743 2762 26 17 go
2785 2762 34 13 one

2385 2787 51 11 more
2444 2780 47 18 than
2500 2787 10 10 a
2519 2780 26 17 flv
2552 2779 4 23 !
2569 2780 55 19 Whv,
2634 2785 32 17 my
2676 2780 62 17 father
2751 2781 29 16 sat
2796 2787 23 11 on

2384 2804 32 18 the
2434 2803 68 22 ceiling
2518 2803 25 17 all
2557 2803 29 17 his
2599 2802 117 18 lifewhich
2730 2809 40 11 was
2784 2804 35 17 five

2385 2834 51 11 score
2445 2827 37 17 and
2488 2829 31 15 ton
2526 2825 113 24 yearsand
2646 2825 63 18 would
2716 2826 48 19 have
2772 2827 47 17 been

2385 2850 52 19 there
2446 2851 37 23 yet,
2495 2849 43 23 only
2547 2849 43 18 that
2598 2849 23 17 lie
2630 2851 34 19 got
2673 2849 55 17 down
2738 2851 21 16 to
2766 2856 25 16 go
2800 2851 19 17 to

2384 2874 29 17 his
2422 2873 73 18 funeral
2504 2872 37 18 and
2550 2874 63 18 forgot
2623 2874 20 15 to

2408 2897 26 17 At
2442 2896 42 18 first
2492 2896 9 17 I
2507 2895 83 22 thought
2596 2895 24 17 lie
2627 2902 37 10 was
2672 2895 92 23 speaking
2770 2896 40 18 face-

2384 2920 70 22 tiously
2470 2920 35 16 but
2523 2926 11 10 a
2554 2919 66 23 glance
2636 2925 38 11 was
2691 2919 93 17 sufficient
2801 2921 19 15 to

2384 2950 58 14 prove
2450 2949 32 17 my
2491 2949 51 11 error
2549 2941 3 25 :
2571 2942 61 18 While
2646 2941 33 19 the
2693 2943 50 16 foam
2759 2943 61 17 issued

2384 2968 48 16 from
2442 2966 28 17 his
2479 2966 64 17 mouth
2554 2966 23 16 be
2586 2966 65 16 roared
2660 2966 19 16 in
2689 2966 70 17 fearful
2767 2967 53 16 tones

2427 2989 44 18 You
2479 2996 48 10 were
2536 2989 94 21 laughing
2637 2988 3 23 !
2665 2989 30 22 By
2703 2988 33 18 tho
2744 2989 77 18 terrible

2383 3012 65 18 flames
2456 3013 20 17 of
2484 3012 57 17 hades
2550 3012 38 17 anil
2596 3011 32 18 the
2639 3012 49 22 imps
2703 3011 42 18 that
2763 3012 58 18 dance

2384 3037 19 16 in
2413 3036 32 17 the
2455 3035 68 20 smoke,
2534 3036 9 17 I
2552 3041 39 12 saw
2599 3041 38 16 you
2683 3034 45 19 This
2742 3037 67 21 porten-

2384 3060 43 17 tous
2443 3059 72 23 change
2528 3058 19 18 in
2564 3058 29 18 his
2608 3058 114 18 demeanour
2738 3059 83 18 terrified

2385 3088 35 12 me.
2435 3082 9 17 I
2453 3081 76 18 averred
2538 3082 44 16 that
2590 3082 9 16 I
2608 3081 38 17 had
2654 3083 34 15 not
2696 3082 48 17 been
2751 3083 59 21 laugh-

2384 3105 39 22 ing,
2434 3106 35 17 but
2477 3105 32 17 the
2518 3105 122 22 explanation
2648 3110 38 12 was
2695 3105 125 22 superfluous:

2384 3129 24 17 he
2424 3128 38 19 had
2479 3128 96 20 forgotten
2594 3127 33 18 the
2648 3128 114 20 accusation,
2784 3128 37 18 and

2385 3158 46 12 once;
2439 3157 51 12 more
2499 3152 32 16 the
2540 3151 69 17 fearful
2621 3151 44 21 grin
2678 3152 48 18 stole
2742 3152 38 17 o'er
2793 3152 28 18 his

2386 3176 46 16 face.
2512 3175 37 16 bod
2583 3174 24 17 he
2616 3174 56 18 cried.

2409 3197 9 18 I
2432 3197 68 18 looked
2512 3197 71 23 hastily
2599 3197 67 18 round.
2698 3198 10 17 I
2723 3198 55 18 could
2793 3204 29 12 see

2385 3222 44 17 that
2437 3220 32 18 the
2477 3222 47 16 next,
2531 3221 38 17 and
2585 3221 44 22 only
2643 3221 54 17 other
2710 3227 29 11 ror
2745 3227 18 12 m
2776 3227 34 12 con-

2385 3244 64 18 tained
2469 3244 36 17 but.
2525 3250 35 11 one
2578 3244 41 18 bed.
2644 3245 11 17 I
2672 3244 117 21 shuddered;
2811 3244 11 18 I

2385 3267 68 18 looked
2460 3267 82 17 towards
2550 3267 33 17 the
2591 3267 91 17 windows
2689 3267 4 23 ;
2714 3268 46 22 they
2773 3274 49 10 were

2385 3292 79 16 fixtures
2472 3290 4 22 :
2489 3290 33 17 the
2530 3290 36 22 key
2576 3297 39 11 was
2623 3291 19 17 in
2651 3291 28 17 his
2694 3291 74 20 pocket,
2784 3290 38 18 and

2387 3315 9 16 I
2405 3314 55 17 knew
2468 3314 35 17 not
2510 3314 53 17 what
2571 3316 84 15 moment,
2662 3314 29 17 his
2698 3313 52 18 knife
2759 3314 63 17 would

2385 3337 24 17 be
2418 3337 18 17 in
2446 3344 32 15 my
2486 3335 60 21 heart.
2573 3337 10 17 I
2590 3337 63 17 would
2667 3337 48 18 have
2722 3337 99 19 hesitated,

2386 3361 36 16 but
2431 3361 9 16 I
2450 3359 57 19 dtired
2516 3362 34 16 not
2559 3361 20 16 to
2587 3366 54 11 rouse
2649 3360 29 17 his
2688 3359 69 23 anger;
2776 3366 21 12 so
2811 3361 11 16 I

2387 3383 85 18 resolved
2480 3385 20 16 to
2509 3384 53 22 obey,
2573 3383 38 18 and
2619 3385 49 16 meet
2676 3389 33 14 my
2723 3384 40 17 fate
2776 3384 47 17 with

2387 3413 20 11 as
2416 3406 57 18 much
2481 3407 116 22 resignation
2606 3413 21 11 as
2634 3406 88 23 possible.

2411 3429 38 19 For
2457 3430 58 17 hours
2523 3430 50 17 after
2581 3430 9 17 I
2597 3429 75 19 retired,
2679 3435 31 16 my
2716 3430 108 21 persecutor

2388 3453 95 18 remained
2492 3453 18 18 in
2520 3453 32 18 the
2561 3454 54 17 outer
2623 3458 58 14 room,
2691 3452 63 17 seated
2763 3453 19 16 in
2791 3451 32 18 the

2388 3483 71 12 corner,
2469 3477 74 16 nearest
2553 3482 31 16 my
2600 3474 51 21 door,
2667 3476 78 21 peering
2757 3476 20 16 at
2794 3481 29 11 me

2389 3499 84 22 through
2481 3506 12 11 a
2501 3499 55 18 crack
2564 3499 19 17 in
2592 3498 33 18 the
2637 3498 49 18 wall.
2717 3499 26 17 At
2756 3497 67 22 length

2388 3522 24 18 he
2422 3523 76 17 entered
2506 3523 32 17 the
2547 3528 52 11 room
2608 3528 24 11 on
2649 3521 65 23 tiptoe,
2733 3521 91 22 grinding

2389 3545 29 18 bis
2432 3546 51 17 teeth
2500 3545 83 22 horribly
2601 3551 20 11 as
2639 3544 23 17 be
2677 3544 96 22 stealthily
2790 3550 22 16 ap-

2389 3569 94 23 proached
2492 3568 32 19 tho
2532 3568 43 17 bod.
2600 3568 30 16 He
2638 3567 65 22 glnred
2717 3568 20 16 at
2750 3573 31 12 me
2795 3568 30 17 for

2390 3599 8 10 m
2409 3593 89 20 moment,
2509 3592 37 16 nnd
2555 3592 44 16 then
2608 3597 24 11 on
2642 3591 24 16 (ill
2676 3591 52 17 fours
2737 3592 53 21 crept,
2804 3592 20 16 to

2390 3617 26 15 iii.
2432 3615 54 17 other
2493 3614 38 18 side
2541 3614 20 18 of
2565 3613 32 18 the
2606 3620 57 14 room,
2682 3613 39 18 still
2735 3614 90 22 grinding

2390 3639 29 17 his
2428 3638 50 17 teeth
2488 3644 19 11 as
2516 3638 23 17 he
2548 3636 100 27 proceeded
2658 3638 20 15 to
2691 3642 49 17 open
2754 3643 12 11 a
2779 3637 44 20 box,

2392 3662 47 17 from
2449 3660 59 18 which
2519 3661 22 17 lie
2550 3659 82 22 brought
2641 3660 52 16 forth
2702 3667 11 10 a
2720 3659 51 24 dirty
2777 3659 49 20 pack

2391 3685 20 17 of
2420 3683 58 19 cards.
2504 3682 104 23 Spreading
2617 3683 52 17 these
2686 3688 24 12 on
2724 3683 33 17 the
2771 3682 53 22 floor,

2391 3714 24 11 on
2430 3707 61 17 which
2503 3706 24 17 he
2540 3712 38 11 was
2594 3705 71 23 sitting,
2682 3706 36 17 and
2734 3705 46 20 with
2793 3706 33 18 the

2391 3731 51 20 light
2450 3730 48 17 from
2505 3730 32 16 the
2552 3728 55 19 other
2620 3735 53 10 room
2686 3728 99 23 flickering
2802 3736 24 11 on

2391 3753 29 18 his
2428 3751 81 19 horrible
2518 3752 133 18 comitenanee.
2661 3752 24 16 bo
2693 3752 104 23 proceeded
2806 3754 20 17 to

2391 3776 45 18 read
2444 3776 58 16 them.
2528 3775 10 16 I
2545 3775 55 16 knew
2609 3775 51 17 what
2674 3775 16 17 it
2704 3777 70 19 meant,
2789 3775 38 18 and

2392 3805 31 16 my
2442 3798 54 17 heart
2512 3798 87 17 sickened
2616 3804 20 11 as
2651 3799 25 16 he.
2692 3798 81 24 grinned
2789 3799 38 18 and

2392 3820 84 19 frowned
2484 3820 119 23 alternately.
2629 3822 25 16 At
2662 3820 68 23 length
2736 3822 24 17 he
2767 3828 58 13 arose,

2391 3843 48 19 with
2446 3843 52 19 froth
2505 3843 89 23 hanging
2601 3843 19 19 in
2637 3844 84 19 festoons
2735 3845 48 17 from
2799 3845 28 17 his

2391 3867 63 18 beard,
2465 3867 36 17 and
2511 3866 38 19 said
2561 3868 18 16 to
2589 3867 80 21 himself,
2680 3869 17 16 in
2709 3874 8 11 a
2733 3869 94 21 growling

2541 3891 51 16 Thou
2615 3890 63 21 sleepy
2691 3897 35 11 son
2740 3892 20 17 of
2775 3892 39 17 Mor-

2391 3914 66 21 pheus,
2467 3913 35 22 thy
2510 3913 39 18 fate
2560 3913 13 17 is

2417 3936 38 18 For
2470 3942 11 12 a
2497 3937 85 18 moment
2596 3936 23 19 ho
2634 3937 35 17 loft
2683 3936 32 18 the
2728 3944 59 11 room.
2818 3937 10 18 I

2393 3958 55 19 made
2457 3965 11 11 a
2477 3958 96 21 desperate
2582 3958 71 25 plunge
2662 3960 29 17 for
2700 3960 32 18 the
2741 3960 86 22 window,

2392 3982 37 18 but
2443 3981 46 20 with
2504 3981 33 20 the
2551 3981 79 24 ferocity
2643 3981 37 19 and
2698 3984 68 21 ajrility
2782 3984 21 17 of
2819 3990 9 11 a

2393 4004 50 25 tiger
2457 4005 22 19 he
2492 4012 39 11 was
2545 4012 51 16 upon
2611 4011 35 15 mo,
2661 4006 37 17 and
2712 4007 11 17 I
2735 4007 56 17 know
2805 4012 23 12 no

2394 4035 57 11 more.

2418 4051 49 18 fmch
2476 4057 38 11 was
2523 4057 36 12 ono
2567 4052 21 17 of
2595 4058 58 16 many
2661 4052 83 17 horrible
2756 4052 73 18 droams

2395 4074 43 20 that
2458 4075 88 17 harassed
2566 4080 32 17 my
2614 4074 99 18 miserable
2737 4076 92 17 existenee

2395 4097 56 18 while
2460 4097 91 23 suffering
2559 4097 48 18 from
2616 4104 11 11 a
2636 4096 85 19 diseased
2736 4099 53 17 liver.
2821 4099 8 17 I

2396 4120 99 19 consulted
2511 4120 106 23 physicians
2631 4121 30 16 far
2674 4121 37 17 and
2728 4122 54 20 wide,
2796 4122 33 17 but

2396 4145 36 22 got
2439 4149 25 12 no
2472 4142 54 19 relief
2538 4144 49 17 until
2603 4144 9 16 I
2625 4143 49 18 tried
2688 4145 90 17 warner's
2792 4146 37 16 safe

2396 4172 45 13 cure
2450 4165 45 19 with
2504 4167 32 17 the
2545 4168 49 16 most
2605 4166 120 22 satisfactory
2733 4168 74 17 results.

2889 136 198 21 PRESERVATION
3104 136 33 17 OF
3150 136 67 21 GAME.

3046 157 2 14 ;

2866 181 17 17 A
2892 181 64 22 public
2964 178 83 27 moet&g
3056 182 20 18 of
3087 182 54 18 those
3149 181 68 21 intere3l

2843 204 32 17 tho
2884 205 127 21 preservation
3020 207 20 16 of
3049 211 54 17 game
3117 205 19 16 in
3151 206 35 16 this
3203 207 14 18 fli

2843 233 38 11 was
2892 228 42 16 held
2944 233 23 11 on
2977 228 68 23 Friday
3055 226 56 26 niglit
3120 229 23 16 at
3145 228 50 18 Lake
3206 231 11 17 il

2843 250 31 18 Mr
2882 250 18 18 J.
2911 251 26 17 H.
2947 251 67 22 Taylor
3024 252 18 17 in
3052 252 31 16 the
3092 251 57 18 chair.
3175 252 42 19 Tlier

2843 280 10 11 a
2862 275 51 21 good
2926 273 117 19 attendance.

2866 297 33 17 Mr
2905 297 19 18 J.
2972 296 86 22 Webber,
3074 298 32 16 the
3123 297 44 17 'nor,.
3185 306 32 11 ..,..

2843 320 103 23 appointed
2954 321 21 17 at
2982 320 32 18 tho
3031 321 86 22 previous
3131 321 83 23 meeting,

2843 343 31 17 the
2884 343 157 23 correspondence
3054 343 59 18 which
3123 343 38 18 had
3170 350 47 17 passci

2843 367 61 17 tween
2914 367 37 17 him
2960 365 38 19 and
3007 367 32 17 the
3048 367 86 17 Colonial
3148 367 69 21 Secretat

2842 390 94 17 reference
2953 390 19 17 to
2988 390 71 22 having
3076 390 38 17 tins
3130 393 68 19 county
3212 389 5 22 ij

2842 412 79 23 poratcd
2928 412 49 19 with
2983 413 34 18 tho
3033 413 101 17 Auckland
3148 414 69 20 Acclima

2843 435 39 18 tion
2892 435 80 24 Society.
3005 436 39 18 The
3058 442 76 12 reasons
3149 437 29 17 for
3190 444 27 14 secc

2843 459 49 18 from
2908 459 32 18 tho
2960 459 101 23 Tauranga
3082 459 75 23 Society
3177 466 40 14 were

2843 482 103 23 proximity
2954 482 21 18 of
2982 483 33 17 the
3024 482 100 18 Auckland
3128 483 89 21 hatcheries

2843 505 31 18 the
2884 506 38 17 fact
2930 506 44 17 that
2982 506 84 17 Rotorua
3074 506 59 23 being
3141 513 12 10 a
3165 508 52 19 touris;

2843 530 39 16 sort
2891 534 56 17 many
2956 530 78 16 mattei*s
3043 529 19 17 in
3071 529 69 22 regard
3149 531 19 15 to
3181 530 29 19 the
3216 529 1 22 i

2843 551 19 18 of
2877 552 69 17 tourist
2958 553 76 16 licenses
3052 552 64 25 might
3132 552 22 17 bo
3171 553 46 24 simpli

2843 575 54 17 After
2906 581 49 12 some
2965 576 55 21 delay
3032 575 32 18 tho
3078 576 85 17 Colonial
3181 576 36 20 Seen

2843 598 19 17 at
2871 598 66 23 length
2947 598 98 18 intimated
3054 598 43 18 that
3108 604 20 12 as
3142 599 32 17 the
3188 600 29 18 slv,.

2843 627 63 11 season
2928 622 30 18 for
2974 622 31 16 the
3022 623 76 21 present
3114 628 46 16 year
3175 621 33 20 had
3216 621 1 23 i

2843 644 93 22 gazetted,
2946 645 62 17 action
3023 645 62 17 would
3100 645 24 17 be
3136 645 81 23 postpone

2843 668 42 16 that,
2893 674 65 11 season
2968 674 37 11 was
3014 668 67 17 dosed.
3107 668 32 17 Mr
3150 667 67 21 Webber

2842 691 17 17 st
2866 691 38 17 itcd
2913 691 42 17 that
2964 691 23 18 he
2994 691 39 17 had
3041 691 76 17 written
3126 692 20 16 to
3155 692 31 16 Mr
3197 693 20 19 Che

2843 720 16 11 in
2867 720 18 11 in
2903 715 19 16 of
2942 715 32 17 tho
2994 714 100 17 Auckland
3116 715 101 19 Acclimati-.

2843 736 73 23 Society
2930 738 68 23 asking
3013 738 37 17 him
3068 738 29 17 for
3113 737 104 22 inforinatiot

2843 760 73 18 various
2925 760 64 23 points
2996 760 44 21 and,
3055 761 47 18 also,
3110 762 21 16 to
3145 760 72 21 further!

2842 784 66 16 wishes
2923 785 19 16 in
2956 784 68 23 regard
3041 786 19 15 to
3074 784 134 20 incorporation

2842 807 28 17 his
2880 807 80 22 Society.
2986 807 31 18 Mr
3030 807 115 18 Choesoiuan
3158 808 58 22 replied

2842 830 81 23 proving
2932 832 20 15 of
2961 831 48 16 their
3017 831 61 16 action
3089 831 62 16 which
3159 830 23 18 he
3192 832 24 18 beli

2843 854 61 17 would
2913 854 24 18 bo
2945 854 30 18 for
2987 854 49 17 their
3050 854 73 17 mutual
3138 854 64 18 benefit

2842 877 39 17 also
2890 877 106 17 forwarded
3005 884 10 10 a
3024 877 63 22 digest
3095 877 25 17 of
3124 877 32 17 the
3165 877 50 22 laws:

2885 901 19 17 to
2913 906 55 16 game
2977 901 37 16 and
3022 901 41 19 fish,
3080 899 38 18 and
3132 901 60 16 stated
3205 902 10 17 i:.

2842 929 47 12 swer
2898 926 20 15 to
2927 929 10 12 a
2946 924 85 22 question
3041 922 43 19 that
3094 923 23 18 he
3127 924 37 17 had
3177 929 23 12 no
3214 922 1 24 ;

2842 953 11 10 a
2861 947 64 17 native
2934 947 54 17 could
2998 949 77 20 prevent
3088 946 67 24 people
3169 947 48 20 fblii:..

2843 971 44 16 land
2896 971 42 16 that
2953 970 92 23 belonged
3059 971 20 17 to
3093 970 81 20 himself,
3191 971 21 17 ivi.

2843 993 92 18 unfeneed
2944 1000 21 11 or
2978 994 38 20 not,
3033 993 34 18 but
3085 993 85 18 whether
3184 993 19 19 he

2842 1016 62 23 object
2914 1018 19 17 to
2942 1023 76 16 persons
3027 1016 71 23 fishing
3113 1022 24 11 on
3150 1017 44 16 land
3205 1023 10 12 01

2841 1040 26 23 by
2876 1041 28 17 his
2914 1040 47 18 tribe
2970 1040 38 17 and
3016 1040 19 17 in
3045 1040 61 17 which
3115 1040 24 16 he
3148 1040 43 22 only
3200 1046 8 17 p

2841 1060 24 22 ed
2873 1070 11 10 a
2894 1063 98 19 fractional
3006 1064 53 16 share
3073 1063 24 17 he
3114 1063 56 17 could
3186 1066 24 16 not

2841 1087 39 16 The
2889 1087 86 23 question
2984 1093 38 11 was
3031 1087 59 21 really
3100 1091 11 12 a
3126 1086 48 23 legal
3189 1093 21 12 om

2842 1110 62 24 might
2913 1111 72 22 require-
2994 1108 127 20 considerable
3138 1109 71 24 looking

2841 1134 27 16 As
2876 1140 46 11 soon
2939 1139 19 12 as
2972 1133 33 18 the
3019 1133 78 18 Gazette
3113 1133 59 17 notice
3186 1135 28 16 tint

2841 1157 44 23 ring
2894 1157 32 17 the
2934 1159 71 20 county
3014 1157 19 17 of
3042 1156 85 18 Rotorua
3141 1157 19 16 to
3175 1156 39 19 thek

2841 1180 46 17 hind
2896 1181 74 21 Society
2979 1179 92 24 appeared
3086 1180 34 20 th<}
3131 1181 67 20 county
3207 1186 5 9 v

2841 1203 23 17 be
2885 1204 74 22 subject
2975 1205 21 15 to
3009 1202 50 18 their
3074 1203 72 22 fisbiiig
3161 1203 54 22 x-eguk

2843 1227 59 17 which
2917 1227 77 22 provide
3008 1227 29 16 for
3054 1233 10 10 a
3081 1227 49 17 close
3147 1232 58 11 season

2842 1249 65 18 March
2918 1251 39 17 31st
2967 1251 19 17 to
2996 1249 106 19 November
3113 1249 33 18 Ist.
3172 1249 21 18 In
3203 1256 11 12 r.

2841 1273 21 18 to
2871 1273 31 18 the
2913 1273 47 18 issue
2969 1273 20 18 of
2996 1278 54 18 game
3059 1273 78 17 licenses
3149 1272 32 17 the
3189 1273 21 17 ml

2841 1296 44 17 that
2888 1296 221 23 thopostmasterishould
3113 1296 47 16 issue
3164 1296 41 17 the];

2841 1320 39 16 The
2891 1320 36 17 fees
2940 1326 45 10 were
2994 1319 44 23 paid
3047 1320 40 16 into
3096 1320 32 16 the
3139 1319 71 17 Troasur

2841 1343 66 22 repaid
2916 1346 19 13 to
2946 1343 29 17 the
2986 1343 79 22 .Society.
3092 1343 23 17 In
3124 1348 12 11 a
3150 1348 47 11 more
3205 1343 3 22 i

2842 1366 55 17 letter
2908 1366 29 18 Mr
2946 1367 113 17 Cheeseman
3069 1366 63 17 stated
3145 1366 40 17 that
3198 1366 9 17 !:<

2842 1390 56 22 again
2910 1390 73 17 written
3000 1391 20 15 to
3033 1390 33 16 the
3081 1388 85 19 Colonial
3180 1388 28 19 Sea

2842 1414 20 15 to
2871 1413 86 22 expedite
2966 1413 32 17 the
3007 1415 74 15 matter.
3108 1413 22 16 In
3140 1412 69 23 regardj

2842 1436 131 23 appointment
2983 1437 19 17 of
3011 1443 10 10 a
3030 1441 75 18 ranger,
3113 1436 61 17 which
3184 1441 25 12 wot

2841 1465 98 17 necessary
2947 1465 20 12 as
2977 1465 45 11 soon
3031 1465 20 11 as
3065 1460 46 21 they
3125 1465 48 10 were
3188 1459 17 16 iiu

2842 1482 50 19 ated,
2902 1483 23 17 he
2935 1483 61 17 stated
3005 1483 42 17 that
3061 1483 46 16 such
3121 1482 61 17 officer
3194 1488 7 10 v,

2842 1506 62 17 lowed
2923 1507 26 16 2
2970 1507 30 16 for
3016 1512 55 15 every
3088 1505 103 19 conviction

2843 1529 52 17 small
2907 1530 28 17 fee
2944 1530 28 17 for
2982 1529 32 18 the
3022 1534 72 12 season.
3120 1529 30 16 He
3165 1529 33 16 also
3208 1529 1 18 .

2843 1553 61 16 which
2913 1555 78 14 streams
3000 1553 19 16 in
3028 1552 32 18 tho
3069 1552 75 18 district
3150 1552 57 23 ahead;

2843 1575 63 19 tabled
2915 1578 52 15 trout
2976 1576 37 17 and
3021 1576 30 17 for
3059 1575 122 17 information
3189 1576 18 17 oil

2843 1599 30 17 ble
2881 1601 84 18 streams,
2972 1605 44 16 easy
3022 1600 21 16 of
3048 1605 67 14 access,
3123 1599 38 17 still
3167 1599 34 17 unst

2843 1623 18 16 It:
2876 1622 63 23 might
2951 1622 21 18 bo
2987 1623 80 21 possible
3081 1623 21 16 to
3118 1621 46 18 send
3179 1628 26 11 sol

2843 1646 63 17 before
2914 1646 47 22 long
2969 1645 38 17 and
3015 1646 15 16 it
3040 1646 62 16 would
3110 1646 24 16 be
3148 1651 58 11 necus<;

2843 1668 47 18 have
2900 1668 51 18 them
2960 1669 90 17 liberated
3060 1675 25 11 on
3094 1669 32 17 the
3134 1675 48 11 same

2843 1698 19 11 as
2873 1693 43 21 they
2926 1691 79 19 arrived.

2867 1715 38 18 The
2914 1715 100 18 Chairman
3024 1714 63 19 stated
3093 1715 44 18 that
3141 1714 64 24 judging

2843 1739 33 16 the
2885 1738 156 24 correspondence
3050 1739 46 22 they
3106 1738 71 17 seemed
3184 1739 14 16 to

2844 1762 71 18 farther
2925 1762 80 17 forward
3014 1762 47 17 than
3070 1762 70 17 before.
3165 1761 38 22 They

2843 1785 82 23 scarcely
2941 1786 87 16 however
3043 1785 63 18 blame
3125 1784 77 18 themsch

2843 1809 44 17 this.
2925 1809 37 17 The
2984 1809 54 22 delay
3054 1808 39 17 had
3109 1806 87 24 evidently

2843 1831 53 23 place
2904 1832 20 17 in
2933 1830 32 20 tho
2975 1832 84 17 Colonial
3069 1831 111 23 Secretary's
3188 1830 15 18 off

2867 1855 32 18 Mr
2907 1856 97 18 Williams,
3014 1856 19 16 in
3042 1856 48 16 view
3106 1855 20 17 of
3142 1855 32 17 the
3185 1854 19 18 fad

2843 1878 32 18 tho
2885 1885 64 11 season
2963 1885 38 11 was
3015 1878 131 23 approaching
3160 1877 31 18 and
3200 1877 1 24 :

2843 1908 97 16 necessary
2949 1903 20 16 to
2979 1904 31 19 get
3021 1903 31 16 the
3061 1907 67 17 young
3131 1901 36 18 fish
3171 1901 17 17 in
3192 1902 9 16 at

2843 1925 66 17 moved
2920 1926 41 17 that
2972 1925 31 18 tho
3012 1925 85 18 Colonial
3107 1925 88 21 Secretary

2843 1948 78 23 quested
2930 1950 20 17 to
2968 1949 77 17 Gazette
3059 1948 33 18 tho
3109 1948 59 17 notice
3181 1947 13 18 of

2844 1972 86 22 poration
2947 1971 47 19 with
3010 1971 32 19 tho
3060 1971 99 18 Auckland
3172 1970 30 18 disti

2844 2001 51 14 once,
2906 1994 37 18 and
2951 1996 40 17 also
3000 1995 41 18 that
3050 2001 12 12 a
3071 2001 47 16 copy
3128 1994 20 17 of
3156 1994 45 17 thold

2844 2018 105 17 forwarded
2958 2020 20 16 to
2987 2018 31 18 Mr
3031 2019 121 16 Cheeseman.
3180 2017 21 17 Th.

2844 2041 91 19 seconded
2944 2042 26 23 by
2979 2042 30 17 Mr
3018 2042 76 21 Dansey
3104 2041 37 17 and
3150 2039 50 20 carrici

2868 2065 19 17 It
2902 2070 40 12 was
2957 2066 40 16 also
3014 2065 78 17 decided
3108 2065 43 17 that
3170 2063 24 18 the

2843 2088 69 21 Board,
2923 2089 31 18 Mr
2969 2089 27 17 W.
3012 2088 63 22 Kelly,
3090 2087 85 20 M.H.R.,
3188 2092 12 12 m

2843 2112 118 23 Wellington
2970 2112 118 17 Association
3102 2111 23 17 be
3140 2110 49 18 asked
3197 2110 2 25 '

2843 2135 51 17 their
2902 2135 91 17 influence
3001 2136 20 16 in
3029 2135 33 17 the
3070 2136 69 16 matter
3149 2135 19 16 of
3178 2134 20 16 int

2843 2157 52 18 ation
2902 2155 4 23 ;
2920 2159 44 17 that
2972 2159 31 16 the
3012 2159 59 16 Town
3080 2157 62 18 Board
3151 2157 21 17 be
3183 2155 15 19 as!

2843 2181 55 16 assist
2906 2182 19 15 in
2935 2182 33 16 the
2977 2182 68 15 matter
3054 2181 20 15 of
3085 2180 96 21 obtaining
3192 2184 6 11 t.

2843 2203 44 18 that
2895 2203 32 18 Mr
2935 2203 114 19 Cheeseman
3058 2203 25 17 be
3091 2202 57 17 asked
3157 2202 34 21 for;

2843 2226 39 17 lars
2890 2233 21 11 as
2919 2228 20 16 to
2947 2227 33 17 the
2988 2227 74 21 variety
3071 2227 19 16 of
3099 2226 36 17 fish
3143 2223 53 20 avuiln!

2843 2249 57 18 price.

2867 2274 16 17 A
2900 2273 77 23 general
2991 2274 130 17 conversation
3138 2276 48 14 ensue

2843 2296 33 18 the
2884 2295 62 20 creeks
2961 2296 20 18 in
2995 2297 32 17 the
3042 2294 138 25 neighborhood

2843 2320 38 17 and
2889 2319 109 22 unstocked,
3009 2326 20 11 as
3037 2321 21 16 to
3067 2319 33 17 the
3113 2320 38 16 fees
3166 2319 20 16 for

2843 2343 76 18 licenses
2929 2343 37 18 and
2975 2344 31 17 the
3015 2344 133 22 appointment
3156 2343 17 16 of
3179 2348 6 10 u

2844 2367 22 16 In
2876 2367 66 22 regard
2953 2369 19 14 to
2981 2368 32 16 the
3022 2367 58 17 latter
3088 2366 32 18 the
3131 2365 55 18 choice

2843 2390 31 18 Mr
2883 2391 58 22 Percy
2951 2390 96 18 Robinson
3057 2390 38 17 and
3103 2390 15 16 it
3126 2393 37 14 Was
3171 2388 15 18 do

2843 2413 119 19 recommend
2970 2414 39 16 him
3018 2415 20 15 to
3047 2413 32 17 the
3094 2411 90 19 Auckland

2843 2437 55 17 when
2907 2437 31 18 the
2947 2436 141 24 incorporation
3097 2442 38 11 was
3147 2435 39 18 effecti

2866 2460 39 17 The
2921 2461 84 25 meeting
3022 2460 62 17 closed
3104 2459 46 17 with
3169 2465 8 11 a
3185 2459 1 27 '

2843 2482 69 18 thanks
2922 2485 18 15 to
2951 2483 31 17 the
2991 2484 102 16 Chairman
3102 2482 38 18 and
3151 2482 35 18 Sect*

2844 2538 346 44 CABLEGRAM.

2870 2613 91 22 Loxdox,
2979 2612 84 26 August
3082 2612 102 19 27.Durii

2843 2638 125 20 Blackfriars
2978 2639 36 18 fire
3024 2645 12 12 a
3044 2638 60 19 black
3111 2645 52 11 mass
3169 2644 15 12 to:

2843 2665 22 19 of
2873 2665 111 19 thousands
2994 2665 21 18 of
3023 2667 42 16 rata
3080 2665 77 18 crossed
3172 2663 12 19 tl:

2843 2691 40 19 and
2892 2698 52 12 were
2954 2691 95 19 drowned
3067 2697 23 13 as
3106 2690 48 25 they
3171 2691 13 18 fa:

2843 2717 54 19 scale
2907 2717 35 19 the
2961 2717 158 19 Embankment.

2869 2742 116 20 Shanghai.
2996 2743 83 25 August
3090 2742 94 20 27.Fou:

2842 2769 127 25 ringleaders
2978 2769 22 19 in
3013 2770 34 18 the
3065 2769 101 25 Kucheng
3174 2775 10 12 e

2842 2795 53 19 have
2914 2795 50 20 been
2982 2795 104 20 executed.

2869 2821 135 23 Meliioukxe,
3018 2824 83 22 August
3111 2820 73 24 27.8;

2842 2854 47 13 vere
2908 2850 62 17 storm
2987 2848 21 18 in
3026 2848 36 19 tho
3088 2848 87 19 Ballarat

2843 2873 341 26 buildingsjweredestroyedandotl

2842 2900 77 19 roofed.
2947 2900 19 18 A
2975 2900 55 19 train
3053 2901 51 18 from
3124 2898 58 26 Mary!

2841 2931 38 13 ran
2890 2926 41 19 into
2948 2933 12 11 a
2978 2926 126 25 semaphore,
3126 2926 56 19 blown

2843 2953 34 17 tho
2888 2952 47 24 line,
2946 2952 38 19 but
2994 2954 36 23 got
3051 2952 91 25 through
3159 2957 23 13 itn:

2934 3012 233 33 TELEGRAPHIC.

2865 3065 112 21 Wellington,
2985 3065 43 17 This
3033 3066 102 21 day.The
3143 3066 39 16 folio:

2843 3087 21 15 bo
2872 3087 30 16 the
2910 3087 52 16 heads
2970 3088 18 15 of
2997 3087 30 16 the
3036 3089 57 19 report
3101 3089 18 15 of
3131 3088 27 16 the
3166 3086 16 17 W

2844 3108 58 16 raitteo
2916 3114 44 15 upon
2978 3109 28 15 the
3022 3109 78 19 banking
3115 3109 65 22 quostioi

2844 3130 28 15 tho
2888 3130 116 16 Government
3020 3131 40 15 take
3076 3131 84 19 500,000
3171 3130 11 15 fr

2844 3152 96 19 preference
2949 3151 59 17 shares
3016 3157 19 10 as
3043 3157 38 11 new
3086 3153 63 20 capital
3157 3152 19 16 for

2844 3173 17 15 of
2869 3172 43 16 New
2920 3173 75 16 Zealand
3004 3172 4 20 ;
3024 3173 39 16 that
3072 3174 85 18 500,00t
3170 3173 9 16 of

2844 3194 82 20 sending
2934 3194 87 16 liabilities
3036 3194 18 16 of
3070 3194 108 18 shareholder!

2844 3215 53 15 oalled
2905 3220 25 16 up
2937 3215 26 16 for
2971 3216 29 15 the
3010 3221 29 11 use
3049 3216 18 16 of
3075 3217 29 15 the
3112 3215 68 17 BankVi

2845 3236 37 16 that
2890 3236 29 16 the
2928 3236 59 17 Estate
2996 3237 89 21 Company
3093 3238 31 16 sell
3133 3241 35 17 part

2844 3260 33 14 sets
2885 3260 18 14 to
2911 3258 29 16 the
2950 3258 105 16 Realisation
3065 3258 14 16 B
3088 3260 33 15 -aid
3131 3260 26 15 for
3164 3258 13 16 1

2844 3279 29 16 the
2884 3279 117 17 Governmeut
3013 3281 127 21 guaranteeing
3154 3283 14 13 to
3176 3278 4 24 ll

2844 3300 54 17 bonds
2905 3301 28 15 for
2940 3301 29 16 the
2985 3304 71 13 amount
3069 3302 19 15 of
3104 3302 34 16 this
3153 3302 24 15 salt

2845 3322 20 17 3h
2874 3328 29 15 per
2910 3324 40 14 cent
2957 3323 77 16 interest.
3058 3323 21 16 In
3088 3328 38 11 case
3135 3324 17 15 of
3166 3327 11 11 bi

2844 3349 48 15 euoy,
2902 3343 40 16 such
2951 3345 18 14 to
2982 3343 21 16 be
3017 3345 71 15 secured
3103 3349 45 15 upon
3163 3344 15 16 tfe

2844 3364 75 21 liability
2928 3364 17 16 of
2952 3364 119 17 shareholders
3084 3366 19 15 of
3118 3367 57 15 600.0'

2845 3387 34 16 lien
2895 3390 45 16 upon
2956 3385 29 17 the
2999 3386 52 17 value
3067 3388 18 15 of
3101 3387 29 16 the
3146 3385 32 19 wbo!

2845 3408 48 15 atock
2900 3408 19 15 of
2928 3407 29 16 the
2964 3407 84 20 Banking
3057 3408 94 21 Company.
3162 3408 15 16 Tk

2845 3429 63 20 capital
2918 3429 19 15 of
2944 3429 29 15 the
2982 3428 50 17 Bank
3042 3430 105 20 (900,000),
3155 3429 22 16 ami

2846 3450 31 15 call
2886 3450 17 16 of
2914 3450 83 19 500,000
3004 3455 19 11 to
3031 3451 20 16 be
3058 3451 68 16 written
3133 3451 27 19 oif,
3167 3452 12 14 fc
3183 3450 1 20 '

2845 3472 64 19 capital
2917 3472 18 15 of
2943 3472 30 16 the
2981 3472 127 16 reconstructed
3117 3472 46 16 Bank
3168 3476 9 10 a:
3183 3469 1 26 j

2846 3493 37 19 000,
2893 3493 50 16 made
2951 3498 24 16 up
2987 3494 18 15 of
3021 3495 104 17 2,000,000
3141 3494 16 16 of
3169 3493 10 16 I*

2846 3517 100 16 guarantee,
2964 3516 84 19 500,000
3065 3515 88 21 called-up
3164 3518 14 15 ;

2846 3536 85 20 500,000
2938 3537 18 15 of
2964 3542 37 10 new
3011 3537 58 15 shares
3077 3539 18 14 to
3104 3537 20 15 be

2846 3557 122 17 Government.

2868 3579 16 15 A
2893 3584 38 10 new
2945 3579 58 16 clause
3018 3580 31 15 has
3064 3580 43 16 been
3123 3579 54 16 insert?-

2846 3599 78 21 Fenciiig
2937 3599 34 18 Bill
2986 3600 85 21 applying
3087 3601 14 16 it
3114 3603 18 14 to
3147 3603 30 14 nan'

2846 3621 37 16 Tho
2892 3622 33 15 Bill
2934 3627 34 11 was
2982 3622 80 21 reported
3074 3623 41 15 read
3132 3623 27 16 the
3170 3624 7 12 t:

2847 3643 34 15 and
2890 3643 65 20 passed.

2870 3665 16 14 A.
2894 3664 34 16 Bill
2937 3665 30 15 has
2975 3665 43 15 been
3027 3665 100 16 introduced
3135 3665 22 20 by

2847 3685 52 20 Kelly
2909 3688 17 14 to
2938 3686 70 20 provide
3024 3690 5 12 l
3043 3686 66 21 weekly
3122 3685 49 17 hiilf-h

2847 3707 81 16 domestic
2937 3709 83 19 servants,
3029 3707 90 21 including
3128 3707 44 18 house
3174 3707 2 21 1

2847 3728 39 16 lour
2893 3728 60 20 m'"'dfl,
2963 3728 56 19 cooks,
3038 3729 101 20 waitresses,
3154 3729 14 15 ho-

2848 3751 52 17 tani,j,
2912 3749 28 17 &o.

2869 3770 36 16 The
2915 3771 79 16 Minister
3003 3771 18 16 of
3029 3771 111 21 Agriculture
3152 3771 15 15 do

2848 3792 29 16 tho
2885 3792 104 20 prohibition
2999 3793 19 15 of
3027 3793 28 15 the
3064 3793 85 20 shipment
3157 3791 13 15 of

2848 3813 51 21 sheep
2910 3814 41 15 from
2968 3813 29 16 tho
3012 3814 57 15 North
3082 3817 19 13 to
3117 3813 49 16 Sout'i

2848 3834 43 16 view
2900 3834 18 16 of
2926 3835 29 15 the
2963 3835 52 16 catt'.e
3023 3835 65 17 discaso
3095 3836 54 16 would
3157 3835 13 15 be

2870 3856 37 16 The
2916 3861 46 11 more
2970 3856 80 20 frequent
3058 3857 71 21 sittings
3140 3857 17 15 of
3165 3858 8 11 t'

2849 3878 61 15 trate's
2919 3877 53 16 Court
2980 3881 18 12 at
3007 3876 110 17 Whakatauo
3125 3879 15 15 is
3147 3878 24 15 dc?:

2851 3898 28 16 W.
2886 3898 58 19 Kelly.

1239 74 60 22 THE
1326 72 57 23 HOT
1409 72 93 23 LAKES
1522 70 180 27 'CHRONICLE,
1731 69 191 27 WEDNESDAY,
1952 72 113 21 AUGUST
2094 74 32 22 23,
2143 73 49 18 1895

127 243 229 34 ft7icfftTsTE'A.MsHlP
372 250 113 21 COMPANY
504 250 30 18 OF

123 272 11 22 J
185 275 58 19 NEW
256 275 114 19 ZEALAND
379 275 80 16 Limited.

168 313 121 15 i'KH'il.-IM
302 312 40 15 JJKI
352 312 42 14 Alii
403 312 64 14 L'KhS.

237 343 46 16 tOU
295 342 101 16 tiXDNKY.

178 438 47 16 FOR
236 437 131 16 SOUi'ilJifeW
381 437 62 14 I'UKi:

99 755 162 46 HUfcDART,
287 757 111 23 BARKER,
419 756 54 20 AND
494 756 38 20 CO.

262 782 108 23 (limited),

174 827 61 19 NEW
247 829 87 17 STEAM
346 826 108 21 SERVICE

102 860 128 30 Bringing-
240 861 61 23 Low
309 860 79 24 Fares
397 862 55 22 into
464 859 68 25 force

122 909 95 25 Splendid,
228 910 163 24 Woll-appointed
396 910 92 19 Steamers
494 910 38 18 will

99 932 22 17 be
130 933 114 23 despatched
253 935 49 17 from
311 936 118 16 Auckland,
439 939 20 12 as
473 933 60 17 under

99 955 89 24 (weather
205 957 36 18 and
261 957 55 18 other
332 958 141 17 circumstances
489 961 43 18 per

99 979 120 23 mitting);

98 1002 183 21 FoitGISBORNE,
288 1001 104 22 NAPIER,
400 1001 114 19 WELLING-

120 1024 55 23 TON,
188 1025 158 22 LYTTELTON,
356 1027 15 17 &
380 1023 127 24 DTJNEDIN,

97 1048 114 19 TASMANIA.
220 1048 3 24 .
233 1048 1 24 ,
243 1049 111 21 .TUESDAY,
366 1049 50 23 Sept.
426 1049 25 21 10,
463 1055 56 12 noon.

99 1071 94 18 Anglian

226 1119 50 17 FOR
290 1118 112 21 SYDNEY,

142 1138 116 27 (Returning
271 1143 19 16 to
299 1142 99 18 Auckland
407 1140 78 24 Dircot,)

97 1163 93 24 Currying
210 1166 115 21 Passengers
345 1165 29 18 for
396 1165 134 22 MELBOURNE,

109 1187 53 18 other
167 1188 133 19 Australian
308 1187 70 23 Pouts,
385 1189 39 17 and
428 1187 45 19 Hob
474 1192 45 18 art,

98 1215 94 18 Anglian
264 1216 97 20 Monday,
372 1215 51 24 Sept.
436 1217 18 20 0,
468 1216 10 16 .')
485 1222 45 16 p.m.

97 1238 114 18 Tasmania.
221 1238 24 24 ...
253 1239 98 21 Monday,
365 1239 51 23 Sept.
424 1240 28 20 23,
464 1240 11 16 4
485 1244 45 18 p.m.

121 1266 77 22 Freight
207 1267 39 16 and
254 1265 92 24 Passages
359 1265 20 19 at
391 1270 80 14 LOWEST
483 1270 47 14 CUll-

98 1292 52 15 ItEKT
162 1294 70 13 KATES.

121 1312 72 18 Return
201 1312 75 18 Tickets
282 1313 92 17 available
381 1313 28 17 for
414 1312 29 18 six
448 1312 81 18 months.

197 1342 22 16 L.
233 1341 22 18 D.
266 1342 108 16 NATHAN
387 1342 15 16 &
415 1342 44 19 CO.,

427 1364 79 23 Agents.

128 1427 227 47 Visitors'
379 1427 118 47 List.

128 1509 103 24 Brent's
248 1510 131 29 Bathgate
398 1510 94 23 House.

95 1541 39 18 Mrs
142 1542 66 22 Barry,
218 1542 117 23 Wellington

96 1564 39 18 Mrs
144 1565 70 21 James,
224 1565 113 19 Melbourne

95 1588 31 17 Mr
134 1589 100 21 Thornley,
245 1588 77 23 Sydney

99 1611 27 17 Dr
134 1611 60 23 Barry
203 1612 20 17 T.
234 1611 81 21 Russell,
325 1611 75 23 Sydney

210 1658 52 23 The
275 1658 139 30 Langham.

135 1693 84 21 __iclair,
230 1693 90 18 Adelaide

130 1716 93 22 Waddan,
234 1717 90 17 Adelaide

131 1738 74 25 Logan,
215 1740 111 23 Devonport

130 1763 86 21 Bockett,
228 1763 77 23 Opotiki

130 1787 98 21 Seymour,
244 1784 99 20 Auckland

130 1810 103 20 Robiuson,
243 1810 101 17 Auckland

130 1832 65 21 Blake,
208 1834 101 21 Tauranga

129 1856 109 22 Tarawhiti,
248 1853 100 21 Auckland

97 1878 64 24 Judge
170 1879 78 21 Wilson,
259 1879 99 18 Auckland

206 1931 117 23 Rotoma
337 1930 85 23 Hotel.

96 1965 38 18 Mrs
151 1966 73 21 Butler,
241 1965 101 18 Auckland

97 1989 61 23 Judge
173 1989 43 21 Gill,
231 1989 102 23 Tauranga

96 2012 112 18 Lieut.-Col.
219 2013 87 19 Roberts,
315 2012 74 17 Tauran
391 2025 11 9 u

98 2036 31 16 Mr
137 2034 60 21 Boon,
207 2033 101 21 Auckland

130 2059 30 17 W.
170 2059 87 20 Stewart,
268 2058 99 18 Auckland

129 2081 67 22 Quick,
206 2082 72 18 United
288 2082 61 17 States
358 2081 20 18 of
386 2081 85 18 America,

129 2105 97 21 Stubbins,
236 2105 26 18 To
271 2105 72 17 Whaiti

128 2128 30 17 W.
168 2128 53 21 Bird,
231 2128 80 17 Galatea
326 2128 4 28 _

129 2151 39 17 and
175 2152 42 16 Mrs
226 2151 83 21 Gordon,
320 2149 99 19 Auckland

130 2175 30 17 W.
170 2175 103 19 Robinson,
284 2173 78 18 Galatea

128 2198 91 22 Lorigan,
237 2197 62 19 Ohiwi

231 2253 160 23 ROTORUA.

95 2344 428 73 Langham.

116 2450 49 23 (One
172 2450 89 17 minute's
270 2450 50 17 walk
328 2450 49 17 from
384 2449 31 18 the
422 2450 72 17 Govern-

246 2474 53 16 ment
307 2473 75 19 Baths.)

215 2561 190 24 TeraS;

123 2603 46 24 35s
177 2611 45 22 per
241 2603 87 28 week;
348 2603 29 23 6s
391 2610 46 23 per
445 2603 57 30 day.

125 2643 61 23 Two
196 2643 90 23 weeks
295 2649 28 15 or
334 2642 97 29 longer,
448 2641 54 24 30s.

133 2721 28 32 C.
195 2720 135 33 HAWKER
357 2718 140 39 WILSON,

224 2775 185 21 PROPRIETOR.

97 2841 139 26 BARBER
250 2843 23 22 &
287 2839 245 25 HAIRDRESSER.

126 3036 58 21 HAS
197 3035 114 21 OPENED
329 3035 48 19 HIS
393 3034 113 23 SALOON,

101 3088 78 21 NEXT
194 3088 77 20 DOOR
284 3088 34 19 TO
331 3087 42 19 MR
389 3086 143 20 SAMSON'S.

142 3193 88 19 Setting
244 3192 81 19 Razors
338 3198 12 12 a
365 3191 123 20 Specialty.

106 3261 239 47 KUSABS
379 3258 155 48 BROS

212 3329 217 34 MAMAKU

104 3380 75 41 SAW
194 3380 25 40 &
247 3377 150 42 PLAKIHC
419 3376 116 41 MILLS.

106 3447 271 26 :rcOUNT3=UN
400 3448 138 23 Rl7unj.

109 3526 134 22 GENUINE
257 3525 59 19 DRY
330 3523 80 21 LAND
427 3523 112 19 TIMBER

213 3558 30 19 IN
255 3558 52 19 THE
320 3556 114 20 MARKET.

109 3606 129 44 MESSRS
257 3604 98 19 KUSABS
372 3603 71 18 BROS,
458 3603 37 22 beg
512 3608 20 11 re-

187 3628 101 24 spectfully
293 3629 20 16 to
321 3628 68 17 inform
398 3628 32 16 the
443 3626 67 18 Public
522 3626 20 17 of

113 3654 78 15 Kotorua
199 3652 34 16 and
243 3652 72 20 vicinity
323 3652 38 14 that
370 3651 40 20 they
424 3650 44 16 have
483 3651 49 14 estab-

113 3675 55 15 lished
176 3679 10 10 a
196 3673 43 21 yard
247 3673 17 15 in
277 3672 124 18 Hinemoa-ut.,
410 3671 33 16 and
459 3676 31 10 can
504 3674 39 12 now

113 3697 63 21 supply
184 3695 30 16 the
221 3694 52 15 finest
280 3693 42 15 class
336 3693 18 15 of
368 3692 82 21 Building
463 3691 79 16 Material

113 3717 18 15 in
140 3716 28 16 the
177 3715 75 17 Market.
268 3715 17 15 It
293 3715 14 15 is
314 3713 101 21 unequalled
423 3713 18 16 in
449 3713 94 19 durability

114 3737 34 16 and
156 3736 105 22 impervious
269 3737 17 14 to
295 3735 28 16 the
331 3735 67 15 attacks
414 3734 17 16 of
445 3734 50 16 borer
509 3733 35 16 and

113 3759 32 20 dry
156 3760 33 15 rot.
212 3757 53 17 Their
273 3756 81 16 sawmills
362 3760 27 11 are
398 3755 49 16 fitted
457 3755 42 15 with
515 3755 28 15 the

114 3782 46 14 mot
167 3779 71 16 modern
247 3777 96 21 appliances
352 3777 34 15 and
394 3776 28 16 the
431 3776 38 16 firm
481 3776 14 15 is
507 3775 37 16 able

114 3804 19 12 to
148 3800 63 21 supply
228 3805 33 15 any
276 3798 80 21 quantity
371 3798 18 16 of
404 3797 38 21 Dry
462 3796 82 20 Building

115 3821 82 17 Material
205 3826 23 10 on
236 3821 29 15 the
273 3816 73 19 shortest
353 3819 62 16 notice.

117 3863 140 29 Skirtings,
265 3861 176 27 Architraves,
446 3860 83 23 Mould-

154 3894 67 28 ings,
233 3892 51 24 and
293 3891 110 24 Dressed
412 3890 102 23 Timher

184 3924 28 22 of
221 3930 79 23 every
315 3921 164 30 description,

210 3953 108 30 Always
328 3959 33 16 on
370 3951 84 23 Hand.

148 3986 117 24 HENAU
275 3986 106 24 HOUSE
391 3984 129 24 BLOCKS.

141 4033 49 17 Price
198 4033 47 17 Lists
252 4039 21 10 on
281 4033 103 21 application
393 4033 19 15 to

116 4061 225 36 KUSABS
377 4061 162 34 BBOS.

193 4104 116 18 MAMAKU
321 4108 27 14 OJt
359 4103 114 19 OHAUPO.

247 4132 26 17 Or
281 4133 21 16 at
309 4132 31 18 the
353 4132 67 20 Yards,

141 4159 125 20 HINEMOA
279 4159 100 22 STREET,
398 4158 128 19 ROTORUA.

558 212 59 42 MT,
645 211 136 43 HOBSON
819 208 169 45 NURSERY,

583 266 173 30 REMUERA,
774 262 189 30 AUCKLAND,

663 301 60 24 [lOSd
732 297 152 25 EBXABMBffIBD.]

558 328 202 48 SUPPLIES
772 328 103 20 advanced
885 326 60 20 Fruit
951 326 40 19 and

618 356 133 20 Ornamental
764 355 67 19 Trees.

585 387 76 20 Native
671 388 72 19 Plants
753 386 40 19 and
802 385 70 22 Ferns,
889 382 103 26 prepared

556 414 33 19 for
600 414 87 25 sending
696 416 20 16 to
728 413 27 18 all
766 413 55 23 parts
840 412 21 17 of
875 410 35 19 tlio
927 409 64 19 world

557 441 49 19 with
618 437 208 25 successincluding
836 436 36 19 the
877 434 113 21 handsome

557 467 76 24 species
642 467 22 17 of
673 462 124 22 Tree-Ferns
807 463 21 18 of
837 463 57 18 these
901 461 88 23 Islands,

557 493 40 18 and
607 492 28 18 all
644 491 58 19 other
712 491 59 17 items
785 488 95 26 required
889 488 27 25 by
931 487 50 19 culti-

556 521 72 15 vators.

583 544 85 18 Current
689 540 84 21 circular
793 539 115 21 forwarded
924 545 26 13 on
960 545 20 12 re-

556 570 53 24 cei2)t
619 569 20 19 of
651 569 89 18 address.

587 620 48 47 C.
669 616 289 56 T.WREN,

710 954 56 22 ASIC
781 954 56 21 FOE

555 1005 432 50 HANCOCKS'

680 1079 183 23 CELEBRATED

735 1131 86 33 xxxx

665 1190 211 51 ALES,

685 1257 58 13 MADE
751 1256 55 14 FROM
816 1255 42 14 THE

556 1293 117 33 FINEST
699 1293 87 32 MALT
808 1290 64 34 AND
890 1290 96 38 HOPS,

593 1389 52 14 FBEE
658 1387 55 16 FROM
726 1389 39 12 AEE
778 1385 128 16 ANTISEPTICS
920 1387 25 12 OH

659 1424 141 15 DELETERIOUS
818 1424 64 13 ACIDS.

555 1487 139 33 CAPTAIN
717 1488 83 31 COOK
818 1486 168 38 BREWERY,

658 1537 194 20 NEWMARKET.

764 1598 195 20 EaaiitfUif&j

614 1633 129 20 Barristers
752 1638 41 13 akd
806 1632 123 21 Solicitors,

554 1664 85 25 Temple
646 1663 120 24 Chambers,
775 1663 59 25 High
843 1662 28 25 St,
880 1662 108 19 Auckland

569 1720 66 31 JT7T2
647 1721 53 19 have
710 1728 72 18 money
792 1724 20 16 to
822 1720 48 19 lend
882 1726 25 12 on
925 1719 51 20 Mort-

569 1741 10 14 *
589 1754 6 10 '
643 1754 15 19 g
659 1754 11 12 a
672 1754 12 19 g
686 1754 11 12 e
743 1747 100 19 Freehold
859 1747 40 18 and
915 1746 60 19 Lease-

552 1773 49 19 hold
611 1777 95 22 property
717 1776 21 16 at
749 1777 81 15 current
839 1777 60 15 rates.

611 1828 115 47 FOR
757 1827 164 47 SALE.

553 1930 232 34 rpOTABAHOUSE
792 1930 113 20 BLOCKS.
912 1930 73 19 Stiain.

558 1952 25 23 JL
619 1965 39 19 ers,
670 1958 40 19 and
720 1956 137 21 Government
867 1957 41 18 size
921 1956 65 21 Posts,

552 1984 21 19 in
585 1991 40 18 any
636 1984 102 25 quantity,
749 1982 102 20 delivered
861 1985 21 16 to
893 1989 39 17 any
942 1985 46 21 part

552 2010 21 19 of
584 2010 35 20 the
628 2009 181 25 district.Apply
823 2011 21 17 at
854 2009 35 18 the
901 2008 87 19 Auction

552 2036 54 20 Man

736 2070 18 19 J.
773 2069 28 19 11.
815 2068 119 21 TAYLOR.

569 2172 47 32 H,
627 2169 58 35 W,
700 2168 269 38 MITCHELL,

650 2220 116 23 Sutfoorteco
777 2219 111 24 tSurbojor,

697 2255 144 25 ROTORUfI.

620 2347 9 11 .
670 2313 58 45 11.
775 2313 39 43 vv

811 2313 16 19 7
843 2314 16 16 A
874 2313 17 17 L
904 2312 18 18 K
934 2312 16 18 E
964 2312 22 20 R,

608 2374 79 18 STOCK
701 2373 14 18 &
730 2372 199 22 SHAREBROKER,

552 2417 60 16 LA>'l),
627 2417 76 13 ESTATE
715 2416 41 14 AND
772 2415 124 14 COMMISSION
914 2415 71 18 AOENT,

552 2450 36 17 No.
599 2451 27 20 82,
638 2450 131 19 Quoon-street
779 2448 80 24 (Arcade
873 2446 113 26 Buildings,}

587 2544 163 34 CLEARING
776 2545 63 32 OUT
871 2544 82 32 SALE

756 2582 32 18 OF

612 2613 143 25 WINTER
764 2612 162 24 DRAPERY

755 2649 33 17 AT

579 2680 152 21 HOWARD'S
754 2680 92 19 COMET
867 2679 95 20 HOUSE

553 2720 46 17 Will
607 2720 88 18 continue
701 2720 30 17 for
736 2720 10 17 3
753 2718 91 18 WEEKS
851 2718 73 23 longer.
939 2718 37 17 Fur-

554 2748 43 17 ther
604 2747 107 18 reductions
719 2747 19 17 in
747 2747 57 22 price.
829 2747 17 16 A
854 2746 28 18 lot
898 2747 19 16 of
931 2746 43 18 Rem-

553 2777 57 18 nants
619 2777 37 17 and
665 2776 73 18 Ladies'
751 2775 37 18 and
797 2775 106 18 Children's
909 2775 78 21 Ulsters,

554 2805 56 20 Hats,
621 2806 40 20 &C.,
670 2808 71 14 UNDER
753 2808 47 14 COST
812 2808 24 13 I'll
840 2808 37 13 ICE.

645 2855 248 44 NOTICE.

558 2989 198 32 FRANKTON
781 2988 207 33 JUNCTION

722 3029 113 33 HOTEL.

591 3143 172 23 &ASSENGERS
777 3142 28 25 by
820 3142 55 20 train
890 3144 20 17 to
926 3141 64 20 Auclc

749 3168 55 20 land.

558 3265 72 20 Trains
652 3270 44 19 stop
717 3266 76 23 twenty
811 3264 88 19 minutes
918 3265 21 18 at
957 3263 35 19 the

606 3290 105 19 Frankton
720 3289 98 20 Junction
826 3290 33 19 for
869 3290 79 19 dinner.

585 3317 44 19 The
651 3316 138 25 undersigned
816 3315 39 20 has
885 3315 109 20 first-class

560 3342 66 21 Meals
637 3342 64 25 ready
710 3342 40 20 and
760 3341 72 20 served
841 3348 27 13 on
882 3341 75 21 arrival
973 3342 22 19 of

560 3369 28 19 all
599 3369 70 19 trains.

561 3417 218 47 William
792 3417 200 54 Geatch,

616 3487 322 24 PROPRIETOR.

564 3531 147 25 Hancock's
719 3531 99 24 XXXX
824 3530 63 23 Ales
896 3530 99 29 alway

694 3566 33 15 on
738 3557 126 29 Draught.

565 3614 163 43 ROTORUA
750 3612 92 42 BOOT
864 3611 25 42 &
906 3610 90 43 SHOE

717 3659 127 41 DEPOT.

624 3730 44 54 J.
692 3728 247 53 LARKIN.

571 3990 19 18 A
608 3989 67 25 Large
693 3990 61 19 Stock
774 3990 22 19 of
812 3990 95 22 German,
923 3988 77 19 French

639 4016 40 19 and
688 4016 92 19 Colonial
790 4016 63 19 Boots
862 4015 76 25 always

733 4042 22 19 in
772 4041 67 20 Stock.

545 4070 4 27 ,
572 4071 67 20 BEST
647 4072 152 20 MATERIAL.
835 4071 68 20 BEST
910 4070 91 21 WORK.

651 4104 157 20 AUCKLAND
818 4102 106 21 PRICES.

574 4152 162 24 Hand-sewn
746 4153 79 24 Boots
833 4159 17 18 a
864 4151 137 32 Specialty.

1026 314 103 33 BAKER
1141 314 26 31 &
1177 311 255 36 CONFECTIONER*

1067 372 82 24 Bread
1163 373 133 24 delivered
1313 373 78 29 daily.

1067 424 165 25 GROCERIES,

1210 451 144 23 DRAPERY,

1206 484 44 14 AND

1013 503 122 19 GENERAL
1142 503 208 21 STOREKEEPER'S
1358 502 88 19 GOODS,

1932 3495 35 17 DO
1975 3494 55 18 YOU
2041 3494 100 18 SUFFER
2150 3495 7 18 ?

2002 3518 51 17 ARE
2059 3517 55 18 YOU
2122 3518 144 18 AFFLICTED
2274 3518 69 18 WITH

1933 3540 177 20 INDIGESTION,

1979 3563 147 21 BACKACHE,

2003 3587 79 17 TIRED
2093 3588 100 17 ACHTNG
2202 3588 85 20 LIMBS,

2025 3608 81 20 LIVER
2119 3610 155 21 COMPLAINT,

2049 3633 150 21 LASSITUDE,
2209 3634 34 17 OR

1957 3656 42 22 Any
2009 3656 104 22 complaint
2122 3656 72 24 arising
2206 3657 47 17 from
2261 3663 25 11 an
2295 3657 56 23 impov-

1934 3678 72 18 erished
2014 3685 80 11 nervous
2103 3680 70 21 system
2180 3680 8 18 P
2212 3680 20 17 If
2244 3687 19 10 so

2027 3702 137 18 CLEMENTS
2169 3702 77 18 TONIC
2253 3704 24 16 IS

1934 3725 16 17 A
1958 3725 81 19 QUICK
2047 3725 106 17 PROMPT
2162 3726 52 17 AND
2225 3726 66 18 SURE

2004 3748 75 20 CURE,
2087 3749 26 16 IT
2120 3749 67 17 DOES
2197 3748 51 18 NOT
2260 3750 110 17 MERELY

1934 3770 87 18 ALLAY
2030 3771 52 17 THE
2098 3771 138 18 SYMPTOMS
2250 3773 50 17 BUT

2004 3794 113 18 EFFECTS
2126 3795 17 17 A
2150 3795 160 18 PERMANENT
2316 3796 53 17 AND

1934 3816 156 19 POSITIVELY
2101 3817 110 18 LASTING
2225 3818 75 18 CURE.

2122 3864 56 18 ASK.

1960 3886 32 16 Mr
2000 3885 83 19 Herbert
2091 3885 86 24 Phillips,
2188 3886 121 23 Wellington,
2324 3887 47 17 New

1937 3909 88 20 Zealand,
2035 3908 113 20 who'writes
2153 3916 24 12 on
2185 3909 45 23 July
2238 3909 49 21 25th,
2296 3911 50 16 1804:

1936 3932 39 17 For
1983 3937 56 18 many
2047 3938 54 16 years
2110 3934 10 15 I
2129 3932 48 19 have
2189 3934 47 16 been
2250 3939 11 12 a
2275 3932 95 23 thorough

1936 3956 73 21 martyr
2017 3956 20 16 to
2050 3955 111 19 bronchitis.
2187 3956 10 17 I
2211 3956 46 17 have
2274 3955 97 17 consulted

1937 3978 38 17 and
1983 3977 47 18 been
2039 3979 74 17 treated
2121 3977 26 24 by
2155 3979 73 17 various
2242 3978 78 17 medical
2328 3984 43 12 men

1937 4001 21 17 of
1966 4000 73 23 ability,
2052 4002 37 16 but
2103 4003 20 16 to
2138 4007 24 12 no
2178 4007 87 17 purpose.
2290 4002 10 16 I
2316 4002 54 20 have,

1937 4023 70 24 during
2018 4024 33 17 the
2065 4024 37 18 last
2116 4026 38 16 two
2168 4024 66 20 weeks,
2251 4024 84 18 resorted
2352 4026 19 16 to

1938 4046 95 18 Clements
2053 4046 63 22 Tonic,
2138 4047 38 17 and
2196 4052 29 12 am
2242 4053 43 11 now
2301 4047 70 23 feeding

1939 4069 107 22 something
2054 4069 39 18 like
2100 4069 69 23 myself
2181 4069 63 22 again.
2274 4070 54 17 lam
2342 4070 20 18 in-

1939 4092 46 17 deed
2002 4092 84 23 grateful
2100 4094 20 16 to
2136 4093 32 17 lbo
2185 4092 45 17 kind
2246 4098 67 15 person
2329 4094 42 17 who

1939 4114 143 18 recommended
2090 4116 32 17 the
2131 4115 59 18 above
2199 4114 69 19 certain
2286 4116 53 18 relief
2353 4118 18 16 to

1940 4138 123 17 me.Yours
2072 4138 109 27 gratefully,
2191 4137 83 19 Herbert
2286 4139 85 23 Phillips,

1940 4160 123 23 Wellington,
2072 4161 48 18 New
2129 4161 88 18 Zealand.

965 4245 104 40 Ask
1094 4247 75 39 for
1194 4247 273 40 Hancock's
1495 4249 283 40 Celebrated
1804 4249 188 39 XXXX
2017 4250 115 40 Ales
2160 4254 96 38 and
2282 4253 148 41 Stout,

2852 3982 31 12 rua
2892 3982 24 12 on

2852 3999 42 18 kuto
2908 4000 59 17 Tiincs
2982 4000 44 17 that
3042 4001 53 16 there.
3113 4006 36 11 was

2851 4022 126 17 drunkenness
2998 4024 90 22 amongst
3108 4024 31 17 the
3157 4022 3 24 >

2852 4046 41 17 who
2902 4046 37 17 had
2947 4045 41 23 just
2996 4046 105 23 completed
3111 4053 11 11 a
3136 4047 23 17 tin

2852 4070 89 16 contract.
2966 4069 150 23 Unfortunately
3123 4070 34 17 this

2852 4092 36 17 and
2905 4091 77 18 endorse
2995 4093 33 16 the
3038 4093 82 18 remarks
3130 4097 29 14 niw

2852 4121 19 11 as
2880 4116 20 16 to
2908 4115 32 17 the
2949 4115 82 17 conduct
3040 4116 19 17 of
3068 4122 10 11 a
3087 4116 52 17 lurre
3148 4120 11 12 ?i
