3263 4232
974 3788 58 19 THE
1045 3782 137 24 BENEFITS
1197 3782 33 20 OF
1250 3781 157 21 ANTARCTIC

1088 3808 205 21 EXPLORATION.

973 3861 3 28 '
1001 3865 34 19 Mr
1044 3864 98 25 Wragge,
1155 3862 32 19 lite
1197 3861 127 21 Queensland
1334 3862 60 18 meteo-

975 3891 90 24 rologist,
1084 3890 19 18 in
1115 3897 9 11 n
1138 3889 56 20 Letter
1209 3890 20 16 to
1244 3888 35 18 tlio
1288 3887 59 19 Press
1357 3886 48 20 with

975 3918 101 18 reference
1100 3922 19 12 to
1141 3915 33 19 the
1188 3913 98 26 proposed
1304 3912 102 19 Antarctic

975 3943 121 25 expedition,
1115 3941 62 20 states
1191 3940 44 18 that
1255 3939 34 19 the
1307 3938 46 19 date
1371 3938 34 18 ol>-

975 3969 68 19 tained
1062 3967 66 19 would
1142 3967 24 18 ho
1185 3966 21 18 of
1220 3965 33 18 tho
1276 3963 81 26 highest
1369 3964 28 19 iin-

975 3998 93 21 purtanco
1079 4000 21 12 as
1110 3993 85 24 bearing
1210 3998 25 11 on
1244 3989 162 26 meteorological

975 4021 100 25 problems
1108 4017 96 25 affecting
1231 4016 109 24 Australia,
1366 4016 39 18 and

975 4047 44 19 that
1028 4047 16 18 if
1063 4046 34 18 the
1115 4043 92 21 seasonal
1222 4041 122 25 forecasting
1358 4041 17 19 is
1385 4043 20 17 to

975 4073 24 19 be
1016 4079 9 12 s
1034 4070 123 24 .tisfaetovily
1169 4068 68 20 solved
1253 4069 31 18 for
1293 4067 110 22 Australia,

975 4101 15 19 it
999 4105 36 13 can
1046 4098 47 24 only
1103 4097 25 19 bo
1136 4096 28 24 by
1172 4092 69 22 mean's
1254 4094 21 19 of
1289 4101 11 12 a
1308 4092 97 26 complete

974 4125 110 24 discussion
1094 4130 26 12 on
1136 4122 34 19 tho
1189 4122 40 17 Ant
1240 4120 50 19 arctic
1300 4120 74 18 factors
1383 4125 22 12 in

973 4151 57 25 their
1042 4150 87 25 bearing
1147 4155 26 13 on
1185 4146 118 21 AtfstvaLita
1317 4151 87 14 seasons.

1425 2585 101 21 Immonso
1550 2585 59 26 light,
1632 2585 28 20 ho
1684 2592 51 19 says,
1760 2583 68 21 would
1842 2584 24 19 be

1426 2613 78 18 thrown
1520 2619 26 12 on
1557 2613 33 18 the
1610 2612 106 19 condition
1731 2610 106 25 attaching
1847 2612 19 17 to

1426 2639 33 18 the
1482 2638 110 20 formation
1616 2639 42 18 aiid
1682 2638 142 24 development
1847 2636 19 19 of

1426 2664 139 19 disturbances
1584 2665 117 25 producing
1716 2670 54 13 some
1790 2663 21 19 of
1833 2662 33 19 the

1426 2691 91 18 heaviest
1542 2691 90 19 weather
1658 2692 40 18 and
1722 2690 80 19 curious
1825 2695 31 12 sea-

1426 2717 58 19 sonal
1493 2717 163 20 characteristics
1664 2723 27 13 on
1701 2716 33 19 the
1749 2714 117 21 Australian

1427 2743 108 19 continent.
1564 2743 33 19 Mr
1621 2743 92 25 Wragge
1736 2743 63 24 hopes
1823 2741 43 18 that

1426 2769 35 19 the
1471 2769 86 19 colonies
1567 2769 42 20 will
1630 2772 54 17 most
1696 2768 99 25 eordially
1809 2768 57 19 assist

1427 2795 34 20 the
1473 2795 99 25 proposal.

1519 2874 76 20 LADY
1610 2874 155 20 SWIMMERS.

1453 2940 43 21 The
1519 2942 142 25 acquirement
1691 2942 21 19 of
1734 2942 35 19 the
1793 2941 31 18 art
1847 2940 21 19 of

1428 2968 114 24 swimming
1567 2968 40 19 has
1626 2968 104 20 increased
1753 2966 115 26 amazingly

1428 2996 94 21 amongst
1542 3000 78 13 women
1632 2996 21 17 of
1663 2996 40 18 late
1722 3000 64 19 years,
1804 2994 39 17 and
1854 2994 14 17 it

1428 3020 16 18 is
1454 3027 11 11 a
1476 3020 82 19 notable
1571 3022 41 17 fact
1622 3022 45 18 that
1677 3023 35 18 not
1727 3020 47 24 only
1788 3025 37 13 can
1833 3025 35 13 our

1428 3052 44 12 own
1482 3046 71 20 tiueou
1564 3048 64 23 swim,
1649 3048 38 18 but
1702 3053 21 12 so
1738 3046 43 19 also
1795 3051 37 13 can
1842 3045 26 19 all

1428 3072 36 18 her
1495 3072 122 25 daughters.
1659 3074 43 19 The
1731 3072 94 19 Princess
1848 3071 20 19 of

1430 3097 73 24 Wales,
1525 3098 28 19 all
1573 3099 37 19 her
1628 3099 58 20 three
1701 3098 117 25 daughters,
1829 3097 39 19 and

1428 3123 33 19 the
1472 3123 95 21 Princess
1578 3125 49 25 May
1642 3132 35 12 are
1693 3125 42 20 also
1752 3124 115 19 swimmers.

1428 3150 24 18 In
1463 3152 48 19 fact,
1529 3151 30 19 all
1578 3151 35 19 the
1627 3152 117 19 Princesses
1755 3150 66 24 Royal
1835 3156 33 12 are

1429 3177 52 23 good
1491 3176 119 25 swimmers,
1631 3178 41 18 and
1686 3177 46 20 love
1741 3176 35 20 the
1786 3178 32 16 art
1827 3175 20 19 in
1858 3182 10 12 a

1429 3205 81 22 greater
1527 3210 23 12 or
1560 3203 39 19 less
1614 3204 80 25 degree.
1724 3202 93 25 Perhaps
1835 3201 33 19 the

1429 3231 90 20 greatest
1536 3230 21 18 of
1567 3229 27 19 all
1608 3229 48 26 lady
1671 3230 112 19 swimmers
1799 3228 17 18 is
1834 3227 34 19 the

1429 3253 96 26 Empress
1536 3255 21 19 of
1571 3255 91 20 Austria,
1682 3256 46 18 who
1743 3257 21 17 at
1774 3260 37 13 one
1821 3253 47 19 time

1429 3279 88 21 revelled
1543 3282 21 18 in
1596 3282 29 18 all
1651 3288 87 13 manner
1761 3281 21 18 of
1805 3279 63 19 clever

1430 3309 94 22 natatory
1539 3307 68 19 tricks.
1636 3308 34 18 All
1679 3307 34 20 tho
1724 3307 115 19 Princesses
1849 3305 19 19 of

1429 3332 34 18 the
1493 3332 100 20 Austrian
1616 3335 98 24 reigning
1736 3332 73 24 family
1832 3337 36 13 can

1429 3358 63 23 swim,
1513 3365 22 12 as
1557 3365 37 13 can
1618 3360 43 19 also
1685 3360 35 18 the
1734 3358 96 26 Empress
1849 3357 19 19 of

1430 3383 102 26 Germany
1552 3385 40 19 and
1603 3385 35 20 the
1653 3386 70 19 sisters
1738 3385 22 19 of
1769 3385 35 18 the
1822 3384 31 18 Em-

1428 3417 67 17 peror.
1523 3410 109 26 Although
1649 3411 118 24 swimming
1776 3412 92 22 amongst

1428 3442 78 13 women
1516 3437 17 18 is
1543 3438 121 24 practically
1674 3438 104 19 unknown
1793 3436 21 18 in
1824 3435 44 25 lazy

1429 3462 69 24 Spain,
1510 3462 34 19 the
1563 3467 82 21 present
1661 3464 72 20 Queen
1741 3462 82 24 Regent
1833 3467 35 13 can

1428 3488 25 18 do
1464 3488 26 18 all
1501 3495 85 13 manner
1596 3490 21 18 of
1626 3490 56 18 feats
1691 3489 22 19 in
1722 3488 35 20 tho
1774 3490 67 17 water.

1428 3584 58 20 THE
1501 3584 197 20 GOTHENBURG
1713 3582 109 21 SYSTEM
1836 3582 32 19 IN

1546 3617 201 20 BIRMINGHAM.

1454 3684 43 18 Tho
1508 3682 110 25 municipal
1637 3681 145 26 public-house
1801 3681 65 19 which

1428 3710 37 18 has
1474 3710 53 19 been
1545 3708 77 25 opened
1641 3714 28 12 on
1682 3707 35 19 tho
1732 3707 134 24 Gothenburg

1427 3738 75 22 system
1519 3736 27 23 by
1560 3735 34 18 tho
1607 3733 147 25 Birmingham
1769 3733 85 24 Corpora-

1427 3757 43 23 tion
1480 3761 40 19 will
1537 3761 23 18 1)0
1571 3766 12 13 a
1592 3766 70 13 source
1682 3760 21 19 of
1713 3759 60 19 much
1783 3759 83 18 interest

1428 3792 19 14 to
1458 3790 126 22 temperance
1592 3786 40 19 and
1642 3786 61 19 ol;hor
1711 3788 84 16 orators.
1823 3784 43 19 The

1426 3814 60 18 drink
1505 3813 17 18 is
1539 3812 80 24 bought
1631 3812 28 24 by
1676 3812 36 19 the
1725 3810 140 25 Corporation,

1426 3840 40 18 and
1483 3838 84 20 retailed
1590 3838 28 24 by
1631 3838 39 19 the-
1693 3843 104 18 managei-,
1820 3835 46 20 who

1426 3866 86 18 receives
1523 3871 11 12 a
1544 3864 73 24 salary,
1632 3864 41 18 and
1684 3863 39 20 lias
1741 3869 26 12 no
1781 3862 85 18 interest

1426 3892 20 18 in
1457 3891 34 18 the
1510 3892 83 17 amount
1610 3890 51 18 sold.
1693 3889 21 19 It
1727 3889 17 18 is
1754 3888 81 19 curious
1845 3890 20 16 to

1425 3924 33 12 see
1468 3918 45 17 that
1522 3923 12 11 a
1544 3918 60 22 quart
1613 3916 22 18 of
1643 3915 53 19 beer
1709 3915 17 18 is
1736 3914 35 19 tho
1781 3914 54 18 limit
1844 3914 22 18 of

1426 3949 77 18 anj'ono
1527 3941 116 19 customer's
1678 3940 143 25 consumption
1844 3939 21 19 in

1425 3970 34 17 tho
1468 3968 100 24 morning,
1585 3967 38 19 but
1632 3967 29 19 lie
1672 3973 38 13 can
1720 3972 95 13 consumo
1825 3967 40 17 two

1425 3997 70 22 quarts
1505 3997 21 15 at
1535 3993 111 24 nightso
1665 3993 47 19 that
1721 3993 35 18 the
1766 3991 87 25 Corpora-

1425 4021 41 18 tion
1477 4020 47 18 take
1534 4019 89 19 aliberal
1630 4019 52 19 view
1693 4019 22 19 of
1719 4018 34 19 the
1762 4017 90 24 working-

1425 4046 64 19 man's
1510 4045 156 24 requirements.
1694 4044 22 20 It
1743 4043 73 19 should
1839 4043 26 18 bo

1425 4072 63 19 added
1507 4071 45 19 that
1566 4070 34 19 the
1611 4071 66 19 house
1693 4071 17 19 is
1726 4072 36 17 not
1781 4071 21 17 at
1819 4068 34 19 Bir-

1424 4098 110 24 mingham,
1570 4097 40 19 but
1630 4097 22 19 in
1675 4096 35 20 tho
1745 4094 120 21 workmen's

1423 4124 75 24 village
1508 4130 25 12 on
1551 4122 35 19 the
1599 4123 38 19 site
1647 4123 21 19 of
1682 4123 36 19 the
1740 4127 45 14 new
1795 4122 58 19 water-

1423 4149 65 21 works
1498 4149 84 21 echemo.

1916 113 50 10 THE
1983 113 66 10 EVER
2066 113 66 10 OPEN
2148 113 99 10 DOORS.

1895 169 44 19 The
1948 169 54 19 June
2010 168 53 19 issue
2073 167 21 19 of
2195 165 40 19 and

1870 201 44 13 now
1924 197 21 16 to
1955 194 55 19 hand
2023 194 18 18 is
2055 192 95 26 prefaced
2167 192 28 24 by
2214 198 12 12 a
2244 193 51 17 state-

1870 223 55 17 ment
2017 220 35 18 the
2061 219 78 19 Absent
2253 219 51 17 from

1871 247 66 19 which
1954 247 16 19 it
1989 252 85 19 appears
2092 245 44 18 that
2150 244 67 25 owing
2231 245 20 17 to
2273 243 24 19 ill-

1871 273 72 19 health
1948 273 31 19 Dr
1986 271 95 20 Barnado
2088 271 37 18 has
2135 270 41 19 had
2185 270 32 18 for
2224 276 11 12 a
2245 269 60 19 while

1871 302 21 16 to
1901 299 57 19 leave
1965 298 33 19 his
2007 297 57 21 work
2073 299 20 16 to
2103 297 34 18 the
2147 302 44 12 care
2200 295 21 19 of
2231 295 74 19 others.

1873 325 32 19 Ho
1916 325 101 24 earnestly
2026 323 47 19 asks
2083 321 77 20 friends
2172 321 4 28 '
2186 324 35 16 not
2231 324 20 16 to
2261 328 33 18 per-

1872 351 37 19 mit
1918 351 32 18 his
1960 353 58 22 great
2027 349 72 24 family
2109 349 22 18 of
2141 348 59 19 Waif
2209 347 97 20 Children

1873 380 20 16 to
1907 379 68 17 starve
1993 376 77 24 during
2089 375 32 18 his
2139 374 85 19 absonce
2235 374 3 26 '
2251 374 4 26 ;
2280 380 25 12 an

1873 403 73 25 appeal
1955 401 67 20 which
2038 401 35 19 the
2082 400 119 20 Committee
2215 400 90 19 endorse.

1873 429 42 19 The
1934 428 106 26 magazine
2057 427 61 19 boars
2131 426 106 19 abundant
2250 426 46 19 testi-

1873 461 61 19 mony
1953 457 20 16 to
1987 454 35 19 the
2040 455 75 23 urgent
2137 452 68 19 claims
2228 452 22 19 of
2272 452 34 19 the

1875 481 77 19 Homes
1962 487 55 19 upon
2026 479 35 19 the
2077 478 125 20 benevolent.
2229 478 77 24 Nearly

1874 507 38 18 five
1930 506 103 19 thousand
2042 505 83 19 rescued
2139 504 49 24 boys
2198 504 40 19 and
2258 504 49 25 girls

1875 539 33 12 aro
1926 532 65 19 under
2001 531 140 20 Institutional
2155 537 50 17 care,
2223 530 40 19 and
2272 530 35 19 the

1875 558 54 25 daily
1939 558 49 19 calls
1998 565 54 18 upon
2059 558 35 18 tho
2104 556 61 20 funds
2175 557 31 18 for
2215 557 35 18 the
2260 563 35 18 sup-

1875 587 45 22 port
1927 584 21 19 of
1958 584 49 19 such
2015 591 26 12 an
2049 590 56 18 army
2111 591 46 17 may
2165 583 25 18 be
2197 582 108 26 imagined,

1875 610 59 19 while
1950 610 16 19 it
1976 616 85 19 appears
2070 610 45 18 that
2124 610 16 18 it
2149 610 17 18 is
2183 609 75 24 during
2273 608 35 20 the

1875 643 89 12 summer
1973 636 44 19 that
2027 636 34 19 tho
2070 636 76 19 iucomc
2157 635 21 19 of
2186 635 35 19 tho
2231 635 77 19 Homes

1875 662 47 19 falls
1941 665 21 16 to
1971 662 26 19 its
2015 662 70 19 lowest
2099 662 45 19 ebb.
2172 661 43 19 The
2231 661 77 19 Second

1875 688 129 25 Emigration
2026 688 64 24 Party
2109 688 32 19 for
2158 687 35 19 tho
2216 694 49 18 year
2288 687 21 18 of

1875 715 79 19 trained
1972 715 51 24 boys
2033 715 40 18 and
2082 714 43 19 lads
2139 720 41 13 was
2194 716 20 16 to
2224 713 25 19 be
2264 716 45 15 sent

1876 746 20 14 to
1919 741 90 23 Canada,
2027 741 18 19 if
2064 741 63 18 funds
2148 739 114 26 permitted,
2284 744 24 13 on

1877 767 112 25 Thursday,
2010 767 48 19 27th
2072 767 60 18 Juno.
2160 765 21 19 It
2190 765 17 19 is
2224 765 84 19 claimed

1876 793 43 19 that
1939 793 71 24 nearly
2019 795 25 16 90
2054 799 37 18 per
2104 794 45 17 cent
2167 791 22 19 of
2198 791 35 19 the
2251 792 58 22 7,500

1876 819 91 19 children
1974 819 82 24 already
2060 817 111 26 emigrated
2178 817 51 19 have
2235 816 74 19 turned

1877 847 34 17 out
1922 845 51 19 well.
2000 845 82 24 Among
2092 844 34 19 the
2139 845 171 17 announcements

1876 871 17 19 is
1911 871 46 19 that
1976 871 21 19 of
2013 868 3 25 '
2027 869 112 21 Founder's
2160 869 45 24 Day
2216 868 3 25 '
2236 872 21 15 at
2275 868 35 19 tho

1877 897 146 25 headquarters
2033 897 22 19 of
2063 897 35 18 tho
2117 895 83 22 Homes,
2213 896 23 17 18
2246 898 21 15 to
2277 896 31 22 26,

1877 923 88 25 Stepney
1974 923 117 24 Causeway,
2100 929 25 11 on
2135 922 36 18 4th
2180 920 55 26 July,
2244 920 66 20 which

1877 950 17 19 is
1904 948 158 21 Drarnardo's
2072 948 81 19 Jubiloo
2160 947 103 25 birthday.
2292 947 18 18 A

1878 975 65 20 Street
1953 975 110 20 Collection
2074 981 46 12 over
2131 980 20 12 as
2166 973 52 19 wide
2227 980 26 12 an
2263 979 48 13 area

1878 1009 21 12 as
1917 1002 89 25 possiblo
2024 1007 42 13 was
2085 1005 19 14 to
2118 1000 26 19 bo
2164 999 48 19 held
2230 1000 32 18 for
2275 1000 35 18 tho

1878 1028 77 19 Homes
1965 1034 26 13 on
2001 1026 107 25 Saturday,
2119 1025 48 19 29th
2179 1025 60 19 June.
2268 1025 43 19 Tho

1877 1054 60 19 usual
1946 1053 134 25 complement
2098 1052 21 19 of
2129 1052 113 19 illustrated
2256 1058 44 13 case-

1878 1080 99 23 histories,
1988 1078 40 20 and
2038 1085 12 12 a
2059 1078 89 25 pathetic
2164 1085 52 18 pago
2226 1078 85 19 entitled

1880 1104 3 25 '
1895 1105 131 24 Somebody's
2045 1104 87 24 Bairns,'
2148 1104 41 19 will
2208 1104 72 25 appeal
2291 1106 20 16 to

1878 1132 27 19 all
1914 1132 66 19 lovers
1999 1131 21 18 of
2029 1131 96 18 destitute
2144 1130 96 19 children.
2268 1130 43 19 The

1878 1158 58 19 other
1955 1159 90 18 contents
2065 1156 80 20 include
2164 1163 12 12 a
2190 1156 72 25 highly
2280 1156 20 18 in-

1879 1184 97 25 teresting
1993 1183 69 19 article
2071 1183 28 24 by
2109 1183 34 19 the
2157 1182 76 23 Editor,
2246 1182 65 19 which

1880 1210 44 19 tells
1934 1210 32 18 the
1974 1213 54 21 story
2037 1210 21 18 of
2066 1209 45 19 how
2119 1209 32 19 his
2161 1208 60 19 Girls'
2230 1209 81 24 Village

1880 1236 66 19 Home
1957 1238 20 17 at
1987 1235 66 20 Ilford
2063 1242 40 12 was
2113 1234 129 20 established.

1958 1296 58 20 THE
2031 1295 68 21 NEW
2114 1294 103 20 TARIFF.

1905 1349 42 20 The
1967 1349 50 21 New
2036 1348 87 20 Zealand
2140 1347 65 21 Trade
2221 1346 90 26 Review,

1881 1376 18 20 in
1920 1375 92 26 noticing
2026 1376 35 19 the
2081 1381 42 13 new
2139 1374 62 25 tariff,
2224 1381 45 18 Bays
2281 1382 31 12 ;

1881 1400 3 22 1
1895 1401 40 21 We
1944 1403 45 19 fear
2001 1403 34 19 the
2047 1402 64 20 result
2121 1401 22 20 of
2161 1401 33 19 the
2206 1401 55 21 tariff
2273 1400 38 21 will

1881 1429 117 27 disappoint
2010 1436 63 19 many,
2084 1428 37 20 and
2134 1428 71 25 satisfy
2220 1429 35 19 but
2267 1429 44 19 few.

1881 1456 82 27 Spirits,
1983 1456 51 22 beer,
2048 1456 37 20 and
2102 1455 113 25 eoftgoods
2227 1462 32 13 are
2279 1455 34 20 the

1881 1483 49 21 lines
1941 1483 63 20 which
2015 1483 50 20 havs
2076 1483 47 19 been
2144 1481 75 26 mainly
2230 1489 72 19 reopon-

1881 1510 49 20 sible
1939 1510 32 20 for
1978 1510 34 19 the
2023 1509 72 26 falling
2106 1509 29 19 off
2144 1516 21 13 in
2176 1509 34 19 the
2220 1515 93 18 revenue,

1881 1537 38 20 and
1931 1544 11 12 a
1953 1536 76 20 revival
2040 1536 22 20 of
2072 1536 57 19 trade
2139 1535 16 21 is
2174 1540 34 15 not
2220 1535 61 26 likely
2293 1540 20 16 to

1883 1564 22 20 be
1925 1563 89 24 brought
2024 1563 63 19 about
2097 1563 24 24 by
2137 1570 24 12 an
2182 1562 91 20 increaso
2292 1563 21 19 of

1881 1591 56 25 duty.
1967 1590 58 21 With
2033 1592 34 17 the
2076 1588 34 22 aid
2119 1589 22 20 of
2148 1591 50 24 duty
2209 1589 42 20 free
2262 1596 51 13 wine

1880 1618 54 19 'from
1954 1617 65 20 South
2030 1615 105 22 Australia
2151 1623 28 13 we
2195 1616 52 20 shall
2264 1623 37 18 pro-

1883 1644 58 25 bably
1958 1650 32 14 see
2001 1650 11 13 a
2022 1643 82 21 further
2119 1643 77 20 decline
2212 1643 19 19 in
2243 1643 70 25 spirits

1882 1671 39 19 and
1933 1671 51 19 beer.
2012 1671 88 19 .Neither
2107 1670 39 19 will
2158 1670 35 19 the
2199 1670 41 19 soft
2251 1671 62 24 goods

1883 1698 56 19 trade
1963 1697 23 19 be
2010 1697 105 25 promoted
2139 1697 24 25 by
2188 1696 127 25 simplifying

1882 1724 121 25 everything
2022 1730 27 19 up
2066 1726 20 16 to
2097 1723 25 19 20
2137 1730 22 12 or
2174 1723 26 19 25
2211 1730 34 19 per
2261 1728 52 14 cent.

1883 1751 40 19 The
1934 1750 97 26 peddling
2039 1750 117 20 reductions
2165 1749 45 23 will,
2223 1750 20 18 in
2255 1756 58 19 many

1882 1784 60 17 cases,
1953 1782 62 14 never
2031 1777 59 19 reach
2101 1777 34 19 the
2152 1782 111 17 con?utner,
2275 1777 37 18 and

1884 1804 64 19 where
1968 1804 46 25 they
2025 1803 25 19 do
2061 1803 46 24 they
2123 1810 33 12 are
2175 1804 33 17 too
2218 1803 57 19 small
2294 1806 20 16 to

1883 1830 105 20 stimulate
1995 1829 140 26 consumption
2145 1836 22 12 or
2177 1829 72 19 relieve
2261 1836 42 18 pres-

1883 1864 52 12 sure.
1964 1856 39 20 We
2023 1858 53 18 must
2086 1857 21 18 of
2122 1862 70 13 course
2211 1856 104 24 recognise

1885 1884 43 18 that
1943 1883 48 19 with
2010 1890 12 12 a
2043 1883 156 24 parliamentary
2219 1882 94 25 majority

1884 1910 107 24 favouring
2010 1909 113 25 protection
2141 1909 15 18 it
2166 1909 16 19 is
2199 1909 75 19 useless
2294 1913 20 15 to

1883 1937 99 24 complain
1993 1937 21 18 of
2024 1935 61 20 effect
2094 1935 58 25 being
2162 1935 57 24 given
2230 1937 22 17 to
2263 1935 52 19 their

1884 1970 58 12 views
1962 1963 25 25 by
2005 1969 10 13 a
2030 1962 105 25 tinkering
2149 1961 63 23 tariff,
2233 1961 37 20 but
2285 1969 20 12 re-

1885 1990 123 24 membering
2015 1989 45 19 that
2071 1995 28 13 we
2105 1995 35 12 are
2150 1988 61 20 about
2219 1987 34 19 the
2262 1989 53 18 most

1885 2016 76 25 heavily
1977 2016 103 18 Customs-
2083 2018 5 9 f
2088 2015 54 19 .axed
2153 2014 123 25 community
2293 2015 22 19 of

1885 2042 132 23 Australasia,
2037 2042 38 18 and
2091 2041 98 24 believing
2211 2041 45 19 that
2275 2041 40 19 this

1883 2068 78 20 burden
1972 2068 16 20 is
1999 2074 36 13 one
2046 2067 21 19 of
2076 2067 35 19 the
2128 2074 70 13 causes
2207 2067 21 19 of
2238 2067 34 19 the
2283 2067 20 19 de-

1884 2097 50 17 cline
1958 2095 21 18 of
1998 2101 36 13 our
2050 2094 122 25 purchasing
2193 2100 71 18 power,
2287 2100 28 12 we

1885 2121 58 20 think
1962 2121 34 19 the
2007 2121 66 19 action
2088 2121 22 18 of
2120 2121 34 19 the
2170 2119 110 20 Treasurer
2295 2121 20 18 in

1884 2148 74 25 aidi:ig
1965 2147 85 19 another
2057 2148 91 22 IO,OOO
2156 2151 19 15 to
2183 2147 46 18 that
2237 2147 78 19 burden

1885 2175 56 19 while
1952 2180 94 19 carrying
2057 2180 24 12 on
2095 2174 66 24 public
2172 2173 66 19 works
2248 2177 37 15 out
2295 2173 21 19 of

1885 2207 86 13 revenue
1981 2203 22 17 to
2014 2200 33 20 the
2062 2202 70 17 extent
2143 2200 22 19 of
2181 2199 104 24 200,000
2294 2206 22 13 or

1885 2229 104 21 300,000
1999 2232 68 20 a-year
2077 2226 16 20 is
2104 2227 75 19 unwise
2193 2229 39 16 and
2244 2226 60 26 unjus-

1886 2254 82 23 tifiable,
1979 2254 38 19 and
2030 2253 60 25 likely
2100 2255 20 17 to
2130 2253 59 19 recoil
2201 2260 54 17 upon
2267 2248 37 23 him-

1885 2281 44 19 self.
1960 2281 40 19 We
2019 2279 59 20 think
2097 2280 42 19 also
2154 2280 44 18 that
2217 2279 33 19 the
2265 2279 51 20 class

1885 2308 104 19 character
2000 2306 22 20 of
2033 2306 34 19 the
2078 2312 89 13 measure
2182 2306 16 18 is
2210 2306 105 25 distinctly

1885 2333 154 26 objectionable.
2074 2333 21 19 It
2113 2333 17 19 is
2144 2332 26 20 all
2196 2332 119 24 protection,

1885 2359 148 21 consideration
2044 2359 33 19 for
2092 2359 168 24 manufacturers,
2271 2366 33 12 con-

1885 2387 108 20 sideration
2005 2387 32 18 for
2046 2386 34 19 the
2092 2386 88 24 working
2189 2386 79 19 classes,
2280 2386 35 19 but

1886 2419 34 16 not
1939 2422 11 12 a
1965 2415 87 24 thought
2072 2414 20 20 of
2114 2414 147 20 consideration
2285 2413 31 20 for

1887 2443 55 18 those
1954 2442 43 18 who
2007 2448 33 12 are
2055 2441 92 25 catering
2157 2441 31 19 for
2205 2447 38 13 our
2254 2443 62 17 wants

1885 2469 20 19 in
1913 2468 94 26 carrying
2014 2474 25 14 on
2050 2468 33 19 the
2094 2468 56 24 large
2158 2468 59 25 impoi
2224 2468 44 25 ting
2278 2467 37 19 and

1886 2496 133 24 distributing
2036 2495 58 19 trade
2104 2495 20 19 of
2139 2495 35 18 the
2184 2494 78 25 colony,
2280 2500 36 13 nor

1886 2521 147 21 consideration
2044 2521 32 19 for
2087 2520 34 20 the
2132 2520 82 26 general
2234 2520 51 25 body
2296 2520 20 19 of

1886 2555 123 13 consumers.
2038 2548 106 22 However,
2168 2547 54 19 these
2248 2547 68 24 things

1886 2575 49 19 have
1946 2582 12 12 a
1968 2582 43 17 vay
2026 2574 21 19 of
2057 2574 92 26 righting
2167 2573 120 20 themselves
2297 2580 19 12 m

1925 2661 56 19 THE
1996 2660 100 20 VALUE
2111 2661 36 18 OF
2162 2660 69 19 SALT
2246 2660 34 20 TO

2026 2686 142 21 FARMERS.

1912 2741 41 19 The
1974 2740 58 20 value
2042 2740 21 19 of
2074 2740 40 19 salt
2128 2747 22 12 as
2160 2747 11 12 a
2190 2740 97 19 fertilizer
2303 2740 14 18 is

1887 2771 36 16 not
1941 2767 104 26 genera'ly
2060 2766 92 20 realised.
2178 2766 21 19 It
2209 2766 16 19 is
2246 2773 11 12 a
2267 2773 38 12 com-

1887 2800 49 16 mon,
1950 2795 36 18 but
1997 2794 104 19 doubtless
2112 2800 11 12 a
2134 2792 98 21 mistaken
2251 2793 66 23 belief,

1887 2821 44 20 that
1941 2827 39 17 any
1991 2820 108 20 substance
2118 2820 45 19 that
2174 2825 44 18 may
2235 2819 52 19 exist
2297 2818 20 20 in

1887 2847 33 20 the
1940 2847 36 19 soil
1993 2847 21 20 in
2025 2853 37 19 any
2075 2846 51 19 form
2143 2847 16 18 is
2174 2847 37 18 not
2226 2846 91 26 required

1887 2875 31 18 for
1928 2874 33 19 the
1972 2873 82 25 feeding
2065 2872 21 20 of
2098 2872 68 26 plants
2176 2872 77 25 beyond
2267 2872 50 19 what,

1887 2900 33 20 the
1931 2900 35 19 soil
1978 2901 87 23 actually
2083 2899 97 19 contains.
2209 2898 55 20 Thus
2275 2898 17 19 it
2302 2899 15 18 is

1887 2927 90 19 asserted
1988 2926 45 20 that
2044 2933 21 12 as
2076 2925 72 20 almost
2158 2931 60 19 every
2235 2926 35 18 soil
2283 2925 34 19 has

1887 2960 53 12 some
1959 2952 47 21 lime
2021 2953 19 18 in
2059 2952 23 24 it,
2096 2952 21 19 in
2134 2959 53 12 some
2206 2951 57 23 form,
2279 2952 38 19 and

1887 2981 47 18 .soda
1944 2986 22 13 as
1977 2979 49 23 well,
2043 2978 79 19 neither
2133 2978 45 19 lime
2195 2985 37 12 nor
2244 2978 47 19 soda
2302 2984 15 13 is

1887 3014 11 11 a
1916 3012 105 19 necessary
2033 3004 56 26 plant
2100 3005 46 19 food
2162 3008 20 15 to
2194 3004 24 19 be
2237 3004 80 25 applied

1886 3035 20 17 to
1925 3032 34 20 the
1969 3039 66 17 crops.
2065 3031 42 20 But
2121 3031 39 19 salt
2176 3031 16 19 is
2213 3034 35 15 not
2263 3032 54 22 soda,

1887 3067 36 12 nor
1954 3058 49 20 soda
2037 3060 45 17 salt.
2122 3058 21 19 It
2169 3057 91 25 requires
2284 3057 33 19 the

1887 3086 89 19 chlorine
1996 3084 46 20 that
2051 3084 18 19 is
2088 3084 21 19 in
2123 3084 135 19 combination
2270 3084 47 18 with

1887 3112 34 19 the
1933 3112 48 18 soda
2000 3113 21 17 to
2032 3110 57 19 make
2100 3110 33 20 the
2148 3111 45 23 salt,
2211 3110 38 19 and
2260 3117 57 18 every

1889 3138 55 26 plant
1952 3138 36 19 has
1999 3137 49 20 soda
2054 3137 39 19 and
2103 3137 94 23 chlorine,
2208 3143 22 12 as
2240 3136 46 23 salt,
2298 3136 19 19 in

1888 3166 26 18 its
1924 3164 64 19 ashes.
2017 3164 20 19 It
2049 3163 64 20 would
2129 3170 58 17 seem,
2207 3162 56 23 then,
2275 3164 42 17 that

1887 3191 40 18 salt
1938 3190 72 19 should
2021 3190 25 19 be
2055 3190 22 19 of
2087 3197 54 12 some
2157 3190 57 18 value
2224 3196 21 12 as
2256 3196 12 12 a
2279 3190 29 18 fer-

1888 3217 69 24 tiliser,
1974 3216 41 19 and
2025 3216 16 19 it
2051 3216 36 19 has
2103 3218 48 17 been
2162 3216 68 19 shown
2247 3215 27 24 by
2285 3216 32 18 the

1887 3244 61 19 effect
1967 3242 22 20 of
2008 3249 11 13 a
2039 3242 69 20 liberal
2123 3242 123 25 application
2265 3241 22 20 of
2303 3242 14 18 it

1887 3270 46 19 that
1950 3269 17 19 it
1982 3269 17 19 is
2009 3268 21 20 of
2041 3270 63 23 value,
2120 3270 39 18 and
2171 3269 99 19 increases
2286 3268 31 19 the

1887 3296 53 25 yield
1950 3295 21 19 of
1982 3296 73 19 almost
2065 3302 59 18 every
2139 3301 47 19 er.'p
2197 3296 20 17 to
2229 3294 61 20 which
2303 3295 14 18 it

1887 3324 16 18 is
1919 3322 87 25 applied.
2034 3322 22 19 It
2067 3322 34 18 has
2116 3321 84 19 doubled
2221 3321 34 19 the
2265 3321 51 24 yield

1888 3349 21 19 of
1915 3355 56 20 grass
1982 3349 39 18 and
2033 3349 79 22 clover;
2126 3347 16 19 it
2153 3347 15 19 is
2176 3347 87 25 scarcely
2274 3354 43 12 ever

1889 3375 84 19 without
1996 3375 53 25 good
2072 3374 62 19 effect
2157 3380 25 13 on
2203 3374 35 18 the
2262 3373 55 19 small

1887 3402 68 25 grains
1966 3409 5 16 ;
1986 3401 17 19 it
2021 3401 18 19 is
2055 3401 65 24 really
2134 3399 148 25 indi<peusable
2298 3401 19 17 to

1887 3429 26 19 all
1924 3430 62 21 roots,
1996 3427 105 24 including
2110 3427 87 24 cabbage
2207 3427 20 17 in
2238 3426 35 19 the
2284 3425 33 19 list

1887 3455 21 19 of
1927 3454 63 23 rhese,
2007 3455 39 17 and
2056 3453 17 19 it
2085 3453 34 19 has
2135 3453 36 19 had
2183 3460 11 11 a
2209 3453 96 24 conspicu-

1887 3482 58 24 ously
1955 3481 52 25 good
2026 3479 65 21 result
2100 3479 21 19 in
2141 3478 100 20 orchards.
2270 3478 47 19 Eive

1888 3514 22 13 or
1929 3507 30 20 six
1983 3506 90 19 hundred
2091 3505 77 26 pounds
2188 3512 36 18 per
2242 3511 45 13 acre
2303 3505 14 17 is

1888 3533 101 26 generally
2010 3533 47 19 used
2070 3532 47 18 with
2131 3531 50 26 good
2192 3531 68 23 effect,
2278 3530 39 19 and

1887 3562 17 18 it
1913 3561 16 18 is
1950 3566 45 12 rare
2005 3559 72 19 indeed
2089 3562 20 15 to
2124 3561 51 16 meet
2194 3556 46 20 with
2252 3564 11 12 a
2273 3563 44 13 case

1888 3590 20 16 to
1919 3587 34 19 the
1963 3589 102 22 contrary.

2322 135 428 142 SELECTIONS

2334 289 62 15 MOST
2412 288 88 16 PEOPLE
2515 288 73 16 READY
2601 287 32 17 TO
2648 287 49 16 RISK
2713 287 27 16 IT.

2324 332 114 14 Greenbacks
2442 332 36 14 and
2483 333 7 12 ]
2493 333 42 12 Sank
2540 333 55 12 Notes
2599 332 57 16 Carry
2660 331 91 13 Bacteria.

2380 355 131 16 Congressman
2519 354 123 13 Outhivaite'e
2648 354 52 13 Plan.

2345 377 159 21 Representative
2512 376 112 17 Outhwaite
2632 376 21 17 of
2661 375 49 17 Ohio
2717 375 35 17 has

2324 401 58 18 taken
2390 407 27 16 up
2429 401 38 17 and
2481 401 21 17 in
2509 401 50 17 view
2567 401 21 17 of
2603 401 34 17 the
2652 400 72 21 danger
2732 400 21 16 of

2325 426 76 17 cholera
2411 425 89 17 invasion
2508 425 41 17 will
2557 430 53 16 press
2617 424 111 21 vigorously
2733 424 20 16 at

2326 450 31 16 tho
2373 451 47 16 next
2434 449 71 17 session
2517 449 21 17 of
2553 454 91 16 congress
2651 454 12 12 a
2670 448 73 22 proposi-

2327 475 39 16 tion
2374 475 32 16 for
2413 474 33 17 the
2458 473 91 21 frequent
2559 474 99 21 exchange
2665 473 21 17 of
2694 472 60 17 soiled

2326 503 57 17 paper
2391 503 69 16 money
2468 498 31 17 for
2505 503 44 12 new
2556 499 61 16 notes.
2637 498 32 17 An
2677 497 68 17 investi-

2326 524 65 20 gation
2399 522 56 17 made
2463 522 20 17 at
2491 522 29 17 his
2527 522 112 22 suggestion
2646 522 35 16 has
2687 522 67 16 shown

2326 548 43 16 that
2378 547 32 17 old
2417 545 117 22 greenbacks
2542 547 38 17 and
2588 546 53 18 bank
2648 547 55 16 notes
2711 551 33 11 con-

2327 572 40 17 tain
2375 571 33 17 the
2416 576 64 15 germs
2493 571 21 16 of
2529 571 72 17 disease
2608 572 22 16 to
2638 576 24 12 an
2671 570 83 17 unusual

2326 596 68 20 degree
2410 595 38 17 and
2463 595 44 17 that
2522 595 53 17 there
2584 595 16 17 is
2608 600 68 12 reason
2684 595 31 16 for
2723 600 21 15 ap-

2326 620 113 22 prehension
2447 619 21 17 of
2479 619 53 17 them
2540 625 21 12 as
2568 625 12 12 a
2587 619 96 22 producer
2690 619 21 16 of
2719 619 27 16 dis-

2326 649 47 12 ease.

2349 672 22 16 In
2379 671 50 17 view
2437 671 20 16 of
2465 671 33 17 the
2505 672 94 20 necessity
2608 672 21 16 of
2637 672 32 16 the
2681 670 74 17 utmost

2328 696 111 21 precaution
2446 696 76 20 against
2530 696 33 17 tho
2570 695 69 22 spread
2648 696 20 16 of
2679 694 76 18 cholera

2327 720 20 17 in
2356 720 38 17 this
2406 723 82 17 country
2500 720 38 16 this
2552 725 85 12 summer
2650 720 36 17 Mr.
2696 719 48 17 Outh-

2328 745 57 16 waite
2393 744 34 17 has
2434 744 115 17 introduced
2557 750 12 11 a
2577 745 34 16 bill
2621 744 96 20 directing
2724 743 32 17 the

2328 770 95 19 secretary
2431 768 20 17 of
2467 768 32 18 the
2514 769 89 20 treasury
2615 770 22 16 to
2652 768 57 17 make
2723 768 33 17 tho

2328 798 99 16 necessary
2446 792 118 21 regulations
2588 793 20 17 to
2635 797 66 13 secure
2724 792 32 17 tho

2419 817 39 16 and
2472 817 91 21 frequent
2570 818 120 21 redemption
2698 816 21 17 of
2730 816 26 17 all

2328 842 73 16 United
2415 842 63 16 States
2493 846 59 16 paper
2567 846 94 16 currency
2677 841 38 17 and
2730 841 26 17 all

2329 866 84 17 national
2422 866 51 16 bank
2481 867 55 15 notes
2548 866 65 16 which
2621 866 49 17 have
2678 866 78 16 become

2329 891 65 19 soiled,
2404 891 80 21 impure,
2493 890 82 17 unclean
2584 895 21 12 or
2613 890 101 17 otherwise
2723 895 22 11 un-

2328 916 22 16 fit
2359 916 30 15 for
2397 920 32 11 use
2438 915 55 16 when
2502 915 101 21 presented
2607 915 22 16 in
2636 919 54 12 sums
2695 914 21 17 of
2723 915 34 16 not

2328 939 36 18 less
2373 939 47 17 than
2434 939 49 20 SIOO,
2492 939 38 16 and
2545 939 30 17 for
2591 939 33 17 tho
2635 938 122 21 preparation

2329 964 37 17 and
2374 964 51 16 issue
2439 964 21 15 of
2474 968 43 11 new
2530 963 74 17 United
2620 963 64 17 States
2699 967 58 17 paper

2329 993 92 16 currency
2429 988 19 16 in
2457 988 53 21 place
2518 987 21 17 of
2554 988 47 16 such
2609 992 22 12 as
2646 987 48 17 shall
2709 986 49 18 have

2329 1014 48 16 been

2350 1037 40 17 The
2399 1037 77 20 subject
2484 1041 40 12 was
2533 1036 42 17 first
2588 1036 86 22 brought
2687 1037 20 16 to
2719 1035 36 17 Mr.

2330 1061 125 18 Outhwaite's
2462 1060 96 17 attention
2566 1061 26 19 by
2600 1060 34 17 Dr.
2643 1060 19 17 C.
2671 1060 21 17 F.
2700 1059 58 18 Clark

2330 1087 19 16 of
2366 1086 111 19 Columbus,
2493 1085 38 16 and
2546 1090 46 11 soon
2604 1084 106 17 afterward
2726 1084 32 17 the

2330 1110 90 17 Bankers'
2434 1109 113 17 association
2560 1110 20 16 of
2596 1109 49 17 Ohio
2653 1109 82 22 adopted
2747 1113 11 13 a

2330 1135 64 20 report
2403 1133 19 18 in
2430 1134 56 16 favor
2495 1134 21 16 of
2526 1133 110 22 legislation
2644 1135 20 15 to
2673 1138 65 12 secure
2747 1138 11 12 a

2331 1159 89 21 frequent
2437 1158 98 20 exchange
2547 1158 21 16 of
2580 1159 59 16 notes.
2665 1158 33 17 Dr.
2707 1157 19 17 J.
2737 1157 19 17 C.

2331 1183 91 19 Graham,
2432 1182 144 21 bacteriologist
2584 1182 20 17 of
2612 1182 86 22 Starling
2706 1181 39 18 Med-

2331 1207 37 18 ical
2384 1207 78 21 college,
2470 1211 40 12 was
2522 1206 58 17 asked
2596 1207 19 16 to
2630 1207 56 16 make
2698 1211 25 12 an
2730 1206 19 17 in-

2331 1232 122 21 vestigation,
2463 1231 39 17 and
2513 1231 30 16 his
2550 1232 65 21 report
2629 1230 89 18 discloses
2726 1230 32 17 the

2331 1256 41 17 fact
2387 1256 43 17 that
2442 1255 31 18 old
2488 1260 59 17 paper
2554 1261 70 16 money
2632 1255 16 17 is
2657 1260 20 12 as
2689 1255 38 17 full
2738 1254 21 18 of

2331 1280 86 18 bacteria
2428 1285 21 12 as
2457 1285 45 16 eggs
2510 1285 32 12 are
2550 1280 42 17 said
2606 1280 21 17 to
2639 1279 25 18 bo
2671 1280 21 16 of
2699 1279 58 17 meat.

2332 1305 32 18 Dr.
2375 1305 86 17 Graham
2469 1305 65 17 writes
2542 1305 43 17 that
2599 1304 24 18 he
2631 1304 57 17 made
2696 1308 25 13 an
2729 1308 20 12 ex-

2332 1329 105 19 amination
2450 1329 20 18 of
2481 1329 52 20 eight
2548 1329 49 18 bills.
2622 1329 50 20 Asl
2689 1328 35 17 bill
2740 1327 19 18 of

2332 1354 32 19 the
2373 1353 57 18 series
2439 1353 20 18 of
2471 1353 43 18 1878
2521 1353 78 18 showed
2611 1353 55 18 three
2674 1352 57 18 kinds
2740 1352 19 17 of

2332 1379 91 20 bacteria,
2432 1378 38 17 and
2478 1383 36 12 one
2526 1378 21 17 of
2562 1378 34 18 the
2608 1377 59 18 series
2681 1377 21 18 of
2717 1377 42 18 1886

2333 1405 39 17 two
2387 1403 62 18 kinds.
2474 1402 46 18 Two
2535 1402 22 23 $2
2573 1402 45 19 bills
2627 1402 21 18 of
2664 1402 33 18 tho
2708 1406 51 14 same

2333 1428 57 19 series
2398 1427 78 19 showed
2491 1432 35 13 one
2542 1427 110 19 bacterium
2660 1427 52 21 each,
2722 1426 37 18 and

2333 1453 81 19 another
2429 1453 62 17 dollar
2506 1451 41 23 bill,
2557 1451 58 19 series
2627 1451 21 17 of
2664 1451 48 22 1888,
2721 1452 39 17 two

2333 1476 61 20 kinds.
2419 1477 39 19 The
2474 1475 45 20 bills
2526 1481 51 14 were
2590 1475 27 20 all
2632 1475 59 20 muoh
2706 1480 53 14 worn

2355 1533 40 20 Tho
2403 1534 130 18 examination
2541 1534 21 18 of
2577 1534 33 18 the
2617 1536 55 16 notes
2684 1536 76 16 showed

2333 1558 44 20 that
2384 1564 26 13 on
2418 1559 46 18 each
2472 1559 21 17 of
2508 1559 53 18 them
2570 1563 50 14 were
2628 1563 12 14 a
2648 1559 81 17 number
2740 1557 20 19 o*

2333 1583 86 19 bacteria
2426 1583 83 19 colonies
2517 1583 63 19 which
2589 1583 63 23 might
2657 1588 52 13 some
2716 1583 22 18 d?
2756 1583 3 23 ,

2333 1607 61 21 under
2406 1613 51 14 some
2473 1608 156 22 circumstances,
2639 1607 79 23 develop
2731 1613 20 12 en-

2334 1638 46 18 ergy
2388 1634 75 21 enough
2472 1635 20 16 to
2500 1633 111 21 immigrate
2619 1634 20 17 to
2648 1633 32 18 the
2688 1633 16 17 1/
2711 1637 49 13 .man

2334 1660 76 20 system.
2435 1658 40 18 One
2483 1658 21 18 of
2511 1658 33 17 the
2551 1658 44 17 bills
2603 1658 38 17 had
2650 1658 20 17 18
2678 1662 7 13 (.
2696 1658 64 17 /lonies

2334 1683 20 18 of
2370 1684 39 17 two
2423 1682 57 18 kinds
2496 1683 21 17 of
2531 1683 91 17 bacteria.
2647 1682 21 18 T'
2681 1690 6 10 >
2695 1683 65 17 doctor

2334 1713 44 17 says
2393 1708 44 17 that
2452 1708 16 17 it
2483 1708 33 21 yet
2531 1707 84 17 remains
2626 1708 20 17 to
2669 1707 91 18 etermine

2335 1733 31 17 the
2382 1734 69 16 nature
2466 1732 21 17 of
2502 1732 33 17 tho
2544 1732 76 17 various
2634 1732 3 18 '
2655 1733 73 15 xcrobes
2742 1732 18 16 to

2335 1757 95 17 ascertain
2445 1754 86 20 whether
2547 1755 45 23 they
2607 1756 11 17 V
2646 1755 114 23 pathogenic

2333 1786 64 18 germs
2417 1781 79 21 capable
2516 1780 19 18 of
2554 1780 59 22 produ
2627 1785 35 17 ing
2681 1780 78 17 disease.

2335 1806 46 17 This
2399 1806 54 17 work
2472 1805 42 18 will
2535 1806 64 21 requiv
2631 1805 129 18 considerable

2335 1830 52 18 time.
2413 1830 39 17 Tho
2467 1829 110 22 roughened
2594 1830 77 17 surface
2691 1830 20 17 of
2730 1829 30 17 old

2335 1855 44 17 bills
2394 1855 73 17 affords
2474 1859 12 13 a
2493 1854 55 22 place
2556 1854 31 18 for
2603 1855 73 16 disease
2691 1859 69 16 germs,

2335 1880 38 17 and
2387 1879 95 17 attention
2498 1879 68 17 should
2580 1879 23 17 bo
2618 1878 63 18 called
2689 1879 20 17 to
2717 1879 43 17 it.

2335 1904 48 18 Now
2391 1903 88 22 England
2487 1903 96 18 Stationer
2590 1903 39 17 and
2637 1903 83 18 Printer.

2433 1956 39 13 The
2479 1956 54 16 Stiigo
2540 1956 22 13 In
2569 1956 91 16 England.

2355 1981 40 18 The
2402 1980 96 19 Standard
2506 1986 44 17 says
2557 1981 16 17 it
2580 1981 17 17 is
2610 1982 35 16 not
2657 1982 23 17 be
2693 1980 68 20 denied

2334 2006 42 17 that
2388 2006 33 17 the
2428 2006 31 17 art
2467 2005 20 17 of
2502 2006 65 21 acting
2582 2006 21 16 in
2618 2006 96 21 England,
2723 2005 38 17 like

2333 2031 32 17 the
2373 2030 30 17 art
2411 2030 21 17 of
2439 2029 130 22 playwritiag,
2576 2030 35 16 has
2619 2030 84 16 suffered
2710 2030 51 16 from

2333 2055 33 17 the
2374 2053 95 19 influence
2477 2055 21 15 of
2505 2054 46 16 Mrs.
2562 2053 87 22 Grundy.
2664 2053 18 17 If
2689 2058 30 12 wo
2724 2053 37 17 had

2333 2079 64 17 better
2404 2079 39 16 and
2451 2079 76 20 greater
2534 2078 133 22 playsplays
2674 2077 21 18 of
2710 2083 51 12 more

2333 2103 94 18 ambition
2442 2103 38 16 and
2494 2107 53 12 more
2562 2103 120 21 daringwo
2693 2102 68 17 should

2334 2128 94 21 probably
2444 2132 29 12 see
2488 2132 26 12 an
2532 2127 140 21 improvement
2690 2126 20 17 in
2729 2126 32 17 the

2334 2152 86 18 mimetic
2427 2152 36 17 art.
2487 2151 18 17 It
2513 2151 16 17 is
2537 2152 44 16 true
2588 2152 43 16 that
2645 2151 31 17 the
2688 2150 73 18 insular

2334 2177 98 22 potentate
2440 2176 64 18 whom
2512 2181 29 12 wo
2547 2176 48 17 have
2601 2175 69 17 named
2675 2176 45 16 does
2727 2176 34 16 not

2334 2201 83 17 exercise
2425 2201 53 21 quite
2486 2205 21 12 as
2515 2201 59 16 much
2588 2200 100 21 authority
2696 2204 21 13 as
2729 2199 33 18 she

2334 2226 38 17 did.
2393 2225 44 18 Still
2446 2225 33 17 she
2486 2225 35 17 has
2527 2225 26 21 by
2559 2230 25 12 no
2588 2229 66 13 moans
2661 2224 100 17 abdicated

2334 2250 34 17 her
2376 2250 89 21 position,
2475 2250 38 17 and
2520 2250 16 16 it
2547 2249 16 17 is
2576 2248 109 22 impossible
2693 2249 21 16 to
2722 2254 30 16 pre-

2335 2275 41 16 dict
2383 2279 21 12 or
2413 2275 73 16 foresee
2499 2275 21 16 at
2534 2274 53 17 what
2602 2273 106 22 particular
2723 2278 26 12 mo-

2334 2300 55 16 ment
2408 2298 32 18 sho
2456 2298 41 18 will
2515 2298 81 17 reassert
2614 2298 34 16 her
2663 2297 99 21 imperiled

2335 2323 125 22 prerogative.
2490 2322 39 17 The
2548 2327 65 18 young
2627 2322 60 17 ladies
2699 2322 20 17 of
2731 2322 31 16 tho

2334 2347 66 23 period
2419 2348 54 20 have,
2493 2352 25 12 no
2536 2347 66 20 doubt,
2611 2347 58 17 burst
2684 2352 11 11 a
2714 2346 48 22 good

2335 2378 58 16 many
2401 2372 21 17 of
2433 2372 32 17 tho
2480 2371 99 17 trammels
2594 2371 64 17 which
2674 2376 50 12 were
2732 2376 20 11 en-

2335 2397 61 17 dured
2411 2396 94 22 patiently
2513 2396 25 21 by
2550 2396 50 16 their
2614 2396 87 16 mothers
2716 2396 21 16 at
2752 2400 10 12 a

2335 2422 73 17 similar
2416 2421 65 22 period
2486 2420 20 17 of
2514 2420 39 17 life.
2578 2420 38 17 But
2624 2420 20 17 la
2651 2420 58 20 jeune
2717 2420 45 16 miss

2334 2446 16 18 is
2366 2446 40 17 still
2422 2450 11 12 a
2447 2450 102 16 personage
2557 2449 24 12 on
2597 2444 39 17 this
2645 2444 40 17 sido
2699 2444 20 17 of
2731 2444 31 17 tho

2335 2470 88 20 channel,
2432 2469 36 17 and
2477 2469 71 21 though
2560 2469 33 17 sbe
2608 2468 71 17 herself
2687 2474 45 16 may
2740 2469 22 16 be

2335 2495 47 17 slow
2390 2496 21 15 to
2419 2495 23 16 bo
2450 2489 82 22 shocked
2543 2493 34 16 her
2588 2493 63 17 elders
2659 2493 38 17 and
2706 2493 45 17 dnen-

2335 2524 34 13 nas
2378 2524 32 12 aro
2418 2518 81 17 shocked
2507 2518 30 16 for
2548 2518 39 17 her.

2357 2544 19 17 It
2387 2544 16 16 is
2412 2542 112 22 apparently
2532 2542 89 17 assumed
2630 2542 44 17 that
2681 2542 81 21 nothing

2335 2568 16 17 is
2364 2568 93 19 shocking
2468 2567 19 16 in
2502 2566 80 21 French,
2592 2566 39 17 and
2639 2571 30 13 we
2677 2566 50 17 have
2738 2571 24 11 no

2336 2592 61 18 doubt
2406 2592 43 17 that
2462 2596 62 12 scores
2540 2591 20 17 of
2574 2591 87 17 mothers
2669 2591 41 17 will
2718 2591 44 16 tak\;

2336 2617 50 17 their
2402 2616 103 21 daughters
2518 2616 20 16 to
2552 2615 65 22 Drury
2632 2615 52 17 Lane
2698 2616 20 16 to
2733 2620 29 12 see

2503 2645 21 11 or
2603 2639 72 18 Monde
2686 2645 26 12 ou
2726 2639 35 17 Ton

2337 2665 101 18 s'Enmiie"
2447 2664 43 17 who
2505 2664 64 17 would
2585 2664 35 17 ask
2634 2664 49 17 with
2697 2664 65 17 horror

2337 2690 87 17 whether
2432 2689 32 17 the
2475 2688 43 17 lord
2526 2688 132 17 chamberlain
2666 2693 39 12 was
2715 2687 46 17 dead

2336 2715 16 17 if
2359 2714 102 17 situations
2469 2714 20 16 at
2501 2713 26 17 all
2539 2714 106 21 analogous
2653 2714 20 16 to
2681 2713 53 17 those
2742 2712 19 16 in

2336 2739 61 17 either
2404 2738 20 18 of
2432 2738 52 17 these
2488 2738 94 17 comedies
2588 2743 50 12 were
2644 2736 117 23 represented

2337 2764 20 17 in
2370 2764 68 16 honest
2451 2762 85 22 English.
2562 2762 35 18 We
2613 2768 33 11 are
2661 2767 12 12 a
2687 2761 74 17 curious

2338 2787 72 23 people,
2424 2787 37 17 and
2479 2787 17 16 it
2514 2786 17 17 is
2550 2787 73 17 certain
2642 2786 33 18 the
2689 2784 72 19 French

2338 2812 55 19 think
2406 2817 24 12 us
2445 2816 25 13 so.
2495 2810 57 18 Their
2565 2812 42 17 best
2623 2810 92 19 comedies
2731 2814 31 12 are

2337 2843 43 12 seen
2391 2841 24 12 on
2428 2836 33 17 tho
2468 2836 59 21 stage.
2552 2836 41 17 Our
2608 2836 50 17 most
2675 2834 87 21 amusing

2337 2866 44 13 ones
2392 2866 32 12 aro
2432 2861 20 16 to
2460 2860 24 17 bo
2491 2865 44 12 seen
2541 2860 28 17 off
2579 2860 22 18 it.
2603 2859 102 18 London
2712 2857 38 18 Pub-

2338 2886 24 18 lic
2370 2885 88 21 Opinion.

2411 2934 46 13 Fear
2465 2934 21 13 In
2493 2933 61 14 Times
2561 2933 20 14 of
2586 2933 105 14 Pestilence

2359 2959 76 21 During
2442 2965 25 11 an
2475 2958 94 23 epidemic
2580 2960 20 16 of
2611 2963 38 17 any
2657 2957 45 17 kind
2716 2956 46 18 each

2337 2984 109 18 Individual
2454 2984 70 17 should
2531 2984 100 20 endeavor,
2638 2987 20 12 as
2663 2981 68 18 indeed
2738 2981 24 17 he

2338 3008 68 19 should
2425 3008 61 17 under
2505 3013 39 16 any
2566 3008 152 18 circumstances,
2742 3006 20 17 to

2338 3033 95 18 maintain
2451 3033 30 16 his
2504 3033 73 17 mental
2598 3030 163 23 equilibriumin

2338 3058 54 18 other
2399 3056 71 21 words,
2479 3058 33 16 too
2528 3057 47 22 keep
2583 3056 46 18 cool.
2653 3055 17 17 It
2684 3054 16 17 is
2716 3060 45 16 very

2338 3082 81 18 difficult
2427 3082 20 16 in
2455 3086 35 12 our
2497 3082 48 16 time
2561 3082 19 16 to
2592 3079 115 21 accomplish
2723 3079 38 17 this

2338 3107 30 17 for
2377 3106 32 18 the
2417 3106 68 21 simple
2492 3111 68 12 reason
2567 3105 43 17 that
2616 3108 51 13 some
2674 3103 88 21 journals

2339 3131 55 17 think
2403 3130 15 18 it
2427 3130 50 17 their
2489 3131 49 21 duty
2546 3131 20 16 to
2580 3129 52 22 print
2646 3128 115 17 sensational

2338 3155 97 18 headlines
2443 3155 38 16 and
2489 3155 108 16 sometimes
2601 3152 115 18 sensational
2721 3158 31 16 par-

2338 3180 88 22 agraphs,
2443 3180 64 16 which
2522 3179 48 18 have
2577 3183 45 15 very
2633 3176 52 18 little
2697 3178 65 16 actual

2339 3204 120 20 foundation,
2467 3204 37 16 but
2510 3203 63 17 which
2580 3202 59 17 excite
2647 3201 39 17 and
2693 3202 69 21 terrify

2340 3229 30 17 the
2378 3228 59 17 timid
2444 3228 39 17 and
2491 3228 106 17 sometimes
2604 3230 48 12 even
2664 3225 32 17 the
2704 3225 58 18 brave

2340 3252 80 18 heartc.l.

2361 3277 38 16 The
2408 3276 66 17 writer
2480 3281 40 12 was
2528 3280 45 12 once
2580 3274 20 17 in
2608 3279 12 11 a
2624 3273 76 21 foreign
2706 3280 44 12 coun-

2340 3302 32 21 try
2380 3301 64 17 where
2460 3306 24 12 an
2500 3299 90 22 epidemic
2601 3303 40 12 was
2657 3299 104 21 prevalent.

2338 3325 30 18 Ho
2380 3330 60 12 never
2446 3325 56 17 knew
2511 3325 41 16 how
2560 3323 72 17 violent
2639 3322 17 17 it
2665 3327 39 13 was
2712 3323 49 17 until

2338 3350 24 17 ho
2376 3350 88 17 received
2479 3349 32 17 the
2529 3351 119 17 newspapers
2664 3346 51 18 from
2733 3347 28 17 his

2338 3379 44 12 own
2396 3375 82 19 country
2486 3371 105 21 describing
2599 3371 21 17 it.
2644 3371 52 17 Such
2704 3377 25 11 an
2737 3372 16 16 ef-

2339 3399 39 16 fect
2385 3398 34 17 did
2427 3398 45 21 they
2480 3398 47 16 have
2535 3400 50 17 upon
2597 3395 29 17 his
2633 3395 75 18 friends
2721 3396 40 17 that

2339 3423 23 17 be
2373 3427 41 13 was
2426 3422 77 18 written
2519 3421 19 16 to
2552 3420 26 20 by
2586 3420 73 16 several
2675 3420 20 18 of
2711 3421 50 16 them

2339 3447 71 21 urging
2425 3447 39 17 him
2480 3447 19 15 to
2514 3444 25 21 fly
2554 3444 21 16 at
2589 3448 52 17 once,
2651 3444 56 17 when
2723 3449 21 13 as
2751 3449 10 11 a

2339 3472 71 16 matter
2417 3471 21 17 of
2445 3471 39 17 fact
2492 3470 23 16 ho
2522 3473 39 12 was
2568 3467 21 17 in
2597 3473 25 12 no
2629 3473 54 13 more
2691 3469 70 20 danger

2338 3495 47 18 than
2401 3496 24 16 he
2441 3494 62 18 would
2519 3493 47 16 have
2580 3492 48 17 been
2643 3493 21 16 in
2676 3493 29 17 his
2719 3497 42 13 own

2338 3520 92 20 dwelling
2437 3521 20 15 at
2465 3520 58 15 home.
2538 3516 39 17 Tho
2584 3517 78 17 cholera
2669 3522 40 13 was
2718 3517 42 20 only

2338 3544 101 22 prevalent
2450 3546 68 15 among
2531 3540 32 17 tho
2571 3540 80 22 vicious,
2660 3542 89 21 intemper-

2338 3569 32 17 ate
2384 3568 38 18 and
2437 3565 86 22 ignorant
2539 3565 74 21 classes,
2623 3567 44 17 who
2678 3564 81 20 violated

2338 3593 33 17 tho
2389 3593 50 16 most
2457 3589 88 21 ordinary
2564 3590 51 17 rules
2635 3591 21 17 of
2674 3589 85 23 personal

2338 3617 117 18 cleanliness,
2464 3614 37 17 and
2514 3614 33 19 yet
2559 3614 33 17 the
2601 3620 52 12 news
2661 3615 41 18 sent
2710 3614 49 17 from

2338 3642 33 17 the
2379 3645 52 13 same
2439 3638 61 23 places
2507 3637 103 18 intimated
2618 3640 44 16 that
2670 3643 55 16 every
2731 3637 19 17 in-

2338 3664 91 19 dividual,
2446 3667 44 12 even
2506 3661 20 17 in
2544 3662 62 21 places
2625 3663 80 20 entirely
2720 3662 39 16 free

2338 3690 50 17 from
2404 3687 79 19 cholera,
2493 3691 40 11 was
2549 3686 57 23 likely
2615 3694 46 11 soon
2674 3688 20 16 to
2701 3687 23 16 be
2731 3686 19 16 at-

2338 3713 68 19 tacked
2413 3711 37 17 and
2458 3711 61 20 swept
2527 3711 27 16 off
2568 3711 33 18 the
2608 3711 117 18 earth.Dr.
2734 3709 22 17 D.

2338 3739 21 17 B.
2369 3738 26 18 St.
2404 3736 51 17 John
2464 3735 61 16 Eoosa
2533 3735 19 17 in
2561 3736 132 21 Engineering.

2804 112 40 19 HE
2853 111 70 20 LIKE
2932 111 20 19 A
2960 110 121 20 SOLDIER
3089 111 69 19 FELL.

2834 167 47 19 TIIE
2890 172 45 13 LAW
2944 172 24 13 OF
2975 172 47 14 LIFE
3031 172 41 14 FOB
3080 172 52 15 LIFE.

2796 219 43 19 The
2846 220 93 18 sentence
2949 219 21 19 of
2980 218 61 20 death
3057 219 73 25 passed
3147 226 53 20 upon

2771 245 87 25 Captain
2867 244 85 26 Clavigo
2961 245 32 19 for
3003 245 94 26 shooting
3115 246 84 21 General

2771 271 68 20 Primo
2848 271 26 19 do
2889 270 76 20 Rivera
2982 277 42 13 was
3042 273 36 17 not
3095 272 105 22 confirmed

2771 297 53 19 until
2833 304 12 12 a
2854 297 41 19 late
2902 296 53 19 hour
2963 303 27 13 on
2999 297 35 19 the
3043 297 36 19 sth
3088 297 22 20 of
3118 298 54 20 June
3181 303 20 15 at

2771 323 88 24 Madrid,
2871 322 41 20 and
2917 323 143 25 consequently
3067 324 35 19 the
3111 326 90 18 sentence

2772 356 40 13 was
2821 351 36 18 not
2866 348 78 20 carried
2953 350 43 19 into
3012 349 59 20 effect
3087 350 54 19 until
3158 351 43 20 that

2771 375 46 26 day.

2798 402 27 18 At
2841 403 40 18 two
2899 400 76 20 o'clock
2992 402 22 19 in
3024 401 34 20 the
3067 402 94 26 morning
3170 403 33 20 the

2772 428 91 24 prisoner
2872 433 41 13 was
2917 427 110 20 awakened
3036 428 21 18 in
3066 428 32 19 his
3107 428 44 23 cell,
3165 430 38 19 and

2772 453 34 19 tho
2828 454 93 18 sentence
2940 454 40 18 and
2995 453 139 20 confirmation
3153 461 49 14 were

2772 480 48 19 read
2827 482 21 16 to
2866 479 49 19 him.
2944 478 34 20 He
2996 480 90 18 received
3102 480 35 19 the
3154 480 49 21 fatal

2773 512 53 12 news
2836 505 87 19 without
2930 505 93 24 emotion,
3034 505 37 19 but
3081 506 123 25 complained

2773 532 22 18 of
2810 533 35 18 not
2862 531 64 25 being
2942 531 85 20 allowed
3045 534 21 16 to
3093 532 61 25 enjoy
3173 532 31 20 his

2773 557 77 25 night's
2859 557 61 25 sleep.
2949 556 34 20 He
3008 558 49 18 then
3084 561 61 16 wrote
3173 565 22 13 en-

2774 583 83 26 dorsing
2866 583 35 19 tho
2911 586 93 16 sentence
3014 583 22 19 of
3051 583 67 24 death,
3136 584 69 25 slowly

2775 609 39 19 and
2821 609 50 19 with
2880 616 13 12 a
2900 609 45 19 firm
2952 609 61 19 hand.
3041 609 34 19 He
3085 610 81 19 showed
3181 618 25 12 no

2775 642 85 12 remorse
2879 635 32 19 for
2929 635 32 19 his
2980 636 66 22 crime,
3060 635 38 19 but
3117 638 60 18 wrote
3196 644 10 12 a

2775 661 97 25 touching
2887 661 60 19 letter
2965 662 21 18 of
3012 661 90 19 farewell
3128 664 21 17 to
3176 663 30 19 his

2775 689 87 23 parents,
2882 687 41 19 and
2939 693 13 13 a
2969 687 89 25 pathetic
3074 690 47 17 note
3139 690 20 17 to
3179 689 28 19 his

2775 713 125 23 sweetheart,
2911 713 107 25 returning
3027 713 37 19 her
3073 717 21 16 at
3103 713 35 20 the
3154 721 53 13 same

2775 739 48 19 time
2842 739 34 19 the
2895 739 70 19 letters
2982 739 36 19 she
3037 739 41 19 had
3097 742 45 16 sent
3159 740 48 21 him.

2776 765 42 19 Tho
2827 765 93 25 prisoner
2929 765 63 19 asked
3002 765 34 19 the
3045 765 60 20 latest
3124 772 55 14 news
3188 768 20 18 of

2777 791 87 20 General
2872 791 82 23 Rivera,
2965 791 40 18 find
3014 792 107 24 expressed
3131 799 12 12 a
3156 792 52 26 hope

2778 818 43 19 that
2831 818 26 18 he
2867 816 67 20 would
2944 823 87 13 recover.
3058 817 42 20 Tho
3119 818 90 25 prisoner

2778 850 39 13 was
2827 843 63 19 taken
2899 845 21 17 at
2930 844 38 18 five
2978 842 76 20 o'clock
3063 845 20 17 to
3093 843 35 20 the
3138 844 69 26 chapel

2777 870 66 19 whore
2853 870 25 18 he
2888 869 64 19 heard
2961 875 53 13 mass
3024 869 40 19 and
3073 870 110 20 confessed.

2803 895 87 25 Captain
2900 896 90 24 Clavigo,
3006 894 49 20 with
3074 895 33 20 the
3124 897 83 24 gaolers,

2778 922 93 24 emerged
2878 922 53 18 from
2941 922 34 18 tho
2994 922 68 24 prison
3083 924 57 22 gates
3158 925 21 17 at
3197 930 11 12 a

2778 949 82 23 quarter
2869 949 46 23 past
2924 953 60 13 seven
2992 947 80 19 o'clock.
3100 948 19 19 A
3126 948 85 21 number

2778 974 21 18 of
2808 974 73 24 priests
2891 973 79 19 walked
2980 973 49 20 with
3039 973 42 19 him
3091 974 39 19 and
3143 978 66 22 partly

2778 999 126 19 surrounded
2926 999 49 19 him.
3004 999 34 19 He
3055 1006 42 13 was
3114 1000 96 26 perfectly

2778 1025 56 24 calm,
2840 1025 137 26 maintaining
2984 1025 32 19 his
3024 1025 59 19 usual
3090 1026 120 20 demeanour

2778 1051 40 19 and
2832 1051 93 25 showing
2943 1058 26 12 no
2993 1051 65 26 pallor
3074 1054 21 16 at
3112 1052 35 20 the
3165 1059 33 20 pre-

2778 1077 103 26 parations
2890 1077 33 19 for
2932 1077 32 19 his
2982 1077 68 19 death.
3078 1077 33 20 He
3130 1079 80 26 silently

2778 1103 79 19 saluted
2866 1103 35 19 tho
2911 1103 64 19 crowd
2989 1104 21 18 in
3020 1103 89 26 military
3125 1105 85 25 fashion,

2778 1130 40 18 and
2827 1130 49 18 then
2885 1130 81 18 entered
2975 1129 34 19 the
3018 1130 77 19 vehicle
3101 1131 22 19 in
3130 1131 81 26 waiting

2779 1159 19 15 to
2808 1162 75 18 convey
2889 1155 42 19 him
2941 1158 20 16 to
2971 1155 42 20 San
3022 1155 83 21 Isidore.

2804 1181 28 19 At
2841 1181 42 19 San
2892 1181 79 20 Isidore
2980 1181 35 20 tho
3029 1183 91 24 prisoner
3136 1189 75 20 sprang

2779 1207 74 26 lightly
2870 1207 54 20 from
2942 1208 35 19 the
2998 1207 90 26 carriage
3113 1209 40 19 and
3171 1216 40 14 was

2779 1233 70 26 placed
2863 1240 27 13 on
2908 1234 34 19 the
2961 1237 45 23 spot
3025 1233 85 21 selected
3127 1235 32 19 for
3177 1235 34 20 tho

2780 1260 111 19 execution.
2919 1260 35 19 He
2990 1260 49 20 then
3071 1261 74 19 turned
3172 1262 39 20 and

2779 1286 79 20 saluted
2885 1286 34 20 the
2937 1286 73 26 priests
3027 1287 22 20 in
3067 1286 145 22 attendance

2780 1312 98 20 members
2888 1312 22 20 of
2918 1312 35 21 the
2963 1312 137 21 brotherhood
3109 1313 21 20 of
3148 1313 63 21 Peace

2780 1338 40 20 and
2829 1338 217 27 Charityembraced
3052 1339 57 21 those
3118 1340 44 20 who
3171 1340 41 22 had

2780 1364 51 20 been
2839 1371 56 14 more
2907 1365 74 26 closely
2990 1366 22 20 ia
3022 1365 118 22 attendance
3158 1373 54 20 upon

2781 1390 41 21 him
2840 1391 41 20 and
2898 1397 38 15 one
2964 1391 21 21 of
3010 1392 55 21 them
3087 1392 65 22 veiled
3178 1394 34 20 the

2780 1418 108 25 prisoner's
2898 1424 46 21 eyes
2963 1418 50 21 with
3029 1425 11 14 a
3058 1418 152 23 handkerchief.

2781 1444 83 26 Clavigo
2883 1444 50 21 then
2951 1445 58 20 stood
3026 1451 28 21 up
3073 1447 20 18 to
3109 1447 53 20 meet
3180 1446 32 22 his

2780 1470 63 24 doom,
2853 1471 91 26 wearing
2953 1471 34 20 the
2998 1477 54 15 same
3067 1475 96 24 arrogant
3179 1479 22 14 ex-

2781 1497 90 26 pression
2886 1497 67 21 which
2962 1498 42 20 had
3013 1498 148 26 distinguished
3170 1499 42 22 him

2780 1523 53 20 since
2842 1523 32 20 his
2893 1527 69 22 arrest,
2983 1525 41 20 and
3042 1525 115 27 exhibiting
3177 1529 36 18 not

2780 1550 35 20 tho
2824 1550 95 26 slightest
2931 1551 46 25 sign
2995 1552 22 19 of
3034 1552 49 20 fear.
3113 1551 100 28 Standing

2781 1576 57 21 alone
2848 1577 41 20 and
2904 1577 85 27 waiting
3006 1578 33 20 for
3056 1578 34 21 the
3109 1578 66 26 signal
3191 1580 21 20 of

2782 1603 66 24 death,
2853 1603 46 20 firm
2904 1603 40 20 and
2948 1607 58 22 erect,
3013 1604 101 28 Clavigo's
3118 1601 94 31 soldierly

2781 1636 125 20 appearance
2910 1637 45 13 won
2961 1630 31 21 for
2996 1631 43 20 him
3042 1632 60 20 much
3106 1633 107 26 sympathy

2781 1659 93 23 amongst
2884 1657 34 19 the
2928 1657 113 21 onlookers.

2806 1682 28 19 At
2844 1683 34 19 the
2891 1684 56 19 word
3052 1691 12 14 a
3081 1686 67 26 volley
3163 1693 50 19 rang

2782 1711 34 17 out
2825 1709 41 19 and
2876 1709 84 25 Clavigo
2969 1710 37 19 fou
3013 1710 49 20 with
3070 1712 56 20 three
3140 1713 73 20 bullets

2782 1735 20 19 in
2812 1735 34 19 the
2855 1735 60 20 head.
2943 1736 34 19 He
2987 1736 42 20 still
3038 1738 72 20 moved
3125 1739 40 19 and
3180 1746 22 13 an-

2782 1761 57 19 other
2848 1761 66 21 bullet
2921 1768 42 13 was
2972 1762 50 20 fired
3032 1764 64 19 under
3109 1765 33 19 his
3161 1765 52 20 chin.

2782 1787 44 19 Life
2836 1788 40 19 still
2887 1788 102 26 appeared,
2998 1791 21 17 to
3028 1790 83 25 remain,
3121 1792 40 19 and
3179 1799 23 12 an-

2782 1813 57 19 other
2848 1814 66 20 bullet
2924 1821 41 14 was
2975 1815 50 20 fired
3041 1816 42 20 into
3099 1817 33 20 his
3148 1818 64 24 heart,

2783 1839 57 20 when
2850 1841 28 19 all
2888 1847 40 13 was
2938 1841 49 20 still.
3015 1842 42 19 The
3067 1845 68 24 troops
3145 1851 26 12 on
3180 1844 33 19 the

2782 1867 80 24 ground
2871 1874 52 13 were
2932 1867 96 20 marched
3037 1871 46 24 past
3092 1870 35 19 the
3145 1877 68 19 corpse

2783 1898 21 13 as
2822 1892 50 25 they
2887 1893 38 19 left
2931 1893 35 20 the
2982 1900 80 16 square.
3090 1895 43 20 Tho
3149 1896 64 20 crowd

2784 1924 39 13 was
2832 1919 57 25 large
2899 1920 41 19 and
2949 1927 12 12 a
2970 1920 95 20 horrified
3075 1928 64 19 groan
3158 1922 55 20 burst

2782 1944 56 20 forth
2853 1945 66 25 when,
2939 1946 32 20 for
2992 1947 32 19 the
3042 1947 55 20 third
3115 1949 55 24 time,
3180 1947 33 21 the

2782 1971 61 25 firing
2851 1975 61 22 party
2921 1978 42 14 was
2982 1973 84 20 ordered
3083 1976 21 17 to
3119 1975 59 20 shoot
3194 1977 19 17 at

2782 1997 34 19 the
2824 1999 101 23 prostrate
2935 1999 73 19 officer.

2820 2051 115 25 SEQUAL
2945 2051 33 21 TO
2988 2053 58 19 THE
3055 2054 119 22 BOMBAY

2923 2078 145 21 TRAGEDY.

2808 2138 19 20 A
2841 2138 92 26 Bombay
2957 2140 96 24 telegram
3072 2143 79 24 reports
3170 2143 43 22 tbat

2783 2164 32 19 the
2824 2164 47 20 trial
2881 2165 23 20 of
2914 2165 46 20 Mrs
2970 2166 71 20 Lester
3052 2174 26 13 on
3089 2168 35 20 the
3140 2170 73 27 charge

2782 2190 21 20 of
2818 2191 117 27 murdering
2945 2192 35 20 her
2989 2193 90 21 husband
3088 2195 35 20 Mr
3137 2197 76 21 C.F.G-.

2784 2217 77 25 Lester,
2874 2218 40 20 late
2932 2219 89 21 District
3041 2221 172 25 Superintendent

2784 2243 20 19 of
2834 2244 65 21 Police
2926 2245 20 20 in
2975 2246 37 20 the
3045 2247 68 21 Panch
3133 2249 79 21 Mahals

2785 2269 92 26 District,
2888 2278 38 13 was
2937 2272 113 20 concluded
3069 2281 26 13 on
3114 2275 99 28 Tuesday.

2784 2296 31 20 On
2826 2297 34 20 the
2869 2299 95 25 morning
2982 2300 23 19 of
3015 2299 49 26 May
3083 2302 12 18 9
3106 2302 34 20 the
3161 2303 52 26 body

2784 2323 21 19 of
2816 2324 34 19 Mr
2858 2323 72 21 Lester
2940 2331 42 14 was
2998 2326 66 20 found
3083 2329 81 21 outside
3182 2331 30 19 h's

2785 2350 91 19 bedroom
2886 2351 49 20 door
2946 2352 48 19 with
3009 2359 11 13 a
3038 2354 88 25 gunshot
3141 2358 72 19 wound

2784 2377 18 18 in
2812 2376 33 19 the
2858 2376 56 24 back,
2933 2379 40 18 and
2990 2385 10 12 a
3020 2383 141 22 post-mortem
3179 2391 22 13 ex-

2784 2402 106 20 amination
2900 2405 80 19 showed
2992 2405 45 20 that
3053 2406 35 20 the
3106 2407 38 21 left
3163 2409 49 21 lun<'

2785 2430 36 19 had
2839 2430 49 19 been
2909 2431 81 24 pierced
3008 2432 26 25 by
3053 2440 11 12 a
3081 2434 64 20 bullet
3165 2436 47 21 fired

2785 2456 54 23 point
2849 2455 68 22 blank.
2946 2458 33 19 On
2999 2459 35 19 the
3048 2467 54 13 same
3122 2463 91 26 morniog

2785 2482 31 19 Mr
2825 2482 116 26 Littledale,
2952 2484 105 23 professor
3067 2487 21 19 of
3099 2487 83 27 English
3193 2494 20 16 at

2786 2509 73 18 Barods
2871 2510 88 26 College,
2978 2511 43 20 who
3041 2519 39 14 was
3095 2517 80 25 staying
3192 2520 21 16 at

2783 2534 32 20 the
2825 2537 48 18 time
2889 2536 22 20 in
2928 2539 35 18 tbe
2982 2538 89 26 vicinity,
3090 2542 89 20 received
3203 2550 10 13 a

2784 2564 57 17 letter
2852 2562 52 20 from
2915 2564 45 19 Mrs
2973 2564 77 25 Lester,
3072 2568 77 25 stating
3168 2569 44 20 that

2783 2588 32 19 she
2825 2588 59 20 could
2894 2590 78 20 endure
2982 2591 35 20 her
3026 2592 109 22 husband's
3152 2598 51 18 treat-

2784 2616 52 17 ment
2854 2621 27 13 no
2900 2616 78 26 longer,
2998 2619 40 18 and
3058 2618 44 21 that
3120 2621 34 19 she
3174 2623 39 19 had

2783 2641 44 19 shot
2842 2641 40 20 him
2903 2643 88 26 through
3012 2644 34 20 tbe
3066 2645 63 22 heart.
3156 2649 25 19 In
3201 2656 11 13 a

2782 2669 141 19 conversation
2934 2670 48 19 with
2996 2670 34 20 Mr
3040 2671 111 23 Littledale
3161 2675 52 21 later

2781 2693 20 20 in
2821 2693 34 20 the
2874 2695 39 26 day
2933 2696 44 20 Mrs
2994 2697 72 20 Lester
3080 2700 85 26 charged
3177 2701 36 21 her

2783 2720 90 20 husband
2885 2722 48 19 with
2951 2722 73 26 having
3036 2724 48 21 been
3105 2733 96 15 unreason-

2782 2746 45 25 ably
2862 2747 83 26 iealous,
2979 2750 40 19 and
3066 2752 46 19 with
3140 2754 72 27 having

2782 2773 115 27 frequently
2907 2774 75 21 abused
3002 2777 39 19 and
3058 2780 101 20 assaulted
3171 2781 41 21 her.

2781 2799 39 20 She
2837 2802 21 18 at
2878 2802 34 19 the
2929 2809 53 13 same
2997 2803 49 20 time
3057 2806 57 19 made
3133 2807 79 21 certain

2783 2828 88 19 remarks
2882 2829 106 25 regarding
3004 2830 34 19 the
3057 2832 155 22 circumstances

2781 2854 105 25 attending
2897 2856 35 18 the
2941 2856 66 23 crime,
3029 2857 63 21 which
3111 2861 101 25 appeared

2783 2885 19 13 to
2812 2880 88 21 indicate
2911 2881 45 20 that
2975 2882 34 19 her
3027 2884 52 19 mind
3099 2893 40 13 was
3160 2890 20 17 to
3201 2894 11 14 a

2782 2907 75 19 certain
2883 2910 71 17 extent
2987 2909 108 27 unhinged.
3124 2913 22 20 It
3173 2913 39 23 had

2784 2933 46 20 been
2841 2940 11 12 a
2862 2936 75 23 stormy
2949 2936 66 24 night,
3032 2937 40 19 and
3090 2938 35 21 she
3144 2942 68 20 stated

2782 2960 45 19 tbat
2837 2960 32 20 for
2877 2967 55 13 some
2951 2964 49 17 time
3012 2962 68 21 before
3095 2966 35 21 she
3140 2969 36 23 got
3184 2974 28 20 up

2782 2986 38 19 and
2832 2988 45 18 shot
2888 2986 34 20 her
2941 2988 91 20 husband
3049 2990 36 20 she
3104 2992 39 21 had
3162 2995 49 20 been

2782 3012 47 27 kept
2847 3013 67 19 awake
2932 3014 26 26 by
2977 3015 70 25 things
3067 3016 59 29 being
3145 3021 65 21 blown

2782 3040 57 20 down
2846 3040 25 25 by
2888 3039 35 20 the
2942 3040 60 21 wind.
3031 3042 31 26 By
3081 3046 35 19 the
3135 3047 78 22 verdict

2782 3073 56 18 given
2848 3073 25 12 on
2883 3067 92 26 Tuesday
2994 3068 17 19 it
3020 3065 40 25 w'ai
3080 3072 66 21 found
3166 3075 46 21 that

2784 3093 41 19 Mrs
2843 3093 73 19 Lester
2932 3100 41 14 was
2992 3095 67 26 guilty
3078 3106 10 12 0
3090 3098 9 20 f
3115 3100 95 25 culpable

2783 3119 98 21 homicide,
2894 3122 34 16 not
2945 3121 121 27 amounting
3085 3127 5 18 f
3093 3133 11 12 0
3123 3127 83 21 murder

2784 3147 34 17 but
2828 3145 43 19 that
2881 3148 20 16 at
2922 3147 34 20 the
2975 3155 54 14 same
3049 3150 53 26 time,
3119 3154 35 19 she
3172 3154 38 21 had

2783 3172 35 19 had
2828 3172 33 19 the
2871 3172 101 22 intention
2983 3178 22 17 to
3015 3175 35 20 kill
3062 3178 35 20 the
3109 3180 94 22 deceased

2782 3199 38 19 She
2831 3205 38 13 was
2878 3202 107 19 sentenced
2993 3206 19 15 to
3024 3203 24 19 10
3056 3211 56 14 roars

2782 3225 157 25 imprisonment.

2814 3285 123 22 MODERN
2946 3290 88 20 'DOGS
3045 3292 36 19 OF
3091 3293 87 20 WAR.'

2807 3338 62 20 There
2880 3347 39 13 was
2930 3347 12 13 a
2956 3343 48 19 trial
3024 3344 21 19 of
3064 3345 90 21 German
3172 3354 38 15 war

2782 3365 47 24 dogs
2840 3368 21 16 at
2879 3366 95 23 Dresden
2991 3372 95 24 recently,
3106 3372 20 19 in
3147 3374 63 21 which

2782 3391 32 19 the
2832 3391 49 24 dogs
2910 3400 55 14 came
2992 3396 30 20 off
3047 3398 112 27 creditably
3189 3408 21 13 oa

2782 3417 85 26 military
2886 3420 49 20 aids.
2963 3422 55 26 They
3043 3423 49 25 kept
3111 3431 27 19 up
3153 3427 57 25 rapid

2781 3443 37 19 and
2827 3445 83 24 regular
2929 3450 169 20 communication
3121 3452 89 22 between

2782 3473 68 23 troops
2870 3473 39 19 and
2929 3476 93 21 outposts
3041 3483 12 12 a
3081 3477 45 20 mile
3148 3486 56 18 away

2780 3502 94 20 carrying
2893 3499 33 20 the
2944 3500 118 26 despatches
3081 3506 21 17 to
3119 3506 39 18 and
3171 3496 39 31 fro!

2785 3522 4 36 I
2796 3522 37 24 bey
2845 3524 41 19 also
2896 3527 69 19 served
2975 3529 139 24 ammunition,
3128 3532 82 26 passing

2781 3548 52 20 from
2858 3557 45 13 man
2923 3554 22 18 to
2964 3560 51 17 man,
3035 3554 34 21 the
3086 3557 85 21 number
3187 3560 23 20 of

2781 3575 37 19 hall
2829 3578 113 25 cartridges
2952 3579 46 26 they
3008 3581 75 20 carried
3094 3582 61 26 beiug
3169 3586 39 20 250

2780 3601 38 20 and
2828 3602 62 20 blank
2900 3606 45 19 350.
2973 3607 25 19 In
3014 3608 74 26 callirg
3106 3612 102 19 attention

2780 3629 20 18 to
2828 3630 95 20 simulate
2954 3634 99 20 wounded
3081 3642 51 18 men,
3160 3637 48 25 they

2781 3655 71 23 proved
2871 3662 51 21 very
2938 3658 93 24 efficient,
3059 3661 76 27 finding
3154 3663 54 21 them

2779 3683 35 17 out
2825 3682 87 27 quickly,
2926 3685 39 19 and
2984 3685 64 21 either
3067 3689 96 25 standing
3182 3690 26 26 by

2778 3708 38 18 and
2826 3708 92 27 barking,
2929 3717 22 13 or
2961 3711 75 27 calling
3053 3714 34 20 the
3106 3716 102 21 attention

2779 3734 22 19 of
2809 3734 69 20 others
2888 3737 23 19 to
2921 3736 61 21 them.

1052 70 57 19 THE
1123 68 59 20 HOT
1197 70 93 19 LAKES
1306 66 174 24 CHRONICLE,
1497 64 194 26 WEDNESDAY,
1717 64 117 21 AUGUST
1849 65 33 24 28,
1895 64 56 23 11-95,

2798 4070 72 17 Printed
2883 4071 34 15 and
2928 4071 92 21 published
3038 4071 28 17 for
3082 4071 30 17 the
3119 4073 88 20 proprieto

2799 4093 18 15 at
2832 4092 26 16 his
2878 4092 95 19 registered
2977 4092 80 21 printing
3063 4093 48 16 offioa
3123 4092 78 20 Roiorua

2798 4113 24 23 by
2827 4113 59 17 Peboy
2897 4113 57 17 James
2964 4113 16 16 H
2983 4118 79 15 amkonb,
3075 4114 18 16 of
3101 4115 82 19 Rotonui,

2820 4138 165 25 WEDNESDAY,
2996 4138 97 21 AUGUST
3101 4141 79 22 28,189$

687 131 136 57 tLA.
934 130 54 56 s
994 128 67 56 a

891 193 127 33 AND

807 247 16 34 )
833 240 43 41 p
891 240 11 29 I
920 239 26 30 h
955 239 10 30 b
978 238 95 31 no
1160 238 17 31 i.
1180 238 25 31 j

783 310 8 1 ...
833 269 74 43 ril-

130 350 6 7 *
279 371 8 12 i
389 344 111 27 Horth
516 344 52 31 ;;of
594 342 192 30 Auckland,
818 340 88 28 with
934 340 96 32 daily
1062 339 295 28 communication
1386 337 87 28 with
1501 337 113 28 Coach
1646 345 39 20 or
1704 336 150 28 steamer

88 369 87 31 Ollly
204 367 44 26 30
279 369 30 20 m
388 385 54 20 See
457 385 166 21 adverLised
635 386 83 20 Time
736 383 77 21 table
824 382 30 21 of
863 388 45 15 s.s.
923 382 80 20 Rose
1013 382 98 26 Casey
1123 381 59 20 and
1197 381 130 21 Butler's
1336 381 34 19 R.
1383 379 38 21 M.
1439 378 106 21 Coaeh.

259 405 43 40 /e
316 421 298 23 ESTABLISHMENT
624 419 139 25 STANDS
777 418 232 24 UNRIVALLED
1023 426 26 15 as
1067 426 13 15 a
1093 416 91 24 Health
1194 426 27 15 or
1233 417 111 32 pleasure
1357 417 97 25 Resort,
1467 414 48 23 and
1527 414 44 24 has
1583 414 90 32 special
1703 414 153 31 advantages

78 446 105 66 fnh
208 447 48 35 AJg
292 454 113 24 Tourists
421 462 28 16 or
463 454 118 26 Invalids,

167 472 74 45 for/

141 541 42 46 /
417 560 174 27 Beautiful
610 560 157 32 Scenery.
789 559 241 33 Sea-Bathing,
1058 559 157 32 Boating,
1234 557 151 36 Fishing,
1400 555 56 31 &c.

110 586 34 33 /
611 593 127 28 Ousine
751 593 71 27 and
836 593 209 27 attendance
1066 592 37 27 of
1124 592 59 26 the
1205 591 80 29 best.

74 635 73 28 /fned
159 635 37 23 for
209 635 30 23 its
252 635 96 24 urative
361 636 95 23 natural
469 635 103 23 medical
588 635 52 24 Hot
653 635 102 33 Springs
769 635 48 23 and
833 636 81 23 Baths.
951 635 37 24 As
1000 634 41 24 the
1057 635 101 30 Springs
1171 633 46 23 and
1233 632 73 24 Baths
1318 639 42 15 are
1371 630 41 23 the
1425 634 114 27 property
1552 630 26 22 of
1589 630 41 23 the
1661 628 85 29 Hotel,
1759 628 86 24 visitor
1847 627 10 14 s

87 677 41 15 are
138 668 111 32 supplied
259 668 57 24 with
326 669 104 27 Towels,
444 669 47 23 and
505 676 43 15 can
557 669 57 23 take
624 677 29 15 an
668 668 127 24 unlimited
809 669 102 23 number
924 669 26 22 of
962 668 75 23 Baths
1050 673 24 18 at
1087 675 45 21 any
1146 666 58 23 time
1218 666 24 22 of
1252 665 40 23 the
1306 665 47 30 day
1369 663 77 27 FREE
1459 663 63 23 from
1536 671 45 22 any
1590 663 89 32 charge
1693 662 130 25 whatever.

291 710 225 38 TARIFF
534 710 278 47 PEBfDAY,
832 711 55 38 8s
901 710 71 44 6d;
1009 707 120 39 PER
1143 705 195 48 WEEK,
1359 703 73 41 2
1481 703 93 40 10s.

469 764 160 33 Cottages
642 766 35 26 to
692 765 48 27 let
812 765 58 27 the
889 764 106 29 week,
1007 761 131 32 month,
1154 769 38 19 or
1213 760 57 28 the
1290 767 124 21 season

78 824 27 15 or
123 824 47 23 any
188 815 156 24 information
359 815 114 32 required
487 814 82 25 olease
582 814 72 33 apply
667 821 25 18 to
706 815 127 31 Manager.

615 857 58 38 A.
703 856 52 38 A.
785 855 201 40 SMITH,
1109 854 67 39 P*

150 1334 9 22 1

183 1345 25 14 m

209 1353 35 35 m

186 1652 52 27 iIVERY
244 1653 43 24 Old
296 1653 65 23 specia

630 1449 128 60 fwL
795 1449 42 52 1
888 1456 29 44 II

699 1486 73 61 ll
807 1501 35 40 n
882 1486 36 33 Ui

411 1917 197 46 Proprietors:*

400 1985 18 22 ie
443 1966 140 41 HKTIi
608 1968 5 39 I
639 1966 1 41 '

64 2138 268 32 WHOLESALE

485 2347 52 26 OF

133 2402 169 46 Jutlery,
329 2402 255 45 Hardware,
612 2406 287 45 Brasswares,

203 2455 148 34 House
370 2455 279 49 Furnishing'
665 2460 143 36 Goods

345 2508 53 31 (in
410 2510 99 30 great
522 2511 145 32 variety)

64 2544 155 39 Nickle
247 2545 87 35 and
360 2545 96 35 E.P.
485 2548 163 44 Spoons
685 2550 87 35 and
807 2551 139 36 Forks

365 2592 94 40 E.P,
489 2595 154 35 Cruets

205 2644 86 34 Tea
317 2643 114 43 Pots,
458 2645 154 36 Butter
642 2647 157 36 Dishes

66 2706 103 27 jam
188 2696 164 45 Spoons
608 2699 157 36 Butter
784 2701 165 37 Knives

326 2749 145 45 Sugar
522 2750 147 46 Tongs

247 2808 78 32 etc.
470 2808 77 34 etc.
692 2810 80 32 etc.

278 3015 92 40 234,
406 3014 22 36 O-

597 3279 56 31 VJ
685 3271 53 36 JU

343 3745 346 30 THURKNGH

78 3787 80 41 Smith
187 3785 47 40 and
252 3780 113 52 Carriage
388 3780 104 45 Works,
522 3779 80 40 Coach
629 3780 47 39 and
706 3779 111 51 Waggon
852 3780 103 51 Factory

278 3842 213 24 ESTABLISHED
506 3841 81 20 OVER
604 3841 25 20 10
644 3841 107 21 YEARS.

71 3898 6 9 '
91 3896 38 17 The
137 3893 114 20 undersigned
261 3898 29 10 are
298 3891 137 16 manufacturers
443 3890 18 16 of
469 3890 23 16 ull
501 3890 62 16 classes
571 3889 18 15 of
598 3888 79 17 Vehicles
685 3889 14 15 St.
710 3888 120 21 Agricultural
838 3888 112 18 Imrlemenls

94 3919 38 15 Our
139 3914 109 19 well-known
257 3912 98 23 reputation
364 3916 19 11 as
390 3911 84 17 Praclibiil
490 3911 101 16 Mechanica
606 3910 34 15 and
654 3910 22 16 W
725 3911 20 17 27
760 3914 51 17 years
823 3910 99 21 experience
939 3911 16 15 in

71 3941 32 17 the
109 3935 120 21 Anstralasiau
237 3935 84 19 Colonies,
329 3933 64 22 justify
402 3938 19 11 us
428 3933 18 16 in
463 3932 81 17 claimiii<;
557 3932 39 16 that
612 3936 24 11 we
652 3936 31 11 can
698 3930 68 17 furnish
782 3937 10 10 a.
808 3932 55 15 belter
878 3932 43 15 class
939 3932 17 15 of

72 3961 75 13 oVii*l>-H
162 3957 93 17 cousisti-nr.
264 3956 40 14 with
312 3956 61 15 honest
382 3955 46 15 work
436 3956 19 13 nt
463 3960 9 9 u
481 3954 74 19 cheaper
566 3956 36 13 rnt
611 3952 41 16 than
661 3958 34 14 any
703 3953 19 15 of
730 3958 32 10 our
769 3953 116 20 competitor?.

94 3982 38 17 The
139 3979 61 18 Public
209 3977 34 16 will
254 3976 35 17 find
297 3977 14 14 it
322 3982 17 9 to
353 3975 158 20 Ibeir.advantage
527 3976 18 15 to
560 3973 149 18 ENCOURAGE
729 3973 79 18 LOCAL
827 3973 128 21 INDUSTRY;

73 4005 58 15 where
143 4001 40 20 they
195 4005 30 10 cuu
234 3998 44 15 have
284 3998 28 15 the
318 3998 78 15 n'R.-suie
403 3998 18 15 cf
429 3997 59 20 s'jing
503 3996 91 16 first-class
609 3994 78 17 rautorial
700 3995 34 16 and
751 3994 126 22 workmanship
893 3997 31 19 put
939 3995 16 16 in

73 4024 80 19 Vehicle.!
161 4021 49 17 mude
218 4023 17 12 to
244 4019 45 15 their
294 4018 61 16 \nlaed
363 4017 63 17 orders.

92 4046 18 16 q-
120 4046 13 16 q
141 4037 2 25 .
164 4042 15 18 y
179 4048 21 11 eQ
202 4041 40 18 icles
249 4040 19 17 of
274 4039 145 16 all-de:criot:ous
429 4038 85 22 repaired,
525 4038 78 21 painted,
613 4037 93 18 renovated
716 4037 34 16 and
760 4038 49 17 made
825 4040 17 13 to
858 4038 38 17 look
913 4043 42 16 iquu

76 4071 17 14 to
101 4073 45 11 new.

73 4109 203 35 WILLIAM
294 4107 183 33 PAivKEE,
499 4107 256 31 Goaclibuiider.

425 4144 137 28 JAMES
581 4144 132 34 HAXJA,
734 4144 216 29 Blacksmith

315 4178 148 20 PISVOKfORT
477 4177 73 22 IiOAD,
565 4177 145 19 TAURANCrw.

1114 981 223 25 OFFICIAL
1363 980 296 25 TESTIMONY.

1068 1037 134 42 HITCH
1209 1040 104 39 EN'S
1339 1039 152 39 BLOOD
1513 1037 246 40 RESTORER

1085 1093 39 12 ours
1132 1091 19 14 at
1158 1090 29 15 the
1195 1089 76 17 Colonial
1277 1089 97 16 Inuustrial
1378 1088 101 16 Exhibition
1489 1087 40 16 held
1534 1087 19 17 in
1562 1087 111 20 Wellington,
1681 1086 34 17 and
1735 1091 11 10 n
1761 1085 27 15 the
1808 1084 52 16 officii.

1036 1110 24 13 v:t
1066 1109 91 15 submitted
1165 1112 17 12 to
1190 1112 28 13 tho
1225 1110 114 15 Government
1351 1109 27 15 the
1385 1108 88 19 following
1480 1108 84 15 roforence
1572 1112 34 10 was
1612 1109 49 13 matte
1669 1110 17 12 to
1694 1107 35 14 it.

1037 1132 17 15 iy
1063 1129 19 15 A.
1096 1129 21 14 ii.
1125 1129 87 19 Kitchens,
1217 1128 96 19 Auckland,
1321 1127 48 17 sends
1375 1133 10 10 a
1392 1127 54 20 small,
1455 1127 30 16 but
1493 1127 77 16 valuable
1578 1127 70 18 oxhibit,
1656 1125 92 20 consisting
1762 1125 18 15 of
1793 1129 10 10 a
1810 1127 40 16 vege-

1036 1152 60 15 liipoun
1105 1144 4 23 t
1117 1148 43 16 from
1168 1148 41 16 New
1218 1149 11 13 V,
1240 1148 50 16 aland
1298 1148 53 18 herbs,
1357 1148 28 14 for
1388 1148 30 14 tho
1425 1152 39 10 cure
1472 1148 17 14 of
1503 1147 108 19 Indigestion,
1626 1145 122 19 Rheumatism,
1762 1144 99 15 Kheumatic

1039 1167 16 14 id
1061 1167 98 20 Impurities
1165 1167 18 15 of
1188 1167 29 16 the
1224 1167 60 16 Blood.
1305 1167 35 16 The
1345 1167 59 16 maker
1411 1171 33 12 ana
1451 1166 82 16 exhibitor
1548 1166 56 15 claims
1618 1166 27 15 for
1662 1166 33 15 this
1706 1164 80 16 medicine
1799 1163 61 15 several

1037 1189 19 12 nt
1063 1187 82 19 nullities,
1153 1187 33 15 and
1195 1188 29 14 has
1231 1187 60 19 gained
1299 1187 27 14 tho
1337 1187 37 15 iirst
1381 1187 49 14 order
1437 1187 17 15 of
1465 1186 48 15 merit
1520 1187 44 14 from
1572 1187 28 14 the
1611 1185 67 20 judges.
1705 1185 36 16 The
1756 1183 104 20 preparation

1036 1203 4 24 >
1049 1206 18 15 i.io
1074 1206 105 15 confounded
1189 1207 38 15 with
1235 1206 78 20 ordinary
1321 1207 55 20 quack
1385 1206 94 19 medicines,
1487 1206 86 15 inasmuch
1579 1210 18 10 as
1605 1206 13 14 it
1632 1206 14 15 is
1660 1206 27 15 the
1695 1204 71 20 product
1780 1203 17 15 of
1811 1206 50 15 many

1047 1227 52 18 study
1107 1227 32 15 and
1148 1226 116 20 investigation
1272 1229 20 16 Ijy
1299 1232 21 9 an
1328 1228 74 13 eminent
1410 1225 84 20 physician
1501 1225 19 15 of
1524 1225 29 15 the
1562 1228 50 16 .trmy
1620 1225 73 15 Medical
1704 1223 47 18 Stall',
1760 1223 40 14 with
1807 1222 53 14 whom

1036 1244 48 16 ibttor
1090 1247 58 14 served
1155 1246 62 19 duriug
1223 1246 29 15 tlio
1265 1246 42 15 New
1313 1246 73 15 Zealand
1398 1249 35 12 war
1445 1250 18 10 as
1477 1245 79 15 assistant
1567 1244 89 20 Dispenser
1663 1246 18 14 to
1699 1244 28 15 the
1741 1243 42 15 New
1790 1241 71 15 Zealand

1050 1264 27 16 Mr
1084 1265 83 16 Hitoheiis
1175 1265 74 17 oxelains
1257 1266 38 15 that
1302 1266 28 15 the
1338 1270 47 10 cures
1392 1266 19 14 of
1420 1264 119 20 Rheumatism,
1547 1265 31 17 etc,
1586 1265 70 14 effected
1663 1264 22 19 by
1700 1263 26 15 his
1736 1261 87 18 medicine,
1834 1265 27 10 aic

1038 1284 34 20 rely
1078 1287 19 13 to
1105 1285 20 15 its
1136 1284 89 16 wonderful
1233 1286 48 15 effect
1289 1289 44 16 upon
1341 1285 28 15 the
1378 1285 47 15 hlood
1440 1286 21 18 by
1475 1284 22 16 its
1504 1284 89 20 cleansing,
1601 1283 94 20 purifying,
1706 1282 35 16 and
1749 1281 112 20 invigorating

1038 1305 18 15 It
1068 1304 13 16 is
1088 1305 49 16 made
1146 1306 44 13 from
1198 1305 42 16 Now
1248 1305 73 16 Zealand
1332 1305 49 14 herbs
1388 1305 33 15 and

1203 1364 224 26 NOTABLE
1462 1364 162 26 CURES.

968 1418 90 21 Mention
1068 1420 16 19 is
1095 1418 58 21 made
1164 1419 21 20 of
1195 1418 33 21 tho
1238 1418 107 28 following'
1352 1426 22 13 as
1385 1426 11 13 a
1406 1420 39 21 few
1454 1419 20 20 of
1482 1418 34 22 the
1526 1417 109 22 multitude
1645 1416 21 21 of
1677 1422 56 15 cures
1743 1415 119 21 effected:

984 1453 138 21 alciatioaGapt
1146 1453 92 21 Farquhar,
1247 1459 8 11 a
1258 1453 1 26 .
1270 1459 12 11 s.
1305 1455 102 15 'Clansman'
1426 1461 47 16 ctiint
1481 1459 106 20 Dysentery,
1597 1459 63 16 causod
1672 1458 24 21 by
1705 1457 80 20 working
1793 1456 19 17 in
1830 1456 33 16 bad

974 1474 81 16 lUokluud
1059 1474 56 17 whose
1122 1479 35 10 case
1165 1479 33 10 was
1204 1474 84 16 consider!)
1296 1475 28 14 ito
1331 1475 18 14 bo
1357 1476 50 18 hope-
1426 1483 26 13 Iljr
1472 1488 10 10 n
1484 1482 9 13 ,i
1503 1488 11 7 ,
1517 1485 16 10 or
1542 1482 45 15 p>ino
1589 1487 8 10 S
1605 1484 18 13 nt
1630 1481 28 15 the
1664 1481 75 15 Thames
1762 1479 23 16 D.
1802 1478 53 17 E!k:::

965 1501 20 9 10;
985 1501 5 20 ',
990 1501 6 9 0
997 1505 7 16 ,'
1063 1513 11 8 ,
1116 1513 29 8 ~1
1160 1514 14 7 ti
1194 1515 6 6 ..
1221 1514 13 7 /-i
1259 1504 11 17 i'
1291 1513 6 6 *
1354 1500 4 21 .
1448 1503 173 17 RheumatismMr
1630 1503 61 16 James
1699 1501 54 20 Pook,
1764 1500 97 16 Auckland,

984 1514 16 16 E
1012 1514 88 15 euuiatisra
1106 1515 16 14 of
1129 1514 26 15 the
1161 1514 105 19 FeetGapt
1287 1515 119 15 uumosAvon-
1448 1512 39 22 Jf
1505 1512 30 22 .'
1573 1524 8 10 T
1583 1524 12 5 r,
1645 1512 4 22 ,
1686 1523 8 11 K
1694 1523 35 11 .,
1750 1515 31 19 \.,_
1797 1521 22 13 w
1843 1521 13 12 n

971 1535 37 17 into,
1016 1533 92 17 Auckland
1120 1534 19 16 17
1146 1538 49 16 years
1202 1535 85 19 standing.
1449 1526 97 16 Cancerous
1576 1524 49 17 ulcer
1645 1529 19 11 in
1684 1522 97 18 Face-Mr
1796 1522 29 18 W.
1842 1522 19 16 O.

985 1554 102 15 ttuouunuiu
1094 1554 54 19 Gout,
1155 1559 17 10 so
1180 1553 33 16 bad
1221 1556 37 14 thai
1265 1555 29 15 tho
1299 1554 68 21 patient
1373 1553 34 18 Had
1429 1549 77 18 Walker,
1515 1549 101 15 AUOBland.
1786 1564 24 3 _

989 1578 13 11 is
1015 1571 44 19 Ufcod
1066 1573 19 17 in
1091 1574 35 16 and
1134 1576 31 13 out
1172 1574 18 14 of
1197 1573 81 17 bedMr
1286 1575 26 15 W.
1329 1575 76 15 Hunter.
1447 1569 105 16 Rheumatic
1572 1566 98 19 GoutMr
1689 1565 86 18 Edwards
1787 1564 75 19 Waters'

991 1594 130 20 uioud-Poverty
1134 1594 42 20 Bay,
1426 1589 127 22 Confectioner,
1570 1590 96 19 Auckland;
1676 1588 29 18 Mr
1710 1588 101 17 Alexander
1820 1588 32 15 Bar-

989 1615 104 15 rttitmuKttio
1101 1614 107 16 Ji'uvcrMr
1227 1614 68 21 Brown,
1313 1613 94 17 Britannia
1426 1615 40 16 rett,
1475 1611 61 21 Queen
1553 1612 61 19 Street,
1632 1611 107 18 Auckland;
1754 1609 29 17 Mr
1801 1609 21 16 E.
1839 1608 23 17 I),

989 1636 54 20 sight,
1058 1635 74 17 Nelson.
1426 1635 93 18 Halatead,
1528 1632 107 22 Veterinary
1644 1635 85 18 Suigcon,
1743 1630 99 18 Auckland,

990 1656 103 18 kueumatic
1110 1658 53 19 Gout,
1180 1657 76 22 Dropsy,
1277 1658 59 21 Ague,
1353 1657 55 17 Liver
1437 1655 122 17 Rheumatism
1567 1656 18 15 in
1592 1656 29 15 the
1627 1655 59 15 Knees
1692 1655 34 15 and
1732 1653 48 20 Feet,
1788 1653 76 21 brought

971 1679 101 21 Joiuplaiut,
1082 1681 34 14 and
1125 1681 82 14 .Stomach
1226 1680 68 21 Cough,
1313 1683 47 13 most
1369 1681 25 14 di.-

968 1702 127 20 tresairigMr
1114 1700 76 21 Waugh,
1208 1701 84 21 Bombay,
1317 1701 77 17 Waikati

969 1724 49 16 iiven
1029 1729 27 14 up,
1067 1728 22 10 no
1099 1722 44 17 hood
1151 1722 40 16 held
1201 1726 36 17 out,
1248 1724 133 16 recommended
1390 1722 4 21 1

967 1758 8 7 =
976 1751 13 9 -o
998 1750 50 11 nomo
1056 1747 35 13 and
1103 1745 35 16 die.

991 1766 129 16 (.illumination
1136 1766 19 16 of
1169 1766 29 16 the
1212 1766 54 16 Liver
1285 1767 35 15 and
1336 1767 58 16 Gastr:

967 1788 50 16 Juice
1023 1790 19 14 of
1050 1788 29 16 the
1092 1787 134 17 StumauhMr
1245 1789 73 16 lliomas
1334 1788 60 21 Mack)

971 1811 35 14 )Lr
1018 1811 48 19 hunt,
1076 1810 100 16 Auckland.

1175 1831 37 17 -Mr
1218 1832 84 20 Dickson,
1312 1831 82 17 Auoklan

1178 1853 26 16 Mr
1225 1854 100 20 LUiokmau,
1341 1853 53 17 'Even

969 1883 26 10 ..ii
1007 1876 45 17 Star'
1062 1876 54 19 I'iKce,
1130 1875 102 16 Auckland.

991 1898 120 16 ItheuiMiti-iiu
1121 1898 17 14 of
1155 1898 20 15 2:i
1195 1902 50 17 years
1269 1896 126 21 standing;Hl

970 1919 75 17 William
1056 1919 85 21 MoEvoy,
1153 1919 36 16 Pitt
1195 1919 82 22 Terrnoe,
1283 1918 102 17 Auckland.

989 1942 79 19 Seittioa,
1079 1945 34 12 ami
1122 1940 143 21 LumbagoMr
1275 1941 22 16 N.
1306 1939 87 18 MoMillat

969 1962 67 16 Vu.cuu
1046 1964 53 18 Lane,
1111 1963 98 16 Auckland.

991 1985 91 20 Lumbago
1097 1984 46 16 -Mrs
1157 1984 50 22 Mary
1214 1983 61 21 Knox,
1284 1983 74 22 Rokeby
1372 1984 20 15 St

989 2027 135 17 SciaticaMrs
1131 2027 19 16 J.
1160 2027 61 18 Renwi

1278 1681 16 19 hj,
1313 1682 47 14 most
1369 1681 37 14 din-
1426 1682 23 12 on
1457 1677 23 22 by
1489 1677 80 21 working
1577 1677 19 16 in
1604 1679 55 14 water
1661 1675 50 17 Mr
1724 1675 87 16 Matthew
1826 1675 37 15 Beit

1277 1707 15 15 y,
1317 1701 89 19 Waikato:
1426 1698 82 17 Thames.

1277 1724 103 15 ommcndtd
1390 1725 17 14 to
1449 1720 129 19 Rheumatism,
1588 1721 75 20 causing
1673 1721 70 15 intense
1750 1717 50 23 pain,
1809 1717 54 17 which

1426 1743 94 21 prevented
1529 1742 30 17 thn
1567 1742 69 21 patient
1645 1743 44 14 from
1698 1742 53 19 being
1757 1745 40 11 ever
1802 1740 61 15 turned

1285 1767 35 15 and
1336 1766 72 17 Gastric
1427 1769 17 11 in
1454 1764 33 16 bed
1510 1764 29 16 Mr
1547 1764 59 15 David
1616 1763 63 21 Barry,
1688 1762 83 16 Newton.

1277 1793 41 11 mas
1334 1788 71 21 Mucky,
1449 1786 75 15 Chronic
1531 1785 120 21 Dysentery
1656 1785 30 16 Mr
1693 1786 22 15 A.
1725 1783 83 22 Bettany,
1818 1783 33 16 Bon-

1427 1808 53 20 sonby
1489 1807 56 19 Road,
1564 1806 97 17 Auckland.

1281 1837 21 15 in,
1312 1832 95 16 Auckland
1449 1829 76 15 Chronic
1541 1827 124 18 Rheumatism
1684 1828 18 15 in
1721 1826 31 17 the
1759 1827 56 20 spine,
1826 1826 37 20 hip,

1280 1860 45 14 man,
1428 1851 48 19 knee,
1484 1851 61 20 jtiiutH,
1559 1850 35 16 calf
1602 1849 19 16 of
1631 1851 30 14 tho
1675 1849 35 20 leg,
1731 1849 32 15 and
1785 1848 79 16 toesT.

1428 1872 80 21 Moigan.
1519 1872 62 16 Mount
1589 1872 50 15 Eden
1649 1871 56 20 Koad,
1715 1870 98 16 Auckland.

1278 1896 77 21 tandiug
1379 1896 29 16 Mr
1428 1894 106 15 Kheumatic.
1543 1893 52 20 Gout,
1607 1893 58 16 which
1673 1891 80 18 confined
1762 1891 30 16 the
1797 1891 68 21 patient

1284 1918 101 17 Auckland.
1428 1918 17 13 to
1454 1916 27 15 bis
1489 1915 33 16 bed
1529 1916 28 15 for
1569 1915 109 16 weeksMr
1686 1914 20 16 T.
1715 1914 19 15 J.
1751 1913 113 20 Bainbridge,

1277 1942 10 14 IS
1288 1936 3 24 r
1293 1936 4 24 .
1306 1939 100 21 McMillan,
1428 1936 98 21 Ponsonby,
1536 1936 99 16 Auckland.

1456 1959 74 15 General
1548 1958 81 21 Debility
1642 1957 35 16 and
1696 1956 118 20 Indigestion,
1832 1956 33 15 and

1287 1984 71 20 ltokeby
1372 1983 34 17 St..
1428 1980 83 21 inability
1519 1982 18 14 to
1545 1980 44 21 keep
1595 1979 88 21 anything
1696 1983 22 11 on
1727 1978 30 16 the
1765 1978 99 16 stomach

1428 2002 28 15 Mr
1465 2001 64 16 Gerald
1539 2001 62 20 Grace,
1611 2000 114 22 KyberPass,
1734 1999 98 16 Auckland.

1277 2028 49 13 Ir.lfp
1341 2027 58 14 Street
1461 2023 127 16 SciaticaMr
1604 2023 47 15 John
1667 2021 51 17 Ross.
1734 2020 52 16 Duke
1802 2021 62 16 Street.

1266 2028 60 15 Drake
1341 2027 64 19 Street,

991 2135 202 17 lifiotiiuatismMrH.
1204 2135 14 16 L
1231 2136 21 15 \vi
1264 2131 4 23 ,
1278 2135 61 19 Queen
1348 2135 60 15 Street
1428 2131 28 16 Mr
1464 2131 14 16 T

1450 2065 96 21 Discharge
1552 2065 19 17 of
1578 2065 55 16 Blood
1644 2067 44 14 from
1694 2065 30 16 tho
1731 2063 134 21 Bowelsdipt

1428 2088 20 16 T.
1459 2087 93 20 A'.dridge.

1450 2109 53 16 Great
1512 2109 78 18 Debility
1598 2109 34 16 and
1638 2108 87 20 Bleeding
1734 2109 18 15 at
1760 2107 30 16 the
1798 2106 67 17 Nose

1417 2147 2 26 ]
1449 2151 97 22 Neuralgia
1555 2152 35 16 and
1599 2152 81 16 Nervous
1689 2150 140 21 DebilityMrs
1840 2149 25 17 H.

1181 2184 27 15 igo
1218 2178 43 17 -Mr
1270 2178 50 17 Chu.
1332 2179 74 20 Honey-
1418 2174 1 25 I
1430 2174 63 20 Wuite,
1503 2174 100 16 Auckland.

1418 2194 1 19 I
1451 2194 118 17 Aftereffects
1583 2196 18 15 of
1607 2195 107 16 Rheumatic
1733 2194 61 19 Fever,
1811 2194 54 15 which

1184 2222 34 16 Mr
1233 2222 56 15 Elliot
1315 2222 85 16 TiieGuiro
1428 2218 33 16 loft
1470 2217 29 16 the
1507 2217 69 20 patient
1583 2217 130 21 helplessMr
1720 2215 49 17 John
1779 2215 24 16 H.
1813 2215 53 15 Jones

990 2265 74 16 Chronic.
1085 2265 174 16 RheumatismMr
1278 2265 70 16 Ronald
1367 2265 39 16 Mc-
1418 2263 1 18 I
1449 2263 72 18 Ji-uiuey
1529 2263 75 14 Disease
1612 2263 35 13 and
1654 2263 96 18 JLumoago
1760 2263 20 12 ol
1788 2263 21 12 jv
1816 2263 49 16 yeare

971 2286 71 21 Donald,
1054 2286 87 18 Rolleston
1155 2287 61 17 Street,
1231 2288 81 15 Thames.
1427 2281 138 21 standingMr
1574 2281 83 17 William
1665 2281 78 19 Trice,
1756 2280 65 22 loplur
1834 2280 31 15 I'm

990 2308 114 22 Indigestion,
1120 2308 73 16 General
1209 2307 87 22 Debility,
1312 2308 34 15 and
1361 2308 45 16 Con-
1416 2301 3 32 j
1440 2310 6 8 L
1447 2309 7 10 '<
1456 2309 14 10 lr
1479 2302 80 18 Howiek.

968 2342 65 20 These
1044 2347 56 14 cures
1110 2347 35 18 aye
1151 2340 27 20 all
1188 2342 85 17 attested
1284 2341 28 25 by
1322 2339 143 25 testimonials,
1473 2338 66 21 which
1548 2339 35 19 tho
1599 2339 154 20 manufacturer
1762 2338 43 24 has,
1817 2337 48 20 with

1207 2367 104 18 hundreds
1320 2368 22 18 of
1352 2366 75 23 others,
1439 2366 19 18 in
1465 2366 31 18 his
1508 2366 118 23 possession.

1189 2434 86 21 speetablo
1285 2434 86 17 Chemists
1379 2434 35 15 and
1426 2434 28 16 Stc

1501 2438 51 16 3pers,
1562 2433 35 16 and
1608 2433 24 21 by
1644 2434 31 16 the
1684 2439 40 16 proj

1074 2476 28 21 H.
1113 2476 25 20 A.
1150 2475 27 20 H.
1188 2474 153 24 HITOHENS,
1353 2476 25 17 50
1401 2474 126 21 Siiohtlatjd
1538 2475 86 23 Stueet,
1635 2474 124 20 Auckland.

983 2624 9 14 K
1004 2623 79 16 DVXCK.
1105 2619 151 19 PERSONALIA'
1274 2621 31 15 Oil
1316 2620 29 16 BY
1363 2619 43 15 LET

968 2643 36 14 XX.
1144 2638 51 21 XBlt,
1210 2640 32 15 li'KJ
1255 2640 16 15 E.

988 2682 37 16 DR.
1042 2681 56 16 IvEIL
1108 2680 30 16 has
1156 2680 74 20 pleasure
1246 2679 16 15 in
1277 2678 91 20 informing
1382 2678 25 15 his

969 2703 71 19 patrons
1048 2702 34 16 arid
1089 2702 29 15 tho
1126 2700 56 20 public
1190 2699 35 15 tbut
1237 2699 19 15 he
1264 2699 29 15 baa
1304 2699 67 15 secured
1379 2699 29 15 tne

969 2721 93 19 services.uf
1073 2720 110 20 ucomj-oteut
1189 2723 79 16 luannger
1278 2719 27 16 for
1317 2719 24 14 ins
1352 2719 14 14 A
1372 2723 10 10 s
1388 2718 19 15 ek

971 2742 38 15 land
1029 2741 79 18 business,
1126 2740 54 14 whose
1198 2738 69 16 medical
1284 2738 73 19 trainujg
1375 2737 33 15 and

969 2761 72 19 hosi>itul
1056 2760 96 20 experience
1163 2759 68 15 enables
1248 2758 34 15 him
1299 2759 17 14 to
1327 2758 37 19 give
1380 2757 28 15 the

971 2782 34 15 bast
1013 2780 57 16 a'tvieu
1078 2781 27 14 for
1113 2780 26 14 the
1150 2779 90 15 treatment
1246 2778 18 14 of
1271 2777 76 16 dueease.

990 2800 64 17 BALM
1072 2800 29 15 Ob'
1119 2797 148 18 GIBEAD.The
1283 2796 73 21 greutest
1367 2796 41 16 Cold

970 2825 48 11 curer
1035 2820 18 15 of
1063 2819 28 15 tbo
1102 2822 40 16 age;
1161 2817 29 15 has
1204 2818 49 13 cuiod
1271 2817 45 14 colds
1333 2819 16 12 ot
1365 2817 43 14 from

971 2840 110 15 seveutoten
1091 2841 48 17 years
1150 2836 83 19 standing.
1256 2836 53 19 Price,
1321 2836 17 14 2s
1348 2835 21 17 lid
1380 2840 28 15 per

971 2860 57 15 bottle.

990 2880 64 14 LU'XG
1068 2878 4 16 ]

971 2899 17 15 in
996 2899 21 15 its
1079 2902 17 11 or
1107 2900 61 13 miUUie
1178 2900 61 14 stages,
1261 2900 45 11 juiss
1317 2900 90 14 kubsisiilj,

973 2918 73 15 Wooden
1066 2917 49 18 Hills,
1135 2915 97 19 Ouehunga,
1251 2915 63 20 speuks:
1343 2916 20 14 '!
1375 2919 33 9 was

971 2942 51 16 gsveu
1030 2942 22 16 up
1061 2938 20 18 by
1088 2941 32 11 two
1134 2936 65 15 dociots
1213 2935 56 14 de-fore
1283 2935 9 14 1
1303 2933 105 17 commenced

972 2958 58 19 tatting
1044 2961 42 16 your
1100 2956 49 19 Lung
1168 2954 73 17 Balsam,
1260 2954 32 14 and
1316 2956 8 12 I
1343 2954 65 16 declare

972 2977 72 16 without
1055 2981 32 14 any
1098 2974 120 20 exaggeration
1229 2974 37 15 that
1283 2973 13 14 it
1314 2974 48 15 saved
1380 2977 28 15 my

972 2997 35 16 life.
1028 2998 38 17 Any
1088 2995 68 17 sufferer
1166 2993 59 16 should
1236 2999 8 9 o
1253 2992 102 16 >mniuaicato
1368 2993 41 14 with

1039 3016 48 16 Price
1093 3015 19 16 2s
1119 3015 20 15 6d
1144 3018 30 16 per
1177 3013 61 18 Iroitle;
1256 3013 32 15 five
1298 3012 27 15 for
1335 3012 32 15 10s.

993 3041 102 18 OASCAHA
1113 3038 152 19 BITTERSThe
1277 3040 39 17 only
1327 3041 34 13 real
1375 3042 31 14 cur

972 3063 27 15 for
1015 3062 105 18 costiveuos3,
1138 3059 109 19 Indigestion,
1263 3058 92 16 Headaebo
1376 3059 33 15 and

972 3081 102 18 piatulcnce,
1086 3080 68 19 making
1168 3084 10 10 a
1195 3078 86 16 misoiable
1300 3078 28 16 life
1345 3077 63 22 happy:

974 3102 34 16 well
1021 3100 58 17 named
1093 3100 15 20 bj
1124 3099 45 16 those
1181 3098 35 15 who
1227 3097 42 16 have
1281 3097 40 17 used
1333 3098 14 15 it

973 3121 69 16 SuFtfJiH
1056 3124 11 11 E
1068 3116 4 21 r
1074 3124 9 11 s
1096 3116 86 18 i'i:i:..nij."
1205 3117 48 17 Price
1259 3118 18 15 2s
1284 3117 21 16 6d
1312 3122 30 15 per
1348 3116 60 18 bottlo-

993 3141 66 16 Ladies
1088 3139 130 16 Coitrr,j:xiojts
1245 3137 88 15 beautified
1361 3137 48 16 made

973 3161 51 19 clean,
1034 3160 68 20 pimploa
1113 3159 31 14 and
1158 3158 72 15 blotches
1241 3156 76 16 removed
1328 3157 21 19 by
1361 3158 48 18 using

973 3185 31 11 our
1015 3179 69 17 LIVER
1099 3177 70 19 lONIC,
1182 3176 53 15 which
1246 3177 14 15 is
1270 3177 35 14 also
1322 3176 28 16 the
1367 3181 41 10 moat

973 3200 88 15 successful
1070 3203 38 11 cure
1117 3201 21 11 loi
1149 3197 102 15 Biliousness
1262 3196 32 15 and
1305 3196 23 16 all
1338 3196 71 15 diseases

973 3221 17 14 of
1001 3220 27 15 the
1037 3219 46 15 liver.
1105 3217 47 16 Price
1160 3225 15 5 -
1183 3216 19 15 bd
1209 3221 29 14 par
1246 3215 2 20 I
1256 3220 8 11 o
1276 3215 27 18 tie;
1310 3217 32 14 live
1349 3216 27 15 for
1383 3216 26 15 lGs

994 3238 61 17 HUSH
1075 3236 58 17 MOSS
1149 3236 49 14 A.\i>
1220 3236 46 16 COB
1283 3235 71 15 LIYEk
1371 3236 38 15 OIL

975 3259 45 17 EMU
1027 3257 120 17 LSlOK'i'he
1157 3255 35 16 best
1197 3254 120 20 und-Cheapost
1324 3255 85 16 Emulsion

973 3280 18 14 in
997 3278 29 16 the
1035 3277 70 18 market;
1114 3280 10 11 a
1138 3275 61 20 special
1212 3280 39 10 cure
1265 3276 26 13 lor
1298 3274 71 20 wasting
1376 3274 33 15 and

976 3298 79 19 debility.
1077 3296 49 16 Price
1133 3295 17 15 2s
1162 3299 29 14 per
1202 3294 60 16 bottle.

995 3318 33 15 .Dl-i
1039 3315 82 19 .NEIB'S,
1140 3313 155 21 Wellesloy-rstrcet
1309 3313 42 15 East
1380 3314 29 19 (tw

975 3337 49 16 doors
1033 3337 53 15 above
1093 3335 53 15 jlilnc
1154 3334 33 15 and
1192 3333 87 20 Choycc's,
1283 3334 14 15 is
1305 3333 104 20 tbecheapos

973 3357 52 15 house
1030 3357 18 15 to
1052 3356 34 19 buy
1091 3355 62 15 Patent
1159 3353 33 15 and
1197 3353 119 19 Hoinoepatltic
1319 3353 90 15 Medicines

974 3377 56 15 Toitet
1051 3374 92 20 Requisites
1165 3374 32 14 and
1220 3372 89 19 Druggists
1331 3372 78 15 Sundries

973 3396 55 16 Herbs
1035 3395 33 15 and
1076 3394 61 16 Herbal
1147 3391 124 18 Preparations.

1110 3411 85 18 ABVKJE
1212 3411 59 17 i?REE

998 3440 156 64 JP~W.
1187 3459 40 37 J.
1253 3458 104 38 NAPIEE-

1024 3503 152 22 BARRISTER
1189 3502 16 18 &
1214 3501 127 20 SOLICITOR-

969 3527 159 19 .-Commissioner
1136 3525 20 18 of
1164 3525 31 17 the
1213 3523 89 24 Supreme
1318 3523 58 18 Court
1389 3523 21 18 of

1168 3548 54 22 Fiji-)

976 3575 87 19 Solicitor
1076 3575 20 17 to
1104 3573 32 18 tlio
1144 3572 25 18 N.
1178 3571 20 18 Z.
1209 3571 127 18 Hovermnent
1351 3570 58 17 .uider

1083 3598 96 17 Advances
1188 3597 19 15 to
1216 3595 29 17 Set
1249 3595 42 16 Mots

975 3635 95 19 VICTOIIIA
1081 3634 89 19 AltCAiiE,
1179 3631 115 20 QCEEN-ST.,
1303 3628 105 19 Auckland.

997 3671 70 21 Money
1078 3671 18 16 to
1109 3668 53 19 Lend
1173 3665 109 20 oufreebold
1296 3664 81 24 security
1389 3668 19 14 at

976 3696 35 16 low
1021 3695 50 18 rates
1076 3693 21 18 of
1100 3692 82 17 interest.
1209 3692 68 19 .Money
1288 3690 84 16 invested
1380 3687 29 19 for

977 3718 55 17 /ions
1043 3717 38 18 free
1091 3716 18 17 of
1121 3716 75 19 charge.

1913 3644 41 18 The
1964 3645 112 17 movement
2083 3642 20 18 in
2114 3641 72 19 favour
2196 3640 22 20 of
2228 3647 24 12 an
2263 3640 53 25 eight

1888 3670 60 20 hours
1959 3670 38 20 day
2008 3669 20 19 in
2039 3668 84 20 Austria
2133 3668 17 19 is
2164 3667 89 25 showing
2264 3667 52 19 freak

1934 3704 7 10 b
1962 3695 21 20 of
1994 3695 41 19 life.
2063 3695 22 19 It
2096 3694 34 19 has
2145 3694 32 19 for
2194 3700 52 13 eomo
2261 3699 55 19 years

1888 3724 47 18 been
1950 3721 95 20 included
2064 3721 22 19 in
2105 3721 35 19 the
2156 3727 123 19 programme
2298 3719 18 19 of

1888 3749 34 19 the
1941 3749 84 19 Labour
2042 3750 66 23 party,
2125 3747 35 18 but
2176 3748 46 17 does
2237 3747 42 22 not,
2298 3752 18 12 as

1886 3777 40 23 yet,
1938 3775 51 19 form
2001 3774 34 19 the
2048 3773 97 26 principal
2155 3772 115 20 immediate
2281 3771 35 19 aim

1887 3801 21 20 of
1928 3801 34 20 the
1980 3800 90 24 working
2085 3800 81 19 classes.
2193 3798 58 24 Now,
2267 3798 37 19 how-

1885 3834 51 18 ever,
1950 3827 35 19 the
1995 3826 100 20 Austrian
2106 3825 74 19 miners
2190 3825 64 18 would
2266 3831 50 12 seem

1885 3853 128 21 determined
2034 3855 21 16 to
2070 3859 35 12 use
2119 3858 59 18 every
2201 3851 63 19 effort
2287 3850 29 19 for

1884 3880 110 24 enforcing
2005 3878 40 20 this
2056 3878 84 19 demand
2152 3884 52 19 upon
2216 3878 52 19 their
2279 3884 25 12 em-

1886 3907 85 25 ployers.

1904 3939 46 22 .Tor
1969 3937 75 24 calling
2065 3937 35 19 the
2121 3936 45 19 wife
2189 3936 21 18 of
2233 3942 11 12 a
2266 3943 38 13 nou-

1884 3964 89 20 uniouist
1992 3971 10 11 a
2013 3963 91 24 blackleg
2115 3965 21 17 at
2152 3961 61 25 Bulli,
2224 3969 11 12 a
2251 3963 65 19 mine''

1883 3991 71 19 named
1966 3990 69 18 James
2046 3989 87 25 Morgan
2143 3988 35 19 lias
2189 3989 48 19 been
2249 3985 65 23 bound

1882 4024 47 12 over
1947 4016 21 19 in
1980 4016 33 19 the
2024 4022 43 12 sum
2079 4017 21 17 of
2115 4015 44 19 4O
2176 4018 21 16 to
2216 4015 51 25 keep
2282 4016 33 18 the

1884 4050 58 19 peace
1952 4043 33 19 for
1996 4042 59 19 three
2066 4042 86 19 monihs.

1921 4088 62 13 Rough
1992 4090 22 11 on
2025 4087 10 14 li

1883 4104 71 21 roaches,
1966 4106 40 18 ilius,
2020 4106 42 17 ants,
2068 4104 178 20 .bed-Imgs,..'Ufccts,
2259 4101 53 17 stunk

1883 4130 22 11 eoc
1912 4125 87 17 uii-riibits,
2220 4124 3 20 '
2249 4124 1 20 '
2279 4127 33 5 '"'"

1882 4151 11 10 u,
1900 4145 22 15 uJ
1933 4144 84 19 druggists

2442 3788 14 14 A
2464 3788 39 18 Slip
2510 3789 21 13 of
2537 3790 31 14 tho
2576 3791 77 17 Tongue.

2357 3818 18 16 A
2383 3820 44 12 man
2436 3819 40 12 was
2484 3814 49 18 tried
2550 3816 30 17 for
2588 3816 50 17 theft
2646 3816 20 16 at
2680 3813 32 18 the
2720 3813 25 17 Ox-

2338 3841 40 18 ford
2394 3839 74 17 assizes.
2492 3839 39 17 The
2548 3840 85 17 foreman
2642 3839 20 17 of
2672 3838 31 16 the
2711 3837 46 21 jury

2338 3865 52 18 when
2406 3863 66 21 giving
2488 3864 31 17 tho
2531 3865 74 17 verdict
2618 3863 54 18 made
2688 3866 10 13 a
2713 3861 33 17 mis-

2338 3889 41 18 take
2395 3888 37 16 and
2448 3888 40 17 said
2648 3886 74 18 instead
2737 3886 20 17 of

2338 3912 97 21 'Guilty."
2460 3912 80 22 Though
2549 3913 24 17 ho
2581 3912 70 18 wished
2658 3912 21 16 to
2687 3910 69 22 rectify

2337 3938 31 16 the
2375 3936 88 19 mistake,
2472 3937 23 17 he
2507 3937 56 17 could
2571 3938 35 16 not
2612 3937 24 16 do
2643 3940 27 14 so,
2678 3934 39 17 and
2724 3934 33 17 the

2336 3966 44 12 man
2393 3965 41 12 was
2449 3961 82 17 released
2548 3961 49 17 from
2613 3957 144 21 custody.Ex-

2804 3794 64 21 There
2878 3803 34 13 are
2922 3803 60 14 seven
2992 3800 91 23 grounds
3098 3800 23 19 of
3129 3800 78 22 divorce

2778 3825 21 13 in
2810 3821 66 26 Japan
2896 3824 31 24 (as
2947 3824 80 25 regards
3038 3831 76 14 vromen
3133 3827 58 26 only)
3201 3837 6 11 :

2781 3845 59 26 First,
2850 3848 111 26 jealously;
2972 3852 79 23 second,
3062 3852 132 22 tbievisbness
3202 3863 5 17 ;

2778 3872 60 25 third,
2848 3874 101 27 infidelity
2956 3886 5 15 ;
2969 3877 77 24 fourth,
3058 3878 146 27 childishness;

2778 3898 52 25 fifth,
2841 3901 139 22 disobedience
2994 3906 20 17 to
3032 3906 162 24 parents-io-law
3203 3898 4 33 ;

2778 3926 60 23 sixth,
2857 3934 24 12 an
2911 3928 102 21 incurable
3041 3937 23 13 or
3090 3932 116 26 contagions

2778 3950 77 23 disease
2865 3961 5 16 ;
2879 3956 92 24 seventh,
2982 3956 79 26 talking
3071 3959 33 18 too
3114 3958 66 21 much.

2796 3996 61 19 V'-itin
2876 3996 50 17 Cards
2937 3998 49 19 cqnp'.
2997 4000 18 13 to
3021 4000 105 19 copperplate
3137 4000 43 15 dono

2778 4019 18 16 (lj
2798 4025 9 11 G
2814 4016 45 15 frico
2865 4017 18 14 of
2928 4021 57 15 paper.

2353 4028 179 17 RHEUMATISM.
2536 4029 26 15 Dr
2572 4029 19 16 E.
2600 4027 80 17 Gordon's
2694 4029 65 18 remedy

2332 4060 57 12 never
2407 4060 49 13 fails
2471 4057 17 15 in
2507 4056 112 21 permanently
2635 4055 60 19 curing
2705 4055 44 16 Ehou-

2331 4084 70 19 matisir,
2414 4083 90 21 Lumbago,
2516 4085 79 17 Sciatica,
2606 4081 51 20 Gout,
2678 4082 40 20 etc.,

2329 4114 31 12 one
2370 4111 11 14 I'
2389 4111 34 15 >ttlo
2431 4111 52 19 gives,
2490 4110 53 16 relief.
2565 4108 50 19 Price,
2631 4107 32 19 10s,
2680 4108 38 20 post
2725 4107 34 18 free

2329 4135 89 20 WwrtTON
2428 4136 97 19 r.Qcx-'
2536 4136 33 18 334,
2580 4133 77 20 Duu9<3in
