2529 4010
1313 291 23 23 A
1349 299 52 23 year
1410 291 43 23 has
1465 292 90 30 elapsed
1574 293 62 22 since
1655 292 38 23 the
1707 292 50 23 first
1769 293 96 23 number

1280 323 25 23 of
1314 324 45 22 this
1372 324 92 24 Journal
1478 332 46 15 wa;
1534 325 121 30 presented
1668 330 22 18 to
1709 325 38 23 the
1764 325 101 24 Colonial

1280 356 75 30 public
1364 365 7 19 ;
1401 356 45 23 and
1468 357 87 30 though
1578 358 61 22 brief
1658 357 38 23 the
1719 358 85 30 period,
1829 358 36 23 the

1280 390 86 29 history
1378 390 26 22 of
1421 390 37 22 the
1479 390 88 30 Colony
1578 390 40 22 has
1635 390 58 23 been
1712 395 150 19 momentous.

1280 422 37 23 On
1331 422 82 22 arrival
1427 422 36 23 the
1484 423 116 22 Colonists
1618 423 74 22 where
1710 423 31 30 by
1752 424 113 30 necessity

1280 454 124 31 compelled
1430 459 23 18 to
1479 459 74 19 create
1580 463 14 15 a
1607 455 163 28 Government,
1790 456 73 23 which

1279 487 167 31 accomplished
1460 487 30 23 all
1509 488 49 22 that
1576 496 44 14 was
1640 496 121 22 necessary
1774 489 34 22 for
1827 489 38 22 the

1273 527 74 23 .peace
1365 520 44 23 and
1435 520 90 23 welfare
1550 521 24 22 of
1599 520 38 23 the
1656 521 96 30 Colony,
1774 522 34 22 till
1828 522 36 22 the

1279 552 74 31 happy
1366 557 100 19 moment
1479 553 66 23 when
1557 553 40 23 her
1616 553 123 31 Majesty's
1751 555 114 29 authority

1279 592 43 15 was
1335 586 109 22 asserted.
1481 586 50 23 The
1544 586 130 23 settlement
1692 587 44 22 had
1753 587 53 30 only
1816 588 49 29 just

1278 617 55 23 been
1354 617 95 29 formed,
1468 619 64 22 when
1553 619 38 23 the
1614 619 144 30 overflowing
1781 620 26 22 of
1827 620 36 23 the

1281 650 59 23 Hutt
1352 650 36 23 led
1400 650 39 23 the
1451 652 89 22 settlers
1551 656 22 18 to
1592 652 48 22 fear
1659 651 84 31 having
1759 658 21 17 to
1793 653 70 22 aban-

1278 683 42 23 don
1333 683 39 23 the
1383 684 54 30 only
1449 684 147 30 agricultural
1609 685 88 22 district
1709 685 53 22 then
1778 685 84 23 known

1279 721 21 17 to
1313 716 39 22 the
1366 717 96 29 Colony.
1501 718 20 21 A
1541 717 63 31 large
1621 718 89 29 portion
1731 718 24 22 of
1771 718 38 23 the
1828 718 35 22 iu-

1279 748 81 23 tended
1383 754 59 18 town
1474 757 45 15 was
1547 751 118 29 surveyed,
1690 750 64 23 when
1778 751 18 22 it
1818 758 45 16 was

1277 781 139 23 determined
1428 787 23 17 to
1463 783 103 22 abandon
1579 784 29 21 its
1616 784 50 27 site,
1677 783 44 22 and
1729 791 132 15 commence

1277 822 12 14 a
1303 822 50 15 new
1372 823 82 22 survey
1473 821 23 17 at
1515 823 27 15 an
1564 816 160 22 unfavourable
1741 824 80 14 season
1841 816 24 23 of

1277 847 36 23 the
1332 855 62 23 year,
1408 855 28 15 on
1451 847 36 23 the
1508 850 101 28 opposite
1628 848 67 23 shore
1715 848 27 23 of
1757 856 38 15 me
1809 849 53 22 har-

1276 880 64 23 bour.
1384 880 39 23 On
1434 880 37 23 the
1491 888 39 15 eve
1550 881 24 22 of
1592 881 80 30 taking
1690 882 130 29 possession
1840 882 25 22 of

1276 913 36 23 the
1326 918 57 18 town
1398 921 32 15 we
1443 921 57 15 were
1512 918 46 18 met
1576 913 52 23 with
1647 914 37 22 the
1703 914 92 30 Sydney
1815 915 46 28 bill,

1276 946 72 23 which
1360 946 133 23 threatened
1510 952 21 17 to
1552 946 91 31 deprive
1663 946 37 24 the
1722 947 105 23 Colonist
1841 948 24 22 of

1277 978 35 23 the
1326 984 57 18 most
1395 979 112 28 valuable,
1521 979 44 23 and
1583 979 37 23 the
1641 980 52 30 only
1712 980 65 23 lands
1789 981 73 22 which

1276 1012 22 21 in
1310 1012 39 22 the
1359 1012 52 23 first
1429 1017 65 25 stage
1514 1012 24 23 of
1555 1020 41 15 our
1616 1013 115 23 existence
1750 1013 66 23 could
1835 1014 27 23 be

1275 1045 107 30 occupied
1392 1054 5 19 ;
1417 1045 66 23 while
1504 1045 55 23 each
1578 1046 81 22 arrival
1679 1046 58 22 from
1754 1046 108 31 England

1273 1077 88 23 further
1374 1078 93 23 assured
1479 1086 28 15 us
1520 1079 24 22 of
1553 1078 44 23 bad
1609 1084 69 17 terms
1693 1080 133 30 continuing
1839 1085 22 18 to

1275 1111 58 22 exist
1345 1111 100 23 between
1464 1111 38 23 the
1516 1112 156 22 Government
1684 1112 44 22 and
1740 1113 37 22 the
1791 1113 70 23 Com-

1274 1150 68 23 pany.
1387 1144 51 23 The
1457 1149 76 18 return
1553 1145 25 22 of
1653 1145 130 30 deputation
1805 1146 55 23 from

1275 1176 93 31 Sydney
1386 1185 46 14 was
1453 1177 36 22 the
1508 1178 51 22 first
1578 1185 120 15 assurance
1716 1179 26 22 of
1762 1186 13 15 a
1792 1179 68 23 satis-

1273 1209 85 30 factory
1373 1209 54 23 kind
1440 1210 37 23 the
1491 1210 114 23 Colonists
1618 1211 43 22 had
1680 1211 100 23 received
1794 1219 64 16 since

1273 1242 59 23 their
1355 1242 90 23 arrival.
1491 1243 65 30 They
1581 1244 105 29 accepted
1708 1244 39 22 Sir
1770 1245 90 30 George

1273 1275 75 30 Gipps
1360 1275 53 23 offer
1428 1275 77 31 freely,
1519 1275 89 31 though
1620 1277 17 21 it
1649 1277 86 29 greatly
1749 1278 109 23 curta'kd

1273 1308 58 23 their
1344 1308 131 23 reasonable
1487 1310 162 29 expectations,
1664 1310 71 22 under
1753 1310 37 23 the
1804 1310 56 31 hope

1273 1341 48 23 that
1334 1342 16 22 it
1363 1341 73 23 would
1444 1342 27 22 be
1480 1350 13 14 a
1500 1349 78 15 means
1587 1341 24 23 of
1620 1343 109 29 assisting
1741 1343 36 23 the
1791 1343 69 24 Com-

1272 1382 58 22 pany
1339 1375 21 22 in
1369 1374 58 23 their
1434 1375 154 29 negociations
1594 1374 54 23 with
1656 1374 202 26 theGovermnent.

1306 1407 191 23 Thenceforward
1521 1412 78 18 events
1625 1407 57 24 have
1703 1408 59 23 been
1781 1409 77 31 highly

1270 1440 139 23 favourable.
1447 1440 66 23 Each
1531 1440 42 31 day
1586 1440 100 31 inspired
1705 1441 38 23 the
1756 1442 102 24 Colonist

1272 1473 53 22 with
1345 1481 28 14 an
1392 1474 129 30 increasing
1541 1475 126 21 conviction
1688 1474 24 23 of
1729 1474 36 24 the
1786 1475 72 31 happy

1271 1506 107 23 selection
1409 1506 26 23 of
1461 1506 39 23 the
1523 1506 109 31 principal
1660 1507 137 29 settlement,
1823 1510 35 21 the

1272 1539 95 30 fertility
1386 1539 25 23 of
1430 1539 36 23 the
1486 1540 41 22 soil
1552 1540 29 29 by
1602 1539 71 23 which
1696 1541 17 22 it
1736 1548 44 16 was
1804 1549 51 15 sur-

1272 1572 106 28 rounded,
1394 1573 44 22 and
1451 1573 36 22 the
1501 1573 85 30 facility
1599 1573 52 22 with
1663 1573 73 23 which
1755 1574 19 23 it
1793 1575 65 23 could

1272 1605 28 23 be
1319 1606 141 29 approached
1479 1606 54 22 both
1545 1606 30 31 by
1588 1606 52 22 land
1653 1607 43 22 and
1710 1612 68 18 water
1791 1615 62 15 com-

1272 1639 147 22 munication.
1474 1639 99 30 Finally,
1594 1647 59 15 news
1683 1640 88 23 arrived
1794 1642 26 21 of
1846 1649 12 15 a

1271 1672 144 30 satisfactory
1427 1678 146 24 arrangment
1583 1673 102 22 between
1700 1672 38 24 the
1752 1673 104 23 Govern-

1270 1709 63 18 ment
1352 1705 44 22 and
1416 1705 38 22 the
1475 1705 126 31 Company,
1622 1705 36 23 the
1682 1707 99 29 promise
1806 1707 25 22 of
1845 1715 13 15 a

1272 1737 96 23 Charter
1380 1738 24 22 of
1417 1738 169 30 Incorporation
1600 1739 33 22 for
1652 1738 37 23 the
1705 1739 94 28 district,
1813 1741 44 23 and

1270 1770 49 23 that
1332 1771 74 30 happy
1420 1775 73 23 event,
1507 1771 72 22 which
1601 1771 36 23 the
1658 1772 114 23 Colonists
1791 1773 67 23 dined

1271 1804 109 29 together,
1394 1812 27 15 on
1442 1804 122 29 Thursday
1577 1804 49 28 last,
1641 1809 21 18 to
1676 1811 180 17 commemorate.

1304 1837 51 23 One
1369 1837 88 30 subject
1470 1837 51 30 only
1534 1837 40 23 has
1587 1838 113 22 remained
1719 1846 13 14 a
1745 1846 78 15 source
1835 1840 25 21 of

1268 1876 84 23 regret,
1373 1870 72 23 which
1468 1878 33 15 we
1522 1870 55 23 need
1601 1870 79 30 hardly
1698 1875 57 18 state
1780 1872 18 22 is
1820 1872 38 22 the

1268 1903 99 30 position
1380 1904 22 22 in
1412 1903 72 22 which
1497 1903 36 23 the
1547 1903 129 23 settlement
1688 1903 40 23 has
1742 1905 114 23 remained

1269 1937 23 21 in
1311 1936 93 23 relation
1427 1936 53 23 with
1501 1936 37 23 the
1559 1936 119 23 Governor
1690 1937 24 22 of
1732 1937 56 23 New
1799 1938 55 22 Zea-

1269 1968 59 28 land,
1343 1969 56 23 from
1414 1969 37 23 the
1469 1969 43 30 day
1526 1969 24 23 of
1567 1969 37 23 the
1622 1970 137 22 declaration
1778 1971 26 22 of
1821 1971 35 23 the

1268 2002 103 25 Queen's
1383 2002 123 30 authority.
1543 2002 51 23 The
1607 2007 63 18 tenor
1683 2003 24 22 of
1721 2003 35 22 his
1771 2004 85 23 Excel-

1268 2035 86 28 lency's
1379 2035 202 21 communications
1608 2035 52 21 with
1685 2035 44 21 and
1759 2035 96 30 through

1269 2066 95 23 Colonel
1377 2066 128 22 Wakefield
1517 2072 23 16 at
1553 2067 37 22 the
1603 2067 49 29 Bay
1666 2067 24 22 of
1708 2067 98 27 Islands,
1820 2068 35 22 led

1268 2107 35 18 us,
1316 2103 22 19 at
1351 2100 56 27 first,
1422 2104 22 18 to
1457 2100 121 29 anticipate
1586 2107 13 15 a
1610 2100 78 29 hearty
1700 2101 156 29 co-operation

1268 2133 100 22 between
1382 2132 38 23 the
1434 2132 114 23 Colonists
1562 2133 44 22 and
1625 2133 36 22 the
1679 2134 176 28 representative

1268 2166 26 21 of
1310 2166 40 22 her
1371 2165 107 31 Majesty.
1517 2165 26 23 In
1557 2166 61 27 time,
1632 2166 96 29 feelings
1741 2166 24 22 of
1782 2166 73 23 dissa-

1268 2198 112 23 tisfaction
1394 2206 64 15 arose
1471 2203 23 18 at
1508 2199 35 22 the
1557 2200 21 21 in
1589 2199 111 22 inference
1714 2200 92 22 evinced
1826 2201 29 29 by

1268 2232 35 22 his
1322 2232 160 29 Excellency's
1502 2232 128 29 abstaining
1649 2237 23 18 to
1684 2233 52 22 visit
1748 2233 43 22 (his
1809 2240 46 16 set-

1268 2265 93 22 tlement
1371 2273 5 14 :
1395 2270 38 24 yet
1446 2266 16 21 it
1475 2272 45 15 was
1532 2265 73 30 hoped
1617 2265 45 23 this
1675 2273 54 22 poor
1741 2274 77 15 return
1833 2272 22 17 to

1268 2305 40 15 our
1338 2298 148 30 despatching
1513 2306 13 15 a
1550 2298 72 23 vessel
1653 2303 22 18 to
1698 2299 38 22 the
1760 2299 49 30 Bay
1834 2300 24 22 of

1268 2330 99 28 Islands,
1381 2331 54 22 with
1446 2331 92 23 Colonel
1554 2331 126 23 Wakefieid
1692 2340 23 14 us
1725 2340 40 14 our
1778 2340 77 22 repre-

1268 2364 117 26 sentative,
1407 2364 72 23 would
1500 2364 27 23 be
1545 2364 158 30 satisfactorily
1726 2365 127 30 explained.

1268 2396 99 24 Instead
1385 2398 25 21 of
1431 2398 53 26 this,
1505 2406 12 14 a
1536 2398 72 22 vessel
1628 2398 94 27 arrived,
1744 2399 52 21 witli
1819 2406 35 15 in-

1267 2431 123 22 structions
1402 2435 22 18 to
1437 2431 97 30 perform
1555 2439 27 14 au
1602 2436 44 22 act,
1661 2431 37 22 the
1717 2431 103 31 hostility
1832 2432 25 23 of

1268 2463 72 22 which
1365 2463 66 23 could
1449 2468 40 18 not
1516 2465 26 21 be
1569 2464 139 30 questioned,
1728 2464 62 23 when
1816 2465 38 23 the

1268 2496 115 23 Colonists
1406 2496 41 23 felt
1469 2496 77 23 bound
1571 2502 21 17 to
1611 2498 52 29 give
1682 2502 52 18 vent
1752 2502 23 17 to
1794 2498 60 23 their

1267 2529 87 30 injured
1369 2529 101 30 feelings,
1484 2530 30 29 by
1526 2530 79 30 voting
1624 2538 29 15 an
1666 2530 91 23 address
1771 2536 21 17 to
1813 2531 41 23 her

1269 2562 107 31 Majesty,
1395 2571 27 14 on
1444 2563 36 22 the
1496 2563 89 31 subject
1605 2565 20 21 ot
1647 2563 57 23 their
1723 2569 128 18 treatment,
1865 2561 1 36 j

1267 2596 51 22 Still
1338 2604 75 21 many,
1426 2596 61 22 loath
1507 2601 21 17 to
1547 2597 102 22 abandon
1672 2596 36 24 the
1728 2597 55 23 faith
1800 2597 54 31 they

1267 2629 41 22 had
1324 2629 92 29 reposed
1436 2630 21 21 in
1472 2629 96 30 Caplain
1589 2629 104 27 Hobson,
1707 2630 81 23 looked
1806 2630 46 23 for-

1267 2662 59 22 ward
1338 2667 22 17 to
1373 2662 35 22 his
1425 2662 80 23 arrival
1520 2670 23 15 as
1561 2670 12 15 a
1585 2670 78 15 means
1676 2663 24 22 of
1708 2665 146 29 terminating

1266 2695 37 22 the
1311 2696 100 29 existing
1424 2700 58 17 want
1496 2696 25 21 of
1529 2696 138 23 confidence.
1704 2696 32 22 At
1748 2696 37 23 the
1798 2698 54 21 time

1266 2736 33 15 we
1317 2728 70 27 write,
1401 2729 88 22 sixteen
1508 2728 91 23 months
1617 2729 57 22 have
1693 2729 97 30 elapsed,
1810 2730 44 23 and

1266 2766 23 17 at
1307 2761 45 22 last
1371 2761 36 22 the
1427 2769 54 22 very
1493 2769 92 15 rumour
1605 2762 24 22 of
1647 2761 34 23 his
1693 2761 160 32 Excellency's

1266 2794 68 30 being
1347 2794 67 22 about
1426 2799 23 17 to
1468 2795 54 22 visit
1541 2794 57 23 Port
1613 2795 124 23 Nicholson
1748 2795 41 23 has
1802 2796 52 23 died
1865 2800 1 30 j

1266 2835 70 21 away,
1375 2827 64 23 liven
1462 2827 55 23 with
1541 2827 45 23 this
1609 2828 127 28 drawback,
1762 2829 29 22 all
1816 2829 37 23 the

1266 2861 89 22 settlers
1367 2860 43 23 feel
1425 2860 36 23 the
1475 2860 88 31 Colony
1574 2861 40 23 has
1623 2862 80 29 passed
1713 2862 98 31 through
1823 2863 30 22 its

1265 2898 64 25 stage
1341 2893 25 23 of
1376 2893 63 23 trials
1453 2894 130 28 unscathed,
1594 2895 43 22 and
1650 2894 47 23 that
1710 2896 141 30 experience,
1865 2900 1 12 '

1265 2926 88 23 instead
1366 2926 25 23 of
1405 2926 149 31 diminishing
1567 2935 40 15 our
1620 2929 162 30 expectations,
1795 2936 56 16 war-
1865 2926 1 24 i

1266 2964 50 18 rant
1329 2959 36 23 the
1378 2961 148 29 anticipation
1536 2961 25 22 of
1576 2961 37 22 the
1625 2961 132 23 realization
1771 2962 24 23 of
1812 2970 41 15 our

1265 2992 99 29 English
1378 2992 98 25 dreams.

1300 3025 50 23 The
1362 3033 70 23 paper
1444 3026 48 27 has,
1506 3035 24 14 as
1543 3026 73 31 might
1635 3027 28 23 be
1676 3028 116 30 expected,
1813 3036 39 15 ex-

1264 3058 119 32 perienced
1402 3058 38 23 the
1461 3060 119 22 transition
1594 3062 24 21 of
1634 3060 96 31 feel'mgs
1749 3069 103 15 common

1264 3097 22 18 to
1295 3092 37 22 the
1344 3091 71 23 whole
1427 3092 95 31 Colony.
1552 3093 45 22 We
1602 3093 56 23 have
1667 3093 72 23 aimed
1748 3099 22 17 at
1779 3095 70 22 main-

1265 3125 87 29 taining
1360 3124 37 23 the
1411 3124 167 32 independence
1591 3126 24 23 of
1625 3133 40 15 our
1681 3133 48 16 own
1740 3128 111 29 opinions,

1264 3157 43 24 and
1319 3163 24 17 at
1355 3157 38 23 the
1404 3165 62 16 same
1477 3159 53 22 time
1543 3158 111 31 affording
1661 3159 38 23 the
1712 3159 76 23 fullest
1800 3166 52 17 vent

1264 3196 22 17 to
1300 3190 36 23 the
1348 3191 104 30 opinions
1464 3192 25 22 of
1505 3192 65 23 those
1582 3192 49 23 who
1645 3192 91 23 differed
1750 3193 52 22 with
1816 3201 34 15 us.

1263 3224 44 22 We
1327 3224 85 22 believe
1431 3232 32 14 we
1481 3224 64 28 have,
1567 3225 147 30 throughout,
1735 3226 116 23 sustained

1264 3257 37 22 the
1324 3257 170 31 respectability
1518 3258 24 22 of
1564 3258 37 23 the
1620 3266 71 23 press,
1710 3258 85 32 though
1819 3267 32 15 we

1263 3290 64 27 have,
1340 3290 23 22 in
1376 3298 13 14 a
1401 3290 43 22 few
1456 3298 70 21 cases,
1539 3291 56 23 been
1609 3291 99 30 charged
1726 3293 52 22 with
1792 3293 59 23 vitu-

1262 3323 111 31 peration,
1394 3323 65 23 while
1477 3331 32 16 we
1529 3324 63 28 have,
1611 3324 23 23 in
1652 3324 51 27 fact,
1724 3325 52 31 only
1796 3326 55 23 used

1263 3356 37 22 the
1312 3356 113 30 language
1437 3358 24 20 of
1470 3357 150 26 indignation.
1657 3358 55 22 And
1731 3359 17 21 it
1761 3359 45 23 will
1824 3359 27 23 be

1262 3397 41 14 our
1322 3396 98 24 purpose
1440 3394 21 17 to
1481 3391 109 22 maintain
1603 3390 36 23 the
1653 3398 78 16 course
1743 3399 32 16 we
1793 3392 57 23 have

1262 3422 97 22 hitherto
1373 3422 108 29 pursued.

1296 3454 42 23 We
1347 3454 60 24 .have
1420 3455 117 24 furnished
1550 3464 13 15 a
1578 3456 39 23 list
1629 3457 25 22 of
1673 3457 37 23 the
1729 3465 79 16 names
1828 3458 24 24 of

1261 3488 30 23 all
1303 3488 38 22 the
1355 3488 84 23 vessels
1459 3488 72 23 which
1550 3489 58 23 have
1627 3490 87 23 arrived
1735 3492 62 22 since
1812 3491 37 24 the

1261 3521 119 22 formation
1394 3521 26 23 of
1430 3521 36 23 the
1481 3521 94 31 Colony,
1590 3526 21 19 to
1624 3523 86 22 exhibit
1724 3523 39 22 the
1776 3525 74 30 rising

1260 3554 139 30 importance
1419 3554 25 22 of
1460 3562 41 15 our
1521 3554 104 24 harbour.
1674 3555 43 23 We
1732 3556 56 23 have
1808 3565 40 15 ex-

1261 3586 81 23 teuded
1355 3594 40 15 our
1407 3587 183 30 meteorological
1604 3588 67 28 table,
1679 3589 22 21 in
1713 3589 71 30 hopes
1800 3590 48 23 that

1261 3620 37 22 the
1311 3619 86 31 change
1416 3620 45 23 will
1481 3620 80 23 enable
1573 3628 94 23 persons
1681 3625 22 18 at
1721 3629 14 15 a
1747 3621 104 25 distance,

1260 3660 60 16 more
1345 3653 126 30 accurately
1496 3657 23 19 to
1545 3654 103 22 estimate
1676 3661 40 15 our
1740 3654 90 24 climate
1839 3665 5 19 ;

1260 3685 88 24 besides
1360 3685 46 23 this
1419 3693 32 15 we
1463 3685 57 24 have
1532 3686 65 23 made
1615 3694 13 15 a
1648 3686 40 23 few
1707 3686 64 24 other
1790 3688 56 23 alte-

1260 3719 85 23 rations
1357 3720 21 21 in
1393 3719 37 23 the
1444 3726 138 23 appearance
1602 3719 24 23 of
1640 3719 37 23 the
1689 3727 78 23 paper.
1803 3721 43 23 We

1260 3751 55 24 have
1338 3752 24 22 in
1387 3752 55 22 view
1472 3752 129 29 increasing
1628 3752 39 23 the
1696 3754 103 30 quantity
1825 3754 24 23 of

1259 3789 90 23 matter,
1374 3784 73 24 either
1470 3785 30 30 by
1522 3784 121 31 enlarging
1667 3793 40 15 our
1731 3785 71 30 sheet,
1823 3795 23 15 or

1260 3819 88 29 issuing
1371 3819 17 21 it
1416 3817 165 31 semi-weekly.
1636 3818 50 23 The
1715 3818 131 25 alterations

1260 3851 71 23 would
1343 3851 28 22 he
1383 3850 105 24 attended
1508 3850 54 24 with
1581 3852 103 22 material
1702 3852 102 24 increase
1823 3853 23 23 in

1259 3884 155 32 expenditure,
1428 3884 44 23 and
1489 3888 63 19 must
1571 3884 85 31 depend
1676 3892 61 24 upon
1755 3885 39 24 the
1810 3887 35 22 in-

1258 3917 92 23 creased
1369 3921 94 27 support
1481 3925 34 15 we
1532 3918 90 23 receive
1643 3918 85 29 before,
1748 3926 26 16 or
1794 3927 52 23 may

1927 520 50 24 The
2000 521 111 23 schooner
2132 522 90 30 Bdley,
2248 523 103 30 Captain'
2370 523 105 30 Sinclair,

1893 554 89 22 arrived
1992 562 28 14 on
2034 555 113 29 Saturday
2159 556 97 30 evening
2269 555 49 28 last,
2336 556 58 23 from
2414 557 62 23 Lon-

1894 586 51 28 don,
1959 586 52 23 with
2024 587 63 23 dates
2100 592 22 18 to
2135 582 36 28 tiie
2180 588 57 22 20th
2248 588 135 24 December.
2421 590 56 23 This

1891 619 46 23 fine
1950 619 57 23 craft
2017 620 53 23 beat
2082 621 23 21 in
2117 621 90 29 against
2218 629 14 15 a
2245 626 79 25 strong
2341 622 136 23 north-west

1893 652 59 23 wind
1964 653 23 22 in
2098 653 64 30 style.
2200 653 46 23 She
2256 661 44 16 was
2309 654 135 31 despatched
2455 661 21 18 to

1893 685 66 30 bring
1978 685 125 32 duplicates
2123 686 24 23 of
2162 686 37 22 the
2218 692 158 26 arrangement
2399 688 26 22 of
2441 689 36 22 the

1892 722 69 18 terms
1982 718 99 23 between
2095 718 36 23 the
2145 719 155 23 Government
2312 720 44 23 and
2368 720 38 23 the
2420 720 55 24 Ne.v

1893 750 98 23 Zealand
2006 751 125 31 Company,
2145 757 59 17 most
2216 753 25 21 of
2260 752 36 22 the
2308 753 134 30 particulars
2455 755 23 22 of

1891 783 73 22 which
1984 784 45 22 will
2047 784 28 22 be
2088 784 68 23 found
2176 792 21 15 m
2216 784 95 24 another
2329 790 51 26 part
2399 786 25 22 of
2439 787 37 23 the

1891 823 77 23 paper,
1982 817 114 22 extracted
2109 817 55 23 from
2178 817 37 23 the
2232 817 96 24 London
2347 817 57 24 New
2416 818 59 24 Zea-

1892 848 54 22 land
1955 848 100 23 Journal
2065 850 26 21 of
2101 850 36 22 the
2153 850 41 23 sth
2213 851 24 22 of
2254 851 136 23 December.
2427 852 49 23 The

1893 881 106 30 originals
2015 890 57 14 were
2091 882 122 23 forwarded
2232 883 30 30 by
2281 884 37 22 the
2338 884 139 31 Company's

1892 913 50 31 ship
1958 913 117 31 Olympus,
2089 915 71 23 which
2179 915 39 23 left
2239 916 35 22 the
2286 916 87 23 Downs
2392 925 30 15 on
2441 918 36 23 the

1891 947 40 23 9th
1947 946 134 30 December,
2095 948 43 22 and
2151 949 19 22 is
2182 955 48 16 now
2243 948 55 31 long
2316 950 104 28 overdue,
2434 951 43 23 and

1891 988 52 22 may
1956 980 26 22 be
1999 981 108 30 expected
2128 981 21 22 in
2170 989 60 23 upon
2243 990 11 14 a
2267 982 86 30 change
2365 983 25 22 of
2408 984 65 23 wind.

1892 1012 50 23 The
1955 1013 118 31 Company
2086 1014 57 23 alive
2161 1019 22 18 to
2197 1014 37 23 the
2246 1016 92 29 anxiety
2349 1015 54 31 they
2420 1016 54 31 fully

1889 1046 42 23 felt
1951 1054 32 15 we
2001 1047 148 30 experienced
2168 1049 128 29 respecting
2320 1049 58 22 their
2401 1049 75 24 future

1889 1080 106 29 position,
2009 1080 132 30 dispatched
2154 1080 45 23 this
2218 1080 84 32 clipper
2315 1085 22 19 to
2347 1082 82 23 relieve
2450 1091 27 15 us

1890 1117 23 17 at
1927 1112 35 23 the
1976 1113 89 23 earliest
2082 1118 106 22 moment,
2202 1113 43 23 and
2258 1118 21 18 to
2296 1114 72 30 guard
2387 1116 89 29 against

1891 1153 43 22 any
1947 1145 102 23 accident
2061 1153 25 15 or
2098 1146 113 23 detention
2224 1146 73 23 which
2316 1147 72 31 might
2401 1149 76 22 attend

1889 1178 39 22 the
1940 1186 86 23 voyage
2039 1179 24 22 of
2074 1178 36 23 the
2126 1178 115 30 Olympus.
2279 1179 71 23 Their
2367 1188 107 24 arrauge-

1889 1216 63 18 ment
1964 1212 52 22 with
2031 1211 36 23 the
2079 1212 155 22 Government
2241 1219 45 16 was
2298 1213 87 31 subject
2397 1219 21 18 to
2431 1222 43 23 any

1888 1244 149 31 proceedings
2060 1244 71 23 which
2155 1244 74 31 might
2246 1246 23 22 in
2294 1245 37 23 the
2356 1248 119 22 meantime

1889 1277 57 22 have
1970 1277 68 22 taken
2064 1277 65 31 place
2157 1278 72 23 under
2260 1278 37 23 the
2330 1280 144 23 commission

1889 1310 89 22 created
1996 1310 31 30 by
2040 1310 37 22 Sir
2098 1310 89 29 George
2203 1311 81 30 Gipps.
2323 1312 57 23 This
2396 1320 44 16 was
2453 1313 24 23 of

1889 1350 79 16 course
1982 1351 11 15 a
2006 1343 87 23 farther
2112 1343 143 23 inducement
2272 1350 22 17 to
2314 1345 56 22 have
2390 1346 37 23 the
2439 1346 35 23 in-

1888 1376 120 30 telligence
2020 1376 53 23 here
2086 1385 25 14 as
2124 1384 53 15 soon
2190 1385 25 14 as
2227 1378 106 29 possible,
2347 1383 21 17 to
2381 1385 93 24 prevent

1888 1416 43 23 any
1945 1414 46 18 acts
2005 1409 72 23 which
2091 1409 79 30 might,
2183 1409 68 31 b.ung
2270 1411 61 28 final,
2346 1411 56 23 have
2418 1412 54 23 been

1887 1442 133 29 prejudicial
2033 1447 22 18 to
2067 1442 45 23 this
2125 1443 135 23 settlement.

1922 1475 50 23 The
1987 1475 118 31 Company
2117 1475 40 23 has
2169 1476 37 23 the
2218 1484 74 22 power
2305 1477 24 22 of
2340 1477 80 31 taking
2431 1478 41 23 five

1887 1509 102 29 portions
2001 1509 26 22 of
2035 1508 54 23 land
2101 1509 22 22 in
2136 1510 122 29 quantities
2270 1510 25 22 of
2307 1515 39 18 not
2361 1510 45 23 less
2420 1511 52 23 than

1886 1541 44 23 five
1944 1541 113 23 thousand
2067 1549 64 15 acres
2140 1551 5 18 ;
2166 1542 29 22 all
2208 1542 37 23 the
2265 1543 63 23 other
2340 1550 80 23 grants
2436 1552 36 15 are

1888 1579 22 18 to
1931 1574 28 23 be
1979 1574 67 23 taken
2065 1575 23 22 in
2107 1576 120 29 quantities
2246 1576 25 22 of
2292 1581 39 18 not
2350 1576 46 23 less
2420 1577 52 23 than

1888 1607 70 31 thirty
1983 1607 110 23 thousand
2119 1616 71 15 acres.
2244 1609 66 30 They
2340 1609 56 23 have
2425 1618 47 15 now

1887 1640 96 30 granted
1994 1640 62 23 them
2068 1649 42 15 one
2124 1641 99 23 hundred
2236 1642 43 22 and
2291 1643 62 29 sixty
2362 1642 110 24 thousand

1887 1680 70 21 acres,
1971 1673 44 23 and
2028 1682 36 14 are
2077 1679 23 17 to
2113 1674 55 23 have
2181 1675 49 21 four
2243 1675 66 22 times
2322 1675 37 23 the
2370 1677 102 29 quantity

1888 1706 24 23 of
1937 1714 62 15 acres
2019 1706 26 23 of
2063 1707 54 23 land
2138 1707 48 22 that
2209 1708 53 30 they
2280 1708 57 23 have
2357 1710 115 29 expended

1886 1740 89 29 pounds
1987 1740 104 30 sterling.
2128 1740 56 23 This
2197 1740 44 22 will
2254 1741 77 23 entitle
2345 1741 37 23 the
2403 1742 67 23 Com-

1887 1780 58 22 pany
1959 1778 23 17 at
1993 1781 55 14 once
2062 1778 21 17 to
2103 1773 68 23 about
2186 1774 35 22 six
2239 1774 104 23 hundred
2361 1774 111 24 thousand

1886 1813 71 15 acres.
2001 1806 51 22 The
2069 1812 107 17 accounts
2196 1814 59 23 upon
2275 1807 72 23 which
2367 1807 37 23 the
2422 1808 50 24 first

1885 1844 68 23 grant
1964 1839 20 22 is
1995 1839 74 28 made,
2083 1847 38 14 are
2140 1844 22 18 to
2180 1839 28 23 be
2228 1840 75 22 closed
2323 1848 26 15 on
2370 1840 38 23 the
2427 1841 43 31 day

1886 1872 49 22 that
1947 1872 38 22 the
1996 1877 160 26 arrangement
2168 1873 19 22 is
2199 1873 82 22 known
2293 1874 23 21 in
2325 1874 38 22 the
2372 1874 95 31 Colony.

1886 1904 43 23 Six
1942 1905 91 22 months
2051 1905 58 23 from
2130 1906 38 22 the
2185 1907 52 22 time
2258 1907 96 29 Captain
2375 1907 95 24 Hobson

1886 1937 103 23 becomes
2002 1938 107 31 officially
2121 1939 132 30 acquainted
2273 1940 52 22 with
2345 1940 38 22 the
2396 1940 74 24 deter-

1885 1971 121 23 minations
2019 1972 25 22 of
2062 1971 38 23 the
2121 1972 75 22 Home
2209 1973 162 28 Government,
2393 1981 37 15 are
2445 1979 23 18 to

1886 2003 26 24 be
1926 2004 91 23 allowed
2032 2004 35 23 the
2089 2004 136 33 Company's
2245 2006 111 30 piirfcipal
2368 2011 68 26 agent
2447 2013 22 17 to

1884 2035 88 23 declare
1987 2037 36 21 the
2035 2037 52 21 laml
2109 2037 26 21 he
2148 2039 81 19 select^
2248 2045 28 13 on
2296 2039 79 19 beiiaif
2390 2040 26 19 of
2430 2041 37 19 the

1885 2067 126 31 Company.
2039 2068 50 23 T'ue
2103 2068 116 30 Company
2232 2076 37 15 ;\re
2281 2069 104 30 required
2396 2069 70 23 forth-

1884 2100 53 22 with
1950 2106 21 17 to
1991 2102 102 21 increase
2112 2101 58 23 their
2189 2101 80 30 cap'tal
2289 2107 21 17 to
2330 2102 81 23 double
2431 2103 36 23 the

1883 2138 92 25 present
1987 2139 101 22 amount,
2102 2142 24 14 or
2145 2140 21 17 to
2180 2135 130 25 200,000
2320 2144 6 18 ;
2347 2135 52 31 they
2411 2135 55 24 have

1884 2171 23 17 at
1920 2166 37 23 the
1970 2174 62 15 same
2053 2168 53 22 time
2126 2168 112 29 authority
2251 2173 22 17 to
2290 2169 100 23 increase
2411 2169 16 23 it
2444 2174 22 18 to

1883 2201 164 27 1,000,000.
2093 2200 50 23 The
2165 2201 52 29 only
2241 2202 142 22 commercial
2407 2207 60 18 tran-

1883 2234 85 22 saction
1984 2234 51 29 they
2044 2241 37 15 are
2092 2234 90 22 allowed
2196 2239 22 17 to
2231 2239 62 17 enter
2302 2242 67 23 upon,
2378 2235 88 23 besides

1884 2266 37 23 the
1940 2267 111 30 purchase
2074 2267 45 22 and
2142 2267 46 22 sale
2209 2267 25 22 of
2253 2267 42 23 lan.
2300 2268 13 28 l,
2334 2268 19 22 is
2376 2268 91 30 loaning

1883 2300 82 29 capital
1988 2307 60 23 upon
2073 2300 37 22 the
2132 2300 52 22 land
2208 2300 24 23 of
2250 2300 72 23 which
2345 2301 53 30 they
2416 2309 51 22 may

1882 2332 56 23 have
1960 2333 76 30 dispos
2052 2333 21 22 d.
2110 2333 65 29 They
2189 2341 50 22 may
2251 2334 111 30 purchase
2381 2335 51 22 land
2444 2340 21 17 to

1882 2373 45 22 any
1939 2371 77 17 extent
2030 2366 52 30 they
2095 2375 50 21 m.iy
2157 2367 74 30 please
2244 2373 23 16 at
2280 2375 41 15 one
2339 2368 76 29 pound
2426 2376 39 22 per

1882 2406 58 20 acre,
1954 2399 77 23 fifteen
2044 2400 105 30 shillings
2157 2400 25 22 of
2193 2400 72 22 which
2274 2400 52 30 they
2336 2408 51 23 may
2396 2401 69 22 either

1882 2432 94 30 directly
1989 2432 89 31 expend
2090 2434 22 21 in
2132 2434 135 29 emigration
2279 2437 22 19 to
2316 2434 58 22 their
2386 2434 79 22 settle-

1882 2470 82 23 ments,
1985 2474 24 14 or
2029 2474 66 14 cause
2114 2466 17 22 it
2150 2471 21 17 to
2192 2466 26 23 be
2242 2467 117 30 expended
2381 2467 30 30 by
2430 2467 37 22 the

1882 2498 66 23 Land
1961 2498 43 23 and
2018 2498 142 31 Emigration
2173 2499 51 23 Coir
2231 2500 139 23 missionevs.
2396 2500 67 23 From

1882 2531 37 23 the
1931 2531 44 23 five
1988 2532 107 30 shillings
2102 2533 125 29 remaining
2239 2540 12 15 a
2265 2533 85 22 further
2363 2533 102 23 discount

1881 2564 46 23 will
1939 2565 27 22 be
1985 2565 93 23 allowed
2097 2565 69 28 them,
2178 2565 86 31 though
2283 2567 17 22 it
2318 2566 45 23 will
2381 2572 40 17 not
2438 2566 27 23 be

1881 2597 93 24 allowed
1993 2599 29 30 by
2048 2598 156 23 Government
2222 2603 22 18 to
2262 2607 43 22 any
2324 2599 64 23 other
2411 2608 52 22 pur-

1882 2631 91 23 chasers
1991 2631 25 23 of
2037 2631 61 23 land.
2142 2631 50 23 The
2210 2632 102 23 external
2330 2632 134 23 boundaries

1882 2664 25 22 of
1915 2664 57 22 their
1984 2664 124 31 purchases
2120 2672 37 15 are
2170 2669 22 18 to
2211 2665 28 22 be
2258 2665 110 30 surveyed
2388 2665 29 31 by
2429 2665 35 23 the

1882 2696 165 24 Government.
2100 2697 49 23 The
2178 2698 117 30 Company
2324 2707 38 14 are
2389 2703 22 18 to
2438 2699 26 22 be

1882 2730 93 23 allowed
1987 2730 37 23 the
2037 2738 98 23 expense
2153 2730 24 24 of
2194 2731 159 30 sub-dividing
2364 2731 38 23 the
2413 2731 51 23 laud

1881 2764 48 22 into
1942 2763 91 23 smaller
2044 2764 109 29 portions.

1915 2796 76 23 These
2004 2804 38 15 are
2055 2797 37 23 the
2105 2797 61 22 chief
2175 2796 105 29 features,
2292 2797 83 31 briefly
2386 2797 78 29 stated,

1882 2830 25 22 of
1923 2829 38 24 the
1982 2830 58 22 draft
2058 2830 25 23 of
2100 2830 37 23 the
2158 2830 104 28 Charter,
2274 2830 74 23 which
2367 2832 19 21 is
2399 2836 22 18 to
2439 2831 25 23 be

1881 2863 95 30 granted
1993 2863 36 23 for
2048 2863 60 30 forty
2126 2870 72 23 years,
2219 2863 89 31 subject
2326 2869 22 17 to
2366 2864 28 23 be
2415 2872 49 15 can-

1882 2896 78 27 celled,
1980 2903 59 23 upon
2053 2904 27 15 an
2101 2896 111 31 equitable
2229 2902 130 25 repayrient
2376 2897 25 22 of
2417 2902 47 18 out-

1881 2930 45 29 lay,
1940 2930 79 22 should
2041 2930 56 22 such
2110 2938 28 14 an
2150 2935 37 17 act
2204 2930 28 22 be
2244 2930 93 22 deemed
2348 2938 116 22 necessary

1881 2963 34 22 for
1929 2963 37 22 the
1978 2963 77 30 public
2066 2963 67 31 good.
2171 2963 50 23 The
2239 2963 118 31 Company
2368 2971 57 15 were
2441 2971 22 14 so

1882 2996 48 22 well
1943 2996 101 23 satisfied
2057 3004 24 15 as
2094 3001 22 18 to
2129 2996 56 22 have
2204 2996 139 24 determined
2354 2996 110 23 forthwith

1882 3032 23 19 to
1928 3029 54 23 take
2004 3029 38 23 the
2065 3034 61 18 most
2143 3030 72 22 active
2233 3035 62 25 steps
2314 3034 23 18 to
2356 3037 77 16 secure
2453 3036 11 15 a

1881 3062 62 30 large
1962 3062 44 22 and
2024 3062 136 30 flourishing
2174 3062 129 31 population
2316 3067 24 18 at
2351 3063 59 23 their
2422 3067 41 18 set-

1881 3094 113 23 tlements.
2033 3095 50 22 The
2096 3102 75 23 power
2183 3099 21 18 to
2216 3095 52 22 loan
2281 3103 82 23 money
2374 3104 30 15 on
2415 3095 49 23 land

1881 3128 45 22 will
1938 3128 27 22 be
1978 3135 12 15 a
2002 3135 68 15 cause
2083 3128 26 22 of
2116 3128 62 30 large
2191 3128 67 28 sales,
2267 3128 43 23 and
2323 3128 76 31 places
2407 3129 56 23 them

1881 3161 23 22 in
1926 3160 37 23 the
1981 3161 98 30 position
2100 3165 22 19 to
2138 3161 29 23 be
2185 3169 24 15 as
2222 3161 76 23 useful
2316 3166 23 19 to
2351 3170 27 15 us
2391 3170 25 15 as
2428 3162 34 22 tlu

1881 3193 74 23 South
1978 3194 134 23 Australian
2136 3194 118 31 Company
2272 3194 42 23 has
2336 3195 86 30 proved
2442 3199 20 18 to

1881 3226 74 24 South
1983 3227 126 23 Australia.
2159 3227 70 30 Many
2254 3228 74 23 would
2357 3227 106 31 willingly

1880 3260 51 30 give
1944 3260 37 23 the
1994 3260 118 31 Company
2131 3268 28 15 an
2178 3265 64 19 extra
2255 3261 41 23 few
2313 3262 104 30 shillings
2434 3269 27 14 an

1881 3300 57 21 acre,
1952 3301 61 23 upon
2025 3301 28 15 an
2066 3299 159 25 arrangement
2244 3294 47 23 that
2303 3295 53 29 they
2368 3302 56 15 were
2443 3299 19 17 to

1879 3325 57 24 have
1948 3335 13 14 a
1974 3327 49 22 loan
2040 3327 24 22 of
2081 3328 89 29 capital,
2183 3331 23 19 at
2228 3330 28 21 10
2269 3335 41 23 per
2322 3332 68 23 cent.,
2404 3335 56 23 upon

1880 3359 37 23 the
1929 3359 54 24 land
2000 3360 45 23 and
2057 3361 29 21 its
2106 3361 183 30 improvements,
2302 3361 35 23 for
2349 3369 14 15 a
2373 3365 56 19 term
2442 3359 22 23 of

1879 3400 73 23 years.
1999 3392 59 24 This
2081 3400 82 23 power,
2184 3393 140 31 judiciously
2346 3393 114 31 managed,

1880 3425 44 23 will
1943 3434 77 15 secure
2041 3431 21 17 to
2081 3425 39 23 the
2140 3425 118 32 Company
2275 3425 58 32 very*
2349 3427 111 23 extensive

1879 3459 66 28 sales,
1966 3458 43 23 and
2032 3458 65 31 rapid
2119 3459 126 30 prosperity
2269 3464 22 18 to
2310 3460 58 23 their
2386 3459 74 24 settle-

1879 3497 81 17 ments.
1997 3491 78 23 Those
2094 3491 48 23 who
2159 3491 124 30 suggested
2300 3492 45 24 this
2358 3500 102 22 arrange-

1878 3529 69 23 ment,
1972 3524 116 23 doubtless
2117 3524 94 23 foresaw
2234 3533 41 15 our
2303 3530 71 19 wants
2396 3526 64 29 being

1877 3557 109 27 satisfied,
2004 3557 44 23 and
2060 3556 38 24 the
2112 3557 136 31 Company's
2269 3566 90 16 success
2376 3558 83 31 greatly

1877 3594 23 18 to
1912 3589 86 31 depend
2011 3598 61 22 upon
2086 3591 29 22 its
2128 3590 69 31 being
2209 3592 140 30 extensively
2359 3591 98 31 adopted.

1879 3622 34 31 By
1935 3623 45 22 this
2001 3624 55 22 time
2080 3624 134 30 complaints
2236 3625 129 30 respecting
2387 3632 13 16 a
2422 3624 35 22 de-

1875 3655 95 30 ficiency
1984 3655 24 23 of
2025 3657 89 30 capital,
2131 3657 43 23 and
2194 3657 36 23 the
2249 3658 114 31 propriety
2381 3658 25 23 of
2421 3664 36 16 our

1876 3688 85 23 friends
1980 3689 83 31 calling
2082 3690 47 22 into
2149 3690 114 24 existence
2275 3699 13 15 a
2306 3692 51 22 loan
2369 3691 87 23 institu-

1876 3721 47 23 tion
1946 3721 36 24 for
2007 3722 56 23 New
2088 3723 108 28 Zealand,
2220 3724 45 23 will
2287 3724 56 23 have
2366 3722 90 25 reached

1875 3754 115 31 England,
2004 3756 52 28 and,
2069 3764 34 15 we
2122 3756 70 23 doubt
2203 3761 46 24 not,
2262 3756 76 24 before
2359 3757 36 23 the
2407 3763 49 24 year

1875 3787 40 23 has
1929 3789 141 28 terminated,
2084 3797 33 16 we
2129 3789 58 23 shall
2204 3789 49 24 find
2265 3790 37 23 the
2314 3794 59 19 want
2385 3789 70 31 amply

1875 3820 109 24 satisfied.
2028 3822 78 24 Those
2124 3822 49 23 who
2195 3831 37 15 are
2251 3823 136 30 contending
2406 3821 48 24 with

1875 3853 108 29 troubles,
1995 3855 88 30 arising
2095 3860 39 18 out
2152 3855 25 23 of
2193 3855 37 24 the
2249 3855 128 24 difficulties
2388 3854 67 24 under

1874 3886 74 25 which
1967 3887 38 24 the
2025 3888 129 24 settlement
2172 3888 41 24 has
2233 3889 115 29 laboured,
2363 3895 50 24 may
2430 3887 25 23 be

1874 3920 93 24 assured
1982 3920 24 24 of
2016 3921 73 31 ample
2103 3929 90 16 success
2205 3921 20 24 if
2233 3921 53 31 they
2298 3922 45 24 will
2356 3921 52 24 with
2419 3919 36 24 de-

521 51 100 31 THE
637 52 111 31 NEW
765 52 228 32 ZEALAND
1009 53 223 32 GAZETTE
1251 53 102 32 AND
1372 54 328 31 WELLINGTON
1722 54 289 32 SPECTATOR.

1398 247 131 25 Saturday,
1545 247 75 21 April
1635 248 33 24 17,
1684 249 60 19 1841.

1280 135 88 58 New
1397 135 206 58 Zealand
1632 135 235 58 Gazette.

1327 193 67 22 AND
1410 193 211 22 WELLINGTON
1637 194 185 22 SPECTATOR.

1897 139 58 30 hope
1976 142 22 20 to
2022 139 76 23 obtain
2117 139 152 31 immediately
2285 148 60 23 upon
2364 142 115 32 incurring

1897 171 37 23 the
1946 171 57 23 risk.
2041 171 50 23 Our
2109 177 92 25 present
2218 178 94 25 support
2324 174 20 22 is
2362 179 41 18 not
2415 177 63 21 suffi-

1897 205 58 21 cient
1968 209 21 18 to
2002 205 110 21 maintain
2125 205 37 22 the
2175 205 165 31 contemplated
2352 206 97 30 change.

1930 236 29 23 In
1972 236 131 23 conclusion
2119 244 31 16 we
2169 242 61 18 must
2248 238 50 28 add,
2312 246 32 15 we
2362 238 59 31 hope
2432 239 47 24 that

1896 276 13 15 a
1928 269 82 23 dislike
2032 274 23 18 to
2074 277 14 15 a
2105 270 127 30 paragraph
2251 272 124 29 appearing
2392 273 24 21 in
2439 280 40 16 our

1896 309 75 23 paper,
1983 303 131 29 requesting
2126 303 127 22 settlement
2265 304 24 22 of
2305 309 117 23 accounts,
2434 305 45 23 will

1896 339 39 17 not
1945 334 50 22 lead
2008 334 63 22 those
2084 335 49 22 who
2145 343 37 15 are
2194 336 23 22 in
2230 344 40 14 our
2289 336 54 23 debt
2355 341 22 18 to
2389 344 89 16 assume

1896 367 47 22 that
1961 374 31 15 we
2012 374 37 16 are
2072 367 57 28 rich,
2154 376 24 14 or
2200 369 122 29 unusually
2345 369 50 22 well
2416 370 60 30 paid.

1895 398 81 23 Either
1988 400 141 28 assumption
2141 400 72 23 would
2225 401 28 22 be
2265 402 150 22 inconsistent
2425 403 54 23 with

1895 431 36 23 the
1943 431 52 28 fact,
2009 431 44 23 and
2065 439 14 15 a
2090 433 67 29 proof
2167 433 48 23 that
2232 441 41 15 our
2284 435 84 22 motive
2385 434 44 23 had
2439 440 40 18 not

1895 464 57 23 been
1962 464 151 30 appreciated.

725 1135 168 23 SHIPPING
914 1134 270 23 INTELLIGENCE.

885 1184 141 20 ARRIVED.

692 1212 60 25 April
770 1212 32 23 10,
821 1211 52 20 New
889 1212 92 20 Zealand
999 1212 127 25 Company's
1146 1211 99 20 schooner

663 1240 83 25 Bailey,
759 1240 37 18 140
808 1243 55 18 tons.
875 1239 90 26 Captain
976 1239 89 19 Sinclair
1082 1239 54 19 from
1151 1239 92 23 London,

664 1266 75 26 having
749 1267 37 19 left
795 1267 33 19 the
843 1266 74 19 Downs
928 1273 27 12 on
964 1267 35 18 the
1009 1266 52 19 24th
1069 1266 119 19 December.
1205 1266 39 19 She

664 1294 90 25 brought
770 1294 122 25 despatches
907 1294 55 19 from
979 1294 34 19 the
1030 1292 109 27 Company
1155 1293 40 19 and
1211 1294 33 19 the

665 1321 148 23 Government,
825 1322 95 24 together
927 1321 49 19 with
987 1327 12 13 a
1007 1321 84 25 general
1101 1327 68 18 cargo.

691 1348 61 26 April
770 1349 32 22 11,
819 1348 103 19 schooner
936 1348 61 24 Jane,
1017 1349 24 18 15
1063 1350 55 21 tons,
1134 1348 108 23 Williams,

663 1376 54 19 from
729 1375 82 26 Cloudy
821 1375 52 25 Bay.

691 1404 61 24 April
764 1403 32 23 16,
807 1404 103 19 schooner
919 1403 67 23 Ariel,
1002 1402 54 19 from
1068 1402 98 26 Kiapara.

898 1447 113 20 SAILED.

691 1475 59 26 April
762 1475 32 23 16,
804 1475 78 25 barque
892 1475 76 23 James,
980 1476 48 21 351),
1039 1475 67 21 Todd,
1119 1477 81 21 master,
1211 1475 32 19 for

663 1503 117 23 Auckland,
791 1502 50 20 with,
851 1502 120 25 despatches
981 1502 32 20 for
1023 1503 33 18 his
1071 1502 124 25 Excellency
1209 1503 33 19 the

663 1529 116 20 Governor.

690 1558 61 25 April
762 1557 32 24 16,
805 1557 102 19 schoonev
914 1557 60 23 Jane,
983 1556 110 24 Williams,
1103 1556 80 26 Cloudy
1192 1557 49 26 Bay.

889 1602 32 19 IN
936 1602 82 19 PORT.

717 1630 82 26 Barque
807 1630 61 24 Lady
878 1630 92 24 Nugent,
983 1630 83 24 Santry.

807 1658 125 24 Brougham,
945 1656 71 20 Kettle
1019 1657 52 20 well.

717 1684 106 20 Schooner
833 1686 69 22 Eliza,
915 1684 108 20 Sheridan.

830 1713 69 19 Ariel.

688 1766 44 20 The
749 1766 107 25 following
872 1766 76 20 vessels
966 1773 52 13 were
1036 1766 116 20 advertised
1169 1765 21 20 in
1207 1766 35 19 the

645 1806 2 7 ,
661 1793 89 20 London
761 1800 80 18 papers,
853 1793 33 20 for
901 1793 51 20 Port
967 1793 117 20 Nicholson
1093 1801 5 11 ::

645 1820 2 32 J
687 1821 44 19 The
746 1821 58 19 Lord
817 1821 92 19 William
919 1821 94 23 Bentick,
1027 1822 48 23 444,
1086 1821 71 19 James
1169 1820 80 24 Crow;,

660 1853 22 15 to
692 1849 39 19 sail
745 1849 32 18 Ist
787 1849 24 18 of
823 1848 100 26 January.

687 1876 44 19 The
751 1875 46 26 ship
815 1876 114 19 Katharine
946 1875 91 20 Stewart
1053 1875 85 24 Forbes,
1152 1875 47 24 457,
1215 1875 25 20 A.

660 1903 50 23 Pell,
722 1907 21 15 to
755 1903 38 19 sail
804 1903 33 19 Ist
847 1903 24 19 of
887 1903 109 25 February.

685 1930 17 20 A
714 1930 74 24 vessel,
799 1933 39 16 not
848 1930 81 24 named,
940 1933 22 16 to
973 1929 39 21 sail
1022 1936 26 13 on
1063 1930 31 19 Ist
1104 1929 25 20 of
1141 1929 81 21 March.

686 1985 44 20 The
745 1985 47 25 ship
804 1985 83 19 Amelia
905 1985 106 22 Thomson,
1028 1985 48 20 480.
1093 1984 34 20 W.
1146 1984 92 24 Dawson,

658 2019 41 13 was
715 2014 23 17 to
755 2013 37 18 sail
807 2012 55 19 from.
881 2011 111 26 Plymouth
1009 2018 28 14 ou
1059 2013 32 18 Ist
1110 2012 80 23 March,
1207 2013 33 19 for

658 2040 36 18 the
705 2039 111 24 Plymouth
827 2039 127 24 Company's
966 2039 125 19 settlement.
1192 2048 4 5 -
1228 2034 16 20 ft

686 2065 44 19 The
742 2065 38 19 Sir
788 2065 56 19 John
854 2059 94 30 Falsta'ff
960 2065 64 19 sailed
1040 2065 53 19 from
1110 2065 85 19 London
1213 2071 26 13 on

659 2092 50 20 27th
727 2091 125 23 November,
874 2092 34 19 for
930 2091 51 21 Port
1004 2092 123 23 Nicholson,
1152 2092 42 25 Bay
1219 2093 23 18 of

659 2119 89 22 Islands,
760 2119 40 19 and
812 2119 116 25 Hokianga,
941 2120 52 19 with
1002 2126 12 13 a
1024 2119 93 20 valuable
1128 2126 59 19 cargo
1199 2120 41 19 and

658 2153 12 13 a
680 2146 87 20 number
777 2146 23 20 of
812 2146 60 20 cibin
882 2152 129 20 passengers.

684 2174 43 19 The
739 2174 130 24 Harrin'jton
879 2174 41 19 had
930 2176 37 23 put
979 2174 51 20 back
1040 2174 59 20 twice
1129 2174 51 23 first,
1188 2174 49 20 with

657 2201 116 25 disorderly
789 2208 53 12 crew
849 2209 5 15 ;
875 2201 107 25 secondly,
1001 2202 48 19 with
1068 2202 41 19 loss
1127 2201 24 20 of
1169 2204 69 20 masts,

657 2228 75 25 having
743 2228 51 20 been
804 2228 21 20 in
836 2232 85 16 contact
931 2229 49 19 wita
992 2235 11 13 a
1014 2228 80 20 Danish
1105 2230 109 19 schooner.

685 2256 43 19 The
740 2256 96 25 Olympus
846 2256 66 19 stiled
922 2256 52 19 from
991 2256 34 19 the
1043 2258 76 18 Downs
1134 2262 26 13 on
1172 2256 35 19 ytb
1218 2256 24 19 of

657 2282 122 23 December,
790 2283 33 18 for
835 2283 48 19 Port
894 2282 122 21 Nicholson.

684 2310 43 19 The
736 2310 60 23 Jane,
807 2310 72 23 Stobo,
890 2313 81 20 master,
985 2317 38 12 was
1038 2315 22 15 at
1077 2311 54 19 Deal
1146 2316 27 14 on
1187 2310 52 19 30th

657 2337 24 19 of
693 2337 124 24 November,
828 2337 35 20 for
873 2338 42 19 this
926 2341 55 21 port.

684 2364 43 19 The
738 2364 62 26 Mary
812 2371 39 12 was
861 2364 85 20 entered
963 2364 102 21 outwards
1081 2367 22 18 at
1119 2364 118 26 Liverpool,

656 2392 33 19 for
699 2392 83 25 Sydney
792 2392 40 19 and
846 2392 48 19 Port
905 2392 124 19 Nicholson.

750 2443 274 18 METEOROLOGICAL
1037 2443 103 18 TABLE.

668 2471 43 19 For
720 2471 36 19 the
765 2472 54 19 week
828 2471 74 22 ending
915 2472 115 21 Thursday,
1040 2471 65 22 April
1119 2472 32 21 15,
1165 2472 59 19 1841.

825 3538 33 16 TO
875 3539 174 15 SUBSCRIBERS.

670 3561 36 13 Mr.
716 3561 93 19 Deijhton
817 3561 35 16 has
861 3561 117 17 undertaken
987 3563 19 15 to
1013 3563 31 15 act
1052 3566 21 13 as
1085 3565 57 19 a^ent
1150 3565 19 16 at
1176 3565 56 17 Wan-

650 3578 62 22 ganui,
727 3580 39 16 and
780 3580 36 16 Mr.
830 3580 76 18 Barrett
922 3583 18 15 at
953 3582 33 17 the
1004 3582 99 21 Plymouth
1119 3584 113 21 Company's

650 3599 110 18 settlement
767 3601 19 16 at
794 3600 100 18 Taranaki.
917 3601 47 18 Care
971 3603 38 16 will
1025 3604 22 16 be
1061 3605 57 17 taken
1127 3607 18 15 to
1155 3606 77 18 .orward

650 3624 65 17 papers
724 3620 24 21 by
756 3625 55 17 every
972 3624 15 16 A
997 3627 33 14 tew
1038 3625 70 21 copies,
1116 3625 30 18 for
1160 3631 11 12 a
1178 3628 54 17 short

650 3643 51 17 time,
713 3642 37 16 will
762 3642 22 16 be
797 3645 43 15 sent
847 3646 24 14 on
879 3643 40 17 sale
926 3649 4 15 ;
943 3643 35 18 but
991 3648 79 17 persons
1077 3648 19 14 at
1108 3646 54 19 these
1169 3649 63 19 places

650 3662 77 21 wishing
728 3667 1 4 1
741 3663 20 16 to
776 3667 47 13 nave
835 3663 33 18 the
875 3668 63 17 paper,
948 3665 19 16 to
976 3669 64 14 secure
1048 3665 17 18 it
1075 3668 99 20 regularly,
1183 3671 49 15 must

650 3682 49 20 place
707 3683 52 17 their
765 3688 63 13 names
837 3688 24 13 on
869 3685 32 17 the
910 3685 129 17 subscription
1047 3686 40 16 list.

824 3716 114 22 LATEST
954 3711 143 27 DATES.

674 2552 46 16 1841.

760 2530 49 17 Time
817 2531 19 16 of

756 2551 85 17 Observa-

776 2572 43 17 tion.

871 2540 54 16 Baro-

866 2563 62 15 meter.

946 2540 85 17 Thermo-

956 2565 63 13 meter.

1062 2542 53 31 =fl
1157 2552 59 18 Wind.

654 2629 83 21 Friday...

654 2692 31 15 Sat

654 2754 82 20 Sunday.

655 2811 86 32 Monday.j

778 2631 9 15 8

777 2652 51 20 Ip.m.

777 2673 9 14 5

777 2693 9 15 8

777 2714 47 19 lp.m

777 2735 9 14 5

777 2755 10 15 8

779 2775 49 20 lp.m.

777 2796 9 15 5

777 2817 9 15 8

779 2837 49 20 lp.m.

777 2858 9 14 5

777 2878 9 15 8

777 2899 51 20 lp.m.

776 2920 9 14 5

777 2940 9 14 8

777 2961 51 19 lp.m.

776 2982 9 14 5

777 3002 9 15 8

777 3022 51 21 lp.m.

776 3044 10 15 5

870 2631 20 14 29
898 2629 30 16 072

870 2652 20 15 30
898 2651 30 15 003

870 2672 58 15 3C.034

870 2693 55 15 30.031

871 2713 19 16 30
898 2714 30 14 052

871 2734 56 15 30.041

871 2754 57 16 30.072

871 2775 57 16 30.060

870 2796 20 16 30
899 2796 29 16 004

870 2817 58 15 JO.loO

871 2838 55 15 30.171

871 2859 57 15 30.160

871 2879 57 15 30.190

871 2900 57 15 20.122

869 2920 21 16 30
897 2921 31 15 000

869 2940 58 17 29.000

869 2961 59 16 29.673

870 2982 58 16 29.700

869 3003 21 16 29
899 3003 29 16 742

869 3023 59 16 29.750

868 3044 58 16 29.802

971 2631 36 15 03.5

972 2652 25 15 70.

972 2672 26 16 67.

972 2693 26 16 59.

972 2714 26 16 04.

972 2735 35 15 62.5

971 2756 36 16 60.5

971 2775 27 17 67.

971 2796 26 16 07.

972 2817 35 16 Cil.o

970 2838 27 16 67.

970 2859 28 15 04.

970 2879 37 16 64.5

970 2900 27 16 6J.

971 2921 26 15 61.

971 2942 36 16 <>0.5

972 2962 26 16 65.

971 2984 26 15 G4.

971 3004 26 16 59.

970 3025 27 15 G5.

970 3045 27 16 62.

1137 2631 62 17 North.

1054 2653 58 16 None.
1137 2652 61 17 No:th.

1137 2672 61 19 Noith.

1136 2693 49 18 N.W.

1053 2715 58 17 None.
1137 2714 49 18 N.W.

1131 2734 53 20 ,N.W.

1137 2756 49 17 N.W.

1052 2777 59 17 None.
1130 2777 104 22 'Nortiieily.

1136 2798 98 21 Northerly.

1136 2819 48 17 N.W.

1052 2839 51 17 None
1136 2839 48 18 N.W.

1135 2860 50 18 N.W.

1135 2881 49 18 N.W.

1052 2901 57 17 None.
1135 2902 98 20 Northerly.

1136 2923 48 17 N.W.

1137 2944 47 17 N.W.

1068 2963 35 17 0.75
1136 2965 62 17 Noun.

1137 2986 61 16 Noith.

1137 3006 61 18 North.

1066 3026 37 16 0.13
1132 3027 66 17 -North.

1137 3048 61 16 North.

654 2877 78 20 Tuesday

654 2939 43 16 Wed

654 3001 57 16 Thurs
718 3013 10 4 ..

655 3093 78 21 Friday...

655 3156 26 17 Sat

655 3218 79 21 Sunday..

655 3279 78 22 Monday.

774 3095 9 15 8

774 3116 51 19 Ip.m.

773 3137 10 14 5

774 3157 9 15 8

774 3178 51 19 Ip.m.

773 3219 10 15 8

773 3240 51 20 Ip.m.

772 3261 9 15 5

772 3281 10 16 8

773 3302 50 19 Ip.m.

771 3323 10 15 5

771 3343 10 15 8

772 3364 51 19 Ip.m.

771 3385 9 14 5

770 3404 10 16 8

771 3425 51 19 Ip.m.

770 3446 10 14 5

770 3467 10 14 8

769 3487 52 19 Ip.m.

987 3076 122 17 REMARKS.

853 3095 66 20 Strong
925 3096 39 20 gale
972 3096 65 21 during
1045 3097 30 16 the
1084 3098 56 20 night.

854 3116 91 16 Moderate
953 3117 47 16 wind
1007 3118 35 15 and
1049 3118 43 16 fine.

896 3137 32 16 Do.
972 3138 32 16 Do.
1048 3138 33 18 Do.

853 3157 55 16 Fresh
918 3158 53 16 wind.
994 3159 72 20 Cloudy,
1074 3160 32 16 but
1114 3160 40 16 fine.

895 3178 33 17 Do.
972 3179 32 17 Do.
1049 3180 31 16 Do.

896 3199 32 17 Do.
972 3200 32 16 Do.
1048 3201 32 16 Do.

895 3220 33 16 Do.
973 3220 31 17 Do.
1048 3222 32 15 Do.

895 3240 32 17 Do.
971 3241 33 16 Do.
1048 3242 32 16 Do.

894 3261 33 16 Do,
970 3262 33 16 Do.
1046 3263 89 21 inclining
1142 3265 17 16 to
1167 3265 44 17 rain.

852 3281 65 21 Strong
926 3282 54 16 wind.
1003 3283 72 20 Cloudy,
1084 3284 31 16 but
1123 3285 39 17 line.

894 3302 32 17 Do.
970 3303 32 16 Do.
1046 3304 33 17 Do.

894 3323 32 17 Do.
969 3323 34 17 Do.
1046 3324 33 17 Do.

893 3343 33 17 Do.
970 3344 32 17 Do.
1046 3345 33 16 Do.

851 3364 91 16 Moderate
950 3365 54 16 wind.
1025 3365 88 21 Showery.

851 3385 65 20 Strong
925 3385 53 16 wind.
1001 3386 87 21 Showery.

851 3406 65 19 Strong
922 3406 48 16 wind
977 3406 43 16 -with
1028 3407 45 17 rain.

850 3426 65 20 Strong
923 3427 48 16 wind
978 3427 35 16 and
1023 3428 44 16 rain.

894 3446 31 17 Do.
958 3447 34 17 Do.
1023 3448 33 16 Do.

851 3467 64 21 Strong
922 3467 47 17 wind
977 3468 34 16 and
1019 3469 42 16 fine.

881 3488 33 16 Do.
946 3488 34 16 Do.
1012 3493 42 16 very
1061 3489 41 18 fine.

849 3508 77 20 Squally,
934 3509 36 16 and
979 3514 41 14 very
1027 3510 35 16 fine
1072 3512 82 16 weather.

655 3341 78 22 ruesday

655 3402 37 16 iVed

655 3464 75 17 Chars...

652 3746 93 20 London
763 3761 6 5 .
779 3752 8 15 ;
1010 3747 58 24 Dec.
1091 3751 40 26 20,

649 3777 91 30 Sydney
1010 3780 62 24 Mar.
1109 3784 25 26 4,

651 3809 46 30 Bay
710 3810 24 22 of
753 3810 88 24 Islands
1011 3813 57 24 Feb.
1092 3816 40 27 27,

650 3842 48 23 Van
711 3842 119 24 Dieman's
844 3843 66 24 Land
931 3861 57 7 ....
1011 3846 61 24 Mar.
1093 3849 39 27 19,

648 3875 55 23 Port
717 3876 85 31 Phillip
1009 3879 52 23 Jan.
1106 3883 23 26 8,

646 3907 110 25 Adelaide
1009 3912 53 25 Jan.
1091 3915 40 28 19,

1159 3752 70 22 1840.

1159 3785 69 22 1841.

1158 3818 71 22 1841.

1159 3851 70 23 1841.

1158 3884 70 23 1841.

1157 3917 71 23 1841.

263 132 95 20 Public
371 132 68 21 Sale.
588 128 9 7 *

62 163 157 49 MESSRS.
232 165 146 21 BETIIUNE
394 165 44 21 and
455 165 130 21 HUNTER
601 165 41 22 will

138 191 39 21 sell
194 191 27 26 by
241 192 73 26 public
332 192 94 25 auction,
440 199 29 13 on
487 192 107 27 Monday,
605 192 38 22 the

61 217 49 21 19th
121 217 72 27 April,
204 223 23 15 at
238 219 7 20 1
258 218 92 22 o'clock.

236 252 27 13 ex
273 245 62 25 Lady
346 245 84 24 Nugent
436 252 8 12 :

87 269 111 27 Blankets,
228 271 240 21 tnouaseliue-du-luine
492 271 92 26 dresses,
603 270 29 21 ho

59 296 63 27 siery,
145 297 100 21 machine
271 297 91 27 belting,
386 297 73 25 twine,
489 296 84 27 thread,
598 297 45 21 and

59 323 102 26 oatmeal,
181 330 61 14 more
260 330 25 14 or
307 324 43 21 less
369 323 115 27 damaged,
505 327 21 17 to
548 323 27 21 be
595 323 48 21 sold

59 349 92 21 without
161 356 43 20 any
216 356 92 20 reserve,
319 350 34 21 for
364 350 36 20 the
411 350 85 21 benefit
505 350 26 21 of
543 350 72 20 whom
625 350 17 21 it

57 381 51 21 may
120 382 103 14 concern.

259 409 29 14 ex
299 409 44 15 the
357 403 80 25 Bailey.

85 427 89 22 Bottled
184 428 33 21 ale
228 429 43 21 and
282 433 66 21 stout,

84 454 94 21 Geneva
186 454 23 21 in
221 455 50 21 cask
282 456 44 21 and
337 463 66 19 ca3es,

83 480 94 26 Spanish
188 481 38 21 red
237 482 55 21 wine
304 482 20 21 in
336 487 90 22 quarter
439 482 64 21 casks
513 482 44 21 and
567 481 72 27 hhds.,

82 506 55 21 Finn
147 514 48 15 rose
205 507 58 22 Cork
271 508 80 24 butter,
363 509 21 20 in
395 508 57 21 281b.
463 508 61 26 kegs,

82 532 79 28 Hams,
170 533 84 27 cheese,
264 534 76 22 mo.ild
348 536 43 20 and
399 535 37 27 dip
444 535 97 26 candles,
550 534 91 27 weights

55 559 44 21 and
110 560 77 25 scales,
200 561 76 25 prints,

80 587 27 20 20
117 586 63 21 casks
189 591 93 22 cement,
294 589 10 19 1
317 595 49 14 case
376 587 78 27 snuffs,

82 612 69 21 Moist
161 614 43 20 and
216 613 85 22 refined
310 621 73 19 sugar,
639 614 6 9 *

82 637 83 28 Paints,
177 639 47 26 oils,
235 640 42 21 and
289 646 68 20 turps,

84 664 92 26 Pickles,
188 666 96 26 vinegar,
297 666 105 26 mustard,
415 666 45 22 and
471 666 64 22 other
543 666 76 27 goods.

56 690 141 28 Wellington,
212 692 46 21 16th
270 693 71 27 April,
354 694 60 20 1841.

132 736 92 21 Union
235 737 89 21 Steam
336 738 61 20 Mill
408 739 149 25 Company.

54 769 215 47 AMEETINCt
290 771 26 20 of
333 771 35 20 the
388 771 159 21 Shareholders
566 772 18 20 is
605 779 34 13 re-

141 796 91 27 quested
243 804 26 13 on
280 797 115 27 Thur&day
407 803 61 20 nexr,
479 802 23 16 at
513 799 24 19 12
546 798 91 26 o'clock,

54 826 21 16 at
87 822 35 21 the
134 823 73 21 Stores
217 823 25 21 of
257 823 89 21 Messrs.
358 824 123 26 Rsdgwny.s,
491 823 91 25 Guyton
595 824 43 21 and

57 848 61 27 Karp,
132 853 21 17 to
164 849 85 21 receive
261 849 36 21 the
309 855 73 22 report
399 850 25 21 of
438 851 37 20 the
495 851 110 20 Directors
615 858 23 14 as

53 877 22 18 to
87 875 35 21 the
133 875 41 21 site
184 876 26 20 of
217 875 35 21 the
272 877 56 24 Mill,
341 877 43 21 and
402 880 21 17 to
435 877 78 21 decide
531 884 59 17 upon
600 877 37 22 the

53 904 67 18 terms
130 901 27 21 of
169 901 36 21 the
223 902 56 21 draft
297 903 25 21 of
334 903 35 21 the
384 903 61 21 Deed
458 903 26 21 of
498 903 138 27 Settlement,

53 927 71 21 which
134 927 44 22 will
190 929 50 21 then
252 929 26 21 be
291 929 115 26 presented
418 934 21 16 to
451 930 67 21 them.

243 955 26 21 G.
284 956 23 20 B.
320 955 69 26 Eakp,

277 982 118 21 Chairman
407 983 26 21 of
442 983 35 21 the
489 983 120 21 Directors.

52 1025 65 20 Port
131 1026 151 20 Nicholson
292 1027 147 26 Exchange
451 1028 54 20 and
516 1028 118 26 Library.

55 1058 67 47 AT
132 1066 13 12 a
155 1059 87 25 general
254 1060 98 26 meeting
362 1060 24 20 of
399 1060 37 21 the
447 1061 135 21 subscribers
593 1061 43 22 and

130 1085 74 21 others
216 1086 120 21 interested
346 1094 20 13 in
378 1087 37 21 the
425 1087 83 27 speedy
522 1088 115 21 establish-

52 1117 60 15 ment
124 1112 26 20 of
162 1111 59 22 these
231 1112 121 27 important
362 1113 146 26 Institutions,
523 1115 17 20 it
550 1122 43 14 was
603 1122 34 13 re-

51 1138 83 25 solved,
147 1145 27 13 on
186 1145 12 13 a
214 1140 82 20 motion
315 1140 64 20 made
395 1140 28 26 by
444 1141 24 20 It.
485 1141 28 20 D.
536 1141 98 26 Hanson,

53 1164 58 26 Esq.,
132 1164 49 21 that
198 1165 37 21 the
257 1166 123 21 intentions
403 1167 44 21 and
470 1167 64 21 views
553 1167 26 21 of
599 1167 37 22 the

52 1191 93 25 original
156 1192 133 20 biibscribers
299 1192 80 22 should
389 1193 26 21 be
422 1194 129 25 persevered
560 1195 29 24 in,
599 1194 36 22 the

51 1217 40 20 site
107 1217 26 21 of
149 1218 36 21 the
203 1226 67 13 warre
289 1226 28 14 on
336 1219 36 21 the
389 1219 48 21 Wai
456 1220 78 21 Puraro
550 1228 85 14 reserve

53 1244 57 24 (now
122 1244 67 27 ready
201 1246 33 19 for
244 1245 108 26 business)
369 1246 66 26 being
446 1247 32 20 fur
498 1247 36 21 the
548 1251 89 22 present

52 1271 185 27 unquestionably
254 1272 37 21 the
311 1277 57 16 most
386 1273 92 25 central,
496 1273 43 21 and
559 1281 77 14 conse-

51 1296 86 27 quently
155 1298 133 21 convenient
299 1299 33 20 for
342 1299 27 21 all
383 1299 87 27 parties.

198 1331 55 22 Geii.
268 1332 104 26 Humer,
388 1334 57 26 Esq.,
458 1334 21 21 in
492 1334 37 21 the
540 1334 41 21 cha
582 1334 4 14 ;
590 1342 16 15 r.

52 1363 51 22 Port
113 1364 122 22 Nicholson
247 1366 119 27 Exchange
378 1367 78 26 Room,

78 1390 97 22 Reseive
189 1392 46 20 Wai
248 1393 86 25 Peraro,
350 1393 46 21 13th
408 1393 70 27 April,
494 1395 57 21 1841.

280 1438 125 25 Wanted,

50 1469 180 46 AriIECEN
252 1471 42 22 OR
306 1472 32 20 for
354 1472 35 21 the
407 1473 80 21 Scotch
506 1473 87 21 Church
611 1474 22 21 in

130 1496 141 28 Wellington.
304 1499 19 20 A
334 1499 70 26 salary
416 1499 26 21 of
449 1506 35 14 ten
496 1500 62 26 guitr
565 1508 23 12 as
597 1508 38 19 per

50 1529 82 14 annum
145 1523 42 21 will
199 1524 25 20 be
234 1526 142 25 guaranteed,
386 1526 51 20 with
449 1534 11 12 a
471 1527 130 26 probability
612 1528 25 20 of

48 1548 28 21 ils
87 1548 67 26 being
164 1550 120 22 increased.
314 1552 64 21 None
393 1552 39 21 but
444 1560 90 19 persons
545 1553 25 21 of
581 1554 53 20 irre-

49 1576 132 26 proachable
192 1577 112 22 character
316 1579 54 20 need
382 1579 73 27 apply.

78 1602 153 26 Applicitions
247 1604 44 21 and
308 1606 144 20 testimonials
470 1609 21 18 to
508 1606 28 20 be
552 1606 81 27 lodged

49 1628 50 21 with
111 1628 37 22 the
159 1630 147 27 undersigned
317 1632 54 21 until
388 1632 36 21 the
438 1634 32 19 Ist
478 1633 27 21 of
518 1633 60 27 May.

282 1657 92 22 Robert
386 1659 26 20 H.
424 1660 99 25 Stkang,

232 1684 112 25 Registrar
354 1685 32 21 for
398 1686 36 20 the
445 1686 80 21 Scotch
536 1686 94 22 Church.

77 1708 142 28 Wellington,
233 1711 47 20 Mth
292 1711 72 27 April,
377 1713 59 20 IS4I.

257 1766 39 19 To
311 1766 33 20 bs
360 1767 57 24 Let,

52 1798 40 20 HP
98 1797 41 21 HE
156 1802 55 17 town
231 1806 49 14 acre
300 1799 40 21 No.
358 1800 39 20 68u
412 1807 28 14 on
458 1800 36 21 the
511 1801 121 27 Surveyor-
644 1806 2 27 j

61 1820 16 24 1
124 1824 115 22 General's
248 1825 60 27 plan,
320 1826 119 27 belonging
450 1832 21 15 to
489 1827 36 21 the
543 1828 87 21 Church
644 1820 2 32 j

48 1851 25 19 of
85 1851 110 21 Scotland.
228 1852 40 20 For
278 1856 73 22 terms,
364 1854 64 26 apply
440 1860 23 14 lo

238 1879 90 21 Robert
342 1880 24 20 R.
379 1882 99 23 Stkang,
494 1880 109 22 Solicitor.

75 1903 61 27 April
150 1906 31 21 11.
193 1907 56 19 1841.

47 1949 38 20 To
108 1950 44 19 ths
174 1951 165 21 Merchants,
362 1952 195 25 Ship-owners,
577 1954 53 19 and

143 1978 90 19 others
253 1978 30 19 of
296 1978 65 20 Port
374 1979 161 20 Kicholscn.

50 2009 154 47 MESSRS.
230 2010 97 22 PRATT
347 2011 43 21 and
413 2011 104 22 BKVAN
541 2013 42 26 beg
597 2020 33 14 re-

137 2037 115 26 spectfully
282 2044 22 12 tn
329 2038 78 20 inform
433 2042 39 16 the
496 2039 132 24 mi'rchants,

47 2061 151 25 bhip-owuors,
218 2063 43 20 and
279 2064 81 22 othets,
376 2063 47 20 that
438 2065 51 18 h**v
510 2064 55 20 lmve
581 2072 48 13 now

46 2089 143 19 commenced
209 2088 35 20 the
266 2093 152 17 inaiiutac-me
444 2089 25 21 of
484 2096 59 20 rope,
565 2090 63 22 lines,

46 2113 64 21 twine
126 2114 25 19 of
159 2114 27 20 all
202 2114 152 25 descriptions,
369 2120 55 16 mats
439 2117 27 19 of
478 2116 30 20 all
525 2117 63 26 sizes,
600 2117 28 21 oil

45 2139 76 21 cloths.
142 2140 38 21 &c.
191 2148 4 16 ;
213 2140 79 26 fishing
310 2147 48 15 nets
374 2141 65 21 made
457 2143 44 21 and
521 2150 30 19 re|
560 2144 67 25 aired,

45 2166 43 20 and
106 2173 66 24 ever);
184 2167 131 27 dehcrptiou
338 2168 24 20 of
379 2169 75 21 article
471 2169 21 21 in
512 2169 36 22 the
559 2171 69 21 above

45 2192 51 26 line,
115 2202 9 11 i
129 2193 15 20 IL
162 2193 54 21 from
236 2194 51 21 New
303 2195 98 21 Zea'and
420 2195 51 26 flax,
488 2198 44 19 and
548 2204 28 14 on
593 2197 35 22 the

44 2223 57 17 most
111 2220 129 22 reasonable
249 2220 98 26 charges.
378 2223 10 19 .'
401 2222 48 27 pply
464 2227 21 16 to

261 2255 88 21 Messrs.
369 2256 75 21 Pratt
459 2257 46 21 and
522 2258 83 26 Bevan,

45 2286 40 21 No.
106 2288 16 24 1,
151 2288 225 22 Mulesworth-street.
407 2290 143 27 Wellington,
577 2292 51 21 Port

271 2315 127 21 Ni.'linl-im.

43 2359 72 46 I^X
130 2359 32 20 tlu
179 2361 84 24 Bailey:
299 2360 45 22 l\vo
355 2369 60 13 ea-'-s
426 2364 98 19 m.-t.Ui.c
536 2369 91 15 window

66 2389 23 17 _i
120 2390 80 19 sanies
214 2388 75 21 til:izv'.l
298 2395 5 16 ;
320 2388 43 20 snit
370 2388 41 20 ibh*
423 2388 34 21 I'nr
468 2397 10 12 c
489 2395 24 14 >rt
522 2397 49 18 iges.

189 2413 67 21 Wall
264 2422 45 13 \ce.
324 2415 86 24 White,
423 2415 43 20 and
479 2416 121 22 W\llack.

273 2458 40 20 On
328 2459 67 23 Sale,

43 2483 71 46 AN
126 2483 109 22 excellent
246 2490 132 15 a^sortnu'tit
388 2486 26 20 of
520 2487 58 21 cloth
583 2488 42 26 'nj,

107 2509 71 26 shoes,
191 2511 44 20 ,ilso
254 2519 10 12 a
276 2512 63 20 small
357 2513 101 25 quantity
470 2514 25 19 of
510 2521 47 14 new
574 2515 50 21 seed

43 2535 77 24 wheat,
134 2536 43 21 and
193 2537 69 21 barrel
273 2538 28 21 ed
318 2538 61 26 fl.-ur,
397 2538 80 23 double
496 2540 43 21 and
555 2541 71 27 single

43 2562 108 21 barrelled
163 2562 48 22 flint
221 2571 27 19 gu
257 2571 27 14 ;s.

70 2589 55 21 N.li.
157 2590 51 21 Two
221 2597 54 14 town
287 2599 60 13 acres
358 2596 21 17 to
396 2592 37 26 let,
451 2601 27 13 on
497 2595 129 21 reasonable

43 2619 74 18 terms.

332 2646 59 21 Jo;iN
406 2646 19 21 II
434 2654 17 13 \i
460 2654 31 17 es,
504 2647 31 20 Te
545 2649 52 20 Aro.

42 2688 92 47 JUST
150 2688 163 26 RECEIVED,
325 2697 27 13 ex
364 2690 34 21 the
406 2692 62 25 Lady
478 2693 91 24 Nugent,
583 2693 42 21 and

106 2714 63 22 otlu-r
180 2716 43 20 lire
234 2716 90 22 arrivals
333 2724 5 13 ::

68 2740 123 23 Yarmouih
212 2742 95 21 bloaters
324 2744 43 20 and
383 2743 117 23 L.-ch-fine
518 2745 107 28 herrings,

70 2768 103 21 Sardines
184 2776 11 13 a
205 2768 6 21 1
223 2768 65 25 hutle,
300 2770 59 21 salad
370 2771 44 20 and
425 2771 60 28 lamp
496 2772 47 27 oils,

69 2794 89 21 Buttled
171 2795 62 20 fruits
244 2796 43 20 and
299 2796 59 21 dried
371 2798 71 25 'leibs,

71 2820 58 21 York
139 2822 43 20 and
193 2821 133 27 Westphalia
337 2823 68 27 hams,
417 2825 79 21 Bristol
508 2825 61 28 tripe,

71 2847 61 20 Pearl
143 2848 84 26 barley,
239 2856 58 20 sago,
310 2852 39 18 Ike.
362 2851 38 20 frc.

68 2900 10 2 _
89 2900 7 1 .
111 2900 6 6 ,
365 2877 21 20 D
405 2878 20 20 S.
444 2878 76 22 Duiue
531 2879 45 21 and
586 2880 38 21 Co.

68 2900 145 27 Wellington,
227 2902 46 21 16th
287 2902 21 21 A
325 2903 32 25 til,
374 2905 9 19 1
395 2906 28 18 41

42 2945 133 47 THREE
190 2945 168 23 THOUSAND
376 2947 75 23 FEET
461 2950 99 26 superior
569 2950 57 21 half-

115 2971 52 23 inch
188 2973 75 25 Cedar,
284 2974 33 20 \\>r
335 2974 100 28 budding
453 2977 44 20 and
517 2978 109 26 repaning

42 2997 68 22 boats.

370 3027 49 21 Wai
426 3036 23 13 it
459 3029 45 21 and
514 3030 83 21 Tyseu.

41 3051 169 34 _WeinngU>n,
224 3053 77 21 Mar.h
313 3055 30 24 IS,
358 3055 56 21 1841.

49 3096 79 34 T^OR
153 3097 84 25 SALE,
257 3105 13 12 a
289 3099 101 26 quantity
407 3100 26 20 of
454 3100 53 22 OIL
522 3102 101 22 BUTTS.

42 3119 28 24 JL
115 3123 72 27 Apply
200 3129 21 15 to

213 3151 24 20 Hi
242 3158 46 13 now
294 3159 45 18 ays,
353 3152 103 26 Guyton,
470 3154 43 21 and
525 3155 70 22 Eahp.

235 3203 11 13 a
268 3196 103 21 situation
396 3197 23 21 in
439 3204 13 14 a
473 3199 69 21 Store.
576 3199 47 21 The

58 3225 9 13 t
78 3224 12 14 T
136 3220 128 22 Adverti-er
280 3222 17 21 is
310 3223 45 20 well
374 3224 133 26 acquainted
525 3225 49 21 with
588 3226 35 21 the

40 3246 92 21 woollen
144 3248 43 19 and
207 3248 92 27 drapery
317 3249 104 25 business,
440 3251 43 21 and
496 3252 70 21 would
585 3260 38 14 en-

40 3272 97 21 deavour
148 3277 22 16 to
181 3274 63 21 make
254 3274 90 22 himself
355 3277 113 27 generally
477 3279 78 21 useful.
588 3279 34 21 He

40 3305 40 14 can
91 3299 45 20 al<o
146 3299 94 25 produce
250 3302 57 25 good
315 3302 145 22 testimonials
470 3307 21 17 to
501 3305 120 21 character.

40 3325 85 22 Letters
136 3326 117 22 addressed
264 3331 21 16 to
303 3328 28 21 A.
343 3329 30 22 8..
386 3337 49 14 care
446 3330 26 21 of
480 3331 37 21 the
529 3331 93 23 Gazette

40 3352 77 26 Office,
129 3352 41 21 will
182 3354 84 20 receive
276 3354 89 23 immedi
374 3361 28 16 ite
413 3358 118 21 attention.

67 3379 63 25 April
144 3380 30 23 12,
190 3381 55 19 :S!1.

276 3425 105 21 Notice.

38 3457 103 24 THR
165 3457 215 23 PARTNERSHIP
404 3460 97 23 hitherto
525 3462 97 26 exiting

52 3481 16 22 1
112 3483 98 21 between
231 3483 84 22 Rob.-it
333 3485 71 26 Wain,
420 3487 25 20 of
464 3488 51 21 Port
530 3489 90 21 Nich-.1-

37 3516 47 20 son,
96 3510 43 20 and
151 3509 87 26 George
249 3510 94 27 Tinline,
356 3519 21 14 i.r
388 3513 110 22 Adelaide
511 3515 21 20 in
551 3516 68 21 South

37 3536 121 22 Austtalia.
177 3543 23 13 as
221 3537 123 21 meichants
367 3539 43 20 and
421 3544 85 22 agent*,
521 3541 39 21 has
578 3542 24 21 th
612 3551 9 11 s

38 3562 41 27 day
99 3563 56 20 been
176 3563 116 21 dissolved.
323 3564 36 21 Ail
380 3570 80 21 parties
478 3567 105 22 indebted
599 3575 22 14 to

37 3589 36 21 the
88 3589 46 21 said
151 3589 54 26 firm,
219 3589 40 21 wll
277 3590 71 20 i.le..se
365 3598 39 19 pay
416 3592 37 21 the
464 3601 60 14 -ame
542 3599 20 16 to
576 3595 43 21 Mr.

37 3616 66 20 Waitt
124 3612 156 24 imnie(ii,i!'h.
312 3617 36 21 All
374 3619 75 20 i-Lums
472 3621 85 24 against
584 3629 4 13 i
593 3622 26 20 ln-

37 3643 45 21 said
94 3643 47 21 firm
155 3642 41 21 will
206 3643 26 20 be
244 3642 119 28 liquidated
374 3652 26 12 u.i
412 3648 159 21 3>re.->eiHation.

421 3671 93 22 Robeut
532 3673 79 23 Waitt

64 3723 42 20 Mr.
124 3721 69 22 W.iitt
207 3721 83 26 having
308 3723 88 21 entered
414 3723 49 21 into
479 3725 140 29 Partnership

35 3749 52 21 with
108 3749 44 21 Mr.
174 3749 24 21 R.
221 3749 23 20 B.
264 3749 77 26 Tyser,
362 3749 35 21 the
416 3749 101 23 business
535 3752 41 21 will
597 3754 20 20 in

34 3775 72 22 future
118 3775 26 21 be
156 3775 84 21 carried
250 3782 27 14 oij
291 3775 70 21 under
372 3776 34 20 the
418 3777 56 26 s.yle
484 3777 46 21 and
541 3779 45 20 title
597 3780 26 21 of

35 3801 66 21 Waitt
113 3801 44 21 and
169 3801 75 27 Tys.er.

386 3829 93 21 Robert
496 3830 87 27 Waitt,

386 3855 94 23 Robert
497 3857 23 21 B.
536 3857 81 23 Tyslr.

35 3880 142 25 Wellington,
191 3881 61 23 April
265 3882 32 26 13,
310 3882 59 21 1841.

62 3906 34 22 W.
112 3906 28 22 V.
156 3907 94 22 Brewer.

672 134 181 47 NOTICE.
853 134 47 21 The
913 134 96 22 Address
1019 138 22 18 to
1057 135 37 21 the
1110 136 75 23 Queen
1204 142 43 14 now

752 160 40 21 lies
802 165 23 16 at
833 160 37 22 the
880 161 122 27 Exchange
1013 162 78 26 Room,
1103 162 50 20 Wai
1166 162 81 26 Peraro,

644 202 2 4 .
672 187 33 20 for
715 186 130 26 signatures.

699 212 37 21 All
757 212 37 22 the
810 213 136 22 inhabitants
966 214 26 21 of
1009 214 53 21 Port
1077 213 122 23 Nicholson
1216 221 31 15 are

672 238 85 22 invited
765 243 23 17 to
797 239 56 26 sign.

785 285 171 26 Wellington
971 285 54 20 and
1039 285 106 21 Petoni.

703 316 73 30 fijtrjjg'
785 311 89 35 npHE
886 312 43 21 fine
937 311 109 22 schooner
1057 311 56 22 built
1123 312 51 21 boat
1182 313 65 24 Eliza,

644 342 2 2 '
686 333 93 38 A^
792 333 27 25 JL
845 337 114 27 Sheridan,
972 342 87 26 master,
1075 338 44 21 will
1136 338 61 22 leave
1215 339 32 21 the

672 360 109 28 #^k2
797 364 71 27 Royal
889 364 86 27 George
996 365 42 21 Inn
1060 372 66 18 every
1150 366 97 26 morning

670 393 34 18 tor
721 391 84 20 i'etoni.
835 390 95 27 Passage
948 398 83 19 nionej'
1047 392 30 20 2s.
1106 391 44 21 For
1164 391 83 27 freight,

670 417 48 25 &c,
731 416 65 27 apply
807 420 22 18 to
1018 417 95 21 George
1126 419 97 20 Clarke.

846 461 53 21 For
913 461 162 28 Wanganui.

707 495 60 27 .-
783 488 89 22 rriHE
882 488 110 22 schooner
1001 489 104 26 Surprise,
1121 489 25 21 T.
1163 488 84 27 Lundy,

789 510 28 25 JL
842 518 87 22 master,
940 515 45 21 will
994 517 104 20 continue
1108 522 25 14 as
1143 523 12 13 a
1164 515 83 27 regular

670 541 108 25 Ss*
782 541 72 21 trader
873 541 100 21 between
993 541 132 28 Wanganui,
1145 541 43 22 and
1211 541 36 21 sail

668 569 57 21 from
734 567 141 26 Wellington,
884 568 51 20 Port
942 567 130 28 Nicholson,
1080 568 76 22 within
1167 576 13 13 a
1190 567 57 23 week

644 596 2 8 '
645 614 6 9 9
669 596 23 20 oi
706 595 40 21 her
755 593 81 23 arrival
847 594 54 22 each
911 594 60 21 time.

977 620 99 23 Waters
1086 620 44 22 and
1142 621 79 21 Smith.

816 666 52 19 For
885 666 108 25 Sydney
1008 665 93 20 direct.

715 699 57 26 g5.
781 692 90 21 rTU-IE
896 693 43 20 line
966 692 82 26 barque
1073 692 62 25 Lady
1157 692 90 25 Nugent,

684 727 91 24 rSrfWfr
788 713 28 26 J-
842 720 61 21 Capt.
915 719 87 25 Santry,
1020 718 43 21 will
1080 718 40 21 sail
1134 720 90 24 positive
1233 725 14 19 y

668 742 110 29 g5~3J
807 752 28 14 on
856 744 37 21 the
913 746 33 19 Ist
963 745 61 27 May.
1067 744 44 22 For
1127 745 80 27 freight
1225 751 22 14 or

668 780 91 19 passage
769 772 64 27 apply
846 775 21 16 to

847 798 101 21 Cai-iain
965 798 92 21 Santry
1067 805 27 14 on
1106 798 75 27 board,
1193 805 23 14 or
1225 801 22 18 to

849 823 81 22 Waitt
945 824 46 21 and
1004 824 83 22 Tyser.

694 851 144 27 Wellington,
851 851 64 26 April
927 852 30 26 13,
971 852 35 19 18<1
1011 852 18 20 L

809 896 52 20 For
876 896 116 20 London
1007 896 94 21 direct.

700 931 65 26 6,g-&
781 923 89 34 npHE
889 922 83 28 barque
986 924 125 24 Brougham,
1133 924 40 19 220
1191 925 55 21 tons,

682 944 92 38 >r^y
844 949 89 27 Captain
954 949 133 27 Kettlewell,
1109 950 81 26 having
1207 949 40 21 her

667 971 110 31 a^gsEsSsj
795 983 64 19 cargo
872 976 116 26 complete,
1000 981 79 21 except
1088 983 12 14 a
1115 976 41 21 few
1168 980 48 17 tons
1226 976 21 21 of

666 1006 162 20 measurement
851 1002 75 26 goods,
952 1002 45 21 will
1019 1002 40 21 sail
1080 1002 115 27 positively
1219 1009 25 14 on

667 1031 106 26 Monday,
786 1030 37 21 the
833 1029 50 22 19th
896 1030 49 21 inst.
975 1029 43 21 For
1027 1029 81 27 freight
1124 1037 24 13 or
1157 1036 89 20 passage

665 1058 66 27 apply
742 1062 22 16 to
774 1057 37 21 the
822 1056 92 27 Captain
926 1063 27 14 on
965 1055 75 25 board,
1053 1063 24 14 or
1087 1059 22 17 to

1030 1082 89 19 Willis
1129 1082 42 19 and
1181 1082 16 14 r
1199 1090 13 11 o
