2540 4060
1241 70 112 34 THE

64 131 460 137 NEW
577 121 1891 157 ZEALAND
2467 121 2 157 GAZETTE

1244 292 99 35 AND

64 327 1145 177 WELLINGTON
1323 327 1145 177 SPECTATOR.

595 529 219 40 PUBLISHED
860 528 134 37 EVERY
1035 522 258 43 WEDNESDAY
1335 523 89 38 AND
1470 524 232 38 SATURDAY
1746 525 207 37 MORNING.

2265 644 101 41 [Vol.
2386 642 68 33 111.

574 640 132 38 I^RT
727 644 284 39 NICHOLSON,
1034 638 304 39 WEDNESDAY
1360 640 241 40 MORNING,
1622 643 191 32 AUGUST
1836 647 31 35 3,
1892 647 87 28 1842.

82 651 63 32 No.
163 650 85 39 164.]

254 743 54 21 For
321 741 112 21 Nelson.

87 778 70 22 :>X-
224 776 68 22 fTIO
312 775 40 22 sail
370 775 24 22 in
411 776 19 21 a'
440 774 44 28 day
499 781 25 16 or
538 777 50 24 two,
599 773 40 22 the

85 797 82 38 jTyjTffci
232 797 30 28 X
294 802 45 23 fine
350 802 44 21 fast
403 802 79 26 sailing
491 805 73 18 cutter
571 802 69 26 Royal

75 823 113 40 ffftphEfc
226 831 101 25 William^
338 829 100 22 William
445 829 87 26 Lovett,
541 832 84 19 master
632 836 5 20 ;

52 852 151 41 _g|Qig£_gr
223 858 36 22 for
283 856 82 28 freight
392 863 25 14 or
444 862 99 20 passage,
572 855 67 28 apply

195 906 7 11 r
230 916 123 26 Wallace,
365 915 93 26 White,
470 914 21 22 &
499 913 126 23 Wallace.
642 931 2 5 ,

79 950 145 27 Wellington,
237 949 55 27 July
301 950 34 24 26,
346 949 61 21 1843.
429 966 3 5 ,

188 995 54 21 For
270 993 106 22 Nelson
399 993 104 23 Haven,

222 1029 30 19 To
261 1028 42 19 sail
310 1027 22 20 in
341 1033 12 13 a
355 1026 49 25 few
416 1026 57 25 days,

205 1058 95 25 riiHE
315 1061 43 21 fast
369 1059 80 27 sailing
463 1058 106 22 schooner
586 1059 54 19 Per-

82 1081 95 34 Jy^jX,
212 1081 32 29 JL
280 1093 114 20 severance,
405 1085 94 28 Captain
510 1085 26 21 E.
545 1084 82 26 Bishop
633 1092 5 18 ;

59 1106 138 40 J|§§^P|^
232 1115 42 21 has
296 1114 58 28 good
378 1112 190 22 accommodation
606 1111 35 21 for

233 1147 137 22 passengers.
399 1140 45 22 For
458 1138 83 28 freight
551 1145 24 15 or
589 1145 52 21 pas-

52 1162 148 41 iisgaEgig
233 1176 61 20 sage,
306 1167 65 28 apply
382 1169 22 19 to

359 1204 24 22 J.
399 1204 37 22 M.
450 1203 104 25 Taylor,

501 1230 32 21 Te
546 1229 53 22 Aro.

80 1261 54 28 July
144 1261 34 26 25,
190 1261 61 22 1842.

252 1305 54 20 For
319 1303 125 21 Manilla.

97 1335 74 37 •JgJjjST
228 1340 92 22 mHE
346 1340 84 26 barque
457 1339 114 25 Exporter,
601 1338 42 19 216

87 1360 110 37 jSetJ^s.
235 1360 30 30 JL
303 1369 56 24 tons,
381 1369 22 18 to
423 1365 42 22 sail
484 1372 28 15 on
531 1372 26 14 or
574 1363 69 22 about

85 1387 132 37 Pl3S^g'
242 1395 38 21 the
290 1393 50 22 10th
349 1392 95 28 August.
473 1392 44 21 For
525 1390 84 27 freight
618 1397 25 14 or

66 1442 5 10 ■
76 1414 117 38 CTT^rar
241 1427 100 21 passage,
359 1419 67 28 apply
442 1421 23 19 to
480 1418 45 22 Mr.
543 1417 100 22 Fitzher-

62 1440 160 37 ffjTC.i_^*|g|^
241 1449 57 25 fcert,
310 1454 24 14 or
343 1446 38 22 the
392 1446 92 27 Captain
494 1452 30 15 on
537 1444 77 22 board.

82 1483 144 26 Wellington,
238 1481 55 28 July
303 1481 33 26 25,
348 1481 60 21 1842.

58 1535 64 26 Ship
137 1534 82 21 Hotel
235 1534 22 20 &
271 1534 114 23 Tavern,
400 1532 130 20 Manners
546 1531 96 23 Street,

205 1567 42 22 BY
262 1566 84 22 JOHN
361 1565 131 27 FULLER,

57 1602 80 20 WINES,
149 1602 95 19 SPIRITS,
256 1601 47 14 AND
313 1601 61 13 MALT
384 1599 97 16 LIQUORS
492 1599 27 14 OF
529 1597 114 16 SUPERIOR

296 1627 106 16 QUALITY.

130 1652 157 23 Commodious
297 1659 73 15 rooms
379 1651 53 22 with
441 1650 56 28 good
506 1650 63 22 beds.

84 1689 94 20 Dinners
193 1689 37 24 got
252 1687 63 25 ready
335 1693 25 14 on
381 1687 35 19 the
428 1686 91 19 shortest
538 1685 76 20 notice.

138 1729 31 14 AN
179 1728 120 15 ORDINARY
310 1727 69 14 DAILY
389 1727 28 14 AT
426 1721 14 19 2
458 1719 103 21 O'CLOCK.

56 1770 204 50 WHEREAS,
274 1777 31 14 on
315 1776 24 15 or
347 1769 69 22 about
423 1769 39 21 the
476 1768 53 22 26th
546 1768 26 22 of
583 1768 60 22 June

151 1797 49 28 last,
219 1804 14 14 a
250 1796 53 22 cask
318 1796 25 22 of
353 1796 57 27 pork
423 1803 45 15 was
477 1795 40 22 left
531 1795 25 22 in
569 1803 14 14 a
590 1795 53 22 boat

57 1825 54 22 then
121 1825 24 21 in
152 1824 125 28 possession
288 1823 25 22 of
320 1823 59 22 John
391 1823 103 25 Bennett,
508 1823 43 21 but
560 1829 49 15 now
618 1823 25 21 in

55 1852 124 28 possession
195 1851 26 21 of
235 1850 101 22 Richard
346 1849 118 27 Williams,
475 1849 85 26 Petoni,
574 1850 21 20 if
606 1853 37 18 not

58 1878 78 22 owned
145 1878 76 22 before
231 1881 38 18 ten
279 1877 55 27 days
349 1877 56 22 after
419 1876 44 22 this
479 1877 83 26 notice,
571 1877 19 21 it
599 1876 44 22 will

58 1906 27 22 be
96 1905 49 23 sold
155 1908 23 18 to
187 1912 43 21 pay
240 1912 113 19 expenses.

193 1955 87 20 Town
299 1954 30 21 of
341 1954 165 21 Manewatu.

58 1989 92 21 nnHE
172 1987 214 23 PROPRIETORS
412 1987 25 21 of
461 1987 38 21 the
520 1987 62 21 three
595 1987 48 21 first

65 2009 29 31 X
145 2015 88 20 choices
250 2015 22 19 at
282 2014 37 21 tlie
336 2013 52 22 last-
394 2013 105 21 selection
510 2013 26 21 of
551 2016 92 24 country

57 2041 70 26 lands,
141 2040 83 27 having
244 2040 137 21 determined
394 2047 61 18 upon
472 2039 38 21 the
526 2039 41 21 site
581 2040 35 21 for
631 2047 12 14 a

71 2074 94 22 TOWN
181 2073 42 22 ON
238 2073 65 22 THE
319 2072 186 23 MANEWATU
520 2072 108 27 RIVER,

58 2102 57 21 after
119 2102 77 19 several
205 2101 60 20 visits
275 2104 21 17 to
306 2100 36 21 the
352 2099 186 30 neighbourhood,
550 2099 46 22 and
607 2100 36 21 the

58 2131 58 19 most
134 2127 91 23 carefuV
236 2126 45 23 and
299 2126 84 22 minute
402 2126 151 21 examination
568 2126 25 21 of
607 2126 36 21 the

59 2159 70 17 entire
146 2154 91 27 district,
254 2153 65 22 aided
335 2154 30 26 by
374 2152 37 22 the
426 2152 145 28 professional
586 2152 57 28 skill,

58 2181 136 27 knowledge,
215 2180 45 22 and
274 2180 130 28 experience
419 2180 26 21 of
456 2179 38 22 the
510 2183 59 18 most
585 2187 58 14 com-

58 2211 78 25 petent
141 2208 88 28 judges,
246 2214 93 21 propose
354 2210 24 18 to
394 2206 53 22 offer
458 2206 33 21 for
508 2206 103 28 disposal,
622 2210 21 18 at

208 2234 37 22 the
260 2236 88 26 present
357 2234 60 26 time,
429 2233 67 22 about

58 2267 220 23 TWENTY-FIVE
313 2267 105 26 ACRES,
456 2266 36 22 IN
529 2267 114 22 ALLOT-

59 2295 113 27 MENTS,
188 2294 85 23 EACH
295 2293 39 22 OF
358 2293 64 22 ONE
443 2293 148 24 QUARTER
606 2294 37 22 OF

275 2321 45 21 AN
335 2320 90 22 ACRE.

82 2349 47 22 The
139 2351 49 26 spot
196 2349 52 20 thus
258 2347 95 22 selected
365 2354 110 21 possesses
484 2346 38 22 the
531 2350 59 19 most
607 2356 36 13 ex-

56 2376 85 22 tensive
155 2376 102 26 frontage
271 2377 23 19 to
312 2374 54 28 deep
378 2377 67 19 water
461 2373 26 22 of
498 2381 43 25 any
558 2382 27 14 on
606 2375 37 22 the

56 2404 64 21 river.
138 2420 2 7 ,
150 2403 23 21 It
190 2402 17 21 is
227 2401 97 22 situated
337 2401 49 28 just
399 2403 22 19 at
437 2401 47 21 that
503 2401 64 27 point
585 2401 58 22 from

118 2428 73 23 which
200 2436 14 14 a
223 2428 55 22 road
289 2427 72 23 would
371 2427 83 22 branch
466 2427 33 22 off
505 2432 22 17 to
538 2427 37 23 the

56 2463 95 15 WOODED
175 2463 46 14 AND
242 2462 98 15 FERTILE
360 2462 117 14 DISTRICTS
498 2462 76 15 ALONG
597 2463 46 14 THE

196 2502 4 3 .
226 2489 58 14 BASE
298 2489 27 14 OF
339 2488 46 15 THE
400 2489 73 19 HILLS,

57 2510 44 22 and
113 2510 72 21 above
193 2509 75 21 which
277 2508 45 23 the,
328 2508 128 27 navigation
470 2508 35 22 for-
513 2509 82 21 vessels
604 2509 39 21 be-

57 2544 75 15 comes
141 2537 85 24 tedious,
237 2536 25 25 if
266 2537 38 19 not
313 2535 93 27 difficult.
435 2535 23 21 It
463 2535 19 22 is
489 2535 108 22 therefore
604 2536 38 21 the

255 2563 62 27 point
326 2562 72 21 where
409 2561 36 22 the

57 2597 89 22 LAND
160 2596 68 22 AND
244 2596 113 22 WATER
371 2596 161 22 CARRIAGE
548 2596 93 28 MEET,

56 2624 45 21 and
111 2624 74 21 where
193 2631 14 14 a
216 2624 70 21 Town
304 2630 58 15 must
378 2630 27 14 be
419 2630 91 14 formed
527 2623 65 22 when
604 2624 38 21 the

58 2650 85 22 district
157 2650 19 22 is
186 2650 86 22 settled.
302 2650 22 21 It
332 2657 44 15 was
386 2650 96 22 selected
498 2650 29 27 by
538 2650 38 21 the
589 2651 54 21 Sur-

56 2677 82 27 veying
147 2677 58 22 Staff
216 2684 25 14 as
251 2677 38 21 the
298 2677 136 21 rendezvous
442 2676 37 22 for
492 2676 59 22 their
564 2677 61 27 body
635 2686 6 19 ;

58 2704 41 22 and
110 2704 40 22 has
159 2704 57 22 been
226 2711 51 15 now
289 2704 78 27 found,
377 2704 57 21 after
444 2704 86 21 several
546 2704 96 22 months'

55 2730 105 27 location,
171 2735 22 17 to
205 2731 30 21 be
244 2730 38 22 the
292 2733 56 19 most
363 2730 164 27 advantageous
538 2731 103 27 position,

56 2757 59 21 from
130 2758 28 20 its
172 2757 98 27 peculiar
290 2757 86 27 facility
390 2757 26 21 of
426 2757 113 28 approach
548 2757 56 22 both
612 2758 30 27 by

56 2784 54 22 land
120 2784 45 21 and
173 2787 74 19 water.
282 2801 3 3 .

85 2811 29 21 In
124 2810 153 22 confirmation
287 2810 27 21 of
318 2810 37 22 the
366 2810 130 27 superiority
506 2810 26 21 of
540 2810 44 22 this
593 2812 50 25 spot'

55 2844 55 14 over
119 2844 45 20 any
173 2836 63 22 other
244 2840 39 24 yet
291 2836 89 26 known,
392 2836 37 21 the
439 2836 90 22 Messrs.
538 2836 104 28 Kebbell,

56 2863 69 23 after.
132 2863 38 21 the
190 2862 149 22 examination
355 2863 28 21 of
398 2862 36 22 the
452 2862 60 22 river
527 2863 58 21 from
605 2864 37 21 the

57 2890 91 23 Paneiri
157 2890 47 21 Pah
213 2893 24 18 to
246 2890 29 21 its
284 2888 85 28 mouth,
381 2889 138 22 determined
532 2897 31 14 on
573 2894 70 18 erect-

296 2916 39 26 ing
347 2916 58 21 tneir

57 2951 68 22 SAW
139 2950 80 23 MILL
240 2949 230 22 IMMEDIATELY
484 2949 159 24 OPPOSITE.

56 2977 49 23 The
122 2977 72 22 works
212 2976 26 22 of
253 2976 50 22 that
320 2975 167 23 establishment
505 2984 37 14 are
562 2980 23 19 at
600 2977 43 22 this

58 3008 100 19 moment
176 3004 22 21 in
213 3003 65 28 rapid
293 3010 106 20 progress,
416 3003 45 21 and
478 3003 38 22 the
534 3005 109 27 proposed

56 3031 70 26 To^yn
136 3031 45 22 will
190 3030 134 27 necessarily
328 3025 91 32 partake
426 3030 26 21 of
457 3029 44 22 this
510 3030 132 27 advantage.

83 3058 50 23 The
151 3057 94 22 nucleus
261 3057 24 21 of
302 3064 13 14 a
329 3057 71 21 Town
414 3056 27 27 is,
451 3056 24 22 in
488 3057 51 26 fact,
552 3057 91 28 already

58 3085 96 25 created,
163 3085 30 26 by
202 3083 38 22 the
252 3083 164 22 concentration
432 3083 25 22 of
470 3083 38 21 the
518 3083 125 28 Surveying

58 3111 59 25 Staff
122 3119 29 14 on
161 3111 48 22 that
219 3113 55 24 spot,
286 3117 24 15 as
319 3110 36 21 the
366 3112 74 20 centre
456 3109 25 23 of
492 3111 151 21 communica-

57 3138 46 22 tion
113 3141 24 19 to
147 3138 38 21 the
193 3136 150 28 surrounding
352 3135 104 29 district;,
465 3136 37 22 the
513 3137 97 22 erection
620 3138 23 21 of

58 3164 90 23 Messrs.
159 3163 117 24 Kebbell's
291 3164 49 21 Saw
355 3163 64 22 Mills
539 3171 6 19 ;
561 3163 30 28 by

58 3194 162 26 arrangements
233 3191 37 21 for
284 3197 30 15 an
330 3189 114 23 extensive
454 3189 99 23 General
566 3191 61 21 Store
635 3199 5 19 ;

58 3218 44 23 and
111 3219 30 27 by
148 3218 38 23 the
194 3218 46 22 late
249 3217 133 32 application
389 3217 33 21 for
431 3224 14 14 a
451 3216 108 22 Licensed
566 3217 76 22 House

57 3252 28 15 on
94 3246 37 21 the
139 3248 51 24 part
198 3245 27 22 of
236 3252 30 15 an
274 3243 124 22 individual
411 3243 50 22 who
474 3243 48 28 has,
533 3243 61 22 since
605 3244 37 22 the

56 3271 118 24 formation
191 3272 26 22 of
230 3271 40 22 the
286 3271 91 27 Colony,
392 3269 97 28 pursued
505 3278 14 14 a
536 3270 107 23 lucrative

56 3298 63 23 tirade
129 3299 53 22 with
190 3299 38 22 the
238 3298 94 27 natives,
343 3297 47 22 and
400 3297 72 22 whose
481 3297 132 27 knowledge
620 3298 23 21 of

56 3325 36 22 the
103 3326 135 27 advantages
249 3325 26 22 of
280 3325 39 22 the
328 3324 101 28 position,
436 3323 118 29 prompted
563 3323 47 23 him
619 3328 24 18 at

56 3358 56 16 once
122 3356 23 19 to
152 3354 74 25 prefer
235 3352 50 23 that
296 3351 142 28 application.
472 3362 3 3 -

82 3379 48 22 The
139 3380 94 21 Natives
246 3380 32 27 by
286 3381 74 19 whom
375 3377 44 22 this
428 3377 55 22 land
492 3384 46 15 was
548 3377 95 23 claimed

55 3412 37 15 are
103 3406 61 27 quite
290 3408 23 19 to
322 3405 50 27 give
379 3412 30 20 up
415 3405 131 27 possession,
554 3405 45 22 and
606 3412 37 15 are

56 3432 144 28 exceedingly
209 3433 96 21 anxious
317 3436 22 18 to
353 3432 58 22 have
421 3439 14 14 a
445 3431 119 28 European
572 3439 71 20 popu-

54 3457 73 24 latibrf
133 3466 81 20 among
223 3459 68 27 them;
303 3459 82 27 having
384 3464 3 7 1
402 3459 57 22 been
468 3466 59 20 upon
538 3458 38 22 the
585 3462 58 18 most

52 3485 99 28 friendly
157 3485 85 28 footing
252 3486 54 21 with
308 3486 50 23 .the-
364 3485 125 28 Surveying
498 3485 60 22 Staff
563 3485 80 28 during

50 3511 39 23 the
98 3511 51 22 four
157 3518 26 15 or
190 3512 44 21 five
242 3512 90 22 months
339 3513 56 27 .they
414 3512 64 23 have'
487 3512 156 28 beenjocated

50 3538 75 23 there.,
152 3561 12 4 ..
208 3562 5 3 .
235 3557 3 4 .
251 3561 4 5 ,
279 3539 3 28 ',
285 3557 20 13 iKj
320 3555 3 5 ,
339 3554 6 9 4
378 3561 7 8 j
490 3561 2 6 ,
512 3562 6 6 ,

80 3566 33 21 As
123 3564 37 23 the
169 3564 137 28 Proprietors
315 3572 94 21 purpose
416 3569 24 19 to
451 3566 87 28 dispose
548 3566 26 22 of
579 3566 42 22 but
630 3573 13 14 a

51 3591 86 22 limited
149 3591 91 28 portion
258 3591 26 22 of
294 3591 37 22 the
345 3595 70 20 Town
431 3596 23 19 at
472 3596 97 25 present,
588 3593 55 27 they

51 3618 78 28 pledge
139 3617 134 23 themselves
280 3618 56 28 that,
346 3622 24 18 at
378 3626 29 15 no
426 3620 73 22 future
509 3620 64 27 sales,
585 3620 57 22 shall

53 3645 38 22 the
101 3643 128 24 allotments
237 3644 29 22 be
274 3647 41 25 put
320 3652 30 21 up
359 3648 24 19 at
392 3653 14 14 a
413 3643 47 26 less
470 3654 49 15 sum
527 3646 57 23 than
592 3653 51 16 now

54 3672 89 21 offered.
148 3678 2 8 1

54 3724 12 7 ..
79 3706 33 22 A.
120 3705 140 28 Prospectus,
272 3704 46 22 and
335 3705 57 23 Plan
412 3707 26 21 of
451 3707 37 22 the
506 3707 70 23 Town
594 3707 47 22 will

53 3729 85 32 Bhoitly
146 3732 28 24 be
183 3731 70 28 ready
261 3731 35 22 for
305 3731 123 28 inspectioa
442 3737 24 18 at
476 3734 39 22 the
526 3734 82 22 Offices
616 3734 27 22 of

53 3758 90 23 Messrs.
153 3754 70 26 Waitt
232 3757 46 23 and
287 3758 75 28 Tyser,
372 3760 32 21 Te
414 3759 54 23 Aro.

78 3789 151 28 Wellui'gtbn,,
233 3784 68 34 April
308 3791 34 26 22,
352 3791 62 21 1842.
480 3793 4 5 '

242 3841 27 20 J.
284 3841 39 21 M.
338 3841 109 26 Taylor,

64 3871 152 26 LICENSED
240 3873 242 26 CUSTOM-HOUSE
505 3876 117 29 AGENT,

232 3928 5 2 .
258 3926 3 5 ,
339 3913 53 19 ARO«
409 3928 5 3 .
438 3929 5 3 -
504 3928 2 5 ,
524 3927 4 6 ,
541 3928 3 5 .

58 3947 84 25 TUST
153 3950 136 27 OPENED,
296 3951 44 22 and
350 3958 30 15 on
391 3951 50 23 Sale
451 3954 23 20 at
483 3952 38 23 the
532 3953 73 22 Office
614 3953 27 23 of

50 3982 27 14 v
112 3976 45 24 this
164 3977 80 27 Paper,
254 3977 41 24 ink
304 3978 77 23 stands
391 3978 26 23 of
423 3979 89 23 various
521 3979 65 23 sizes.

786 738 164 27 Adjourned
963 737 95 21 Public
1074 729 68 28 Sale.

672 772 158 31 TI/rESSRS.
854 771 150 22 BETHUNE
1027 770 69 22 AND
1127 769 131 22 HUNTER

670 792 61 29 JLVJL
759 799 44 22 will
821 798 39 23 sell
873 798 32 27 by
924 797 76 22 Public
1020 797 106 24 Auction,
1144 803 29 15 on
1181 797 76 21 Satur-

670 826 43 28 day
722 829 60 23 next,
794 825 38 22 6th
842 825 97 27 August,
956 823 91 23 without
1055 830 97 20 reserve,
1161 826 23 19 to
1199 822 58 23 close

670 853 177 27 consignments:
848 863 29 4 —

696 888 14 20 2
720 890 47 18 tons
776 886 64 27 flour,

698 915 10 19 1
720 917 37 17 ton
770 913 53 26 rice,

697 941 11 20 1
720 943 37 18 ton
767 946 73 20 sugar,

697 967 27 20 10
734 966 71 21 chests
815 969 45 24 tea,

696 993 14 20 5
720 995 50 19 tons
781 999 61 19 soap,

698 1020 26 20 10
733 1023 49 17 tons
792 1020 49 25 salt,

696 1046 16 20 4
720 1053 60 13 cases
792 1044 57 28 hats,

670 1083 3 3 -
698 1073 13 20 3
721 1079 60 14 cases
790 1071 74 22 linens
880 1071 129 27 containing
1009 1082 26 5 —
1035 1071 79 22 brown
1133 1071 44 22 and
1190 1070 67 23 black

670 1098 108 27 hollands,
795 1098 94 22 damask
900 1098 59 22 table
970 1105 75 15 covers
1056 1098 25 22 in
1093 1098 95 28 variety/
1197 1097 59 23 table

671 1125 77 27 cloths,
759 1126 101 26 napkins,
871 1124 83 28 towels,
966 1125 92 28 diapers,
1071 1125 109 28 sheeting,
1192 1124 65 22 shirt-

670 1153 45 26 ing,
726 1153 39 21 &c.
777 1153 49 26 &c.,
827 1175 4 5 a
858 1158 4 4 '
1096 1173 4 2 .

698 1181 14 19 2
727 1180 63 21 casks
807 1178 121 29 preserved
942 1178 130 28 provisions,
1085 1178 76 22 choice
1176 1181 81 19 assort-

671 1209 79 24 ments,

699 1235 10 19 1
722 1240 49 14 case
781 1232 72 28 shoes,

698 1260 14 20 5
722 1260 63 21 casks
793 1263 51 24 port
853 1259 43 21 and
906 1259 78 28 sherry
994 1259 63 27 wine,

699 1288 13 20 6
722 1294 59 14 cases
793 1286 35 22 do.
838 1286 24 22 in
872 1286 80 26 bottle,

700 1315 12 20 1
723 1320 49 15 case
783 1313 105 21 Windsor
898 1320 59 20 soap,

700 1341 12 20 1
723 1340 34 22 do.
769 1340 99 22 assorted
878 1347 77 14 sauces
966 1339 44 22 and
1019 1339 128 27 anchovies,

699 1368 14 20 2
723 1367 34 21 do.
769 1366 73 22 starch
853 1366 44 22 and
907 1366 60 27 blue,

701 1395 9 19 1
723 1394 35 21 do.
769 1393 79 22 sedlitz
859 1393 99 27 powders
969 1392 44 22 and
1022 1393 64 22 other
1096 1392 127 28 chemicals,

701 1422 10 19 1
724 1421 33 21 do.
770 1420 159 22 concentrated
938 1420 69 21 acetic
1018 1420 56 27 acid,

699 1448 14 20 2
723 1447 63 22 casks
795 1447 82 27 glasses
887 1447 44 21 and
941 1447 111 27 tumblers,

702 1475 10 20 1
725 1482 48 14 case
783 1474 67 27 quills
860 1474 44 21 and
913 1474 64 21 office
987 1474 127 27 stationery,

701 1502 11 20 1
723 1501 34 21 do.
768 1501 93 26 looking
869 1501 84 26 glasses
964 1500 43 22 and
1017 1500 98 27 mirrors,

701 1529 11 20 1
724 1528 50 22 cask
785 1527 135 28 Negrohead
930 1527 90 22 tobacco
1031 1527 56 26 duty
1097 1527 58 28 paid,

700 1555 22 21 A
732 1555 102 27 quantity
850 1555 57 21 wine
917 1554 43 22 and
971 1555 51 21 beer
1032 1553 71 28 corks,

701 1581 62 22 Fruit
777 1585 65 22 trees,
853 1581 87 27 grafted
954 1581 57 22 from
1024 1581 39 22 the
1074 1581 98 22 choicest
1178 1580 80 27 scions,

673 1608 46 22 and
727 1608 86 22 various
823 1608 62 22 other
896 1608 78 27 goods.

781 1641 80 23 Lunch
872 1645 23 18 at
905 1643 27 20 12
942 1642 85 21 o'clock
1034 1641 117 29 precisely.

673 1675 144 28 Wellington,
829 1675 54 28 July
892 1677 35 25 29,
940 1677 60 21 1842.

665 1729 2 6 '
692 1733 213 22 FAVOURABLE
933 1733 221 23 OPPORTUNITY
1181 1733 64 22 FOR

713 1761 64 21 THE
793 1761 204 22 INVESTMENT
1018 1761 38 21 OF
1072 1761 144 22 CAPITAL.

781 1794 150 21 Extensive
946 1794 59 21 Sale
1021 1794 31 21 of
1066 1794 85 21 Land.

676 1828 90 49 MR.
792 1827 84 22 JOHN
899 1827 96 22 WADE
1012 1827 40 22 has
1071 1827 37 22 the
1132 1827 88 22 honour
1238 1829 23 19 to

766 1861 125 19 announce,
902 1854 50 21 that
963 1854 29 22 he
998 1863 2 4 •
1007 1854 44 22 will
1066 1855 40 20 sell
1123 1854 31 27 by
1164 1854 96 27 auction,

675 1889 29 14 on
722 1881 87 27 Friday,
826 1881 39 22 the
878 1881 40 21 sth
933 1882 94 26 August,
1044 1883 60 25 1842,
1122 1885 24 17 at
1162 1881 39 21 the
1216 1881 46 21 Ex-

676 1908 91 28 change,
785 1908 34 21 Te
837 1908 54 27 Aro,
912 1911 24 18 at
953 1909 11 20 1
983 1908 86 21 o'clock
1087 1908 117 27 precisely,
1223 1908 37 21 the

909 1935 112 27 following

715 1968 209 23 ALLOTMENTS
940 1968 36 22 IN
990 1968 117 22 WADE'S
1122 1968 101 27 TOWN,

673 1995 39 22 the
721 2002 59 15 same
794 1995 67 27 being
875 1995 73 21 either
962 1995 49 21 sold
1027 2002 28 15 on
1074 1994 77 28 credit,
1169 1992 94 30 bearing'

673 2022 109 26 interest,-
791 2028 23 14 or
832 2022 32 20 let
879 2025 24 17 to
919 2022 135 27 respectable
1071 2025 95 23 tenants,
1184 2022 53 20 with

673 2048 59 27 right
742 2049 26 21 of
777 2048 114 27 purchase,
903 2049 46 21 and
958 2055 49 15 now
1017 2048 108 28 occupied
1134 2048 43 22 and
1188 2048 72 22 under
1262 2062 2 7 .

899 2075 136 21 cultivation.

805 2107 77 22 LOTS
897 2107 44 22 ON
955 2107 64 22 THE
1034 2107 93 22 PLAN.
1169 2125 3 3 .

675 2134 111 22 Numbers
795 2136 19 25 9,
827 2135 33 26 10,
872 2135 33 26 11,
917 2136 33 25 12,
960 2136 34 24 26,
1004 2135 33 25 27,
1044 2135 35 26 28,
1090 2135 34 26 29,
1134 2135 35 25 56,
1180 2133 34 27 57,
1225 2135 33 26 58,

675 2161 44 21 and
729 2162 32 25 59,
773 2161 31 21 let
814 2161 34 21 for
863 2168 68 14 seven
947 2168 69 20 years,
1027 2161 59 21 from
1101 2162 34 20 Ist
1151 2161 107 27 January,

675 2189 59 26 1842,
745 2187 34 22 for
789 2187 48 22 £14
844 2194 39 21 per
891 2194 61 21 year,
957 2187 92 28 payable
1059 2187 51 22 half
1115 2188 84 27 yearly,
1208 2187 52 22 with

675 2222 14 14 a
699 2215 57 26 right
767 2215 26 21 of
799 2214 106 28 purchase
916 2218 23 18 at
949 2222 44 20 any
1002 2215 51 21 time
1065 2215 80 27 during
1153 2215 38 21 the
1201 2215 59 22 lease

840 2241 35 21 for
884 2241 38 21 the
932 2248 48 15 sum
989 2242 25 21 of
1020 2242 67 22 £140.

675 2268 111 22 Numbers
797 2270 17 25 1,
825 2269 21 25 2,
859 2270 31 25 18,
903 2268 45 21 and
962 2270 33 25 19,
1011 2268 50 22 sold
1075 2269 37 21 for
1124 2269 38 21 the
1178 2276 50 15 sum
1239 2269 24 22 of

675 2296 54 26 £60,
740 2298 23 18 at
772 2303 13 14 a
795 2295 70 21 credit
875 2295 26 21 of
912 2302 67 15 seven
996 2302 69 21 years,
1082 2296 57 21 from
1154 2297 48 20 21st
1215 2296 46 21 De-

675 2323 94 26 cember,
782 2323 60 26 1841,
853 2322 94 27 bearing
955 2323 91 20 interest
1060 2323 57 21 after
1131 2322 37 22 the
1180 2326 48 18 rate
1239 2324 24 20 of

675 2350 27 21 10
715 2356 40 20 per
771 2351 64 25 cent.,
852 2349 51 27 viz.,
920 2349 35 24 £6
969 2356 39 20 per
1025 2356 61 20 year,
1104 2349 95 27 payable
1215 2350 48 22 half

926 2376 84 27 yearly.

674 2403 111 22 Numbers
795 2404 33 26 80,
839 2404 33 25 81,
884 2403 45 22 and
940 2404 33 26 82,
983 2403 31 22 let
1025 2403 36 22 for
1073 2406 38 19 ten
1121 2411 72 19 years,
1204 2404 57 22 from

675 2430 51 22 17th
741 2430 96 26 August,
854 2430 59 26 1841,
926 2434 22 17 at
958 2437 14 14 a
981 2433 51 18 vent
1046 2430 26 21 of
1084 2430 48 22 £10
1147 2438 39 19 per
1199 2438 59 20 year,

673 2456 93 28 payable
781 2456 51 22 half
842 2456 85 28 yearly,
943 2456 52 22 with
1002 2460 19 18 'a
1035 2456 60 28 right
1110 2457 26 22 of
1152 2457 108 27 purchase

675 2483 80 27 during
764 2483 37 22 the
809 2483 59 22 lease
877 2484 36 21 for
920 2483 68 24 £100.
1016 2484 54 22 This
1079 2484 54 21 land
1142 2484 20 21 is
1172 2484 88 22 cleared

674 2510 46 22 and
733 2510 127 27 cultivated,
879 2510 46 21 and
940 2510 40 22 has
997 2517 26 15 an
1040 2511 112 22 excellent
1166 2511 94 22 wooden

687 2538 99 27 building
796 2545 29 14 on
831 2538 23 26 it,
864 2537 70 22 which
943 2537 37 22 the
988 2538 123 27 proprietor
1118 2538 72 21 would
1199 2538 46 21 sell.

673 2564 112 22 Numbers
794 2566 33 25 92,
838 2566 33 24 96,
882 2565 34 25 97,
929 2566 46 26 131,
985 2566 44 26 132,
1041 2566 47 25 133,
1100 2566 46 26 134,
1158 2566 48 26 135,
1215 2565 45 22 and

674 2592 46 26 136,
731 2591 46 22 sold
793 2591 35 22 for
842 2591 68 27 £160,
922 2595 23 18 at
961 2599 13 14 a
988 2591 70 22 credit
1074 2592 27 21 of
1115 2592 63 22 three
1194 2599 65 21 years

672 2618 57 21 from
740 2620 34 19 Ist
783 2618 61 28 July,
856 2620 61 25 1842,-
929 2618 45 22 and
988 2618 94 28 bearing
1096 2618 91 23 interest
1202 2619 58 22 after

673 2644 37 22 the
719 2649 46 18 rate
774 2645 25 22 of
806 2646 27 21 10
843 2652 39 20 per
891 2648 67 24 cent.,
966 2645 49 27 viz.,
1027 2646 48 23 £16
1084 2653 40 21 per
1133 2653 60 20 year,
1204 2653 54 20 pay-

672 2672 50 21 able
731 2672 50 22 half
786 2672 83 27 yearly.
898 2672 47 22 The
955 2676 87 24 greater
1051 2676 50 24 part
1109 2673 27 22 of
1145 2673 45 21 this
1199 2673 34 22 lot
1240 2673 18 22 is

771 2699 94 27 cleared,
876 2698 90 28 fenced,
977 2699 44 22 and
1030 2699 129 23 cultivated.

673 2725 110 22 Numbers
799 2728 27 19 39
839 2726 45 21 and
899 2727 35 25 40,
945 2726 32 21 let
987 2730 21 17 to
1018 2726 137 28 respectable
1169 2729 89 20 tenants

672 2752 36 22 for
717 2760 64 15 seven
797 2759 71 21 years,
885 2752 59 23 from
955 2752 50 23 18th
1017 2753 136 27 September,
1164 2755 61 25 1841,
1237 2757 22 18 at

673 2779 33 23 £3
722 2781 42 20 10s.
780 2787 40 20 per
836 2787 60 19 year,
912 2780 95 27 payable
1022 2780 52 21 half
1082 2780 84 28 yearly,
1180 2780 52 22 with
1246 2787 14 15 a

699 2806 59 26 right
767 2806 27 21 of
799 2806 116 28 purchase,
924 2806 80 28 during
1011 2806 36 22 the
1056 2807 69 27 lease,
1133 2807 34 22 for
1176 2807 55 24 £35.

673 2832 101 23 Number
783 2834 47 26 151,
841 2833 48 22 sold
900 2833 35 21 for
943 2833 54 27 £30,
1009 2833 36 27 (of
1053 2834 73 21 which
1135 2834 32 24 £5
1178 2834 19 22 is
1206 2834 53 28 paid

673 2860 48 26 up,)
739 2862 22 19 at
778 2867 15 14 a
811 2860 69 21 credit
895 2860 26 21 of
934 2863 42 18 two
992 2867 62 20 years
1070 2860 59 22 from
1147 2860 38 23 the
1204 2861 54 23 27th

795 2886 104 26 October,
912 2888 51 20 1841
979 2886 38 27 (no
1026 2887 109 27 interest.)
1165 2906 2 5 ,

673 2919 113 22 Numbers
795 2919 33 27 47,
839 2921 34 25 48,
884 2916 40 30 49,'
934 2921 34 26 50,
985 2921 33 26 51,
1029 2921 34 26 64,
1074 2921 34 27 65,
1124 2923 33 25 66,
1168 2921 35 27 67,
1214 2921 45 22 and

674 2947 34 25 68,
729 2946 22 25 (5
767 2946 79 26 acres,)
866 2947 32 21 let
915 2946 36 22 for
976 2950 37 18 ten
1035 2954 72 20 years,
1127 2948 56 22 from
1207 2948 52 22 27th

675 2973 101 25 October,
783 2974 65 27 ,1841,
864 2972 103 27 (without
981 2973 59 27 right
1056 2975 27 20 of
1094 2975 127 27 purchase,)
1237 2978 23 18 at

674 2999 34 24 £2
723 3001 41 21 10s.
780 3006 40 21 per
833 3006 54 21 year
945 2999 37 22 the
999 3001 46 21 first
1056 3001 65 21 three
1135 3008 72 20 years,
1226 3003 32 23 £5

672 3033 41 20 per
727 3033 53 20 year
789 3026 34 21 for
837 3025 38 23 the
884 3030 55 18 next
949 3026 59 22 three
1023 3034 73 21 years,
1106 3028 45 22 and
1165 3029 35 22 £7
1214 3031 44 19 10s.

672 3060 41 20 per
720 3060 53 20 year
781 3053 37 21 for
832 3053 37 21 the
884 3053 45 22 last
943 3053 52 22 four
1008 3061 64 20 years
1079 3062 6 20 ;
1100 3058 50 18 rent
1164 3055 94 28 payable

894 3079 51 23 half
952 3080 82 27 yearly.

673 3105 47 23 The
730 3106 70 22 above
808 3106 44 22 lots
868 3106 44 22 will
920 3123 2 5 ,
929 3107 153 28 immediately
1091 3111 76 19 return
1183 3112 24 19 to
1222 3109 36 22 the

672 3133 118 27 purchaser
799 3140 29 15 an
844 3133 84 22 annual
943 3134 86 22 income
1044 3135 85 28 worthy
1138 3136 26 21 of
1177 3137 80 26 notice,

673 3159 31 22 all
712 3160 91 27 payable
814 3160 50 22 half
875 3160 88 28 yearly;
980 3161 49 27 and,
1040 3161 18 22 it
1073 3166 60 18 must
1145 3163 26 21 be
1188 3163 70 22 borne

672 3186 25 22 in
715 3187 69 26 mind,
802 3186 50 22 that
869 3187 18 21 it
907 3187 20 22 is
950 3187 30 22 all
1002 3189 107 26 occupied
1128 3189 46 23 and
1192 3190 68 27 being

672 3213 86 28 rapidly
777 3214 123 27 improved,
927 3214 51 27 and,
1007 3215 80 22 should
1114 3216 38 22 the
1178 3217 81 27 parties

672 3239 40 23 fail
722 3244 21 17 to
753 3240 65 22 claim
828 3241 57 21 their
899 3241 125 28 purchases,
1035 3242 46 22 will
1097 3250 76 15 secure
1188 3247 23 18 to
1222 3243 36 22 the

673 3266 67 29 lucky
753 3267 126 28 purchaser,
896 3272 24 17 at
936 3267 37 23 the
991 3272 90 24 present
1097 3269 56 28 sale;
1170 3277 31 15 an
1218 3277 40 15 un-

821 3294 100 22 doubted
931 3294 176 28 independence.

875 3328 75 15 AFTER
963 3329 84 20 WHICH,

673 3346 46 22 will
732 3347 28 22 be
779 3347 83 22 offered
877 3347 35 22 for
927 3347 53 26 sale,
995 3349 41 22 lots
1049 3352 41 19 not
1098 3352 38 25 yet
1145 3350 113 27 occupied.

673 3373 113 23 Numbers
798 3375 34 26 91,
847 3375 34 26 94,
898 3376 47 23 102,
964 3376 46 26 103,
1026 3377 48 26 104,
1090 3378 47 20 105.
1148 3379 47 25 111,
1213 3379 45 26 112,

674 3402 46 25 113,
731 3400 45 22 and
785 3402 47 25 114,
841 3400 72 22 which
924 3401 44 22 will
977 3401 27 23 be
1013 3402 54 22 sold.
1070 3403 118 28 positively
1197 3404 62 22 with-

673 3430 40 19 out
721 3427 36 22 the
767 3427 56 22 least
836 3434 96 21 reserve,
943 3428 45 22 and
997 3436 37 14 are
1048 3427 30 24 all
1094 3430 49 22 well
1155 3431 103 27 situated,

673 3454 46 22 and
732 3453 49 23 well
797 3454 85 27 worthy
896 3455 76 26 public
987 3456 115 27 attention,
1116 3457 144 28 particularly

673 3480 62 22 those
748 3481 50 22 who
810 3488 37 14 are
858 3481 99 22 desirous
973 3481 24 23 of
1011 3482 54 22 land
1071 3487 4 4 '
1080 3483 35 22 for
1130 3483 129 23 immediate

674 3507 138 28 occupation.
842 3507 23 23 It
878 3515 55 20 may
941 3508 28 22 be
980 3509 118 23 remarked
1110 3510 50 22 that
1168 3511 92 22 Wade's

673 3534 68 22 Town
751 3534 19 32 is_
778 3534 38 22 the
826 3534 53 28 only
882 3534 65 29 place
955 3535 24 22 in
986 3535 36 23 the
1031 3536 131 23 immediate
1167 3537 93 28 vicinity

675 3561 25 22 of
708 3561 133 25 Wellington
850 3561 49 22 that
904 3561 81 23 affords
992 3563 150 23 convenience
1152 3564 34 22 for
1192 3564 68 28 keep-

673 3588 40 27 ing
722 3587 61 35 dairy
795 3587 64 23 nerds
871 3596 25 14 or
911 3588 64 23 other
988 3589 68 28 stock,
1075 3597 30 20 as,
1121 3591 24 21 in
1159 3591 99 22 addition

673 3618 23 18 to
715 3615 37 21 the
769 3611 116 27 luxurious
903 3616 92 27 grazing
1011 3616 49 22 that
1078 3617 38 22 the
1129 3617 56 23 land
1199 3617 64 23 itself

672 3641 87 28 affords,
770 3642 62 21 there
842 3649 37 15 are
889 3642 81 22 outlets
978 3648 23 16 to
1010 3650 29 15 an
1053 3643 119 23 unlimited
1182 3647 78 19 extent

672 3669 26 21 of
703 3669 98 27 grazing,
809 3668 73 23 which
893 3675 85 17 cannot
986 3669 27 23 be
1027 3671 107 27 occupied
1147 3671 36 21 for
1194 3678 64 21 years

910 3699 23 19 to
943 3704 69 15 come.
1018 3720 3 3 .

873 3730 75 16 AFTER
968 3730 83 20 WHICH,
1162 3742 3 3 .
1262 3739 2 4 ■

671 3749 88 22 Section
769 3749 26 22 of
799 3749 56 22 land
863 3749 24 22 in
896 3749 39 22 the
945 3749 47 23 first
1001 3748 44 24 and
1057 3749 110 29 principal
1181 3751 77 22 settle-

670 3779 69 24 ment,
759 3780 97 28 country,
867 3777 85 21 section
971 3783 50 16 now
1035 3777 122 31 unchosen^
1174 3777 45 23 No.
1235 3778 24 22 of

670 3803 76 21 choice
757 3805 45 24 896,
814 3803 54 21 with
877 3803 38 22 the
931 3806 59 19 town
1004 3810 50 15 acre
1065 3803 121 28 belonging
1198 3807 23 19 to
1231 3805 24 27 it,

670 3829 139 28 delightfully
820 3829 96 23 situated
926 3833 24 18 at
959 3829 37 22 the
1000 3829 59 23 back
1070 3829 26 23 of
1102 3830 32 22 Te
1143 3831 49 21 Aro
1198 3831 57 22 Flat.

696 3863 104 23 Terms—
803 3862 79 23 Under
891 3862 55 28 £10,
957 3862 52 22 cash
1017 3870 6 20 ;
1037 3862 60 22 from
1106 3863 48 24 £10
1167 3867 23 18 to
1200 3864 54 27 £20,
1262 3874 2 9 .

668 3891 14 21 3
696 3888 101 28 months;
812 3890 58 21 from
885 3890 49 21 £20
951 3892 23 19 to
988 3889 53 27 £30,
1051 3890 16 21 4
1080 3889 102 28 months;
1197 3890 59 23 from

668 3917 49 23 £30
730 3916 108 28 upwards,
849 3914 17 24 3'
879 3914 44 24 and
939 3918 14 19 6
968 3916 96 21 months'
1082 3916 76 28 credit,
1169 3923 31 16 on
1216 3925 40 21 ap-
1262 3937 2 7 ,

667 3946 85 26 proved
760 3942 110 24 endorsed
878 3945 151 25 acceptances.
1262 3953 2 8 <

695 3975 48 24 P.S.
745 3987 28 5 —
774 3975 80 24 Lunch
864 3982 30 17 on
903 3975 61 24 table
974 3978 24 20 at
1006 3977 26 22 12
1042 3975 212 32 o!clockipreci§ely.

1286 732 225 23 TO-MORRO
1524 733 44 24 W..
1573 745 29 4 —
1609 732 263 23 IMPORTANT

1468 768 60 20 Sale
1545 767 30 21 of
1593 768 92 20 Stock.

1288 800 156 49 MESSRS.
1468 800 152 23 BETHUNE
1644 800 68 23 AND
1740 800 134 23 HUNTER

1375 828 44 21 will
1479 828 29 26 by
1516 828 79 21 Public
1604 828 106 26 Auction;
1720 834 28 15 on
1755 827 118 27 Thursday

1287 856 58 24 n<§xt,
1355 853 39 22 the
1407 854 40 22 4th
1462 855 95 26 August,
1573 857 24 18 at
1610 854 59 22 their
1684 853 142 29 Stock-yard,
1841 854 31 22 Te

1289 880 50 26 A.ro,
1355 883 32 18 at.
1396 882 26 21 12
1439 880 92 25 o'clock,
1549 880 38 22 the
1606 888 68 20 cargo
1693 882 25 21 of
1734 881 38 22 the
1789 880 84 28 barque

1289 908 82 26 Tyrian,
1382 908 123 26 consisting
1515 908 33 21 of:
1549 919 28 4 —

1311 942 26 20 18
1347 942 98 26 superior
1453 941 83 22 heifers
1545 941 46 22 and
1601 948 57 16 cows
1667 942 24 22 in
1701 941 50 28 calf,

1311 969 25 21 18
1347 968 99 27 working
1455 968 107 27 bullocks,

1308 995 43 21 200
1361 995 44 21 fine
1416 1002 57 15 ewes
1482 995 100 27 lambing
1590 995 45 22 and
1644 995 73 28 heavy
1725 995 24 22 in
1758 995 69 23 lamb.

1310 1027 54 23 This
1373 1029 62 22 stock
1443 1028 41 23 has
1498 1029 87 22 arrived
1594 1030 25 21 in
1632 1030 112 21 excellent
1753 1030 118 26 condition,

1286 1054 42 23 and
1341 1054 58 23 have
1414 1056 114 27 improved
1545 1063 55 20 very
1612 1056 68 22 much
1695 1057 60 22 since
1771 1057 101 27 landing,

1286 1081 79 27 having
1380 1082 46 22 had
1440 1090 14 14 a
1470 1082 98 23 month's
1582 1090 49 20 run,
1649 1083 46 22 and
1709 1084 93 21 become
1812 1084 60 28 quite

1286 1108 135 23 naturalized
1430 1113 23 17 to
1463 1109 37 22 the
1515 1113 90 24 pasture
1621 1110 25 21 of
1659 1110 44 21 this
1718 1110 92 28 district,
1829 1110 44 22 and

1286 1142 34 15 are
1330 1136 30 21 all
1369 1136 26 21 of
1402 1143 14 14 a
1423 1136 97 27 superior
1529 1136 68 22 breed
1602 1144 5 20 ;
1620 1136 36 22 the
1665 1144 58 15 ewes
1729 1137 145 28 particularly

1287 1162 86 23 deserve
1381 1162 39 23 the
1430 1163 110 22 attention
1547 1164 24 21 of
1577 1164 118 26 intending
1703 1164 169 22 flock-masters.

1392 1205 180 15 REFRESHMENTS
1586 1205 30 15 AT
1630 1206 46 15 THE
1693 1206 69 15 YARD.

1310 1228 143 29 Wellington,
1465 1230 54 27 July
1527 1231 35 26 29,
1573 1232 61 20 1842.

1522 1284 107 21 Notice.
1738 1303 11 12 //^/
1748 1274 57 34 /^
1835 1300 7 2 ~

1288 1317 64 48 TO
1374 1317 65 23 THE
1459 1317 124 23 AGENTS
1604 1318 39 22 OF
1664 1318 45 22 Dr.
1730 1318 142 29 HILLIER,

1376 1344 49 22 that
1440 1344 21 22 if
1476 1345 37 21 the
1528 1343 64 23 doors
1618 1344 46 22 and
1688 1345 74 22 sashes
1785 1346 25 21 in
1835 1353 39 20 my

1287 1371 119 27 possession
1427 1378 37 15 are
1481 1375 40 18 not
1535 1371 67 23 taken
1618 1378 70 21 away,
1707 1372 45 22 and
1767 1372 38 22 the
1822 1373 53 22 debt

1287 1397 84 28 settled,
1383 1398 53 27 they
1444 1398 44 22 will
1496 1398 28 22 be
1535 1399 47 21 sold
1593 1401 23 19 to
1625 1406 45 20 pay
1681 1406 115 20 expences.

1660 1432 26 22 T.
1703 1432 24 22 C.
1743 1432 103 22 Butler.

1342 1483 26 22 R.
1399 1482 174 28 TURNBULL,
1604 1482 155 28 SURGEON,
1782 1483 92 22 intends

1352 1510 122 27 practising
1482 1510 37 21 the
1529 1510 89 21 various
1627 1509 108 22 branches
1745 1510 26 21 of
1780 1510 35 22 his
1824 1518 50 20 pro-

1288 1536 86 27 fession,
1386 1536 45 22 and
1446 1543 51 21 may
1505 1537 36 21 for
1556 1536 38 22 the
1608 1541 99 23 present'
1712 1537 30 22 be
1759 1538 116 21 consulted

1288 1567 21 18 at
1318 1563 74 22 Baron
1405 1563 95 22 Alzdorf
1502 1564 23 21 's.

1313 1597 68 22 River
1391 1597 67 26 Hutt,
1468 1597 60 22 June
1539 1597 33 28 17,
1583 1599 61 21 1842.

1430 1649 143 22 CHARLES
1588 1649 142 28 HARVEY,

1495 1684 101 25 Tailor,
1611 1684 55 25 &c,

1415 1718 114 25 Adjoining
1543 1719 71 20 Kumu
1629 1719 52 20 Toto
1695 1719 55 26 Pah,

1503 1757 159 21 WELLINGTON,

1290 1783 105 49 BEGS
1409 1786 24 19 to
1448 1786 78 20 return
1542 1784 82 22 thanks
1641 1787 24 19 to
1681 1785 38 21 the
1735 1787 81 24 gentry
1830 1784 46 22 and

1364 1810 75 28 public
1449 1811 24 21 of
1481 1810 58 22 New
1549 1811 99 22 Zealand
1658 1811 35 22 for
1702 1812 36 21 the
1747 1815 92 23 support
1847 1811 28 23 he

1289 1836 39 22 has
1343 1837 103 22 received
1460 1837 59 22 from
1535 1837 61 23 them
1611 1839 63 21 since
1687 1839 28 21 he
1731 1838 145 22 commenced
1895 1846 4 3 -

1289 1863 106 28 business,
1413 1864 46 22 and
1477 1864 28 22 he
1522 1872 87 14 assures
1625 1865 63 22 them
1704 1865 49 21 that
1768 1865 17 21 it
1804 1865 19 21 is
1842 1865 34 22 his

1289 1889 109 23 intention
1408 1893 23 19 to
1441 1891 105 21 continue
1555 1891 35 21 his
1606 1895 60 18 most
1681 1895 117 19 strenuous
1813 1899 63 14 exer-

1289 1917 56 23 tions
1356 1921 22 18 to
1389 1917 66 22 merit
1464 1925 13 14 a
1486 1918 149 22 continuance
1646 1919 27 21 of
1679 1919 57 21 their
1745 1922 129 23 patronage.

1300 1949 38 22 -C.
1349 1950 29 21 H.
1389 1949 63 22 takes
1468 1948 43 23 this
1532 1950 145 27 opportunity
1692 1950 25 21 of
1729 1950 82 27 stating
1829 1950 47 21 that

1281 1971 40 38 ■lijje
1330 1976 64 22 stock
1404 1976 93 21 consists
1507 1976 26 21 of
1545 1983 13 14 a
1566 1976 59 27 good
1634 1977 87 27 variety
1731 1977 26 22 of
1763 1976 112 28 superfine

1266 2023 1 5 ,
1277 2012 5 8 r
1289 1998 77 37 djplths,'
1376 2002 110 27 doeskins,
1503 2003 89 26 tweeds,
1609 2003 265 27 moleskins/ivelveteen,
1872 2005 4 13 1

1289 2030 53 26 pilot
1357 2029 67 27 cloth,
1435 2030 40 21 &c.
1486 2030 49 26 &c,
1550 2025 46 26 and
1611 2030 33 21 his
1656 2030 94 27 charges
1761 2030 55 26 (for-
1827 2032 49 19 cash

1266 2062 2 7 1
1289 2057 56 25 only)
1355 2055 122 22 moderate.

1476 2109 93 19 James
1585 2109 100 25 Spiers,
1761 2109 8 8 '

1289 2141 191 23 PROSPECT
1502 2142 212 22 BOARDING
1739 2142 135 28 HOUSE,

1362 2183 130 14 GUILDFORD
1507 2183 111 20 TERRACE,
1634 2184 56 14 HILL
1706 2184 91 20 STREET,

1341 2209 27 20 In
1389 2209 36 20 the
1443 2215 49 14 rear
1511 2209 27 25 of
1547 2209 41 21 Dr.
1603 2209 90 20 Evans's
1708 2210 111 26 residence,

1470 2248 74 15 TERMS
1559 2249 132 14 MODERATE.

1463 2293 106 21 Heifers
1584 2293 30 21 in
1629 2294 69 20 Calf.

1291 2326 86 48 FOR
1391 2326 86 26 SALE,
1488 2326 69 22 about
1571 2328 28 21 50
1608 2327 101 27 superior
1717 2327 58 22 bred
1785 2327 89 27 heifers,

1347 2357 59 18 most
1423 2353 25 22 of
1460 2353 149 28 themvheavy
1623 2354 22 21 in
1664 2354 50 27 calf,
1733 2355 45 21 and
1792 2354 85 28 having

1290 2379 55 22 been
1364 2387 61 15 some
1441 2380 53 21 time
1510 2381 23 20 in
1547 2381 37 21 the
1605 2381 93 27 Colony,
1715 2385 40 18 not
1769 2382 68 21 liable
1854 2386 22 17 to

1289 2407 65 22 suffer
1363 2408 57 21 from
1430 2406 38 23 the
1478 2407 77 22 effects'
1564 2408 25 21 of
1601 2408 36 21 the
1654 2408 63 22 Toot.
1746 2409 48 21 The
1806 2409 70 21 above

1290 2434 64 21 cattle
1371 2441 42 15 can
1428 2434 28 21 be
1473 2434 99 28 strongly
1585 2435 181 27 recommended,
1784 2443 25 13 as
1824 2436 53 27 they

1290 2460 55 22 have
1361 2461 57 22 been
1435 2461 96 22 selected
1547 2462 57 21 from
1621 2462 37 21 the
1676 2469 120 15 numerous
1810 2463 67 21 cattle

1289 2486 58 29 ships
1355 2488 73 22 which
1439 2488 56 21 have
1512 2488 88 22 arrived
1613 2489 62 21 here.
1704 2489 75 27 Apply
1794 2493 24 17 to
1830 2490 45 21 Mr.

1290 2514 94 28 Sfeevans,
1397 2516 87 19 Gazette
1494 2515 70 28 office,
1576 2523 25 14 or
1609 2519 23 18 to
1643 2516 45 22 Mr.
1700 2516 83 27 Hulke,
1794 2516 82 22 Evans'

1289 2541 53 27 Bay.

1314 2575 62 28 Also,
1387 2575 62 22 three
1460 2575 115 22 well-bred
1584 2583 73 14 mares
1663 2577 25 21 in
1696 2576 53 27 foal,
1762 2580 20 18 to
1793 2577 81 27 impor-

1289 2601 34 22 ted
1333 2602 83 22 horses.

1289 2647 86 49 FOR
1389 2647 85 28 SALE,
1490 2655 29 14 ex
1531 2649 63 25 Lady
1607 2649 68 25 Leigh
1691 2648 45 21 and
1752 2648 65 22 other
1830 2648 46 23 late

1359 2674 91 22 arrivals
1458 2683 5 14 :
1467 2686 27 4 —

1314 2700 97 23 Seconds
1421 2701 63 28 flour,
1498 2709 4 3 •

1314 2727 72 22 Patna
1395 2728 52 27 rice,

1314 2754 59 22 Java
1382 2755 76 27 coffee,

1314 2780 96 23 Manilla
1420 2789 71 21 sugar,

1313 2808 65 22 Pitch
1388 2808 46 22 and
1443 2813 39 23 tar,

1314 2835 52 21 Coir
1374 2843 59 19 rope,

1314 2861 91 29 Brandy
1414 2862 25 22 in
1448 2862 64 22 wood
1520 2862 42 22 and
1574 2870 68 20 cases,
1653 2871 56 20 very
1717 2864 65 27 good,

1314 2888 55 22 Best
1376 2888 104 23 hollands
1489 2890 23 21 in
1522 2890 40 21 red
1574 2897 67 21 cases,

1314 2915 60 22 Rum
1383 2916 44 21 and
1435 2916 77 22 arrack
1522 2917 23 21 in
1555 2916 66 23 hhds.

1315 2942 44 22 Gin
1369 2944 23 20 in
1402 2943 65 22 hhds.
1477 2944 45 21 and
1531 2944 70 27 pipes,

1314 2968 54 23 Port
1375 2970 45 21 and
1428 2970 77 28 sheiry
1514 2970 24 22 in
1548 2971 64 21 hhds.
1623 2970 44 22 and
1677 2973 90 24 quarter
1776 2971 72 27 casks,

1282 3006 3 4 •
1314 2995 59 28 Port,
1390 2997 84 27 sherry,
1490 2998 45 21 and
1550 2998 110 27 Madiera,
1677 2998 138 22 Rutherford
1832 2997 44 22 and

1289 3022 91 28 Drury's
1389 3024 76 27 brand,

1314 3050 144 28 Champagne
1467 3051 22 21 in
1502 3058 68 20 cases,

1314 3076 92 22 Powder
1413 3078 24 20 in
1448 3079 26 20 25
1482 3078 29 21 lb.
1522 3078 72 26 casks,

1314 3104 90 21 Several
1415 3104 203 24 double-barrelled
1626 3111 64 20 guns,

1313 3130 91 22 Timber
1414 3131 93 22 suitable
1517 3132 35 20 for
1561 3131 31 21 all
1601 3131 102 27 building
1710 3138 115 21 purposes.

1608 3165 83 22 Waitt
1706 3165 43 22 and
1762 3165 86 22 Tyser.

1314 3198 142 28 Wellington,
1468 3199 53 27 July
1531 3200 33 25 12,
1576 3200 61 20 1842.

1514 3245 43 20 On
1576 3244 70 25 Sale,
1658 3261 3 4 .

1290 3278 90 48 THE
1394 3278 76 22 BEST
1484 3277 77 22 CASE
1576 3277 65 27 GIN,
1655 3277 27 22 in
1691 3284 62 15 cases
1766 3277 47 22 and
1828 3277 52 23 half

1363 3312 67 14 cases.

1602 3330 85 22 Waitt
1702 3330 47 22 and
1761 3332 87 22 Tyser.

1315 3358 59 22 June
1383 3359 34 26 24,
1430 3359 59 21 1842.
1677 3361 2 31 ;

1469 3403 219 24 Seed.Potatoes.

1291 3436 90 34 fVNE
1391 3436 64 23 TON
1463 3437 25 22 of
1494 3437 38 22 the
1540 3436 51 23 best
1597 3436 107 23 Derwent
1711 3439 107 24 potatoes,
1828 3437 48 27 just

1291 3459 44 26 KJ
1364 3464 105 21 received
1479 3464 30 28 by
1519 3464 38 21 the
1570 3464 116 27 Exporter,
1703 3465 58 21 from
1776 3463 97 29 Sydney,

1315 3490 44 22 For
1368 3490 52 22 sale-
1425 3491 31 27 by

1613 3517 84 22 Waitt
1707 3516 45 23 and
1761 3517 87 23 Tvser.

1314 3550 146 28 Wellington,
1472 3551 59 27 July'
1535 3553 34 25 22,
1581 3552 60 21 1842.
1855 3582 21 5 _^

1463 3596 43 20 Ex

1289 3628 87 49 FOR
1390 3628 86 27 SALE,
1486 3628 31 27 by
1526 3627 44 23 the.
1574 3627 157 27 undersigned,
1742 3627 38 23 the
1789 3628 87 24 follow-

1357 3655 41 28 ing
1405 3652 75 30 cattle,
1490 3653 99 23 selected
1597 3653 57 22 from
1664 3653 39 23 the
1711 3654 57 22 herd
1778 3655 27 22 of
1811 3656 62 29 Capt.

1288 3682 95 27 Rhodes,
1403 3685 24 19 at
1444 3681 103 26 Broulee,
1564 3680 57 22 New
1639 3680 71 23 South
1726 3681 92 29 Wales,'
1829 3684 45 22 and

1266 3721 2 3 ■
1288 3709 81 22 landed
1378 3709 52 22 here
1439 3709 24 21 in
1474 3708 70 26 prime
1552 3707 123 28 condition,

1310 3738 28 20 28
1348 3743 57 15 cows
1413 3735 25 22 in
1448 3730 51 32 calf,

1312 3765 12 19 9
1333 3762 109 27 bullocks,

1312 3790 26 21 13
1348 3794 68 17 steers
1427 3788 45 23 and
1484 3787 91 28 heifers,
1586 3787 104 28 eighteen
1701 3789 89 24 months
1800 3790 46 23 old.

1463 3819 3 6 1
1486 3818 5 6 '
1547 3822 64 20 ALSO,

1310 3842 28 24 70
1350 3841 59 24 head
1420 3842 26 22 of
1456 3841 44 23 fine
1515 3842 67 22 cattle
1597 3843 110 27 expected
1719 3842 28 23 to'
1759 3844 74 22 arrive
1849 3845 23 21 in

1266 3874 2 9 1
1286 3869 35 23 the
1328 3871 101 19 Eleanor.
1449 3887 3 5 ,
1664 3887 3 3 .
1675 3878 7 12 .-
1700 3885 4 5 .
1716 3884 3 5 .
1858 3885 3 3 .
1876 3875 3 24 ;
1898 3887 2 3 .

1310 3896 105 28 Wanted,
1432 3904 15 14 a
1458 3903 80 21 person
1553 3900 129 25 competent
1692 3900 22 20 to
1730 3897 51 24 take
1791 3897 82 30 charge
1894 3906 3 7 '

1266 3937 1 7 i
1286 3923 23 23 of
1315 3931 13 15 a
1338 3923 72 23 Cattle
1420 3923 93 24 Station.
1651 3944 3 4 ,
1772 3943 3 4 ,
1807 3942 6 5 .
1876 3932 6 12 *

1266 3953 1 27 j
1545 3950 36 24 W.
1597 3951 26 24 B.
1638 3951 98 24 Rhodes
1750 3952 46 24 and
1806 3953 40 23 Co;
1877 3966 2 9 i

1266 3969 1 14 '
1309 3977 60 30 July
1374 3979 33 27 14^
1421 3978 60 23 1842.
1585 3987 3 4 -
1611 3995 31 5 .„
1660 3990 6 5 -
1693 3987 3 4 ■
1742 3992 4 4 .
1783 3982 11 7 ■-
1822 3979 33 11 -r
1855 3984 7 6 -

1906 734 72 49 ON
1993 734 79 27 SALE,
2088 741 29 15 ex
2125 736 116 26 Indemnity
2251 735 46 23 and
2304 736 107 28 Exporter
2418 745 7 13 :
2425 747 29 6 —

1983 761 54 22 Fine
2045 761 100 23 Colonial
2153 762 62 27 flour,

1931 788 78 28 Sugar,

1931 814 63 27 Rice,

1930 841 53 27 Tea,
1995 840 128 29 gunpowder
2132 842 44 23 and
2185 848 96 23 congou,

1931 868 96 21 Manilla
2036 868 74 28 cigars,
2417 884 5 3 -
2457 867 8 20 i

1931 894 65 28 Sago,
2007 898 105 24 nutmegs,

1931 920 91 23 Bottled
2030 921 65 27 fruits,

1931 947 45 22 Ale
1985 948 25 21 in
2019 948 59 21 wood
2087 948 45 23 and
2140 948 75 28 bottle,

1931 974 54 22 Port
1994 974 43 22 and
2044 974 77 28 sherry
2130 976 23 21 in
2162 975 69 27 wood,
2464 984 5 13 i

1932 1001 100 22 German
2040 1001 64 22 silver
2102 1021 5 7 v
2114 1009 62 21 ware,

1931 1027 131 28 Negrohead
2072 1029 98 27 tobacco,
2185 1049 4 5 ,

1915 1065 4 3 -
1931 1055 75 27 Single
2016 1054 40 23 and
2065 1055 201 23 double-barrelled
2274 1063 67 21 guns,

1931 1081 86 28 Mould,
2027 1089 74 20 sperm,
2111 1082 46 22 and
2165 1084 158 27 wax.candles,

1931 1108 139 29 Champagne
2079 1109 24 22 in
2114 1109 68 22 dozen
2192 1110 98 27 baskets,

1931 1135 75 22 Men's
2013 1135 39 22 and
2060 1136 104 22 women's
2172 1140 77 24 strong
2260 1137 63 22 boots
2332 1136 45 23 and
2385 1137 84 23 shoes;/

2218 1170 83 22 Waitt
2314 1170 46 22 and
2373 1171 86 22 Tyser.

1931 1195 138 28 Wellington,
2081 1195 55 29 July
2145 1199 32 25 22,
2188 1198 62 21 1842.

1906 1247 89 36 T^OR
2009 1247 79 28 SALE,
2099 1248 32 27 by
2140 1248 36 22 the
2185 1248 181 27 undersigned-

1933 1300 103 27 Superior
2042 1303 48 25 port
2100 1300 45 23 and
2155 1301 75 28 sherry
2239 1302 26 22 in
2275 1309 69 22 cases,

1933 1326 139 28 Champagne
2082 1327 23 22 in
2117 1328 61 27 ditto,

1933 1353 90 28 Brandy
2033 1354 19 21 in
2062 1358 91 23 quarter
2161 1354 69 29 casks,

1932 1380 45 22 Gin
1987 1381 24 21 in
2020 1380 63 23 hhds.

2222 1409 26 23 T.
2261 1409 34 23 M.
2310 1410 162 25 Partridge.'.

1905 1434 80 22 March
1996 1435 33 26 25,
2040 1435 58 22 1842.
2377 1450 19 4 ..

1907 1479 71 49 ON
1994 1480 109 23 SALE.—
2104 1481 53 22 Best
2165 1481 112 22 Hollands
2286 1481 23 23 in
2319 1482 51 22 half
2377 1489 67 16 cases.
2453 1475 14 14 ''

2219 1508 26 23 T.
2261 1508 34 23 M.
2312 1508 145 23 Partridge.

1931 1533 159 23 Farish-street.

1958 1580 54 22 For
2030 1580 55 21 Sale
2106 1582 30 19 at
2156 1581 43 21 the
2225 1580 106 22 Nelson
2349 1581 83 26 Dairy

2177 1608 30 20 at

2080 1634 103 21 Nelson
2197 1634 105 22 Haven.

1910 1670 66 27 QA
1992 1666 78 22 COWS
2085 1667 37 22 IN
2137 1668 85 27 CALF,

1905 1689 71 30 Q\J
2004 1694 28 21 30
2040 1693 78 22 heifers
2127 1694 23 21 in
2159 1694 49 28 calf,

2004 1721 28 20 50
2039 1728 73 20 young
2121 1721 87 27 heifers,

1936 1747 16 20 4
1961 1746 109 22 half-bred
2079 1747 101 23 Durham
2191 1747 68 29 bulls,

1934 1773 24 21 11
1969 1777 72 23 steers,

1961 1801 13 20 6
1984 1801 95 27 working
2087 1801 107 28 bullocks,

1959 1828 16 20 4
1983 1827 60 22 stock
2050 1827 83 28 horses,

1961 1855 41 20 100
2011 1861 58 20 ewes,

1959 1881 28 21 50
1996 1881 97 27 wethers,

1932 1907 48 22 The
1996 1908 64 21 above
2075 1915 37 14 are
2127 1908 55 23 from
2196 1908 42 23 Dr.
2250 1908 94 28 Imlay's
2361 1908 128 23 celebrated

1905 1934 62 21 stock
1977 1937 23 18 at
2009 1935 95 22 Twofold
2116 1935 54 28 Bay.
2199 1935 49 22 The
2260 1936 66 22 cattle
2342 1943 37 15 are
2389 1936 37 22 the
2438 1936 51 22 best

1906 1960 60 27 bred,
1977 1961 57 21 have
2043 1961 54 22 been
2107 1962 83 21 landed
2199 1962 24 22 in
2236 1962 38 22 the
2285 1962 66 23 finest
2361 1963 71 26 order,
2443 1962 46 23 and

1905 1987 59 22 form
1973 1987 38 22 the
2025 1988 45 21 best
2079 1988 103 23 selection
2190 1989 27 22 of
2223 1996 44 20 any
2273 1989 32 22 lot
2313 1993 39 24 yet
2360 1990 97 27 brought
2465 1994 23 17 to

1906 2014 57 21 New
1972 2014 124 24 Zealand..,.
2103 2015 187 28 For-,parti,eulars,
2301 2016 67 28 apply
2377 2020 22 18 to

2090 2049 22 21 S.
2128 2048 99 27 Revans,
2243 2049 144 27 Wellington,
2400 2056 25 15 or

2089 2081 31 22 D.
2131 2082 143 27 Dhummond,
2286 2082 87 23 Nelson
2382 2082 91 23 Haven.

2056 2133 91 26 Maps,
2158 2134 104 25 Charts,
2272 2135 56 25 &c,

1908 2166 91 22 riIHE
2013 2166 146 28 undersigned
2171 2166 42 23 has
2225 2167 49 27 just
2290 2167 104 23 received
2410 2175 13 15 a
2432 2175 55 15 con-

1914 2189 29 26 JL
1981 2194 107 26 signment
2107 2194 26 21 of
2149 2201 60 21 maps
2229 2194 45 22 and
2294 2194 74 22 charts
2385 2195 59 22 from
2463 2195 23 22 J.

1907 2220 92 27 Wyld's,
2023 2220 93 28 Charing
2139 2220 69 28 Cross,
2234 2221 146 28 Geographer
2403 2225 22 18 to
2450 2221 37 23 the

1907 2247 86 27 Queen,
2004 2247 42 22 viz:
2048 2258 29 4 —

1935 2274 71 27 Large
2016 2277 38 19 two
2064 2274 64 22 sheet
2138 2281 48 21 map
2197 2274 27 22 of
2229 2274 58 22 New
2297 2274 107 29 Zealand,

1921 2317 4 3 .
1935 2300 48 22 One
1996 2300 57 22 sheet
2062 2309 51 20 map
2124 2302 26 21 of
2155 2301 55 22 New
2220 2301 107 27 Zealand,
2344 2311 5 6 •>

1935 2327 103 22 Chaffers'
2053 2328 63 22 chart
2131 2328 26 22 of
2169 2328 81 22 Cook's
2270 2329 86 27 Straits,
2374 2328 55 22 with
2447 2328 39 23 the

1904 2354 190 27 latest-additions,

1935 2381 104 22 Chaffers'
2046 2382 62 21 chart
2118 2382 26 21 of
2150 2382 51 21 Port
2210 2381 132 29 Nicholson,

1935 2408 125 22 Mercator's
2070 2408 65 22 chart
2143 2409 23 21 of
2177 2408 39 22 the
2227 2408 76 28 world,
2314 2409 42 22 &c.
2368 2410 40 21 &c.
2418 2410 40 22 &c.

2258 2443 112 22 William
2385 2443 74 22 Lyok.
2472 2451 4 4 •

1907 2475 85 22 Corner
2001 2476 25 21 of
2032 2476 145 22 Willis-street
2186 2476 45 22 and
2241 2476 191 28 Lambton-quay.

2073 2510 58 21 June
2141 2511 31 26 21,
2183 2511 63 21 1842.

1908 2561 68 48 ON
1994 2561 80 27 SALE,
2088 2561 32 28 by
2128 2561 36 22 the
2173 2561 151 28 undersigned
2326 2573 28 5 —

1977 2610 3 5 ,
1984 2589 59 21 Mess
2050 2589 55 27 pork
2114 2589 25 21 in
2151 2589 90 22 barrels.

2251 2623 25 22 J.
2286 2624 34 22 M.
2330 2624 104 22 Taylor.

1932 2648 55 28 July
1997 2650 32 26 19,
2039 2650 56 20 1842.

2140 2694 105 22 Notice.

2138 2727 135 28 Wellington
2283 2728 61 24 June
2353 2729 35 28 27,
2399 2731 61 21 1842.
2471 2740 5 4 -

1907 2760 92 34 rpHE
2013 2760 143 23 BUSINESS
2168 2761 99 23 hitherto
2283 2762 125 23 conducted
2417 2763 72 23 under

1914 2783 29 26 JL
1981 2787 38 22 the
2035 2787 46 22 firm
2090 2788 27 22 of
2130 2787 59 23 John
2199 2789 45 21 and
2255 2789 87 27 George
2356 2789 71 22 Wade
2436 2790 53 28 will,

1906 2814 58 21 after
1973 2813 38 23 the
2027 2816 29 20 Ist
2065 2815 44 28 day
2126 2815 26 21 of
2164 2815 61 27 July,
2239 2817 61 26 1842,
2315 2817 29 21 be
2359 2815 86 23 carried
2460 2815 29 24 oh

1907 2840 72 22 under
1988 2841 37 22 the
2032 2848 61 16 name
2103 2841 27 22 of
2136 2841 59 23 John
2205 2842 68 22 Wade
2283 2843 45 21 and
2340 2843 52 26 Co.-;
2404 2843 47 21 and
2458 2843 31 22 all

1905 2875 91 20 persons
2004 2868 101 22 indebted
2112 2871 25 19 to
2143 2868 38 22 .the
2188 2869 52 21 firm
2244 2869 30 21 of
2281 2869 61 22 John
2349 2863 46 28 and
2400 2870 89 27 George

1909 2895 76 26 Wade,
1996 2902 36 14 are
2044 2895 116 28 requested
2171 2895 115 23 forthwith
2296 2899 21 18 to
2328 2903 45 20 pay
2383 2896 58 22 their
2454 2904 35 15 re-

1907 2921 97 27 spective
2015 2926 101 18 accounts
2126 2925 23 18 to
2159 2921 35 23 the
2205 2921 156 28 undersigned,
2373 2923 116 22 otherwise

1906 2948 51 27 they
1969 2948 45 22 will
2023 2949 23 21 be
2059 2948 91 22 handed
2159 2951 21 19 to
2190 2956 14 14 a
2219 2948 102 22 Solicitor
2330 2949 35 22 for
2374 2956 115 22 recovery.

2298 2982 65 23 John
2378 2982 82 24 Wade.

2103 3027 41 19 To
2161 3027 31 20 be
2208 3027 75 26 Sold,

1908 3060 72 49 ON
2001 3060 79 22 MOST
2099 3060 260 25 ADVANTAGEOUS
2375 3062 113 29 TERMS,

1984 3094 29 15 an
2030 3087 108 22 excellent
2154 3088 64 22 retail
2233 3093 67 18 store,
2310 3090 108 28 business,
2435 3090 33 22 in-
2474 3098 15 14 a

1905 3114 108 28 populous
2018 3114 41 22 and
2066 3114 44 22 fast
2119 3114 125 28 increasing
2250 3119 52 25 part
2310 3116 28 22 of
2345 3116 143 29 Wellington.

1909 3140 43 22 The
1963 3140 99 28 premises
2072 3148 38 15 are
2116 3141 26 22 of
2149 3149 21 14 so
2178 3142 61 26 good
2248 3143 46 22 and
2298 3150 79 21 roomy
2382 3151 14 14 a
2401 3147 86 24 nature,

1905 3167 49 22 that
1964 3167 105 22 sufficient
2078 3175 42 15 can
2129 3168 28 22 be
2165 3169 115 22 under-let
2294 3173 23 19 to
2335 3170 60 22 clear
2410 3171 79 27 nearly

1905 3194 37 21 the
1961 3198 57 19 rent.
2051 3194 73 23 Three
2131 3213 2 5 ,
2142 3195 94 29 months,
2259 3199 50 19 rent
2326 3197 56 28 free,
2401 3198 47 22 will
2460 3198 29 22 Be

1905 3221 139 27 guaranteed.
2296 3241 4 4 ,
2320 3241 4 4 .

1932 3248 82 28 Apply,
2025 3248 25 28 by
2056 3248 74 29 letter,
2140 3252 21 19 to
2170 3250 69 28 X.Z.,
2250 3252 26 20 at
2284 3250 38 22 the
2332 3251 71 23 Office
2413 3251 27 22 of
2444 3250 45 23 this

1904 3281 76 21 paper.

1912 3328 4 5 ,
1931 3308 56 29 July
1995 3311 19 26 8,
2025 3311 57 21 1842.
2420 3309 2 5 '
2466 3310 5 27 [

1905 3354 194 48 JSUTTON
2116 3378 4 6 t
2122 3355 20 22 is
2159 3363 50 15 now
2231 3356 115 28 prepared,
2358 3359 24 18 to
2400 3355 88 27 supply,

1945 3392 11 11 •
1986 3380 121 30 wholesale,
2117 3382 37 22 the
2165 3382 124 28 profession
2299 3382 26 23 of
2331 3382 55 23 Port
2394 3380 94 24 Nichol-

1905 3414 47 20 son,
1963 3407 88 29 Nelson,
2069 3408 126 29 Auckland,
2211 3409 47 22 and
2276 3408 45 23 the-
2333 3408 70 23 other'
2411 3408 77 22 settle-

1905 3438 73 18 ments
1988 3435 27 22 of
2027 3435 52 22 New
2093 3436 104 27 Zealand,
2208 3436 54 22 with
2274 3436 74 26 drugs,
2359 3435 128 27 chemicals,

1905 3461 73 28 stop'd
1995 3462 82 28 bottles,
2092 3466 56 25 pots,
2164 3464 40 21 &c.
2219 3463 58 27 &c.,.
2284 3461 44 23 and
2331 3468 6 17 i
2345 3469 62 20 upon
2422 3469 66 15 mone

1905 3488 160 28 advantageous
2074 3492 69 20 terms
2153 3490 55 22 than'
2214 3489 39 22 the
2264 3488 91 28 Sydney
2363 3488 105 23 markets.

1932 3521 21 20 A
1962 3523 121 25 respectable
2089 3523 72 25 youth,
2163 3522 81 21 wanted
2252 3528 24 15 as
2286 3527 28 15 an
2319 3520 10 27 '
2329 3520 143 27 Apprentice.-

1905 3554 101 23 '
2014 3555 58 29 Hall,
2083 3556 140 28 Wellington,
2231 3554 62 23 June
2302 3556 38 26 10,,
2348 3547 74 38 1842./
2444 3544 27 40 '-^

1906 3607 93 50 THE
2018 3607 148 23 PREMISES
2184 3606 71 27 lately
2269 3605 108 34 occupied
2395 3605 31 28 by
2444 3606 42 21 Dr.

1952 3644 3 6 -
1972 3634 100 27 -Gilbert,
2083 3638 22 18 at
2115 3634 38 22 the
2163 3640 75 15 corner
2248 3633 26 21 of
2281 3631 151 23 Willis-street
2441 3632 46 23 and

1905 3660 37 23 the
1951 3661 79 27 beach,
2041 3660 41 23 will
2096 3661 30 22 be
2141 3660 82 27 shortly
2230 3659 99 31 .opened^
2335 3659 53 21 with
2397 3666 14 14 a
2424 3659 64 22 stock

1908 3688 22 21 if
1942 3688 94 27 genuine
2048 3688 67 26 drugs
2130 3686 43 23 and
2187 3685 110 23 chemical
2312 3685 60 22 from
2384 3685 103 29 Apothe-

1904 3716 71 21 caries
1984 3714 59 28 Hall,
2052 3714 102 23 London.
2246 3728 3 11 ,
2280 3733 7 9 A
2434 3712 14 28 '."
2461 3712 9 28 \

1931 3742 38 22 An
1989 3740 144 30 experienced
2147 3739 110 23 Assistant
2272 3739 96 27 wanted,
2386 3739 71 29 apply
2463 3742 24 20 to

1905 3768 22 22 J.
1938 3769 88 26 Sutton,
2038 3767 95 23 Medical
2142 3766 61 23 Hall.
2266 3770 4 11 :
2297 3767 4 5 '
2354 3770 13 21 '.
2444 3777 27 6 ■<■

1931 3801 62 23 June
2002 3803 34 26 10,
2043 3802 60 22 1842.
2432 3795 4 7 '

2079 3841 14 28 ',
2124 3846 51 21 For
2189 3843 83 27 Sale,''
2286 3840 35 26 'V
2363 3839 10 28 \
2380 3836 9 14 u
2427 3854 4 3 -

1905 3878 138 29 rpEGG'S,
2053 3878 101 22 SHEET
2166 3876 209 26 ALMANACKS'
2382 3878 35 24 for
2417 3869 70 37 'l&2,

1909 3898 33 30 JL
1981 3905 76 27 Tegg's
2067 3905 106 28 Washing
2183 3904 74 29 Book,
2293 3903 5 11 ;
2314 3906 14 26 ';
2335 3902 27 15 ''"
2367 3912 4 3 •
2422 3900 4 15 l
2461 3904 7 12 l

1931 3939 83 28 Tegg's
2023 3939 142 23 Commercial
2174 3939 88 24 Pocket
2270 3934 97 29 Diariek.
2378 3940 3 7 '
2401 3945 7 4 -
2465 3940 3 6 '

1909 3974 85 22 Qazttte
2004 3972 74 29 Office,
2088 3972 61 24 June
2157 3974 40 28 25;'
2201 3975 63 21 1842.
2298 3972 4 4 '
2347 3986 5 5 •
2370 3964 39 20 wl:
2434 3968 9 15 b
2451 3975 3 9 '
2465 3970 5 12 :
