2540 4060
1958 279 50 23 The
2021 279 109 25 southern
2147 280 85 31 fishery
2242 282 21 22 is
2279 281 136 31 prosecuted
2421 302 4 4 .
2432 282 54 24 with

1898 317 65 25 great
1974 313 86 30 vigour,
2074 313 45 23 and
2137 313 90 31 usually
2237 313 56 24 with
2310 319 60 18 most
2387 322 99 22 success,

1899 353 29 15 on
1941 345 38 23 the
1990 350 79 18 coasts-
2075 346 25 22 of
2108 346 54 24 Van
2170 346 119 24 Diemen's
2297 347 67 23 Land
2374 347 44 23 and
2430 347 57 25 New

1898 378 109 29 Zealand,
2016 379 109 31 probably
2132 379 59 23 from
2198 379 60 24 their
2265 380 116 30 southerly
2387 380 99 32 locality,

1898 412 66 22 their'
1969 412 127 30 insularity,
2105 412 45 23 and
2161 412 59 24 their
2230 420 124 16 numerous
2366 413 55 31 bays
2432 414 56 23 with

1899 444 56 32 deep
1973 449 68 18 water
2058 445 39 22 for
2110 445 40 22 the
2167 445 127 24 leviathans
2314 450 24 18 to
2350 446 86 31 disport
2453 447 33 24 in.

1900 477 50 23 The
1964 477 80 31 degree
2056 478 25 22 of
2095 485 99 22 success,
2208 486 24 16 as
2244 479 75 30 might
2330 479 29 23 be
2371 480 115 30 expected,

1898 512 76 21 varies
1985 510 69 23 much
2070 511 61 23 from
2150 519 42 15 one
2209 520 56 22 year
2284 516 23 19 to
2319 511 102 24 another.
2457 512 31 24 In

1898 543 54 25 Van
1964 543 118 24 Diemen's
2096 544 67 23 Land
2183 545 19 22 it
2220 544 41 23 has
2279 545 97 23 reached
2387 546 24 22 in
2425 553 63 16 some

1898 581 101 27 yearsto
2017 577 104 31 upwards
2130 577 40 23 -of<
2180 579 73 22 4000-
2263 582 53 19 tuns
2326 587 6 20 ;
2352 578 68 23 about
2432 582 56 19 two-

1899 610 73 23 thirds
1981 610 58 23 from
2051 609 94 24 Hobart
2155 610 82 29 Town,
2251 611 45 23 and
2306 610 117 24 one-third
2428 611 60 24 from

1897 643 156 24 liaunceston.
2251 647 4 3 '
2341 656 4 6 •
2357 650 3 4 '
2397 647 14 13 '"■

1993 678 19 22 is
2025 676 80 30 stated,
2119 677 24 22 in
2155 685 14 14 a
2180 676 74 24 South
2267 677 134 24 Australian
2412 685 73 16 news-

1898 718 77 23 paper,
2000 710 48 23 that
2070 718 30 16 on
2124 709 38 24 the
2185 710 84 24 second
2293 711 82 23 arrival
2397 711 25 23 of
2448 711 40 24 the'

1899 743 117 31 discovery
2030 743 72 31 ships,
2124 742 37 25 the
2181 742 86 24 Terror
2284 743 44 24 and
2345 743 97 29 Erebus,
2465 749 23 18 at

1900 776 92 23 Hobart
2003 777 79 28 Town,
2094 781 65 27 great
2171 777 138 23 excitement
2317 784 47 16 was
2374 777 114 31 produced

1900 809 29 30 by
1942 809 95 31 Captain
2049 809 85 24 Ross's
2146 810 85 30 stating
2242 809 50 24 that
2303 810 29 23 he
2344 810 43 23 had
2404 817 54 16 seen
2474 818 14 16 a

1899 842 62 31 large
1973 842 95 23 number
2080 843 24 23 of
2114 842 84 25 whales
2208 843 37 23 far-
2255 850 62 24 away
2326 847 22 19 to
2361 843 38 23 the
2408 843 79 24 south-

1899 875 70 24 ward.
2004 876 33 23 At
2049 883 42 15 one
2103 876 59 28 time,
2168 877 20 22 it
2206 883 45 16 was
2265 876 109 32 expected
2385 876 50 23 that
2449 875 39 25 the

1900 916 60 15 news
1980 908 78 24 would'
2072 908 57 24 have
2142 908 39 30 led;
2190 913 23 19 to
2225 916 14 15 a
2249 909 99 31 whaling
2361 909 127 32 expedition,

1899 947 105 25 amongst
2025 942 37 23 the
2070 944 3 4 '
2080 942 117 31 ice-bergs
2218 941 23 24 of
2258 942 38 23 the
2315 942 83 29 south;
2417 942 41 24 but
2474 951 14 15 a

1899 976 86 29 variety
2006 975 24 23 of
2037 990 5 5 -
2050 974 130 24 difficulties
2188 991 4 3 -
2201 975 69 30 being
2292 975 85 23 started
2396 974 92 33 (chiefly

1898 1008 100 23 founded
2009 1016 30 16 on
2051 1008 43 25 the,
2108 1009 79 30 rigour
2206 1008 25 23 of
2232 1013 3 5 1
2246 1008 38 23 the
2297 1008 115 32 climate),,
2418 1010 19 21 it
2448 1017 40 23 ap-

1898 1049 66 23 pears
1988 1046 23 19 at
2031 1047 94 26 present
2148 1047 21 17 to
2194 1041 57 23 have
2272 1041 51 24 died
2344 1050 76 23 away..
2450 1043 38 30 By

1899 1080 108 19 accounts
2026 1075 73 23 which
2196 1075 58 23 been
2266 1075 102 24 received
2381 1076 107 30 recently,

1899 1109 18 22 it
1936 1116 93 23 appears
2048 1108 49 23 that
2115 1109 39 22 the
2172 1108 86 31 fishery
2273 1108 41 23 has
2335 1109 69 23 been-
2413 1109 75 23 rather

1898 1141 157 24 unsuccessful
2073 1141 46 23 last
2136 1149 62 23 year,
2211 1149 24 16 so
2255 1141 34 23 far
2301 1149 25 16 as
2339 1142 18 22 it
2373 1141 45 24 had
2434 1149 54 23 pro-

1900 1174 82 24 ceeded
1995 1179 21 19 at
2034 1174 133 23 Encounter
2187 1172 152 33 Bay'(Soush
2350 1174 138 33 Australio),

1899 1215 25 15 as
1933 1207 50 23 well
1992 1215 24 16 as
2027 1208 24 22 in
2063 1207 38 23 the
2110 1208 91 22 various
2211 1208 54 29 bays
2275 1208 25 22 of
2307 1207 54 24 Van
2370 1207 118 24 Diemen's

1899 1240 75 29 Land,
2006 1241 68 23 about
2098 1242 50 22 600
2171 1245 55 18 tuns
2247 1240 53 31 only
2319 1240 86 31 having
2425 1234 63 31 *been

1900 1273 69 24 taken
1987 1274 30 30 by
2029 1273 38 23 the
2086 1273 94 24 Hobart
2198 1273 72 23 Town
2282 1273 103 29 whalers,
2399 1275 40 22 but
2458 1283 30 15 on

1900 1308 37 22 the
1950 1313 73 17 coasts
2036 1306 25 24 of
2070 1306 58 24 New
2140 1306 101 24 Zealand
2253 1306 38 24 the
2302 1307 66 23 catch
2374 1308 20 22 is
2406 1308 48 23 said
2463 1313 23 19 to

1898 1340 58 22 have
1969 1341 58 21 been
2038 1348 62 14 more
2112 1339 134 23 successful.

1960 1373 50 24 The
2021 1381 111 24 purposes
2143 1373 35 23 for
2198 1373 74 23 which
2283 1374 38 22 the
2336 1374 109 23 southern
2456 1375 30 23 oil

1898 1407 21 23 is
1931 1407 57 23 used
2000 1416 36 15 are
2056 1414 55 23 very
2123 1407 77 23 varied
2209 1416 7 14 :
2234 1407 62 22 since
2315 1406 39 24 the
2371 1408 115 23 invention

1900 1440 26 23 of
1934 1441 39 22 the
1983 1441 59 23 solar
2061 1440 62 31 lamp
2136 1440 44 22 and
2185 1440 131 30 '"oxydator,
2334 1441 19 21 it
2370 1440 41 24 has
2429 1440 57 24 been

1899 1475 140 29 extensively
2049 1473 56 23 used
2116 1473 36 23 for
2167 1473 101 30 burning
2283 1473 105 24 in-doors
2401 1482 24 15 as
2437 1475 49 22 well

1898 1515 28 15 as
1936 1508 24 22 in
1980 1507 104 23 out-door
2104 1507 111 30 premises
2225 1515 5 20 ;
2249 1514 14 15 a
2276 1506 64 31 large
2351 1508 104 30 quantity
2452 1510 4 5 1
2455 1516 3 4 '
2464 1508 21 23 is

1899 1541 48 22 also
1960 1540 122 23 consumed
2100 1541 25 22 in
2141 1539 39 23 the
2191 1539 95 24 woollen
2305 1541 181 29 manufactories,

1899 1574 45 22 and
1955 1574 25 22 in
1997 1574 37 22 the
2054 1573 157 23 manufacture
2230 1573 24 22 of
2270 1581 54 22 soap
2334 1582 6 20 ;
2364 1575 44 22 and
2423 1574 63 23 when

1899 1607 39 23 the
1950 1607 61 31 price
2024 1607 23 23 of
2057 1607 43 23 cod
2111 1606 32 24 oil
2152 1607 21 22 is
2185 1605 63 32 high,
2259 1614 24 15 as
2296 1615 13 14 a
2321 1606 121 24 substitute
2453 1607 33 23 for

1900 1640 50 23 that
1960 1640 77 23 article
2049 1640 25 23 in
2085 1640 39 23 the
2133 1640 105 29 dressing
2248 1640 25 23 of

1903 1703 141 24 COUNTY
2079 1703 127 26 COURT,
2241 1703 239 26 WELLINGTON.

1958 1771 122 22 TUESDAY,
2094 1771 66 17 JULY
2173 1765 40 23 19.
2250 1765 51 22 4TH
2313 1771 108 17 SESSION.

1905 1824 118 21 BEFORE
2041 1824 60 20 'HIS
2124 1824 115 20 HONOR
2258 1824 27 19 E.
2308 1824 176 26 HALSWELL,

1995 1850 141 18 JUDGE.—
2139 1849 161 19 CRIMINAL
2315 1849 79 19 SIDE.

670 1586 4 3 •
727 1573 54 23 Fair
794 1573 58 31 Play
893 1572 43 24 has
948 1577 52 19 sent
1017 1581 28 15 us
1064 1572 94 24 another
1178 1572 74 29 letter,

666 1606 25 24 of
701 1606 73 24 which
786 1614 33 16 we
831 1606 59 24 shall
906 1607 56 23 take
974 1614 29 16 no
1015 1606 88 24 further
1113 1606 75 23 notice
1200 1606 54 23 than

666 1645 23 18 to
702 1644 65 25 state,
786 1640 51 23 that
849 1647 40 16 our
894 1640 82 31 .object
994 1639 41 24 has
1046 1639 59 24 been
1117 1640 99 23 attained
1230 1640 24 22 in

666 1673 132 31 publishing
809 1673 39 24 the
859 1673 54 26 first,
920 1673 67 24 letter
1001 1681 25 15 so
1038 1673 89 30 signed,
1139 1673 73 23 which
1221 1680 33 16 we

667 1706 131 24 afterwards
805 1706 71 24 found
884 1706 46 23 had
936 1706 58 23 been
1003 1706 122 23 concocted
1134 1706 29 30 by
1169 1706 85 23 several

666 1739 144 30 individuals,
824 1741 25 22 of
857 1740 77 23 whose
942 1747 78 16 names
1032 1747 33 15 we
1078 1748 37 14 are
1128 1740 23 22 in
1163 1747 91 23 posses-

667 1774 58 23 sion.
762 1773 42 24 We
817 1781 42 16 can
877 1773 40 24 tell
936 1773 38 24 the
993 1773 88 30 copyist
1093 1772 24 24 of
1188 1772 66 24 letter

667 1807 82 30 signed
790 1807 55 23 Fair
957 1807 88 30 though
1066 1806 29 23 he
1106 1807 42 23 has
1160 1810 40 20 not
1219 1807 35 23 the

667 1840 123 24 manliness
808 1844 27 19 to
854 1847 61 16 avow
935 1840 36 23 his
988 1847 75 21 name,
1085 1847 33 16 we
1136 1840 68 23 know
1219 1840 35 24 his

666 1873 62 23 hand
739 1874 90 30 writing
840 1873 117 32 perfectly.

701 1930 30 24 In
751 1930 38 23 the
813 1930 94 24 Gazette
927 1931 25 24 of
967 1931 38 23 the
1025 1930 42 25 6th
1085 1931 54 31 July
1154 1930 51 31 last,
1223 1939 33 16 we

667 1964 56 24 took
734 1965 105 23 occasion
851 1969 23 18 to
887 1972 118 16 announce
1018 1965 38 22 the
1073 1964 140 24 destruction
1223 1965 32 30 by

666 1998 42 23 fire
720 1998 25 23 of
766 1998 46 26 the,
818 1997 84 26 .edifice
921 1998 75 23 which
1017 1997 44 24 had
1085 1998 116 24 answered
1205 1998 52 26 *3he

666 2038 111 23 purposes
785 2030 30 23 <6i
831 2030 157 24 Court-house
1002 2031 56 27 &c.,-
1067 2031 35 23 for
1113 2031 113 31 upwards'
1235 2031 23 23 of

668 2068 42 19 two
727 2071 75 23 years.
847 2063 51 24 The
921 2064 106 30 building
1048 2064 70 30 being
1141 2064 71 31 really
1235 2065 23 23 of

667 2096 67 24 small
745 2097 72 28 value,
826 2097 30 23 its
869 2097 140 24 destruction
1017 2097 67 23 could
1096 2102 40 19 not
1146 2098 51 29 give
1209 2099 47 22 rise

664 2135 26 19 •to
696 2138 48 23 any
754 2138 55 23 very
819 2131 85 22 serious
914 2131 97 30 feelings
1024 2131 25 23 of
1063 2135 77 27 regret
1147 2139 6 21 ;
1171 2131 42 24 but
1223 2139 33 16 we

666 2164 42 23 felt
720 2164 87 31 deeply,
821 2164 35 22 for
868 2164 37 23 the
921 2164 48 24 loss
990 2164 24 23 of
1030 2172 122 16 numerous
1171 2165 85 31 impor-

668 2202 49 18 tant
727 2205 82 23 papers
822 2197 44 23 and
880 2197 100 29 records,
1000 2197 73 24 which
1092 2205 33 16 we
1135 2198 123 30 .naturally

666 2230 114 31 supposed
798 2235 62 19 must
878 2230 58 24 have
954 2231 59 23 been
1031 2230 117 31 deposited
1167 2239 28 15 on
1217 2231 39 23 the

666 2265 118 30 premises.
822 2264 50 23 Our
883 2265 91 22 readers
982 2265 45 22 will
1033 2265 28 22 be
1070 2265 187 31 equalrypleased

666 2298 55 22 with
733 2298 116 23 ourselves
861 2303 22 17 to
892 2298 65 29 hear,
974 2298 50 23 that
1037 2305 41 16 our
1089 2299 68 27 fears,
1171 2306 28 15 on
1211 2298 46 24 this

666 2331 66 29 head,
755 2338 57 16 were
831 2331 24 23 in
875 2339 13 14 a
904 2336 66 25 great
990 2339 104 15 measure
1112 2332 143 30 groundless.

666 2364 52 24 The
726 2364 84 31 Judge,
817 2364 24 23 in
851 2364 35 24 his
897 2365 89 30 closing
998 2364 92 24 address
1099 2369 21 19 to
1130 2364 36 24 the
1176 2365 80 29 Court,

665 2398 55 23 held
744 2398 57 23 19th
828 2398 54 30 July
903 2397 53 30 last,
980 2398 135 23 announced
1141 2398 37 23 the
1200 2406 56 23 very

666 2432 104 31 pleasing
789 2431 45 23 and
851 2436 24 18 to
885 2431 115 23 ourselves
1018 2431 143 31 unexpected
1171 2432 85 23 intelli-

665 2472 79 24 gence,
768 2465 50 22 that
839 2465 24 22 in
880 2472 160 24 -consequence
1064 2465 25 22 of
1115 2466 140 30 precaution,

664 2499 37 23 for
710 2498 75 24 which
797 2498 38 23 the
847 2498 75 31 public
934 2503 64 19 must
1015 2506 53 16 ever
1084 2498 47 24 feel
1150 2498 105 31 grateful,

666 2531 31 24 all
706 2531 91 24 records
809 2532 25 23 of
844 2532 145 30 'importance
1006 2532 124 23 connected
1145 2532 54 23 with
1218 2532 38 23 the

667 2565 72 23 Court
754 2572 57 16 were
829 2564 55 24 safe.
928 2565 67 30 They
1011 2572 69 16 never
1091 2565 46 23 had
1147 2565 56 23 been
1216 2565 41 24 left

665 2606 31 16 on
708 2599 38 22 the
755 2599 118 31 premises,
885 2599 42 22 but
944 2599 108 31 carefully
1071 2599 95 23 secured
1184 2599 25 23 in
1228 2607 29 15 an

664 2633 53 23 iron
727 2632 47 24 box
783 2632 56 29 kept
851 2636 23 19 at
885 2632 38 23 the
935 2632 88 29 Judges
1035 2639 49 16 own
1096 2632 125 24 residence.

702 2689 51 24 Our
770 2689 92 24 readers
880 2689 47 24 will
941 2690 57 29 find,
1010 2691 24 22 in
1052 2689 96 24 another
1165 2694 52 27 part
1234 2691 23 22 of

665 2731 43 16 our
718 2731 77 24 paper,
809 2731 14 15 a
837 2728 76 26 report
925 2724 26 22 of
965 2724 40 22 the
1018 2724 147 30 proceedings
1178 2724 24 22 of
1219 2724 38 23 the

666 2757 92 31 County
772 2757 79 29 Court,
862 2756 53 24 held
928 2761 23 19 at
961 2757 152 30 Wellington,
1134 2764 29 16 on
1181 2757 76 24 Tues-

665 2791 53 30 day,
732 2790 58 24 19th
802 2790 55 31 July
867 2790 52 29 last,
932 2790 46 24 and
989 2790 116 31 following
1114 2790 64 31 days.
1212 2790 45 24 We

665 2824 59 23 have
751 2823 90 24 alluded
866 2825 25 21 in
919 2824 86 23 former
1032 2824 110 23 numbers
1169 2824 24 23 of
1219 2824 38 23 the

668 2856 95 24 Gazette
783 2861 23 19 to
824 2857 39 23 the
882 2856 124 32 frequency
1025 2857 26 23 of
1065 2862 64 26 petty
1141 2857 70 24 thefts
1232 2858 23 22 in

666 2891 39 22 the
725 2895 81 18 streets
830 2891 24 22 of
880 2890 142 31 Wellington
1033 2900 5 19 ;
1061 2891 45 22 and
1129 2890 38 23 the
1193 2891 64 24 trials

664 2924 79 23 before
751 2924 38 23 the
796 2924 79 28 Court,
886 2924 105 30 together
1002 2924 53 23 with
1064 2924 39 23 the
1110 2924 147 31 punishment

666 2957 104 23 awarded
781 2957 25 23 in
814 2957 56 23 each
884 2964 51 16 case
946 2957 55 29 will,
1013 2965 34 16 we
1059 2957 113 31 sincerely
1189 2962 67 25 trust,

665 2990 22 24 if
701 2995 40 19 not
752 2994 42 28 put
802 2999 17 15 a
833 2995 51 26 stop
897 2999 35 21 to,
951 2995 23 18 at
992 2990 59 24 least
1068 2990 73 24 check
1158 2991 38 24 the
1210 2992 47 23 fre-

666 3032 89 22 quency
764 3023 24 24 of
805 3024 56 23 such
873 3023 160 31 proceedings.

702 3085 51 24 Our
772 3084 190 32 Meteorological
979 3085 86 24 Tables
1082 3086 35 23 for
1129 3086 38 23 the
1175 3087 82 23 month

666 3119 27 24 of
708 3119 61 31 July,
793 3119 100 23 exhibits
911 3120 39 22 no'
964 3126 56 24 very
1043 3124 65 26 great
1131 3119 81 31 degree
1237 3120 23 23 of

666 3152 52 24 cold
729 3160 26 16 or
764 3152 102 29 warmth,
880 3152 37 23 the
930 3152 82 24 lowest
1029 3152 82 31 degree
1128 3154 70 30 being
1216 3155 42 27 40,

667 3186 45 24 and
725 3186 37 23 the
772 3185 92 31 highest
876 3187 40 27 62,
928 3186 39 23 the
978 3185 76 32 meanj
1061 3190 151 28 temperature
1224 3187 35 24 for

667 3220 39 24 the
717 3219 80 24 month
808 3220 70 30 being
889 3219 41 24 51.
974 3219 52 24 The
1038 3220 100 23 weather
1146 3220 112 31 through-

668 3258 40 19 out
717 3253 39 24 the
772 3253 81 23 month
870 3253 41 22 has
929 3253 61 24 been
1009 3253 126 31 extremely
1151 3254 107 28 variable,

668 3287 45 23 and
725 3287 49 23 rain
783 3286 43 24 has
833 3286 71 24 fallen
921 3287 25 23 in
964 3286 156 24 considerable
1138 3288 121 30 quantities

668 3321 84 29 during
760 3319 54 25 each
826 3319 71 29 week,
910 3320 43 23 but
959 3327 62 16 more
1030 3320 121 31 especially
1164 3321 95 24 towards

668 3354 40 23 the
731 3354 59 22 close
810 3354 25 22 of
856 3353 37 23 the
910 3353 90 23 month.
1043 3352 60 24 The'
1112 3354 72 23 winds
1202 3354 58 24 have

668 3387 59 24 been
739 3387 58 23 from
807 3386 40 23 the
859 3390 43 19 two
913 3387 129 31 prevailing
1053 3391 104 26 quarters
1176 3387 83 29 N.W.,

668 3420 46 24 and
727 3420 68 29 S.E.,
808 3419 38 23 the
854 3420 83 23 former
945 3419 116 32 decidedly
1070 3420 189 33 predominating,

669 3453 186 31 a'nd'producing'
862 3461 13 15 a
885 3453 85 31 feeling
980 3451 34 31 ,'of
1037 3461 13 16 a
1068 3458 90 26 greater
1178 3454 82 32 degree

670 3487 32 23 of
711 3487 51 23 cold
773 3486 55 24 than
840 3486 38 24 the
890 3486 162 24 therniometre
1063 3486 118 24 indicates.

1313 1128 44 24 We
1368 1128 57 24 have
1438 1128 101 24 received
1557 1129 38 22 the
1614 1128 63 24 three
1694 1129 51 23 first
1762 1129 108 24 numbers

1282 1163 24 23 of
1315 1170 17 19 a,
1345 1162 105 30 monthly
1461 1162 148 31 publication,
1628 1162 77 23 issued
1723 1163 33 25 in,
1765 1162 104 29 London,

1282 1195 92 24 entitled
1397 1195 39 23 the
1461 1195 138 23 Australian
1621 1196 45 21 and
1686 1194 56 23 New.
1768 1195 104 23 Zealand

1280 1227 131 32 Magazine.
1450 1228 24 23 It
1492 1229 103 22 contains
1607 1228 75 23 useful
1700 1229 135 22 summaries
1849 1228 23 23 of

1282 1266 92 19 matters
1393 1262 138 30 concerning
1553 1262 111 28 colonies,'
1680 1261 61 23 alike
1764 1262 106 23 interest-

1282 1295 39 31 ing
1332 1300 23 18 to
1368 1295 37 23 the
1417 1295 79 23 reader
1508 1299 23 19 at
1542 1295 67 23 home
1622 1295 44 23 and
1677 1295 23 22 in
1712 1295 38 23 the
1762 1295 107 23 colonies.

1282 1329 50 22 The
1339 1329 91 22 articles
1440 1336 37 15 are
1487 1329 116 29 generally
1612 1328 65 29 brief,
1685 1328 41 23 but
1733 1328 138 31 impartially

1282 1362 96 23 written.
1414 1362 45 22 We
1467 1362 90 30 subjoin
1569 1369 63 15 some
1640 1361 74 23 useful
1725 1362 147 23 information

1283 1403 57 22 upon
1353 1395 37 29 oil,
1404 1395 71 22 taken
1486 1395 58 23 from
1555 1395 47 22 this
1614 1395 146 30 publication.

1317 1436 14 11 '•
1341 1435 91 24 Sperm
1456 1435 56 24 Oil.
1514 1448 34 3 —
1549 1435 53 23 The
1622 1439 64 27 great
1703 1435 127 31 advantage
1849 1436 24 23 of

1282 1469 68 30 being
1360 1469 23 23 in
1396 1468 38 24 the
1447 1468 129 24 immediate
1584 1468 94 31 vicinity
1686 1468 24 23 of
1719 1469 38 23 the
1768 1476 102 16 common

1282 1506 73 19 resort
1372 1502 25 23 of
1411 1502 39 23 the
1468 1507 75 25 sperm
1557 1501 71 24 whale
1640 1502 41 23 has
1693 1501 36 24 led
1748 1506 23 19 to
1790 1510 14 15 a
1818 1510 53 24 very

1283 1535 92 31 spirited
1394 1535 78 31 outlay
1489 1536 24 22 in
1532 1535 51 23 that
1595 1535 84 30 fishery
1691 1543 28 15 on
1736 1535 38 23 the
1786 1540 51 26 part
1849 1536 24 23 of

1283 1569 37 23 the
1349 1569 95 30 Sydney
1466 1569 148 30 shipowners.
1661 1568 70 24 From
1759 1569 113 23 whatever

1284 1610 73 20 cause,
1367 1603 19 22 it
1395 1602 54 22 does
1461 1607 39 18 not
1512 1609 62 15 seem
1586 1606 23 18 to
1621 1602 28 22 be
1662 1609 24 15 so
1698 1602 120 29 favourite,
1830 1610 42 15 nor

1284 1640 36 26 yet
1338 1643 24 15 so
1375 1635 114 24 fortunate
1501 1643 29 14 an
1548 1636 125 30 enterprise
1692 1635 53 22 with
1764 1635 38 23 the
1818 1636 54 23 Van

1286 1669 150 23 Dieraenians
1437 1681 33 3 —
1473 1669 61 22 there
1546 1669 20 21 is
1588 1668 53 31 only
1658 1676 41 16 one
1719 1668 119 24 merchant
1849 1674 23 18 at

1285 1702 90 23 Hobart
1386 1702 75 23 Town
1472 1702 134 30 possessing
1618 1710 28 14 an
1658 1703 93 22 interest
1760 1703 23 22 in
1797 1710 75 23 sperm

1284 1736 90 23 whales.
1392 1755 2 3 .
1411 1735 52 23 The
1471 1736 135 22 Americans
1616 1739 117 27 prosecute
1743 1735 37 23 the
1787 1736 85 31 fishery

1284 1769 52 22 with
1345 1773 65 27 great
1421 1768 113 30 industry,
1551 1769 122 30 especially
1686 1776 27 15 on
1725 1769 38 22 the
1776 1774 61 17 coast
1849 1769 24 23 of

1284 1802 106 23 Western
1409 1801 125 29 Australia,
1555 1801 45 23 and
1618 1802 19 22 it
1655 1809 72 15 seems
1745 1803 128 30 surprising

1285 1834 119 32 (although
1423 1843 35 15 we
1477 1835 66 23 know
1562 1835 52 22 that
1633 1835 53 31 they
1705 1842 41 15 can
1766 1835 43 23 sail
1828 1836 44 22 and

1285 1870 113 30 provision
1410 1869 59 22 their
1479 1868 83 23 vessels
1576 1872 24 19 at
1611 1876 24 14 so
1644 1868 65 23 small
1721 1876 29 15 an
1760 1868 112 33 expence)

1285 1903 48 22 that
1345 1902 52 31 they
1409 1902 83 23 should
1510 1901 28 23 be
1550 1901 51 24 able
1613 1906 22 18 to
1648 1906 101 26 compete
1761 1902 54 23 with
1832 1910 41 15 our

1285 1936 95 23 colonial
1391 1935 197 30 fellow-subjects,
1597 1934 75 24 whose
1679 1939 52 26 port
1738 1935 25 23 of
1773 1935 99 23 destina-

1285 1970 47 22 tion
1343 1970 21 22 is
1373 1977 26 15 so
1411 1968 155 29 conveniently
1580 1968 106 23 situated.

1343 2002 52 23 The
1405 2002 159 29 consumption
1577 2001 25 23 of
1611 2009 75 22 sperm
1694 2001 30 22 oil
1732 2002 24 22 in
1764 2001 109 30 England

1285 2036 18 23 is
1316 2034 133 24 considered
1466 2039 22 18 to
1505 2033 29 24 be
1553 2033 78 24 rather
1642 2042 30 15 on
1684 2033 36 23 the
1733 2034 106 23 decrease
1840 2047 33 4 —

1286 2069 37 23 the
1334 2068 56 31 high
1401 2069 64 30 price
1473 2067 73 24 which
1555 2067 66 23 ruled
1629 2067 97 30 through
1735 2067 39 23 the
1785 2072 88 26 greater

1285 2106 50 26 part
1346 2102 25 23 of
1378 2101 37 24 the
1426 2109 55 20 year
1490 2103 63 21 1840
1562 2100 103 23 checked
1676 2101 29 22 its
1714 2101 159 30 consumption

1285 2135 34 23 for
1334 2135 100 30 lighting
1451 2141 118 24 purposes,
1590 2133 44 24 and
1651 2133 133 24 introduced
1801 2134 25 23 in
1844 2135 29 22 its

1285 2176 61 16 room
1360 2177 12 14 a
1385 2169 86 29 variety
1487 2167 25 24 of
1526 2167 144 28 substitutes,
1689 2167 75 23 whilst
1782 2167 39 23 the
1838 2168 35 22 in-

1286 2209 75 16 crease
1373 2202 26 23 of
1405 2201 134 23 locomotive
1552 2200 46 23 and
1610 2200 63 23 other
1686 2199 130 32 machinery
1828 2198 45 33 (for

1286 2235 36 24 the
1335 2235 70 31 oiling
1416 2235 27 23 of
1452 2234 74 24 which
1536 2235 19 22 it
1572 2235 21 22 is
1609 2233 140 32 invaluable)
1766 2234 41 23 has
1822 2242 51 23 pre-

1285 2269 81 23 vented
1378 2277 44 22 any
1433 2276 56 23 very
1504 2271 65 28 great
1581 2266 135 25 diminution
1735 2268 26 23 of
1776 2268 30 23 its
1820 2275 53 16 con-

1286 2303 123 29 sumption.

1393 2336 65 23 1840
1477 2334 38 24 the
1532 2334 58 23 total
1607 2334 85 31 import
1709 2334 24 23 of
1750 2342 76 23 sperm
1845 2334 29 24 oil

1285 2369 47 23 into
1343 2368 98 24 London
1454 2376 45 15 was
1512 2368 75 29 5,722
1600 2372 61 24 tuns,
1673 2367 82 29 which,
1769 2367 55 24 with
1837 2368 37 23 the

1285 2402 65 24 stock
1362 2402 128 30 remaining
1501 2401 123 24 uncleared
1635 2401 24 23 of
1670 2400 36 24 the
1717 2400 86 24 former
1820 2409 54 23 year

1286 2435 97 32 (1839),
1398 2437 47 22 197
1439 2430 8 6 V
1458 2440 61 23 tuns,
1531 2435 69 23 make
1613 2434 101 31 together
1727 2435 75 27 5,919
1811 2439 62 19 tuns.

1287 2469 33 23 Of
1336 2469 37 23 the
1393 2468 85 24 former
1496 2469 105 30 quantity
1613 2466 97 32 (5,722)
1726 2469 76 27 2,249
1822 2472 52 19 tuns

1285 2510 56 16 were
1353 2501 113 32 imported
1476 2501 30 31 by
1514 2501 89 23 British
1615 2501 98 30 whaling
1722 2500 86 24 vessels
1816 2501 57 23 from

1286 2536 103 23 different
1407 2539 65 27 parts
1491 2534 24 24 of
1532 2534 37 23 the
1588 2534 66 31 globe
1664 2543 6 20 ;
1689 2534 57 23 from
1766 2534 108 24 Austral-

1285 2571 63 22 asian
1369 2573 71 27 ports,
1467 2568 81 30 chiefly
1571 2567 101 32 Sydney,
1699 2568 74 28 1,719
1804 2572 52 19 tuns
1867 2577 5 20 ;

1284 2603 59 23 from
1353 2602 58 24 New
1419 2601 85 24 York*
1516 2599 72 31 1,*717
1600 2606 53 18 tuns
1663 2610 6 20 ;
1688 2600 44 23 and
1741 2600 59 24 from
1810 2601 64 24 other

1285 2641 70 26 ports,
1370 2637 32 24 37
1414 2639 63 20 tuns.

1411 2672 95 20 account
1527 2668 36 23 for
1581 2668 40 23 the
1637 2672 52 27 past
1710 2675 55 23 year
1783 2665 91 34 (1841)

1285 2703 78 24 stands
1375 2711 25 15 as
1411 2702 89 23 follows
1510 2710 6 15 :—:
1521 2714 34 4 —

1797 2739 57 17 Tuns.

1313 2762 68 23 Stock
1390 2769 29 14 on
1434 2761 62 22 hand
1512 2760 57 22 from
1579 2761 85 21 former
1673 2767 53 21 year
1736 2767 30 15 on

1339 2792 33 19 Ist
1381 2788 13 23 J
1399 2796 92 19 anuary,
1497 2789 51 20 1841
1785 2788 8 20 1
1800 2788 49 25 ,214

1313 2816 149 28 Importation
1477 2815 24 22 in
1512 2818 84 24 twenty
1606 2814 83 22 British
1704 2814 59 28 ships
1786 2816 63 26 3,310

1312 2844 71 25 Ditto,
1393 2843 61 21 from
1464 2842 100 22 Austral-
1566 2841 57 23 Asia
1632 2840 90 29 (chiefly
1727 2842 35 20 via

1340 2870 99 27 Sydney)
1710 2883 47 6 ....
1786 2870 63 25 1,946

1313 2897 70 27 Ditto,
1395 2897 59 22 from
1465 2896 56 22 New
1534 2896 64 22 York
1809 2896 39 21 775

1787 2948 62 27 7,245

1314 2978 92 22 Cleared
1415 2977 37 22 for
1462 2977 157 27 consumption
1628 2976 25 22 in
1659 2978 54 21 1841
1739 2992 6 6 .
1752 2992 6 6 .
1786 2977 63 26 5,813

1313 3032 66 22 Stock
1389 3039 28 14 on
1425 3030 64 23 hand
1495 3032 34 21 Ist
1534 3030 26 22 of
1563 3030 109 28 January,
1682 3032 62 21 1842.
1752 3045 5 6 .
1787 3032 62 25 1,432

1307 3065 10 11 •
1330 3065 39 15 The
1379 3063 107 17 Americans
1496 3063 47 16 have
1557 3064 19 15 to
1591 3067 35 16 pay
1634 3067 10 12 a
1656 3063 44 20 duty
1710 3063 21 16 of
1744 3062 39 18 j£24
1797 3063 36 16 10s.
1845 3068 32 16 per

1287 3087 31 15 tun
1324 3091 5 13 ;
1341 3085 36 16 this
1385 3089 33 12 our
1425 3084 44 21 high
1484 3084 57 21 prices
1555 3083 78 17 enabled
1642 3084 52 16 them
1705 3087 17 13 to
1735 3084 28 17 do.
1786 3084 39 16 The
1833 3084 44 21 duty

1286 3111 23 12 on
1317 3106 24 17 oil
1348 3106 19 16 of
1372 3105 70 17 British
1451 3105 52 16 catch
1510 3105 16 15 is
1534 3105 41 19 only
1585 3106 24 15 Is.
1617 3109 32 16 per
1656 3107 40 14 tun.

1514 3141 36 16 ob.
1568 3134 88 23 Train
1675 3134 56 24 Oil.
1740 3147 35 4 —
1781 3133 58 24 This
1856 3135 20 22 is

1287 3176 42 17 one
1348 3168 25 24 of
1389 3168 37 23 the
1445 3171 61 19 most
1526 3167 125 31 important
1670 3167 24 23 of
1710 3167 38 24 the
1766 3167 110 24 Austral-

1287 3204 63 22 asian
1354 3206 106 27 .exports,
1472 3200 44 23 and
1522 3200 20 23 is
1556 3200 40 24 the
1607 3200 99 32 produce
1715 3201 26 23 of
1751 3201 39 23 the
1799 3201 75 29 black,

1287 3244 25 16 or
1324 3235 141 24 bottle-nose
1476 3234 79 23 whale.
1593 3234 27 24 If
1636 3234 18 23 it
1665 3242 56 16 were
1733 3239 41 19 not
1791 3234 37 24 for
1839 3234 38 24 the

1288 3268 109 25 southern
1419 3267 94 31 fishery,
1538 3267 38 24 the
1606 3268 104 31 quantity
1731 3267 24 24 of
1778 3267 47 24 this
1847 3268 30 23 oil

1287 3301 99 32 brought
1396 3305 23 19 to
1432 3300 109 31 England
1552 3300 75 24 would
1639 3301 28 23 be
1679 3301 83 31 utterly
1778 3301 99 32 insigni-

1287 3337 77 23 ficant.
1399 3334 53 24 The
1473 3334 133 23 Greenland
1624 3334 45 24 and
1684 3334 96 25 Davis's
1794 3335 85 24 Straits

1282 3369 108 24 'fisheries
1409 3368 59 23 have
1491 3368 57 23 been
1572 3368 27 23 of
1616 3368 45 24 late
1680 3376 66 23 years
1767 3369 111 31 complete

1282 3402 106 24 -failures.
1424 3401 76 29 Take,
1519 3401 36 23 for
1572 3402 112 28 instance,
1705 3401 37 24 the
1750 3416 2 5 .
1761 3402 118 31 following

1289 3440 95 20 account
1400 3435 105 23 received
1516 3440 23 18 at
1557 3435 108 29 Dundee,
1677 3436 24 22 in
1713 3435 102 24 October
1826 3435 51 28 last,

1288 3470 58 23 from
1363 3468 39 24 the
1419 3467 69 24 latter
1505 3467 101 32 whaling
1626 3469 141 24 station;—'
1780 3468 100 24 Arrived

1288 3503 58 24 from
1361 3501 95 25 Davis's
1476 3501 91 30 Straits,
1581 3501 39 24 the
1632 3501 109 24 Princess
1754 3501 123 29 Charlotte,

1289 3536 54 24 with
1357 3535 52 24 four
1421 3534 46 23 fish
1479 3535 43 22 and
1534 3536 33 23 60
1579 3540 53 18 tons
1644 3535 26 23 of
1685 3535 30 22 oil
1730 3534 55 32 (left
1795 3535 38 24 the
1845 3536 34 22 ice

1289 3569 38 24 the
1338 3571 55 21 21st
1405 3566 94 33 Sept.);
1518 3573 90 26 reports
1619 3568 38 23 the
1664 3568 139 29 Alexander,
1816 3568 63 24 three

1288 3603 45 24 fish
1350 3601 45 32 (38
1414 3600 66 32 tuns)
1489 3606 16 25 ;'■
1516 3600 129 27 Caledonia,
1657 3599 84 33 (clean,
1759 3601 40 24 i.e.
1818 3601 59 31 nil);

1290 3635 114 29 Truelove,
1416 3634 53 24 four
1486 3634 45 24 fish
1539 3643 6 20 ;
1564 3634 97 29 Abram,
1675 3642 41 16 one
1734 3635 46 23 fish
1790 3644 6 19 ;
1816 3634 66 24 Lord

1292 3668 101 30 Gambia,
1404 3675 43 17 one
1458 3668 60 28 fish.;
1536 3667 70 31 Lady
1621 3667 67 30 Jane,
1699 3668 80 29 clean;
1800 3667 79 31 Chief-

1289 3703 56 28 tain,
1357 3702 64 24 three
1437 3701 47 23 fish
1492 3710 7 20 ;
1517 3700 99 31 making
1633 3708 31 16 an
1682 3708 96 24 average
1797 3701 25 23 of
1837 3705 43 20 two

1289 3736 44 24 fish
1345 3736 34 23 for
1391 3735 56 24 each
1459 3734 75 24 vessel
1543 3734 16 24 !'

1289 3792 119 21 Importation
1414 3791 21 17 of
1440 3791 91 17 Southern
1538 3790 25 17 oil
1569 3790 41 18 into
1617 3790 81 17 London.
1720 3791 47 17 1840.
1802 3791 48 16 1841.

1703 3825 57 17 Tuns.
1793 3825 58 17 Tuns.

1317 3847 67 23 Stock
1392 3848 58 21 from
1454 3846 87 26 former
1550 3853 54 21 year
1614 3853 28 14 on
1649 3845 38 22 the

1344 3876 34 20 Ist
1389 3874 26 22 of
1428 3874 103 27 January
1539 3872 148 28 respectively
1700 3874 72 25 3,232.
1780 3874 74 25 .2,629

1317 3901 148 28 Importation
1701 3900 72 26 6,994.
1781 3914 5 6 .
1792 3900 62 26 5,433

1662 3961 3 5 ■
1688 3954 98 26 10,226..
1792 3954 62 27 8,062

1291 3998 4 6 .
1433 3997 3 4 .
1445 3980 46 23 .for
1530 3980 156 27 consumption
1752 3996 6 3 -
1802 3994 4 3 •
1840 3994 11 3 -

1934 1906 106 32 Anthony
2051 1906 103 31 Dunlop,
2166 1905 99 24 indicted
2276 1905 35 24 for
2331 1906 98 31 stealing
2445 1910 40 19 two

1900 1940 90 29 boards,
2010 1941 64 23 value
2093 1941 53 22 four
2163 1939 115 31 shillings,
2291 1939 39 23 the
2348 1944 107 26 property
2467 1939 22 24 of

1900 1974 91 22 Robert
2003 1974 105 22 Jenkins.

1934 2006 30 22 B:
1978 2006 134 31 Eglington,
2125 2012 82 16 sworn.
2209 2017 34 4 —
2245 2005 12 23 I
2270 2012 37 15 am
2324 2012 14 14 a
2356 2005 114 22 constable
2479 2013 6 20 ;

1900 2046 31 15 on
1942 2038 38 23 the
1992 2039 57 23 11th
2058 2042 94 24 instant,
2162 2037 96 24 towards
2275 2037 123 31 daybreak,
2418 2037 14 22 I
2442 2045 45 15 was

1900 2073 72 29 going
1989 2080 39 23 my
2047 2071 94 28 rounds,
2162 2070 11 24 I
2196 2078 46 16 saw
2261 2078 14 15 a
2289 2078 56 16 man
2359 2071 94 30 passing
2463 2071 23 23 in

1900 2105 62 23 front
1985 2105 25 23 of
2035 2105 47 24 Mr.
2109 2104 93 24 Wade's
2222 2108 67 24 store,
2311 2104 29 23 he
2359 2103 81 24 turned
2457 2111 29 25 up

1901 2138 175 29 Farish-street,
2089 2138 14 23 I
2115 2138 101 31 pursued
2228 2137 47 23 him
2284 2146 6 19 ;
2312 2137 29 23 he
2354 2144 46 16 was
2413 2144 73 24 carry-

1901 2172 42 31 ing
1954 2179 61 16 some
2030 2172 82 23 boards
2132 2171 72 23 under
2221 2171 35 23 his
2276 2178 56 21 arm,
2356 2170 15 23 I
2383 2170 105 24 overtook

1901 2205 49 23 him
1962 2210 23 18 at
1998 2205 36 24 the
2051 2213 80 15 corner
2144 2205 24 23 of
2183 2204 197 24 Manners-street
2392 2204 43 23 and
2451 2204 36 23 the

1902 2247 80 15 corner
2001 2238 24 24 of
2046 2238 170 29 Willis-street,
2237 2245 54 15 near
2311 2237 48 23 Mr.
2378 2237 108 23 Wilson's

1901 2272 75 24 fence.
2021 2273 14 23 I
2047 2271 56 24 took
2112 2271 54 24 hold
2176 2271 27 23 of
2217 2271 48 23 him
2277 2270 45 24 and
2333 2270 73 24 asked
2415 2270 72 24 where

1902 2305 29 24 he
1943 2310 40 26 got
1999 2306 48 23 that
2063 2306 66 23 wood
2145 2305 67 28 from,
2232 2304 28 23 he
2280 2304 49 23 said
2343 2305 19 22 it
2380 2303 108 31 belonged

1899 2344 26 18 ■to
1937 2339 98 30 himself,
2060 2339 28 23 he
2100 2338 120 31 struggled
2232 2343 21 17 to
2264 2345 80 24 escape
2356 2338 45 23 and
2413 2342 75 18 event-

1902 2372 72 31 tually
1985 2372 29 24 he
2025 2376 38 28 got
2079 2372 62 23 loose
2153 2381 6 19 ;
2179 2372 29 23 he
2227 2371 99 31 dropped
2345 2371 38 24 the
2401 2371 87 28 boards,

1902 2405 29 24 he
1947 2414 41 15 ran
2008 2406 64 24 down
2091 2405 97 23 towards
2201 2414 14 14 a
2227 2404 70 24 house
2309 2404 74 24 which
2395 2404 13 24 I
2420 2404 66 23 after-

1903 2439 73 24 wards
1987 2439 70 24 found
2069 2444 22 19 to
2111 2439 29 24 be
2163 2438 50 24 that
2229 2438 24 23 of
2268 2438 39 23 the
2324 2439 103 30 prisoner
2435 2446 6 20 ;
2465 2441 23 20 at

1902 2473 39 23 the
1954 2473 55 23 door
2020 2473 27 23 he
2058 2477 59 19 went
2128 2477 55 19 into-
2195 2472 39 24 the
2251 2477 55 26 part
2322 2472 26 22 of
2362 2472 38 23 the
2418 2471 69 23 house

1902 2506 76 23 which
1995 2507 20 23 is
2034 2506 137 29 unfinished,
2192 2505 29 24 he
2237 2505 54 23 shut
2309 2505 39 23 the
2359 2505 54 24 door
2424 2512 25 15 as
2460 2505 28 22 he

1903 2545 59 18 went
1983 2541 24 22 in
2017 2549 6 20 ;
2046 2539 13 25 I
2082 2548 42 15 ran
2141 2539 74 23 round
2234 2543 21 19 to
2275 2538 38 24 the
2333 2538 62 24 front
2413 2538 24 23 of
2452 2538 36 23 the

1901 2573 82 29 house,
1995 2573 14 24 I
2019 2573 71 24 found
2100 2573 31 23 he
2142 2572 45 23 had
2198 2572 65 23 made
2276 2572 36 23 his
2322 2579 88 23 escape,
2427 2571 13 23 I
2453 2571 36 23 did

1902 2611 41 19 not
1952 2612 38 18 see
2001 2606 47 24 him
2060 2606 132 24 afterwards
2201 2614 6 20 ;
2228 2605 13 23 I
2257 2605 81 31 placed
2350 2613 13 15 a
2373 2612 83 24 person
2465 2605 24 22 in

1902 2639 62 24 front
1977 2640 25 23 of
2025 2640 37 23 the
2080 2639 73 23 house
2172 2643 23 18 to
2218 2639 79 28 watch,
2317 2639 45 23 and
2385 2637 106 24 searched

1903 2673 49 23 that
1970 2677 51 27 part
2040 2672 25 24 of
2080 2672 39 23 the
2138 2672 71 22 house
2226 2672 75 22 which
2319 2672 20 22 is
2352 2670 136 25 unfinished.

1903 2706 13 23 I
1926 2706 56 23 then
1993 2710 59 19 went
2063 2705 74 24 round
2148 2709 22 19 to
2183 2705 38 23 the
2234 2705 59 22 back
2305 2705 56 22 door
2372 2704 44 23 and
2434 2703 56 24 tried

1903 2744 23 18 to
1946 2744 41 27 get
2002 2739 145 24 admittance.
2190 2738 63 24 Soon
2266 2738 65 29 after,
2341 2738 39 23 the
2390 2738 101 31 prisoner

1903 2778 24 18 at
1940 2774 37 23 the
1988 2773 48 29 bar,
2050 2781 62 14 came
2127 2779 33 24 up
2177 2776 24 19 to
2216 2779 44 16 me.
2308 2773 49 22 Mr.
2378 2770 114 24 Crawford

1904 2806 56 24 then
1971 2814 63 16 came
2044 2814 40 23 up,
2096 2806 39 23 the
2147 2806 103 31 prisoner
2261 2805 70 31 being
2347 2809 92 27 present
2449 2804 42 23 and

1904 2840 48 23 told
1959 2848 36 15 me
2007 2840 28 23 he
2046 2839 122 32 suspected
2178 2839 39 22 the
2228 2839 103 31 prisoner
2343 2838 68 23 knew
2418 2845 72 16 some-

1904 2874 67 31 thing
1989 2873 25 24 of
2028 2875 19 22 it
2047 2886 32 3 —
2080 2873 51 23 that
2150 2872 28 24 he
2197 2872 46 23 had
2260 2880 55 15 seen
2333 2871 39 24 the
2390 2872 99 31 prisoner

1905 2915 62 16 come
1981 2907 67 31 along
2060 2906 36 24 the
2114 2910 71 20 street
2202 2906 26 23 in
2246 2905 38 23 the
2303 2913 63 16 same
2384 2905 106 24 direction

1905 2942 58 23 from
1986 2940 210 28 Manner'srstreet,
2219 2938 45 24 and
2286 2939 44 23 had
2352 2938 71 24 asked
2443 2937 46 23 him

1904 2975 61 23 what
1976 2982 45 15 was
2034 2971 140 26 the^m'atte'r,
2211 2973 14 23 I
2244 2972 71 23 asked
2332 2972 40 23 the
2389 2972 100 31 prisoner

1904 3009 20 23 if
1940 3008 38 24 the
1987 3007 75 24 house'
2068 3006 113 32 belonged
2192 3010 24 20 to
2228 3006 55 29 him,
2295 3006 29 23 he
2336 3005 49 23 said
2402 3012 39 24 yes
2450 3013 6 20 ;
2475 3003 14 25 I

1904 3042 50 23 said
1966 3041 13 24 I
1989 3045 62 20 must
2061 3040 82 25 search
2154 3040 41 23 the
2203 3039 72 24 house
2284 3048 5 20 ;
2310 3039 14 23 I
2342 3038 49 23 said
2409 3038 48 23 that
2474 3037 14 23 I

1905 3075 120 32 suspected
2037 3074 49 24 that
2096 3082 15 16 a
2122 3081 53 16 man
2187 3073 74 23 whom
2273 3073 14 23 I
2297 3072 46 24 had
2355 3070 101 24 detected
2465 3072 24 22 in

1905 3109 142 30 committing
2069 3115 15 16 a
2104 3107 77 31 felony
2201 3114 47 16 was
2271 3105 120 24 concealed
2409 3105 25 22 in
2453 3104 36 23 the

1904 3142 81 24 house.
2023 3141 69 24 After
2103 3149 14 15 a
2127 3141 60 23 little
2198 3139 67 24 while
2275 3139 28 23 he
2315 3143 60 18 went
2384 3137 72 23 round
2468 3141 21 19 to

1905 3176 39 23 the
1954 3175 62 24 front
2027 3175 61 29 door,
2101 3174 46 24 and
2159 3173 92 24 entered
2261 3172 38 23 the
2311 3172 79 28 house,
2408 3169 83 33 opened

1905 3209 39 24 the
1955 3209 59 23 back
2025 3209 62 28 door,
2098 3207 46 25 and
2155 3207 32 23 let
2197 3214 38 16 me
2246 3206 32 23 in.
2314 3204 14 24 I
2335 3204 108 23 searched
2454 3204 36 23 the

1905 3242 73 24 house
1990 3242 44 23 and
2051 3241 73 24 found
2140 3249 31 15 no
2190 3247 51 16 one.
2288 3237 17 24 T
2319 3237 57 24 took
2392 3237 39 24 the
2449 3242 41 19 two

1905 3277 77 30 pieces
1996 3275 36 30 (of
2046 3274 83 32 board)
2147 3273 71 24 found
2237 3279 28 16 on
2286 3271 38 23 the
2331 3280 3 4 ■
2341 3271 111 30 premises
2470 3274 21 19 to

1907 3310 48 23 Mr.
1968 3309 106 24 Jenkins'
2090 3308 80 28 house,
2182 3306 52 23 who
2242 3312 61 15 came
2316 3308 40 19 out
2367 3304 46 23 and
2429 3303 62 24 iden-

1907 3343 63 23 tified
1990 3342 38 24 the
2050 3346 116 27 property.
2213 3339 14 23 I
2245 3336 118 26 returned,
2368 3337 55 24 with
2444 3336 47 24 Mr.

1906 3376 98 25 Jenkins
2013 3381 21 18 to
2042 3376 38 23 the
2089 3373 124 33 prisoner's
2220 3371 79 24 house.
2335 3370 46 24 We
2388 3369 104 25 searched

1907 3410 38 24 the
1956 3409 72 24 house
2039 3408 45 24 and
2094 3406 72 24 found
2178 3413 30 15 on
2227 3404 38 24 the
2284 3411 73 24 upper
2373 3404 57 24 floor
2450 3408 41 19 two

1907 3442 90 30 boards,
2019 3441 74 24 which
2113 3440 49 23 Mr.
2181 3438 100 24 Jenkins
2299 3437 122 24 identified'
2430 3441 22 19 to
2466 3436 26 24 be

1907 3477 51 28 his,,
1971 3474 50 33 (the
2034 3474 91 24 -boards
2148 3479 58 16 were
2228 3470 117 33 produced
2363 3472 24 23 in
2411 3468 80 33 court).

1907 3510 79 23 These
2003 3516 38 15 are
2058 3507 38 23 the
2108 3505 82 24 boards
2200 3514 6 20 ;
2220 3505 54 31 they
2292 3512 59 16 were
2368 3503 93 25 marked
2469 3505 22 20 at

1908 3543 38 23 the
1959 3543 54 22 time
2025 3541 52 30 they
2086 3547 59 16 were
2158 3538 70 24 taken
2241 3542 39 20 out
2291 3538 26 24 of
2331 3537 40 24 the
2381 3538 78 23 house.

1943 3572 209 29 Cross-examined,
2155 3585 33 4 —
2189 3572 59 23 This
2258 3579 47 16 was
2317 3575 24 20 at
2352 3568 123 34 day-break
2484 3575 6 22 ;

1908 3609 14 23 I
1931 3616 45 16 saw
1990 3608 37 23 the
2045 3614 53 16 man
2117 3606 14 24 I
2139 3605 72 32 spoke
2223 3611 24 18 to
2255 3614 6 20 ;
2281 3606 40 23 the
2331 3605 102 31 prisoner
2448 3609 43 16 was

1909 3647 40 18 not
1971 3641 40 23 the
2032 3648 52 16 man
2095 3648 6 20 ;
2124 3640 40 23 the
2182 3639 112 31 premises
2322 3638 43 24 has
2387 3634 104 27 detached

1907 3674 116 31 buildings
2032 3682 6 21 ;
2062 3673 64 24 there
2145 3674 21 22 is
2185 3681 16 15 a
2209 3672 68 24 small
2294 3672 57 23 shed
2360 3680 6 20 ;
2391 3669 52 25 Ido
2453 3671 38 20 not

1907 3707 69 25 know
1988 3707 59 24 what
2058 3707 19 23 it
2096 3707 21 23 is
2135 3706 59 24 used
2210 3706 36 23 for
2254 3714 7 21 ;
2286 3706 19 23 it
2322 3712 47 16 was
2388 3707 40 20 not
2444 3704 48 29 past

1908 3749 70 17 seven
1990 3740 86 24 o'clock
2087 3749 6 20 ;
2112 3740 31 24 he
2162 3740 39 23 did
2219 3743 41 20 not
2274 3737 128 31 ultimately
2412 3735 79 28 refuse,

1908 3776 41 23 but
1961 3775 13 23 I
1987 3774 45 23 had
2044 3778 21 19 to
2077 3773 44 24 ask
2132 3774 48 23 him
2192 3772 88 25 several
2289 3772 67 23 times
2373 3769 75 25 before
2464 3767 27 23 he

1908 3808 76 24 would
2004 3812 103 19 consent.
2154 3806 15 24 I
2190 3806 72 24 found
2281 3805 100 24 O'Mera
2397 3804 24 22 in
2442 3799 49 29 bed,

1908 3842 46 24 and
1971 3841 40 24 the
2027 3841 116 31 prisoners
2161 3840 52 24 wife
2233 3846 50 17 was-
2291 3837 95 32 -getting
2401 3842 39 24 up.
2479 3831 13 25 I

1908 3876 59 23 have
1978 3875 69 23 heard
2063 3874 51 23 that
2131 3882 15 15 a
2161 3881 53 16 man
2232 3871 83 24 named
2331 3867 161 27 Red'Rhoaes

1908 3909 80 32 lodges
1999 3909 24 22 in
2037 3908 38 23 the
2093 3907 73 24 house
2176 3916 5 19 ;
2202 3906 63 23 there
2282 3912 46 17 was
2345 3910 30 16 no
2394 3899 98 26 conceal-

1909 3946 64 21 ment
1985 3949 24 16 or
2017 3942 123 23 resistance
2148 3949 7 20 ;
2166 3940 45 28 the,
2213 3939 64 31 place
2285 3944 49 18 was
2341 3940 42 20 not
2388 3931 104 29 inclosed,

1910 3985 57 22 any.
1971 3975 61 31 body
2055 3973 67 26 could
2144 3980 30 24 go
2191 3973 27 23 in
2226 3971 53 25 'and
2295 3973 55 28 out;
2372 3968 41 26 tUe
2431 3964 61 27 wood

105 648 170 23 SHIPPING
294 648 275 23 INTELLIGENCE.

268 696 134 20 ARRIVED

73 723 52 26 July
131 724 34 23 31,
177 724 103 20 schooner
285 723 60 26 Lady
353 723 74 26 Leigh,
436 723 40 21 109
487 724 62 24 tons,-
551 722 82 27 Roche,

44 750 57 21 from
109 751 82 26 Kapiti.

283 813 113 20 SAILED.

74 840 51 27 July
135 841 36 24 30,
186 841 103 21 schooner
299 840 66 28 Ariel,
383 840 48 25 146,
442 840 144 26 Mulholland,
601 840 35 21 for

45 868 93 27 Poverty
148 869 50 26 Bay.

272 923 34 21 IN
321 923 85 22 PORT.

70 951 85 27 Barque
172 951 112 26 Clydeside,
296 952 40 20 256
351 954 57 21 tons,
427 951 132 26 Mathieson,
574 953 60 19 refit-

42 979 55 26 ting.
125 979 68 20 Waitt
203 979 41 20 and
252 979 73 26 Tyger,
334 979 87 26 Agents.

71 1007 84 26 Barque
175 1007 77 25 Bright
275 1007 81 24 Planet,
379 1007 40 20 187
438 1008 58 24 tons,
518 1007 116 21 Morrison.

42 1034 90 26 Agents,
143 1034 96 20 Bethuue
249 1033 42 20 and
299 1033 91 21 Hunter.

71 1061 108 20 Schooner
189 1062 155 23 Perseverance,
355 1062 26 19 50
393 1063 57 22 tons,
460 1061 90 27 Bishop.
567 1061 68 26 Ridg-

43 1095 46 19 way
100 1088 42 20 and
153 1088 46 23 Co.,
209 1088 87 25 Agents,

72 1116 83 26 Barque
163 1116 126 25 Indemnity,
298 1116 41 19 458
355 1117 58 23 tons,
428 1115 89 21 Adams.
544 1115 90 27 Agents,

42 1142 69 21 Waitt
121 1143 42 20 and
173 1143 74 25 Tyser.

57 1189 4 4 .
73 1170 83 26 Barque
172 1170 114 26 Exporter,
290 1170 47 21 '2l6
353 1172 56 23 tons,
425 1170 84 27 Anwyl.
539 1170 96 21 Fitzher-

43 1198 55 25 bert,
110 1198 86 25 Agents.

34 1238 4 3 -
75 1225 64 25 Sloop
149 1226 68 24 Royal
229 1226 99 24 William,
336 1226 27 19 43
373 1228 56 22 tons,
441 1225 85 22 Lovett.
556 1226 79 26 Agent,

43 1252 23 21 J.
78 1253 32 19 M.
120 1252 87 26 Taylor.

71 1280 108 20 Schooner
196 1280 56 26 Ann,
274 1282 27 19 22
320 1282 57 23 tons,
397 1280 85 21 Brown.
527 1280 108 26 Schultze,

43 1307 78 26 Agent.

71 1335 76 20 Cutter
160 1335 111 25 Pickwick,
281 1335 27 20 38
318 1336 57 24 tons,
390 1335 78 27 Styles.
497 1335 86 21 Rhodes
593 1336 44 19 and

46 1362 48 24 Co.,
106 1363 87 25 Agents.

71 1389 76 21 Cutter
169 1391 109 19 Catherine
295 1390 109 25 Johnston,
424 1391 27 19 10
472 1393 58 23 tons,
550 1391 85 26 Taylor.

42 1417 88 26 Agents,
142 1417 92 20 Wallace
243 1417 42 19 and
300 1417 37 20 Co.

71 1445 109 19 Schooner
189 1446 82 24 Henry,
284 1445 25 20 17
326 1447 55 24 tons,
393 1445 121 25 Daymond.
543 1445 92 26 Agents,

42 1472 93 20 Wallace
146 1473 42 19 and
197 1472 41 20 Co.

68 1499 124 26 Brigantine
200 1499 68 24 Ariel,
276 1499 141 21 Cruikshank.
438 1499 79 26 Agent,
528 1500 22 20 J.
558 1501 76 20 Wade.

69 1527 85 26 Barque
175 1527 102 25 Wallaby,
294 1527 39 20 287
351 1529 56 23 tons,
425 1527 91 26 Bailley.
545 1528 91 26 Agents,

43 1554 72 20 Willis
125 1555 42 19 and
182 1555 38 20 Co.

72 1582 109 20 Schooner
188 1582 62 25 Lady
258 1582 73 26 Leigh,
343 1583 40 20 109
393 1584 57 23 tons,
458 1583 81 20 Roche.
558 1582 78 27 Agent,

43 1609 37 21 W.
90 1609 141 21 Fitzherbert.

201 1670 138 21 DIARY.—
339 1671 134 20 AUGUST.

141 2129 136 14 GARDENERS
288 2129 121 15 CALENDAR
419 2129 43 15 FOR
476 2130 65 14 JULY.

71 2155 52 23 The
134 2156 108 21 Garden.
243 2166 27 5 —
271 2155 68 22 Plant
344 2159 113 24 potatoes;
475 2164 46 14 sow
530 2157 107 27 cabbage,

43 2183 94 27 turnips,
165 2182 92 27 chillies,
282 2181 102 23 Colonial
407 2190 23 14 or
454 2184 58 21 New
537 2184 102 23 Zealand

34 2209 111 28 •spinach,
160 2216 66 21 peas;
242 2216 90 21 prepare
348 2209 83 28 ground
445 2211 37 22 for
497 2212 138 27 cucumbers,

43 2237 42 21 &c.
94 2244 5 19 ;
116 2244 129 14 commence
254 2236 104 28 grafting.

71 2270 51 22 The
157 2270 121 22 Orchard.
289 2281 29 4 —
325 2270 136 28 Transplant
489 2278 131 21 evergreens
631 2284 5 4 •

43 2297 68 21 make
118 2297 76 27 layers
203 2297 44 21 and
256 2297 64 28 plant
329 2298 97 27 cuttings
433 2306 5 19 ;
456 2298 62 27 plant
528 2299 63 22 stock
601 2299 37 23 for

43 2324 106 27 grafting.

71 2358 51 21 The
148 2358 80 22 Field.
234 2369 28 5 —
268 2358 86 27 Plough
376 2358 36 22 for
433 2358 87 28 maize;
544 2367 94 21 propare

43 2385 86 26 ground
139 2385 35 21 for
183 2393 79 20 grapes
272 2386 45 21 and
327 2385 82 22 clover.
436 2386 56 22 This
506 2386 20 21 is
541 2388 37 21 the
588 2388 50 21 best

42 2415 90 23 potatoe
142 2413 85 25 month,
240 2412 78 23 earlier
327 2419 25 15 or
358 2412 59 22 later
431 2420 54 20 may
495 2412 36 23 do.
561 2414 76 23 Green

43 2438 82 23 fodder
134 2439 82 22 should
225 2440 27 21 be
263 2443 45 19 cut.

71 2472 51 23 The
137 2473 99 22 Flower
253 2474 106 22 Garden.
361 2485 28 4 —
391 2475 47 21 Sow
453 2473 73 28 hardy
536 2475 100 22 annuals.

43 2513 95 83 New
170 2513 223 83 Zealand
425 2513 223 83 Gazette

87 2596 69 22 AND
170 2596 213 22 WELLINGTON
397 2598 187 20 SPECTATOR.

326 2651 94 22 August
433 2653 22 26 3,
468 2653 62 21 1842.

78 2703 25 24 A
118 2704 130 32 paragraph
266 2705 93 22 entitled
475 2705 151 32 production,
630 2706 5 10 1

45 2745 47 16 was
104 2738 80 30 copied
195 2738 48 22 into
254 2737 38 23 the
304 2738 44 23 last
359 2738 97 24 number
468 2739 26 23 of
508 2738 46 24 this
570 2739 66 31 jour-

45 2771 47 28 nal,
106 2770 59 23 from
176 2778 29 15 an
217 2770 99 32 English
334 2779 78 23 paper.
448 2772 53 24 The
520 2773 117 31 following

45 2804 21 23 is
88 2803 107 24 included
212 2811 84 24 among
313 2805 64 23 other
396 2809 134 20 statements
549 2814 30 16 on
598 2806 39 24 the

48 2837 97 31 subject.

108 2870 52 24 The
172 2875 93 27 .present
283 2872 106 30 quantity
407 2871 24 23 of
446 2872 91 24 British
543 2896 3 4 .
554 2880 83 16 manu-

46 2904 100 24 factures
158 2905 25 22 ia
195 2905 57 23 New
270 2905 74 23 South
362 2905 78 23 Wales
461 2906 76 23 would
547 2906 90 32 require

47 2946 29 15 an
89 2938 78 31 outlay
178 2938 25 23 of
216 2938 73 24 £250
301 2946 28 16 on
348 2938 38 24 the
405 2943 52 27 part
469 2940 26 22 of
510 2940 55 23 each
577 2940 60 23 indi-

45 2971 79 24 vidual
136 2972 24 22 in
172 2971 49 24 that
239 2971 88 33 Colony
329 2985 31 3 —
362 2971 103 25 children
476 2973 46 23 and
537 2974 101 23 convicts

47 3004 115 30 included,
175 3009 23 19 to
209 3004 60 24 clear
281 3005 38 24 the

83 3038 51 23 The
147 3038 84 23 annual
242 3040 158 30 consumption
413 3039 24 23 of
445 3040 115 31 imported
565 3040 78 32 goods-

48 3072 27 22 in
85 3071 59 23 New
156 3072 75 22 South
250 3072 79 24 Wales
340 3072 43 23 has
402 3073 59 23 been
481 3073 128 30 estimated,
620 3074 21 23 if

48 3112 35 15 we
102 3105 127 23 remember
249 3105 116 31 correctly,
387 3111 23 18 at
431 3107 71 24 about
521 3108 56 23 £20
597 3115 41 24 per

48 3137 68 24 head.
165 3138 46 23 But
229 3138 46 24 this
294 3140 102 22 estimate
416 3140 104 24 includes
541 3149 14 15 a
574 3146 65 26 great

40 3169 3 7 '
48 3178 72 24 many
130 3171 90 23 articles
240 3172 24 22 of
278 3173 155 24 considerable
450 3174 66 23 value
534 3174 105 24 obtained

47 3204 62 24 from
121 3204 88 24 British
222 3204 107 25 Colonies
346 3206 45 23 and
409 3206 90 33 foreign
515 3209 123 28 countries,

50 3237 164 32 consequently
225 3237 38 24 the
278 3239 54 23 £20
351 3246 129 25 represents
499 3249 64 16 more
583 3242 56 23 than

50 3271 40 23 the
108 3271 160 31 consumption
286 3272 25 23 of
325 3272 87 24 British
431 3274 79 31 goods,
523 3279 24 19 to
565 3275 80 26 which,

50 3305 40 22 the
102 3304 84 32 quoted
198 3305 125 30 paragraph
332 3306 52 31 only
391 3307 79 24 refers.
497 3308 141 32 Supppsing,

50 3338 114 28 however,
176 3338 50 23 that
242 3337 102 25 the-£2O
363 3341 147 30 represented
527 3341 39 25 the
585 3350 55 16 con-

40 3383 2 4 ■
51 3372 117 32 sumption
180 3371 32 29 of.
220 3370 88 25 British
318 3372 70 30 goods
406 3373 60 31 only,
480 3374 63 30 then,
548 3376 97 23 accord-'

50 3405 42 31 ing
102 3410 24 18 to
139 3405 38 23 the
190 3404 80 24 author
282 3404 26 24 of
386 3411 122 20 statement
520 3401 65 31 there*
594 3409 22 23 is
627 3418 14 14 a

41 3464 4 3 .
52 3439 83 31 supply
148 3438 25 24 of
186 3437 91 24 British
289 3437 69 31 goods
369 3439 25 23 in
405 3439 58 24 New
475 3441 75 24 South
561 3442 79 24 Wales

52 3472 116 23 sufficient
188 3476 32 19 to>
231 3471 82 31 satisfy
328 3471 38 24 the
384 3475 159 30 consumption
563 3476 25 23 of
602 3475 39 25 the

52 3509 94 27 present
165 3504 132 32 population
306 3505 43 23 'for
369 3505 80 24 twelve
466 3515 67 23 years
558 3508 45 25 and
628 3518 14 15 a

52 3538 56 30 half,
122 3538 85 30 and^if
220 3546 34 16 we
266 3538 82 24 deduct
365 3540 36 23 £5
421 3538 58 25 from
490 3540 39 24 the
541 3542 54 24 £20
606 3543 36 23 for

54 3572 90 23 articles
165 3572 129 23 consumed'
306 3576 41 19 not
365 3572 106 23 obtained
490 3573 60 25 from
557 3580 3 3 '
570 3575 73 24 Great

54 3604 100 30 Britain,
173 3605 55 24 then
245 3605 38 24 the
289 3605 80 24 .stock
370 3606 42 23 -of
431 3605 91 25 British
540 3608 71 30 goods
621 3610 22 23 is

54 3639 116 23 sufficient
181 3634 26 28 to*
214 3643 61 19 meet
285 3639 40 24 the
336 3638 97 25 demand
438 3639 36 24 for
482 3641 87 23 sixteen
577 3649 66 23 years

54 3672 47 23 and
113 3672 64 31 eight
195 3672 102 24 months;
309 3686 4 3 •
334 3672 54 24 Had
403 3672 42 24 the
464 3673 82 24 author
558 3675 25 22 of
597 3675 46 24 this

54 3705 131 31 paragraph
203 3714 29 15 on
244 3713 53 16 over
308 3705 104 32 supplied
423 3706 110 24 markets.
538 3707 106 25 reflected

54 3738 41 24 for
111 3747 30 16 an
161 3739 93 29 instant,
274 3739 30 24 he
322 3739 74 24 would
405 3740 59 24 have
484 3739 104 26 detected
605 3742 39 24 the

54 3771 120 31 absurdity
186 3771 23 24 of
223 3772 37 24 his
272 3773 142 24 calculation.

87 3804 201 33 •This-jparagraph
306 3813 29 17 on
353 3806 172 33 over-supplied
542 3808 103 24 markets

161 3839 151 31 exceedingly
319 3839 152 25 mischievous
482 3841 32 31 by
525 3841 102 32 causing'
631 3850 14 15 a

49 3892 4 9 (
55 3870 178 32 iuctuatiqn,.in
246 3872 46 24 .the
311 3881 49 23 way
374 3874 33 23 ,of
421 3874 45 23 rise
484 3874 26 24 in
527 3876 82 29 prices,
620 3876 24 23 in

42 3907 5 9 ;
57 3903 89 25 British
257 3913 139 27 even^-more
589 3908 59 25 thaiv

56 3936 41 24 the
106 3942 80 22 recent
196 3938 140 33 depression.
343 3949 8 15 ,•
362 3938 134 26 'Extremes
508 3940 140 29 of/thekincL

57 3978 39 17 are
119 3971 84 32 always
224 3976 24 20 to
269 3967 30 29 he
305 3992 7 13 ;
318 3971 139 33 depricatedj
484 3973 46 25 and
546 3969 102 35 Writers;

706 3542 51 24 Our
766 3542 116 33 Shipping
892 3542 56 24 List
958 3542 35 24 for
1005 3543 61 31 July,
1078 3545 73 26 1842,
1158 3543 102 25 •exhibits

670 3584 15 15 a
694 3576 144 24 remarkable
851 3577 102 22 increase
972 3583 54 16 over
1039 3576 39 23 the
1089 3576 85 24 former
1185 3585 74 23 years,

670 3609 64 23 since
753 3609 38 24 the
810 3609 174 25 establishment
1005 3610 25 23 of
1045 3609 39 24 the
1103 3610 88 31 colony.
1237 3611 24 23 It

671 3642 46 23 will
728 3642 154 25 be'-observed'
950 3642 53 25 -the
1023 3644 102 23 increase
1134 3644 4 5 '
1145 3646 57 21 over'
1216 3644 46 24 last

668 3682 57 24 year
735 3675 21 24 is
767 3676 77 24 tather
855 3684 63 16 more
929 3677 55 23 than
998 3676 105 30 doubled,
1112 3676 39 24 the
1162 3681 99 28 tonnage

671 3712 25 19 at
710 3708 37 24 the
767 3717 63 16 same
849 3708 64 28 time,
923 3710 131 32 sustaining
1071 3710 30 24 its
1120 3712 139 30 proportion.

673 3741 36 24 Of
723 3741 39 24 the
779 3743 33 25 27
831 3743 86 23 vessels
936 3743 76 24 which
1031 3743 60 25 have
1110 3744 91 24 entered
1218 3752 43 16 our

671 3778 53 28 port
735 3775 83 31 during
838 3776 39 23 the
894 3776 89 30 month,
996 3778 33 23 22
1049 3776 59 25 have
1125 3777 60 24 been
1200 3778 61 23 from

672 3807 39 24 the
723 3808 168 31 neighbouring
908 3809 143 25 settlements
1070 3810 45 24 and
1129 3816 82 24 coasts,
1223 3812 38 23 in-

673 3841 94 31 cluding
788 3841 39 24 the
857 3842 114 24 Chatham
999 3843 101 30 Islands,
1122 3844 64 23 four'
1201 3844 60 26 from

673 3874 102 31 Sydney,
793 3874 45 24 and
854 3882 43 17 one
907 3876 60 24 from
983 3876 108 24 London.
1110 3893 3 4 .
1126 3877 52 24 The
1195 3878 67 23 stock

671 3907 114 32 imported
803 3908 84 31 during
905 3909 39 24 the
965 3910 82 23 month
1063 3910 43 24 has
1125 3910 57 24 been
1202 3911 60 24 from

673 3941 101 35 Sydney,
783 3942 127 32 consisting
917 3942 26 24 of
951 3944 48 22 112
1008 3943 84 28 cattle/
1098 3945 74 26 1,600
1183 3943 78 32 sheep',

674 3976 24 23 8'
710 3974 121 30 horses,—
835 3968 48 31 l^7
894 3975 68 31 pigs,'
971 3975 62 24 from
1049 3975 147 29 the^coast.,;
1206 3999 5 5 n
1211 3976 51 25 The

561 55 103 47 Wit
686 55 121 45 'Kteto
832 55 210 42 Ztulmxb
1068 55 192 47 <Gto?ttte
1284 55 91 41 anti
1399 55 304 47 WMlinqton
1728 52 255 50 &pmator.

1953 144 146 33 during^each
2107 152 55 20 year
2168 149 26 21 '?.
2201 144 88 23 ../....
2387 148 72 25 .6,103

2068 175 25 19 '"""'
2162 180 10 20 ■/
2255 185 13 19 $'
2444 192 4 9 i

1927 197 68 22 Stock
2004 199 33 20 Ist
2042 198 26 21 of
2074 198 104 28 January
2187 200 52 21 1841
2249 199 55 22 and.
2444 203 3 13 ;

1954 226 53 19 1842
2143 234 9 11 -.
2228 222 20 24 ':.
2255 241 6 5 .
2269 241 6 5 .
2282 229 13 18 .;
2306 221 74 31 2,639!
2386 241 6 6 .
2398 227 61 25 1,959

663 144 83 24 should
756 144 28 24 be
795 143 85 24 careful
885 144 64 29 -how,
961 144 25 22 in
996 151 14 15 a
1016 142 149 32 .thoughtless
1174 143 76 29 mood,

664 177 54 31 they
730 177 77 28 make,
809 181 132 21 statements
961 184 25 15 so
1007 176 129 31 pernicious
1154 177 24 22 in
1193 177 58 23 their

664 210 120 31 tendency.
800 213 25 25 I•;
875 213 24 26 (T
1019 206 7 6 u
1022 215 25 22 \\
1092 210 26 23 Y\

752 244 128 23 know-n<st
896 243 94 23 whence
1148 242 104 24 obtained

663 277 37 23 his
711 277 53 23 data
774 276 36 24 for
821 276 57 23 such
889 284 14 15 a
920 274 136 33 paragraph,
1068 275 42 23 but
1122 274 37 24 the
1174 275 47 24 fact
1229 276 22 22 is
1258 296 2 4 ,

663 309 50 24 that
724 309 38 24 the
783 309 101 23 markets
905 309 26 23 of
946 309 58 23 New
1023 308 75 24 South
1117 307 78 25 Wales

664 342 87 31 rapidly
760 342 122 31 becoming
898 342 57 23 bare
977 341 24 23 of
1017 349 13 15 a
1047 345 66 27 great
1121 342 102 31 -variety
1228 341 26 23 of

664 376 88 23 British
770 375 176 29 manufactures,
1070 378 35 19 to.'
1113 374 80 31 satisfy
1213 374 38 24 the

664 408 60 32 daily
730 413 78 18 .wants
821 408 24 23 of
861 408 37 23 the
910 408 149 29 community.
1094 406 26 24 A
1138 408 112 30 compari-

664 441 86 24 son^-of
764 441 39 23 the
939 440 56 24 with
1013 440 38 24 the
1069 440 75 31 prices
1162 440 24 23 of
1200 441 52 23 four

664 474 91 24 months
766 474 71 28 since,
849 474 46 23 will
907 473 111 24 establish
1030 473 46 23 this
1087 473 54 23 fact.

696 507 77 24 When
790 507 116 31 England^
919 507 43 23 has
981 506 110 31 exported
1099 506 76 36 fgopds
1187 511 24 19 to
1223 514 29 15 an

664 544 83 20 extent-
753 541 35 23 far
802 540 89 32 beyond
901 546 6 8 J
910 540 38 23 the
968 544 71 19 wants
1059 539 26 22 of
1099 539 39 24 the
1146 544 106 26 -country

664 579 23 18 to
699 573 74 24 which
784 573 54 34 they
838 594 11 6 ,„
856 573 57 24 have
931 573 59 23 been
1009 576 73 25 sent,.,
1084 593 4 7 (
1088 572 128 26 the«,sto.ck.
1225 573 26 25 .is

663 607 88 31 rapidly
770 607 136 23 diminished
924 607 31 29 by
967 614 14 15 a
991 609 65 27 great
1067 610 69 19 waste
1154 605 44 24 and
1209 606 43 23 low

663 641 82 30 prices,
765 640 45 23 and
828 640 87 30 though
921 637 179 32 JBeVquantity
1109 638 84 31 rightly
1205 639 46 23 dis-

664 673 99 24 tributed
781 673 73 31 might
873 673 59 22 have
950 672 61 23 been
1029 672 68 30 equal
1120 676 22 19 to
1165 672 87 23 several

663 714 67 23 years
738 706 198 31 consumption^'
939 706 56 35 rcfay^
998 706 53 27 riot,'
1055 705 20 23 if
1081 709 51 19 sent
1139 704 30 23 all
1176 709 24 19 at
1211 703 48 25 one'

664 740 63 28 time,
739 746 73 24 prove,
819 746 63 16 more
894 739 56 22 than
965 738 66 31 equal
1042 742 24 19 to
1075 741 20 20 'a
1106 738 79 31 period
1197 746 57 23 very

663 772 58 24 little
733 773 24 23 in
769 780 79 15 excess
861 772 30 22 of
901 772 38 23 the
949 772 80 30 period
1041 771 84 31 during
1138 771 74 23 which
1223 779 29 15 an

664 806 106 31 ordinary
876 806 19 22 is
915 805 132 23 consumed.
1084 804 58 23 This
1154 805 45 22 will
1212 812 39 16 ex-

663 838 61 33 plain
737 839 38 23 the
786 845 82 17 reason
879 838 53 31 why
940 838 137 23 markets^so
1088 838 62 23 often
1160 837 92 24 become

664 872 111 31 suddenly
791 873 54 22 bare
866 871 66 24 when
950 871 115 31 supposed
1077 875 30 20 to',
1118 871 28 23 be
1165 871 87 31 greatly

665 905 170 23 over-stocked.
1081 908 4 5 '
1124 912 15 9 ■-
1153 916 4 5 •
1216 923 2 5 ,
1243 923 5 3 -

1280 144 223 31 trade^coastways/
1514 144 43 23 has
1574 151 51 16 now
1635 144 100 23 become'
1742 145 130 30 important

1280 170 174 31 ancfexterisive.
1473 177 44 24 We
1522 168 123 37 havelse'en
1651 177 81 23 visited
1741 177 129 31 during'the

1280 210 77 23 month
1369 210 55 23 with
1437 219 41 15 one
1479 207 163 33 "whaleE,"(th'e
1654 209 119 32 Wqllabay
1783 210 88 24 British

1280 241 62 33 ship)
1440 242 54 25 thY
1500 243 102 30 whaling
1619 243 89 30 ground
1732 243 43 23 for'
1788 248 80 19 stores.

1280 276 42 23 We
1329 276 140 23 understand
1476 276 49 23 that
1535 276 41 23 she
1588 276 77 23 leaves
1674 283 26 16 us
1710 278 14 22 8
1738 284 26 15 or
1778 278 30 22 10
1819 281 51 19 tuns

1280 309 25 23 of
1314 309 37 28 oil,
1371 310 24 22 in
1407 309 117 31 exchange
1536 309 36 24 for
1590 309 63 24 these
1670 313 71 19 stores
1762 309 45 23 and
1816 318 54 22 pro-

1281 342 93 24 visions.

1313 375 206 37 Summary^of'the
1522 393 4 12 (
1526 375 116 31 ,shipping
1652 375 39 24 list
1701 375 59 32 kept
1772 379 24 20 at
1813 375 60 24 Port-

1280 408 125 23 Nicholson
1418 408 35 23 for
1473 408 132 23 the*month
1617 408 25 24 of
1650 404 80 36 'jiilyV
1737 408 84 32 during
1832 408 41 30 the,

1280 448 65 24 years
1358 443 74 27 1840,
1436 433 140 38 *41V'42i-^
1629 445 16 12 °'
1661 449 5 7 '
1700 434 64 25 ---'■"
1787 443 55 13 '•-

1313 615 110 30 Reports,
1453 621 34 15 we
1515 615 58 22 have
1597 615 149 28 understood,
1774 615 96 22 reached

1280 643 141 34 'Wellington
1440 645 83 32 during
1541 647 40 23 the
1599 643 127 33 lastVeek,
1739 647 39 31 by
1782 653 61 25 way-'
1848 647 22 23 of

1281 679 107 31 Sydney,,
1400 680 24 22 in
1445 680 114 22 reference
1579 684 23 18 to
1623 680 38 23 the
1682 688 45 15 war
1747 681 25 22 in
1794 680 74 29 India,

1280 713 73 23 which
1364 713 38 22 led
1412 716 24 19 to
1448 713 39 22 the
1498 713 118 31 suspicion
1631 713 49 23 that
1696 721 14 14 a
1728 721 43 15 son
1790 713 24 24 of
1830 721 40 16 our

1280 746 68 23 much
1359 745 119 32 respected
1489 745 74 32 Judge
1572 746 46 22 had
1630 746 123 30 unhappily
1765 746 70 23 fallen
1840 747 29 22 -in

1281 779 62 23 these
1355 779 118 23 disasters.
1508 774 36 27 As
1555 779 46 26 the.
1607 779 134 31 particulars
1753 787 26 15 or
1792 787 78 15 source

1281 813 24 23 of
1310 814 3 19 !
1320 812 38 23 the
1367 812 146 23 information
1526 819 38 15 are
1578 817 40 17 not
1628 812 24 22 in
1670 819 40 15 our
1729 813 139 29 possession,

1281 844 120 32 (although
1429 853 34 16 we
1482 845 46 23 fear
1549 845 51 23 that
1623 845 53 31 they
1682 855 4 4 •
1696 852 38 16 are
1756 850 44 18 two
1820 845 48 23 well

1280 878 119 32 founded,)
1421 886 98 16 we^can
1539 878 54 31 only
1620 886 93 23 express
1743 885 42 16 our
1814 878 56 32 deep

1281 912 120 30 sympathy
1412 912 56 23 with
1479 912 38 23 the
1534 916 89 26 parent,
1640 911 44 23 and
1696 916 59 18 trust
1774 911 50 23 that
1835 912 35 23 his

1281 946 104 29 strength
1395 945 26 23 of
1436 944 63 24 mind
1510 945 45 23 will
1567 944 80 24 enable
1658 945 47 23 him
1718 949 40 19 not
1777 945 53 30 only
1847 949 23 19 to

1280 978 53 23 bear
1345 979 54 22 with
1408 986 27 15 so
1450 986 77 15 severe
1543 987 14 14 a
1576 979 59 28 trial,
1653 979 40 22 but
1711 982 95 27 support
1824 978 46 23 him

1280 1012 23 23 in
1322 1011 38 24 the
1381 1012 148 23 continuance
1548 1012 24 23 of
1588 1011 66 24 those
1673 1011 100 24 arduous
1797 1011 73 24 duties

1281 1045 72 23 which
1364 1045 29 23 he
1405 1044 42 24 has
1459 1044 129 32 performed
1599 1045 54 23 with
1666 1052 24 16 so
1702 1045 70 23 much
1790 1045 80 31 ability

1282 1078 44 23 and
1337 1078 80 23 credit.

699 956 51 23 The
778 956 52 23 first
852 956 97 23 number
971 954 25 23 of
1016 954 38 23 the
1073 953 61 24 New
1151 954 101 24 Zealand

666 988 101 24 Colonist
778 989 46 23 and
835 988 59 24 Port
911 986 141 28 Nicholson*
1056 986 135 24 Advertiser
1207 995 45 15 was

664 1022 78 23 issued
766 1022 127 30 yesterday,
920 1021 26 23 in
974 1021 137 30 conformity
1139 1021 55 22 with
1214 1021 38 24 the

664 1055 176 24 advertisement
858 1054 76 23 which,
953 1054 113 31 appeared
1084 1055 24 21 in.
1127 1053 44 23 this
1183 1062 69 23 paper

663 1088 46 23 last
730 1087 72 25 week.
923 1087 173 31 typographical
1114 1094 138 24 appearance

664 1122 26 23 of
704 1121 39 24 the
753 1129 70 24 paper
834 1122 21 22 is
866 1120 80 32 highly
965 1120 123 24 creditable
1102 1125 24 18 to
1139 1120 37 23 the
1188 1122 64 22 office

664 1160 24 18 at
715 1155 76 23 which
809 1155 19 23 it
849 1156 21 21 is
898 1153 130 32 published.
1077 1153 52 24 The
1158 1154 94 31 original

665 1188 90 24 articles
776 1196 39 15 are
838 1188 49 23 well
904 1188 98 27 written,
1024 1188 43 22 but
1089 1186 52 31 they
1165 1187 27 23 do
1214 1193 38 17 not

664 1229 93 23 surpass
769 1221 39 24 the
819 1222 141 30 expectation
974 1220 89 23 created
1072 1221 33 30 by
1117 1220 38 23 the
1168 1221 84 30 feeling

662 1255 52 22 •that
725 1255 58 22 their
796 1255 81 22 author
892 1262 47 15 was
958 1254 110 23 admitted
1080 1258 22 18 to
1113 1254 29 22 be
1154 1254 37 22 the
1202 1254 50 23 best

665 1289 76 22 writer
751 1289 24 22 in
788 1289 57 23 Port
857 1288 134 28 Nicholson,
998 1295 3 5 1
1012 1287 125 31 conjointly
1148 1287 56 22 with
1215 1287 37 23 the

664 1322 133 31 knowledge
819 1322 25 23 of
857 1321 38 23 the
915 1321 47 23 fact
984 1320 56 23 that'
1052 1320 29 23 he
1099 1319 95 32 enjoyed
1215 1320 37 24 the

666 1355 124 31 advantage
814 1355 25 23 of
861 1355 85 30 having
1048 1353 116 31 formerly,
1186 1353 36 24 for
1240 1362 12 14 a

664 1389 55 29 long
729 1388 86 30 period,
829 1387 102 31 engaged
942 1395 62 22 upon
1016 1388 38 22 the
1065 1386 99 24 London
1172 1386 78 24 Press.

699 1421 51 24 The
774 1421 102 23 Colonist
897 1421 83 22 makes
999 1420 104 23 remarks
1127 1428 61 23 upon
1208 1421 44 22 this

661 1455 101 32 journal,
775 1454 46 23 and
830 1454 102 23 contains
942 1462 12 14 a
964 1453 67 23 letter
1044 1453 123 23 addressed
1181 1458 24 18 to
1223 1454 29 22 its

664 1489 134 31 proprietor,
811 1487 81 29 which,
904 1487 37 23 for
953 1487 39 22 the
1014 1491 100 27 present,
1136 1494 31 15 we
1189 1487 63 23 leave

665 1521 159 23 unanswered.

225 1712 29 14 MO

255 1706 54 21 ion's
324 1713 13 15 q

334 1713 118 15 tUARTEItS.

334 1732 31 22 7&.
400 1732 102 23 2h.21m.
525 1741 72 14 morn.

334 1760 8 20 3
397 1761 15 20 4
438 1761 28 20 58
524 1760 79 22 aftern.

334 1788 10 19 1
401 1788 12 19 1
441 1788 28 20 50
527 1787 81 22 aftern.

337 1815 13 19 0
405 1815 12 20 3
446 1814 27 21 25
530 1814 79 21 aftern.

71 1732 24 25 6
112 1731 49 22 Nev

76 1762 14 21 D
113 1759 48 21 Firs

71 1788 19 19 ©
116 1785 42 22 Ful

76 1815 14 22 C
113 1812 48 22 Lasi

157 1739 11 14 vr
176 1731 71 22 Moon
253 1747 1 5 ,

157 1762 15 17 it
180 1759 74 23 Quarti

161 1785 6 21 1
179 1786 68 21 Moon

158 1815 9 18 t
177 1813 77 23 Quart<

255 1746 43 7 ....
330 1732 9 22 7

255 1766 42 14 3T..
317 1760 22 20 IS

255 1800 44 6 ....
319 1788 20 19 2]

255 1820 18 14 ;r
287 1828 17 5 ..
322 1814 17 20 8i

53 1920 14 19 3

52 1946 15 21 4

53 1973 14 20 5

54 1998 14 23 6

54 2026 13 21 7

54 2054 13 19 8

54 2080 14 20 9

76 1854 83 27 orises

76 1892 23 21 h.
127 1899 31 14 m.

77 1920 13 20 6
130 1919 29 20 46

77 1947 13 20 6
130 1946 30 20 44

77 1974 13 20 6
129 1973 30 20 42

77 2001 13 20 6
130 2000 29 20 40

76 2028 14 19 6
130 2027 30 20 40

76 2054 13 19 6
130 2053 28 20 38

77 2081 13 19 6
131 2080 28 20 36

166 1855 82 27 osets.

168 1892 22 21 h.
219 1899 28 14 m.

167 1920 13 19 5
224 1920 26 20 14

167 1946 13 20 5
223 1947 25 20 16

167 1973 13 20 5
223 1974 26 20 18

167 2000 13 20 5
222 2000 27 21 20

167 2026 13 20 5
221 2028 28 19 20

167 2053 13 20 5
221 2053 27 20 22

167 2079 13 21 5
221 2080 28 20 24

254 1861 3 29 [
264 1858 15 22 D
290 1863 47 19 age.

254 1891 1 17 I

285 1920 28 21 26

285 1947 27 21 27

285 1974 26 21 28

284 2000 28 21 29

284 2027 29 20 30

299 2054 10 20 1

254 2079 2 25 ;
299 2081 13 20 2

374 1857 116 28 Sundays',
507 1858 114 28 Festivals,

423 1884 86 27 Terms,
522 1886 39 21 &c.

346 2026 28 20 11
384 2027 63 20 Sun.
454 2027 70 20 after
529 2027 108 27 Trinity

368 2069 7 4 .

1437 480 53 17 Date.

1553 480 90 17 Number.

1735 482 54 16 Tons.

1365 507 54 28 July
1438 509 61 21 1840.

1414 534 3 5 '
1439 536 60 20 1841.

1440 563 59 21 1842.

1584 509 38 21 11.'
1659 519 5 8 T

1563 536 54 20 -13.

1582 562 35 21 27.

1713 517 7 12 f
1727 510 62 21 1483;
1800 516 5 6 -
1820 517 4 4 -

1727 536 62 22 1756:

1726 563 63 22 2772.

353 143 163 24 Almanack.

47 180 50 22 TT
104 180 43 23 has
155 180 59 22 been
222 179 110 27 arranged
341 182 22 19 to
372 180 58 21 issue
440 186 15 14 a
470 177 86 23 Pocket
567 177 45 22 and
623 184 14 14 a

40 201 35 28 ■JL
105 207 69 22 Sheet
182 206 127 22 Almanack
317 206 33 22 for
636 226 2 8 |

40 234 85 25 {Office.
141 255 5 4 .
155 233 94 24 Persons
263 233 69 27 being
337 229 199 35 yjn.pos!essioii,.of
546 231 89 27 any.in-

45 260 122 22 formation
178 260 71 21 which
260 260 53 26 they
323 259 64 22 think
396 258 70 27 likely
475 262 23 17 to
508 258 46 21 add
563 262 24 17 to
598 257 37 22 the

45 287 119 21 attraction
174 286 26 21 of
207 286 37 22 the
254 287 61 21 work
324 286 23 21 in
362 285 109 28 question,
483 292 37 14 are
534 284 101 22 solicited

44 316 25 19 to
79 313 87 22 furnish
175 314 38 21 the
224 321 60 14 same
295 317 21 18 to
327 313 36 21 the
374 314 85 19 Gazette
465 311 78 26 Office,
552 311 35 21 for
597 310 38 22 the

44 347 41 14 use
97 340 23 21 of
128 339 38 22 the
176 340 77 21 Editor
262 340 26 21 of
295 347 13 14 a
317 339 60 22 work
386 339 80 25 which,
475 338 20 22 if
501 337 50 22 well
561 337 75 21 stored

43 366 55 22 with
108 366 59 22 local
183 370 86 23 matter,
281 369 81 20 cannot
371 365 39 22 fail
424 368 24 19 to
466 371 63 15 serve
539 363 37 23 the
586 363 50 22 best

41 393 110 22 Interests
162 394 24 21 of
193 393 38 22 the
242 393 133 22 settlement.
409 409 5 4 .
551 389 6 14 f
608 389 22 24 r'
642 407 2 7 ■

75 426 87 20 Gazette
173 426 77 26 Office,
262 425 54 28 July
325 427 34 25 30,
365 425 66 21 .1842.
535 445 3 5 ,
633 429 11 19 -,

47 471 69 48 TO
136 470 40 22 BE
196 470 80 22 SOLD
298 469 111 24 CHEAP,
433 469 54 21 with
506 468 129 22 immediate

122 497 128 26 possession,
272 504 13 14 a
304 495 115 22 well-built
440 495 95 22 wooden
556 495 77 27 house,

43 523 57 22 with
109 522 56 29 shop
175 523 99 26 window,
286 530 28 14 on
322 522 38 22 the
369 522 81 22 beach.
479 522 76 27 Apply
564 523 31 21 to'
612 523 32 24 ....'"

217 556 49 22 Mr.
282 556 73 28 Neal,
371 556 82 22 Watch
464 556 88 26 Maker,

412 583 111 22 Lambton
535 584 72 26 Quay.
