3300 4360
246 205 416 92 Hot
800 205 693 92 Lakes
1631 205 1385 92 Chronicle.

481 453 208 39 -A-XsTID
742 456 503 42 TOURISTS'

2117 468 481 42 croTJi^isr^L.

485 567 453 91 Circulating
958 572 455 85 throughout
1435 572 127 68 the
1587 572 287 72 Tourist
1921 576 302 73 Resorts
2270 583 82 68 of
2386 584 126 69 the
2557 586 266 72 World.

106 718 58 20 VOL.
179 720 19 16 4.
228 718 40 19 No.
283 719 46 18 204.

1277 724 139 22 EOTOEUA,
1432 724 58 22 N.Z.,
1508 725 186 22 WEDNESDAY,
1712 725 123 19 OCTOBER
1848 728 32 21 28,
1900 729 47 17 1896

2873 742 283 26 PRICE—THREEPESCI

165 863 48 25 Do
226 863 57 25 not
295 862 120 31 Forget
483 862 3 42 |

164 909 252 46 CRAIG'S
483 909 4 46 •

129 974 164 20 CURIOSITY
312 973 81 19 SHOP
411 972 47 19 and
482 958 9 43 f

220 1001 142 22 MUSEUM,
482 992 12 28 b

151 1041 112 24 Opposite
271 1041 79 19 Grand
357 1039 76 21 Hotel,
482 1039 4 26 i

114 1082 125 27 PRINCES
250 1082 45 28 ST,
305 1064 189 43 AUCKLAND.i

126 1148 5 11 :
132 1142 1 26 ;
312 1143 68 23 ■■%^
382 1142 24 13 <:
415 1142 3 26 :
424 1142 20 21 ■•>

162 1205 141 17 INSUR9
329 1204 93 16 In£ITH

82 1241 46 17 THE
133 1239 79 17 SOUTH
219 1238 98 17 BRITISH
326 1237 77 16 FIRE&
412 1237 97 16 MARINE

150 1262 42 15 Coy.
202 1260 30 16 OF
242 1260 57 16 NEW
307 1258 121 17 ZEALAND.

81 1292 69 17 Capital
406 1288 103 19 £1,900,000

119 1320 95 17 Unlimited
228 1319 75 20 liability
312 1318 18 16 of
336 1317 129 16 Shareholders.

81 1342 50 21 Being
158 1341 77 16 Colonial
248 1340 104 16 Institution
365 1339 62 16 Profits
441 1343 29 11 are
481 1338 18 16 in-

224 1362 58 15 vested
289 1361 69 20 locally.

80 1385 46 16 Head
141 1384 52 15 Office
418 1381 91 16 Auckland

79 1406 47 17 Local
135 1408 53 17 agcut
366 1403 12 16 J
395 1403 27 17 W.
432 1402 77 22 Wrigley

81 1472 157 44 ROTORUA
261 1472 93 40 BOOT
375 1470 26 42 &
418 1470 91 41 SHOE

227 1537 127 41 DEPOT,

131 1642 45 53 J.
200 1641 249 53 LARKIN.

78 1930 16 18 A
112 1928 66 26 Large
197 1929 61 20 Stock
279 1930 21 17 of
317 1928 96 23 Gorman,
429 1926 78 19 French

141 1956 40 19 and
192 1956 92 19 Colonial
295 1955 62 18 Boots
367 1954 76 24 always

235 1982 23 19 in
275 1981 68 19 Stock.

80 2019 63 20 BEST
152 2018 78 20 MATE
235 2018 72 20 RIAL.
345 2018 17 18 B
367 2017 46 19 IST
422 2016 86 20 WORK

150 2059 160 20 AUCKLAND
321 2058 106 21 PRICES.

77 2139 158 22 Hand-sewn
246 2139 80 22 Boots
336 2144 16 16 a
367 2137 138 29 Specialty.

81 2209 205 45 Rotorua
309 2205 196 48 Sawmill

161 2266 247 54 Company.

84 2353 115 19 tT7IIITE
212 2353 54 17 AND
284 2353 52 17 BED
355 2352 63 17 PINE
437 2351 20 17 of
473 2351 33 17 the

88 2370 9 10 *
105 2370 14 25 V
159 2375 55 19 finest
223 2375 73 24 quality
305 2375 39 17 and
359 2375 90 21 carefully
466 2376 38 16 cut.

257 2399 64 17 ALSO

76 2426 85 27 Matai,
193 2426 127 29 Pukatea,
349 2426 52 22 and
427 2426 79 22 Tawa

112 2457 128 29 Shingles,
252 2457 117 28 Palings,
383 2455 95 23 Blocks

214 2488 53 22 and
274 2487 84 23 Posts-

98 2519 17 18 A
129 2519 52 25 good
193 2519 39 18 and
244 2519 91 18 assorted
345 2518 73 25 supply
428 2518 77 24 always

75 2552 22 11 0:1
107 2545 54 20 hand
170 2548 21 16 at
201 2546 34 18 the
246 2545 82 18 Timber
338 2544 64 24 Yard,

194 2577 183 17 ROTORUH.

75 2607 157 25 N.B.—Special
242 2613 45 12 care
298 2607 63 18 taken
371 2606 21 19 in
410 2605 34 19 tho
462 2612 33 12 sea-

246 2633 80 24 soning.

76 2671 101 18 PRICES
190 2670 40 18 AT
243 2669 145 19 CURRENT
401 2669 103 19 RATES.

110 2702 37 19 W.
163 2702 168 21 HENSHAW,
342 2701 118 22 Manager.

77 2845 426 36 CARPENTER,

175 2895 104 19 FENTON
297 2895 102 21 STREET,

164 2946 99 18 Oitosite
313 2946 80 18 Grand.

96 2981 65 18 Sashes
169 2981 55 18 made
233 2982 20 16 to
262 2981 61 17 order.

75 3116 110 21 BARBER
206 3117 60 20 AND
296 3116 207 26 HAIRDRESSER,

74 3156 88 44 I)EGS
173 3160 19 17 to
204 3164 104 13 announce
319 3158 78 18 thatlio
408 3157 36 18 has
451 3164 41 12 com-

98 3190 12 10 *
138 3184 82 20 menced
233 3184 92 19 business
336 3184 21 18 in
368 3184 34 18 the
418 3183 51 25 shop
484 3183 21 19 in

75 3212 30 19 the
121 3210 32 19 old
169 3214 59 16 town,
251 3209 96 26 formerly
366 3210 95 24 occupied
478 3209 27 25 by

75 3237 29 19 Mr
115 3236 121 25 McFadyen,
247 3238 86 21 saddler,
352 3238 40 16 and
408 3238 62 22 hopes
484 3239 21 15 to

75 3264 54 19 merit
140 3270 11 12 a
161 3264 59 18 share
232 3262 21 20 of
264 3262 34 19 tho
308 3262 70 25 public
388 3264 89 23 support.

153 3297 159 19 RAZORS
341 3295 76 19 SET.

94 3364 21 18 A
124 3364 83 18 Choice
218 3362 153 19 Assortment
384 3362 27 17 of
420 3362 71 18 Tobac-

75 3392 40 17 cos,
126 3388 86 25 Cigars,
223 3386 131 23 Cigarettes
361 3385 21 18 &
388 3385 117 18 Smoker's

75 3409 134 24 Requisites.

96 3478 40 44 G
150 3478 46 18 EO
199 3476 4 46 '
224 3477 43 43 M
290 3477 69 43 °A
371 3476 103 18 ULEY
475 3476 4 46 '

75 3555 117 24 Plumber
210 3556 21 22 &
242 3553 113 25 General
367 3553 137 23 Mechanic

162 3614 129 19 Tutakekai
314 3612 92 21 Street,

119 3727 134 42 HORACE
276 3725 179 42 STEWART.

75 3792 103 20 SADDLE,
191 3790 126 21 HARNESS,
331 3790 55 17 AND
403 3788 101 18 COLLAR

238 3821 101 21 MAKER,

114 3858 179 20 FENTON-ST.,
310 3856 151 19 ROTORUA.

75 3943 98 22 Saddles,
190 3941 95 22 Bridles,
302 3939 93 23 Collars,
411 3939 91 22 Chains,

94 3983 53 22 Bite,
155 3984 80 21 Spurs,
244 3981 106 18 Harness
363 3979 67 23 Soap,
439 3978 40 19 &c.

94 4056 115 21 Coachaline,
220 4060 8 12 o
249 4050 114 25 waterproof
378 4050 125 23 preservative

75 4078 24 17 for
108 4080 23 16 nil
141 4078 56 19 kinds
204 4078 20 18 of
238 4076 77 18 Leather.

94 4111 83 21 Axleino,
195 4116 9 11 a
220 4105 71 27 perfect
309 4105 96 18 hihricant
418 4105 30 17 for
462 4110 41 12 car-

75 4133 60 23 Hugos,
147 4137 95 20 waggons,
255 4132 31 16 &<S-

94 4165 42 18 Coll
148 4158 2 25 :
175 4164 52 18 made
242 4164 19 16 to
275 4165 86 14 measure
373 4165 25 11 on
413 4158 33 17 the
460 4164 33 16 pre-

75 4188 65 17 mises!,
152 4186 103 25 speciality,
296 4181 122 25 Lengthened
430 4187 63 17 experi-

74 4216 40 12 ence
122 4212 17 16 in
150 4211 23 17 ail
184 4211 67 17 classes
261 4208 20 18 of
285 4205 96 20 Saddler's
390 4204 57 18 work.
472 4204 17 17 A
490 4204 12 10 ll

75 4234 58 17 orders
143 4232 101 23 promptly*
248 4230 90 19 attended
352 4230 26 16 to.

824 952 279 50 ROTORUJI.
1149 953 127 46 .NEW
1313 952 273 48 ZEJTLMD.

541 1050 8 8 ■
560 1044 127 17 /UiUKuA.
689 1048 68 9 —ims
768 1048 102 10 wonuuiiui
877 1044 73 15 d:stiiet
959 1048 15 11 is
983 1044 129 19 unparalleled
1121 1049 19 9 m
1150 1048 30 11 mc-
1189 1048 70 12 jUiovvti
1270 1044 58 16 woi'id
1337 1049 27 11 wt
1375 1051 31 9 me
1415 1049 78 12 numuer
1502 1044 38 17 and
1549 1044 71 23 variety
1632 1044 18 18 oi
1660 1045 24 17 its
1693 1045 86 18 Thermal
1789 1045 85 24 Springs.

534 1062 43 20 _lA>
601 1063 27 18 As
635 1069 13 12 a
655 1062 65 19 health
728 1064 61 17 resort
794 1063 28 19 its
829 1065 111 23 popularity
946 1065 17 17 is
970 1064 76 24 rapidly
1053 1065 112 23 increasing,
1174 1065 39 17 and
1226 1066 43 16 that
1283 1065 79 23 entirely
1379 1072 25 10 on
1417 1066 24 17 its
1459 1072 43 11 own
1518 1067 71 21 merits,
1607 1074 20 10 us
1644 1067 83 18 hitherto
1744 1069 81 22 nothing
1841 1069 34 17 has

531 1086 48 17 been
588 1086 48 17 done
645 1087 19 16 in
673 1086 32 17 the
713 1092 42 16 way
764 1087 20 16 of
792 1087 122 23 advertising.

555 1110 86 17 Patients
650 1109 90 22 suffering
747 1110 49 17 from
806 1110 85 21 Chronic,
902 1111 101 20 Articular,
1013 1110 38 18 and
1059 1110 96 18 Muscular
1163 1111 129 20 rheumatism,
1303 1112 56 20 Gout,
1369 1112 102 17 Rhumatic
1477 1112 56 21 Gout,
1549 1113 45 17 Skin
1603 1114 92 20 Diseases,
1712 1114 85 21 Sciatica,
1815 1115 45 16 Lum-

531 1132 57 22 bago,
607 1133 108 21 Neuralgia,
734 1133 86 17 Nervous
836 1134 125 20 Exhaustion,
980 1134 78 17 Uterine
1074 1134 98 20 Ailments,
1190 1135 39 16 and
1244 1135 56 22 tardy
1317 1135 140 17 convalescenso
1474 1136 49 17 from
1540 1138 55 16 acute
1611 1136 81 18 diseases
1708 1143 43 16 may
1768 1138 39 22 rely
1823 1143 52 17 upon

532 1156 100 22 obtaining
640 1156 89 17 immense
738 1156 58 20 relief,
806 1157 38 17 and
853 1158 19 15 in
879 1157 32 17 the
920 1157 90 23 majority
1019 1157 20 17 of
1048 1162 50 12 cases
1107 1163 10 11 u
1126 1157 92 23 complete
1227 1164 50 11 cure.

555 1216 53 18 THE
621 1216 111 17 PRIEST'S
740 1216 146 18 BATH.—This
895 1218 15 16 is
919 1218 88 21 strongly
1015 1218 47 17 acid,
1077 1218 111 19 aluminous,
1204 1218 80 22 sulphur
1300 1220 64 19 water,
1382 1218 65 23 acting
1464 1225 20 11 as
1501 1225 11 11 a
1528 1220 94 22 powerful
1639 1220 42 17 skin
1697 1221 104 18 stimulant.
1833 1222 42 17 Hot

531 1239 38 17 and
578 1240 42 16 cold
629 1240 86 18 showers,
726 1239 37 17 and
771 1239 82 18 douches
862 1246 31 11 are
902 1241 91 21 provided
1001 1241 38 17 and
1047 1241 126 22 comfortably
1181 1241 87 17 enclosed
1277 1241 86 22 dressing
1371 1248 62 11 rooms

555 1263 114 16 MADAME
689 1262 126 19 RACHEL'S
834 1264 146 17 BATH.—This
989 1263 105 18 celebrated
1103 1263 70 23 Spring
1181 1264 16 17 is
1205 1270 12 11 a
1232 1265 63 16 Saline
1310 1267 57 15 water
1380 1265 47 17 with
1443 1265 91 21 Silicates,
1549 1266 38 17 and
1600 1266 34 18 has
1650 1272 24 12 an
1689 1267 81 17 alkaline
1785 1269 89 17 reaction.

531 1286 39 16 The
580 1288 58 15 water
646 1286 15 16 is
670 1285 39 18 also
718 1291 22 12 us
745 1286 19 16 id
771 1286 103 23 internally
883 1287 29 16 for
921 1287 24 16 its
954 1287 97 17 beneficial
1059 1287 62 17 action
1130 1293 24 11 on
1163 1288 32 16 the
1204 1287 86 22 kidneys.

555 1309 53 17 THE
628 1309 69 17 BLUE
717 1309 145 17 BATH.—This
879 1310 15 16 is
910 1310 33 17 the
959 1310 72 22 largest
1046 1309 76 19 natural
1139 1310 108 23 swimming
1263 1310 46 18 bath
1324 1310 19 18 in
1358 1311 32 17 the
1406 1310 94 19 Southern
1509 1312 131 23 Hemisphere.
1665 1313 21 17 It
1694 1314 69 17 affords
1771 1314 104 17 rheumatic

531 1331 81 18 invalids
621 1338 11 11 a
641 1338 62 11 means
712 1332 21 17 of
740 1332 68 22 taking
816 1333 82 21 painless
907 1333 86 19 exercise,
1004 1333 61 17 which
1073 1333 46 22 they
1127 1333 68 23 highly
1203 1334 114 22 appreciate.

554 1356 53 16 TnE
617 1355 122 17 SULPHUR
747 1355 106 18 VAPOUR
862 1356 145 18 BATH.—This
1013 1356 16 17 is
1034 1361 11 12 a
1052 1356 75 17 natural
1133 1356 33 17 hot
1171 1363 79 15 vapour,
1257 1357 68 21 highly
1331 1357 82 21 charged
1418 1357 46 18 with
1470 1358 80 22 sulphur
1558 1364 60 17 gases,
1632 1359 105 17 conducted
1750 1360 40 17 into
1804 1366 11 11 a
1829 1366 34 16 pro-

531 1378 54 22 perly
594 1378 118 18 constructed
719 1378 56 21 chest,
783 1379 21 16 in
809 1379 61 17 which
876 1378 33 18 the
916 1380 32 16 the
953 1380 74 21 patient
1032 1379 39 20 sits,
1079 1380 56 16 while
1142 1380 79 21 sulphur
1226 1380 20 17 in
1251 1386 25 11 an
1281 1380 113 23 impalpable
1402 1381 48 16 form
1456 1381 15 17 is
1477 1382 58 22 being
1541 1382 107 22 constantly
1654 1382 97 22 deposited
1756 1389 24 11 on
1787 1383 32 17 the
1825 1384 49 17 skin.

554 1402 54 16 THE
628 1401 59 17 NliW
708 1401 122 18 SULPHUR
851 1402 146 18 BATH.—This
1009 1403 16 17 is
1037 1409 11 10 a
1060 1408 45 16 very
1117 1404 67 21 strong
1196 1403 60 17 acidic
1268 1405 58 15 water
1338 1404 20 16 of
1370 1404 47 20 high
1430 1406 132 21 temperature,
1576 1406 37 16 and
1630 1406 87 22 strongly
1733 1408 142 16 recommended

531 1424 19 17 in
567 1430 51 12 cases
634 1425 21 16 of
670 1424 122 18 rheumatism
801 1425 38 18 and
848 1425 56 17 allied
912 1425 87 18 diseases.
1023 1426 39 17 The
1070 1426 47 17 bath
1132 1426 58 17 house
1206 1427 16 17 is
1239 1426 76 17 divided
1330 1427 40 17 into
1387 1427 68 17 Ladies
1471 1428 38 16 and
1525 1428 122 18 Gentlemens
1664 1429 127 22 departments
1806 1430 37 18 and
1860 1431 15 17 is

531 1448 77 22 capable
618 1448 19 17 of
646 1447 162 23 accommodating
816 1450 34 15 400
859 1448 76 17 bathers
944 1448 57 23 daily.

554 1471 101 17 LADIES'
668 1471 60 17 NEW
736 1471 140 18 SWIMMING
888 1472 146 17 BATH.—This
1042 1472 15 18 is
1065 1479 12 10 a
1090 1474 64 16 recent
1166 1479 73 11 annexe
1248 1474 21 16 to
1277 1474 32 17 the
1318 1474 70 17 Rachel
1398 1474 92 18 Pavilion.
1516 1476 20 16 It
1544 1476 15 17 is
1568 1477 23 15 50
1601 1476 38 17 feet
1648 1476 46 22 long
1702 1477 26 21 by
1737 1478 21 16 24
1769 1477 37 18 feet
1819 1477 55 21 wide,

531 1494 24 18 its
564 1495 84 21 greatest
656 1494 58 22 depth
722 1495 16 16 is
746 1496 11 15 4
767 1495 39 16 feet
813 1495 38 17 and
859 1495 25 17 its
895 1495 85 22 capacity
989 1497 65 15 20.000
1062 1496 80 22 gallons.
1168 1497 19 16 It
1196 1496 15 17 is
1220 1497 52 17 filled
1284 1497 46 17 with
1340 1502 57 12 water
1406 1498 48 17 from
1464 1498 32 18 the
1505 1498 71 18 Rachel
1586 1500 71 22 Spring
1665 1500 61 18 which
1735 1501 14 16 is
1760 1501 115 18 maintained

531 1519 20 15 at
560 1524 11 10 a
579 1519 126 20 temperature
714 1518 20 17 of
742 1519 22 15 9S
773 1517 83 21 degrees.

554 1541 53 16 THE
616 1541 162 17 ELECTRICAL
786 1541 253 18 DEPARTMENT.—This
1049 1542 119 22 department
1183 1542 15 18 is
1215 1543 72 22 replete
1303 1543 47 17 with
1362 1543 33 18 the
1412 1545 49 16 most
1474 1545 78 18 modern
1570 1546 107 22 appliances
1693 1547 30 17 for
1841 1549 34 15 out

531 1564 75 16 various
615 1564 57 18 forms
682 1564 20 16 of
709 1564 80 17 medical
797 1564 92 17 electrical
898 1566 104 16 treatment
1009 1565 20 17 in
1037 1565 49 17 their
1098 1566 87 21 entirety.

555 1587 53 17 THE
614 1587 188 17 HYDROPATHIC
810 1587 116 17 PACKING
932 1588 54 16 AND
994 1588 118 17 MASSAGE
1118 1589 226 18 DEPARTMENT.—A
1350 1590 55 17 series
1411 1591 19 16 of
1437 1597 61 11 rooms
1505 1598 32 11 are
1545 1592 98 18 furnished
1652 1593 38 17 and
1698 1594 28 16 set
1732 1596 55 20 apart
1793 1594 30 17 for
1829 1594 46 17 each

531 1616 38 14 sex,
576 1611 20 16 in
602 1610 54 17 order
662 1612 19 15 to
691 1617 52 16 carry
749 1612 34 16 out
791 1611 38 16 this
834 1611 105 21 important
945 1611 80 22 adjunct
1030 1613 19 16 to
1056 1613 107 16 treatment.
1170 1613 39 17 The
1215 1613 78 17 services
1300 1614 21 16 of
1326 1620 10 10 a
1342 1613 88 23 qualified
1436 1614 95 18 Masseuse
1537 1615 36 18 and
1581 1616 84 17 Masseur
1674 1622 31 11 are
1714 1617 112 17 obtainable.

531 1666 90 18 Resident
630 1667 96 21 Engineer
733 1666 3 22 :

602 1690 115 17 CAMILLE
730 1690 132 20 MALFROY,
872 1691 45 18 Esq.

1423 1670 89 18 Resident
1521 1671 82 18 Medical
1612 1670 168 24 Superintendent:

1499 1695 104 17 ALFRED
1617 1696 119 20 GINDERS,
1751 1697 52 17 M.D.

738 1935 58 24 Two
809 1935 70 24 miles
892 1935 76 31 from
987 1936 121 28 Rotorua,
1130 1935 135 31 adjoining
1279 1937 149 31 interesting
1437 1938 83 23 native
1531 1938 144 25 settlement.

739 1989 335 56 PEYSER
1129 1959 176 100 4§§?
1357 1992 321 54 HOTEL

1427 1993 268 55 OTEL.

1051 2092 306 26 PATRONS;

671 2131 55 19 Earl
749 2131 27 18 of
797 2131 107 23 Kintore,
931 2132 55 18 Earl
1011 2132 26 19 of
1059 2132 100 23 Onslow,
1182 2133 104 23 Marquis
1307 2133 27 18 of
1352 2133 128 23 Drogheda,
1504 2134 61 18 Lord
1587 2133 145 25 Garrington.

530 2163 88 19 rriHIS
633 2163 93 19 HOTEL
736 2163 36 18 has
783 2163 89 24 recently
882 2164 52 18 been
944 2163 141 24 considerably
1095 2165 102 22 enlarged,
1210 2165 116 23 renovated,
1338 2165 39 18 and
1388 2165 129 19 refurnished
1527 2166 115 25 regardloss
1651 2167 21 18 of
1688 2173 92 18 expanse,
1799 2168 40 18 and
1857 2168 17 18 is

535 2185 25 25 JL
597 2189 73 24 widely
680 2189 74 19 known
764 2189 32 18 for
806 2189 26 19 its
842 2189 100 19 excellent
952 2189 178 23 accommodation,
1141 2190 88 23 Cuisine,
1243 2192 33 18 &c.

905 2224 75 23 Here
992 2232 45 15 are
1049 2224 40 24 the
1104 2224 80 31 Chief
1192 2225 89 31 Sights
1291 2225 33 32 of
1331 2226 40 23 the
1382 2225 119 24 District.

660 2264 47 19 The
865 2265 80 18 Steam
954 2265 47 18 and
1009 2265 49 18 Hot
1159 2265 129 24 Petrifying
1297 2266 99 23 Geysers
1411 2266 80 24 playing
1502 2267 66 22 nearly
1587 2268 32 16 100
1636 2267 38 18 feet
1690 2267 52 24 high.

528 2287 133 24 Petrifying
670 2288 105 23 Geysers,
787 2288 128 18 Cauldrons
925 2288 27 18 of
957 2288 92 23 Boiling
1056 2288 58 19 Mtid
1123 2289 47 18 and
1178 2289 42 19 Oil.
1248 2290 75 22 Spout
1332 2290 65 22 Bath,
1409 2285 39 23 Oil'
1453 2290 65 22 Bath,
1529 2290 71 19 Alum
1609 2290 61 19 Bath
1679 2290 19 19 &
1713 2292 78 18 Jack's
1804 2292 67 19 Bath.

528 2311 81 20 Known
620 2313 33 17 for
660 2311 33 19 the
701 2311 153 24 extraordinary
863 2318 57 12 cures
928 2314 21 16 of
959 2312 149 23 Eheumatisin,
1119 2312 120 25 .Neuralgia,
1249 2312 112 27 Lumbago,
1370 2313 91 24 Sciatica,
1470 2314 89 25 Kidney,
1572 2313 61 20 Liver
1641 2314 41 19 and
1688 2314 57 19 other
1753 2316 119 23 complaints

646 2346 42 47 C.
714 2346 41 46 E.
777 2346 238 50 .NELSON,

940 2403 103 27 Guide

1476 2349 279 55 Proprietor.

807 2505 43 49 >]
861 2505 159 49 it'll;

950 2567 40 24 On
1013 2568 40 23 the
1077 2568 90 23 Direct
1190 2569 82 23 Ro7cte
1291 2573 23 19 to
1335 2569 117 23 Rotorua.

764 2607 46 18 For
827 2608 107 22 Scenery,
950 2608 109 18 Curative
1071 2608 131 22 Properties
1211 2609 27 18 of
1244 2609 40 18 the
1293 2609 73 18 Baths
1374 2609 47 19 and
1429 2610 208 23 accommodation,

673 2639 122 25 EXCEL
826 2639 71 24 ALL
930 2639 140 26 PLACES
1101 2640 46 25 OF
1177 2640 74 25 THE
1286 2641 86 25 KIND
1406 2641 31 26 IN
1469 2642 74 25 THE
1576 2642 160 27 COLONY.

554 2704 66 19 These
632 2703 92 26 Springs,
735 2702 66 21 which
812 2703 32 18 for
854 2702 53 19 their
926 2702 97 20 Curative
1033 2703 115 25 Properties
1159 2704 39 18 and
1209 2703 138 21 Comfortable
1356 2705 97 24 Fittings,
1463 2705 52 19 have
1528 2705 49 19 been
1595 2707 129 24 pronounced
1739 2707 28 25 by
1782 2709 27 18 all
1826 2709 44 19 who

528 2730 53 19 have
600 2730 75 19 visited
694 2726 62 23 then?
766 2735 76 13 second
860 2735 23 12 to
901 2735 55 13 none
972 2735 23 13 in
1010 2729 52 18 New
1079 2729 105 19 Zealand.
1213 2730 42 18 The
1270 2736 108 13 numerous
1389 2731 134 19 testimonials
1533 2732 92 18 received
1636 2739 20 12 as
1669 2735 20 17 to
1699 2733 54 19 their
1762 2741 56 12 cures
1829 2735 41 19 and

528 2757 85 18 comfort
625 2756 75 19 should
719 2756 25 18 be
762 2755 99 19 sufficient
879 2757 20 16 to
915 2755 73 18 induco
1003 2754 91 20 Tourists
1110 2755 40 19 and
1164 2757 68 18 others
1249 2758 21 17 to
1279 2756 48 19 visit
1338 2756 61 19 them.
1428 2757 32 18 No
1470 2761 59 15 extra
1538 2757 75 26 charge
1624 2759 17 18 is
1651 2759 59 19 made
1719 2760 32 18 for
1761 2761 33 18 the
1804 2767 36 12 uso
1851 2762 19 18 of

528 2783 34 18 the
574 2783 61 18 baths
645 2785 20 16 to
675 2787 84 19 persons
769 2781 82 25 staying
860 2783 21 16 at
891 2781 34 18 the
935 2780 62 19 hotel.

847 2828 83 25 THE
957 2816 529 40 OKOR^mE~SANATORIUM

554 2870 22 20 Is
586 2870 110 20 connected
706 2870 49 18 with
766 2869 34 19 the
810 2869 135 24 Telegraphic
955 2872 75 21 system
1041 2869 20 19 of
1071 2869 34 19 the
1115 2869 82 25 Colony,
1208 2870 35 18 the
1251 2870 115 25 Telegraph
1376 2870 61 20 OKlco
1448 2871 109 26 adjoining
1566 2872 35 19 the
1611 2872 71 19 Hotel.
1710 2874 35 18 All
1752 2874 118 24 Telegrams

528 2896 103 26 promptly
641 2896 78 25 replied
729 2898 26 16 to.

554 2923 97 22 Coaches,
663 2922 97 25 Buggies,
773 2921 40 18 and
823 2921 143 23 Conveyances
975 2921 21 18 of
1006 2921 27 18 all
1043 2921 60 19 kinds
1121 2921 57 19 leave
1196 2921 41 19 this
1255 2921 63 19 Hotel
1334 2928 25 12 on
1378 2922 110 25 Tuesdays,
1509 2924 125 25 Thursdays,
1652 2924 41 19 and
1711 2925 118 25 Saturdays,
1848 2933 22 13 or

528 2949 55 24 daily
593 2949 16 18 if
621 2948 103 25 required.
765 2947 88 19 Persons
872 2953 24 12 en
915 2949 58 16 route
992 2947 32 18 for
1042 2946 91 20 Eotorua
1147 2954 34 12 are
1200 2947 103 20 therefore
1322 2948 86 19 enabled
1429 2952 19 15 lo
1467 2950 48 18 visit
1524 2950 35 18 the
1575 2950 92 19 wonders
1677 2951 21 19 of
1712 2951 101 25 Okoroire,
1830 2953 40 18 and

528 2975 61 25 enjoy
599 2975 36 19 the
646 2973 88 20 Natural
744 2973 44 19 Hot
797 2973 66 18 Baths
872 2973 40 18 and
920 2979 13 11 a
942 2972 57 25 day's
1009 2975 42 16 rest
1059 2973 94 24 previous
1163 2976 20 16 to
1194 2973 140 26 undertaking
1343 2981 12 11 a
1364 2974 87 25 journey
1462 2978 20 16 to
1493 2976 34 18 the
1538 2976 73 18 Lakes.

1087 3021 82 16 THIS
1194 3022 121 16 HOTEL

700 3050 45 19 Has
753 3048 90 26 recently
853 3049 50 18 been
914 3048 86 24 erected,
1009 3048 40 19 and
1063 3049 17 18 is
1090 3049 76 25 replete
1176 3050 50 19 with
1242 3057 61 17 every
1313 3051 84 18 comfort
1408 3051 31 18 for
1449 3051 91 19 Tourists
1550 3052 40 18 and
1601 3052 98 20 Invalids.

556 3076 187 20 Note.—Tourists
752 3077 21 17 to
783 3074 103 30 Botorua!
914 3074 31 19 Be
955 3081 46 12 sure
1013 3077 21 16 to
1051 3074 47 19 take
1116 3082 52 17 your
1185 3076 85 26 rai.way
1288 3076 73 19 tickets
1378 3077 33 18 for
1427 3076 114 21 Okoroihe.
1579 3078 142 26 Conveyances
1735 3083 52 16 meet
1806 3081 64 19 trains

528 3104 104 22 Okoroire,
644 3102 95 25 carrying
748 3107 122 20 passengers
879 3103 21 16 to
910 3100 64 19 Hotel
984 3100 43 19 free
1042 3100 21 19 of
1072 3100 80 25 charge.

703 3136 49 46 L.
792 3135 379 53 CALLAGHAN,

1498 3138 252 56 Manager.

1107 3286 148 40 ITMB

652 3403 61 52 E.
783 3398 476 57 ROBERTSON

785 3470 245 41 EXPRESS
1066 3469 135 39 LINE
1237 3471 70 41 OF

527 3523 230 57 Carrying
776 3522 97 46 .Her
898 3521 253 56 .Majesty's
1187 3521 135 47 .Mails

691 3592 275 21 TAURANGA-ItOTOKUA
977 3592 70 17 LINE.

682 3627 68 22 depart
796 3624 86 22 Tuesday
891 3624 37 17 and
938 3623 94 22 Saturday
1087 3624 11 15 8
1106 3629 43 11 a.m.

680 3650 61 15 arrive.
828 3662 12 3 ..
984 3658 11 7 •<
1046 3646 51 16 10.30
1106 3652 43 11 a.m.

792 3717 86 22 Monday
894 3716 38 17 and
949 3715 70 22 Friday

1044 3738 50 16 12.30
1103 3743 45 16 p.m.

1043 3760 50 17 12.45
1102 3766 45 16 p.m.

1053 3784 41 15 3.1.3
1102 3789 45 16 p.m.

1198 3624 85 18 Eotorua

1198 3648 98 16 Ateamuri

1197 3671 94 17 Wairakei

1197 3693 71 22 Taupo,

1196 3716 72 22 Taupo,

1196 3739 94 17 Wairakei

1196 3762 104 20 Ateamuri,

1195 3784 91 21 Eotorua,

1326 3401 162 53 AND
1536 3403 206 56 CO.'S

1344 3472 264 40 COACHES.

1354 3535 51 35 as
1443 3536 83 43 per
1556 3525 309 57 Time-tables,

1375 3594 218 20 ROTORUA-TAUPO
1609 3597 71 18 LINE.

1338 3625 67 22 depart
1452 3627 119 23 Wednesday
1587 3628 38 17 and
1646 3629 94 23 Saturday
1803 3630 9 17 7
1821 3636 45 11 a.m.

1339 3648 67 22 depart
1500 3663 12 7 ~
1679 3664 12 8 „
1808 3658 57 12 noon.

1340 3716 66 23 depart
1453 3718 99 22 Thursday
1566 3719 37 17 and
1619 3719 86 23 Monday
1797 3721 10 18 7
1821 3728 44 11 a.m.

1340 3739 67 22 depart
1501 3754 11 7 „
1680 3756 11 7 „
1782 3745 29 16 8.5
1820 3750 45 11 a.m.

1341 3762 67 22 depart
1502 3777 12 7 ~
1681 3778 11 7 „
1763 3768 50 16 11.30
1820 3773 44 11 a.m.

1340 3785 59 17 arrive
1502 3799 11 8 „
1681 3801 11 7 ~
1770 3791 40 15 4.30
1818 3796 46 16 p.m.

695 3842 125 33 Special
833 3841 229 31 Conveyances
1075 3839 158 32 arranged
1245 3839 49 25 for
1307 3840 33 25 at
1351 3839 55 26 the
1419 3840 146 27 Shortest
1578 3842 120 26 Notice.

851 3876 200 28 STABLES:
1070 3875 168 27 Tutanekai
1267 3876 109 30 Street,
1401 3877 141 27 Rotorua.

690 3920 113 33 Buggies,
821 3918 119 32 ©oacfyes
957 3917 50 24 ar-xd
1025 3916 96 28 Saddle
1248 3925 31 24 ©rp
1296 3916 51 32 tyre
1364 3925 31 24 erp
1413 3918 45 31 ifye
1476 3918 120 32 «§fyorte§t
1613 3919 95 32 I^otiee.

1011 3958 129 16 TER7«IS
1168 3959 215 17 MODERHTe.

875 3989 146 30 Telegrams
1032 3987 53 23 and
1094 3987 100 23 Letters
1201 3988 150 31 punctually
1364 3988 117 24 attended
1489 3992 30 21 to.

527 4062 28 26 N
569 4062 27 26 B
640 4058 115 27 Please
766 4055 75 25 note
854 4053 133 27 address

644 4100 64 63 €.
757 4092 460 70 ROBeRTSON
1263 4093 49 64 &
1347 4092 125 69 m,
1512 4101 232 48 Rotorua.

856 4172 306 46 contractors
1185 4166 78 47 for
1275 4167 181 47 .Messrs
1477 4168 45 46 T.
1545 4168 127 47 Cook
1692 4168 47 47 &
1759 4170 104 47 Son.

1901 832 435 62 GKYSER
2410 840 370 61 HOUSE

1929 946 338 58 Hydropathic
2288 952 160 55 Hotel,
2483 954 265 48 Wairakei.

2093 1030 36 19 Six
2139 1031 58 19 miles
2205 1032 53 19 from
2267 1032 57 19 Lake
2333 1033 71 26 Taupo
2415 1034 101 26 (Eotorua

2073 1093 181 27 SUPERIOR
2274 1096 334 31 ACCOMMODATION.

2097 1150 51 17 ALL
2159 1150 53 17 THE
2225 1151 134 19 COMFORTS
2371 1153 33 18 OF
2416 1154 17 17 A
2445 1154 77 19 HOME
2535 1156 50 17 FOR

2143 1185 146 21 TOURISTS
2306 1188 65 18 AND
2384 1189 154 21 INVALIDS.

1898 1255 65 25 Hot
1987 1255 189 34 Swimming
2197 1258 110 32 Baths,
2333 1260 184 28 Kiri-o-Kai
2538 1269 36 19 or
2601 1264 77 26 New
2702 1265 80 26 Skin

1973 1296 93 32 Bath,
2079 1298 65 25 Hot
2157 1298 130 27 Douche
2300 1300 111 32 Baths,
2432 1302 110 27 Grand
2564 1305 143 27 Climate.

2015 1338 171 26 Elevation
2207 1341 91 31 1,350
2317 1341 63 26 feet
2392 1343 103 26 above
2507 1351 55 20 sea
2575 1346 90 26 level.

1899 1387 196 23 COMPETENT
2110 1388 122 25 GUIDES
2247 1397 122 19 accompany
2383 1393 84 19 tourists
2483 1395 21 18 to
2521 1395 35 18 the
2577 1395 80 20 various
2678 1397 66 24 places
2763 1398 21 18 of

2028 1414 90 23 interest,
2129 1415 64 19 which
2207 1416 58 19 baffle
2275 1417 35 18 the
2321 1420 51 16 most
2382 1418 59 19 facilo
2451 1425 46 19 pen,
2508 1421 41 19 and
2566 1428 37 12 can
2622 1422 46 19 onlv
2689 1423 23 19 be
2731 1424 42 18 real-

2028 1439 43 19 ized
2082 1440 58 19 when
2150 1447 54 13 seen.

1900 1504 195 23 G6YS6R
2115 1507 197 24 VHLL6Y
2326 1510 91 18 contains
2433 1510 35 19 the
2486 1512 104 25 following
2608 1514 122 24 unequal!ed
2740 1514 30 20 Na-

1977 1531 54 17 tural
2051 1531 91 19 wonders
2163 1534 158 22 :—Tuhuatahi,
2342 1541 22 13 or
2387 1535 62 20 Great
2473 1536 133 26 Champagne
2623 1531 111 32 Cauldron;
2749 1541 35 18 the

1977 1556 62 19 Great
2049 1556 106 21 Wairakei
2164 1559 90 24 Geyser;
2267 1561 35 18 the
2312 1561 85 25 Donkey
2408 1562 92 25 Engine;
2514 1564 35 18 the
2560 1564 53 19 Bath
2624 1564 20 20 of
2654 1565 34 18 the
2698 1565 85 25 Fairies;

1976 1583 34 18 the
2031 1583 113 24 Lightning
2160 1583 63 33 Pool;
2238 1585 34 20 the
2288 1587 88 19 Cascade
2392 1587 82 25 Geyser,
2493 1596 23 12 or
2533 1590 102 24 Dragon's
2652 1583 83 33 Mouth;
2749 1593 35 18 the

1976 1608 63 20 Black
2050 1610 76 23 Geyser
2135 1608 3 34 ;
2155 1611 34 18 the
2202 1611 50 19 Mud
2264 1608 88 34 Geyser;
2368 1613 33 19 the
2420 1614 52 20 Blue
2490 1615 56 20 Lake
2554 1623 5 16 ;
2570 1616 34 18 the
2622 1616 31 19 Oil
2672 1617 51 19 Bath
2732 1608 3 34 ;
2749 1619 35 18 the

1976 1635 82 24 Eagle's
2066 1635 62 33 Nest;
2142 1637 34 18 the
2184 1637 77 19 Devil's
2269 1638 70 20 Punch
2348 1639 56 19 Bowl
2414 1635 3 33 ;
2433 1640 35 20 the
2477 1641 72 20 Prince
2557 1642 21 19 of
2588 1642 75 19 Wales'
2672 1643 98 20 Feathers
2779 1635 4 33 ;

1976 1661 35 18 the
2030 1660 85 25 Mirror;
2131 1663 35 18 the
2185 1663 57 19 Twin
2262 1664 88 25 Geyser:
2364 1665 35 19 the
2416 1666 60 20 Coral
2493 1667 89 25 Geyser;
2597 1668 34 20 the
2642 1668 64 20 Green
2722 1670 49 19 Pool
2779 1660 4 32 •

1978 1686 127 20 Terekerehe
2116 1694 22 13 or
2157 1688 49 19 lie]]
2226 1689 86 25 Geyser;
2335 1691 35 19 the
2389 1691 68 20 Steam
2477 1693 106 20 Hammer.
2612 1694 83 20 Guide's
2712 1696 33 19 fee
2764 1700 20 16 to

1977 1712 76 26 Geyser
2063 1713 78 26 Valley,
2153 1717 10 16 r,
2166 1722 9 11 s
2183 1712 4 31 ;
2203 1715 90 20 distance
2303 1717 51 18 from
2363 1717 33 19 the
2411 1718 61 25 hotel,
2487 1721 6 16 1
2505 1719 54 21 mile.

1898 1773 100 22 TH6
2018 1773 369 26 HReHTGHTGHor
2406 1776 80 20 Ladder
2503 1778 86 26 Rapids.
2626 1780 41 19 The
2684 1780 100 21 Grandest

1976 1797 78 26 Rapids
2065 1806 21 12 m
2097 1800 34 18 the
2142 1800 100 20 Southern
2253 1802 146 25 Hemisphere;
2415 1803 75 26 falling
2505 1804 20 19 in
2543 1806 31 18 six
2593 1805 81 20 distinct
2692 1808 92 19 cascades

1978 1827 93 22 amongst
2081 1826 62 18 weird
2154 1827 40 18 and
2204 1828 78 25 rugged
2301 1835 81 18 scenery
2409 1829 96 20 Distance
2524 1831 52 19 from
2596 1832 33 18 the
2646 1832 60 24 hotel,
2727 1834 57 19 three

1977 1851 63 18 miles.
2068 1851 75 19 Saddle
2154 1853 68 19 horses
2233 1857 19 15 to
2262 1854 47 19 visit
2323 1855 34 19 the
2372 1855 78 25 Rapids
2465 1857 23 18 7s
2498 1856 25 19 Cd
2533 1858 55 19 each.

1901 1910 230 24 KGRHPITI
2149 1918 22 12 or
2181 1912 35 19 the
2226 1912 77 19 Devil's
2312 1913 98 26 Trumpet
2427 1915 18 18 is
2464 1915 43 20 said
2526 1919 21 16 to
2566 1917 49 18 emit
2634 1924 10 12 a
2662 1924 92 18 pressure
2763 1919 21 19 of

1980 1937 68 18 ittOlbs
2058 1938 22 17 of
2090 1941 63 15 steum
2166 1941 20 16 to
2196 1938 35 19 the
2241 1939 52 22 inch,
2306 1940 51 18 from
2368 1947 26 12 an
2411 1944 94 22 aperture
2515 1942 21 19 of
2554 1943 63 18 about
2635 1944 70 18 tweive
2715 1945 69 19 inches

1977 1962 20 18 in
2008 1962 104 20 diameter.
2142 1964 96 19 Distance
2256 1965 20 18 fr
2290 1972 19 12 m
2330 1966 55 18 hotel
2403 1966 57 19 three
2479 1968 41 19 and
2540 1975 12 12 a
2571 1969 44 18 half
2633 1970 66 23 miles;
2714 1971 69 19 saddle

1976 1989 69 18 horses
2056 1992 19 16 to
2083 1990 48 19 visit
2141 1990 34 19 the
2185 1990 70 23 above,
2267 1992 22 17 2s
2300 1992 25 18 6d
2335 1992 55 19 each.

1899 2048 100 22 TH6
2019 2049 141 23 HUKH
2178 2051 165 26 I=3=n_l_.S,
2360 2051 34 19 <he
2413 2051 100 20 Grandest
2531 2053 56 19 Falls
2597 2054 18 18 in
2636 2054 33 18 the
2688 2055 94 20 southern

1979 2074 135 26 hemisphere.
2143 2076 42 19 The
2196 2076 55 19 Falls
2262 2084 45 18 may
2321 2078 22 18 be
2353 2077 72 19 visited
2436 2084 24 12 on
2470 2079 35 18 the
2517 2085 55 13 same
2591 2080 114 25 expedition
2716 2088 21 12 as
2748 2082 34 19 the

1978 2100 78 19 Devil's
2067 2101 104 25 Trumpet.
2201 2102 96 19 Distance
2307 2103 51 19 from
2369 2103 54 19 hotel
2434 2104 57 19 three
2502 2105 40 19 and
2552 2112 12 12 a
2580 2105 44 19 half
2633 2107 66 22 miles;
2713 2107 69 19 saddle

1975 2126 59 19 horse
2044 2133 22 12 or
2076 2127 71 25 buggy
2157 2129 23 18 2s
2190 2128 26 19 6d
2230 2128 56 19 each.

1900 2185 128 53 MRS
2053 2186 47 52 R.
2124 2187 292 60 GRAHAM,
2453 2190 327 56 Proprietress.

2097 2331 58 26 Hot
2183 2333 96 26 Lakes
2299 2334 32 25 of
2349 2334 69 25 New
2437 2334 145 26 Zealand.

1891 2492 209 50 mmm

2196 2492 535 55 ;fVi:M*iJ:iiUH

2034 2596 27 19 IS
2074 2597 22 18 A
2109 2597 192 20 FIRST-CLASS
2315 2599 205 20 TEMPERANCE
2533 2601 106 19 HOTEL.

1983 2665 237 24 HINSMOH
2237 2667 197 24 STREET,
2455 2668 237 23 RGTORUR.

1895 2728 83 31 rpiIIS
1990 2728 59 19 NEW
2062 2730 53 17 AND
2130 2730 189 17 COMFORTABLE
2332 2731 217 18 ESTABLISHMENT
2557 2732 15 17 is
2582 2732 80 17 situated
2670 2731 20 18 in
2698 2731 32 18 the
2738 2737 42 12 new

1901 2748 20 23 J.
1956 2752 94 22 township
2060 2753 19 17 of
2088 2752 89 23 Rotorua,
2188 2754 49 17 close
2246 2755 19 15 to
2274 2754 32 16 the
2316 2754 125 17 Government
2456 2754 121 19 Sanatorium
2589 2755 38 17 and
2639 2755 65 20 Baths,
2719 2754 61 18 which

2214 2777 91 21 comprise
2313 2777 32 17 the
2354 2777 104 18 celebrated

1893 2803 92 19 Priest's
1995 2803 65 22 Bath,
2071 2804 108 18 Madame
2189 2804 85 19 Rachel
2284 2805 77 22 Baths,
2373 2806 139 18 Chameleon
2521 2806 95 18 Douche
2625 2806 65 22 Bath,
2705 2806 74 23 Large

1963 2827 56 18 Blue
2029 2827 137 24 Swimming
2175 2828 66 22 Bath,
2257 2828 102 23 Sulphur
2372 2829 95 22 Vapour
2476 2829 60 19 Bath
2545 2830 46 18 and
2601 2829 108 19 Galvanic

2248 2851 98 23 Battery
2354 2852 65 22 Bath,

1893 2873 69 17 OVER
1974 2874 90 17 WHICH
2081 2874 86 17 LARGE
2184 2875 118 17 BATHING
2319 2876 139 17 PAVILIONS
2479 2876 72 17 HAVE
2572 2876 69 17 BEEN
2661 2876 117 17 ERECTED

1998 2897 44 16 witli
2052 2903 100 11 numerous
2161 2898 91 22 Dressing
2269 2898 74 20 Rooms,
2354 2900 34 16 etc.
2413 2899 77 17 Besides
2498 2900 52 16 these
2559 2899 52 18 there
2620 2900 15 16 is
2643 2900 31 16 the

1893 2919 133 18 Pain-killer
2037 2919 66 23 Bath,
2119 2920 133 24 Coffee-pot,
2269 2921 130 18 Cameron's
2412 2922 47 18 and
2474 2922 128 18 Hinemaru
2615 2922 73 18 Baths
2700 2922 24 18 in
2738 2923 40 17 the

2196 2944 149 18 Sanatorium
2362 2945 113 18 Grounds.

2334 2973 9 11 o

1893 2987 113 19 Bathgate
2025 2987 73 19 House
2114 2987 38 19 has
2168 2988 52 19 been
2239 2989 80 24 greatly
2336 2989 96 24 enlarged
2446 2990 33 18 for
2495 2990 92 18 Tourists
2604 2996 22 12 as
2644 2989 46 20 well
2706 2996 22 13 as
2747 2991 33 19 for

2127 3014 72 25 people
2213 3015 73 24 taking
2296 3022 11 11 a
2317 3021 68 13 course
2396 3015 20 19 of
2425 3016 35 18 the
2472 3015 71 19 Baths.

2147 3048 132 19 TERMS
2300 3050 229 21 MODERATE.

2067 3111 54 33 S.
2168 3111 54 34 T.
2274 3112 44 33 B
2344 3112 180 35 ReN
2549 3114 51 37 T,

2213 3156 242 18 PROPRIETOR.

1892 3180 125 19 N.B.—Most
2026 3182 20 17 of
2053 3182 54 18 those
2115 3184 44 17 who
2168 3184 44 18 visit
2220 3185 75 18 Brent's
2303 3186 24 17 do
2336 3192 20 12 so
2365 3187 84 24 through
2458 3189 33 17 the
2503 3189 49 17 kind
2564 3191 178 18 recommendations
2759 3192 20 18 of

1983 3316 228 49 ROBERT
2243 3320 255 49 FURMSS
2530 3323 46 46 &
2608 3323 82 50 Co.,

1928 3416 379 31 MANUFACTURERS
2344 3422 112 26 AND
2492 3424 251 33 IMPORTERS,

2082 3510 182 36 FORT
2298 3513 291 37 STR96T.

2025 3638 160 24 ROTORUA.

1910 3859 49 23 (One
1965 3860 88 17 minute's
2062 3860 49 18 walk
2119 3862 49 16 from
2175 3862 33 18 the
2213 3862 72 18 Govern-

2037 3885 53 15 ment
2098 3885 75 22 Baths.)

2005 3979 189 23 TeR7UTS:

1912 4020 46 23 35s
1965 4027 46 23 per
2028 4022 88 27 week;
2136 4023 29 22 6s
2179 4030 47 22 per
2233 4024 58 29 day.

1913 4058 61 23 Two
1983 4059 90 22 weeks
2082 4066 28 15 or
2120 4060 98 28 longer,
2236 4061 54 24 30s.

1921 4156 27 30 C.
1981 4156 134 32 HAWKER
2143 4158 139 38 WILSON,

2011 4206 186 21 PROPRIETOR.

2345 3643 33 19 TO
2393 3643 57 19 THE
2465 3643 106 21 PUBLIC
2585 3645 35 19 OP
2636 3645 137 20 EOTORUA.

2358 3748 5 31 j
2384 3746 55 19 BEG
2450 3749 20 16 to
2480 3747 65 18 thank
2554 3747 35 19 the
2602 3747 71 19 Public
2684 3749 20 17 of
2711 3748 49 19 Roto-

2346 3767 23 20 -i.
2399 3778 37 11 run
2455 3773 33 18 for
2502 3773 52 18 their
2561 3775 80 17 favours
2654 3774 73 24 during
2739 3774 33 19 the

2344 3800 45 21 past
2399 3797 70 18 fifteen
2479 3805 63 17 years,
2554 3799 40 18 and
2608 3803 21 14 to
2644 3800 65 24 notify
2728 3800 45 18 that

2345 3820 30 21 for
2385 3822 34 19 the
2430 3824 133 18 convenience
2573 3825 21 18 of
2603 3826 97 17 residents
2710 3826 20 18 in
2738 3826 33 18 the

2345 3848 50 18 New
2406 3848 115 26 Township,
2533 3850 40 18 uud
2583 3857 32 17 my
2628 3850 56 19 trade
2701 3858 59 18 gener-

2344 3873 46 25 ally,
2403 3874 10 18 I
2423 3874 52 19 have
2486 3875 52 18 built

2369 3928 52 19 New
2429 3929 104 20 Premises
2541 3936 22 13 in
2570 3930 45 19 Pen
2618 3936 35 13 ton
2660 3930 84 25 Street,

2343 3986 64 18 which
2418 3993 34 12 aie
2462 3993 45 13 now
2517 3994 52 18 open
2577 3988 31 19 for
2618 3987 97 25 business,
2731 3989 40 18 and

2342 4010 11 19 I
2363 4017 33 12 am
2413 4013 101 24 prepared
2535 4017 21 15 to
2568 4014 73 26 supply

2481 4050 70 19 Prime
2571 4051 62 19 Meat

2342 4088 21 18 in
2373 4088 50 19 both
2434 4089 50 19 New
2495 4090 41 18 and
2545 4090 40 19 Old
2594 4090 123 26 Townships.

2372 4165 43 24 An
2427 4166 153 30 Inspection
2594 4167 23 23 is
2630 4168 107 23 invited.

2548 4212 102 20 HENRY
2663 4213 81 19 KIRK.

2805 806 214 47 IMPERIAL
3075 814 145 49 HOTEL,

2845 863 123 23 PORT
2991 866 194 27 STREET.

2936 902 159 22 AUCKLAND.

2829 965 96 24 Splendid
2941 968 165 21 accommodation
3118 971 31 19 for
3161 973 52 18 Tour-

2803 990 37 19 ists
2848 991 40 18 and
2898 992 116 21 Travellers.

2820 1029 181 32 High-class
3020 1032 108 27 Wines
3149 1037 61 24 and

2914 1062 113 32 Spirits
3040 1066 81 32 kept.

2849 1141 39 25 W.
2923 1143 30 24 H.
2983 1144 200 34 PEARCE,

2929 1180 174 33 Proprietor.

2806 1235 46 26 W.
2866 1236 37 25 H.
2922 1237 29 26 &
2968 1238 38 26 H.
3033 1241 31 26 C.
3093 1243 136 32 Wright,

2878 1286 129 20 SURGEON
3020 1288 136 22 DENTISTS.

2850 1354 121 24 (Successors
2982 1357 19 17 to
3012 1356 24 19 A.
3048 1357 22 19 L.
3086 1358 101 27 Wright.)

2832 1387 74 24 Notify
2913 1388 44 19 that
2967 1388 47 26 they
3024 1397 33 12 are
3066 1393 119 26 continuing
3196 1395 33 18 the

2806 1413 96 19 Business
2913 1416 20 18 at
2941 1414 33 19 the
2984 1415 99 21 Premises
3092 1422 34 21 top
3134 1420 20 18 of
3161 1420 57 20 Short-

2806 1439 126 20 land-street.
2960 1442 40 18 The
3012 1442 109 25 high-class
3139 1446 54 19 work
3210 1448 19 17 of

2806 1465 34 18 the
2850 1465 40 19 late
2901 1465 32 19 Mr
2942 1465 23 19 A.
2976 1467 22 19 L.
3010 1467 82 27 Wright
3103 1471 40 18 will
3153 1471 25 20 bo
3194 1472 24 19 ad-

2806 1491 61 18 hered
2878 1493 25 21 to,
2914 1492 40 18 and
2963 1499 40 18 any
3018 1493 36 20 left
3071 1496 115 21 unfinished
3203 1498 26 24 by

2806 1516 44 20 that
2860 1518 115 23 gentleman
2986 1519 39 19 will
3036 1521 24 18 bo
3075 1524 112 23 completed
3203 1524 26 24 by

2899 1543 34 19 the
2940 1550 42 13 new
2992 1551 145 20 management.

2806 1576 114 25 Telephone

2841 1631 23 24 J.
2885 1631 31 25 H.
2938 1632 260 36 BUCHANAN,

2880 1680 94 27 Stone
2987 1682 171 29 Merchant.

2899 1727 174 20 ESTABLISHED
3090 1732 49 18 1892.

2830 1775 116 24 Statuary,
2974 1777 159 22 Monumental
3165 1782 44 18 and

2923 1800 95 18 General
3027 1801 88 21 Mason.

2806 1834 107 18 MARBLE
2922 1835 16 17 &
2942 1835 147 21 FREESTONE
3098 1839 119 19 CIITMVEY-

2829 1857 96 21 PIECES,
2943 1859 123 22 MANTELS,
3081 1862 84 21 VASES,
3176 1863 31 19 &c.

2834 1891 137 27 VICTORIA
2989 1894 116 27 STREET
3123 1897 80 29 EAST,

2808 1931 423 40 RUCKLKND,

2833 1992 87 25 Designs
2939 1994 39 18 and
2994 1994 66 19 Prices
3079 1996 113 21 forwarded
3210 2001 21 16 to

2806 2023 40 19 any
2855 2021 46 22 part
2911 2019 20 19 of
2940 2019 34 19 the
2984 2020 96 21 Province
3089 2029 22 12 or
3118 2022 77 27 Colony
3205 2031 26 12 on

2806 2043 128 26 application.

2855 2100 160 47 Steele
3038 2104 137 47 Bros.

2819 2199 186 42 MARAEROA
3050 2202 167 44 SAWMILL.

2805 2283 132 42 DESIRE
2946 2284 24 18 to
2979 2284 73 19 thank
3061 2286 40 18 the
3109 2288 77 21 public
3195 2288 34 18 for

2872 2307 53 23 past
2940 2307 75 19 favors
3030 2309 46 18 and
3090 2309 44 24 beg
3153 2311 24 18 to
3192 2317 25 13 an-

2804 2335 90 12 nounce
2903 2330 51 18 that
2963 2331 85 23 having
3055 2337 14 13 a
3083 2333 63 23 large
3161 2335 68 17 stock

2804 2352 26 18 of
2840 2353 171 19 well-seasoned
3020 2355 119 20 first-class
3147 2357 82 18 timber

2804 2380 30 14 on
2842 2376 63 18 hand
2913 2377 55 22 they
2976 2382 38 13 are
3023 2380 111 21 prepared
3141 2380 24 18 to
3172 2380 57 19 fulfil

2804 2399 78 18 orders
2892 2400 24 18 at
2925 2399 97 19 reduced
3031 2403 68 18 rates.

2806 2466 49 43 T.
2895 2466 63 43 M.
2996 2467 47 44 II

3046 2469 116 22 AERISON,
3176 2471 46 17 B.A.

2838 2529 142 19 BARRISTER
2993 2531 52 17 AND
3054 2531 139 23 SOLICITOR,

2816 2570 38 19 US,
2875 2570 97 17 Victoria
2991 2570 87 22 Arcade,
3099 2572 118 19 Auckland.

2803 2648 91 18 Barrister
2907 2648 37 18 and
2958 2649 85 18 Solicitor
3056 2650 20 17 of
3091 2651 32 18 the
3140 2651 89 24 Supreme

2895 2672 63 20 Court,
2965 2672 82 21 Ontario,
3054 2674 81 17 Canada.

2802 2902 72 17 Losses
2883 2903 52 16 Paid
3106 2904 121 23 £20,000,000

2801 2933 51 17 Fire
2865 2934 97 17 Premium
2978 2934 92 18 Exceeds
3118 2936 109 22 £1,100,000

2801 2965 220 17 AccumulatedFl-.vds
3027 2966 81 18 Exceed
3118 2967 109 21 £1,000,000

2871 3004 36 18 W.
2930 3003 92 19 WARD
3040 3005 111 24 BAKER,

2834 3043 96 19 District
2939 3043 113 24 Manager,
3062 3045 129 20 Auckland.

2886 3083 37 19 W.
2937 3083 26 18 A.
2978 3083 163 24 WILLIAMS,

2859 3123 69 17 Local
2947 3123 83 23 Agent,
3058 3124 109 20 Rotorua.

2855 3185 106 41 DAVID
2991 3185 181 49 SHERRIFF,

2885 3260 112 19 FAMILY
3014 3260 46 19 BUI
3067 3260 82 25 CHER,

2853 3309 80 19 Arah'a
2956 3310 89 22 Street,
3069 3310 106 20 Eotokua.

2839 3365 9 11 s
2866 3364 44 12 now
2929 3358 93 24 carrying
3040 3365 24 11 on
3084 3359 34 18 the
3135 3359 93 20 business

2800 3391 62 25 lately
2881 3391 110 19 conducted
3010 3392 27 24 by
3053 3392 75 20 Messrs
3146 3394 80 19 Jecklin

2813 3426 26 17 nd
2850 3425 73 23 Cotter,
2936 3426 39 18 and
2985 3426 16 17 is
3012 3427 97 23 prepared
3120 3429 19 16 to
3153 3428 73 24 supply

2800 3459 33 19 the
2843 3459 68 25 public
2922 3460 46 18 with
2980 3460 63 25 prime
3050 3460 79 25 quality
3139 3462 21 18 of
3172 3464 54 17 meat

2800 3493 38 19 and
2848 3493 58 20 small
2915 3493 62 26 goods

2871 3537 36 18 AT
2921 3536 115 20 LOWEST
3051 3538 103 19 PRICES.

2824 3617 172 23 WYNYARD
3010 3617 187 30 &PURCHAS,

2859 3668 127 19 Barristers
2993 3673 41 14 and
3044 3668 121 24 Solicitors,

2796 3721 78 19 B.N.Z.
2883 3722 117 23 Chambers,
3009 3723 68 20 Queen
3082 3724 27 22 St,
3118 3723 104 19 Auckland

2796 3816 80 24 TT7~E
2890 3816 51 19 have
2951 3824 70 17 money
3031 3821 19 15 to
3060 3817 46 19 lend
3118 3824 24 12 on
3160 3817 49 18 Mort-

2810 3838 11 11 *
2829 3838 11 10 *
2885 3849 53 18 gag«
2947 3843 21 18 of
2983 3843 97 19 Freehold
3095 3843 39 19 and
3149 3843 60 18 Lease-

2795 3867 47 19 hold
2853 3872 94 20 property
2957 3871 20 16 at
2987 3873 79 14 current
3074 3873 59 14 rates.

2811 3918 12 15 A
2840 3916 154 18 UCKLAND
3007 3915 212 18 ADVERTISING

2799 3932 39 26 j\_
2948 3939 108 19 AGENCY,

2817 3970 97 17 Victoria
2927 3970 86 19 Arcade,
3027 3970 70 18 Queex
3113 3968 82 18 Street.

2848 4030 120 21 Advertising
2974 4029 18 18 in
3001 4029 23 17 all
3038 4028 22 17 its
3069 4028 95 18 branches.

2796 4053 49 20 New,
2860 4053 75 22 Unique
2951 4052 36 17 and
3000 4051 81 17 Tasteful
3097 4051 123 24 Advertising

2962 4074 88 17 Medium.

2817 4097 68 18 Orders
2893 4099 48 16 from
2950 4097 25 17 (ill
2983 4098 50 20 purls
3041 4096 89 17 attended
3139 4098 20 16 to
3174 4097 47 18 with

2796 4126 38 12 sore
2843 4121 38 16 and
2889 4120 111 22 expedition.

2793 4167 68 42 JOE
2886 4165 137 21 PRINTING
3045 4166 21 18 of
3088 4173 61 18 every
3173 4168 35 19 dus-

2852 4193 85 24 cription
2947 4191 94 19 executed
3059 4191 45 19 with
3125 4196 94 18 neatness

2793 4218 39 18 and
2841 4218 96 24 despatch
2946 4220 19 16 at
2977 4217 32 18 the
3019 4217 118 19 Chronicle
3149 4220 70 20 Oilice.
