3300 4360
87 158 126 23 LIBRARY
221 158 60 19 AND
291 158 131 19 READING
429 157 78 19 ROOM.

195 226 90 19 Axnuae
301 227 97 19 Meetixc

110 267 43 18 The
171 266 76 19 annual
268 266 92 23 meeting
383 265 21 19 of
416 264 35 18 the
470 264 37 18 sub-

85 294 84 19 scribers
177 294 20 16 to
216 292 35 18 the
267 292 65 19 above
349 291 117 19 institution
475 296 41 11 was

83 318 48 21 held
140 318 21 20 in
181 318 35 18 the
225 318 88 24 Library
331 324 26 12 on
373 316 76 23 Friday
467 315 49 19 lGtli

85 344 92 21 October.
214 344 66 18 There
301 349 41 13 was
367 342 38 18 but
429 348 12 12 a
460 340 59 18 small

83 370 118 20 attendance
224 369 41 21 and
283 369 34 21 Mr
333 369 33 18 W.
383 368 26 17 K.
427 366 87 23 Purcell,

80 393 2 27 v
83 397 41 20 vice
134 395 108 25 president,
251 394 96 25 occupied
357 394 33 20 the
399 393 64 18 chair.

110 423 35 18 Mr
160 421 22 19 C.
200 421 94 24 Malfroy,
305 419 109 26 president,
432 419 45 18 sent
493 424 25 12 an

84 449 87 24 apology
182 447 32 19 for
224 447 31 18 his
266 447 87 19 absence
362 445 41 19 and
413 443 105 25 regretted

82 475 46 19 that
137 471 35 21 the
181 475 52 17 state
241 473 21 18 of
282 473 33 18 his
333 471 71 20 health
421 470 41 18 had
473 475 34 19 pre-

82 499 73 20 vented
164 499 42 19 him
219 499 53 19 from
280 498 75 24 taking
364 503 13 12 a
385 503 55 12 more
454 496 64 18 active

83 529 46 22 part
145 525 22 19 in
185 525 34 18 the
239 524 70 22 affairs
329 524 21 18 of
366 522 35 19 the
423 522 94 19 institute

80 551 77 25 .during
167 551 35 18 the
211 553 45 22 past
268 551 23 18 12
301 548 87 20 months.

106 578 43 17 The
171 576 104 24 Secretary
283 575 50 19 read
343 575 35 18 the
387 575 69 23 report
475 572 41 20 and

80 604 84 20 balance
179 603 57 18 sheet
245 608 22 12 as
275 601 69 19 follow
352 609 32 11 :

159 637 87 19 Annual
255 636 178 19 Balance-sheet.

105 670 34 16 Dr.
434 665 15 17 £
473 670 9 12 s
506 664 12 17 d

79 694 28 16 To
118 692 81 18 Balance
214 691 86 22 brought
315 689 83 20 forward
434 689 10 17 S
470 688 9 17 7
505 689 11 16 0

117 715 129 22 Subsciptions
255 713 85 18 received
380 712 13 25 ..
423 713 22 16 20
470 713 10 14 5
505 712 10 16 0

117 738 90 18 Proceeds
214 738 49 17 from
272 738 88 17 Concerts
380 750 14 7 ~
425 735 54 17 1111
505 735 10 16 3

119 762 88 17 Proceeds
216 762 49 16 from
273 761 51 17 Card
338 761 60 17 Room
435 760 10 16 0
472 758 42 16 11

116 785 106 17 Donations
240 782 14 20 ..
311 782 15 20 ..
381 782 2 20 .
392 782 3 20 .
436 783 10 16 5
461 782 21 16 10
506 783 11 15 0

117 808 51 18 Sales
177 808 20 17 of
206 807 62 17 Waste
280 807 61 22 Paper
381 804 14 25 ..
437 804 45 19 10
505 805 12 17 8

153 844 11 7 ~
214 830 114 17 Periodicals
380 828 14 23 ..
471 828 9 16 7
503 829 14 17 (0

153 868 11 7 ~
214 854 111 21 Couxions...
380 866 15 7 ...
470 854 11 14 4
506 853 11 15 0

153 891 11 8 „
214 877 113 23 Catalogues
381 876 16 24 ..
473 876 44 16 10

409 922 38 20 £59
472 922 8 17 7
503 922 14 17 .0

105 957 31 16 Cr.

82 981 28 21 By
119 979 123 22 Newspapers
251 977 108 23 Magazines
380 977 15 25 ..
424 977 22 16 20
470 978 10 15 4
505 978 11 15 5

113 1002 96 23 .Cleaning
215 1000 40 18 and
263 1000 132 21 attendance...
425 1000 21 16 10
470 1000 11 16 0
506 1001 11 15 0

117 1026 99 19 Kerosene,
225 1025 32 16 &e.
380 1024 3 21 .
392 1024 3 21 .
435 1024 11 16 hi
461 1024 20 15 14
508 1024 7 15 1

117 1048 87 22 Printing
213 1047 38 17 and
259 1046 124 24 advertising.
391 1046 4 24 .
435 1046 46 17 515
505 1047 12 17 8

117 1072 101 17 Insurance
239 1070 15 19 ..
435 1070 10 16 2
461 1070 55 16 113

115 1095 90 17 Concerts
214 1093 98 22 expenses.
321 1093 3 22 .
380 1106 14 4 ..
436 1093 44 16 119
505 1093 10 16 8

113 1117 49 19 Coal
171 1116 38 23 ayd
216 1117 57 23 filing
310 1131 14 3 ..
379 1129 15 4 ..
436 1116 44 16 18
505 1117 11 16 0

116 1141 102 17 Solicitor's
228 1141 29 16 fee
310 1140 2 18 .
321 1140 3 18 .
380 1140 2 18 .
391 1140 3 18 .
436 1140 80 15 110

115 1164 82 22 Stamps,
202 1164 106 21 exchanges
313 1164 14 16 &
331 1162 85 18 sundries
460 1162 20 16 15
505 1163 11 15 C

115 1187 78 23 Repairs
309 1185 14 25 ..
378 1185 15 25 ..
470 1185 9 17 7
504 1186 11 16 0

115 1211 81 18 Balance
239 1223 14 4 ..
310 1222 14 8 ...
379 1222 15 8 ...
436 1209 8 16 1
460 1209 20 16 10
505 1209 10 16 5

406 1254 38 18 £59
470 1254 9 17 7
505 1256 10 15 0

103 1288 106 19 Examined
218 1287 37 18 and
264 1287 59 18 found
332 1287 77 18 correct.

235 1311 23 20 It,
267 1311 26 20 H,
303 1310 27 17 M.
340 1310 104 20 Foktuxe,

234 1335 29 17 W.
275 1333 80 15 AT.TiTnm
365 1334 62 18 Butt,

104 1359 82 17 October
193 1358 40 20 9th,
245 1359 50 15 1890.

200 1390 89 18 Annual
308 1388 91 19 Report.

107 1425 29 18 To
143 1424 33 20 the
187 1423 130 19 Subscribers
327 1423 40 19 and
378 1422 105 19 Members
492 1423 22 17 of

80 1451 36 19 the
135 1453 89 16 Rotorua
252 1449 88 25 Library
363 1448 41 19 and
421 1448 93 25 Reading

81 1480 62 17 Room
152 1484 5 11 :
165 1487 14 2 -
187 1475 126 21 Gentlemen,
317 1474 83 19 —Your
422 1475 80 18 commit-

80 1507 32 16 tee
120 1503 51 24 begs
180 1505 20 16 to
211 1505 81 21 present
305 1501 34 19 the
346 1501 75 25 .eighth
439 1501 76 18 annual

82 1533 66 22 report
166 1528 40 19 and
217 1527 83 20 balance
315 1528 63 18 sheet.
408 1527 59 20 Since
477 1527 38 18 last

79 1555 78 21 nnnu.il
173 1554 89 24 meeting
281 1555 34 18 the
338 1553 116 19 institution
479 1553 36 21 has

82 1581 87 21 suffered
180 1588 12 11 a
201 1587 67 12 severe
279 1580 40 19 loss
329 1580 26 24 by
367 1580 35 18 the
419 1579 62 18 death
494 1580 21 18 of

83 1610 35 19 Mr
128 1608 27 19 H.
168 1607 32 19 W.
213 1606 122 24 Neighbour
343 1605 47 20 who
402 1608 22 15 at
433 1606 82 18 various

82 1636 59 18 times
155 1632 55 20 filled
220 1632 34 19 the
265 1633 67 18 oifices
350 1632 21 18 of
390 1632 113 18 committee-

80 1667 54 17 man,
147 1663 100 15 treasurer
257 1659 38 18 and
307 1660 100 22 secretary
423 1660 21 16 to
458 1660 57 22 great

80 1688 122 22 .advantage.
239 1684 82 24 Shortly
338 1684 52 19 after
409 1683 31 19 his
454 1684 61 18 death

81 1721 52 17 your
152 1711 112 20 committee
275 1711 19 18 in
309 1710 81 25 placing
400 1716 26 12 on
445 1710 70 18 record

82 1741 26 18 its
133 1737 137 26 appreciation
290 1737 21 18 of
329 1736 31 19 his
376 1736 87 21 services
482 1742 22 13 re-

80 1766 71 19 solved
161 1769 20 13 to
191 1769 51 19 open
259 1771 10 10 a
280 1762 136 25 subscription
432 1762 31 18 for
480 1762 34 18 tho

80 1797 88 19 purpose
186 1790 21 19 of
226 1788 109 25 defraying
354 1790 35 17 the
406 1790 43 16 cost
464 1788 22 19 of
503 1794 21 12 a.

80 1818 87 26 portrait
185 1819 19 15 to
215 1815 25 18 bo
247 1815 71 25 placed
328 1815 20 19 in
359 1815 34 19 the
414 1814 99 23 institute,

79 1853 24 14 ,as
113 1851 12 12 a
135 1842 57 21 mark
209 1842 21 18 of
245 1842 78 25 respect
338 1843 20 17 to
368 1841 33 18 his
418 1846 96 19 memory.

80 1872 45 18 The
134 1868 84 27 portiuit
227 1874 44 12 now
289 1868 64 24 hangs
369 1866 70 19 beside
458 1866 57 19 those

81 1898 22 19 of
127 1897 74 18 Me.-srs
216 1894 20 20 J.
250 1893 21 19 C.
287 1893 75 24 Blytlie
381 1892 42 19 and
440 1891 21 20 C.
486 1892 29 20 M.

81 1923 81 20 Wilson
173 1920 49 19 both
238 1920 121 21 foundation
374 1918 102 19 members
494 1919 21 18 of

80 1950 37 19 the
138 1947 125 21 Institution.
293 1946 43 18 The
357 1945 86 24 receipts
462 1945 52 18 from

79 1976 29 22 nil
119 1980 79 14 sources
209 1972 75 24 during
294 1972 34 18 the
340 1975 46 21 past
397 1973 21 17 12
436 1971 79 18 months

81 1999 109 23 amounted
207 2002 20 15 to
245 1999 44 18 £59
312 1998 22 21 7s
358 1997 32 19 Od.
419 1997 21 18 It
460 1996 17 20 is
496 2000 19 16 to

82 2030 24 18 be
115 2027 66 25 hoped
192 2025 43 18 that
246 2024 45 19 that
301 2024 101 18 members
421 2023 44 19 who
482 2030 33 12 are

80 2055 22 19 in
114 2058 78 15 arrears
203 2050 41 20 will
253 2057 55 12 come
319 2049 87 20 forward
417 2049 40 19 and
476 2056 39 18 pay

80 2081 56 21 ■their
145 2077 146 25 subscriptions
296 2077 20 18 in
326 2076 58 19 order
391 2079 21 16 to
419 2075 97 19 facilitate

81 2108 36 20 the
133 2105 92 23 working
241 2103 20 18 of
272 2103 34 18 the
320 2102 93 19 institute
430 2101 39 20 and
480 2109 25 11 en-

81 2133 47 19 able
139 2132 32 18 the
181 2128 114 22 committee
313 2131 20 16 to
343 2128 70 19 obtain
430 2135 12 11 a
459 2128 56 20 fresh

85 2159 73 24 supply
189 2157 21 18 of
237 2155 64 18 books
327 2154 33 19 tho
378 2153 89 19 demand
484 2154 33 19 for

82 2184 65 20 ■which
159 2185 16 17 is
182 2181 113 21 insatiable.

110 2211 81 23 During
224 2208 34 19 the
287 2209 80 20 present
402 2209 51 16 term
482 2207 35 18 the

84 2238 86 23 Library
190 2236 36 19 has
246 2234 52 19 been
314 2232 104 19 increased
442 2233 26 23 by
492 2234 23 18 35

84 2264 90 19 volume*
189 2258 111 29 purchased
310 2258 21 23 in
347 2258 114 23 Auckland,
475 2259 40 18 and

85 2291 27 25 by
130 2289 105 19 donations
258 2286 21 19 of
299 2284 62 23 books
369 2284 54 24 from
442 2286 75 18 Messrs

85 2317 67 19 Burns
171 2314 40 19 and
231 2311 73 21 Boord.
341 2311 42 19 The
403 2312 114 21 committee

82 2343 78 20 desires
170 2344 20 16 to
200 2340 56 24 place
275 2345 26 11 on
318 2336 69 20 record
397 2336 26 20 its
442 2338 76 18 thanks

85 2373 21 16 to
115 2369 35 19 the
160 2370 40 17 two
208 2367 39 18 last
258 2363 73 20 named
341 2363 124 24 gentlemen.
475 2364 42 18 The

86 2393 125 27 dilapidated
220 2390 103 21 condition
334 2390 21 18 of
375 2389 34 19 tho
429 2390 89 25 existing

86 2420 95 24 building
202 2418 83 19 renders
304 2416 16 18 it
338 2422 106 19 necessary
474 2416 44 18 that

86 2448 115 22 something
211 2443 73 20 should
300 2442 26 19 bo
344 2442 52 18 done
415 2445 20 16 to
451 2443 68 18 utilise

84 2475 36 19 the
139 2473 75 18 section
224 2471 21 18 in
263 2469 74 19 Arawa
356 2470 23 16 St
393 2469 86 24 granted
493 2469 26 24 by

87 2501 35 18 tho
138 2498 136 20 Government
293 2495 33 19 for
345 2495 35 17 the
397 2495 88 19 erection
498 2495 21 19 of

87 2534 13 12 a
109 2526 84 19 library.
221 2523 20 21 It
250 2523 17 17 is
278 2521 27 20 all
313 2521 33 19 the
355 2527 54 12 more
418 2521 101 19 desirable

87 2553 46 19 that
141 2558 54 11 some
204 2552 43 21 step
258 2547 73 19 should
341 2547 24 18 be
376 2547 61 19 tkeu
445 2547 21 19 in
479 2547 41 18 this

87 2578 96 20 direction
202 2583 21 11 as
242 2575 35 19 the
293 2573 76 25 repairs
383 2573 101 25 promised
500 2575 20 17 to

89 2606 34 19 the
142 2603 89 24 existing
249 2599 95 25 building
354 2600 52 18 have
415 2602 35 16 not
468 2599 52 19 been

87 2630 77 20 carried
174 2632 40 16 out.
255 2625 57 21 With
329 2625 41 19 this
386 2626 68 24 object
468 2632 51 18 your

89 2656 113 21 committee
221 2652 78 27 opened
319 2659 10 11 a
355 2652 95 24 building
470 2651 50 19 fund

88 2683 40 20 and
138 2682 79 23 though
230 2687 21 13 as
260 2683 34 20 yet
303 2678 16 19 it
329 2678 47 24 only
387 2681 93 16 amounts
500 2681 20 14 to

88 2717 10 12 a
110 2710 36 18 few
160 2707 78 26 pounds
253 2707 17 18 it
288 2705 17 18 is
321 2704 66 25 hoped
398 2704 44 19 that
455 2704 15 19 it
481 2703 39 20 will

87 2737 27 18 be
132 2734 58 20 much
202 2731 123 27 augmented
334 2731 77 24 during
421 2730 34 19 tho
467 2737 40 12 com-

88 2763 36 24 ing
134 2767 70 12 season
212 2759 49 19 both
272 2758 27 25 by
308 2761 91 16 concerts
409 2756 40 19 and
460 2756 50 19 dona-

88 2789 59 19 tions.

179 2821 104 18 Election
293 2819 21 18 of
324 2818 107 19 Officers.

115 2856 44 19 The
169 2855 84 19 election
263 2854 22 19 of
301 2853 77 23 officers
393 2852 32 19 for
435 2851 34 19 the
488 2857 24 12 en-

87 2884 64 23 suing
159 2888 48 12 voar
218 2887 40 12 was
274 2880 48 19 thtn
341 2877 112 27 proceeded
475 2876 48 19 with

89 2909 41 20 and
137 2906 89 22 resulted
240 2913 23 12 as
280 2903 238 23 follows.:—President,

91 2936 33 18 Mr
134 2934 21 20 C.
166 2933 98 25 Malfroy;
272 2932 49 19 Vice
329 2931 113 21 President,
453 2929 32 18 Mr
490 2929 32 18 W.

91 2962 28 19 K.
131 2959 85 23 Purcell;
225 2959 125 21 Committee,
360 2955 162 22 MessrsCorlett,

92 2988 89 20 Samson,
206 2985 97 21 Webber,
320 2983 73 22 Boord,
416 2981 106 24 McAuley,

92 3013 60 22 Kirk,
166 3011 106 23 Williams,
284 3011 64 20 Wott,
360 3009 40 18 and
411 3008 73 19 Burns.

118 3039 42 21 'lhe
171 3038 90 24 meeting
271 3037 48 18 then
333 3035 73 20 closed.

118 3088 27 18 At
156 3093 11 14 a
177 3086 114 19 committee
302 3084 90 23 meeting
403 3081 64 21 which
485 3081 30 19 fol-

92 3113 64 21 lowed
184 3112 76 19 Messrs
278 3110 92 20 William
372 3115 9 13 ß
409 3108 41 19 and
468 3108 58 18 Watt

92 3146 53 13 were
160 3138 108 20 reelected
287 3140 101 17 treasurer
407 3134 38 19 and
463 3140 53 14 secre-

93 3172 45 18 tary
145 3165 139 25 respectively.

253 3233 109 21 WINING.

200 3291 3 10 -
215 3291 4 10 .
232 3291 4 10 .
412 3292 8 9 .1
436 3299 9 2 _
480 3292 8 9 I
495 3291 20 10 il.
539 3291 1 10 I

121 3299 42 18 The
174 3297 283 24 Wnitt?Jiga.correspon»ieni
467 3297 62 14 curae

95 3324 108 21 Auckland
233 3322 47 19 Star
301 3322 36 19 ba»
363 3320 35 20 the
423 3318 106 24 following

94 3349 123 26 concerning
237 3348 34 19 the
290 3346 75 23 special
383 3345 69 19 claims
468 3344 61 18 uken

96 3385 27 17 ,i]i
141 3377 26 23 by
182 3376 33 17 Mr
241 3374 20 19 J.
277 3372 29 21 H.
325 3372 75 25 Taylor
417 3377 49 13 near
485 3370 45 18 that

96 3405 23 17 „l
120 3409 33 13 acQ
163 3404 46 16 ;_'••
224 3400 82 23 Mining
320 3399 21 20 in
356 3397 42 24 thfs
417 3397 78 18 district
513 3396 17 18 is

97 3428 114 24 bumming.
249 3426 33 19 Mr
301 3425 18 19 J.
344 3424 29 19 H.
392 3423 74 24 Taylor
494 3422 36 18 has

99 3454 77 22 severaj
187 3455 125 22 prospectors
321 3454 21 16 at
352 3449 55 19 work
415 3450 21 18 in
447 3447 70 21 Knima-

98 3487 57 15 rama
174 3479 40 19 and
231 3479 37 18 has
282 3477 62 24 lately
365 3476 62 20 taken
444 3481 27 18 up
492 3477 38 15 two

99 3514 55 13 more
165 3505 73 26 special
246 3504 75 22 claims,
333 3503 38 19 viz.
401 3502 61 18 Great
476 3500 42 18 Mar-

99 3534 38 20 low
148 3532 39 20 and
198 3531 61 19 Little
269 3529 90 23 Marlow,
372 3528 67 18 where
457 3527 75 18 miners

99 3558 64 25 found
174 3557 98 20 excellent
280 3556 81 19 surface
369 3557 79 22 quartz.
478 3553 52 19 lam

100 3584 100 21 informed
210 3583 26 24 by
247 3583 34 18 Mr
290 3581 73 24 Taylor
372 3581 46 18 that
428 3579 25 18 he
469 3579 27 18 IIo
498 3584 11 18 P
512 3584 20 11 OS

100 3614 21 18 in
128 3614 39 16 two
177 3617 23 13 or
216 3609 58 19 three
293 3607 67 21 weeks
378 3607 53 18 from
450 3611 44 12 now
512 3605 20 16 to

101 3637 42 21 find
165 3636 34 18 the
212 3635 49 19 reef.
299 3633 20 19 If
335 3632 65 19 found
424 3634 21 16 to
464 3630 26 20 be
511 3635 23 13 as

102 3663 51 19 o-ood
161 3669 22 11 as
193 3662 35 18 the
238 3660 79 20 surface
327 3661 72 23 quartz
412 3660 21 16 to
447 3656 55 19 hand
517 3655 17 18 it

99 3689 43 20 .will
154 3689 25 18 be
191 3694 49 18 ve-y
256 3685 102 20 valuable,
393 3684 12 18 I
422 3689 40 12 saw
480 3687 54 14 some

101 3722 47 17 very
158 3715 42 18 rich
213 3716 103 22 prospects
326 3712 19 17 in
358 3710 35 19 the
409 3709 52 20 dish.
489 3707 43 20 The

97 3741 63 21 •trend
181 3740 21 19 of
224 3739 35 19 the
281 3737 68 25 Kapai
372 3736 99 19 Vermont
489 3732 46 20 lode

100 3767 67 19 .which
179 3772 47 13 runs
245 3764 69 23 nearly
330 3762 60 19 north
408 3760 40 19 and
467 3759 66 19 south,

102 3793 103 23 evidently
215 3797 49 13 runs
274 3795 20 14 to
305 3790 33 18 the
354 3791 84 16 western
455 3786 43 19 side
515 3784 21 18 of

101 3820 62 19 M.ars,
172 3818 129 22 Whiiianga,
311 3815 61 22 Rata,
384 3820 24 12 on
419 3812 113 25 Syndicate.

104 3845 80 25 Special
191 3844 77 19 Chums
276 3842 33 18 No
316 3843 17 21 3,
346 3840 121 20 Kuaoiunu,
474 3837 61 19 taken

100 3878 31 19 jup
149 3871 28 23 by
196 3870 34 21 the
248 3869 20 19 J.
288 3867 28 19 H.
334 3866 74 23 Taylor
428 3863 108 25 syndicate.

103 3895 125 28 Apparently
239 3900 55 13 some
312 3893 22 19 of
352 3892 36 18 tho
404 3890 43 20 belt
463 3890 21 18 of

105 3921 121 22 auriferiou's
235 3924 85 20 country
337 3924 51 13 ruus
402 3922 66 13 across
484 3914 39 19 Kai-

104 3954 90 15 ronrnma
204 3947 40 19 and
254 3945 123 21 Mah,.kirau
393 3943 66 18 where
469 3941 20 18 J.
508 3939 29 18 H.

104 3974 91 25 Taylor's
205 3973 104 25 syndicate
327 3971 43 19 also
391 3967 91 21 extends,
499 3966 40 18 and

102 3996 97 30 .adjacent
222 4006 22 12 or
267 3997 109 28 adjoining
406 3993 34 20 Mr
466 3992 24 19 L.
513 3990 19 19 D

106 4026 107 22 Nathan's,
224 4025 66 19 which
301 4023 69 19 claims
381 4026 34 13 are
422 4018 117 24 vigorously

104 4053 43 19 and
175 4049 157 24 systematically
349 4044 120 28 prospected
487 4043 48 18 with

107 4086 47 12 over
196 4084 54 12 men.
278 4076 11 18 I
306 4080 49 18 may
373 4078 37 18 say
428 4071 35 18 the
482 4073 55 16 same

104 4106 54 19 .class
169 4105 21 17 of
208 4106 86 16 country
304 4100 39 20 and
354 4099 72 24 quartz
434 4103 18 11 is
476 4096 64 17 found

107 4138 26 11 on
144 4138 11 12 a
164 4130 53 18 loftv
226 4127 105 21 mountain
339 4126 22 17 in
377 4123 113 19 Kuaotunu
500 4121 39 17 JNo.

108 4159 18 21 3,
144 4156 64 18 which
219 4155 17 18 is
246 4150 118 23 considered
382 4149 28 24 by
421 4147 27 25 ajl
466 4150 74 14 miners

104 4187 25 18 ito
137 4183 28 21 .be
173 4181 44 19 first
227 4180 51 20 slass
287 4179 32 18 for
325 4176 136 28 prospecting.

564 978 43 19 The
626 983 45 12 sum
680 976 21 19 of
711 976 55 21 £250
778 984 39 11 was
825 976 92 20 received
943 976 28 24 by

538 1004 57 19 cable
618 1009 26 12 on
659 1003 34 18 the
715 1002 47 20 '3th
778 1004 76 18 instant
869 1009 46 18 says
935 1002 35 19 the

539 1032 46 17 Star
595 1030 27 24 by
639 1028 76 19 Messrs
724 1028 56 19 John
788 1029 18 18 I.
825 1029 89 24 Phillips
931 1028 39 19 and

539 1056 41 23 Co.,
598 1055 79 24 mining
696 1055 113 24 engineers,
826 1056 53 18 from
895 1061 38 12 one
949 1054 22 18 of

538 1082 35 19 the
590 1082 76 23 largest
685 1081 95 19 iiuaiicial
796 1080 137 26 corporations
948 1080 21 18 in

538 1107 99 24 Scotland,
665 1106 64 26 being
748 1113 12 13 a
778 1107 43 18 first
841 1106 80 26 deposit
944 1112 25 12 on

538 1134 80 25 options
647 1133 33 19 for
700 1133 34 18 the
763 1132 100 20 Standard
881 1131 88 20 licensed

538 1160 90 24 holding,
664 1164 50 14 near
739 1158 139 20 Coromandel.
921 1158 49 19 This

538 1189 95 22 property
647 1185 19 19 is
675 1185 47 19 held
734 1185 25 24 by
769 1191 12 14 a
791 1185 104 24 syndicate
904 1185 21 17 of
939 1185 31 18 six

538 1212 115 25 gentlemen
664 1211 46 19 who
720 1211 57 23 have,
790 1213 19 17 at
828 1211 139 19 considerable

538 1244 93 19 expense,
642 1244 22 12 so
674 1237 31 23 far
714 1237 78 25 opened
803 1244 27 18 up
849 1237 40 23 five
910 1237 57 24 large

538 1265 59 22 reefs,
609 1270 69 17 assays
685 1263 53 19 from
754 1263 27 19 all
798 1263 20 19 of
835 1264 65 18 which
918 1264 51 17 have

537 1290 79 25 yielded
628 1292 52 16 mo-t
691 1290 137 24 encouraging
835 1289 80 19 results.
927 1289 43 19 The

538 1317 69 24 option
616 1316 17 18 is
643 1316 61 25 given
723 1316 32 18 for
765 1316 30 18 six
806 1316 82 18 months
897 1319 20 15 to
936 1315 35 19 the

538 1342 71 19 Scotch
632 1341 134 26 corporation,
787 1341 34 19 the
835 1341 87 19 vendors
938 1348 22 12 re-

537 1368 79 25 ceiving
635 1374 12 13 a
667 1367 123 20 substantial
808 1367 48 19 cash
874 1371 96 21 payment

538 1395 39 18 and
596 1400 12 13 a
627 1395 119 25 percentage
763 1394 21 19 of
802 1394 35 18 the
856 1394 70 19 t-hares
949 1394 21 18 in

538 1427 10 13 a
559 1427 98 17 company
672 1423 20 15 to
702 1420 25 19 bo
738 1420 83 22 formed,
841 1420 76 24 having
936 1422 35 16 not

538 1446 38 19 less
595 1447 49 18 than
673 1446 90 19 £20.000
780 1445 92 25 working
889 1446 80 24 capital.

538 1474 61 17 Great
604 1472 64 19 credit
679 1472 17 18 is
705 1472 39 19 due
755 1475 19 16 to
785 1472 33 19 the
834 1471 137 26 enterprising

537 1499 44 18 firm
600 1498 21 19 of
639 1498 20 19 J.
679 1498 17 19 I.
713 1498 79 24 Philips
802 1498 40 19 and
863 1498 41 21 Co.,
926 1498 44 19 who

538 1525 88 24 through
637 1524 32 19 Mr
677 1524 23 19 E.
712 1524 27 19 11.
758 1519 77 30 ijardy,
858 1524 52 19 their
929 1524 31 18 dis-

537 1551 46 18 trict
593 1557 98 18 manager
700 1555 21 14 at
738 1550 137 23 Coromandel,
893 1550 45 19 who
953 1550 18 19 is

538 1577 41 18 ulso
599 1577 34 18 the
651 1576 51 19 local
717 1576 158 25 representative
900 1576 21 19 of
936 1576 35 19 the

537 1602 87 19 Scottish
642 1602 132 25 Corporation
791 1602 51 19 have
879 1602 68 25 placed

537 1629 40 19 this
587 1632 95 22 property
692 1629 21 19 in
724 1629 100 24 probably
843 1635 38 11 one
899 1628 21 19 of
936 1628 34 18 the

537 1654 86 20 shortest
646 1655 59 20 times
723 1661 26 13 on
769 1654 76 23 record,
865 1655 44 21 viz-,
932 1658 38 14 two

538 1681 64 19 weeks
613 1682 52 18 from
676 1681 35 19 the
718 1680 44 20 first
768 1680 168 20 communication
943 1680 27 26 by

536 1707 64 19 cable.
628 1708 18 18 A
656 1707 103 24 thorough
770 1714 72 15 survey
853 1707 21 19 of
884 1707 33 19 the
926 1713 33 20 pre-

538 1735 43 17 sent
597 1733 109 24 workings,
723 1733 58 25 plans
799 1733 40 19 and
859 1738 78 20 reports
954 1733 17 18 is

536 1766 44 12 now
592 1759 62 24 being
663 1759 66 23 made,
741 1763 20 15 to
771 1759 87 19 forward
874 1759 58 19 home
944 1759 27 24 by

536 1788 49 19 next
607 1785 54 20 mail.
704 1785 39 19 Wo
773 1785 123 19 understand
927 1786 44 18 that

538 1812 73 18 Messrs
623 1812 19 18 J.
655 1811 17 20 I.
684 1811 79 25 Philips
771 1811 37 19 ;ind
816 1811 42 23 Co.,
867 1812 43 18 who
919 1812 52 18 have

537 1837 19 20 in
568 1838 52 18 their
632 1837 49 19 staff
691 1841 38 15 two
740 1837 78 26 miuing
825 1837 108 26 engineers
950 1838 21 18 of

538 1864 50 20 wide
599 1865 118 21 experience
727 1864 21 18 in
758 1864 116 22 Transvaal,
893 1863 79 20 Aineri*

536 1897 29 15 ca,
577 1890 39 19 and
626 1890 115 22 Ta-mania,
759 1897 34 11 are
809 1890 110 25 preparing
938 1890 34 18 the

538 1923 104 17 necessary
656 1917 59 25 plans
732 1916 32 19 for
781 1915 87 21 erection
887 1916 20 19 of
927 1916 33 18 bat-

538 1942 65 22 teries,
625 1943 41 23 (Sfcc.,
691 1942 21 19 in
731 1943 118 18 connection
868 1942 49 19 with
938 1941 34 20 the

538 1968 100 20 Standard
649 1968 41 19 and
700 1968 58 19 other
769 1968 117 26 properties.

564 1994 24 19 In
599 1995 102 18 reference
718 1997 20 16 to
756 1995 33 18 the
806 1995 85 18 lectures
909 1994 63 25 lately

538 2021 101 19 delivered
649 2028 26 12 on
689 2022 11 10 '■
709 2022 42 17 Our
761 2020 111 20 Goldfielks
902 2021 27 23 by
937 2020 34 19 the

538 2047 49 19 Rev.
613 2046 112 26 Campbell,
747 2047 25 18 ho
792 2047 62 18 thiew
874 2053 25 14 on
922 2049 19 15 to
961 2053 12 12 a

538 2072 3 26 i
550 2079 56 13 creen
619 2080 11 12 a
641 2074 50 18 view
709 2073 21 19 of
750 2073 108 22 Australia,
881 2072 92 26 showing

538 2099 35 18 tho
583 2100 112 22 goldfields,
714 2099 40 18 and
772 2099 23 18 he
811 2098 103 25 regretted
928 2098 45 19 that

538 2125 26 18 lie
581 2125 39 20 had
639 2133 26 12 no
684 2126 61 18 slides
764 2125 92 24 showing
873 2131 37 12 our
928 2131 44 12 own

538 2150 63 21 fields-
615 2152 73 18 Before
695 2152 81 24 leaving
785 2151 106 22 Auckland
900 2151 25 18 he
933 2157 40 12 was

539 2177 106 25 presented
671 2177 27 25 by
710 2178 75 18 Messrs
794 2177 55 19 John
862 2176 17 20 I.
893 2176 80 25 Philips

539 2204 39 18 mid
588 2203 42 23 Co.,
643 2204 81 23 Mining
737 2202 114 27 Engineers
867 2202 39 19 and
924 2206 37 15 Sur-

538 2236 77 13 veyors,
628 2229 49 20 with
686 2236 10 12 n
707 2230 56 24 large
774 2229 60 25 plate,
847 2229 20 19 in
876 2229 34 18 the
922 2229 51 18 form

538 2256 22 18 of
569 2262 12 13 a
592 2256 78 18 I.mtern
681 2255 50 19 slide
741 2256 21 18 of
774 2256 34 18 the
823 2255 58 23 large
889 2255 48 25 plan
953 2255 20 18 of

539 2283 34 18 the
588 2281 93 21 Elauraki
692 2281 110 21 Peninsula,
815 2276 95 30 goldfield
928 2287 34 12 exe-

539 2309 58 18 cuted
618 2309 27 23 by
664 2309 45 17 that
725 2308 45 21 firm
786 2312 20 14 to
825 2307 34 19 tho
876 2307 59 19 orler
954 2307 19 19 of

541 2334 73 20 Messrs
640 2334 87 23 Bewick,
748 2333 93 25 Moreing
867 2333 40 18 and
932 2332 41 26 Co,

540 2361 81 24 Mining
639 2359 120 26 Engineers,
780 2361 19 17 of
815 2359 91 19 London.
942 2358 31 20 Mr

540 2387 106 24 Campbell
658 2394 40 11 was
708 2393 49 17 very
768 2385 86 25 pleased,
867 2385 39 18 and
917 2391 22 12 as
950 2390 23 13 lie

540 2413 81 19 intends
644 2413 72 24 giving
736 2415 84 17 lectures
840 2412 20 19 in
882 2411 91 18 America

541 2440 40 18 and
592 2441 57 17 other
660 2443 55 21 parts
726 2439 21 18 of
755 2438 33 21 the
799 2437 68 22 world,
880 2437 41 20 this
931 2443 42 12 new

541 2465 49 19 flide
602 2465 40 19 will
652 2465 25 18 be
687 2472 12 12 a
707 2467 57 23 great
773 2464 126 24 acquisition,
909 2463 52 18 show-

541 2493 42 23 ing,
595 2498 22 12 as
627 2492 16 18 it
654 2492 53 22 does,
720 2498 59 17 every
789 2490 59 22 claim
858 2490 52 20 from
921 2489 52 25 Cape

541 2517 85 20 Colvillo
637 2520 20 17 to
667 2517 29 19 Te
706 2517 76 19 Aroha.

565 2575 16 17 A
591 2575 89 17 selection
697 2575 19 17 of
732 2573 92 21 minattfre
839 2573 56 16 views
910 2572 20 17 of
944 2572 33 17 tho

542 2599 74 18 various
624 2598 63 22 places
696 2598 20 17 of
724 2597 78 17 interest
815 2596 20 17 in
851 2595 38 17 and
905 2594 73 17 around

542 2622 90 19 Rotorua,
832 2619 39 20 &c„
884 2618 35 17 has
931 2618 47 18 been

543 2644 82 19 received
635 2646 20 16 at
663 2644 33 18 the
705 2644 116 18 Chronicle
831 2642 63 18 Office.
920 2641 59 17 These

542 2669 50 16 little
602 2669 23 17 oil
637 2667 97 23 paintings
744 2672 30 12 are
783 2666 25 22 by
817 2666 31 17 Jlr
856 2665 19 17 J.
884 2665 22 19 P,
917 2664 49 20 Back-

543 2691 57 18 house
614 2692 20 17 of
648 2691 83 17 Newton
743 2689 58 18 Road.
818 2688 105 19 Auckland,
941 2687 39 17 and

543 2721 31 11 are
583 2715 43 17 well
641 2714 75 22 worthy
731 2714 32 17 the
779 2712 94 18 attention
889 2711 21 17 of
926 2710 54 18 those

543 2738 84 17 desirous
636 2738 20 17 of
672 2737 107 22 possessing
793 2742 21 11 or
829 2735 20 17 of
863 2733 80 24 sending
960 2734 20 17 to

543 2761 50 18 their
599 2761 70 17 friends
676 2766 24 12 an
707 2759 112 21 interesting
825 2758 36 17 and
869 2757 111 21 artistically

544 2784 90 20 executed
644 2784 87 17 souvenir
741 2783 20 17 of
769 2782 32 17 the
807 2781 79 20 district.

568 2817 39 16 The
617 2816 76 21 Sydney
702 2814 84 18 Bulletin
794 2813 38 18 and
841 2813 32 17 the
882 2811 99 18 Auckland
989 2811 2 30 j

546 2839 93 18 Observer
647 2834 67 23 can'be
719 2837 89 18 obtained
816 2837 21 16 at
844 2836 33 19 the
890 2836 91 16 Ciikoni-
988 2831 4 29 ]

546 2867 35 13 CLE
590 2863 57 17 News
656 2862 96 22 Agency.*

569 2891 75 18 Stead's
653 2890 123 24 Masterpiece
785 2888 87 22 Library,
888 2887 93 18 Numbers

548 2916 16 19 1,
574 2916 10 15 2
594 2915 38 17 and
641 2916 10 15 3
660 2916 20 15 to
694 2913 56 20 hand,
768 2912 118 22 Threepence
903 2911 45 16 each
962 2911 19 17 at

547 2939 118 17 Ciikonicle

1083 981 83 29 THE
1188 980 122 30 MAILS.

1023 1049 148 19 ROTORUA
1183 1048 74 19 POST
1277 1048 118 22 OFFICE,

1062 1098 68 19 Mails
1139 1098 62 18 close
1211 1103 26 13 as
1246 1097 75 19 under
1329 1103 29 13 :

1162 1127 98 19 MONDAY,

992 1160 46 18 For
1046 1159 122 22 Tauranga
1177 1159 25 17 at
1211 1158 54 22 (3.30
1273 1163 53 13 a.m.

1015 1197 11 8 „
1051 1181 126 19 Auckland
1199 1181 47 18 and
1262 1181 165 19 intermediate

1049 1206 84 21 offices,
1145 1204 53 19 7.30
1208 1209 52 14 a.m.

1159 1237 101 17 Tuesday.

991 1269 46 18 For
1053 1267 125 20 Auckland
1195 1267 47 22 and
1262 1267 165 20 intermediate

1054 1291 84 22 offices,
1147 1289 54 20 7.30
1209 1296 52 13 a.m.

1015 1330 11 8 ~
1053 1312 169 21 Rotomaßoad
1227 1313 78 23 Camp,
1313 1313 55 19 9.30
1374 1319 51 16 a.m.

1015 1353 12 7 „
1053 1338 97 18 Galatea
1158 1337 46 18 and
1219 1336 136 24 Waiotapu,
1374 1337 54 19 7.30

1055 1366 53 19 p.m.

1015 1399 12 8 „
1053 1385 85 22 Taupo,
1156 1383 123 22 Atiamuri,
1299 1383 127 23 Wairakei,

1054 1407 46 19 and
1109 1406 92 24 Napier,
1212 1406 54 21 7.30
1277 1411 56 21 p.m.

1138 1439 138 17 Wednesday.

991 1472 46 18 For
1047 1470 126 19 Auckland
1194 1470 45 19 and
1263 1470 164 20 intermediate

1055 1494 84 22 offices,
1150 1491 54 21 7.30
1212 1499 52 13 a.m.

1149 1523 118 17 TIIUKSDAY.

992 1556 45 18 For
1054 1554 126 19 Auckland
1195 1554 47 18 and
1264 1554 165 18 intermediate

1055 1575 83 24 offices,
1150 1577 54 18 7.30
1213 1582 51 13 a.m.

1015 1617 12 8 „
1053 1602 96 20 Matata,
1166 1601 155 22 Pongakawa,
1340 1600 87 22 Ohiwa,

1054 1625 156 21 Whakatane,
1220 1623 101 23 Opotiki,
1329 1623 99 21 Maketvj

1054 1648 46 19 and
1110 1648 30 18 Te
1149 1648 71 21 Puke,
1230 1646 55 23 7.30
1292 1652 57 22 p.m.

1167 1679 87 17 Friday.

992 1712 45 18 For
1047 1712 127 21 Tauranga,
1185 1710 54 19 6.30
1248 1715 52 14 a.m.

1015 1750 12 7 „
1053 1734 124 19 Auckland
1199 1733 45 19 and
1265 1733 164 21 intermediate

1055 1758 83 21 offices,
1149 1756 54 20 7.30
1211 1762 51 13 a.m.

1016 1796 12 8 ~
1053 1781 85 23 Taupo,
1159 1780 122 22 Atiamuri,
1301 1780 48 18 and
1366 1780 48 21 Waj-

1055 1804 70 22 rakei,
1136 1803 54 19 7.30
1199 1809 53 18 p.m.

1152 1836 115 17 Saturday.

994 1869 45 20 For
1053 1868 96 21 Matata,
1166 1867 155 25 Pongakawa,
1341 1867 86 22 Ohiwa,

1056 1891 155 21 Whakatane,
1219 1889 102 24 Opotiki,
1330 1890 99 21 Maketu

1056 1915 46 18 and
1112 1914 30 19 Te
1151 1914 71 22 Puke,
1233 1913 54 20 7.30
1295 1919 54 17 p.m.

993 1959 53 18 THE
1059 1958 116 18 ENGLISH
1187 1957 67 20 MAIL
1269 1962 36 12 via
1324 1957 103 20 'FRISCO,

1018 2013 79 18 Closes
1108 2012 108 24 Rotorua,
1231 2011 91 23 Friday,
1330 2010 51 22 Oct,
1391 2010 36 22 30,

994 2037 24 18 at
1028 2035 54 20 7.30
1091 2040 59 14 a.m.,
1162 2034 45 19 due
1222 2034 23 18 in
1261 2031 98 24 London
1375 2033 52 22 Dec,

994 2058 54 21 2nd.

1025 2111 63 17 POST
1101 2110 93 18 OFFICE
1209 2109 188 20 REGULATIONS,

1018 2160 47 18 The
1075 2159 71 19 Office
1155 2158 20 18 is
1184 2163 58 18 open
1253 2158 35 18 for
1297 2158 41 21 the
1349 2157 48 19 sale
1406 2157 26 19 of

994 2184 97 22 stamps,
1103 2182 102 22 delivery
1219 2182 46 18 and
1279 2181 151 25 registration

995 2206 27 19 of
1027 2206 88 21 letters,
1126 2204 87 23 receipt
1229 2204 25 18 of
1265 2204 97 23 parcels,
1381 2204 47 22 &c,

995 2230 60 18 from
1065 2229 14 18 9
1089 2234 51 14 a.m.
1151 2229 25 17 to
1185 2229 15 17 5
1211 2233 52 18 p.m.

1020 2253 45 18 For
1082 2256 86 18 money
1185 2251 66 18 order
1268 2251 47 18 and
1334 2250 96 24 savings

995 2276 64 19 bank
1072 2275 113 21 business,
1202 2275 14 18 9
1232 2280 50 13 a.m.
1302 2276 24 16 to
1344 2275 14 18 4
1375 2279 54 18 p.m.

996 2299 136 22 Saturdays,
1143 2298 15 18 9
1167 2303 51 13 a.m.
1229 2299 24 17 to
1262 2298 15 18 5
1287 2303 53 18 p.m.

1020 2323 45 18 For
1074 2321 121 24 telegraph
1211 2321 114 20 business,
1341 2321 60 21 from
1416 2321 15 17 9

995 2352 53 15 a.m.
1058 2347 25 17 to
1093 2345 14 18 5
1118 2350 53 18 p.m.

1020 2370 99 20 Letters,
1130 2368 74 18 books
1222 2368 45 17 and
1280 2372 150 18 newspapers

996 2392 75 19 canbe
1077 2391 127 24 registered
1211 2392 25 17 to
1243 2396 47 17 any
1300 2392 53 22 part
1359 2391 26 17 of
1391 2390 40 19 the

995 2415 74 19 world
1079 2420 30 14 on
1117 2416 113 21 payment
1239 2418 23 14 ot
1279 2420 14 12 a
1307 2414 36 18 fee
1361 2413 26 19 of
1401 2413 31 19 3d

996 2439 24 18 in
1027 2438 104 19 addition
1139 2439 68 17 totae
1213 2437 217 23 ordinarypostage.

1021 2462 46 19 The
1077 2461 70 18 Office
1157 2461 46 18 will
1210 2466 94 18 re-open
1312 2466 31 13 on
1352 2461 67 18 Satur-

997 2486 58 21 days
1064 2485 55 23 only
1129 2484 35 18 for
1178 2484 28 18 15
1220 2484 103 20 minutes
1340 2484 36 18 for
1392 2484 40 18 the

997 2507 103 24 delivery
1114 2508 26 18 of
1154 2507 81 19 letters
1248 2508 61 18 after
1323 2507 41 19 the
1378 2507 54 19 mail

997 2531 103 23 arriving
1108 2532 26 17 at
1143 2530 54 19 7.40
1204 2537 53 17 p.m..
1268 2531 20 18 is
1298 2531 85 18 sorted.

1146 2554 25 19 R.
1186 2554 25 19 D.
1230 2554 131 22 DANSEY,

1255 2578 153 18 Postmaster.

1262 94 59 20 THE
1348 95 59 21 HOT
1434 97 91 19 LAKES
1554 97 171 25 CHRONICLE,
1753 100 189 24 WEDNESDAY,
1972 100 125 23 OCTOBER
2125 107 31 19 28,
2173 107 48 18 1896

673 661 28 15 No
722 661 65 15 better
806 662 59 19 proof
881 662 20 16 is
919 662 79 16 needed
1017 664 23 14 to
1059 662 98 16 convine*
1171 661 37 17 the
1225 660 70 16 Public

672 706 22 16 of
714 706 36 16 the
773 708 100 15 excellent
894 709 97 18 qualities
1014 708 39 18 and
1075 708 77 17 «Wue.»
1173 706 22 15 of
1215 706 80 15 Wolfe's

672 753 110 19 Schnapps
801 754 48 16 than
870 754 35 16 the
924 755 42 17 fact
984 754 45 16 that
1049 755 14 14 it
1081 753 40 15 has
1141 752 50 15 been

816 819 37 37 50
878 809 88 46 years
991 808 98 47 Before
1114 807 47 37 the
1187 806 105 46 public.

618 897 733 44 ymM^mmm*^*^

1021 2641 52 45 G.
1113 2640 298 47 BURTON'S

1004 2707 219 23 PIONEER
1266 2707 167 23 STORE,

1080 2745 101 24 Opposite
1198 2745 71 18 Palace
1286 2744 69 21 Hotel.

1002 2796 137 24 GROCERY,

1044 2827 137 21 OILMEN'S
1197 2827 109 23 STOKES,

1084 2857 68 23 IRON
1158 2857 117 19 MONGER
1279 2857 23 23 y,

1136 2888 73 21 CROC
1214 2887 78 21 KERY
1295 2887 92 24 WARE,

1189 2923 142 24 DRAPERY,
1348 2924 43 22 &c,
1402 2923 31 19 &c

1050 2953 75 21 NEW
1136 2954 143 18 SEASON'S
1289 2953 100 19 GOODS

1148 2977 46 19 Just
1205 2982 19 14 to
1235 2981 60 15 liuiiu.

1033 3016 14 14 A
1066 3012 147 18 vwll-nssorterl
1230 3011 56 20 Rtuck
1305 3012 20 18 in
1342 3012 27 18 all
1386 3011 50 19 lines

1005 3039 20 18 of
1036 3038 34 19 the
1079 3038 61 19 above
1151 3042 18 15 lit
1181 3038 70 19 lowest
1263 3045 71 16 prices.

1007 3070 47 18 New
1066 3068 86 20 Zealnnd
1162 3068 63 26 Dairy
1234 3067 147 21 Aspociation'a
1390 3068 35 19 Fac-

1041 3097 45 18 tory
1099 3094 47 20 Butt
1151 3101 20 13 or
1184 3095 23 19 fr<
1215 3095 20 18 sh
1246 3095 59 19 twice
1317 3094 81 25 weekly.

1082 3130 48 18 New
1141 3130 49 18 Laid
1204 3130 57 21 Eiics,
1273 3130 42 21 Ac,
1328 3130 34 18 &c.

556 3001 31 11 IX
610 3001 52 11 i'-'U
687 3001 57 10 AiIJJ

550 3012 22 24 1
602 3019 102 18 whatever
720 3016 49 19 send
785 3022 12 12 a
813 3013 92 25 stamped
923 3019 48 12 enve-

548 3045 45 25 lope
603 3048 21 16 to
634 3050 37 13 our
682 3043 88 26 Agency,
782 3040 138 25 Wellington;
931 3041 52 16 state

548 3072 35 18 the
593 3077 45 13 case
648 3076 22 13 as
687 3067 98 26 minutely
793 3073 23 13 as
834 3065 89 27 possible
943 3064 40 19 and

548 3104 40 17 you
605 3096 77 20 receive
701 3095 69 18 advice
789 3093 27 24 by
840 3094 70 16 return
931 3095 51 20 post.

550 3123 41 19 Our
601 3126 73 21 agents
689 3127 34 13 are
734 3120 28 19 all
771 3118 102 27 qualified.
907 3117 21 18 If
943 3123 40 18 you

549 3149 79 19 enclose
638 3151 23 16 2s
678 3147 25 19 Gd
722 3153 28 12 we
766 3145 41 19 will
824 3143 49 19 send
888 3149 41 18 you
948 3149 36 12 our

550 3175 45 19 best
604 3174 83 24 remedy
696 3173 33 18 for
738 3172 34 19 the
787 3176 46 14 case
851 3169 78 24 lasting
944 3175 40 18 you

550 3205 40 14 two
612 3200 74 19 weeks.
724 3199 44 18 You
787 3203 48 12 save
853 3201 74 18 money
945 3194 39 19 and

551 3226 84 20 doctors'
647 3226 54 18 bills.
728 3224 48 19 You
784 3223 78 18 receive
879 3220 70 19 advice
959 3227 25 11 or.

551 3253 28 20 all
589 3253 73 25 points,
675 3251 41 18 and
725 3250 34 19 the
769 3252 69 22 purest
849 3247 22 19 of
887 3246 99 19 remedies

552 3284 50 18 sent,
612 3281 21 16 at
640 3283 26 14 no
673 3280 58 15 extra
739 3278 40 17 cost
789 3274 50 19 than
846 3273 17 19 if
871 3272 115 25 personally

552 3305 85 24 bought,
648 3306 25 21 by
682 3303 62 24 doing
751 3299 148 26 yourbusiness
906 3299 49 17 witli
963 3304 24 12 us

553 3331 26 24 by
589 3333 52 22 post.
670 3328 85 20 Consult
769 3329 19 17 at
798 3332 54 13 once.
886 3324 101 18 Ailments

553 3356 64 20 which
629 3362 40 17 are,
681 3358 20 16 at
709 3355 35 17 the
754 3354 48 18 time
819 3350 89 25 thought
924 3353 20 15 to
963 3349 25 19 bo
997 3347 1 33 |

552 3383 59 25 light,
623 3388 34 13 are
666 3382 57 18 often
733 3380 34 18 the
777 3377 114 25 beginning
901 3376 21 18 of
938 3375 41 19 seri-

553 3415 36 13 ous
598 3412 155 20 consequences,
765 3404 65 19 which
849 3403 17 18 if
885 3401 63 20 taken
967 3401 21 19 in
997 3399 1 33 I

553 3435 48 19 time
612 3441 33 12 are
655 3431 88 21 checked
754 3431 39 18 and
803 3429 68 19 cured.

553 3467 170 22 GKEATFORD
739 3462 159 22 BOTANICAL
918 3461 68 24 COY.,

659 3501 148 20 Wellington,
820 3497 40 19 and
870 3499 21 15 at

577 3530 82 22 Sydney,
670 3527 116 17 Melbourne,
797 3524 50 21 Cape
854 3523 64 19 Tovn,
929 3521 38 20 and

677 3549 85 19 Lincoln,
774 3546 96 22 England.

555 3598 196 30 DIARIES!

668 3634 211 34 DIARIES!!

766 3677 178 30 DIARIES
954 3676 38 27 !!!

557 3775 102 20 ORDERS
666 3774 51 17 ARE
725 3772 59 18 NOW
793 3768 82 19 BEING
887 3767 106 19 BOOKED

764 3804 25 13 AT

825 3828 99 20 OFFICE,

582 3866 161 19 jj-.B.—Country
751 3861 91 18 residents
851 3860 61 22 please
919 3859 51 17 note.

562 3966 205 30 ACCOUNTANT
779 3965 60 26 AND
855 3962 139 27 GENERAL

722 4000 109 27 AGENT.

584 4060 130 20 Tradesmen's
724 4058 61 18 Books
798 4057 53 22 kept,
866 4054 94 19 balanced
976 4059 22 12 or

562 4084 83 22 audited.

586 4112 95 18 Accounts
696 4109 55 18 made
767 4109 33 18 out
816 4107 39 18 and
870 4104 90 23 collected
972 4110 25 14 on

562 4136 125 18 commission.

574 4168 115 20 Temporary
696 4160 84 28 address:
794 4162 118 18 GuROXICXE
921 4160 63 17 Office.

1448 159 48 48 R.
1538 160 337 50 SPR.ECK.LEY.

1546 215 52 17 Next
1606 216 33 16 the
1654 216 45 17 Post
1711 217 65 19 Office,

1446 246 236 22 SHORTT.AND-ST,
1696 247 180 19 AUCKLAND.

1491 277 80 22 Agent
1577 277 35 17 for
1618 277 94 19 Gordon
1718 278 21 19 &
1748 278 82 19 GotcL.

1526 322 57 20 LIST
1592 322 33 19 OF
1633 324 60 19 NEW
1705 324 90 17 BOOKS.

1768 360 55 20 Paper
1828 360 49 16 Cioth

1445 381 71 15 Cameos
1544 393 17 4 ...
1608 394 18 3 ...
1671 381 56 18 Marie
1736 381 62 16 Corelli
1811 383 26 14 26
1850 383 27 14 36

1445 402 37 15 The
1498 401 70 20 Mighty
1584 402 51 15 Atom
1731 414 13 7 ~
1811 404 10 14 2
1830 404 8 14 G
1851 404 9 14 3
1869 404 9 14 6

1445 423 36 15 The
1489 422 75 16 Sorrows
1574 423 17 15 of
1599 423 11 16 S
1616 426 37 13 itau
1732 435 13 7 ~
1811 424 9 15 2
1830 425 9 14 6
1851 425 9 14 3
1869 425 9 14 6

1445 444 87 15 Barabbaa
1733 457 12 6 ~
1811 445 10 15 2
1830 445 9 15 6
1851 446 10 14 3
1870 446 9 14 6

1445 465 66 15 Behind
1520 464 29 15 the
1557 464 59 20 Magic
1625 465 63 16 Mirror
1739 465 61 15 Birrell
1812 468 9 12 2
1830 467 8 13 6
1851 467 9 13 3
1869 467 9 14 6

1445 485 275 19 TheEleventhCommandment,
1725 486 79 16 Sutchffe
1812 488 7 13 2
1828 487 10 14 6
1852 487 9 15 3
1869 488 9 14 6

1447 508 14 13 A
1466 507 64 15 Victim
1535 506 18 15 of
1559 506 48 15 Good
1612 507 55 17 LuJc,
1677 507 26 15 W.
1711 507 21 17 E.
1739 507 60 16 Norria
1811 508 8 14 2
1829 508 9 15 6

1445 527 37 16 The
1489 527 55 17 Wood
1550 527 71 20 Beyond
1627 528 29 15 the
1661 527 66 20 World,
1738 528 62 18 Morris
1811 529 10 15 2
1829 530 9 13 6

1445 550 70 17 Among
1523 548 28 16 the
1559 548 64 16 Freaks
1674 548 28 20 W,
1712 549 21 16 L.
1743 549 55 16 Alden
1812 550 9 14 2
1830 551 8 14 6
1851 550 9 15 3
1867 551 12 14 .6

1446 569 35 16 Out
1489 570 18 15 of
1512 569 39 15 Due
1557 569 62 16 Season
1635 570 73 15 Adeline
1715 571 83 16 Serjeant
1811 572 10 14 2
1830 571 9 15 6

1445 590 98 16 Transition
1671 591 22 16 G.
1703 591 21 16 F.
1734 591 66 16 Brooke
1811 592 10 15 2
1830 592 9 15 6

1445 611 37 16 The
1485 611 54 16 Years
1546 611 37 15 that
1589 611 28 16 the
1625 611 63 17 Locust
1696 613 43 15 hath
1750 613 52 14 Katun

1590 634 57 14 Annie
1656 633 21 15 E.
1686 633 113 15 Holdsworth
1811 634 10 15 2
1830 634 8 14 6
1852 634 9 15 3
1869 635 10 14 6

1447 653 52 16 loban
1507 653 53 17 Israel
1573 654 20 20 ,(a
1602 654 54 15 S-iuth
1667 654 69 15 African
1747 654 57 20 Story)

1657 675 67 20 George
1732 675 68 16 Covins
1852 677 9 13 3
1870 677 9 14 6

1447 695 28 15 Mr
1484 694 58 19 Bailey
1551 695 66 16 Martin
1637 708 18 4 ...
1679 695 53 17 Peter
1742 696 58 16 White
1812 697 10 15 2
1831 697 9 14 6
1852 698 10 14 3
1870 698 9 14 6

1449 719 13 12 A
1473 715 56 18 Home
1538 717 15 14 in
1564 717 81 16 luveresk
1684 717 21 17 T.
1715 717 20 16 L.
1746 717 54 16 l'atou
1812 721 9 12 2
1830 719 9 15 %
1853 719 9 14 3
1870 719 10 14 6

1447 737 37 15 The
1492 737 56 16 Green
1555 738 67 16 Groves
1637 738 17 15 of
1668 737 98 21 Balgowrie

1651 759 18 15 J.
1680 759 23 15 H.
1712 759 90 17 Findlater
1813 760 8 14 2
1832 761 8 13 6
1853 761 9 13 3
1871 761 9 13 G

1447 780 26 15 Dr
1481 779 112 20 Congalton's
1604 779 69 22 Legacy
1682 780 24 15 11.
1715 780 85 16 Johnston
1814 781 9 14 2
1832 783 8 12 6
1854 781 8 14 3
1870 781 10 15 C

1447 801 37 15 The
1492 801 49 17 Kin*
1549 801 18 15 of
1577 801 91 15 Andaman
1731 801 69 16 Cobban
1811 802 11 17 i
1832 803 9 13 6
1854 802 9 14 3
1872 803 8 13 6

1449 822 15 15 A
1473 821 40 16 Man
1522 821 19 16 of
1548 821 29 16 the
1585 822 62 16 Fiords
1762 822 42 15 Deir
1854 823 9 14 3
1872 823 9 14 6

1449 843 41 19 Cleg
1499 842 51 21 Kelly
1670 843 16 16 S.
1693 843 23 15 R.
1723 843 81 15 Crockett
1815 844 9 14 2
1832 844 10 14 6
1854 845 9 13 3
1872 845 9 13 6

1448 863 49 21 Lady
1506 863 155 21 yal'BKlopempnt
1668 864 17 16 J.
1696 864 106 20 Bjciterdyko
1814 865 9 15 2
1832 865 9 15 6
1854 865 9 16 3
1872 866 9 13 0

1448 886 36 15 The
1492 885 94 20 Expiation
1595 887 17 14 of
1619 886 59 20 Wyuu
1687 884 74 17 PalLser

1700 906 21 16 B.
1731 905 72 17 Mitfoid
1815 907 9 14 2
1833 907 9 14 6

1449 928 15 15 A
1474 928 76 16 Humble
1558 928 106 19 Enterprise.
1672 929 20 14 A.
1700 927 103 18 Cambridge
1815 928 9 15 2
1833 928 9 15 6
1854 928 9 15 3
1872 928 10 16 6

1448 948 37 18 The
1494 949 87 16 Beautiful
1590 948 59 18 White
1658 948 56 19 Devil,
1724 946 79 23 Boothby
1815 949 9 14 2
1833 949 9 15 6
1855 950 8 14 3
1872 950 10 14 6

1451 972 13 14 A
1473 970 32 15 Bid
1514 970 27 15 for
1548 969 78 16 Fortune
1757 981 10 7 ~,
1811 971 12 17 'JL
1832 971 9 14 6
1854 972 9 12 3
1872 971 9 14 G

1449 991 21 15 In
1478 992 74 17 Strange
1561 992 89 19 Company
1758 1002 10 7 ~
1815 992 9 14 2
1833 992 9 14 6
1855 992 9 14 3
1873 992 9 14 6

1449 1012 36 16 The
1496 1013 85 18 Marriige
1590 1014 17 13 ot
1616 1012 64 16 Esther
1758 1023 11 7 ~,
1816 1014 8 13 2
1833 1013 10 14 6
1855 1013 9 14 3
1870 1013 12 17 £

1449 1033 37 16 Tbn
1492 1033 85 16 Treinlett
1584 1032 96 17 Diamonds
1705 1033 25 16 S~.
1740 1033 62 20 Aubyu
1856 1035 8 14 3
1873 1035 9 13 0

1449 1055 21 18 In
1478 1055 56 15 Haste
1540 1055 34 15 and
1680 1055 22 15 E.
1710 1054 21 16 L.
1740 1053 62 19 Lintofl
1816 1055 9 15 2
1833 1055 9 15 6

1449 1076 36 15 The
1494 1075 65 16 Master
1584 1071 27 22 ...'
1649 1089 18 4 ...
1694 1077 16 14 1.
1718 1075 86 20 Zangwill
1856 1076 26 15 3G

1450 1098 16 15 A
1474 1098 86 14 Bomance
1564 1097 17 15 of
1585 1097 41 15 Two
1633 1097 67 15 Worlds
1712 1096 22 16 M.
1742 1096 62 16 Corelli
1816 1097 9 15 2
1833 1098 10 14 6
1856 1098 26 14 3*

1449 1118 45 15 .Tudp
1503 1118 29 16 the
1541 1119 77 15 Ob.-cure
1658 1118 76 15 Thomas
1742 1117 60 20 Hardy
1816 1119 9 14 2
1833 1119 10 14 6
1856 1119 8 14 3
1873 1119 10 15 6

1450 1139 21 16 In
1480 1139 29 16 the
1518 1140 48 20 Days
1574 1140 18 15 of
1600 1140 94 19 Adversity
1732 1140 66 14 Burton
1856 1142 27 12 3<i

1449 1161 37 15 The
1494 1161 56 19 Heart
1558 1161 18 16 of
1585 1161 29 15 the
1626 1161 61 17 World
1717 1160 87 20 Hagiwd
1816 1161 27 15 26
1856 1161 9 15 3
1874 1162 9 14 6

1449 1182 36 15 The
1494 1182 118 20 Courtship,of
1621 1182 64 15 Moiico
1694 1182 74 15 Buckler

1712 1204 22 14 A.
1743 1202 61 16 Mason
1816 1203 9 15 2
1835 1204 9 14 6
1857 1204 8 14 3
1874 1204 9 14 6

1449 1225 38 19 The
1494 1224 56 22 Light
1560 1225 38 15 that
1605 1224 61 19 Failed
1718 1223 87 21 KippUng
1817 1225 9 14 2
1835 1225 9 14 6
1856 1225 9 15 3
1874 1225 9 15 6

1508 1251 38 16 Add
1556 1251 80 21 Postage,
1646 1251 22 16 2d
1677 1251 17 15 in
1703 1251 29 15 the
1741 1250 81 20 Shilling.

1531 1293 179 20 FORTHCOMING
1720 1293 81 16 BOOKS.

1449 1324 87 18 Vendetta
1682 1322 123 16 MuiieCorelli
1817 1322 9 15 2
1835 1324 9 14 6
1856 1324 9 14 3
1875 1324 8 14 6

1450 1346 70 16 Thelma
1584 1358 18 4 ...
1649 1357 18 5 ...
1739 1356 11 7 „
1818 1345 8 14 2
1835 1345 9 14 6
1857 1345 9 14 3
1875 1345 8 15 0

1449 1367 68 16 Ardath
1739 1376 11 9 M
1817 1366 9 14 2
1835 1367 10 13 6
1857 1366 8 14 3
1875 1366 8 14 6

1449 1389 36 19 The
1494 1388 40 15 Soul
1543 1388 19 15 of
1571 1387 55 17 Lilith
1644 1401 18 3 ...
1738 1398 11 8 ~
1816 1387 28 14 20
1856 1388 9 14 3
1875 1387 8 15 G

1452 1409 107 16 Wormwood
1578 1423 17 4 ...
1644 1422 17 4 ...
1738 1420 11 7 ~
1816 1408 10 15 2
1835 1409 9 13 6
1857 1409 8 14 3
1875 1408 8 15 6

1471 1431 37 18 The
1517 1431 53 15 above
1579 1430 34 16 wiil
1622 1430 21 16 be
1652 1430 55 15 issued
1717 1430 17 14 at
1747 1429 47 15 short
1802 1429 81 15 intervals

1450 1453 18 15 in
1479 1452 29 16 the
1518 1452 50 16 order
1584 1451 61 16 luicied
1659 1451 17 16 in
1693 1450 100 16 MethueiTs
1806 1449 77 16 Colonial

1450 1474 82 20 Library.
1555 1473 54 20 Early
1617 1473 58 15 orders
1683 1477 28 10 ure
1724 1472 94 19 nquested.

1501 1516 57 15 NEW
1570 1515 115 16 VOLUMES
1700 1513 133 21 EJPECTEp.

1451 1545 112 19 Sentimental
1571 1545 73 21 Tommy
1684 1544 17 16 J-
1711 1543 26 20 ¥•
1747 1543 58 18 Barrie
1817 1544 49 17 263
1873 1543 10 17 .0

1452 1567 52 15 Kodri'
1511 1572 11 15 y
1531 1566 52 17 Stone
1594 1580 17 3 ...
1650 1566 22 15 A.
1682 1565 59 17 Cohan
1752 1565 53 19 Doyle
1818 1566 27 14 26
1857 1566 9 14 3
1875 1566 8 14 0

1450 1589 37 15 The
1493 1589 55 14 Green
1558 1588 41 15 M.m
1665 1587 18 16 S.
1694 1587 23 15 R.
1726 1586 78 15 Crockett
1818 1588 8 13 2
1836 1588 9 12 0
1858 1588 8 13 3
1875 1587 8 14 0

1451 1610 35 15 The
1503 1610 82 18 Martian,
1601 1615 10 9 a.
1626 1614 38 11 new
1680 1608 49 15 novil
1744 1608 21 19 by
1781 1607 28 15 Du

1494 1630 81 20 Mauritr,
1596 1630 63 16 author
1675 1630 18 15 of
1710 1629 94 20 '•Trilby''
1818 1629 26 14 20
1857 1629 26 15 36

1486 1666 82 20 OjtUEUS
1581 1670 38 14 l'OJt
1632 1669 66 15 ABOVE
1714 1668 100 17 RECEIVED
1830 1665 20 16 lit

1540 1688 152 20 CHRONICLE
1705 1687 79 18 Office.

1449 1766 206 43 SOMETHING
1688 1764 46 42 TO
1768 1763 114 42 READ!

1455 1900 239 60 Supplied
1719 1900 129 54 Regu-

1528 1992 131 59 larly
1679 1991 130 47 from

1528 2239 279 39 OFFice,

1519 2306 178 31 ;antsrbury
1729 2304 108 30 Times,

1499 2347 220 26 Christchurch
1748 2346 94 29 Press,

1512 2390 72 25 New
1598 2388 135 26 Zealand
1757 2386 74 30 Mail,

1546 2430 111 32 Family
1673 2428 126 30 Reader,

1472 2473 106 31 Young
1600 2470 117 28 Ladies'
1739 2469 133 31 Journal,

1523 2514 91 25 Black
1640 2513 60 25 and
1717 2511 106 30 White,

1456 2555 174 26 Illustrated
1651 2554 125 25 London
1794 2553 94 29 News,

1455 2597 63 25 The
1538 2597 117 29 Album,
1689 2595 64 25 The
1767 2594 121 29 Sketch,

1536 2638 121 32 Sydney
1677 2635 135 30 Bulletin,

1708 2677 74 30 Mail,

1512 2721 90 27 Town
1616 2719 60 26 and
1692 2719 143 31 Country,

1566 2761 219 29 Australasian,

1614 2803 133 27 Referee,

1116 3325 206 21 UNDERSIGNED
1351 3325 51 25 bogs
1420 3327 20 17 to

1078 3353 50 19 oiler
1139 3353 99 19 Nursery
1249 3353 64 18 Stock
1324 3352 21 18 of
1355 3351 27 19 nil
1397 3351 33 18 des-

1010 3379 101 25 criptors,
1132 3379 57 18 seeds
1209 3379 40 17 and
1268 3377 162 25 appliances—in-

1010 3405 84 24 cluding
1104 3404 49 18 New
1163 3404 89 18 Zealand
1268 3404 67 22 Trees,
1356 3402 84 22 Shrubs,

1012 3431 77 21 Plants,
1108 3430 128 22 Tree-Ferns,
1253 3429 71 23 Ferns,
1345 3429 39 23 &c,
1400 3430 41 21 &c,

1014 3457 76 25 packed
1099 3457 20 18 in
1130 3456 56 19 wood
1199 3456 39 19 and
1252 3461 74 13 canvas
1341 3461 55 12 cases
1412 3455 32 18 for

1013 3482 141 23 theCoJoni.es,
1165 3482 40 19 and
1216 3482 20 19 in

1013 3509 32 18 for
1068 3508 75 19 distant
1165 3508 106 18 countries.
1313 3506 69 19 Medal
1405 3506 39 18 and

1017 3534 91 25 Diploma
1118 3534 90 18 received
1218 3534 32 17 for
1262 3532 72 24 plants,
1347 3533 39 22 &c,
1397 3534 48 16 thus

1014 3563 45 16 sent
1068 3562 21 17 to
1099 3560 35 18 the
1256 3558 126 22 Exhibition,
1393 3558 39 18 Lon-

1014 3586 45 23 don,
1311 3584 21 18 in
1339 3583 106 20 Auckland

1014 3614 24 16 35
1049 3617 64 14 vears.

1014 3687 41 17 Ml.
1064 3685 104 18 HOBSOX
1176 3684 127 20 NURSERY,
1312 3683 133 20 REMUERA,

1137 3717 120 20 Auckxanp,
1270 3715 52 18 N.Z.

1043 3780 53 48 E,
1144 3776 270 54 LYONS,

1136 3841 187 37 TAILOK,

1017 3893 34 25 (In
1061 3893 34 20 tlie
1109 3893 96 25 premises
1222 3890 63 25 lately
1308 3889 95 26 occupied
1419 3889 29 24 by

1122 3918 27 19 H.
1160 3918 34 19 W.
1204 3916 139 25 Neighbour.)

1036 3952 80 18 MAIN
1129 3951 89 23 ROAD,
1233 3948 194 20 OHINEMUTU.

1026 4002 33 22 O
1065 3998 199 24 ESPECTFULLY
1273 3998 49 21 calls
1331 3997 35 20 th.o
1383 4000 55 16 atten-

1020 4025 44 22 _LV
1092 4027 42 18 tion
1144 4026 21 18 of
1176 4025 107 19 Residents
1290 4027 22 15 to
1320 4023 31 19 his
1360 4030 41 12 new
1409 4022 40 19 and

1017 4053 70 20 varied
1096 4052 55 20 stock
1166 4052 20 18 of

1019 4085 124 26 SPRING
1153 4085 22 26 &
1187 4084 140 26 SUMMER
1341 4081 107 25 GOODS,

1033 4155 67 19 Style
1113 4155 16 17 &
1137 4153 93 20 Perfect
1242 4152 38 22 Fi?
1286 4152 150 20 Guaranteed,

1460 2845 229 32 Cosmopolitan
1728 2843 165 31 Magazine,

1560 2886 114 26 Strand
1780 2904 14 10 „

1538 2928 141 24 Windsor
1781 2945 13 11 „

1540 2970 140 31 Ludgate

1513 3011 119 26 Review
1652 3010 33 25 of
1703 3009 142 29 Reviews,

1527 3053 127 24 Woman
1675 3052 32 24 at
1725 3050 104 29 Home,

1461 3093 151 26 Weldon's
1625 3092 128 26 Fashion
1770 3090 124 26 Journal

1496 3135 129 26 Schild's
1641 3133 128 26 Fashion
1818 3152 12 11 „

1508 3175 181 31 Something
1710 3176 34 23 to
1761 3174 92 30 Read,

1464 3218 183 32 Snapshots,
1670 3217 148 28 Answers,
1838 3215 44 25 Tit-

1545 3259 67 29 bits,
1626 3258 124 31 Scraps,
1771 3257 52 25 &c.

1465 3301 64 25 And
1545 3301 36 25 aii
1600 3300 97 25 Home
1715 3298 60 26 and
1791 3298 90 25 Colon-

1483 3342 34 26 ial
1536 3342 113 32 Papers
1662 3341 24 25 &
1700 3340 182 31 Magazines.

1634 3424 100 23 TH6

1468 3476 247 47 MASTERPIECE
1733 3473 165 42 LIBRARY,

1468 3550 143 32 Popular
1623 3548 130 30 Novels,

1502 3611 65 25 The
1581 3610 116 31 Penny
1710 3608 106 31 Poets,

1536 3671 109 27 Books
1657 3671 51 25 for
1713 3670 54 25 the
1778 3669 125 26 Bairns,

1470 3783 204 46 Jewries'
1707 3783 196 44 Famous

1610 3867 163 46 Books.

1508 3999 166 44 BROADER
1713 3997 154 43 BRITAIN.

1473 4062 30 25 A
1533 4060 176 27 Collection
1733 4059 35 25 of
1790 4059 96 27 Photo-

1539 4100 133 33 graphic
1687 4100 109 25 Views
1809 4099 35 26 of

1590 4142 54 25 the
1667 4140 120 27 World.

1029 4247 100 41 Ask
1155 4247 70 41 for
1251 4240 262 43 Hancock's
1561 4236 274 44 Celebrated
1875 4235 187 42 XXXX
2087 4235 111 41 Ales
2225 4238 94 38 and
2345 4236 146 40 Stout,

2008 166 152 52 THE

2326 173 40 50 T
2419 173 254 57 LAKES
2726 178 181 54 DIST

2135 248 90 20 Tourists
2235 251 40 19 and
2288 252 92 19 Invalids
2389 253 84 24 visiting
2483 254 31 18 the

2765 259 90 20 Zealand
2864 262 40 18 will
2911 263 41 19 find
2962 264 34 18 the

2090 289 429 79 GRAND
2616 300 425 88 HOTEL,

2380 383 393 68 ROTORUA,

1900 440 38 40 ry
1943 441 40 19 HE
1996 444 53 16 most
2059 442 87 25 elegant,
2157 445 132 19 comfortable
2297 446 41 19 and
2349 446 44 19 best
2404 447 108 24 appointed
2523 449 154 20 establishment
2686 452 22 18 in
2728 451 49 19 New
2793 453 96 24 Zealand,
2907 455 17 19 it
2942 455 61 25 being
3018 458 74 22 replete
3109 459 117 19 throu-hou

1908 472 209 28 *_,

1929 494 57 17 ±UE
1999 494 92 18 HOTEL
2109 500 57 13 ism
2185 495 35 19 the
2238 497 116 19 immediate
2369 498 169 24 neighbourhood
2556 500 21 18 of
2595 501 35 18 the
2648 501 72 23 Priest,
2739 502 82 24 Rachel,
2841 504 121 21 Postmaster
2984 508 40 19 and
3038 510 56 17 other
3109 510 60 19 baths
3193 511 36 18 the

1901 522 91 14 curative
2001 522 112 21 properties
2122 520 22 18 of
2154 520 65 20 which
2234 528 35 12 are
2285 523 147 18 world-famed.
2461 523 54 19 Bath
2526 525 66 20 chairs
2603 527 40 19 and
2653 527 115 20 attendants
2779 534 33 13 are
2822 531 95 22 provided
2928 536 19 14 to
2959 540 74 16 convey
3048 534 73 20 invalid
3147 526 28 28 t'
3188 536 39 19 ad

1902 544 52 18 from
1964 543 35 19 the
2008 550 82 12 vanous
2103 545 139 20 oath-houses.
2270 548 43 19 The
2323 548 107 19 bedrooms
2440 550 40 18 and
2498 551 87 25 retiring
2607 559 67 12 rooms
2693 560 34 11 are
2745 554 57 19 fitted
2820 555 47 19 with
2895 558 73 23 special
2980 541 70 42 rcgird
3066 561 66 19 tohe
3148 568 49 12 reou
3207 538 21 42 rt

1902 573 66 15 ments
1978 569 22 19 of
2008 573 70 21 guests
2088 576 21 12 in
2119 572 68 18 search
2197 573 21 17 of
2228 574 92 18 renewed
2329 574 100 23 strength.
2905 569 8 13 l
3067 569 19 11 w
3098 569 34 12 me
3147 569 81 18 lequae

1929 595 43 19 The
1985 595 63 19 Baths
2058 599 21 14 at
2089 595 34 20 the
2131 596 129 21 Sanatorium
2271 599 52 19 have
2334 600 98 18 attracted
2442 607 60 17 many
2512 601 81 20 visitors
2613 604 22 18 of
2653 604 40 19 late
2714 611 68 17 years-;
2808 610 92 22 amongst
2916 609 56 19 those
2985 610 42 19 who
3036 611 50 19 have
3098 612 61 19 found
3170 613 58 18 relief

1903 620 32 19 bei
1945 621 35 20 the
1989 624 145 20 convalescent,
2145 628 92 18 nervous,
2248 624 118 22 rheumatic,
2378 625 40 18 and
2429 625 99 25 sleepless.
3098 620 62 11 iouuu
3170 620 57 11 reuei

1929 646 163 21 Rotoruaistho
2110 651 66 15 centre
2195 649 53 18 from
2267 650 63 18 which
2350 650 28 18 all
2399 651 67 24 points
2476 653 21 17 of
2505 652 85 20 interest
2600 654 20 19 in
2637 654 35 19 the
2681 655 93 19 Thermal
2784 656 85 26 Springs
2884 658 82 21 District
2983 668 44 16 may
3043 662 24 18 be
3081 663 83 19 reached
3189 663 41 19 and

1902 672 76 25 special
1987 672 95 19 facilities
2093 679 33 12 are
2135 674 97 24 provided
2241 675 33 18 for
2281 675 57 19 those
2346 675 20 19 in
2377 676 69 18 search
2456 678 21 17 of
2485 677 33 19 the
2529 678 101 20 beautiful
2642 681 40 18 and
2697 681 118 20 marvellous
3082 670 89 17 rtacnea,
3189 670 40 12 ana

2001 704 177 17 ■MAGNIFICENT
2190 706 177 19 APARTMENTS.
2496 709 84 18 LOFTY
2592 711 145 18 BEDROOMS.
2852 715 112 19 PERFECT
2980 718 151 18 SANTTATIOX

2048 728 26 18 In
2084 728 56 17 short
2150 734 13 11 a
2172 733 124 18 mbst-qlass
2310 729 171 21 Establishment
2491 732 87 25 offering
2587 734 59 25 equal
2655 735 94 19 comforts
2758 738 20 16 to
2789 736 33 19 the
2831 737 44 20 best
2890 740 62 19 hotels
2962 741 20 18 in
2993 741 83 25 Europe.

2570 766 11 11 o

2143 778 87 24 Suites
2248 781 27 22 of
2286 781 169 29 Apartments
2465 783 66 22 with
2541 785 98 28 special
2652 787 153 24 attendance
2819 788 39 23 for
2872 789 127 25 Families-

1904 813 98 24 Spacious
2013 813 127 19 Promenade
2150 813 112 24 Balconies,
2273 815 57 25 Snug
2342 815 90 24 Alcoves,
2444 816 39 19 and
2500 817 126 26 luxuriously
2642 820 108 24 appointed
2760 821 101 27 Drawing,
2881 824 69 22 Music,
2964 825 142 21 Conversion
3125 827 99 21 IReadine

2357 842 99 25 Smoking
2465 843 39 18 and
2516 843 85 20 Billiard
2611 846 81 18 Rooms.
2721 846 68 19 Baths.

2143 875 37 21 *T
2196 874 116 21 SPECIAL
2326 875 160 20 ATTENTION
2500 877 68 19 PAID
2581 879 33 19 TO
2628 879 118 19 CUISINE
2758 881 59 19 AND
2832 881 122 22 SERVICE.
2968 886 35 23 j$

1931 904 35 20 All
1973 905 182 19 .communications
2168 905 26 24 by
2204 905 60 19 letter
2274 913 22 11 or
2307 907 98 22 telegram
2416 907 40 19 will
2466 908 76 20 receive
2552 913 80 22 prompt
2642 912 104 18 attention.

1964 955 78 44 W.
2070 956 57 43 A.
2155 956 311 53 BOULTON,

2379 1016 60 24 (Late
2448 1018 21 17 of
2477 1017 115 20 Grosvenor
2601 1017 69 26 Hotel,
2681 1019 96 25 Sydney.)

2931 967 242 51 Manager.

2180 1081 180 34 ROTO
2371 1082 143 34 RUM

1908 1138 151 32 uual
2081 1124 125 45 AND
2231 1125 319 40 FTREwnnn
2586 1127 187 33 i^ppot

1916 1215 42 25 M
1969 1215 125 26 ESSRS
2115 1215 32 27 F.
2167 1215 196 26 GOODSON
2385 1215 28 26 &
2434 1216 33 26 C.
2488 1216 228 26 GRIFFITHS
2734 1216 58 32 beg

1908 1241 59 40 l®\
2001 1249 33 24 to
2046 1248 108 32 notify
2167 1248 53 25 the
2234 1248 172 26 Residents
2420 1248 34 25 of
2465 1249 142 25 Rotorua
2627 1250 70 24 teat
2716 1249 76 32 they

1908 1287 53 19 are
1970 1287 73 19 now
2056 1282 154 31 prepared
2218 1282 33 24 to
2262 1281 120 26 deliver
2392 1284 31 22 to
2434 1288 64 26 any
2507 1284 72 30 part
2594 1281 33 26 of
2636 1282 53 25 the
2698 1282 95 25 Town

1991 1322 104 32 THE
2119 1322 126 33 BEST
2270 1322 286 33 HOUSEHOLD
2578 1323 127 36 COAL,

2290 1364 126 23 HLSO

1941 1398 157 32 RATA
2121 1398 112 32 AND
2258 1398 165 32 TAWA
2446 1398 315 36 FXHEWOOD,

1909 1439 44 26 At
1966 1439 54 25 the
2039 1439 170 26 LOWEST
2225 1439 199 27 CURRENT
2435 1439 136 28 RATES
2585 1442 33 23 at
2630 1439 54 28 the
2694 1439 83 27 short-

2268 1474 48 24 est
2333 1472 113 25 notice.

1936 1528 84 22 Goods
2039 1528 132 23 delivered
2187 1529 66 22 with
2274 1530 163 28 promptness
2454 1530 27 21 to
2500 1529 36 22 all
2552 1530 73 28 parts
2639 1529 28 22 of
2681 1528 44 23 the
2739 1528 41 24 Dis-

1908 1554 63 22 trict
1980 1555 69 21 after
2057 1554 98 23 arrival
2164 1555 28 22 of
2199 1556 84 22 trains

2105 1589 92 24 Orders
2219 1596 62 22 may
2295 1590 32 22 he
2342 1589 51 22 left
2407 1590 27 21 at
2446 1589 45 22 the
2507 1589 92 27 Yards,

1995 1624 389 35 PUKUKTUM
2422 1624 292 36 STREET.

1911 1710 132 46 nm
2054 1706 723 50 imismmMmimtiK

1931 1770 122 19 AGENTS
2067 1770 60 18 FOR
2136 1770 60 19 THE
2206 1771 52 19 N.Z.
2269 1770 138 19 EXPRESS
2420 1771 38 18 Co.

2103 1870 140 31 smwm
2275 1869 128 33 goods:

2239 1929 140 32 SUMHO
2409 1929 105 32 GOODS

1933 2051 165 45 •fill

2258 2036 238 54 mmm

2157 2121 136 26 INVITES
2303 2121 68 26 THE
2387 2121 118 23 PUBLIC

2115 2165 37 26 To
2178 2172 43 16 set
2242 2166 45 22 the
2301 2165 67 24 New
2382 2164 121 23 Material
2519 2165 29 22 in

2173 2208 88 19 WEST
2268 2208 41 18 OP
2323 2207 170 20 ENGLAND'S

2126 2249 174 22 WORSTEDS,

2256 2288 178 24 WOOLLENS,

2404 2327 134 23 TWEEDS,

2127 2370 105 18 Suitable
2241 2369 35 18 far
2289 2368 40 19 the
2338 2367 98 23 Coming
2445 2367 95 18 Season.

2817 1094 233 46 KUSABS
3083 1097 153 44 BROS

2920 1152 212 33 MAMA&U

2814 1187 74 41 SAW
2902 1188 25 41 &
2953 1190 148 40 PLANING
3122 1191 115 41 MILLS,

2819 1258 262 22 MOUNTAIN
3104 1260 136 24 RI2VV\J,

2819 1316 131 20 GENUINE
2964 1317 58 18 DRY
3040 1317 75 19 LAND
3132 1319 109 19 TIMBER

2921 1347 29 17 IN
2962 1347 52 17 THE
3027 1347 111 18 MARKET.

2820 1392 125 42 MESSES
2963 1392 98 18 KUSABS
3077 1393 69 17 BROS,
3160 1393 36 23 beg
3214 1399 18 12 re-

2893 1414 125 27 spectfußyto
3022 1415 73 20 inform
3101 1416 32 18 the
3146 1417 64 17 Public
3224 1417 17 18 of

2820 1439 75 15 Kotorua
2904 1439 32 15 nod
2946 1439 71 19 vicinity
3026 1439 38 15 licit
3073 1441 39 18 tdey
3127 1439 42 16 have
3184 1442 48 13 estab-

2819 1460 52 15 lished
2878 1466 12 9 u
2900 1460 42 20 yard
2950 1460 17 14 in
2981 1458 121 21 Hioeraoa-at.,
3111 1461 33 16 and
3160 1465 29 12 oan
3205 1465 36 12 now

2819 1482 60 19 supply
2888 1481 29 15 the
2924 1481 51 15 finest
2982 1481 43 15 class
3038 1481 19 15 of
3071 1481 80 21 Building
3163 1481 78 16 Material

2819 1501 15 16 in
2844 1502 28 16 the
2881 1501 73 17 Market.
2971 1502 17 15 It.
2996 1502 13 15 is
3017 1501 98 23 unequalled
3125 1502 15 16 in
3149 1503 92 21 durability

2819 1523 33 15 mid
2861 1523 102 21 impervious
2972 1526 16 12 to
2998 1524 28 14 the
3035 1525 64 13 attacks
3115 1524 17 15 of
3146 1524 48 16 borer
3208 1524 33 16 and

2818 1544 30 18 dry
2861 1548 31 13 rot.
2915 1545 52 14 Their
2976 1545 79 14 sawmills
3064 1550 27 11 are
3099 1545 48 16 fitted
3158 1546 40 15 with
3214 1545 27 16 the

2819 1569 43 12 most
2869 1566 70 17 modern
2948 1565 95 22 appliance*
3053 1565 32 17 and
3094 1566 28 16 the
3130 1566 37 15 iirjn
3180 1567 15 14 is
3205 1566 36 15 able

2819 1589 17 12 to
2852 1587 60 20 supply
2929 1592 32 14 miy
2977 1587 79 22 quantity
3072 1587 18 15 of
3104 1587 37 21 Dry
3159 1587 82 21 Building

2819 1606 78 18 Material
2906 1614 21 9 on
2936 1608 29 15 the
2974 1609 71 15 shortest
3053 1608 60 17 notice.

2821 1658 136 31 Skirtings,
2965 1658 174 28 Architraves,
3144 1660 97 22 Mould*

2853 1694 67 28 ings,
2932 1694 50 22 and
2991 1693 109 23 Dressed
3109 1694 100 24 Timber

2884 1733 27 24 of
2920 1740 78 22 every
3013 1733 161 29 description,

2909 1775 107 29 Always
3028 1782 31 15 on
3069 1775 82 24 Hand.

2845 1809 116 23 HENATJ
2972 1809 104 23 HOUSE
3088 1808 126 24 BLOCKS.

2819 1891 220 35 KUSABS
3075 1890 146 33 BEOS

2892 1941 114 19 MAMAKU
3019 1945 25 14 OS
3056 1940 110 19 OHAUPO,

2944 1978 26 17 Or
2979 1979 19 15 tit
3006 1977 31 18 the
3050 1977 65 20 Yards,

2841 2013 122 19 HINEMOA
2976 2013 99 20 STREET,
3094 2012 125 19 ROTORUA.

2822 2063 212 46 Rotorua
3074 2062 159 45 Tours,

2823 2164 22 23 JL
2884 2168 42 18 that
2934 2173 11 12 a
2958 2166 74 24 regular
3042 2167 50 21 daily
3105 2167 56 16 couch
3177 2167 64 16 service

2820 2192 83 18 between
2912 2190 88 19 Okoroire
3009 2190 37 17 and
3056 2190 81 18 Rotorua
3153 2190 36 16 and
3205 2190 36 17 vice

2819 2220 52 12 versa
2879 2215 15 17 is
2902 2220 42 10 now
2953 2213 87 23 running.

2841 2238 39 17 The
2888 2237 115 22 advantages
3008 2241 11 12 o
3033 2235 38 18 this
3075 2236 53 17 route
3132 2241 31 12 are
3167 2241 62 12 numer-

2819 2266 38 16 ous,
2868 2267 11 10 a
2887 2259 100 19 somewhat
3001 2258 71 19 tedious
3081 2259 74 21 railway
3164 2258 54 23 journ
3228 2263 13 18 >y

2819 2284 14 17 is
2842 2284 76 18 broken,
2928 2283 36 16 and
2973 2283 30 17 the
3021 2285 51 13 route'
3088 2282 89 17 traverses
3193 2287 48 11 soma

2819 2307 20 17 of
2856 2307 32 16 the
2904 2306 83 17 loveliest
3003 2305 50 17 Bush
3070 2304 78 22 Scenery
3164 2305 19 17 in
3196 2304 45 17 New

2820 2329 86 20 Zealand,

2858 2360 103 22 FARES,
2976 2359 41 18 10s
3026 2358 80 19 EACH
3118 2358 80 18 WAY.

2819 2389 90 24 Special
2925 2388 161 22 Conveyances
3102 2392 43 14 caji
3165 2386 28 19 be
3209 2391 22 13 ar-

2963 2410 84 22 ranged
3055 2410 40 18 for.

1913 2469 261 50 Auckland
2196 2467 98 47 and
2321 2471 49 39 W
2381 2465 169 46 aikato
2580 2467 212 55 Agency.

2153 2533 86 19 NEAR
2256 2530 153 21 CATHOLIC
2423 2529 134 22 CHURCH,

2242 2562 250 55 KOTOHUA^

1914 2642 65 41 THE
1993 2638 223 22 UNDERSIGNED
2229 2638 58 22 begs
2294 2637 25 16 to
2329 2634 106 19 intimate
2444 2635 26 17 to
2479 2634 40 17 the
2527 2633 125 19 Residents
2665 2632 132 18 ofßotorua

1960 2665 54 18 that
2028 2664 29 18 he
2072 2664 42 17 has
2128 2662 51 23 just
2197 2659 112 22 received,
2326 2657 47 19 and
2388 2662 54 14 now
2459 2657 68 18 offers
2536 2658 25 17 at
2573 2656 126 19 LOWEST
2720 2655 77 18 CASH

1913 2688 113 21 PRICES,

2066 2726 99 25 NEW
2179 2723 147 27 SPRING
2345 2721 131 28 GOODS,
2496 2721 147 30 including:

1915 2777 111 21 STRAW
2039 2775 80 19 HATS
2129 2775 24 17 in
2162 2774 67 24 great
2237 2772 115 21 varieties,

2088 2806 91 19 PRINT
2193 2805 96 19 DRESS
2303 2802 106 20 PIECES
2418 2801 26 19 of
2451 2802 89 18 newest
2548 2801 113 23 patterns,

2362 2833 136 22 RIBBONS,
2513 2832 101 22 LACES,
2665 2831 45 22 &c,
2759 2830 38 18 &c.

2331 2865 64 18 ALSO

1917 2901 225 32 CRETONNE
2173 2900 83 28 FOR
2289 2896 219 29 COVERING
2545 2893 247 28 FURNITURE

2195 3046 203 26 COMMISSION
2412 3046 118 23 AGENT.

2821 2460 80 18 Leave-
2919 2457 107 20 Okoroire
3035 2457 34 17 for
3082 2457 102 18 Rotorua
3197 2456 46 19 and

2888 2482 212 19 Whakarewarewa
3129 2479 61 23 dally
3217 2484 14 13 a

2890 2506 29 18 10
2927 2509 50 14 a.m.

2821 2530 79 18 Leave-
2919 2528 100 18 Rotorua
3027 2526 45 19 and
3080 2525 146 19 Whakarewa-

2888 2556 60 14 rewa
2965 2551 33 17 tor
3012 2549 113 21 Okoroire,
3141 2548 59 23 daily
3217 2549 25 17 at

2891 2575 28 18 10
2927 2579 49 13 a.m.

2843 2599 30 17 All
2893 2601 107 20 passengers
3020 2601 30 12 are
3067 2595 73 17 advised
3161 2596 19 16 to
3194 2594 49 17 avail

2821 2622 109 18 themselves
2937 2620 21 18 of
2964 2619 37 18 thte
3018 2618 59 18 Route
3092 2624 19 10 as
3126 2617 87 19 Okoroire
3228 2618 15 16 is

2821 2651 34 11 one
2869 2645 20 17 of
2900 2644 31 18 the
2940 2643 49 18 show
2998 2641 60 24 places
3075 2641 20 17 of
3110 2641 32 17 the
3158 2640 83 18 Thermal

2821 2669 81 17 District,
2925 2665 36 21 and
2975 2671 24 13 no
3015 2664 42 19 visit
3072 2665 19 16 to
3107 2664 32 19 the
3153 2664 59 18 Lakes
3228 2663 15 18 is

2821 2691 89 22 complete
2919 2690 77 16 without
3003 2688 24 17 its
3033 2688 94 16 inclusion.

2844 2714 70 23 Special
2923 2711 90 18 attention
3026 2711 15 16 is
3054 2709 57 19 called
3124 2712 20 14 to
3157 2710 31 17 the
3205 2709 38 17 fact

2821 2738 41 16 that
2870 2743 11 11 a
2890 2736 54 18 coacli
2953 2735 59 19 leaves
3026 2733 81 18 Rotorua
3116 2732 36 20 and
3162 2732 66 19 Whaka-

2821 2765 97 13 rewarewa
2925 2765 24 11 on
2958 2756 76 23 Sunday
3042 2758 20 15 at
3071 2757 20 15 10
3100 2762 41 11 a.m.

2952 2803 156 17 KCENTS!

2822 2832 71 19 THOS,
2907 2831 65 18 COOK
2989 2831 15 15 it
3023 2829 52 19 SOX,
3093 2827 95 19 Auckland
3207 2826 34 19 and

2989 2852 86 17 Rotorua.

2824 2910 15 16 A
2857 2905 108 21 MEMBER
2984 2904 31 18 OF
3036 2903 49 18 THE
3106 2902 84 17 HOUSE
3210 2902 33 17 OP

2846 2970 93 22 Speaking
2952 2973 22 13 on
2989 2968 31 16 the
3034 2967 101 20 Pharmacy
3147 2965 36 17 Bill
3197 2965 44 20 said,

2882 2991 98 26 profession
2996 2991 32 16 has
3041 2989 52 17 made
3108 2989 35 17 leas
3158 2992 85 19 progress

2824 3019 68 17 duniur
2900 3017 31 16 the
2947 3015 32 16 last
3000 3015 31 14 1(10
3046 3018 50 16 years
3111 3012 43 16 than
3171 3011 38 17 that
3224 3010 19 17 of

2939 3043 22 12 or
2967 3035 61 18 words
3036 3036 20 17 to
3063 3034 40 18 that
3116 3034 57 17 effiv;.
3205 3033 38 16 The

2824 3063 76 19 M.H.R.
2917 3060 55 23 spoke
2985 3059 76 17 without
3075 3057 91 22 thinking,
3184 3062 21 11 or
3220 3056 22 16 ho

2824 3086 60 19 would
2899 3086 31 16 net
2947 3083 46 17 have
3009 3081 51 18 made
3076 3079 44 18 such
3136 3085 22 11 an
3175 3078 67 19 absurd

2825 3109 103 19 statement.
2953 3105 29 18 He
2990 3103 91 23 evidently
3096 3103 51 16 know
3163 3101 80 23 nothing

2824 3134 20 17 of
2852 3133 31 17 the
2892 3136 40 13 new
2940 3128 73 20 remedy
3022 3125 68 19 termed

2961 3150 146 18 NEUROL

2826 3177 58 17 which
2893 3176 21 17 is.
2918 3175 19 16 in
2940 3172 112 22 comparison
3058 3170 42 17 with
3107 3169 86 17 remedies
3200 3167 42 19 used

2826 3207 44 10 even
2879 3201 21 15 I'.')
2909 3202 52 19 years
2969 3201 41 18 ago,
3020 3199 20 13 as
3045 3193 47 23 light
3101 3195 19 15 to
3128 3192 92 17 darkness.

2961 3223 147 18 N.EURGL

2826 3251 15 17 is
2849 3257 11 10 a
2873 3246 125 21 scientifically
3013 3243 87 23 prepared
3117 3241 91 18 medicine,
3226 3240 18 17 in

2827 3274 32 16 the
2868 3273 46 17 form
2923 3271 20 16 of
2951 3268 87 24 powders.
3062 3267 18 16 It
3088 3272 13 11 is
3109 3267 32 15 not
3154 3264 80 22 disagree-

2827 3296 52 20 able!
2893 3295 16 17 it
2915 3293 17 18 is
2938 3293 35 17 not
2979 3289 107 22 expensive;
3099 3290 15 15 it
3122 3288 32 17 lies
3162 3293 17 11 m
3194 3288 52 15 small

2828 3323 82 14 compass
2918 3309 3 28 ;
2935 3316 14 17 it
2958 3313 81 19 contains
3048 3318 23 11 no
3080 3312 67 21 opium,
3164 3309 83 23 morphia

2828 3348 21 12 or
2861 3339 114 24 antipyrine;
2994 3337 13 16 it
3025 3335 37 17 will
3078 3337 31 14 not
3127 3339 41 12 cure
3183 3337 53 17 every-

2827 3365 55 21 thing
2890 3364 33 16 hut
2938 3362 15 17 it
2966 3361 16 16 is
2995 3359 79 18 effective
3087 3358 19 16 in
3119 3357 25 17 all
3157 3361 48 12 oasos
3219 3355 28 17 for

2829 3387 59 18 which
2896 3387 15 16 it
2919 3386 15 16 is
2946 3380 142 21 recommended.

2965 3410 147 17 NEUROL

2829 3437 35 16 will
2874 3436 66 17 relieve
2948 3438 53 15 every
3010 3432 45 16 form
3073 3431 19 15 of
3109 3428 91 18 headache
3215 3428 32 16 not.

2829 3459 65 19 caused
2903 3459 24 21 by
2935 3456 52 17 bruin
2997 3455 73 16 disease.

2965 3482 149 18 NEUROL

2829 3521 50 11 euros
2899 3511 95 21 neuralgia
3013 3510 20 16 of
3048 3509 31 16 the
3095 3506 39 18 face
3151 3506 35 17 and
3202 3505 45 17 head

2830 3544 41 12 mor,
2889 3534 91 23 promptly
2989 3533 43 16 than
3043 3530 78 24 quinine.

2852 3561 15 16 L
2874 3561 10 16 V
2890 3557 98 19 GRIPPE,
2998 3561 20 11 or
3024 3553 144 19 INFLUENZA
3174 3551 45 18 loses
3226 3555 10 12 i:
3241 3558 6 7 -.

2829 3586 68 15 terrors
2905 3582 14 16 if
2928 3577 103 21 NEUROL
3038 3578 15 16 is
3062 3577 54 16 taken
3127 3577 19 16 at
3154 3575 30 17 the
3198 3579 36 12 com-

2829 3606 113 18 mencement
2951 3603 19 17 of
2979 3602 30 17 the
3018 3600 67 17 attack.
3146 3620 31 7 „_,
3177 3620 17 7 TT
3194 3619 16 7 _,
3211 3617 29 10 T>O

2852 3627 85 19 COLDS.
2977 3622 135 19 CATARRHS,
3146 3617 101 21 FEVERS,

2829 3647 171 23 RHEUMATISM
3023 3652 30 11 are
3079 3645 24 17 all
3124 3642 76 18 relieved
3222 3641 25 21 by

2829 3673 110 20 NEUROL.
3194 3687 12 3 ..
3229 3673 4 22 ,

2852 3698 37 16 For
2908 3700 71 12 women
2998 3691 102 18 NEUROL
3116 3696 15 10 is
3149 3687 98 24 peculiarly

2829 3720 84 19 suitable,
2923 3719 15 16 it
2946 3722 51 12 cures
3005 3715 25 17 all
3044 3713 70 24 painful
3129 3716 69 16 cramps
3211 3711 36 14 and

2829 3744 53 17 other
2890 3742 58 22 pains.
3189 3754 58 13 .„++i,„.

2852 3767 61 16 Everv
2933 3763 63 18 miner,
3017 3760 87 18 bushman
3129 3757 35 17 and
3186 3757 57 16 settlci

2830 3790 25 18 Sh.
2860 3788 35 19 ,uld
2904 3792 69 17 possess
2982 3792 11 9 a
3001 3784 36 16 hox
3046 3782 18 18 of
3073 3779 106 20 NEUROL.
3206 3777 17 16 It
3233 3782 14 11 is

2830 3819 11 10 a
2850 3810 88 19 medicine
2947 3809 50 16 chest
3005 3807 18 16 in
3033 3805 50 17 small
3092 3808 86 16 compass.

2853 3834 44 18 Sold
2906 3833 24 22 by
2939 3831 24 17 all
2972 3829 120 20 storekeepers
3104 3825 36 18 and
3156 3824 91 17 chemists,

2830 3859 20 16 2s
2858 3864 33 16 per
2898 3857 43 16 box.
2951 3860 21 11 or
2979 3854 41 21 post
3034 3852 35 15 free
3086 3850 46 16 from
3144 3848 103 18 NEUKOi.

2831 3881 40 18 Co..
2880 3876 102 21 Auckland,
2993 3876 18 16 'is
3022 3874 26 16 Id.

2853 3900 102 21 Wholesale
2964 3901 45 15 from
3019 3894 123 22 Ivempthome.
3149 3893 86 16 andlios-

2831 3933 28 4 ...,_
2875 3932 20 5 ~,.
2905 3921 89 16 RVmrland
3002 3919 35 18 and
3045 3919 31 16 Co.

2851 3973 120 23 uuVtftHflltNT
2987 3970 96 21 iHSUfiAWE
3101 3967 126 21 JEPARIKENT.

2863 4021 45 14 low
2918 4017 92 16 riir.MU'M

2853 4045 97 16 Surpluses
2959 4041 50 14 <?e=la

2959 4040 142 15 declarea-1575
3119 4045 6 3 -
3157 4037 72 13 £12.000

3118 4061 7 3 -
3156 4054 74 12 £74.000

3060 4071 40 13 18S5
3118 4077 6 3 -
3146 4070 84 13 £2.-l-.Cv>o

3060 4087 40 13 IC9O
3118 4093 6 3 -
3145 4086 85 13 £230.000

2957 4104 86 14 •carsciilv)
3060 4103 40 13 1593
3118 4109 6 3 -
3146 4102 85 14 £190,000

2982 4127 14 12 J.
3005 4126 17 13 JI.
3031 4124 134 13 IaCHAKIISON,

3101 4140 66 14 Couiuii:

2249 3127 230 35 BOYO&UA.

2192 3327 88 23 (Under
2293 3326 58 18 New
2364 3323 180 24 Management.)

1948 3394 94 20 Situated
2053 3393 21 19 in
2084 3392 35 19 the
2128 3394 52 16 most
2189 3391 76 19 central
2281 3388 88 27 position
2385 3387 21 18 in
2425 3386 35 19 the
2478 3391 44 13 new
2540 3382 105 25 township,
2665 3381 90 25 opposite
2772 3379 32 19 the

1926 3421 124 20 Courthouse
2060 3419 39 18 and
2110 3419 21 19 in
2142 3418 51 19 doe
2204 3415 110 28 prozimity
2324 3417 20 16 to
2354 3414 34 18 the
2399 3413 48 18 Post
2457 3412 67 23 Office,
2534 3411 133 20 Sanatorium,
2688 3407 62 18 Baths
2767 3406 37 18 and

1926 3446 90 25 Railway
2030 3445 85 19 Station.

1949 3481 44 19 The
2003 3480 72 19 Hotel
2084 3478 117 19 commands
2211 3484 13 12 a
2232 3475 132 26 magnificent
2372 3473 50 19 view
2432 3473 22 19 of
2463 3471 35 19 the
2507 3471 57 19 Lake
2574 3469 40 19 and
2623 3468 7 19 i
2646 3466 105 20 furnished
2758 3465 46 19 with

1926 3514 24 12 au
1959 3513 36 18 eye
2005 3508 20 16 to
2035 3506 34 18 the
2079 3504 85 19 comfort
2174 3504 21 17 of
2205 3504 27 18 its
2242 3506 89 22 patrons.

1950 3541 43 19 The
2002 3539 88 26 position
2100 3538 21 19 of
2131 3538 34 18 the
2177 3537 70 19 House
2263 3535 83 21 renders
2363 3534 16 19 it
2397 3532 111 26 peculiarly
2527 3530 86 21 suitable
2632 3528 31 20 for
2684 3525 120 21 commercial

1926 3574 43 12 men
1980 3566 85 23 visiting
2074 3565 34 18 the
2119 3567 61 15 town.

1959 3611 169 29 BILLIARD
2150 3610 114 26 ROOM.
2407 3605 147 26 SAMPLE
2576 3600 136 31 ROOMS,
2722 3600 51 25 Ac.

2091 3665 178 32 Telegrams
2284 3661 151 35 promptly
2449 3658 149 28 attended
2613 3659 40 23 to.

1966 3895 100 25 SHIPS
2077 3894 101 26 YACHT
2192 3894 127 26 BROKER.

1986 3930 191 18 COMMISSION
2190 3930 110 21 AGENT,

1933 3958 82 45 HAS
2037 3957 56 19 EOli
2115 3958 71 18 SALE
2203 3965 14 13 a
2234 3958 88 19 number
2340 3956 21 20 of

2009 3986 64 16 steam
2096 3983 103 24 launches,
2220 3984 77 24 yachts,
2320 3983 41 19 and

1928 4010 80 25 [lulling
2020 4009 58 18 boats
2097 4009 88 19 suitable
2206 4010 32 18 for
2256 4009 46 19 lake
2320 4010 40 18 and

1928 4036 52 18 river
1990 4035 61 19 work.

1994 4065 186 19 CORRESPONDENCE
2200 4065 96 19 LxYITED.

2093 4116 102 20 Address:

1955 4148 31 22 15,
2000 4144 154 26 QTJEEN-ST.,
2168 4146 166 20 AUCKLAND.

2422 3843 114 36 MISS
2567 3838 206 35 FRENCH,

2397 3911 115 28 ANGLO-
2522 3907 138 28 PARISIAN
2690 3905 88 26 DRESS-

2540 3951 111 26 MAKER.

2480 4010 65 22 (Late
2555 4007 26 19 of
2587 4005 121 21 Dunedin.)

2384 4066 90 45 BEGS
2485 4068 21 16 to
2516 4064 92 19 intimate
2619 4065 20 16 to
2658 4061 33 19 the
2706 4060 63 18 ladies
2788 4059 19 18 of

2449 4092 90 19 Kotorua
2562 4090 45 18 that
2625 4088 35 18 she
2679 4087 36 18 has
2733 4085 74 19 started

2383 4120 91 18 business
2496 4118 20 18 in
2540 4115 155 21 Fenton-street,
2719 4111 88 25 opposite

2383 4146 33 19 the
2426 4143 67 20 Grand
2507 4141 68 21 Hotel.
