3300 4360
1256 123 59 19 THE
1329 123 58 21 HOT
1401 124 92 21 LAKES
1506 124 168 23 CHRONICLE
1684 127 192 22 WEDNESDAY,
1891 129 130 20 OCTOBER
2034 131 33 18 28,
2083 131 51 18 1896.

2809 4104 81 17 Printed
2906 4105 38 17 and
2961 4104 102 23 published
3072 4105 27 22 by
3107 4105 21 17 F.
3138 4104 22 19 F,
3175 4105 60 16 Watt,

2834 4128 20 17 at
2862 4128 32 17 the
2903 4128 104 22 registered
3020 4128 87 22 printing
3116 4128 56 18 office,
3182 4126 53 19 Hine*

2833 4156 44 12 moa
2885 4152 63 20 street,
2958 4151 92 17 Eotorua,

2830 4182 171 20 WEDNESDAY,
3011 4182 116 18 OCTOBER
3136 4183 32 19 2S„
3174 4180 49 19 1896,

296 209 298 52 AERATED
642 215 287 48 WATERS.

211 340 46 20 One
272 340 22 20 of
311 340 35 19 the
355 340 120 20 necessities
485 340 22 19 of
517 340 35 19 the
561 340 80 26 coming
650 341 76 20 Season
737 342 43 20 will
789 342 25 20 be

67 395 23 23 A
129 397 115 24 COOL
283 397 99 23 AND
423 395 334 27 REFRESHING
797 399 161 24 DRINK

93 457 141 20 Untinctured
246 458 24 24 by
279 463 38 17 any
327 455 131 20 Deleterious
474 456 101 20 Chemical
585 457 139 25 Compounds.
752 458 20 19 A
782 458 59 19 drink
851 460 23 17 at
884 465 49 12 once

288 510 188 30 Exhilarating
496 511 52 23 and
565 510 166 31 Refreshing,

68 567 38 18 and
119 566 64 19 which
200 566 35 19 .viil
247 573 61 18 prove
317 573 12 12 a
340 566 119 24 preventive
469 566 22 19 of
499 566 116 25 Dyspepsia
631 566 39 19 and
687 566 28 19 all
730 567 93 20 Internal
844 567 114 21 Disorders.

93 592 88 19 Aerated
192 592 83 19 Waters
285 592 39 19 and
336 592 98 22 Cordials,
454 592 121 25 comprising
591 593 35 19 the
635 592 75 21 Purest
719 594 123 23 Lemonade,
859 596 35 18 the
904 595 54 20 Must

67 619 103 20 Deiicious
181 619 78 24 Ginger
268 618 46 24 Ale,
328 618 180 26 Highly-charged
526 619 52 19 Soda
588 619 80 24 Water,

272 668 402 39 ZOLHKON
696 673 57 37 E,

65 736 12 12 a
86 736 43 12 new
138 729 149 26 Invigorating,
298 730 151 20 non-alcoholic
459 731 103 25 Beverage
571 740 5 15 ;
592 731 56 19 Lime
657 731 60 20 Juice
734 732 89 24 Cordial,
834 732 124 26 Raspberry,

66 756 139 25 Peppenniut,
217 757 77 23 Cluves,
305 756 52 19 Pine
366 757 75 24 Apple,
453 757 40 19 and
504 759 76 18 Lemon
590 758 77 25 Syrups
677 759 39 19 and
736 759 137 25 Sarsaparilla
889 766 34 12 are
933 759 25 19 all

336 784 157 19 manufactured
503 790 26 13 on
538 783 35 21 the
580 784 104 25 premises.

255 808 118 20 Lemonade
382 809 41 19 and
434 809 78 26 Ginger
520 810 44 24 Ale,
576 813 71 22 quarts
657 810 41 19 and
704 811 62 25 pints.

89 908 75 80 G
215 908 83 78 A.
357 908 421 89 CLARKE,
827 911 106 80 Jr.

68 1088 537 71 CLEARANCE
601 1044 24 27 7
644 1044 308 115 'SALE.

92 1211 67 24 OUR
180 1211 167 23 PREMISES
369 1210 159 24 DISPOSED
552 1210 39 24 OF

460 1237 38 23 TO
511 1237 51 23 MR
586 1237 23 23 J.
630 1237 129 24 TONSON
775 1237 154 24 GARLICK

67 1306 406 47 Electro-Plated
493 1306 149 46 Ware

667 1364 290 57 Lampware

66 1422 299 46 Bfushware

491 1479 288 46 Enamelled
806 1479 151 47 Ware

68 1537 202 55 Knives,
306 1536 172 56 Forks,
500 1536 207 58 Spoons.

140 1656 57 37 J\
251 1655 61 36 &
473 1655 404 48 DICKEY,

130 1754 109 29 Having
254 1754 56 23 sold
325 1761 47 16 our
392 1754 91 25 Queen
497 1754 53 23 and
564 1754 84 23 Lome
664 1754 87 23 Street
765 1753 131 24 Premises

183 1787 28 21 to
223 1785 40 23 Mr
274 1785 23 23 J.
313 1785 27 23 T.
352 1784 115 27 Garlick,
479 1785 45 23 the
534 1784 86 24 whole
631 1785 29 23 of
667 1792 47 16 our
724 1785 80 23 Stock
815 1785 27 23 of

293 1827 438 33 IRONMONGERY,

91 1878 73 23 Must
174 1878 31 23 be
216 1877 56 24 sold
282 1877 40 23 for
332 1877 75 28 Cash,
417 1884 29 16 as
460 1884 41 17 we
510 1877 59 30 give
576 1884 35 23 up
618 1877 151 30 possession
780 1877 28 23 in
816 1878 113 23 October.

303 2067 147 45 NOW
487 2067 220 45 READY.

591 2410 31 39 •

324 2510 52 32 By
394 2510 165 27 ELSDON
581 2510 114 26 BEST.

191 2685 123 32 Papers
327 2684 108 26 which
449 2685 158 33 appeared
615 2684 34 26 in
658 2685 54 25 the
721 2684 85 27 HOT
818 2685 139 26 LAKES

147 2718 245 26 CHRONICLE
406 2719 103 25 under
521 2718 54 26 the
595 2718 104 26 above
717 2718 73 26 title
811 2725 54 19 are
884 2725 74 19 now

60 2751 170 32 published
242 2751 33 26 in
287 2751 166 33 pamphlet
465 2751 90 26 form.

267 2858 133 46 Price
425 2859 95 47 One
554 2859 199 56 Shilling.

197 3046 70 25 Post
283 3046 73 26 Free
369 3047 79 25 from
476 3047 216 26 CHRONICLE
714 3047 107 26 Office.

62 3269 79 18 Under
148 3269 40 18 the
195 3266 172 26 distinguished
373 3269 129 24 patronage
510 3271 25 17 of
538 3270 43 18 His
587 3271 140 24 Excellency
736 3271 63 19 Lord
808 3272 144 23 Carrington,

83 3301 120 19 G-overnor
213 3301 26 18 of
245 3301 102 22 N.S.W.,
355 3301 49 19 and
412 3301 62 19 Lord
491 3302 95 18 Onslow
594 3302 120 19 Governor
723 3303 27 18 of
755 3303 60 19 New
823 3303 106 20 Zealand.

512 3424 431 102 Horet.

221 3561 41 34 T
289 3562 47 33 K
362 3562 49 35 \J
442 3563 44 33 R
513 3564 46 34 K
590 3565 46 35 N
667 3567 45 35 G
738 3568 63 35 K.

221 3642 53 23 'AR
305 3643 17 19 is
332 3645 131 24 pronounced
474 3645 27 25 by
516 3645 26 19 its
554 3646 87 21 Patrons
658 3650 20 17 to
693 3648 25 20 be
734 3649 36 19 the
786 3649 46 20 best
845 3650 53 20 built
914 3652 40 19 and

67 3667 26 16 -L
128 3668 45 19 best
182 3668 107 19 furnished
300 3669 63 20 Hotel
373 3670 22 19 in
404 3671 35 18 the
449 3671 68 19 North
526 3672 77 20 Island.

95 3698 135 27 Private
244 3700 106 27 Suites
359 3702 22 18 oi
389 3701 135 26 Apartments
532 3704 33 19 for
575 3704 103 21 Families.

377 3734 104 31 Sample
495 3736 94 25 Rooms
610 3739 32 19 for
656 3739 134 22 Commercial
800 3741 126 22 Gentlemen.

60 3765 90 19 Coaches
159 3765 57 21 leave
225 3767 33 19 the
268 3767 63 20 Hotel
340 3769 33 19 for
387 3770 36 19 the
436 3770 68 20 Lakes
522 3778 27 13 on
564 3774 75 19 arrival
655 3775 21 18 of
693 3775 26 19 oil
738 3777 105 19 steamers.
872 3778 81 23 Special

168 3793 92 25 .Buggies
276 3794 41 19 and
327 3795 75 19 Saddle
413 3796 79 20 Horses
501 3803 37 14 can
555 3798 25 19 be
596 3800 98 20 obtained
710 3802 33 19 for
752 3802 28 20 all
792 3808 57 20 parts

416 3822 23 19 of
449 3822 35 20 the
500 3823 96 27 Country.

63 3852 186 26 First-class
261 3853 126 34 Sailing
400 3857 63 25 and
475 3857 138 34 Rowing
625 3859 99 29 Boats
736 3862 50 27 for
799 3864 154 27 Pleasure

324 3889 63 25 and
406 3889 135 34 Fishing
554 3892 134 28 Parties.

63 3927 63 26 The
159 3925 162 27 Saltwater
350 3928 130 35 Bathing
515 3932 126 28 Pavilion
677 3936 24 25 is
736 3937 102 26 within
863 3939 90 26 three

264 3960 133 27 minutes
426 3963 75 26 walk
522 3965 33 26 of
569 3967 55 26 the

281 4000 118 26 Telegrams
419 4005 79 19 receive
525 4010 81 23 prompt
625 4010 106 19 attention.

369 4138 283 34 PROPRIETOR.

1350 343 152 34 THE

986 704 242 54 Published
1252 716 144 45 every
1415 704 285 58 Wednesday
1714 706 140 48 .After-

1366 774 134 38 noon,

1190 943 114 42 RATES
1329 944 44 41 OF
1399 945 278 42 SUBSCRIPTION:

1146 1016 63 17 PAID
1223 1016 30 18 IN
1265 1016 131 19 ADVANCE.
1585 1018 101 19 BOOKEI

1169 1056 45 23 Six
1225 1056 108 24 Months
1343 1057 29 23 5s
1383 1065 5 20 ;
1628 1059 37 23 6s.

1167 1082 53 24 One
1236 1082 69 24 Year
1314 1083 45 23 10s
1369 1091 7 21 ;
1614 1085 51 24 12s.

1162 1187 338 34 ADVERTISING
1519 1190 179 33 HATES;

1008 1243 65 19 Three
1085 1244 99 24 Shillings
1195 1250 37 19 per
1241 1244 47 19 inch
1295 1251 38 18 per
1342 1245 61 23 issue,
1413 1251 27 19 up
1449 1248 20 16 to
1477 1247 11 18 3
1495 1246 115 19 insertions.
1627 1247 131 26 Subsequent
1765 1248 112 20 Insertions

982 1269 43 19 half
1035 1273 61 16 rates.
1128 1270 80 25 Special
1218 1273 61 16 terms
1292 1271 32 18 lor
1334 1271 72 25 longer
1418 1272 87 25 periods.

1006 1324 180 19 Announcements
1196 1324 22 19 of
1229 1323 71 20 Births
1310 1324 42 19 and
1362 1324 79 20 Deaths
1451 1331 34 13 are
1495 1326 88 23 charged
1599 1327 22 18 2s
1636 1326 57 24 each,
1713 1330 36 16 not
1768 1329 109 26 exceeding

981 1352 23 17 30
1016 1350 72 19 words.
1117 1350 105 25 Marriage
1232 1353 174 16 announcements
1421 1353 29 17 3s.
1477 1351 93 25 NOTE.
1573 1353 111 23 —These
1700 1353 111 25 charges
1834 1362 43 17 are

980 1377 40 23 for
1030 1376 178 30 Prepayment
1218 1376 75 30 Only-

1088 1524 243 49 JOBBIM
1365 1527 401 51 DEPJIRTMEfIT.

982 1612 158 34 Invoices,

1032 1654 174 32 Billheads,

1082 1696 103 26 Memo
1199 1698 122 33 Forms,

1133 1738 83 26 Bills
1229 1739 34 26 of
1272 1740 91 31 Fare,

1182 1781 156 26 Business
1363 1783 110 33 Cards,

1232 1823 143 33 Visiting
1396 1825 109 33 Cards,

1314 1865 97 27 Menu
1430 1867 108 33 Cards,

1368 1907 153 34 Luggage
1533 1910 124 33 Labels,

1412 1950 75 26 Ball
1505 1951 237 34 Programmes,

1465 1995 173 33 Circulars,

1536 2037 139 33 Posters,

1587 2081 183 33 Handbills,

1679 2122 198 34 Pamphlets,

1150 2157 66 34 &c,
1318 2159 68 34 &c-,
1488 2161 66 33 &>c.,
1657 2164 58 26 &c.

1043 2241 125 48 Done
1203 2248 52 41 at
1291 2244 82 54 tfye
1395 2244 223 56 Shortest
1638 2248 182 47 .Notice.

985 2429 542 62 STATIONERY!

1230 2632 72 47 On
1328 2634 113 46 Sale
1471 2638 52 43 at
1559 2636 66 45 th;

1049 2737 439 69 eHRQNiete
1523 2742 285 67 ©f?f?iee.

980 2835 66 20 Plain
1054 2837 47 18 and
1110 2837 80 23 Fancy
1199 2837 68 23 Note,
1283 2838 132 24 Envelopes
1424 2839 31 19 all
1463 2839 65 24 sizes,

979 2859 128 24 Mourning
1115 2860 74 23 Paper
1198 2861 46 18 and
1253 2862 138 23 Envelopes,
1407 2863 152 20 Commercial
1568 2864 142 25 Stationery,

980 2883 115 24 Foolscap
1105 2884 73 23 Paper
1187 2884 47 18 and
1244 2884 90 19 Official
1343 2886 137 23 Envelopes,

979 2905 117 25 Drawing,
1108 2907 114 23 Exercise,
1230 2908 181 20 Memorandum
1419 2910 47 18 and
1474 2910 110 20 Account
1592 2911 85 24 Books,

979 2929 109 24 Ledgers,
1098 2930 118 24 Journals,
1227 2931 52 24 Day
1288 2932 47 18 and
1344 2933 62 18 Cash
1412 2933 84 23 Books,

979 2952 83 19 Letter
1069 2953 84 23 Books,
1164 2954 107 23 Brushes,
1375 2956 81 23 Wells,
1467 2957 47 23 &c,

978 2976 125 23 Stephen's
1112 2977 105 24 Writing
1225 2978 47 18 and
1281 2978 107 24 Copying
1396 2980 64 23 Inks,

978 2999 107 24 Blotting
1093 3001 79 22 Paper,
1183 3001 113 19 Business
1305 3003 47 18 and
1364 3003 100 24 Visiting
1473 3004 79 23 Cards,

978 3022 57 19 Blue
1044 3023 97 23 Pencils,
1152 3024 64 19 Lead
1224 3025 46 18 and
1279 3025 66 19 Slate
1354 3026 97 23 Pencils,
1462 3027 47 19 and
1517 3027 83 23 Slates,

977 3046 111 24 Marking
1096 3047 50 23 Ink,
1157 3048 66 18 India
1232 3048 94 19 Rubber
1335 3049 85 23 Bands,
1431 3050 62 19 Gum
1500 3051 47 18 and
1556 3051 116 19 Gummed
1681 3053 82 22 Paper,

977 3069 104 20 Indexed
1091 3070 66 23 Files,
1171 3071 47 19 and
1227 3071 75 24 Paper
1310 3072 71 24 Clips,

977 3093 135 23 Inkstands,
1122 3094 47 18 and
1178 3094 98 20 Bottles.

1009 3194 23 26 A
1052 3194 140 28 CHOICE
1207 3195 210 28 SELECTION
1437 3197 48 26 OF
1500 3197 187 28 BIRTHDAY
1707 3199 131 27 CARDS.

979 3342 348 61 NEWS
1390 3344 475 62 AGENCY.

1040 3447 193 57 English,
1260 3448 205 57 Foreign,
1495 3451 90 46 and
1609 3451 203 48 Colonial

1130 3514 179 56 Papers,
1332 3514 282 58 .Magazines,
1637 3517 87 47 &e.

979 3588 187 42 SYDNEY
1204 3591 240 43 BULLETIN
1482 3593 30 41 &
1550 3594 318 44 CANTERBURY

1227 3648 148 43 TIMES
1402 3650 62 41 ON
1492 3645 130 48 SALE.

1171 3826 94 71 To
1314 3827 352 73 Tourists.

975 3945 193 60 Jlgeney
1192 3947 77 49 for
1289 3950 218 48 .Martin's
1533 3954 169 54 Photos
1722 3954 56 47 of
1788 3955 80 55 tl?e

1322 4007 209 47 District.

1931 320 341 57 Hydropathic
2316 323 162 55 Hotel,
2527 324 235 47 Rotorua.

2187 404 226 34 ESTABLISHED
2434 407 76 31 1881.

1901 462 73 20 Under
1988 463 36 19 the
2033 465 112 23 patronage
2155 463 23 19 of
2187 463 34 20 Sir
2230 464 36 19 W.
2287 464 87 25 Jervois,
2390 465 49 19 Earl
2456 466 39 19 and
2513 466 103 20 Countess
2635 467 22 19 o£
2676 466 118 28 Hopctoun,

2074 489 35 19 the
2121 490 54 20 Hon.
2186 490 89 20 Premier
2286 491 38 19 and
2340 492 104 19 Memhers
2460 492 21 20 of
2492 493 131 20 Parliament.

1927 593 44 20 The
1981 594 65 20 Hotel
2058 595 16 18 is
2084 595 89 19 situated
2183 602 25 12 on
2219 602 26 12 an
2254 595 94 21 elevated
2360 596 88 25 position
2458 604 25 12 on
2494 598 35 20 the
2539 598 70 20 shores
2625 598 22 20 of
2662 598 57 20 Lake
2733 598 51 20 Eoto-

1901 626 44 18 rua,
1956 621 123 19 convenient
2090 625 21 15 to
2121 622 26 18 all
2159 621 33 19 iho
2203 621 65 26 sights
2279 622 20 20 in
2310 622 35 20 the
2356 623 88 21 district.

1974 672 113 31 Sulphur
2101 673 52 24 and
2165 673 114 25 Mineral
2292 675 85 23 Baths
2391 678 20 16 in
2422 675 36 20 the
2468 676 98 20 Grounds
2577 677 22 19 of
2609 677 35 19 the
2655 677 71 20 Hotel.

2035 779 19 19 A
2072 779 106 20 reduction
2195 779 16 20 is
2228 779 60 20 made
2303 782 23 17 to
2337 780 77 26 weekly
2425 787 23 12 or
2458 781 90 25 monthly
2559 781 106 20 boarders.

1903 830 70 19 Guide
1983 830 68 21 Books
2062 832 39 19 and
2111 832 134 19 information
2256 833 64 23 pratis
2331 835 22 17 at
2364 832 54 20 Cook
2435 833 38 19 and
2491 833 58 21 Sons'
2566 834 52 25 (sole
2635 835 81 25 agents)
2733 834 64 20 offices

2216 858 129 26 throughout
2355 859 35 20 the
2401 859 85 25 Colony.

1903 906 44 47 T.
1971 908 43 47 C.
2037 909 329 52 URCUmfIRT,
2425 937 17 6 -
2495 938 17 5 -
2558 912 239 57 .Manager.

1937 1141 276 66 NOTICe
2247 1143 103 64 TO
2380 1143 382 66 TOURISTS.

1936 1282 64 26 The
2020 1284 216 31 undersigned
2256 1284 29 26 is
2308 1291 75 20 now
2404 1285 141 33 running
2568 1286 144 32 Buggies
2735 1287 62 25 and

1902 1316 143 27 Coaches
2067 1318 33 25 to
2120 1317 54 26 the
2187 1317 168 33 following
2366 1318 109 32 places
2488 1319 34 25 of
2535 1319 137 26 interest
2690 1319 34 26 in
2745 1320 52 25 the

1901 1349 242 32 neighborhood
2161 1352 33 24 at
2211 1352 131 31 greatly
2366 1352 137 26 reduced
2528 1353 95 25 rates.
2672 1352 125 33 Special

1901 1383 185 26 reductions
2094 1383 49 26 for
2156 1383 90 33 large
2254 1385 130 32 parties.

1901 1423 331 22 WHAKARBWARBWA;
2269 1425 173 23 WAIRAKEI,
2465 1426 103 19 TAUPO
2583 1427 21 18 &
2622 1427 60 18 THE

2044 1448 144 19 TIKITERE
2201 1448 20 19 &
2234 1449 107 18 OKERE
2354 1448 111 24 FALLS;
2478 1449 178 20 WAIOTAPU.

1925 1479 129 19 N.B.—The
2064 1479 101 19 Tikitere
2174 1480 54 23 Trip
2237 1486 45 13 can
2291 1486 54 14 now
2353 1481 30 18 be
2391 1481 116 19 extended
2516 1482 26 18 to
2550 1482 40 18 the
2600 1482 60 18 head
2669 1482 27 18 of
2703 1482 93 23 Rotoiti,

1901 1502 86 19 thence
2001 1503 26 18 to
2042 1503 113 23 Rotoehu,
2172 1503 102 24 opening
2288 1509 31 19 up
2337 1509 65 13 some
2420 1505 26 17 of
2460 1505 40 18 the
2521 1505 117 19 Grandest
2651 1505 104 24 Scenery
2774 1506 23 18 in

1901 1526 59 18 New
1969 1526 106 19 Zealand.

1914 1573 95 28 Special
2021 1576 169 26 Conveyances
2202 1575 46 20 and
2260 1575 87 20 Saddle
2359 1575 84 21 Horses
2453 1579 23 16 to
2488 1576 28 19 all
2526 1580 63 24 parts
2606 1577 23 19 of
2641 1576 40 20 the
2698 1576 85 21 district

2228 1606 23 15 at
2262 1603 118 23 Moderate
2392 1603 78 24 Rates.

1948 1649 48 19 Bus
2001 1649 79 19 leaves
2087 1650 65 18 Lake
2157 1650 87 23 House,
2253 1651 85 24 calling
2344 1651 26 18 at
2377 1651 31 18 all
2414 1651 83 19 Hotels
2503 1651 47 19 and
2556 1651 118 24 Boarding
2681 1652 92 18 Houses

1924 1672 36 19 for
1969 1673 226 23 Whakarewarewa,
2205 1674 70 19 twice
2284 1674 119 23 forenoon,
2413 1674 69 19 twice
2491 1675 129 20 afternoon,

2206 1708 47 46 J.
2299 1708 326 56 FALLOONA,

2430 1783 303 57 Proprietor.

2053 1857 135 29 STABLES
2213 1858 80 28 NEAR
2318 1860 78 26 LAKE
2416 1859 98 27 HOUSE
2537 1860 105 26 HOTEL

2268 2039 29 73 I

2281 2127 35 18 '•-*•'*

2048 2639 83 21 WOLD
2140 2639 70 21 SPECIAL

2237 2759 153 40 snnxO

2512 2692 45 28 Mb
2581 2688 56 32 me

2512 2730 125 33 WMSH

2238 2768 180 45 SCOTIA*

2045 2836 156 25 D.C.L.BRAND

2216 2960 45 48 '¥
2283 2950 283 66 DISTILLERS
2606 2952 149 63 C?^i

1940 3097 466 29 WHOLESALE
2441 3097 301 31 JLGKEISrTiS

1902 3152 61 53 L.
2035 3152 68 53 D.
2173 3152 327 53 NATHAN
2565 3150 50 58 &
2681 3152 100 56 Co.

2461 3241 227 57 rosi^

1996 3325 27 24 *qj
2030 3325 21 19 U
2060 3326 99 18 JCUJCIJIM
2188 3327 25 17 3D
2222 3329 19 15 J.
2251 3329 99 15 XXXA.JOL
2358 3330 18 14 JL
2387 3335 7 13 ,
2412 3322 32 22 -ft.
2451 3322 22 22 U
2482 3322 159 22 0-&w.Lla}J.\
2646 3322 40 22 JU»

2123 3352 107 19 UNDER
2243 3352 76 19 NEW
2331 3352 226 19 MANAGEMENT.

2112 3383 457 63 JOSEPjOeRJIE,

2021 3462 61 20 ''Late
2092 3463 22 18 of
2122 3463 35 18 the
2166 3462 57 19 Lake
2233 3462 72 19 House
2319 3462 42 19 and
2375 3462 74 19 Palace
2458 3462 80 22 Hotels,
2548 3462 111 25 Kotorua,)

2141 3493 49 19 Has
2196 3493 52 24 just
2256 3493 73 19 taken
2340 3498 57 14 over
2405 3493 47 19 this
2461 3493 77 19 Hotel.

1893 3518 130 19 Travellers
2031 3516 48 20 will
2086 3517 49 18 find
2144 3522 70 18 every
2222 3514 98 21 Modern
2330 3516 161 19 Convenience
2500 3516 123 19 combined
2628 3516 58 19 with
2693 3517 93 24 Civility

2199 3540 46 18 and
2251 3540 97 23 Prompt
2355 3540 126 19 attention.

1919 3585 44 20 The
1974 3585 99 19 situation
2082 3585 23 19 of
2119 3585 35 19 the
2169 3584 125 20 AVaverley
2312 3585 84 19 renders
2416 3585 16 18 it
2450 3584 97 26 specialty
2566 3584 120 19 convenient
2704 3585 32 18 for
2750 3585 36 19 the

1893 3611 120 25 Travelling
2022 3611 73 19 Public
2106 3611 39 18 and
2164 3610 88 20 Visitors
2268 3614 21 16 to
2305 3611 36 19 the
2358 3611 46 25 City
2420 3611 52 19 from
2488 3610 33 19 the
2538 3610 90 26 Country
2645 3610 28 25 by
2693 3611 54 19 train
2764 3618 22 12 or

1893 3640 94 16 steamer.

1894 3663 103 30 Special
2006 3662 208 30 Arrangements
2225 3664 75 22 made
2310 3662 40 24 for
2362 3661 45 25 the
2423 3663 176 23 convenience
2613 3662 28 23 of
2653 3662 131 24 Families.

2086 3700 202 18 NIGHT
2333 3701 262 17 RORTER.

2336 3726 9 11 o

1896 3743 176 25 First-class
2087 3743 116 25 Billiard
2221 3743 119 25 Rooms.
2378 3742 99 26 Wines
2491 3742 59 26 and
2568 3742 109 31 Spirits
2691 3742 33 26 of
2729 3742 55 26 the

1974 3777 70 24 best
2058 3776 125 25 Brands.
2228 3775 172 26 Hancock's
2423 3775 81 26 Prize
2520 3775 102 26 XXXX
2637 3775 69 25 Ales

2167 3808 113 33 always
2298 3815 38 19 on
2364 3808 140 32 draught.

1894 3883 50 44 M
1946 3885 18 17 R
1999 3883 78 43 W.
2195 3884 45 43 N
2241 3884 80 17 APIER
2322 3874 4 57 -
2355 3874 211 47 Rotorua
2592 3874 192 57 Library

1893 3946 172 20 BARRISTER
2077 3946 66 19 AND
2160 3946 167 19 SOLICITOR.
2364 3965 24 6 _
2418 3964 17 7 „

2467 3966 52 18 from
2531 3967 23 17 10
2566 3972 47 12 a.m.
2624 3967 20 17 to
2656 3966 10 17 5
2677 3971 48 18 p.m.
2745 3965 40 19 and

1894 3987 147 18 Commissioner
2054 3987 22 17 of
2087 3987 33 17 the
2134 3987 91 23 Supreme
2238 3987 59 18 Court
2309 3987 20 17 of
2353 3984 44 29 \J
2413 3994 45 17 6i30
2468 3994 21 16 to
2498 3993 24 17 10
2529 3998 49 19 p.m.
2583 3991 95 24 Sundays
2682 3991 32 18 till
2718 3992 32 24 9p
2758 3998 27 12 m.

2112 4016 14 16 Jl
2129 4016 4 29 '
2371 4021 176 24 Subscription:
2559 4021 43 18 20s
2611 4020 43 19 Per
2662 4020 103 19 Annum.

1894 4041 89 18 Solicitor
1991 4042 20 17 to
2020 4041 32 18 the
2064 4041 47 18 N.Z.
2127 4041 128 18 Government
2268 4041 62 18 under
2379 4051 88 20 visitors
2482 4057 47 18 may
2547 4055 85 20 procure
2646 4049 69 19 Books
2733 4049 52 20 from

1960 4066 39 15 Tho
2007 4066 98 15 Advances
2114 4066 20 15 to
2141 4066 77 16 Settlers
2225 4066 41 16 Act,
2355 4078 12 4 ~
2398 4077 10 8 T
2408 4077 20 8 .,
2537 4075 113 10 _!•___
2672 4075 31 10 ,i„.
2735 4075 15 10 u
2778 4076 8 9 x

2352 4078 36 18 the
2398 4078 86 23 Library
2495 4083 25 12 on
2538 4078 86 22 making
2640 4081 13 13 a
2671 4078 79 22 deposit
2766 4078 20 16 of

1893 4095 100 18 Victohia
2001 4096 90 20 Arcvde,
2101 4095 112 22 Qtjeex-st,
2223 4095 106 19 Auckland.
2352 4106 36 16 not
2397 4103 41 19 less
2447 4103 49 18 than
2517 4104 28 21 ss,
2564 4102 40 19 and
2620 4101 126 25 purchasing
2767 4103 19 18 Is

1916 4135 72 23 Monoy
1996 4137 21 16 to
2023 4136 54 17 Lend
2086 4142 24 11 on
2119 4136 85 17 freehold
2219 4136 82 22 secuiity
2309 4138 21 15 at
2352 4135 80 19 coupon
2441 4128 33 19 for
2483 4135 60 18 every
2555 4128 54 19 Four
2618 4126 71 20 books,

1893 4158 37 17 low
1946 4160 52 16 rates
2014 4159 19 17 of
2046 4159 83 17 interest.
2159 4159 71 23 Monoy
2244 4159 84 18 invested
2378 4155 43 18 The
2439 4154 86 25 Library
2548 4160 18 12 is
2585 4160 52 19 open
2659 4153 76 26 during
2752 4153 34 20 the

1893 4181 30 18 for
1931 4181 67 19 clients
2007 4182 39 18 freo
2054 4182 21 18 of
2082 4182 76 22 charge.
2352 4180 85 18 evenine
2437 4180 3 24 l
2442 4180 4 24 .

2818 194 48 41 HI
2884 194 18 41 N
2918 194 21 41 E
2954 195 61 41 MO
3029 195 20 41 A
3079 197 140 44 STOPS

3001 251 70 3 _______
3179 241 5 1 ~
3188 237 5 7 L
3207 237 11 12 *i

2883 263 103 19 ILLIAM
3006 265 107 21 EOGERS
3128 268 54 21 direct
3209 279 10 17 „

2836 292 27 14 TT
2896 290 79 18 tention
2985 291 63 19 tothe
3059 293 123 21 lollowinHii
3213 290 14 27 ,',

2817 368 102 25 Bycroft's
2930 369 111 20 Snowdrift
3050 371 51 19 N.Z-
3110 373 58 22 Flour

2818 394 103 24 Sultanas,
2933 395 101 20 Muscatel
3042 398 39 18 and
3089 398 91 23 Valencia
3191 404 29 20 ]V

2870 421 48 20 sins,
2930 421 42 20 and
2980 421 98 21 Currants

2852 453 16 17 fs
2876 447 40 19 and
2926 448 113 19 Presorved
3049 449 81 26 Ginger,
3141 452 59 25 Spices

2817 472 77 19 Lemon
2904 474 41 18 and
2956 474 82 26 Orange
3048 474 48 21 Peel

2874 498 70 20 White
2954 500 113 23 Sugar—A
3083 503 106 25 Speciality.

2820 525 49 19 New
2881 525 92 20 Zealand
2979 526 64 26 Dairy
3050 528 136 24 Association's
3192 536 36 21 JV,

2923 554 38 17 ter.

2845 577 60 19 TEA.
2965 578 115 21 COFFEE,
3132 582 80 26 COCOA.

2810 622 1 39 1
2819 625 88 20 General
2920 627 128 20 Assortment
3066 630 20 19 of
3103 630 126 31 Storekeeper',

2998 654 74 20 Goods.

2880 691 307 61 HINEMOTSTORE,

2822 783 53 45 B.
2917 785 44 43 S.
3008 786 36 43 C
3064 787 113 22 OELE

2901 876 98 26 Building
3014 878 110 25 Surveyor,
3139 881 33 19 &c.

2823 951 70 23 Agent
2912 949 35 20 for
2965 950 34 19 the
3023 951 96 20 National
3144 954 42 21 Fire
3205 966 7 11 (i
3213 961 18 19 nd

2914 976 81 20 Marine
3003 978 113 19 Insurance
3126 980 35 20 Co.

2862 1033 174 44 [okoia
3107 1037 114 44 yiM
3221 1046 10 18 f

2977 1088 123 21 PRIVATE

2821 1118 243 36 BOA&DIRG
3064 1138 14 31 L
3085 1121 147 42 HOUSE,

2822 1179 111 27 Opposite
2948 1180 40 20 the
3004 1182 55 19 Post
3069 1183 47 19 and
3126 1185 105 29 Telegraph

3000 1208 79 20 Office.

2821 1237 45 19 And
2888 1244 49 13 near
2958 1239 33 19 the
3012 1239 119 21 Celebrated
3156 1243 39 21 Pill
3200 1248 31 18 est

2861 1264 118 20 RACHEL
2996 1267 39 19 and
3048 1267 56 19 other
3115 1268 84 22 BATHS

2966 1291 144 22 ROTORUA.

2820 1341 112 35 TERMS:
2942 1342 42 20 26s
2992 1349 42 18 per
3040 1345 72 24 week,
3121 1346 28 19 5s
3156 1352 35 19 per
3197 1350 32 26 day

2854 1375 116 39 MRS
3013 1377 197 50 YOUNG,

2955 1425 171 22 PjiOPHIETSKSS.

2899 1521 143 20 tuiua

2833 1694 105 34 BAKER
2949 1697 26 31 &
2986 1697 241 36 CONFECTIONER.

2871 1773 85 25 Bread
2970 1777 132 24 delivered
3119 1779 74 31 daily.

2870 1843 167 27 GROCERIES,

3015 1881 143 24 DRAPERY,

3008 1919 46 14 AND

2815 1944 125 20 GENERAL
2945 1947 207 21 STOREKEEPER'S
3159 1951 75 19 GOODS.

2833 1999 42 46 <J.
2905 1999 47 47 R.
2988 2000 230 55 LU«NDQ\N,

2948 2071 166 24 SOLICITOR,

2836 2106 28 20 2C,
2876 2106 217 24 SIIORTLAXD-STREET,
3103 2109 112 19 AUCKLAND.

2810 2151 156 20 N,B,—Attends
2975 2156 80 21 country
3065 2155 67 18 Courts
3140 2156 25 23 by
3176 2158 57 21 special

2810 2178 139 20 arrangement.

2865 2233 314 50 AWKLRHd

2820 2302 177 44 COFFEE
3038 2305 185 43 PALACE.

2859 2375 146 32 QUEEN
3026 2377 163 35 STREET,

2806 2434 65 25 Also
2894 2437 109 30 opposite
3025 2437 108 25 Herald
3159 2438 74 32 Office.

2837 2546 52 47 E.
2939 2547 267 56 WATERS,

2907 2627 240 28 PROPRIETOR.

2858 2694 29 27 J.
2907 2695 51 26 W.
2982 2696 208 30 WRIGLEY,

2831 2761 384 26 ARCHITECT,

2937 2794 183 19 ROTORUH.

2834 2858 70 25 Agent
2912 2859 33 19 for
2960 2861 36 18 the
3014 2861 64 19 South
3099 2861 78 19 British
3196 2862 38 19 Fire

2808 2884 41 19 and
2859 2885 81 19 Marine
2949 2886 113 20 Insurance
3072 2887 110 26 Company.

2855 2941 31 41 A,
2914 2942 72 41 AND
3012 2943 31 41 G,
3070 2944 124 47 BROOK,

2808 3001 83 23 BOOT
2905 3002 71 24 AND
2993 3003 82 23 SHOE
3096 3003 139 29 MAKERS,

2867 3042 90 20 Fenton
2973 3043 89 25 Stheet,
3085 3045 104 20 RoroauA.

2808 3074 47 20 And
2878 3076 22 18 at
2930 3076 85 19 Parnell
3038 3076 40 19 and
3107 3077 128 20 Newmarket.

2836 3144 66 25 Large
2912 3144 40 19 and
2964 3146 67 19 varied
3048 3146 62 19 Stock
3121 3146 22 19 of
3153 3145 82 25 English,

2809 3169 88 26 Foreign
2909 3171 40 19 and
2961 3172 91 19 Colonial
3064 3173 61 18 Boots
3135 3175 37 16 and
3181 3174 54 17 SIIO6B

2871 3198 22 17 to
2904 3197 73 20 choose
2989 3199 50 18 from
3050 3201 22 16 at
3083 3199 34 19 the
3128 3202 51 16 most-

2845 3233 217 35 REASONABLE
3084 3237 124 31 PRICES.

2902 3276 94 20 FRESH
3013 3278 89 19 STOCK
3115 3278 37 20 OF

2808 3309 172 25 FOOTBALL
2995 3311 98 25 BOOTS
3104 3313 42 25 just
3159 3311 76 21 arrived.

2810 3351 35 19 All
2860 3351 72 20 orders
2948 3352 40 19 and
3005 3353 75 25 repairs
3097 3353 138 26 expeditiously

2975 3380 103 19 executed.

2810 3411 23 18 S.
2848 3410 25 20 B.
2888 3412 151 23 FORDYCE,
3065 3423 8 4 -
3097 3423 8 3 -
3128 3413 106 23 Manager

2808 3459 30 19 W.
2845 3460 21 17 L.
2874 3461 99 21 Forster,
2984 3466 43 16 c.E.,
3053 3462 26 18 H.
3091 3462 28 18 W.
3129 3463 106 19 Mitchell,

2892 3497 40 11 LATE
3064 3498 97 11 AUTHORISED
3170 3499 40 10 LAND

2808 3512 80 11 ENGINEER
2895 3514 70 10 MIDLAND
2972 3515 76 12 RAILWAY.
3069 3515 9 10 4
3087 3515 55 10 MININQ
3158 3515 77 11 SURVEYOH,

2810 3530 85 16 UaUUAKI
2905 3531 8 15 J.
2914 3530 4 18 J
2919 3536 94 12 LNINfcULA.
3052 3531 83 17 KoIOBUA
3144 3532 14 16 &
3166 3534 68 14 i'AKHOA.

2809 3591 161 42 FORSTER
2998 3593 24 40 &
3055 3593 179 45 MITCHELL,

2836 3650 112 27 MINING
2965 3651 170 27 ENGINEERS
3155 3652 58 26 AND

2937 3686 186 30 SURVEYORS,

2806 3727 121 19 VALUERS
2940 3729 33 18 OF
2982 3730 100 17 MINING
3093 3730 54 18 AND
3156 3729 79 19 OTHER

2941 3753 166 21 PROPERTIES,

2878 3789 107 21 Hauraki,
3003 3790 51 17 New
3069 3790 103 18 Zealand.

2830 3852 95 18 Members
2934 3853 20 17 of
2963 3853 33 17 the
3004 3853 48 18 N.Z.
3062 3853 90 18 Institute
3164 3853 20 18 of
3197 3852 29 18 Sur-

2806 3880 74 17 veyors.

2806 3909 107 18 Address—

2878 3945 119 19 Normandy
3008 3945 64 22 Road,
3084 3946 88 18 Paeroa.

2926 4004 65 18 paper
3009 3997 41 19 and
3066 3997 114 25 Envelopes
3196 3994 38 22 with

2888 4023 84 25 printed
2984 4023 91 25 heading
3085 4024 22 18 at
3116 4023 64 25 cheap
3187 4024 47 17 rates

2808 4050 23 17 at
2840 4047 108 21 Chronicle
2962 4049 64 19 office.
