2559 4060
1323 1742 39 23 On
1379 1742 39 23 the
1435 1742 83 24 arrival
1534 1742 27 24 of
1585 1742 37 24 the
1643 1742 161 24 Abercrombie
1821 1743 56 24 here

1288 1775 59 23 from
1365 1775 132 30 Auckland,
1514 1784 12 15 a
1547 1776 68 23 letter
1630 1784 47 15 was
1697 1776 104 24 received
1818 1776 58 25 from

1288 1808 49 23 Mr.
1357 1809 146 30 Montefiore,
1530 1809 39 23 the
1587 1809 80 31 Agent
1688 1809 26 23 of
1735 1809 38 24 the
1794 1811 82 28 vessel,

1288 1841 145 32 deprecating
1445 1842 39 24 the
1501 1842 33 24 ide
1534 1865 6 7 v
1537 1851 12 15 a
1562 1842 25 23 of
1601 1843 47 23 this
1659 1843 75 24 vessel
1752 1843 69 31 being
1839 1852 37 15 re-

1287 1875 85 31 garded
1383 1884 25 15 as
1417 1876 95 31 visiting
1522 1884 41 15 our
1580 1881 51 26 port
1649 1876 57 24 with
1724 1877 152 24 mischievous

1288 1917 118 23 purposes.
1441 1909 45 24 We
1503 1917 65 21 were,
1582 1910 111 28 however,
1707 1911 128 31 suspicious
1848 1919 29 16 on

1288 1942 38 23 the
1338 1943 96 31 subject,
1447 1943 45 23 and
1502 1943 109 23 therefore
1625 1943 38 23 did
1675 1947 41 19 not
1733 1945 144 23 recommend

1288 1975 48 24 that
1349 1976 38 23 the
1398 1976 124 24 Auckland
1538 1975 90 24 Packet
1650 1976 141 32 Company's
1801 1978 75 23 vessel

1288 2009 81 23 should
1380 2010 29 23 be
1422 2010 148 31 encouraged.
1615 2010 52 23 The
1683 2010 147 24 information
1841 2018 34 16 we

1288 2041 57 23 have
1365 2040 111 31 received,
1495 2043 61 22 leads
1574 2050 28 15 us
1625 2050 51 15 now
1694 2046 24 19 to
1736 2044 88 21 believe
1843 2050 34 16 we

1288 2083 59 15 were
1359 2081 86 17 correct
1455 2076 26 22 in
1497 2083 40 15 our
1560 2076 137 31 suspicions,
1718 2075 45 23 and
1781 2083 34 16 we
1838 2083 39 16 are

1288 2109 93 23 assured
1411 2109 40 23 she
1475 2108 82 24 should
1580 2109 26 23 be
1629 2108 113 31 regarded
1768 2116 25 16 as
1815 2117 63 23 upon

1288 2149 14 15 a
1313 2142 114 31 crimping
1437 2142 140 32 expedition.
1613 2142 52 24 The
1677 2142 91 24 settlers
1780 2142 54 29 will,
1848 2151 29 15 no

1289 2175 77 30 doubt,
1386 2177 53 30 give
1455 2175 43 24 her
1516 2175 37 24 the
1571 2180 96 27 support
1678 2180 23 19 to
1713 2175 74 24 which
1799 2176 41 23 she
1857 2177 21 23 is

1288 2209 102 23 entitled.
1427 2209 50 23 The
1490 2210 79 31 people
1590 2210 25 22 of
1632 2209 47 23 this
1695 2209 64 32 place
1778 2217 54 23 may
1848 2210 30 24 be

1288 2242 110 32 perfectly
1406 2243 130 24 indifferent
1544 2243 70 23 about
1625 2243 192 24 communication
1823 2244 56 23 with

1288 2276 133 24 Auckland.
1442 2280 2 4 '
1456 2276 67 31 They
1535 2284 43 16 can
1590 2277 27 23 do
1626 2276 98 24 without
1731 2277 27 23 it.
1790 2276 27 24 If
1824 2277 55 32 they

1289 2317 39 15 are
1343 2309 100 24 inclined
1455 2314 22 19 to
1498 2317 126 24 encourage
1637 2318 13 15 a
1661 2309 91 32 packet,
1766 2310 19 23 it
1797 2310 83 25 should

1289 2342 28 24 be
1328 2343 101 23 between
1441 2343 46 23 this
1500 2343 42 23 and
1555 2344 102 30 Sydney.
1695 2343 42 24 We
1749 2344 60 23 shall
1822 2352 57 16 soon

1288 2376 29 23 be
1328 2377 25 22 in
1364 2384 14 15 a
1389 2376 115 24 condition
1515 2380 22 19 to
1549 2381 81 27 export
1642 2377 37 23 the
1690 2377 101 31 produce
1803 2377 25 23 of
1841 2378 38 24 the

1289 2409 51 29 soil,
1356 2410 53 23 ,and
1433 2414 64 20 must
1518 2410 55 23 seek
1599 2418 41 16 our
1668 2410 91 24 market
1783 2411 25 23 in
1829 2411 51 25 that

1289 2442 117 24 direction.

147 2469 278 21 METEOROLOGICAL
438 2469 105 21 TABLE.

67 2497 43 21 For
121 2497 35 20 the
165 2497 55 20 week
234 2497 75 24 ending
320 2496 116 26 Thursday,
447 2497 53 21 Dec.
512 2497 35 24 30,
560 2497 62 21 1841.

1324 2497 50 23 The
1385 2497 61 31 body
1456 2497 27 23 of
1498 2497 46 24 Mr.
1566 2497 81 29 Dunn,
1660 2498 51 23 who
1730 2506 47 15 was
1796 2498 82 25 unfor-

1289 2530 103 32 tunately
1414 2530 106 24 drowned
1547 2538 15 15 a
1589 2531 44 23 few
1657 2531 55 31 days
1736 2532 70 29 since,
1830 2540 48 16 was

1288 2563 93 24 washed
1399 2571 30 16 on
1448 2563 68 24 shore
1531 2564 124 31 yesterday
1672 2566 116 30 morning,
1811 2566 69 23 much

1289 2596 133 33 disfigured.
1468 2598 41 23 An
1526 2598 94 30 inquest
1639 2598 48 24 will
1709 2599 28 23 be
1759 2598 55 24 held
1833 2599 47 24 this

1289 2630 52 31 dayi
1354 2636 23 19 at
1389 2631 92 24 Petoni.

1323 2690 45 24 We
1379 2690 58 24 have
1448 2691 58 23 been
1514 2691 121 31 requested
1646 2696 24 18 to
1681 2696 87 19 correct
1779 2700 31 15 an
1818 2699 62 17 error

1289 2725 49 23 into
1350 2724 74 24 which
1436 2732 33 15 we
1481 2725 39 23 fell
1530 2725 47 22 last
1589 2725 71 29 week,
1680 2725 57 23 with
1747 2730 90 26 respect
1857 2730 23 19 to

1291 2757 38 24 the
1351 2758 47 23 sale
1416 2758 26 23 of
1456 2758 40 24 the
1514 2758 76 24 wreck
1607 2758 46 24 and
1674 2758 104 24 sundries
1801 2759 25 23 of
1841 2759 39 24 the

1293 2790 119 30 Wintcick,
1433 2791 76 24 which
1526 2799 35 16 we
1586 2791 74 24 stated
1671 2812 3 4 .
1680 2791 100 24 realized
1797 2792 82 25 £500.

1291 2824 52 24 The
1355 2829 93 19 amount
1461 2824 98 24 realized
1571 2832 46 16 was
1636 2825 161 32 considerably
1806 2826 74 24 under

1290 2859 80 23 £400*

1324 2912 72 27 Want
1418 2912 25 24 of
1463 2920 65 24 space
1552 2912 101 32 compels
1671 2921 29 15 us
1723 2917 24 20 to
1769 2918 112 27 postpone

1291 2954 63 16 some
1376 2945 105 25 remarks
1503 2950 34 20 we'
1557 2946 121 32 proposed-
1693 2947 98 32 making
1818 2955 63 24 upon

1292 2980 98 31 Captain
1402 2979 117 24 Hobson's
1533 2980 91 31 speech.

1325 3037 93 24 Birth.
1421 3050 34 4 —
1456 3038 39 24 On
1507 3038 37 23 the
1557 3038 59 24 29th
1627 3038 147 29 December,-
1782 3038 60 24 Mrs.
1856 3038 22 24 J.

1290 3070 108 30 M'Beth,
1411 3071 26 24 of
1451 3079 14 15 a
1476 3079 48 16 son.

1906 133 68 28 'time,
1984 132 50 23 half
2046 133 27 22 of
2083 133 39 22 the
2132 130 136 31 capabilities
2278 134 26 21 of
2313 132 45 23 this
2367 132 85 25 district
2461 141 39 16 are

1911 160 116 22 unknown
2037 160 29 22 in'
2078 160 111 28 England,
2199 160 18 22 it
2224 160 20 22 is
2260 160 110 28 certainly
2387 160 73 28 owing
2476 165 25 18 to

1912 193 30 16 no
1952 187 131 27 negligence
2093 194 26 15 or
2127 187 109 22 inertness
2246 194 31 15 on
2286 186 58 23 their
2352 190 56 25 part.
2435 188 66 28 They

1912 213 58 22 have
1987 214 47 21 also
2057 214 68 26 given
2145 213 213 31 pr.omisea,\..which.
2363 214 12 21 I
2387 224 4 14 ;
2392 213 63 25 have.
2466 221 35 16 no

1912 240 70 22 doubt
1991 240 54 28 they
2058 240 47 22 will
2116 242 97 25 redeem,
2224 244 24 18 to
2262 247 64 21 spare
2341 240 88 23 neither
2436 247 66 16 exer-

1911 266 49 23 tion
1978 274 43 15 nor
2038 273 98 21 expense
2156 266 36 23 for
2208 266 37 23 the
2265 267 54 22 sake
2336 267 28 22 of
2380 267 122 29 rendering

1912 293 55 22 Port
1976 293 124 22 Nicholson
2115 294 25 22 in
2155 293 46 22 fact
2216 294 62 21 what
2292 293 19 22 it
2325 292 19 23 is
2354 293 108 24 intended
2469 294 32 28 by

1911 323 81 19 nature
2005 323 24 19 to
2043 320 36 27 be,
2090 320 40 22 the
2145 320 142 23 commercial
2302 320 82 28 capital
2399 320 27 23 of
2442 320 60 24 New

1911 346 106 23 Zealand.
2053 347 45 22 For
2115 347 30 22 all
2159 346 44 23 this
2218 354 34 15 we
2264 353 48 16 owe
2326 346 64 23 them
2404 347 96 28 thanks;

1911 374 47 22 and
1967 373 44 23 had
2021 373 54 28 they
2083 374 58 22 been
2147 383 4 7 '
2158 373 133 32 adequately
2299 374 113 23 seconded
2422 374 24 22 in
2455 374 46 23 this

1911 404 102 24 country,
2024 407 31 15 no
2071 400 169 23 dissatisfaction
2245 399 87 24 /would
2346 399 57 24 have
2420 400 89 23 arisen/

1911 427 48 22 The
1977 426 118 28 exception
2110 430 24 19 to
2145 426 74 23 which
2227 424 19 25 'l
2263 426 75 23 allude
2356 428 21 21 is
2391 426 37 23 the
2443 431 59 19 esta-

1909 454 125 22 blishment
2050 454 27 21 of
2091 454 41 22 the
2145 453 134 23 Settlement
2293 453 28 22 of
2336 453 100 29 Nelson;
2460 454 42 23 but

1911 480 109 28 although
2028 481 11 21 I
2049 480 88 23 believe
2144 480 40 23 the
2198 480 119 22 formation
2327 480 27 22 of
2362 480 50 23 that
2424 481 77 22 settle-

1910 506 65 24 ment
1984 515 41 14 can
2034 507 80 29 hardly
2122 506 41 23 fail
2176 510 23 19 to
2213 506 82 23 render
2308 506 39 23 the
2361 515 99 21 progress
2476 508 28 22 of

1911 534 55 22 Port
1978 534 125 23 Nicholson
2116 541 62 15 more
2187 533 52 23 slow
2249 534 46 22 and
2309 535 127 27 precarious
2444 534 57 23 than

1910 560 201 23 would'otherwise
2121 560 57 23 have
2192 560 57 23 been
2264 560 38 22 the
2316 568 57 20 case,
2384 561 45 22 and
2443 562 59 22 ima-

1909 588 54 26 gine
1980 588 49 22 that
2043 587 44 22 this
2104 588 71 21 result
2189 587 20 22 is
2224 588 91 27 already
2329 588 103 28 partially
2448 596 52 15 rea-

1909 614 68 28 lized]
1984 615 24 22 in
2025 614 108 27 England
2133 626 26 4 —
2159 617 45 25 yet,
2215 621 24 15 as
2255 614 12 21 I
2283 614 67 23 k'ndw
2366 614 51 23 that
2431 623 70 20 many-

1910 649 92 19 persons
2011 641 79 28 deeply
2100 640 120 23 interested
2234 641 25 22 in
2274 640 37 23 the
2321 648 89 16 success
2419 642 25 22 of
2455 642 45 22 this

1909 668 130 23 settlement
2057 668 28 22 do
2105 672 40 18 not
2168 667 130 28 participate
2316 668 24 21 in
2363 676 39 20 my
2420 676 80 20 appre-

1909 694 102 28 hension,
2020 696 12 20 I
2041 702 37 15 am
2088 695 61 28 quite
2157 694 83 27 willing
2250 699 24 17 to
2284 694 117 28 exculpate
2411 695 37 22 the
2457 696 43 22 Di-

1909 719 125 26 rectoYs'of
2049 722 38 21 the
2105 722 55 22 New
2177 721 101 23 Zealand
2293 721 129 29 Company,'
2427 722 46 23 and
2487 723 13 21 I

1909 756 43 15 can
1962 749 86 27 readily
2060 748 99 28 imagine
2174 748 48 22 that
2237 748 53 28 they
2301 750 108 26 expected
2418 749 30 27 by
2460 749 40 23 the

1909 776 120 23 formation
2040 776 25 21 of
2077 776 38 21 the
2126 775 133 22 Settlement
2271 774 4 12 :
2275 775 26 22 of
2311 774 86 23 Nelson
2412 779 22 18 to
2447 776 54 28 give

1909 810 26 15 us
1945 811 14 14 a
1968 803 115 27 coadjutor
2091 802 89 22 instead
2189 801 26 22 of
2224 802 85 27 raising
2317 809 32 21 up
2358 809 15 16 a'
2380 802 63 23 rival.

1936 837 45 22 But
1996 838 24 21 in
2037 836 53 23 Port
2105 835 122 23 Nicholson
2241 843 35 15 we
2288 835 54 23 look
2355 836 24 22 in
2394 837 52 21 vain
2460 837 38 23 for

1909 863 38 22 the
1970 864 75 27 proofs
2067 863 27 22 of
2111 871 15 15 a
2148 863 175 28 corresponding
2346 870 84 21 energy
2453 864 46 23 and

1908 890 100 28 activity.
2035 890 74 28 What,
2121 894 22 18 to
2152 889 53 23 take
2214 890 55 27 only
2278 897 41 15 one
2334 889 107 28 instance,
2458 889 41 24 has

1907 917 59 22 been
1977 918 57 22 done
2044 921 22 19 to
2076 917 94 23 second,
2176 916 37 24 the
2227 917 113 22 exertions
2354 917 26 22 of
2389 917 37 22 the
2441 917 77 24 New\

1908 943 102 24 Zealand
2025 945 115 27 Company
2161 947 22 19 to
2306 943 46 23 and
2368 943 77 23 diffuse
2461 943 38 23 in-
2518 945 2 5 '

1907 971 122 23 formation
2036 973 23 21 of
2067 971 39 23 the
2112 967 134 29 advantages
2254 971 24 21 of
2286 970 44 22 this
2339 970 62 27 place
2406 971 11 21 1
2438 971 61 23 How

1907 997 24 22 is-
1935 998 19 22 it
1959 998 58 28 -that,
2029 1006 49 15 now
2087 998 85 22 fof.the.
2177 997 47 22 first
2233 997 61 28 time,
2305 995 59 24 after
2372 1000 45 20 two
2424 999 74 26 years!

1909 1024 116 23 residence
2034 1026 24 21 in
2067 1025 56 22 New
2134 1023 105 29 Zealand,
2248 1031 34 15 we
2292 1023 85 29 obtain,
2384 1025 29 27 by
2419 1032 80 15 means

1909 1052 26 20 of
1955 1051 37 23 the
2011 1053 134 27 Company's
2165 1051 93 27 officers,
2278 1058 62 16 some
2357 1058 72 20 vague
2452 1053 47 22 and

1907 1079 92 26 general
2015 1079 143 22 information
2169 1086 23 14 as
2209 1081 22 19 to
2241 1077 39 23 the
2293 1080 45 20 two
2347 1082 58 18 most
2413 1078 84 27 impor-

1908 1108 50 19 tant
1964 1106 94 22 districts
2066 1105 125 23 connected
2200 1105 52 22 with
2260 1105 44 22 this
2312 1105 72 28 place,
2392 1105 38 22 the
2435 1107 62 21 Wai-

1907 1139 80 20 rarapa
1996 1134 45 21 and
2051 1133 36 22 the
2098 1136 94 24 coimtry
2206 1132 100 22 between
2319 1132 118 22 Waikanai
2450 1134 47 21 and

1908 1159 121 27 Rangatiki
2038 1161 10 22 ?
2074 1160 89 21 Official
2175 1159 143 28 intelligence
2331 1159 43 22 has
2384 1159 56 22 been
2450 1159 47 23 for-

1907 1187 91 22 waided
2014 1190 23 19 to
2055 1187 104 26 England
2175 1186 25 21 of
2212 1187 38 22 the
2259 1186 144 27 'advantages
2420 1187 26 21 of
2456 1187 40 22 the

1907 1217 96 24 country
2015 1214 149 26 surrounding
2182 1213 53 22 Port
2249 1213 93 31 Cooper,
2358 1213 40 22 but
2412 1220 13 15 a
2438 1216 59 21 tract

1907 1241 90 27 equally
2006 1241 115 22 extensive
2132 1239 45 23 and
2191 1247 61 14 more
2268 1239 95 23 suitable
2372 1241 35 21 for
2420 1241 77 22 settle-

1907 1270 65 19 ment
1986 1268 25 22 in
2027 1275 40 14 our
2079 1267 130 22 immediate
2222 1267 94 27 vicinity
2325 1267 42 22 has
2380 1267 117 24 remained

1907 1294 122 28 unknown,
2046 1301 52 15 save
2111 1295 58 20 from
2184 1293 36 22 the
2234 1301 73 20 vague
2320 1297 86 24 reports
2420 1294 26 21 of
2457 1294 40 23 the

1907 1321 94 27 natives,
2018 1321 46 22 and
2078 1329 14 14 a
2100 1322 43 21 few
2151 1328 92 20 persons
2252 1321 51 21 who
2312 1320 47 23 had
2367 1321 79 22 visited
2456 1321 40 23 the

1905 1347 71 24 rivers
1985 1349 35 22 for
2031 1348 142 28 thepurpose
2182 1347 26 22 of
2220 1347 79 22 traffic.
2327 1348 55 22 Had
2391 1352 105 20 accurate

1905 1374 145 24 information
2060 1382 30 15 on
2101 1375 61 22 these
2177 1373 73 29 points
2265 1375 57 22 been
2337 1375 124 22 forwarded
2472 1379 24 19 to

1907 1401 104 29 England
2028 1402 102 27 eighteen
2145 1401 90 22 months
2248 1409 50 19 ago,
2319 1409 25 14 as
2359 1402 72 27 might
2443 1403 53 22 well

1906 1428 58 23 have
1978 1430 57 21 been
2049 1428 38 23 the
2103 1436 57 20 case,
2176 1428 37 21 the
2226 1428 84 27 feeling
2320 1428 64 23 there
2399 1430 96 22 towards

1907 1455 54 23 Port
1970 1456 130 26 Nicholson,
2109 1464 24 14 as
2142 1455 123 22 evidenced
2274 1456 30 26 by
2310 1455 38 22 the
2358 1456 138 23 investment

1906 1482 27 22 of
1939 1484 81 27 capital
2029 1483 43 22 and
2082 1484 39 21 the
2133 1482 132 28 emigration
2276 1482 25 22 of
2313 1483 95 27 settlers,
2418 1483 81 23 would'

1905 1510 112 28 probably
2024 1510 55 22 have
2093 1510 58 23 been
2159 1510 37 21 far
2205 1508 102 23 different
2315 1510 59 23 from
2386 1510 58 23 what
2457 1517 35 16 we

1906 1543 51 16 now
1968 1537 138 28 experience.

1934 1571 12 21 I
1963 1579 36 15 am
2016 1571 84 27 willing
2116 1574 21 20 to
2154 1578 51 21 pass
2220 1578 54 15 over
2288 1578 58 21 your
2360 1575 93 25 attempt
2468 1575 28 20 to-

1905 1599 91 22 convict
2023 1606 35 14 me
2085 1599 27 22 of
2135 1606 68 19 error,
2227 1599 25 21 in
2277 1598 79 29 saying
2382 1599 47 21 that
2453 1599 39 23 the

1905 1624 170 35 Gompanyjwill
2083 1625 89 23 receive
2185 1626 91 27 800,000
2285 1633 63 15 acres
2358 1626 26 22 of
2392 1626 61 27 land,
2468 1627 26 22 in

1903 1656 89 24 .respect
2003 1653 26 22 of
2038 1653 37 22 the
2093 1652 145 28 expenditure
2248 1654 26 21 of
2286 1652 38 22 the
2340 1656 103 19 amounts
2456 1660 37 15 re-

1905 1679 79 22 ceived
1992 1681 57 31 frojin
2064 1679 38 23 the
2112 1679 129 28 purchasers
2252 1681 26 21 of
2287 1679 93 23 land-in
2390 1681 43 21 this
2448 1680 46 23 dis-

1905 1707 59 26 trict,
1975 1707 94 22 because
2083 1707 100 22 whether
2192 1707 35 22 the
2238 1710 121 19 amountis
2368 1709 94 25 800,Q0(f
2469 1715 27 16 or

1904 1734 93 27 480,000
2011 1742 67 18 acres,
2096 1734 38 23 the
2149 1733 108 28 principle
2267 1735 18 21 is
2295 1734 38 22 the
2343 1742 67 14 same.
2441 1735 54 23 You

1905 1761 71 27 might
1986 1761 57 22 have
2057 1761 76 22 shewn
2142 1759 50 23 that
2201 1761 11 20 I
2221 1761 45 22 had
2275 1761 57 22 been
2342 1762 100 27 careless,
2453 1762 43 23 but

1905 1792 41 17 not
1951 1788 49 22 that
2005 1787 38 23 the
2048 1789 56 21 New
2111 1788 99 22 Zealand
2216 1789 116 27 Company
2338 1788 18 22 is
2363 1789 132 27 discharged

1905 1814 58 23 from
1971 1815 37 22 the
2017 1815 120 27 obligation
2145 1818 24 18 to
2177 1815 63 22 assist
2246 1823 26 14 vs
2278 1823 26 14 :—
2305 1815 46 22 and
2357 1818 23 19 to
2390 1816 105 23 establish

1904 1842 40 22 the
1954 1842 45 23 fact
2009 1842 24 23 of
2045 1842 45 22 this
2106 1842 128 28 obligation,
2246 1842 45 22 and
2306 1846 99 18 contrast
2414 1843 18 22 it
2439 1843 57 22 with

1905 1869 61 22 what
1977 1869 39 22 has
2032 1870 58 21 been
2107 1870 59 21 done
2182 1870 49 20 here
2240 1877 45 14 was
2301 1877 39 20 my
2350 1870 59 27 only.
2413 1870 82 28 object.

1904 1896 48 22 The
1968 1897 79 27 reality
2064 1897 26 21 of
2102 1904 40 14 our
2157 1896 63 22 claim
2236 1901 24 18 to
2278 1896 43 22 this
2338 1897 120 22 assistance
2474 1898 23 22 is

1905 1923 109 23 admitted
2023 1923 29 27 by
2062 1924 39 21 the
2117 1924 113 22 Directors
2247 1924 27 21 of
2283 1923 50 22 that
2347 1924 113 28 Company
2470 1925 26 22 in

1905 1950 59 22 their
1973 1952 44 21 last
2022 1949 3 28 I
2031 1954 82 24 report.
2142 1951 10 20 I
2171 1950 56 23 have
2243 1959 30 14 no
2290 1950 71 22 doubt
2377 1950 49 23 that
2440 1951 56 28 they

1904 1977 46 22 will
1960 1982 36 18 act
2005 1978 22 22 in
2038 1978 38 21 the
2094 1978 98 26 spirittof
2203 1977 42 22 this
2261 1978 129 24 admission,
2400 1978 48 23 but,
2452 1978 47 23 this

1904 2003 54 22 does
1971 2004 108 28 not|free'
2086 2004 58 21 their
2161 2003 112 28 Principal
2290 2003 76 26 Agent
2380 2004 57 22 from
2457 2004 41 24 the

1904 2030 82 26 charge
2003 2031 25 21 of
2039 2030 95 26 neglect.
2164 2030 21 21 It
2195 2030 17 21 is
2222 2038 51 14 now
2289 2030 79 26 nearly
2379 2034 42 17 two
2430 2039 70 18 years

1904 2056 62 21 since
1976 2057 37 21 the
2022 2057 111 26 necessity
2143 2056 27 21 of
2179 2063 61 14 some
2250 2056 174 27 distinguishing
2432 2058 67 21 mark

1905 2086 23 17 at
1943 2083 36 22 the
1988 2083 69 22 heads
2062 2095 5 5 <
2073 2083 27 20 of
2111 2083 43 22 this
2165 2083 97 22 harbour
2275 2083 39 21 has
2332 2083 56 22 been
2404 2084 94 26 pointed

1905 2113 47 18 out.
1981 2110 88 27 During
2078 2109 50 22 that
2137 2110 78 27 period
2224 2110 78 28 nearly
2308 2110 57 22 4000
2377 2111 121 27 emigrants

1905 2135 58 23 have
1978 2137 87 22 arrived
2083 2137 24 22 in
2128 2137 44 22 this
2190 2137 98 22 harbour
2305 2137 58 22 from
2384 2138 112 28 England.

1905 2163 176 27 Providentially
2091 2164 53 28 they
2154 2161 57 25 have
2221 2164 30 22 all
2262 2164 88 22 arrived
2359 2164 77 29 safely.
2466 2166 28 28 If,

1905 2189 112 29 however,
2017 2192 1 13 1
2027 2191 19 22 it
2053 2190 47 23 had
2113 2190 117 32 happened
2245 2191 48 22 that
2306 2198 46 20 any
2363 2199 42 15 one
2421 2193 27 21 of
2458 2192 39 23 the

1905 2218 115 26 emigrant!
2025 2218 82 22 vessels
2122 2218 45 23 had
2181 2222 46 18 met
2244 2218 53 22 with
2306 2218 39 23 the
2361 2219 45 22 fate
2421 2220 25 21 of
2457 2220 41 23 the

1905 2246 72 20 David
1986 2253 25 14 or
2020 2245 37 22 the
2075 2246 57 27 Elbe,
2144 2246 38 21 tbe
2199 2245 136 29 Company's
2352 2246 77 27 Agent
2436 2252 63 17 must

1905 2272 59 22 have
1977 2273 57 22 been
2050 2275 24 19 to
2091 2280 61 15 some
2168 2275 77 20 extent
2260 2267 137 33 responsible
2410 2274 35 21 for
2459 2274 40 23 the

1907 2299 116 27 sufferings
2032 2299 46 22 and
2087 2300 107 28 probable
2203 2299 45 23 loss
2258 2300 25 21 of
2293 2299 39 22 life
2342 2300 72 23 which
2423 2302 76 22 would

1906 2325 59 23 have
1984 2327 56 22 been
2057 2326 40 23 the
2108 2326 81 23 -result.
2222 2324 75 25 When
2313 2333 26 16 so
2354 2335 70 20 many
2441 2328 58 23 Jives

1907 2360 58 15 were
1982 2356 23 19 at
2011 2350 4 30 j
2019 2354 70 26 stake,
2100 2354 18 22 it
2131 2361 45 15 was
2192 2352 38 24 the
2246 2354 56 28 duty
2318 2354 28 21 of
2356 2354 47 23 Col.
2415 2355 82 23 Wake-

1906 2380 61 26 field,
1978 2388 24 15 as
2010 2380 43 33 jthe
2069 2381 77 27 Agent
2163 2380 26 23 of
2199 2380 38 23 the
2250 2382 117 27 Company
2377 2382 30 28 by
2421 2382 76 23 whom

1907 2407 39 22 the
1957 2408 131 28 emigration
2094 2415 43 15 was
2147 2407 133 29 conducted,
2288 2411 23 19 to
2321 2408 59 23 have
2388 2408 109 26 taken,all

1907 2434 103 23 needful:
2022 2436 153 26 precautions;
2195 2435 45 22 and
2259 2443 27 14 an
2307 2435 155 27 expenditure'
2474 2437 27 22 of

1907 2462 61 21 £150
1978 2462 72 22 would
2060 2462 58 22 have
2130 2457 92 27 sufficed
2238 2462 36 22 for
2289 2462 44 22 this
2471 2472 27 14 or

1907 2488 21 22 if
1938 2488 30 23 he
1971 2486 61 25 'were
2042 2490 126 21 restrained
2174 2490 57 21 from
2241 2489 54 23 such
2303 2497 30 14 an
2342 2490 153 29 expenditure,

1907 2515 73 23 which
1989 2516 19 22 it
2014 2516 18 22 is
2043 2516 128 28 impossible
2180 2520 23 18 to
2209 2524 102 21 suppose,
2320 2516 29 22 he
2358 2517 73 28 might
2438 2518 60 22 have

1907 2543 172 23 recommended
2091 2548 23 17 to
2126 2544 40 22 the
2182 2544 114 22 Directors
2306 2544 39 21 the
2361 2545 99 21 erection
2473 2546 28 21 of

1908 2577 62 14 some
1986 2570 172 28 distinguishing
2175 2571 71 27 mark,
2258 2570 45 22 and
2319 2578 33 14 we
2361 2578 52 19 may
2424 2572 26 22 be
2461 2579 36 15 as-

1907 2596 67 22 sured
1984 2597 46 23 tliat
2039 2598 45 22 this
2096 2598 206 22 recommendation
2311 2598 76 22 would
2395 2598 57 22 have
2461 2606 36 16 re-

1907 2624 78 22 ceived
1994 2629 88 23 prompt
2092 2625 116 22 attention.

1933 2657 63 23 With
2001 2654 92 37 [regard
2110 2662 23 19 to
2152 2658 39 23 the
2212 2658 81 28 charge
2315 2658 27 22 of
2359 2658 139 28 ingratitude

1907 2684 75 23 which
1995 2693 44 19 you
2047 2686 59 22 have
2116 2685 132 27 insinuated,
2260 2686 18 21 it
2286 2686 19 21 is
2314 2685 82 29 hardly
2405 2687 93 24 needful

1907 2712 36 21 for
1952 2719 36 16 me
1998 2715 21 20 to
2029 2716 64 19 enter
2101 2714 48 21 into
2163 2720 45 18 any
2222 2713 102 22 defence.
2353 2713 73 29 Every
2436 2715 61 29 body

1907 2738 55 23 here
1977 2738 48 24 who
2039 2739 80 23 knows
2132 2747 44 20 me,
2192 2740 77 22 knows
2283 2739 52 22 that
2344 2740 12 22 I
2369 2740 57 23 have
2438 2742 61 23 been

1908 2765 83 29 always
1999 2766 75 28 ready,
2086 2770 41 19 not
2141 2766 86 28 merely
2236 2771 24 18 to
2276 2766 165 30 acknowledge,
2458 2769 42 23 but

1908 2796 24 18 to
1949 2792 113 28 proclaim.
2067 2801 39 21 my
2121 2794 134 27 obligations
2272 2798 22 18 to
2310 2794 44 23 Mr.
2365 2796 133 23 Wakefieldi

1908 2820 50 21 Nor
1971 2820 27 28 is,
1996 2827 3 14 i
2003 2820 64 23 there
2076 2828 47 21 any
2132 2829 43 14 one
2189 2822 23 21 in
2229 2822 45 22 this
2288 2823 139 27 community
2436 2831 64 15 more

1907 2846 120 24 interested
2036 2848 25 22 in
2072 2848 35 23 his
2118 2855 93 21 success,
2227 2857 26 14 or
2263 2856 62 15 more
2335 2850 89 26 jealous
2432 2850 28 22 of
2465 2850 36 23 his

1907 2874 139 27 reputation.*
2070 2875 25 22 It
2104 2875 80 27 would,
2196 2876 87 28 indeed,
2294 2876 29 21 be
2331 2876 104 28 singular,
2446 2877 21 22 if
2477 2879 21 27 I,

1907 2903 51 20 who
1974 2902 56 32 hpe
2045 2902 60 23 been
2121 2903 35 22 for
2171 2903 77 28 nearly
2265 2903 79 22 twelve
2359 2911 65 21 years
2433 2912 14 14 a
2462 2912 37 15 co-

1909 2928 94 28 adjutoß,
2010 2926 86 35 of|Mr.
2112 2930 125 22 Wakefield
2255 2930 24 22 in
2292 2930 146 28 -advocating,
2454 2932 46 22 and

1909 2955 167 29 endeavouring
2096 2961 23 18 to
2132 2957 53 28 give
2204 2958 67 22 effect
2288 2960 30 19 to.
2328 2957 35 22 his
2379 2958 120 28 principles

1908 2982 32 33 oi|
1963 2982 162 30 colonization,'
2139 2984 46 22 and
2210 2984 76 22 whose
2309 2984 54 28 only
2386 2984 66 23 claim
2475 2989 24 19 to

1907 3006 134 32 reputation,
2059 3012 58 22 such
2130 3019 26 14 as
2170 3012 17 21 it
2198 3010 25 29 is,
2234 3015 56 19 rests
2304 3019 64 20 upon
2382 3019 39 20 my
2434 3019 65 16 exer-

1909 3036 60 23 tions
1983 3044 23 15 in
2022 3037 45 23 this
2083 3045 74 21 cause,
2174 3038 81 22 should
2271 3038 74 22 attack
2365 3038 37 23 the
2418 3039 81 23 author

1909 3063 27 22 of
1942 3061 168 35 thisjprinciple,
2121 3066 45 22 and
2181 3066 56 27 peril
2245 3066 29 21 its
2283 3072 96 16 success.
2406 3066 51 27 B.ut,
2472 3075 27 15 as

1907 3097 48 20 you
1968 3091 55 26 hjtve
2037 3092 58 22 been
2105 3092 90 29 specific
2204 3093 25 21 in
2243 3100 57 20 your
2314 3093 146 27 accusations,
2471 3102 26 15 so

1908 3120 61 19 must
1978 3118 11 22 I
1997 3118 28 22 be
2035 3119 24 22 in
2069 3126 39 21 my
2118 3119 70 35 reply.
2196 3119 69 27 *cThe
2274 3119 139 28 expressions
2423 3120 74 24 which

1908 3151 46 21 you
1963 3144 55 24 have
2027 3146 64 27 used,
2102 3146 75 23 would
2184 3147 71 28 imply
2260 3146 49 22 that
2318 3146 13 22 I
2340 3146 43 23 had
2392 3147 105 24 received

1908 3172 59 21 from
1981 3172 46 33 [Mr.
2036 3169 134 30 ,Wakefield
2187 3181 61 15 some
2265 3177 45 18 sort
2328 3173 27 22 of
2367 3174 128 29 assistance,

1909 3205 120 23 pecuniary
2046 3208 25 14 or
2090 3201 129 23 otherwise:
2241 3199 134 30 something,
2389 3204 24 19 at
2430 3201 65 30 least,

1908 3225 74 23 which!
1990 3227 136 24 established
2138 3228 40 22 the
2191 3227 94 23 relation
2296 3227 26 22 of
2328 3228 124 27 protection
2466 3237 31 15 on

1908 3252 36 22 his
1951 3258 55 23 part,
2013 3255 47 22 and
2068 3255 144 28 dependence
2222 3262 29 14 on
2260 3254 70 22 mine.
2356 3255 49 23 The
2413 3255 85 28 obliga-

1909 3279 59 23 tions
1976 3281 77 23 which
2067 3282 12 22 I
2096 3281 166 28 acknowledge'
2272 3289 37 15 are
2323 3282 28 22 of
2363 3290 15 14 a
2392 3282 106 24 different

1909 3306 121 26 character.
2058 3309 65 28 They
2135 3316 38 16 are
2182 3309 55 22 such
2246 3316 26 15 as
2284 3316 15 14 a
2311 3316 81 21 person
2405 3310 24 21 of
2441 3309 55 30 high

1908 3333 105 30 intellect,
2030 3335 220 35 greatgknowledge,
2265 3335 46 23 and
2327 3337 170 30 extraordinary

1909 3368 82 22 energy
2006 3363 73 28 might
2086 3364 80 22 <sonfer
2173 3370 61 21 upon
2244 3363 101 27 another,
2361 3371 61 15 some
2430 3372 67 19 years

1908 3387 36 23 his
1956 3389 83 29 junior,
2052 3390 47 22 and
2113 3390 84 27 willing
2209 3393 23 19 to
2248 3390 65 22 learn
2333 3391 59 21 from
2407 3390 45 23 and
2474 3395 25 19 to

1909 3414 80 30 follow,
1997 3424 44 15 one
2051 3417 125 28 eminently
2185 3417 63 22 fitted
2255 3420 22 18 to
2285 3416 66 23 teach
2358 3417 45 22 and
2408 3421 23 18 to
2438 3417 59 24 lead;

1910 3441 28 22 In
1956 3442 42 24 this
2013 3451 65 15 sense
2092 3445 45 21 and
2149 3445 31 22 in.
2190 3451 30 15 no
2234 3444 65 22 other
2307 3443 41 23 has
2360 3444 45 22 Mr.
2418 3445 82 24 Wake-

1909 3468 191 27 field.befriended
2111 3478 43 15 me.
2184 3471 21 21 It
2212 3471 19 22 is
2238 3474 48 19 true
2295 3470 49 23 that
2349 3478 38 20 my
2395 3472 104 27 appoint-

1909 3500 64 18 ment
1984 3498 24 22 in
2020 3497 98 28 Canada,
2128 3505 26 15 as
2163 3497 50 23 well
2222 3505 24 15 as
2256 3505 39 20 my
2304 3498 165 27 appointment',
2474 3508 25 15 as

1910 3527 67 22 agent
1996 3525 35 21 for
2046 3523 40 23 the
2107 3523 108 29 purchase
2231 3524 28 22 of
2268 3524 55 22 land
2339 3525 36 22 for
2387 3525 39 22 the
2441 3526 58 24 New

1910 3549 100 24 Zealand
2026 3552 132 27 Company,.
2161 3558 56 15 were
2234 3551 106 23 obtained
2352 3546 97 34 through
2464 3553 35 23 his

1909 3576 120 25 influence.
2057 3578 47 22 But
2112 3579 17 21 it
2138 3578 41 22 has
2192 3577 122 29 happened,
2319 3578 49 23 that
2377 3579 23 22 in
2410 3580 56 22 each
2477 3582 27 21 of

1910 3603 61 23 these
1982 3613 68 19 cases,
2062 3605 10 21 I
2084 3605 56 22 have
2150 3605 66 27 given
2234 3612 31 20 up
2280 3613 64 14 more
2352 3606 56 23 than
2419 3607 10 22 I
2441 3607 58 23 have

1909 3631 110 23 received.
2048 3632 73 22 While
2130 3632 111 22 therefore
2252 3632 12 22 I
2274 3632 76 29 admit,
2361 3641 25 15 as
2394 3634 12 21 I
2416 3634 84 28 always

1910 3657 56 23 have
1972 3659 116 27 admitted,
2095 3659 37 22 the
2137 3659 97 28 friendly
2238 3659 96 28 feelings
2338 3660 74 23 which
2416 3661 83 24 dictate

1911 3683 38 23 the
1961 3686 97 22 conduct
2070 3687 27 22 of
2109 3687 44 21 Mr.
2164 3686 135 28 Wakefield,
2312 3688 13 20 I
2335 3692 84 18 cannot
2428 3688 72 23 admit

1911 3711 49 22 that
1968 3713 63 22 there
2041 3713 19 22 is
2066 3720 47 21 any
2119 3713 65 28 thing
2189 3716 21 19 to
2220 3713 44 23 call
2275 3714 35 23 for
2319 3714 39 23 the
2369 3715 100 24 sacrifice,
2473 3723 26 16 or

1911 3740 154 22 concealment
2074 3741 27 21 of
2112 3748 38 20 my
2168 3741 108 27 opinions.
2314 3742 45 22 But
2368 3742 20 21 I'
2392 3742 43 23 will
2444 3743 53 23 take

1910 3764 79 28 higher
2004 3767 89 27 ground
2109 3767 55 22 than
2180 3765 84 25 this-^-I
2272 3768 75 23 would
2356 3772 47 23 not,
2413 3769 47 23 and
2468 3777 32 16 no

1911 3799 51 16 man
1973 3793 28 22 of
2012 3793 156 29 independent
2180 3795 64 23 mind
2253 3795 73 28 could,
2343 3796 64 22 allow
2417 3797 26 22 of
2453 3804 47 22 any

1911 3818 122 29 obligation
2047 3821 75 22 which
2140 3821 80 24 should
2334 3822 83 24 silence
2431 3823 68 24 when

1910 3846 119 30 principles
2039 3855 25 14 or
2076 3851 65 24 great
2149 3848 75 28 public
2232 3850 105 21 interests
2346 3857 37 15 are
2393 3854 23 18 at
2427 3850 72 23 stake.

1911 3874 126 28 Supposing
2045 3882 69 21 every
2120 3875 65 28 thing
2192 3876 72 23 which
2272 3883 46 21 you
2325 3876 75 23 would
2408 3884 61 16 seem
2478 3881 22 19 to

1911 3901 111 23 insinuate
2032 3909 58 15 were
2100 3906 56 24 true,
2164 3902 104 24 however
2274 3904 11 20 I
2292 3902 73 28 might
2372 3903 42 23 feel
2421 3904 84 28 myself

1911 3927 76 24 bound
1997 3932 23 19 to
2026 3936 71 20 repay
2106 3928 107 25 kindness
2222 3938 26 15 or
2257 3934 22 19 to
2290 3930 71 23 admit
2371 3930 128 29 obligation,

1911 3955 12 20 I
1927 3955 84 27 .should
2018 3956 52 22 hold
2079 3956 86 28 myself
2170 3957 45 22 free
2224 3961 22 19 to
2255 3965 90 21 express
2352 3965 39 20 my
2397 3958 104 28 opinions

1911 3989 29 14 on
1951 3983 74 27 public
2035 3988 99 24 matters,
2150 3984 45 23 and
2205 3989 22 18 to
2237 3992 94 16 censure
2344 3986 79 26 unjust
2431 3993 26 15 or
2466 3986 34 21 in-

710 319 51 24 The
773 320 51 23 first
835 318 90 24 settlers
936 318 25 23 in
973 318 45 23 this
1029 321 51 27 part
1091 317 27 23 of
1132 316 58 23 New
1202 316 62 23 Zea-

675 352 61 29 land,
748 352 45 23 and
806 352 31 23 all
846 352 51 23 who
910 351 54 23 took
975 352 95 22 interest
1079 350 26 22 in
1116 349 39 23 the
1165 349 97 32 project,

676 391 61 18 must
747 385 52 24 well
809 385 126 23 remember
945 384 51 23 how
1008 382 121 32 anxiously
1148 382 40 23 the
1207 390 56 24 sup-

675 423 52 26 port
738 409 49 33 and*
794 422 153 20 countenance
960 417 24 24 of
994 417 38 23 the
1041 416 157 24 Government
1206 423 58 16 were

675 451 89 24 desired
775 440 150 34 and%ourted
940 451 31 30 by
985 450 49 23 Mr.
1055 449 95 24 Francis
1168 449 94 30 Baring,

676 484 48 24 Mr.
738 484 70 28 Hutt,
820 484 48 26 Mr.
1034 501 3 4 .
1044 482 44 28 Br.
1110 482 88 28 Evans,
1220 482 44 23 and

675 517 38 24 the
726 517 63 24 other
802 517 108 24 founders
921 516 26 23 of
959 516 38 24 the
1008 516 96 30 Colony,
1117 523 11 12 v
1142 514 66 31 They
1217 515 47 23 will

675 551 48 23 also
735 550 106 24 recollect
851 550 51 24 how
914 550 54 30 they
979 557 58 16 were
1049 548 96 24 deluded
1162 548 49 23 into
1225 548 38 23 the

674 584 71 23 belief
767 584 49 23 that
834 583 38 24 the
896 583 120 31 Secretary
1036 582 35 24 for
1088 582 39 23 the
1147 581 115 30 Colonies,

674 617 55 23 with
747 616 64 24 Lord
832 616 166 31 Melbourne's,
1013 614 249 32 entire'approbation;

675 648 132 26 sanctioned
818 649 58 24 their
887 649 161 30 undertaking,
1060 648 43 24 and
1121 647 50 24 that
1187 647 20 24 it
1217 656 46 16 was

674 688 48 18 nof
733 683 35 23 till
787 682 32 24 all
841 682 59 24 their
916 683 156 30 preparations
1089 681 36 24 for
1143 680 120 32 departure

674 717 59 23 from
745 716 109 33 England
865 724 58 16 were
936 715 134 31 completed,
1087 715 51 23 that
1149 722 13 15 a
1175 714 87 31 change

675 750 23 23 in
716 750 39 23 the
764 750 70 23 views
846 750 25 23 of
887 749 157 24 Government
1056 755 46 16 was
1121 748 140 28 discovered,

675 782 44 24 and
731 790 115 16 measures
857 783 36 23 for
904 782 38 24 the
954 781 173 25 establishment
1140 781 24 23 of
1174 781 89 23 British

674 816 42 23 law
728 816 44 24 and
783 816 116 31 authority
910 816 25 23 in
945 814 58 25 New
1015 814 109 30 Zealand,
1138 813 90 24 seemed
1239 818 23 19 to

674 849 27 23 be
719 849 141 31 indefinitely
878 849 135 31 postponed.
1049 847 51 25 The
1111 847 115 31 necessity
1238 847 26 24 of

674 891 62 16 some
755 882 123 25 substitute
889 882 35 24 for
941 882 92 31 regular
1053 881 89 24 British
1161 880 43 24 law
1215 888 47 16 was

674 920 110 27 apparent
792 925 7 20 ;
820 923 25 15 as
863 915 56 24 then
939 920 23 18 to
982 915 58 23 have
1053 913 133 25 abandoned
1204 913 58 25 their

674 950 125 31 enterprise
808 949 74 23 would
893 948 57 24 have
959 948 57 24 been
1024 948 130 31 equivalent
1166 951 23 19 to
1200 952 61 19 utter

673 983 60 29 ruin,
752 983 23 23 in
796 982 39 24 the
854 990 63 16 cases
929 981 25 24 of
969 987 61 18 most
1042 981 25 23 of
1083 981 39 23 the
1143 980 119 32 intending

674 1016 132 31 emigrants.
842 1015 77 24 These
942 1023 58 16 were
1023 1014 39 24 the
1084 1015 177 22 circumstances

673 1049 71 24 under
756 1047 81 33 Jwhich
855 1049 38 23 the
904 1049 89 23 famous
1012 1052 131 26 agreement
1153 1047 36 23 for
1206 1047 55 24 self-

672 1087 151 26 government
831 1090 46 15 was
889 1081 81 32 signed
980 1086 24 19 at
1013 1080 141 30 Gravesend,
1168 1079 45 25 antl
1223 1080 38 24 the

673 1112 145 28 Provisional
831 1114 97 25 Council
942 1115 64 23 acted
1024 1115 25 23 in
1071 1114 58 24 New
1150 1114 109 24 Zealand.

673 1148 152 32 Throughout
836 1148 38 25 the
885 1148 72 24 whole
969 1148 65 24 affair
1046 1148 36 23 the
1093 1147 88 31 loyalty
1189 1147 26 24 of
1222 1147 38 24 the

674 1182 114 24 Colonists
796 1190 45 16 was
854 1183 157 30 conspicuous.
1028 1184 2 6 '
1048 1181 71 24 Their
1130 1181 74 23 desire
1215 1188 45 16 was

672 1220 40 19 not
723 1221 22 18 to
757 1221 35 18 set
804 1215 69 29 aside,
885 1216 43 23 but
935 1220 22 18 to
968 1215 65 31 place
1042 1214 136 24 themselves
1187 1214 73 24 under

673 1249 36 23 the
728 1249 126 32 protection
866 1249 25 23 of
907 1248 37 24 the
963 1248 137 24 constituted
1117 1248 142 29 authorities,

673 1282 44 23 and
728 1283 85 29 having
823 1282 59 24 been
890 1282 90 23 refused
988 1282 49 23 that
1045 1281 127 31 protection
1182 1281 31 31 by
1222 1281 38 24 the

674 1316 89 29 Queen,
785 1315 54 31 they
857 1315 90 32 applied
969 1315 35 23 for
1027 1315 44 23 and
1093 1314 107 24 obtained
1222 1314 38 24 the

673 1350 102 23 sanction
787 1349 26 23 of
829 1348 38 25 the
882 1349 77 23 native
971 1348 79 29 chiefs,
1062 1348 76 23 whose
1149 1348 110 31 indepen-

672 1382 69 24 dence
754 1391 24 15 as
786 1383 119 30 sovereign
912 1382 89 31 princes
1006 1381 46 24 had
1059 1381 201 32 be_enproclaimed

670 1416 31 31 by
710 1416 38 23 the
754 1415 89 24 British
849 1416 157 23 Government
1011 1416 24 22 in
1040 1415 37 23 the
1082 1414 112 32 Imperial
1200 1415 60 24 Par-

671 1449 101 24 liament.
810 1448 210 31 Notwithstanding
1039 1448 36 24 the
1095 1448 104 23 collision
1218 1448 41 24 be-

671 1487 73 19 tween
763 1482 40 24 the
820 1482 59 24 New
896 1482 101 23 Zealand
1016 1482 119 31 Company
1155 1481 46 24 and
1220 1482 39 23 the

673 1515 103 25 Colonial
788 1515 82 30 Office,
884 1515 63 25 Lord
965 1515 60 24 John
1037 1515 103 29 Russell,
1153 1522 72 16 aware
1236 1515 26 24 of

672 1549 36 23 the
729 1548 176 33 respectability,
924 1548 44 24 and
987 1549 88 31 relying
1091 1548 60 31 fully
1169 1556 30 16 on
1220 1548 40 24 the

670 1582 85 31 loyalty
767 1583 25 23 of
808 1582 37 23 the
857 1578 97 33 settlors,
968 1582 45 24 and
1023 1582 111 30 knowing
1149 1582 48 23 also
1211 1582 48 24 that

670 1615 78 24 theirs
759 1620 63 19 must
833 1615 27 24 be
873 1624 13 15 a
895 1615 114 24 condition
1017 1616 25 23 of
1050 1620 100 19 extreme
1157 1616 101 31 anxiety,

671 1649 104 29 directed.
789 1649 99 31 Captain
908 1649 99 23 Hobson
1022 1655 22 17 to
1056 1653 58 19 treat
1131 1648 63 24 them
1205 1649 55 23 with

884 1682 45 24 and
1126 1682 75 23 Such,
1213 1690 46 16 was

670 1715 63 25 Lord
745 1716 60 24 John
815 1715 115 25 Russell's
937 1715 86 32 feeling
1037 1715 96 24 towards
1145 1723 64 16 us—
1209 1723 50 17 now

669 1749 60 24 what
740 1757 47 16 was
799 1749 97 30 Captain
910 1749 119 24 Hobson's
1037 1749 9 24 1

703 1789 30 24 In
745 1790 38 23 the
796 1789 62 24 often
870 1789 83 32 quoted
989 1790 59 23 Blue
1166 1797 35 16 we
1211 1790 48 23 find

669 1831 14 15 a
694 1823 109 32 despatch
814 1823 59 23 from
886 1823 97 32 Captain
998 1823 106 29 Hobson,
1121 1823 68 24 dated
1201 1823 58 25 25th

670 1856 58 32 May
741 1858 81 27 1840,,
833 1857 25 23 in
868 1856 75 23 which
960 1856 37 23 his
1015 1856 81 24 hatred
1109 1857 25 23 of
1149 1856 39 24 the
1201 1856 58 24 Port

670 1889 129 25 Nicholson
842 1890 91 24 settlers
968 1896 96 25 appears
1108 1890 24 23 in
1166 1890 93 31 glaring

670 1923 97 24 colours.
803 1923 39 23 He
855 1923 128 24 denounces
1001 1923 38 24 the
1053 1923 118 24 Members
1184 1923 25 24 of
1220 1924 38 23 the

670 1957 96 23 Council
776 1964 25 16 as
813 1957 96 23 traitors
917 1965 6 15 :
925 1969 34 5 —

725 1999 120 25 According
859 2001 23 18 to
900 2005 36 20 my
945 1999 96 26 opinion,
1056 1999 92 20 unaided
1163 1998 30 27 by
1205 1999 55 26 legal

668 2026 80 24 advice,
759 2027 36 19 the
805 2026 137 26 proceedings
952 2027 24 19 of
988 2026 38 20 the
1026 2026 142 20 Association
1178 2026 82 25 at^jport

668 2053 127 24 Nicholson,
814 2056 88 17 amount
914 2055 23 18 to
955 2053 51 26 high
1022 2055 89 18 treason.
1138 2053 61 25 They
1208 2053 52 20 have

668 2081 93 26 usurped
773 2081 37 19 the
820 2086 71 21 power
900 2081 25 19 of
935 2081 39 20 her
988 2081 93 26 Majesty
1089 2081 23 20 in
1122 2081 139 26 establishing

668 2115 13 13 a
699 2108 141 21 constitution
864 2109 43 19 and
923 2108 23 20 in
969 2109 124 26 appointing
1116 2108 142 26 Magistrates.

668 2135 68 21 Taxes
756 2142 36 14 are
811 2135 45 21 said
872 2138 23 18 to
911 2136 53 20 have
978 2136 55 20 been
1050 2136 76 24 levied,
1143 2136 42 19 and
1204 2138 57 18 most

670 2164 80 25 unjust,
767 2170 23 13 as
802 2163 47 20 well
859 2170 23 13 as
898 2163 80 26 illegal,'
989 2164 91 19 exercise
1090 2164 25 19 of
1130 2163 131 27 Magisterial

669 2191 107 27 authority
786 2191 39 20 has
835 2190 53 21 been

703 2226 30 24 In
741 2235 14 15 a
762 2227 140 31 subsequent
912 2226 129 32 paragraph
1049 2226 38 24 the
1100 2234 62 16 same
1173 2227 87 31 parties

670 2267 37 16 are
728 2260 134 24 denounced
884 2268 24 15 as
1154 2260 45 23 and
1211 2281 2 6 ,
1220 2260 40 24 the

694 2294 89 23 cession
795 2293 26 23 of
838 2293 74 31 rights
952 2293 31 31 by
995 2293 39 24 the
1051 2294 77 23 native
1140 2293 78 29 chiefs,
1239 2295 21 22 is

670 2326 103 24 declared
793 2331 23 18 to
835 2326 28 24 be
883 2335 15 14 a
942 2326 95 24 shallow
1200 2326 30 24 In
1248 2335 13 15 a

667 2360 88 32 jumble
764 2360 26 24 of
799 2364 120 20 sentences
928 2359 74 25 which
1013 2364 24 20 to
1051 2360 98 32 Captain
1161 2359 99 25 Hobson

670 2401 53 23 may
731 2394 59 23 have
799 2394 90 23 seemed
901 2401 28 16 an
937 2398 127 27 argument,
1075 2394 19 23 it
1102 2394 20 23 is
1135 2394 126 23 contended

670 2427 51 23 that
729 2427 39 23 the
778 2427 77 23 native
867 2427 71 23 chiefs
950 2427 67 23 could
1035 2427 53 23 cede
1099 2427 47 23 this
1164 2427 61 31 right
1236 2432 24 19 to

671 2460 37 24 the
727 2460 90 29 Crown,
839 2460 69 24 albeit
926 2460 54 31 they
990 2460 47 24 had
1082 2460 90 24 neither
1183 2468 77 23 power

671 2502 53 16 over
741 2493 39 25 the
801 2493 50 30 soil,
870 2502 42 15 nor
931 2494 115 30 authority
1059 2501 52 17 over
1128 2491 66 26 those
1209 2493 51 25 who

670 2528 74 23 reside
757 2535 29 16 on
877 2527 66 31 They
954 2527 66 24 could
1027 2531 40 20 not
1075 2528 53 30 give
1136 2527 63 24 what
1206 2527 56 29 they

670 2569 69 16 never
758 2560 46 24 had
816 2564 21 20 to
850 2569 43 15 one
908 2564 74 28 party,
999 2561 44 23 but
1060 2560 54 32 they
1126 2560 67 24 could
1209 2561 53 31 give

671 2594 60 24 what
741 2594 56 31 they
808 2601 69 17 never
888 2594 46 24 had
945 2598 23 19 to
980 2594 94 24 another
1085 2598 76 27 party.
1198 2594 64 25 Such

672 2628 57 23 stuff
744 2636 25 15 as
787 2627 46 23 this
851 2632 62 19 must
931 2627 58 24 have
1005 2627 58 24 been
1079 2628 40 23 the
1131 2627 96 32 product
1238 2628 25 23 of

673 2661 101 24 Hobson
793 2660 44 25 and
855 2660 125 25 Shortland
990 2661 80 24 united
1070 2674 32 4 —
1105 2669 42 16 one
1157 2662 105 30 person's

673 2695 110 31 stupidity
797 2694 65 24 could
875 2698 40 20 not
931 2694 58 24 have
1001 2694 94 24 sufficed
1110 2695 39 23 for.
1164 2695 32 23 its
1207 2702 55 16 con-

673 2729 99 29 ception.

707 2762 50 23 Our
767 2761 119 24 Governor
894 2761 54 24 then
959 2761 52 24 tells
1020 2761 62 24 Lord
1094 2762 61 24 John
1167 2761 96 24 Russell

674 2794 48 24 that
735 2796 26 22 in
774 2794 108 31 October,
898 2797 71 28 1840,
980 2796 29 23 he
1020 2795 74 32 hoped
1105 2801 24 19 to
1139 2796 56 23 visit
1206 2794 57 26 Port

674 2828 127 23 Nicholson
809 2836 6 15 :
816 2841 35 4 —
1156 2842 3 8 <
1197 2838 4 7 •

726 2867 40 27 My
774 2867 72 21 health
859 2869 20 19 is
892 2874 47 14 now
954 2874 24 15 so
988 2868 94 21 restored
1097 2869 47 21 that
1153 2868 12 22 I
1174 2869 55 26 hope
1239 2871 23 18 to

673 2894 49 21 visit
732 2895 51 21 Port
794 2895 118 21 Nicholson
922 2896 57 27 early
987 2897 24 19 in
1020 2897 36 19 the
1065 2897 73 26 spring
1148 2896 113 27 (October)

673 2922 67 20 when.
745 2923 11 19 l
766 2925 57 18 trust
837 2923 37 21 the
888 2923 108 20 functions
1006 2924 25 20 of
1044 2923 129 21 Goverment
1181 2924 43 20 will
1236 2924 26 20 be

673 2949 23 20 in
705 2949 41 21 full
755 2950 117 26 operation,
882 2951 40 19 and
934 2950 11 20 I
952 2951 54 20 shall
1016 2951 26 20 be
1051 2951 46 21 able
1108 2954 23 18 to
1140 2954 57 18 meet
1206 2952 56 20 these

669 2977 72 26 people
751 2977 84 21 clothed
849 2978 52 20 with
914 2979 47 19 that
969 2984 74 20 power
1051 2979 43 20 and
1103 2979 82 26 dignity
1196 2979 66 20 which

674 3005 96 21 becomes
778 3010 36 20 my

694 3061 3 4 .
707 3041 25 24 It
742 3049 47 16 was
799 3045 42 19 not
858 3041 39 24 till
905 3041 79 24 fifteen
1002 3041 93 25 months
1113 3042 48 24 had
1171 3042 91 32 elapsed

674 3073 49 26 that
741 3083 43 15 our
801 3074 86 25 valiant
899 3074 119 25 Governor
1037 3075 37 24 did
1092 3080 62 20 meet
1199 3076 63 23 these

673 3107 80 32 people
865 3108 61 29 then,
938 3108 142 31 well-a-day,
1099 3109 67 24 alack
1176 3109 36 23 for
1223 3109 39 23 the

700 3149 76 23 power
794 3140 44 25 and
849 3142 88 30 dignity
980 3142 68 23 -We
1059 3142 59 24 shall
1133 3150 71 16 never
1213 3142 49 24 for-

675 3180 39 25 get
731 3174 38 24 the
788 3174 119 24 boat-load
918 3174 25 24 of
958 3175 102 30 officials,
1074 3175 61 24 from
1152 3175 40 23 the
1203 3175 59 24 little

674 3207 67 24 black
752 3208 59 30 brig,
828 3208 94 30 landing
933 3215 30 16 on
966 3213 2 5 1
973 3208 39 24 the
1023 3208 70 24 beach
1107 3213 23 19 at
1141 3208 120 30 Barrett's,

675 3240 37 24 the
723 3241 58 23 faint
792 3245 96 27 attempt
899 3245 25 19 at
936 3248 14 16 a
962 3241 67 24 cheer
1039 3241 59 24 from
1116 3238 74 27 about'
1201 3241 61 25 half-

675 3273 105 30 a-dozen,
790 3273 77 24 whilst
877 3273 39 24 the
927 3274 113 32 principal
1078 3275 82 31 people
1193 3274 25 25 of
1224 3275 38 24 the

676 3306 87 33 Colony
786 3307 65 25 stood
864 3307 114 32 laughing
1004 3308 39 31 by.
1109 3308 83 25 Power
1218 3309 44 23 and

796 3344 3 7 '
821 3340 24 24 A
855 3340 115 24 scrubbier
982 3345 88 19 set-out
1080 3349 34 16 we
1127 3349 69 16 never
1207 3349 53 21 saw,

675 3373 44 25 and
731 3374 38 24 the
779 3373 73 25 whole
865 3373 63 24 affair
938 3381 47 17 was
998 3374 53 31 only
1063 3374 103 31 equalled
1182 3374 30 32 by
1222 3375 40 23 the

674 3408 73 29 funny
758 3407 63 24 levee
832 3415 14 15 a
855 3407 45 24 few
909 3407 56 30 days
977 3407 65 24 after.

721 3441 97 31 Captain
846 3440 99 24 Hobson
955 3445 4 3 '
978 3440 138 25 somewhere
1131 3462 2 3 .
1149 3440 62 24 talks
1240 3441 24 24 of

703 3474 109 31 crushing
844 3474 38 23 the
1111 3473 46 25 and
1167 3474 36 23 for
1213 3474 50 25 that

674 3515 106 24 purpose,
789 3514 35 16 we
830 3514 115 25 presume,
957 3507 128 23 assembled
1092 3507 63 24 them
1166 3512 24 19 at
1203 3507 59 25 Bar-

675 3542 63 23 rett's
750 3549 6 21 ;
775 3540 43 23 but
828 3540 89 31 though
960 3540 90 24 clothed
1060 3540 55 24 with
1131 3541 51 23 that
1188 3549 75 23 power

675 3574 44 23 and
731 3574 89 31 dignity
830 3574 73 23 which
915 3573 93 24 became
1018 3573 37 23 his
1191 3575 19 23 it
1220 3582 42 24 ap-

675 3607 82 30 peared
765 3611 24 19 to
797 3614 31 17 .us
833 3607 55 24 .that
899 3606 39 25 the
1156 3615 58 16 were
1223 3608 39 24 the

676 3640 109 31 crushing
794 3644 74 27 party.
905 3639 48 24 His
969 3640 141 32 Excellency
1122 3640 83 24 looked
1214 3641 49 24 like

674 3680 15 15 a
693 3674 108 29 prisoner
811 3673 25 23 in
847 3673 39 23 the
894 3672 66 29 dock,
971 3673 78 23 rather
1057 3673 55 24 than
1121 3674 39 23 the
1173 3673 90 33 Repre-

676 3706 110 23 sentative
797 3706 26 23 of
837 3706 102 31 Royalty
944 3701 10 8 v
950 3706 179 32 repremandiug.
1144 3713 118 18 contuma-

677 3738 61 23 cious
750 3738 108 31 subjects.

710 3770 105 32 Perhaps
825 3779 34 16 we
874 3772 57 23 have
948 3772 53 31 paid
1020 3776 36 20 too
1071 3772 71 24 much
1152 3774 111 24 attention

677 3807 23 20 to
722 3804 46 24 this
790 3805 146 23 unfortunate
959 3805 119 31 Dispatch,
1101 3807 42 22 but
1161 3814 35 16 we
1206 3807 57 24 have

677 3836 105 32 thought.
787 3837 22 23 'it
825 3837 76 24 useful
910 3842 22 19 to
949 3845 70 24 prove
1030 3838 38 24 the
1085 3838 83 24 hostile
1180 3840 84 32 feeling

678 3869 25 23 of
716 3869 39 24 the
773 3869 120 24 Governor
912 3871 97 23 towards
1018 3879 28 15 us
1063 3871 32 31 by
1105 3872 37 23 his
1153 3880 51 16 own
1215 3875 48 22 evi-

678 3902 79 24 dence.
781 3903 41 23 -As
830 3903 18 23 it
855 3910 47 16 was
911 3902 62 30 then,
985 3911 26 16 so
1023 3905 18 22 it
1051 3905 19 22 is
1082 3912 59 16 now.
1167 3905 97 32 Captain

679 3934 137 24 Hobson.is
836 3937 132 24 consistent,
982 3937 24 23 in
1024 3937 36 23 his
1078 3942 57 24 acts,
1155 3934 109 34 although

677 3967 39 24 the
736 3968 97 23 discreet
849 3968 96 32 lawyers
956 3974 51 19 sent
1017 3970 58 23 from
1087 3960 111 40 England
1207 3970 57 24 have

1293 3138 29 20 To
1332 3139 35 20 the
1376 3138 78 21 Editor
1463 3139 28 24 of
1499 3139 35 19 the
1570 3139 55 23 New,
1636 3139 95 19 Zealand
1742 3139 87 20 Gazette
1837 3140 41 20 and

1436 3166 138 24 Wellington

1453 3202 144 24 Wellington,
1608 3202 129 18 December
1745 3202 34 25 29,
1791 3202 62 20 1841.

1319 3226 47 27 Sir,
1367 3238 28 3 —
1395 3226 12 20 I
1417 3233 38 15 am
1462 3229 41 19 not
1510 3225 68 23 much
1587 3226 23 21 in
1620 3226 39 22 the
1665 3226 64 22 habit
1736 3227 25 21 of
1767 3227 115 28 troubling

1292 3253 83 27 myself
1385 3252 54 23 with
1447 3259 130 22 newspaper
1585 3252 121 28 strictures,
1714 3253 45 22 but-
1770 3253 62 23 there
1842 3262 39 15 are

1292 3286 62 16 some
1366 3280 101 22 remarks
1480 3280 25 22 in
1517 3286 65 21 your,
1589 3286 69 21 paper
1674 3280 27 21 of
1711 3280 85 28 to-day,
1807 3281 75 23 which

1292 3306 80 22 render
1380 3307 19 21 it
1407 3307 131 21 incumbent
1545 3313 63 20 upon
1620 3314 38 14 me
1669 3309 23 19 to
1705 3306 71 23 break
1784 3307 98 30 through

1292 3340 37 20 my
1338 3333 65 22 usual
1418 3337 94 19 custom.
1539 3333 31 21 So
1587 3332 57 29 long-
1651 3340 23 15 as
1693 3341 47 20 you
1749 3342 59 15 were
1817 3340 65 18 satis-

1292 3360 44 22 fied
1352 3360 54 22 with
1415 3360 115 27 mistating
1543 3367 40 20 my
1594 3363 136 26 arguments,
1742 3361 45 23 and
1803 3363 79 23 misre-

1292 3387 129 29 presenting
1430 3394 39 21 my
1477 3394 106 21 purposes
1590 3395 5 20 ;
1607 3388 11 20 I
1629 3394 45 16 saw
1683 3394 31 16 no
1723 3395 81 15 reason
1813 3393 24 18 to
1846 3391 36 21 in-

1292 3413 87 23 terfere.
1407 3415 51 21 You
1467 3414 64 27 have,
1538 3413 112 28 however,
1657 3421 52 15 now
1719 3415 96 28 thought
1822 3416 28 23 fit
1858 3420 24 20 to

1292 3441 74 22 attack
1375 3448 40 21 my
1425 3441 96 23 conduct
1530 3448 61 21 upon
1599 3441 101 28 grounds
1711 3442 74 22 which
1794 3443 88 23 neither

1292 3475 44 20 you
1345 3475 42 15 nor
1396 3475 45 21 any
1451 3475 44 15 one
1503 3468 39 22 has
1552 3476 14 14 a
1581 3468 61 28 right
1657 3471 24 19 to
1691 3468 56 29 drag
1759 3470 49 22 into
1818 3470 63 24 these

1292 3494 140 23 discussions.
1440 3506 4 5 <
1460 3495 66 28 Upon
1536 3495 45 22 this
1590 3496 11 20 I
1611 3499 60 19 must
1680 3503 41 20 say
1727 3504 15 14 a
1749 3497 43 22 few
1801 3498 80 28 words,

1292 3521 46 23 and
1345 3523 14 21 I
1366 3522 53 22 take
1432 3521 38 23 the
1486 3523 143 27 opportunity
1638 3523 27 21 of
1676 3523 83 28 stating
1768 3523 61 23 what
1844 3532 38 15 are

1292 3555 37 21 my
1338 3549 68 23 views
1416 3555 30 16 on
1460 3548 39 22 the
1514 3549 86 27 subject
1616 3549 74 23 which
1705 3549 42 23 has
1763 3551 67 27 given
1845 3559 37 15 oc-

1292 3575 74 23 casion
1376 3575 35 23 for
1420 3582 58 20 your
1485 3575 107 23 remarks.
1681 3586 4 4 -
1794 3594 4 3 .
1813 3575 18 26 7

1309 3608 3 7 '
1318 3602 11 20 I
1339 3603 44 27 beg
1398 3609 51 15 now
1465 3605 24 19 to
1504 3606 78 23 repeat
1595 3603 62 23 what
1664 3603 19 24 I;
1686 3603 58 23 have
1758 3605 124 28 uniformly

1292 3629 78 28 stated,
1381 3628 55 27 that,
1447 3628 40 23 the
1501 3629 114 23 Directors
1624 3631 27 21 of
1662 3630 38 22 the
1715 3631 56 22 New
1781 3631 101 24 Zealand

1292 3656 116 28 Company
1426 3656 25 21 in
1473 3662 67 21 every
1555 3655 66 29 thing
1636 3657 54 28 they
1709 3657 57 23 have
1784 3658 58 22 done
1858 3659 24 22 in

1292 3683 111 27 England,
1420 3681 65 29 have,
1497 3682 53 22 with
1561 3690 43 15 one
1618 3683 128 29 exception,
1756 3685 96 22 fulfilled
1858 3686 24 22 in

1292 3709 37 23 the
1340 3709 95 28 amplest
1444 3716 94 16 manner
1550 3708 39 23 the
1600 3710 100 28 implied'
1708 3711 92 28 pledges
1815 3713 67 26 given

1292 3739 23 19 to
1324 3736 63 23 those
1397 3742 93 22 persons
1497 3735 48 24 who
1553 3737 126 26 purchased
1687 3737 55 23 land
1747 3739 59 22 from
1811 3739 71 23 them.

1292 3763 64 28 They
1363 3763 59 22 have
1430 3763 107 22 laboured
1543 3763 54 22 with
1608 3763 56 28 zeal,
1676 3770 91 26 energy,
1778 3765 46 23 and
1833 3774 49 20 per-

1292 3797 129 20 severance,
1433 3790 46 22 and
1488 3789 51 23 with
1550 3794 155 18 consummate
1716 3791 85 29 ability,
1811 3795 23 19 to
1844 3793 38 22 ob-

1292 3817 49 21 tain
1350 3817 35 22 for
1392 3824 28 15 us
1429 3824 14 14 a
1452 3817 155 22 confirmation
1624 3817 24 22 of
1662 3825 42 15 our
1719 3818 59 22 titles
1789 3822 22 18 to
1820 3819 62 28 land,

1292 3843 46 23 and
1348 3843 164 28 the-necessary
1520 3850 86 21 powers
1623 3845 28 21 of
1660 3844 60 22 local
1736 3845 146 28 self-govern-

1292 3875 64 17 ment
1362 3879 4 19 ;
1382 3870 47 22 and
1437 3870 54 31 they
1500 3871 57 21 have
1572 3871 66 22 made
1648 3870 38 26 the
1696 3872 49 23 best
1754 3880 40 15 use
1808 3873 26 21 of
1844 3874 38 22 the

1292 3901 79 24 scanty
1379 3897 114 23 materials
1502 3901 22 19 at
1540 3897 58 23 their
1611 3898 105 32 disposal,
1727 3902 24 19 to
1760 3899 79 22 diffuse
1848 3901 34 22 in-

1292 3924 121 22 formation
1423 3931 24 16 as
1457 3928 24 19 to
1490 3924 36 22 the
1542 3925 139 28 capabilities
1691 3926 26 22 of
1728 3926 38 22 the
1780 3930 102 26 country,

1293 3949 47 22 and
1354 3953 31 24 to,-
1394 3954 74 18 create
1484 3951 44 22 and
1540 3951 111 24 maintain
1667 3960 14 14 a
1694 3953 130 23 favourable
1839 3955 43 22 im-

1292 3976 100 26 pression
1409 3977 26 21 of
1447 3977 37 23 tha
1499 3977 135 25 settlement.
1662 3979 28 25 If,
1707 3984 23 18 at
1740 3980 36 23 the
1792 3986 90 18 present

505 79 3 10 ,
542 56 100 33 THE
661 56 110 32 NEW
782 54 231 33 ZEALAND
1033 53 229 32 GAZETTE
1279 52 103 33 AND
1403 51 329 33 WELLINGTON
1755 51 297 33 SPECTATOR.

719 196 69 22 AND
802 193 213 24 WELLINGTON
1029 193 186 23 SPECTATOR.

770 263 155 24 Wednesday,
945 262 111 22 January
1069 259 20 28 6,
1105 261 61 21 1842.

1293 136 115 32 prevailed
1427 145 63 23 upon
1506 137 45 23 hin*.
1571 140 25 19 to
1613 136 53 31 give
1686 141 29 18 Us
1723 156 3 4 .
1734 145 13 15 a
1764 135 44 25 few
1828 144 56 23 poor

1294 174 119 19 sentences
1436 170 24 23 in
1481 170 37 23 his
1535 169 91 31 speech.
1641 167 4 5 '
1667 169 45 24 We
1731 176 37 17 are
1788 174 41 19 not
1846 170 38 23 the

1293 203 63 23 birds
1366 207 21 19 to
1394 204 34 22 'be
1436 204 85 30 caught
1530 203 29 31 by
1568 203 36 23 his
1616 202 68 24 chaff.
1692 198 6 14 l
1721 202 43 24 We
1775 202 59 24 shall
1846 207 38 27 get

1290 236 51 31 just
1352 244 25 15 as
1387 233 165 26 much'benefit
1564 244 25 15 as
1601 236 29 23 lie
1641 235 66 24 dare's
1719 235 41 24 hot
1766 233 117 32 withhold,

1293 269 45 23 and
1350 269 70 23 suffer
1436 269 50 31 just
1497 277 26 15 as
1537 268 71 24 much
1617 277 81 22 wrong
1709 277 26 15 as
1752 269 29 23 he
1792 269 42 23 has
1846 269 38 23 the

1293 302 71 31 pluck
1375 302 45 23 and
1429 302 38 23 the
1479 310 73 23 power
1565 306 24 19 to
1600 306 138 27 perpetrate.

1295 363 15 7 *'
1307 372 4 9 i
1313 362 62 24 *Mr.
1389 362 100 24 Hanson
1501 362 106 24 attacked
1622 369 29 16 us
1657 366 64 21 jEtta-
1725 362 78 32 public-
1810 367 73 19 meet-
1888 371 2 17 i

1293 392 92 34 ing,_Ve
1397 395 86 31 replied
1485 403 4 9 1
1504 404 28 15 on
1551 403 42 15 our
1601 393 89 32 .return^
1704 395 46 24 and
1765 395 67 24 when
1843 395 41 24 de-

1292 428 97 31 fending
1407 429 128 29 ourselves^
1540 428 122 24 furnished
1679 436 95 16 reasons
1792 429 52 30 why
1854 430 30 23 he

1293 461 82 24 should
1393 466 42 20 not
1451 462 30 23 be
1501 462 36 24 the
1556 462 52 23 first
1626 466 33 20 to»
1667 469 96 17 censure
1774 461 39 24 the
1825 462 59 24 New

1292 494 102 25 Zealand
1406 495 125 31 Company.
1568 494 38 32 By
1613 503 14 16 a
1637 495 68 23 letter
1715 495 60 24 from
1781 495 37 24 his

1292 528 78 24 which'
1542 527 101 32 to-day's
1658 536 71 23 paper
1730 525 100 34 ,*taking
1841 536 42 16 ex-

1293 562 97 31 ception-
1401 566 22 19 to
1436 569 41 16 our
1489 569 79 16 course
1580 562 26 23 of
1615 561 134 32 procedure,
1761 563 20 22 it
1791 562 46 23 will
1855 563 28 23 be

1292 602 55 16 seen
1357 616 4 3 .
1370 595 48 23 that
1440 595 39 23 the
1489 616 5 7 ,
1498 595 110 28 occasion,
1618 595 46 29 has,
1676 595 64 25 .been
1761 595 78 24 seized
1855 600 27 20 ,to

1292 628 78 23 attack
1386 628 39 23 the
1445 628 137 31 Company's
1587 633 5 7 1
1601 628 138 24 Executive.
1775 629 25 23 A
1809 629 74 24 desire

1292 665 22 19 to
1326 662 52 30 give
1389 661 45 24 fair
1444 661 61 32 play,
1517 661 93 24 induces
1621 670 29 15 us
1670 666 24 19 to
1717 662 89 23 abstain
1823 662 60 24 from

1291 694 96 32 making
1396 703 45 23 any
1452 695 103 24 remarks
1563 702 66 24 -upon
1637 694 46 24 this
1691 696 191 23 communication

1291 729 24 22 in
1326 727 40 25 the
1377 736 62 16 same
1451 728 96 24 number
1557 729 26 23 in
1592 728 74 24 which
1677 729 20 22 it
1708 736 104 23 appears.

119 905 170 25 SHIPPING
308 903 273 25 INTELLIGENCE.

279 948 140 21 ARRIVED.

86 978 50 22 Jan.
148 978 19 24 1,
177 976 119 27 brigantine
305 975 150 26 Abercrombie,
467 975 41 20 146
518 977 55 21 tons,
582 974 62 27 Capt.

59 1006 85 22 Devlin,
164 1004 55 21 from
242 1004 119 21 Auckland.
403 1002 152 27 Passengers—
556 1002 88 21 Messrs.

59 1034 84 25 Dudley
153 1032 89 21 Sinclair
251 1031 41 20 and
302 1031 126 20 Wilkinson.

87 1061 60 21 Same
158 1060 46 26 day,
215 1059 118 25 brigantine
347 1056 120 27 Vanguard,
479 1058 26 19 62
516 1059 56 23 tons,
582 1057 62 20 Mur-

57 1096 44 19 ray,
129 1088 54 20 from
214 1086 52 21 New
296 1086 118 26 Plymouth.
458 1085 113 25 Passenger
571 1095 28 5 —
599 1085 44 20 Mr.

57 1116 88 20 Wood*.

86 1143 48 21 Jan.
152 1143 20 23 4,
183 1142 104 20 schooner
306 1141 55 26 Gem,
378 1140 26 21 76
418 1142 57 23 tons,
486 1140 85 24 Pearce,
588 1140 55 21 from

57 1172 37 20 the
110 1171 103 19 Chatham
228 1169 92 23 Islands;
340 1174 67 20 cargo,
418 1168 46 26 pigs
481 1167 41 21 and
539 1169 104 25 potatoes.

58 1199 123 24 Passengers
182 1207 29 4 —
211 1197 43 20 Mr.
265 1196 99 24 Wallace,
376 1195 40 21 and
433 1195 48 21 four
496 1195 23 20 in
532 1196 36 19 the
578 1197 65 18 steer-

56 1233 45 19 age.

293 1261 114 21 SAILED.

315 1288 72 21 None.

282 1327 33 21 IN
331 1325 83 23 PORT.

111 1357 108 20 Schooner
228 1355 68 24 Anne,
301 1355 58 20 Joss.

111 1385 84 25 Barque
207 1384 64 25 Tyne,
282 1382 127 20 Robertson.

110 1423 3 5 .
201 1411 124 24 Middlesex,
336 1409 92 21 Salmon.

112 1439 76 21 Cutter
202 1438 115 21 Pickwick,
329 1437 92 22 Guillau.

112 1467 52 26 Ship
173 1467 123 22 Mandarin,
306 1465 71 20 Yuile.

110 1495 85 25 Barque
204 1493 101 24 Matilda,
315 1492 99 21 Roberts.

111 1522 108 20 Schooner
228 1521 78 24 Fidele,
317 1520 94 21 Salvator
421 1520 94 20 Cemino.

110 1550 84 25 Barque
204 1549 73 25 lieffia,
289 1548 74 20 Bruce.
389 1566 5 3 .

110 1576 123 26 Brigantine
243 1575 111 26 Mun/ord,
366 1575 62 26 Kyle.

111 1604 108 20 Schooner
228 1604 73 23 Mana,
311 1602 85 21 Barker.

108 1632 52 25 Brig
169 1632 110 22 Portenia,
289 1630 90 20 Frazier.

112 1660 64 24 Sloop
185 1659 69 26 Royal
263 1658 99 24 William,
374 1657 82 20 Lovett.

110 1686 123 26 Brigantine
242 1686 151 23 Abercrombie,
405 1683 83 29 Devlin.

246 1713 118 26 Vanguard,
376 1712 94 26 Murray.

111 1742 107 20 Schooner
231 1742 56 23 Gem,
299 1740 82 21 Pearce.

1326 785 51 25 The
1389 785 84 23 second
1486 786 70 23 Court
1568 785 26 23 of
1609 785 103 25 Quarter
1724 786 107 23 Sessions
1846 786 35 24 for

1291 818 39 23 the
1342 819 90 23 district
1443 819 26 23 of
1483 819 141 30 Wellington
1632 826 46 16 was
1689 818 54 24 held

1291 856 23 19 at
1325 851 39 24 the
1375 852 162 29 Court-house,
1549 848 78 27 before
1635 852 32 24 E.
1681 852 121 30 Halswell,
1811 853 68 31 Esq.,

1288 884 135 30 .Chairman,
1443 886 44 23 and
1500 886 36 23 the
1554 885 118 32 following
1686 885 98 32 justices
1802 886 25 23 of
1842 887 39 23 the

1289 926 85 23 peace:
1376 931 34 4 —
1411 919 68 31 Capt.
1507 919 37 23 W.
1563 919 36 24 M.
1622 919 85 27 Smith,
1727 919 76 29 R.A.,
1820 919 59 24 Geo.

1291 951 84 30 White,
1386 952 69 31 Esq.,
1465 953 45 23 and
1522 952 31 24 H.
1569 952 36 24 St.
1620 952 59 29 Hill,
1690 952 60 31 Esq.
1787 953 94 24 Several

1287 985 109 31 jurymen
1411 994 59 15 were
1489 985 60 24 fined
1566 986 37 23 £5
1621 985 37 24 for
1676 986 203 24 non-attendance.

1291 1018 51 24 The
1363 1019 123 23 Chairman
1505 1019 112 23 delivered
1635 1027 14 15 a
1665 1019 62 24 brief
1745 1020 93 23 address
1857 1025 23 19 to

1290 1051 39 24 the
1335 1052 62 31 jury,
1410 1053 113 31 referring
1531 1057 24 18 to
1568 1052 39 23 the
1615 1057 58 18 state
1683 1053 25 23 of
1717 1053 39 24 the
1766 1053 113 29 calendar,

1289 1085 75 23 which
1375 1086 87 30 though
1474 1091 40 19 not
1530 1086 73 31 heavy
1621 1086 25 23 in
1657 1087 67 30 point
1735 1086 25 24 of
1774 1087 105 29 number,

1289 1126 47 15 was
1349 1119 47 23 still
1409 1127 25 15 so
1450 1121 26 22 in
1493 1119 82 31 regard
1594 1123 22 20 to
1635 1120 79 23 crime.
1729 1132 2 5 •
1751 1119 50 24 The
1820 1125 61 19 most

1289 1152 124 31 important
1425 1161 59 20 case,
1498 1153 43 23 and
1552 1161 44 15 one
1607 1153 125 23 somewhat
1740 1161 104 16 common
1855 1155 25 22 in

1289 1185 46 23 this
1349 1186 96 30 Colony,
1458 1194 46 15 was
1516 1186 48 23 that
1576 1186 27 23 of
1610 1187 91 30 cutting
1713 1187 44 23 and
1768 1188 113 30 maiming

1289 1219 77 29 cattle,
1378 1219 74 23 which
1463 1219 74 24 would
1554 1219 98 24 demand
1669 1220 59 24 their
1740 1220 87 24 serious
1844 1225 35 19 at-

1288 1253 95 23 tention.
1421 1253 77 24 There
1509 1261 44 16 was
1570 1253 48 23 also
1629 1261 14 15 a
1653 1261 52 16 case
1718 1254 26 23 of
1749 1270 3 5 >
1757 1254 41 30 pig
1810 1254 69 23 steal-

1288 1286 47 30 ing,
1349 1286 45 24 and
1414 1294 14 15 a
1439 1286 83 31 charge
1531 1286 92 31 against
1643 1294 14 15 a
1674 1287 77 23 native
1765 1288 35 22 for
1811 1286 67 26 theft.

1289 1319 87 24 Should
1389 1320 19 23 it
1418 1328 68 15 occur
1497 1324 23 19 to
1530 1320 40 23 the
1578 1319 63 31 jury,
1652 1319 50 24 that
1709 1320 36 23 his
1756 1328 67 16 name
1834 1321 45 23 had

1287 1352 58 24 been
1357 1353 77 23 before
1445 1353 70 29 them,
1525 1361 28 15 on
1563 1361 14 15 a
1588 1354 106 31 previous
1702 1355 112 28 occasion,
1819 1354 60 31 .they

1288 1390 62 19 must
1368 1387 92 23 dismiss
1479 1387 49 23 that
1549 1387 60 23 from
1631 1387 61 23 their
1711 1387 85 29 minds,
1815 1395 26 16 as
1861 1388 18 23 it

1288 1420 76 23 would
1380 1420 29 23 be
1429 1420 80 31 totally
1523 1420 88 31 foreign
1631 1425 23 19 to
1674 1420 38 24 the
1731 1429 60 16 case.
1827 1421 52 24 The

1287 1453 93 24 learned
1391 1454 131 30 gentleman
1537 1458 24 19 to
1578 1454 77 23 whose
1675 1453 82 32 charge
1777 1455 38 22 the
1827 1462 51 16 case

1288 1486 75 24 would
1373 1487 29 23 be
1415 1487 135 29 committed,
1563 1487 77 24 would
1650 1487 117 24 doubtless
1780 1496 37 15 see
1828 1488 51 24 that

1287 1520 37 23 his
1335 1521 108 23 interests
1453 1521 75 23 would
1538 1521 29 23 be
1583 1521 125 30 protected.
1744 1522 77 23 There
1831 1529 47 16 was

1288 1553 94 24 another
1403 1562 60 21 case,
1492 1554 48 24 that
1558 1554 25 23 of
1604 1554 139 31 plundering
1762 1563 14 15 a
1792 1555 85 30 wreck,

1287 1587 75 23 which
1375 1587 76 24 would
1462 1587 97 24 demand
1570 1587 58 24 their
1643 1592 62 19 most
1723 1590 87 22 serious
1823 1597 54 15 con-

1288 1620 123 24 sideration
1421 1630 7 20 ;
1448 1621 45 23 and
1503 1621 54 23 with
1569 1621 63 23 these
1644 1622 62 22 brief
1721 1622 157 24 observations

1287 1653 29 24 he
1338 1655 75 23 would
1434 1655 96 31 proceed
1551 1659 24 19 to
1598 1655 38 23 the
1651 1654 122 33 'business^
1788 1656 26 23 of
1839 1656 49 23 the-

1289 1687 81 23 Court.

82 1796 46 21 The
140 1796 50 20 Gem
199 1796 66 26 spoke
276 1796 35 19 the
320 1795 65 23 Arab,
396 1794 36 21 the
443 1793 89 27 Captain
541 1792 25 21 of
573 1794 68 20 which

57 1823 99 28 reported
168 1823 78 26 having
261 1823 80 26 spoken
357 1822 35 20 tie
402 1822 109 26 Palmyra,
521 1822 72 19 bound
607 1822 34 20 for

53 1853 43 19 this
105 1854 49 24 port
162 1851 51 19 with
220 1851 120 26 emigrants.

80 1879 47 21 The
139 1879 94 20 Caroline
242 1884 42 14 was
293 1880 21 18 at
323 1877 37 20 the
371 1877 100 21 Chatham
481 1876 83 21 Islands
580 1877 61 22 when

54 1908 37 19 the
103 1907 49 19 Gem
162 1905 71 22 sailed.

226 1957 121 21 CUSTOM
362 1957 106 21 HOUSE.

296 2016 109 16 ■IMPORTS.

83 2040 100 22 Barque
347 2043 62 16 from
427 2038 104 20 Sydney.
532 2048 27 5 —
559 2039 23 19 J.
600 2039 42 19 and

58 2069 26 21 G.
96 2068 71 26 Wade,
176 2067 87 25 Agents.
264 2077 27 4 —
293 2067 24 19 80
328 2069 49 17 tuns
387 2066 84 25 shooks,
481 2067 13 19 4
506 2066 61 20 casks
574 2065 66 27 slops,

56 2096 26 20 74
93 2096 74 19 tierces
180 2095 55 24 beef,
246 2095 26 19 15
282 2094 78 20 barrels
376 2094 42 24 do.,
436 2094 27 20 39
479 2093 35 21 do.
534 2093 63 26 pork,
613 2095 27 19 28

55 2123 47 20 half
113 2123 74 19 tierces
197 2122 43 26 do.,
253 2123 25 19 11
296 2121 61 21 hhds.
367 2121 43 24 do.,
422 2120 39 24 12§
472 2123 49 18 tons
533 2121 62 24 flour,
613 2121 28 20 66

54 2150 51 26 bags
115 2156 69 19 sugar.
195 2150 26 20 34
232 2150 35 19 do.
285 2149 42 24 do.,
345 2149 27 20 26
386 2148 68 20 iwhale
470 2149 62 23 lines,
552 2149 13 19 3
583 2154 58 14 cas*s

55 2178 60 25 paint
126 2177 34 25 oil,
172 2178 12 19 8
195 2177 42 19 tins
247 2177 66 26 paint,
330 2177 25 20 10
366 2178 40 18 sets
418 2182 54 18 oars,
487 2176 27 20 60
524 2177 78 23 lances,
614 2176 26 20 60

54 2208 112 22 harpoons,
176 2205 14 19 4
200 2204 70 21 chests
280 2206 40 23 tea,
334 2204 25 19 10
369 2203 122 20 half-chests
502 2203 42 25 do.,
556 2204 27 19 10
590 2203 51 26 kegs

53 2232 78 25 butter,
144 2233 10 19 1
165 2232 65 19 trunk
239 2232 70 24 boots,
320 2232 12 19 1
343 2237 45 14 case
399 2231 63 26 slops,
472 2232 12 19 3
495 2237 58 14 cases
562 2230 77 26 bacon,

54 2261 13 19 8
79 2260 34 20 do.
124 2260 111 26 preserved
240 2258 71 25 fruits,
321 2259 77 24 38,000
407 2258 61 24 nails,
479 2259 28 20 22
515 2265 38 19 rag
561 2260 79 23 stones,

54 2288 27 20 23
91 2287 69 25 steels,
172 2287 27 20 66
214 2286 30 21 lb.
260 2286 60 22 nails,
336 2287 27 20 37
378 2286 52 20 boat
444 2285 82 26 knives,
545 2286 26 21 75
589 2286 52 26 bags

54 2316 62 20 flour,
315 2324 2 6 ■

207 2347 112 16 inwakds
320 2352 28 4 —
349 2345 139 18 coastwise.

82 2370 125 21 Schooner
322 2375 65 14 from
397 2369 122 20 Chatham
529 2368 111 21 Islands.

51 2408 29 5 —
81 2398 25 20 40
124 2400 49 18 tons
187 2399 97 25 potatoes
294 2396 42 21 and
343 2397 39 20 120
389 2396 53 27 pigs.
443 2407 29 4 —
472 2397 87 27 Agents,
573 2396 70 21 Willis

54 2425 47 21 and.
108 2425 34 21 Co.

71 2578 48 17 1841.

159 2556 51 16 Time
217 2556 20 17 of

153 2577 89 17 Observa-

173 2598 45 17 tion.

272 2566 54 16 Baro-

266 2588 63 15 meter.

347 2566 84 18 Thermo-

357 2589 62 15 meter.

458 2542 59 24 ifSi

460 2590 55 20 as*

557 2576 61 18 Wind.

60 2656 76 21 ?riday...

60 2720 23 16 lit

60 2781 78 21 Sunday..

60 2843 78 21 Monday.

177 2656 11 15 8

176 2677 54 20 Ip.m.

177 2698 10 14 5

176 2719 11 15 S

176 2740 52 19 Ip.m.

177 2781 11 16 8

177 2803 54 19 lp.m.

177 2824 11 14 5

177 2844 11 15 8

178 2865 52 20 lp.m.

177 2886 11 15 S

177 2907 11 15 8

176 2927 55 21 lp.m.

176 2970 11 14 8

177 2990 54 20 lp.m.

177 3012 10 14 5

178 3032 10 15 8

178 3052 54 20 lp.m.

178 3074 10 14 5

271 2656 58 16 29.502

272 2678 57 15 29.492

271 2698 59 16 29.500

270 2719 59 16 29.508

271 2740 60 16 29.524

272 2761 57 16 29.532

272 2803 59 15 29.636

272 2824 59 16 29.634

272 2844 58 16 29.620

272 2865 59 16 29.614

272 2886 59 17 29.600

273 2907 58 16 29.546

272 2928 60 16 29.584

272 2949 59 17 29.634

271 2970 59 16 29.732

272 2991 58 16 29.720

272 3012 59 16 29.704

272 3032 59 16 29.750

272 3053 59 17 29.700

272 3074 58 16 29.650

371 2657 27 16 64.

372 2678 27 16 66.

372 2699 27 16 65.

371 2720 38 17 64.5

371 2740 27 17 67.

371 2762 27 16 66.

371 2782 28 17 63.

372 2804 27 16 66.

372 2825 37 16 62.5

364 2845 35 19 .61.

373 2865 26 17 64.

373 2887 36 17 62.5

373 2908 36 17 62.5

373 2930 26 15 66.

373 2951 27 15 65.

373 2972 27 15 66.

373 2992 37 16 64.5

373 3012 27 17 67.

373 3034 36 16 60.5

372 3055 28 16 63.

373 3076 36 16 61.5

467 2679 38 17 0.49

457 2741 58 18 None.

458 2804 59 18 Ncue.

458 2867 58 17 None.

536 2656 24 17 N.
566 2657 24 21 by
597 2657 28 17 W.

537 2676 22 19 N.
567 2678 24 20 by
599 2678 26 17 W.

536 2697 24 18 N.
569 2699 23 20 by
599 2699 28 17 W.

536 2719 24 18 N.
567 2720 24 20 by
599 2721 27 16 W.

537 2740 84 21 N.byW.

537 2761 23 17 N.
569 2762 23 21 by
599 2763 28 16 W.
638 2761 2 6 '

537 2782 23 17 N.
567 2782 24 21 by
599 2783 28 19 \V.

537 2803 24 17 N.
568 2803 24 21 by
599 2804 28 17 W.

537 2824 25 17 N.
568 2825 24 20 by
599 2825 28 18 W.

538 2844 23 18 N.
568 2846 24 20 by
599 2846 27 17 W.

538 2866 23 17 N.
569 2866 24 21 by
600 2867 28 18 W.

538 2886 23 18 N.
569 2888 23 20 by
600 2888 28 17 W.

538 2908 24 17 N.
568 2909 24 20 by
600 2909 28 17 W.

538 2928 24 17 N.
568 2929 24 21 by
599 2929 29 18 W.

538 2949 23 17 N.
569 2951 24 20 by
599 2951 28 17 W.

537 2970 103 24 Northerly.

537 2992 102 23 Southerly.

538 3013 101 23 Southerly.

539 3034 102 23 Northerly.

538 3056 103 22 Southerly.
650 3059 3 21 ;

538 3077 104 15 Northerly.
650 3074 3 6 '

60 2906 78 20 Cucsilay

458 2929 59 18 None.

60 2968 38 17 iVed

468 2993 38 16 0.56

60 3031 54 17 Chilis
120 3043 17 4 ...

468 3056 37 16 o.ei

64 3125 75 21 Friday...

178 3121 19 20 8'

178 3167 54 20 Ip.m.

387 3108 126 17 REMARKS.

258 3127 66 20 Strong
336 3128 61 16 breeze
412 3128 35 17 and
461 3134 44 15 very
518 3130 41 16 fine.
581 3130 65 21 Heavy
649 3130 4 20 |

280 3148 38 15 rain
327 3152 42 13 soon
377 3149 44 19 after,
429 3152 36 14 sun
472 3150 42 17 rise.
590 3156 17 14 •;>
650 3155 2 4 '

259 3168 65 20 Strong
331 3169 66 20 squalls
404 3170 36 16 and
448 3174 43 18 very
498 3171 41 17 line.

178 3208 10 16 5

259 3209 66 20 Strong
333 3210 61 17 breeze
402 3211 35 17 and
444 3212 41 17 fine.

64 3251 22 16 lat

178 3250 11 16 8

302 3250 34 18 Do.
377 3252 33 17 Do.
453 3253 34 18 Do.

178 3292 54 20 Ip.m.

303 3292 36 17 Do.
380 3294 34 17 Do.
456 3295 35 18 Do.
657 3293 1 31 j

179 3334 9 15 5

260 3333 73 17 Violent
340 3335 72 20 squalls,
418 3335 88 23 inclining
512 3339 19 16 to
535 3339 46 17 rain.

64 3375 77 20 lunday..

179 3375 10 16 8

260 3375 65 20 Strong
331 3375 62 18 breeze
400 3377 37 16 and
443 3382 43 17 very
493 3379 36 17 fine

180 3417 53 20 Ip.m.

301 3416 35 17 Do.
379 3418 33 17 Do.
454 3419 33 17 Do.
657 3416 1 17 i

178 3459 11 14 s

261 3457 71 18 Violent
339 3459 67 21 squalls
411 3460 37 16 and
455 3460 88 23 inclining
548 3464 20 16 to
576 3464 44 18 rain.
657 3474 1 2 ■

73 3499 68 21 tonday.

179 3500 11 15 8

256 3492 2 23 I
261 3499 65 21 Strong
331 3500 62 17 breeze
401 3501 36 16 and
444 3506 42 17 very
495 3504 42 17 fine.

181 3541 53 20 Ip.m.

303 3541 34 17 Do.
379 3539 41 30 Do^'
455 3543 35 18 Do.

304 3583 11 1 _

179 3583 11 15 j

303 3583 34 17 Do.
379 3583 33 17 Do.
454 3584 35 18 Do.

181 3624 10 16 8

303 3624 35 17 Do.
379 3625 32 17 Do.
455 3626 34 18 Do.

181 3665 54 20 Ip.m.

284 3657 4 3 •

304 3665 35 17 Do.
380 3666 34 17 Do.
456 3668 35 17 Do.

181 3707 11 15 5

304 3706 34 17 Do.
380 3707 33 18 Do.
456 3708 33 18 Do.

58 3748 81 17 Wed.....

181 3748 11 15 8

263 3747 54 21 Light
322 3748 28 17 air
355 3748 37 17 «nd
399 3753 43 17 very
447 3750 42 17 fine.
651 3763 3 8 ,

183 3790 54 20 Ip.m.

265 3788 91 18 Moderate
380 3790 34 17 Do.
456 3791 35 18 Do.

183 3831 10 16 S

305 3830 34 17 Do.
381 3831 33 18 Do.
457 3832 35 18 Do.

105 3849 12 8 •

58 3870 87 19 Tburs...

182 3872 11 15 8

265 3871 52 21 light
379 3873 34 17 Do.
453 3874 38 17 and
498 3875 46 17 rain.

184 3913 54 19 lp.rn.

264 3908 4 3 •
306 3913 15 3 _
380 3912 15 4 _

305 3913 35 17 Do.
380 3912 36 19 Do.
458 3915 33 17 Do.
502 3927 4 3 •
579 3927 3 4 .

185 3953 10 16 {

261 3944 5 27 I
307 3953 35 18 Do.
382 3955 34 17 Do.
458 3956 35 18 Do,

160 141 239 27 GOVERNMENT
418 139 135 25 NOTICE.

373 173 73 22 Police
457 172 79 25 Office,

265 200 142 27 Wellington,
417 199 40 23 3rd
467 197 108 29 January,
586 198 61 23 1841.

187 227 84 27 Fifty.
275 228 113 21 Pounds
400 226 124 22 Reward.

63 254 203 52 WHEItEAS,
282 254 37 21 the
334 254 60 26 body
403 253 26 21 of
435 251 122 25 Archibald
567 251 79 26 Milne,

161 283 25 21 of
198 282 43 21 this
250 282 70 26 place,
331 287 45 14 was
385 279 69 22 found
463 287 28 14 on
503 278 38 22 the
546 278 55 21 road
611 278 37 21 be-

63 315 73 17 tween
152 308 137 28 Wellington
300 307 44 22 and
360 306 84 26 Petoni,
455 313 28 14 on
494 306 38 21 the
546 304 102 22 fifteenth

63 339 27 20 of
106 336 124 22 December
246 335 49 25 last,
313 334 45 21 and
374 333 29 27 by
420 332 38 22 the
473 332 86 21 verdict
573 331 26 22 of
609 331 39 21 the

63 364 117 22 Coroner's
190 362 64 27 Jury,
266 359 155 29 empannelled
436 362 22 18 to
468 359 91 27 enquire
569 357 78 23 touch-
654 362 2 31 j

61 391 40 27 ing
111 390 37 21 the
159 396 66 15 cause
236 388 25 21 of
267 388 35 21 his
311 386 72 27 death,
394 386 18 21 it
421 393 43 14 wa3
477 385 71 22 found
561 385 50 21 that
618 383 37 24 he.!

63 425 43 14 was
116 415 120 23 murdered
249 415 31 27 by
289 421 61 15 some
365 419 79 22 person
461 419 25 15 or
499 418 93 21 persons
605 418 43 15 un-
654 409 2 37 j

62 444 90 21 known.
181 442 80 22 Notice
271 442 19 21 is
301 439 83 28 hereby
394 440 73 26 given,
479 439 50 21 that
538 445 13 14 a
562 437 90 22 reward'

61 471 28 21 of
95 470 49 27 fifty
153 468 88 28 pounds
254 468 45 21 will
309 468 27 21 be
409 470 22 17 to
440 473 44 19 any
493 472 80 20 person
585 465 61 26 (save

62 496 44 23 and
117 499 80 24 except
206 503 45 19 any
261 498 62 24 party
333 493 97 27 actually
440 491 125 23 concerned
574 491 35 26 in,
609 491 38 21 the

62 523 99 25 murder)
173 522 49 21 who
232 521 55 22 shall
298 521 49 27 give
355 520 54 22 such
417 519 144 22 information
569 525 24 14 as
602 517 47 22 will

61 550 51 22 lead
126 553 24 18 to
164 549 37 22 the
218 547 126 24 conviction
360 547 25 21 of
396 546 38 22 the
448 548 66 25 party
527 552 26 15 or
565 545 83 27 parties

59 577 73 27 guilty
141 576 27 22 of
174 575 37 22 the
222 574 47 23 said
280 574 102 22 murder.'

256 602 108 21 Michael
380 600 109 25 Murphy,

119 644 4 8 t
153 648 4 5 .
173 634 27 19 [;)
218 643 3 7 t
320 627 68 22 Chief
396 626 72 21 Police
479 623 139 29 Magistrate.
641 647 5 4 .

326 663 238 29 Surveyor-General's
574 663 71 28 office,

363 693 32 5 —
407 691 171 25 Dee/24,~1841.

61 719 146 50 NOTICE
214 719 41 22 'IS
280 717 126 23 HEREBY
427 717 108 26 GIVEN;
552 716 50 22 that
615 723 31 15 no

128 746 65 22 lands
202 746 45 21 will
257 746 28 21 be
302 745 82 22 offered
399 745 35 21 for
449 744 108 22 selection
573 743 24 22 in
608 743 38 22 the

50 785 4 19 ;
60 775 48 22 first
126 774 43 21 and
195 773 111 27 principal
329 772 134 26 settlement,
484 778 30 14 on
538 770 38 22 the
590 770 62 22 'first

50 799 126 28 'Thursday
186 800 24 21 in
221 799 108 27 January.
516 807 3 13 i

267 825 170 26 W.<M..Smith,
449 825 63 27 Capt.
522 823 76 27 E.A.,-

416 849 228 29 Surveyor-General.
